4040 6282
191 326 297 380 υτπ

1259 315 1537 372 ΝσΤιΊΙΑ
1568 310 1779 367 CODD.
1822 308 2212 376 MOSQUI‘INSI
2225 309 2341 363 [Μ.

3337 299 3447 353 πε

193 441 278 495 Et
305 440 400 493 hoc
431 438 606 492 codice
634 438 810 491 varias
836 436 1082 490 lectiones
1113 437 1165 489 in
1198 435 1295 489 hac
1324 434 1556 488 editione
1589 428 1766 484 notari
1795 429 1840 484 A
1873 424 2126 481 foliorum
2159 440 2359 480 ccxxv.
2389 437 2515 477 smc.
2551 438 2601 475 xi
2636 429 2729 474 aut
2754 436 2848 474 xu.
2884 419 3146 474 Continet
3181 431 3287 471 xxv
3322 398 3447 469 o‘ra-

436 518 485 563 et
512 506 717 563 Nicetw
742 510 1182 561 commentarium
1213 504 1335 559 inde
1360 504 1526 561 edidi.

259 603 322 657 Β.
368 602 554 658 Codex
604 600 682 669 (5)
721 601 1173 656 membranaceus
1222 614 1349 655 saec.
1411 612 1466 650 ιι
1526 602 1620 649 aut
1670 608 1769 648 xu.

187 697 451 752 Continet
500 696 533 751 9
582 694 867 748 orationes
916 708 1040 747 cum
1097 690 1494 746 commentario
1543 688 1769 742 Nicetan

186 786 344 841 Folia
387 787 555 842 habet
599 786 724 840 495.
762 784 1024 839 Servatur
1058 784 1110 839 in
1157 783 1485 837 bibliotheca
1520 778 1773 834 tabularii

189 879 495 949 Imperialis
522 876 862 947 Mosquensis
887 876 973 946 (In
993 876 1086 929 der
1112 875 1405 929 Bibliothek
1435 857 1525 927 des
1559 871 1773 927 Reichs-

190 972 460 1041 Archivs).
500 969 674 1040 Hujus
717 986 877 1039 usum
912 970 1084 1026 debeo
1114 968 1396 1025 Gerhardo
1430 966 1710 1021 Friderico
1743 980 1774 1019 a

191 1063 414 1126 bfuller,
441 1063 656 1119 Rossici
688 1063 902 1132 imperii
938 1062 1253 1119 consiliario
1270 1071 1470 1123 status,
1499 1060 1616 1114 viro
1646 1074 1775 1130 per-

188 1157 394 1211 illustri
426 1165 481 1210 et
511 1155 960 1225 generosissimo.
1106 1207 1117 1218 ,

256 1246 395 1301 Ista:
426 1247 708 1300 orationes
742 1246 845 1299 hoc
883 1245 1077 1299 ordine
1108 1246 1370 1314 leguntur
1398 1261 1410 1297 :

261 1334 317 1402 1)
361 1332 476 1387 Fel.
520 1334 568 1388 I.
613 1334 983 1397 Ἀναστάσεως
1021 1335 1225 1406 ἡμέρα.

257 1425 318 1496 2)
365 1422 481 1478 Fol.
515 1423 600 1477 18.
640 1422 763 1475 Ἐπὶ
786 1422 885 1491 τῆς
921 1422 1167 1494 φυλακῆς
1198 1443 1321 1494 μου.

259 1514 319 1582 3)
363 1512 483 1567 Fol.
523 1514 644 1567 140.
688 1512 967 1581 Ἐγκαίνια
994 1514 1279 1586 τιμᾶσθαι.

257 1606 319 1675 λι)
361 1604 477 1659 Fol.
517 1606 636 1660 ΗΞ.
676 1607 811 1675 Περὶ
837 1606 937 1676 τῆς
976 1607 1170 1676 ἑορτῆς
1198 1605 1424 1677 βραχέα.

258 1697 322 1765 5)
364 1696 478 1751 Fol.
518 1698 644 1752 E229.
689 1699 752 1750 Τί
782 1698 839 1751 δὲ
866 1699 915 1751 oi
950 1698 1321 1752 Μακκαϐαἰοι.

254 1786 320 1856 6)
366 1786 480 1840 Fol.
518 1787 646 1841 265.
690 1788 904 1860 Μικροῦ
938 1791 1276 1861 Κυπριανὸς.

262 1879 323 1950 7)
367 1878 480 1934 Fol.
522 1880 649 1934 297.
691 1881 786 1944 Τίς
819 1885 851 1953 ἡ
882 1884 1159 1954 τυραννίς.

263 1970 322 2039 8)
369 1971 485 2025 Fol.
529 1973 654 2028 550.
698 1975 940 2043 Χριστὸς
979 1978 1257 2043 γεννᾶται.

262 2065 325 2131 9)
370 2062 486 2118 Fol.
529 2065 655 2119 374i.
701 2066 968 2135 Ἐμελλεν
1003 2066 1112 2138 ἄρα
1149 2067 1368 2131 πολλάς.

267 2156 332 2211 In
369 2157 475 2211 hac
504 2158 761 2213 oratione
780 2158 1027 2229 quaedam
1058 2160 1112 2213 in
1142 2161 1248 2216 line
1268 2160 1609 2217 exciderunt.
1644 2161 1778 2216 Nam

197 2264 329 2317 qua:
358 2249 414 2302 in
440 2248 681 2303 editione
701 2248 958 2305 Parisina
986 2249 1148 2314 1609,
1177 2267 1300 2322 pag.
1335 2251 1439 2306 572
1465 2252 1527 2317 Α,
1560 2268 1588 2306 a
1621 2268 1780 2308 voca-

196 2342 351 2398 bulis
384 2342 479 2396 xal.
507 2341 862 2414 προστίθεται
901 2346 1011 2407 τοῖς
1044 2343 1285 2414 ἱερεῦσιν
1312 2344 1341 2395 6
1384 2344 1675 2418 ἀρχιερεύς
1707 2345 1781 2401 le-

191 2442 429 2506 guntur,
460 2450 526 2490 ea
554 2435 642 2489 hic
669 2435 725 2490 in
758 2434 951 2491 codice
984 2450 1014 2489 a
1043 2451 1205 2490 manu
1232 2438 1546 2504 recentiori,
1577 2439 1782 2496 omissa

198 2529 662 2598 interpretatione
698 2526 921 2591 Nicetaa,
954 2528 1191 2598 ascripta
1224 2538 1372 2584 sunt.

276 2619 346 2671 C.
387 2617 574 2672 Codex
609 2617 955 2672 bibliothecae
981 2618 1057 2686 (6)
1090 2619 1453 2674 sanctissima:
1473 2617 1702 2691 Synodi,
1728 2620 1782 2675 in

198 2709 359 2775 folio,
387 2726 540 2763 num.
574 2707 752 2769 LVIII.
789 2711 1266 2775 membranaceus,
1302 2710 1556 2765 foliorum
1585 2727 1782 2776 cccc",

198 2815 335 2854 saec.
372 2815 425 2853 ix
456 2799 557 2871 (7).
603 2800 862 2855 Continet
912 2817 1039 2855 xux
1066 2803 1343 2857 orationes
1372 2818 1498 2858 cum
1534 2804 1783 2861 scholiis.

199 2891 333 2946 Fuit
350 2892 629 2961 quondam
651 2893 704 2946 in
727 2893 1059 2949 monasterio
1081 2893 1356 2948 lhcrorum
1377 2896 1573 2951 montis
1590 2896 1785 2952 Athus.

200 2981 345 3037 Nam
375 2983 469 3037 fol.
514 2985 539 3038 1
574 2984 791 3053 legitur,
834 2983 941 3037 τῶν
972 2984 1220 3055 Ἰϐήρων.
1248 2983 1303 3037 1η
1347 2984 1451 3039 ﬁne
1489 2990 1789 3056 plerarum-

1876 519 2053 571 tiones
2085 516 2160 587 (9)
2200 532 2325 569 cum
2354 514 2579 570 scholiis
2628 511 2929 566 nonnullis.
2967 508 3067 565 Hic
3101 522 3128 561 a
3180 507 3450 577 principio

1873 618 1960 663 est
2012 608 2262 662 mutilus.
2298 605 2630 660 Exciderunt
2679 603 2823 658 enim
2884 609 3120 671 quatuor
3170 601 3449 656 orationes
3548 674 3555 681 ‘

1875 716 2000 754 cum
2048 699 2209 753 initio
2256 699 2479 767 quintae.
2527 695 2733 750 Prmtcr
2785 698 2920 748 istas
2973 691 3255 747 orationes
3313 706 3453 745 con-

1877 795 2014 847 tinet
2046 811 2058 845 :

1948 886 2000 955 a)
2041 882 2364 954 Exemplum
2393 879 2731 935 Testamenti
2761 876 3014 948 Gregorii
3048 875 3398 930 Nazianzeui.

1944 978 2000 1047 b)
2043 976 2150 1029 Τοῦ
2210 976 2270 1027 ἐν
2320 972 2498 1041 ἁγίοις
2537 969 2753 1041 Πατρὺς
2799 968 2955 1039 ἡμῶν
3008 966 3310 1038 Γρηγορίου
3357 964 3452 1019 τοῦ

1874 1066 2145 1135 Θεολὸγου
2180 1065 2441 1133 ἐξήγησιν
2492 1062 2600 1115 τῶν
2633 1060 2936 1129 ἐπιταφίων
2968 1056 3217 1129 ἱστοριῶν
3259 1056 3354 1109 τοῦ
3398 1060 3454 1109 ἐν

1875 1160 2054 1228 ἁγίοις
2082 1157 2299 1228 Πατρὸς
2323 1155 2480 1227 ἡμῶν
2504 1154 2783 1208 Βασιλείου
2810 1153 2904 1205 τοῦ
2937 1151 3195 1221 μεγάλου.
3222 1149 3414 1220 Incipit
3438 1168 3451 1203 :

1878 1250 2077 1323 Πρώτη
2113 1249 2262 1302 ἐστὶν
2286 1247 2498 1319 ἱστορία
2526 1249 2562 1317 ἡ
2596 1246 2724 1317 περὶ
2754 1244 2862 1298 τῶν
2893 1244 3221 1297 Πελοπίδων.

1950 1343 2008 1395 1η
2044 1340 2223 1396 fronte
2270 1339 2385 1394 folii
2415 1354 2445 1392 a
2483 1353 2646 1392 manu
2702 1336 2992 1393 recentiori
3050 1336 3286 1405 legitur:
3342 1335 3456 1387 Οὐκ

1875 1436 2026 1488 ἔστιν
2056 1433 2195 1505 αῦτη
2227 1436 2260 1504 ἡ
2294 1432 2553 1504 ἐξήγησις
2581 1430 2677 1482 τοῦ
2720 1430 2923 1498 Ἀγίου,
2949 1428 3085 1482 ἀλλὰ
3113 1429 3333 1482 Νώννου
3362 1426 3456 1480 τοῦ

1878 1520 2044 1583 ἁὸὄᾶ.

1950 1618 2002 1690 c)
2046 1618 2377 1688 Συναγωγὴν
2408 1617 2501 1669 καὶ
2528 1615 2810 1685 ἐξήγησιν,
2834 1608 2908 1669 ὧν
2930 1612 3175 1685 ἐμνήσθη
3209 1609 3458 1681 ἱστοριῶν

1878 1715 1907 1765 6
1930 1714 1987 1765 ἐν
2016 1712 2196 1779 ἁγίοις
2229 1711 2527 1781 Γρηγόριος
2561 1713 2617 1762 ἐν
2654 1709 2731 1781 τῷ
2765 1711 2870 1775 Εῑς
2903 1708 2975 1761 τὰ
3007 1704 3176 1760 Φῶτα
3204 1704 3367 1774 λόγῳ,
3398 1697 3458 1757 οῦ

1804 1777 1848 1830 Β
1880 1801 1912 1870 ἡ
1943 1777 2085 1871 ἀρχή
2110 1817 2122 1829 ·
2153 1777 2339 1853 Πάλιν⁷
2357 1777 2563 1870 Ἰησοῦς
2587 1801 2615 1853 6
2645 1777 2797 1869 ἐμός.
2829 1797 3019 1867 Incipit
3038 1814 3057 1849 ι
3086 1793 3284 1866 Πρώτη
3313 1794 3459 1846 ἐστὶν

1880 1892 2093 1964 ἱστορία
2121 1893 2154 1961 ἡ
2186 1892 2316 1964 περὶ
2344 1892 2444 1962 τῆς
2472 1892 2655 1961 γονῆς.

1950 1985 2009 2053 (1)
2067 1983 2174 2038 Τοῦ
2221 1986 2280 2037 ἐν
2332 1984 2508 2051 ἁγίοις
2558 1983 2771 2055 Πατρὸς
2818 1981 2976 2052 ἡμῶν
3017 1982 3055 2034 Γ
3062 1980 3315 2053 ρηγορίου
3362 1977 3458 2030 τοῦ

1879 2075 2140 2144 Θεολόγου
2170 2075 2431 2145 ὲξήγησιν
2469 2074 2578 2127 τῶν
2623 2074 2681 2125 ἐν
2726 2073 2802 2143 τῷ
2837 2071 3039 2143 πρώτῳ
3069 2067 3460 2142 στηλιτευτικῷ

1883 2166 2134 2238 ἱστοριῶν
2185 2166 2334 2220 κατὰ
2384 2165 2709 2219 Ἰουλιανοῦ
2756 2164 2862 2218 τοῦ
2907 2162 3269 2232 παρίιὸἁτου.
3320 2161 3462 2215 Ιηοὶο

1885 2260 1962 2329 pit
1996 2258 2146 2328 (I0):
2180 2257 2353 2325 Λόγος
2382 2257 2410 2307 ὁ
2445 2256 2864 2327 στηλιτευτικός.
3246 2270 3253 2287 τ

1958 2350 2008 2422 e)
2057 2350 2352 2420 Ἐξήγησιν
2382 2349 2489 2402 τῶν
2515 2350 2575 2401 ἐν
2602 2348 2680 2418 τῷ
2721 2346 2762 2417 β’
2793 2348 2954 2418 λόγῳ.
2989 2347 3188 2417 Incipit
3217 2364 3231 2400 :
3263 2342 3461 2416 Πρώτη

1883 2444 2032 2497 ἐστὶν
2062 2443 2174 2513 (II)
2206 2440 2419 2511 ἱστορία
2444 2444 2476 2510 ἡ
2512 2440 2640 2512 περὶ
2664 2438 2757 2492 τοῦ
2786 2439 3238 2511 (11⁸)Ἀριάδνης.

1962 2536 2003 2607 f)
2051 2535 2371 2602 Δοξολογίαν
2405 2534 2498 2587 τοῦ
2528 2533 2686 2602 ἁγίου
2714 2531 3015 2604 Γρηγορίου
3044 2530 3139 2585 τοῦ
3178 2531 3462 2601 Θεολόγου.

1886 2628 2085 2697 Incipit
2115 2626 2226 2696 (η)
2253 2642 2264 2677 :
2302 2625 2369 2677 Σὲ
2409 2624 2501 2676 καὶ
2528 2622 2622 2676 νῦν
2652 2621 3006 2692 εὐλογοῦμεν.

1956 2714 2085 2769 Fuit
2141 2714 2232 2769 hic
2286 2713 2459 2767 codex
2512 2712 2641 2766 olim
2702 2711 2754 2763 in
2791 2711 3121 2765 bibliotheca
3174 2710 3231 2764 S.
3273 2709 3466 2766 Lauta:

1891 2806 2203 2870 Athanasii,
2239 2805 2381 2875 quod
2419 2819 2483 2859 ex
2533 2804 2637 2857 hac
2675 2812 2823 2867 nota,
2860 2818 2980 2873 quae
3012 2804 3066 2856 in
3113 2804 3304 2856 ultimo
3338 2803 3468 2857 folio

1892 2897 2111 2968 legitur,
2146 2895 2472 2966 intelligitur
2501 2912 2513 2947 :
2547 2894 2610 2946 Οἱ
2642 2899 2732 2964 μη¹
2767 2896 2838 2957 (i.
2884 2908 2933 2947 e.
2964 2893 3062 2961 48)
3095 2893 3468 2961 ἀναγινωσκό-

1896 3005 2046 3059 μενοι
2081 2987 2230 3056 λόγοι
2273 2986 2367 3039 τοῦ
2411 2988 2468 3039 ὲν
2515 2984 2691 3053 ἁγίοις
2723 2984 2937 3052 Πατρὸς
2964 2983 3122 3055 ἡμῶν
3165 2985 3463 3056 Γρηγορίου

200 3091 314 3147 que
347 3076 655 3129 orationum
702 3076 789 3129 hic
832 3075 1007 3130 notati
1044 3083 1173 3130 sunt
1207 3076 1400 3147 στίχοι,
1436 3087 1494 3131 ut
1528 3079 1582 3132 in
1628 3079 1778 3135 codi-

1894 3081 1985 3135 τοῦ
2017 3080 2297 3147 Θεολόγου.
2330 3078 2444 3145 (15)
2473 3076 2683 3129 Βιϐλίον
2716 3076 2817 3146 τῆς
2844 3083 2893 3144 γ’
2927 3075 3148 3138 θέσεως.

202 3168 370 3223 cibus
399 3165 464 3222 V.
496 3177 550 3222 et
604 3167 667 3221 Ν.
702 3167 1062 3222 Testamenti.
1117 3166 1250 3223 Post
1302 3170 1605 3223 orationem
1650 3186 1787 3240 qua-

203 3258 577 3329 dragesimam
607 3274 833 3323 nonam,
868 3257 999 3313 folio
1027 3258 1132 3313 402
1164 3274 1344 3321 verso,
1381 3260 1581 3331 legitur
1612 3263 1788 3318 oratio

203 3368 235 3405 a
266 3368 435 3407 manu
458 3351 750 3408 recentiori
772 3366 900 3406 διες.
926 3367 1016 3414 xv,
1034 3354 1199 3421 cujus
1220 3352 1308 3407 hic
1328 3360 1412 3409 est
1438 3354 1629 3409 index:
1652 3354 1794 3426 Πρὸς

206 3445 486 3516 Εὐὰγριον
521 3444 752 3516 μοναχὸν
778 3445 905 3516 περὶ
921 3444 1206 3515 Θεότητος.
1238 3445 1465 3516 Incipit:
1493 3447 1703 3518 Σφόδρα
1736 3464 1794 3500 σε

206 3536 506 3607 θαυμάζω.
538 3536 661 3591 Παξο
694 3537 749 3590 in
790 3537 894 3591 line
914 3546 996 3591 est
1025 3538 1235 3591 mutila.
1262 3536 1550 3607 cheritur
1580 3554 1797 3609 quoque

207 3631 289 3683 ibi
321 3629 393 3683 ab
437 3628 624 3684 eadem
686 3645 848 3682 manu
890 3629 1005 3682 haec
1053 3637 1223 3684 nota:
1268 3631 1496 3694 ’1στέον.
1532 3633 1615 3684 ὅτι
1653 3634 1798 3687 κατά

209 3739 369 3785 τινας
396 3723 423 3773 6
451 3720 607 3789 λόγος
638 3713 794 3785 οὗτος
826 3721 1252 3792 ἀμφιϐάλλεται.
1288 3723 1344 3777 In
1369 3723 1533 3779 editis
1569 3736 1653 3781 est
1681 3742 1800 3780 ora-

214 3813 291 3864 tio
323 3807 488 3861 XLV.
519 3808 701 3881 [Nunc
736 3810 877 3864 inter
905 3811 1169 3881 epistolas
1198 3813 1454 3881 reposita,
1478 3814 1565 3871 ed.
1592 3814 1796 3872 Bened.

211 3913 356 3956 tom.
387 3902 451 3964 ll,
477 3920 559 3972 ep.
585 3904 712 3966 215,
745 3905 813 3958 ad
842 3892 1148 3976 Evagrium.
1181 3904 1380 3978 Eum]

291 3993 361 4047 D.
403 3994 591 4049 Codex
620 3995 862 4065 ejusdem
890 3996 1236 4052 bibliotheca:
1262 3998 1316 4051 in
1346 3998 1461 4062 fol.,
1485 4013 1635 4055 num.
1662 3997 1801 4067 LIV,

217 4088 703 4152 membranaceus,
741 4102 866 4144 δαῖε.
914 4104 1001 4152 x1,
1053 4086 1310 4143 foliorum
1350 4102 1654 4145 cccxcxvu.
1703 4089 1803 4147 Hic

223 4182 361 4235 olim
393 4179 495 4234 fuit
526 4181 579 4235 in
611 4180 948 4237 monasterio
967 4181 1271 4252 Batonedii,
1302 4188 1363 4236 ut
1392 4180 1488 4236 fol.
1519 4181 1554 4234 2
1584 4182 1798 4253 legitur.

219 4274 489 4329 Continet
514 4290 549 4328 ι.
584 4276 861 4330 orationes
892 4289 1020 4329 cum
1052 4275 1282 4330 scholiis
1307 4274 1405 4345 (8).

300 4365 368 4421 Ε.
399 4365 581 4421 Codex
600 4361 847 4431 ejusdem
874 4366 1223 4422 bibliotheca:
1249 4382 1402 4421 num.
1430 4365 1540 4431 LV,
1565 4367 1618 4421 in
1651 4365 1800 4432 folio,

1963 3170 2028 3224 F.
2067 3170 2247 3225 Codex
2275 3168 2520 3239 ejusdem
2547 3167 2886 3221 bibliotheca:
2919 3182 3071 3221 num.
3095 3165 3227 3232 LVI,
3254 3168 3309 3220 in
3346 3165 3464 3230 fol.,

1898 3262 2151 3317 foliorqu
2187 3275 2398 3320 ()CC‘WI.
2429 3261 2670 3329 scriptus
2702 3268 2786 3313 est
2820 3260 2874 3312 in
2908 3259 3097 3312 charta
3142 3260 3465 3330 Lombycina

1900 3372 2029 3412 saec.
2059 3372 2127 3410 xv
2151 3363 2245 3409 aut
2273 3370 2382 3410 xw.
2410 3352 2673 3408 Continet
2706 3368 2793 3407 xvi
2819 3353 3095 3406 orationes
3116 3368 3238 3406 cum
3269 3352 3468 3407 Nicetae

1897 3449 2365 3519 interpretatione.
2430 3447 2530 3501 Hic
2589 3448 2758 3503 variis
2803 3448 2857 3501 in
2912 3449 3045 3502 locis
3102 3465 3132 3502 a
3194 3447 3469 3503 vermibus

1898 3541 2132 3597 adrosus
2166 3546 2270 3595 est.

1968 3630 2035 3685 G.
2076 3631 2259 3685 Codex
2284 3630 2529 3701 ejusdem
2555 3629 2900 3684 bibliothecae
2929 3630 2980 3681 in
3009 3628 3079 3683 fol
3113 3671 3125 3685 .
3152 3645 3306 3684 num.
3333 3627 3469 3693 LIX,

1900 3723 2378 3787 membranaceus,
2432 3739 2558 3779 saec.
2592 3739 2621 3777 x
2657 3730 2753 3776 aut
2792 3736 2869 3786 χι,
2916 3722 3169 3776 foliorum
3205 3736 3467 3776 ποιων.

1898 3816 2159 3873 Continet
2190 3817 2469 3872 orationes
2515 3830 2668 3871 χχχι.
2700 3816 2903 3877 Prima,
2940 3830 3060 3884 quae
3090 3821 3171 3868 est
3206 3815 3259 3867 in
3289 3812 3473 3869 Cresa-

1902 3908 2039 3960 rium
2073 3908 2316 3976 fratrem,
2348 3922 2376 3960 a
2405 3906 2677 3975 principio
2706 3913 2791 3960 est
2826 3906 3040 3959 mutila.

1974 4000 2039 4056 Il.
2080 3999 2261 4055 Codex
2295 4000 2540 4069 ejusdem
2576 3998 2919 4054 bibliothecae
2953 4014 3104 4051 num.
3130 3996 3240 4063 LX,
3268 3997 3323 4051 in
3352 3996 3473 4062 fol.,

1900 4091 2245 4152 chartaceus,
2286 4104 2413 4143 saec.
2448 4104 2561 4143 xw.
2592 4088 2848 4141 Continet
2880 4086 2934 4139 in
2970 4085 3113 4140 foliis
3143 4101 3319 4140 cccxu
3351 4101 3477 4140 ora-

1906 4184 2084 4237 tiones
2112 4197 2203 4235 xvx
2235 4196 2358 4235 cum
2382 4180 2779 4234 commentario
2801 4176 3020 4231 Nicetae.
3039 4175 3164 4230 Fuit
3186 4177 3273 4230 hic
3304 4178 3473 4231 codex

1905 4276 2034 4330 olim
2072 4274 2125 4327 in
2183 4280 2365 4325 monte
2400 4272 2542 4323 Atho
2573 4271 2629 4323 in
2679 4272 3013 4323 monasterio
3073 4267 3358 4337 Dionysii,
3416 4276 3476 4321 ut

1910 4367 2005 4420 fol.
2036 4364 2072 4417 2
2112 4371 2356 4418 notatum
2392 4372 2496 4416 est.
2531 4363 2593 4415 In
2628 4361 2733 4416 fine
2761 4362 2926 4430 hujus
2955 4362 3183 4425 codicis,
3222 4360 3315 4415 fol.
3348 4361 3474 4424 512,

304 4558 383 4629 (5)
423 4555 765 4637 Awprineipio
791 4570 831 4636 ~a
861 4571 1023 4637 manu
1064 4556 1363 4637 recentiori
1398 4557 1511 4637 haec
1552 4564 1680 4637 nota
1722 4557 1790 4610 le-

1978 4557 2055 4637 (9)
2096 4556 2153 4609 In
2311 4556 2501 4637 codice
2528 4557 2735 4637 oratio,
2755 4556 2894 4637 Τόιδε
2924 4554 3072 4637 λέγει
3094 4554 3385 4637 ,Σολομώῃ
3417 4563 3476 4609 ut

222 4625 417 4700 gitur:
458 4626 552 4679 Ἐκ
584 4626 694 4679 τῶν
723 4625 818 4700 τοῦ
862 4629 1139 4681 Διονυσίου
1188 4628 1540 4697 ίερομονάχου
1576 4628 1671 4680 καὶ
1704 4644 1801 4698 με-

226 4697 401 4768 γάλου
427 4697 899 4768 πρωτοσυγκέλου.

303 4769 383 4839 (ti)
424 4766 484 4819 In
521 4767 623 4839 hoc
654 4783 683 4820 a
719 4782 879 4839 manu
912 4768 1201 4823 recentiori
1232 4768 1558 4839 quihusdam
1594 4766 1799 4821 oratio-

229 4837 405 4894 nibus
454 4837 693 4908 praelixa
723 4838 980 4908 leguntur
1030 4837 1456 4908 epigrammata.
1506 4840 1721 4892 diversa
1772 4853 1801 4891 a

228 4923 399 5034 isupra
446 4907 700 4963 laudatis.
736 4907 794 4962 In
830 4907 1154 4973 orationem,
1196 4908 1567 4971 Ἀναστὰσεως
1596 4908 1799 4980 ἡμέρα,

250 4995 335 5034 ιοο
363 4996 376 5031 :

250 4995 376 5034 ιοοε

376 5046 450 5100 Τὸ
474 5047 665 5117 Πάσχα
690 5048 925 5120 Χριστοῦ
956 5049 1134 5113 δεξιὰν
1164 5048 1336 5120 ἀρχὴν
1357 5048 1517 5120 ἔχων,

373 5120 659 5188 Λαμπρὼς
690 5119 1027 5190 πανηγύριζε
1053 5121 1142 5172 καὶ
1173 5120 1495 5190 θεοφρόνως.

230 5189 290 5244 ιιι
320 5187 653 5251 orationem,
688 5187 846 5241 Φίλου
880 5190 1096 5246 πιστοῦ,
1128 5193 1229 5244 hoc
1255 5209 1266 5243 :

378 5258 589 5343 [ξεστῶν
610 5258 783 5343 φίλιον
807 5260 1039 5343 ενταῦθα
1075 5260 1237 5343 λαβοῦ
1267 5260 1524 5343 λαμπάδα

374 5330 578 5403 Τριῷν,
610 5329 886 5403 Βασιλείω
914 5346 972 5403 τε
1002 5332 1095 5383 καὶ
1114 5329 1448 5403 Γρηγορίων.

302 5400 383 5471 (7)
438 5401 538 5455 Hie
589 5401 758 5453 codex
809 5401 972 5470 paulo
1014 5400 1379 5471 negligentius
1434 5401 1667 5472 scriptus
1723 5410 1807 5455 est

230 5488 395 5540 quam
437 5472 652 5540 reliqui.

302 5543 379 5613 (δ)
422 5540 528 5596 Ista
570 5542 776 5594 scholia
818 5542 1012 5611 partim
1047 5557 1074 5594 a
1115 5542 1287 5611 prima
1324 5555 1510 5613 manu,
1546 5543 1742 5612 partim
1779 5557 1807 5595 a

229 5615 471 5666 secunda
502 5621 555 5665 ct
586 5614 877 5666 recentiori
932 5622 1318 5681 provenerunt.
1366 5612 1422 5665 In
1471 5614 1645 5681 prima
1687 5628 1811 5664 ora-

231 5684 379 5736 tione
411 5692 592 5736 tamen
642 5684 715 5735 ita
764 5691 1131 5743 evmiueruut,
1172 5691 1229 5735 ut
1278 5685 1363 5737 vix
1413 5684 1515 5754 legi
1569 5684 1808 5754 possint.

229 5754 440 5876 Ηιιιιιςιιιιι
478 5754 813 5808 scholiorum
846 5755 992 5806 nulla
1021 5754 1245 5823 vestigia
1273 5756 1449 5824 reperi
1475 5753 1537 5808 in
1572 5753 1811 5808 editione

274 5844 285 5876 1
333 5844 363 5876 II

274 5826 363 5879 illii

552 5914 819 5972 Ρλτιιοι..
863 5913 979 5973 Gn.
1021 5913 1311 5975 XXXVI.

1905 4625 2089 4697 spuria
2126 4635 2369 4681 notatur.
2411 4626 2669 4697 Itarenim
2703 4628 2776 4681 ibi
2826 4629 2878 4680 in
2933 4625 3203 4697 principio
3237 4628 3471 4697 legitur:

1904 4695 2075 4762 Οὗτος
2104 4700 2132 4751 6
2159 4697 2313 4765 λόγος
2338 4696 2762 4766 ἀμφιϐάλλεται,
2794 4698 2874 4750 ὅτι
2906 4697 3004 4766 οὑξ
3043 4695 3159 4766 ἔστι
3208 4696 3301 4748 τοῦ
3351 4697 3479 4766 Θεο-

1904 4770 2087 4839 λὸγου,
2113 4764 2249 4820 ἀλλὰ
2270 4768 2367 4839 τοῦ
2384 4764 2550 4833 ἁγίου
2576 4768 2877 4839 Γρηγορίου
2910 4764 3004 4839 τοῦ
3029 4764 3475 4837 Θιπιυματουργοῦ⁴

1904 4836 2092 4900 καθὼς
2124 4840 2216 4910 καὶ
2250 4840 2278 4890 6
2334 4838 2554 4900 Σουῖδας
2586 4836 2809 4910 γράφεί.
2844 4836 3221 4910 Suidm‘verba
3255 4836 3389 4910 tom.
3440 4839 3477 4900 I,

1908 4924 2030 4980 pag.
2061 4908 2207 4980 74987,
2237 4911 2316 4980 sic
2359 4925 2417 4963 se
2464 4905 2719 4980 habenti
2742 4906 2996 4980 Ἔγραψε.
3031 4905 3085 4958 δὲ
3138 4907 3479 4980 μετὰφρασιν

1908 4977 2001 5042 εἰς
2025 4979 2115 5030 τὸν
2155 4978 2607 5051 Ἐκκλησιαστὴν,
2639 4979 2917 5050 ἐλάχιστον
2945 4977 3064 5048 μὲν,
3095 4977 3235 5031 πάνυ
3260 4978 3317 5033 δὲ
3349 4977 3471 5031 θαυο

1913 5050 2118 5101 μαστὸν
2145 5048 2323 5101 λόγον.
3322 5078 3329 5085 ο

1954 5066 2118 5102 αστον
2146 5066 2323 5106 Λογον.
3322 5078 3329 5085 ο

1907 5069 2118 5123 μαστον
2146 5069 2323 5117 Λογον.
3322 5078 3329 5085 ο

1985 5121 2097 5189 (10)
2171 5119 2282 5173 lIoc
2333 5121 2565 5189 primum
2617 5118 2802 5173 Grmce
2859 5117 3028 5171 edidit
3091 5115 3458 5189 Monlacutius

1911 5186 2131 5314 I'ltfonze),
2176 5186 2505 5253 iii-Lenito
2536 5189 2707 5252 1010,
2752 5204 2803 5258 p.
2857 5189 2955 5242 127
3002 5200 3121 5257 sqq.
3156 5186 3484 5257 (liecuditur

1911 5279 1963 5314 m
1998 5277 2073 5314 ra.

1911 5277 2073 5316 lﬂll'a.

1983 5266 2111 5400 (⁸1³1))
2139 5329 2273 5383 Vide
2311 5331 2470 5400 modo
2499 5329 2778 5382 laudatum
2812 5328 3075 5392 libellum,
3105 5344 3157 5398 p.
3193 5326 3313 5382 159.

1985 5398 2119 5472 (ll')
2146 5398 2504 5472 -Τοῦᾼῖιιιιιο,
2540 5400 2663 5472 τῆς.
2695 5400 2854 5472 Εριτ.

2015 5464 2111 5537 12)
2144 5470 2273 5525 Vide
2312 5469 2501 5525 Montf.
2546 5464 2684 5522 Bibl.
2723 5469 2973 5537 Coislin.,
3011 5464 3246 5537 coda”,
3279 5482 3327 5533 ρ,
3362 5466 3486 5537 IIS.

1912 5556 1964 5666 ξι
2190 5557 2244 5612 p.
2281 5541 2403 5606 120,
2433 5555 2647 5595 necnon
2699 5539 2914 5596 Fabric.
2946 5536 3085 5591 Bibi.
3119 5535 3209 5592 Cr.
3240 5538 3347 5590 vol.
3379 5536 3488 5599 \"ll,

1956 5653 1968 5665 .
2005 5634 2126 5667 310.

1914 5629 2266 5753 μξῖἓόῗνίᾶ.
2304 5679 2494 5735 Montf.
2528 5680 2669 5736 Bibl.
2705 5681 2956 5745 Coislin.,
2990 5679 3112 5753 cod.
3140 5675 3276 5743 Vlll,
3305 5692 3358 5753 p_.
3398 5677 3489 5735 43.

1917 5765 1969 5808 et
1998 5748 2119 5822 quin
2151 5769 2252 5807 nos
2283 5754 2590 5807 notavimus
2617 5753 2671 5807 in
2708 5753 2917 5807 Notitia
2951 5751 3106 5804 codd.
3135 5767 3263 5804 mss.
3296 5748 3489 5810 Μυκη..

1919 5824 2041 5879 cod.
2072 5822 2259 5879 XXVI.
2293 5840 2343 5879 υ.
2376 5824 2462 5877 58.

1919 5839 2041 5879 coa.
2076 5839 2259 5887 tum,
2293 5840 2343 5893 ι).
2376 5839 2462 5877 οδ.

3101 5914 3178 5975 30
