4040 6282
272 283 384 341 985

1488 293 1579 348 AD
1616 293 1675 349 S.
1716 291 2042 350 GBEGORII
2078 294 2288 353 ORAT.
2328 294 2365 348 Γ

3442 298 3561 353 946

271 401 479 474 ηγορίᾳ
520 404 630 456 τῶν
671 404 934 474 ἀδελςςῶν.
984 406 1153 461 Τοῦτο
1188 408 1296 479 γὰρ
1342 409 1615 476 ἀπόδειξις
1662 409 1871 479 ἀγαθῆς

1981 411 2117 465 enim
2167 416 2544 481 argumentum
2588 417 2670 465 est
2707 408 2869 463 animi
2900 426 3024 481 erga
3055 427 3148 467 eos
3180 413 3314 467 bene
3343 410 3541 467 aﬂ‘ecti.

271 495 409 564 περὶ
432 494 630 559 αὐτοὺς
661 496 973 562 διαθέσεως.
1009 500 1102 551 Δεῖ
1123 499 1232 571 γὰρ
1266 501 1357 553 καὶ
1390 503 1501 573 τοῖς
1536 500 1750 572 ἐχθροῖς
1776 500 1865 553 λέ-

270 603 398 655 γειν
443 589 522 648 τὸ,
545 582 617 640 Ὦ
652 588 890 658 ἀδελφοὶ,
936 592 1028 643 καὶ
1069 590 1142 664 μὴ
1176 592 1335 663 μόνον
1375 596 1487 655 τοῖς
1525 592 1593 646 δι’
1645 593 1866 663 ἀγάπην

268 698 327 735 τι
372 684 728 753 πεποιηκόσιν
760 684 792 756 ἢ
842 684 1151 752 πεπονθόσι,
1190 686 1379 760 ὥσπερ
1405 689 1453 741 οἱ
1486 690 1543 742 ὲν
1576 687 1867 759 Ναζιανζῷ

267 776 375 829 καὶ
412 776 675 845 ἐποίησάν
719 794 772 829 τι
816 776 883 830 δι’
919 779 1140 849 ἀγάπην
1180 780 1275 834 καὶ
1310 779 1531 833 ἔπαθον.
1572 781 1866 851 Ἐποίησαν

272 868 382 937 μὲν
406 867 514 939 γὰρ
537 867 634 939 τὴν
664 868 801 938 πρὸς
828 869 918 922 τὸν
945 869 1203 938 Θεολόγον
1229 869 1416 924 τοῦτον
1442 872 1660 943 Πατέρα
1691 872 1867 943 παρά-

267 957 471 1027 κλησιν
522 960 638 1027 (l),
696 958 782 1011 ἵνα
839 959 937 1030 τὴν
992 960 1292 1032 ἱερωσύνην
1350 960 1711 1033 καταδέξηται
1775 964 1867 1016 καὶ

266 1051 521 1125 ποιμάνῃ
552 1051 630 1121 (2)
663 1053 880 1118 αὐτούς.
931 1053 1171 1107 Ἔπαθον
1210 1054 1269 1107 δὲ
1305 1053 1367 1107 τὸ
1397 1055 1473 1125 μὴ
1513 1054 1868 1126 είσακουσθῆ-

266 1162 366 1198 ναι
397 1146 527 1215 παρ’
550 1143 736 1198 αὐτοῦ.
779 1146 891 1199 Καὶ
929 1140 995 1199 αὖ
1028 1146 1187 1199 πάλιν
1220 1146 1380 1210 αὐτὸς
1419 1146 1587 1200 ἔπαθε
1617 1148 1714 1219 τὴν
1745 1124 1897 1217 βίαν⁸

269 1237 375 1290 καὶ
404 1237 627 1307 ἐποίησε
659 1237 758 1310 τὴν
781 1238 1114 1293 εὐπείθειαν.

348 1503 467 1557 Col.
487 1503 592 1559 595
614 1504 654 1560 Α
679 1505 732 1561 7.
758 1506 1317 1576 Συγχωρήσωμεν...
1347 1524 1707 1578 ταχυτητος.
1731 1509 1869 1578 Συγο

269 1598 620 1667 χωρήσωμεν
636 1595 724 1650 διά
739 1596 836 1669 τὴν
852 1598 1169 1651 Ἀνάστασιν
1201 1600 1337 1671 πρὸς
1356 1600 1431 1670 (5)
1456 1599 1524 1653 τὰ
1551 1601 1865 1671 αἰτιάματα,

271 1685 311 1739 ὃ.
344 1686 541 1756 ἔχομεν
571 1686 834 1756 ἀλλήλους
864 1688 1163 1751 αἰτιᾶσθαι,
1196 1686 1375 1759 δῶμεν
1409 1685 1738 1758 συγγνώμην
1771 1687 1866 1740 άλ-

1968 502 2100 556 Nam
2142 502 2394 559 hostibus
2425 518 2643 572 quoque
2673 488 2963 557 dicendum
2995 511 3078 557 est
3105 521 3118 559 :
3149 500 3194 559 Ο
3224 503 3443 569 fratres,
3491 510 3545 558 et

1971 608 2076 646 non
2128 592 2213 647 his
2276 600 2509 653 tantum,
2555 593 2647 663 qui
2691 602 2914 664 propter
2960 594 3281 649 charitatem
3339 595 3544 667 aliquid

1969 687 2212 740 fecerunt
2237 692 2329 738 aut
2348 686 2492 756 passi
2518 694 2664 748 sunt,
2696 684 3154 755 quemadmodum
3186 685 3547 746 Nazianzenis

1968 777 2295 846 contigerat,
2329 777 2423 845 qui
2455 784 2677 847 propter
2704 776 3028 831 eharitatem
3062 777 3272 847 aliquid
3305 777 3557 834 fecerant

1968 876 2021 923 ct
2052 869 2200 937 passi
2244 866 2462 922 fuerant
2496 885 2510 921 :
2554 868 2798 922 fecerant
2820 868 2987 932 enim,
3016 876 3290 938 quatenus
3311 868 3557 925 Theolo-.

1970 977 2093 1030 gum
2143 960 2343 1014 hortati
2381 959 2616 1023 fuerant,
2666 960 2750 1014 vel
2812 962 2997 1030 potius
3038 948 3438 1030 compulerant,
3489 971 3548 1016 ut

1970 1051 2339 1106 sacerdotium
2376 1050 2702 1121 susciperet,
2764 1050 3023 1120 ipsosque
3083 1058 3350 1121 pasceret.
3388 1051 3543 1108 Passi

1970 1150 2150 1198 autem
2180 1141 2419 1204 fuerant,
2449 1149 2720 1211 quatenus
2758 1140 2813 1195 id
2845 1141 2913 1195 ab
2952 1156 3039 1197 eo,
3070 1157 3411 1213 nequaquam
3441 1145 3544 1198 im—

1970 1241 2340 1306 petraverant.
2374 1216 2590 1291 Rursus
2623 1232 2741 1303 ipse
2786 1242 2838 1288 et
2885 1232 2996 1287 vim
3053 1248 3252 1303 passus
3302 1243 3442 1299 erat,
3494 1246 3547 1290 et

1969 1344 2167 1383 rursus
2198 1327 2479 1392 intulerat,
2519 1325 2661 1397 quod
2699 1340 2907 1381 morem
2956 1325 3093 1396 ipsis
3127 1343 3318 1397 gerere
3370 1328 3549 1383 detre-

1970 1429 2195 1475 ctasset.

2041 1509 2388 1563 Remitlamus
2436 1510 2507 1564 ob
2574 1508 3031 1565 resurrectionem
3088 1526 3281 1565 omnes
3335 1512 3546 1577 culpas,

1970 1617 2107 1671 quas
2132 1602 2390 1671 utrinque
2420 1601 2661 1670 objicere
2692 1616 3008 1671 possumus.
3043 1601 3270 1657 Veniam
3308 1604 3398 1658 alii
3425 1606 3549 1658 aliis

1971 1695 2184 1760 demus,
2216 1694 2371 1749 vobis
2404 1693 2623 1765 quidem
2656 1709 2776 1763 ego,
2811 1694 2902 1764 qui
2961 1709 2991 1748 a
3052 1693 3211 1750 vobis
3253 1702 3461 1750 rectam
3493 1703 3546 1749 et

272 1772 483 1842 λήλοις,
516 1773 645 1843 ὑμῖν
681 1773 780 1845 μὲν
820 1772 959 1843 ἐγὼ,
1002 1778 1030 1828 ό
1062 1777 1192 1846 παρ’
1223 1776 1376 1846 ὑμῶν
1411 1776 1486 1845 (4)
1516 1776 1869 1848 τυραννηθεὶς

1981 1785 2300 1841 laudabilem
2330 1785 2436 1840 vim
2470 1800 2765 1855 perpessus
2796 1799 2955 1855 sum;
2991 1784 3112 1840 Jam
3142 1788 3288 1841 enim
3322 1787 3425 1840 hoc
3457 1785 3552 1840 ad-

274 1866 377 1935 τὴν
404 1865 576 1937 καλὴν
594 1865 900 1937 τυραννίδα.
931 1866 1101 1920 Τοῦτο
1131 1868 1239 1939 γὰρ
1271 1867 1368 1922 νῦν
1402 1869 1736 1941 προστίθημι
1767 1868 1875 1939 (5),

274 1959 365 2010 ὅτι
395 1959 535 2029 καλή
579 1961 726 2012 ἐστιν
758 1959 893 2031 αῦτη
926 1961 959 2031 ἡ
992 1961 1276 2032 τυραννίς’
1312 1961 1433 2013 ἐπε)¹
1472 1960 1735 2033 πρότερον
1770 1962 1871 2013 οὐκ

277 2049 459 2102 ἐδόκει
504 2066 595 2121 μοι
638 2050 799 2122 καλὴ,
835 2050 971 2104 ἀλλά
1014 2050 1182 2121 βιαία,
1218 2049 1352 2105 ἀλλά
1384 2050 1719 2123 ἀσύμφορος.
1753 2052 1871 2105 Κα-

277 2142 381 2213 λὴν
409 2142 467 2194 δὲ
514 2142 683 2213 αὐτὴν
720 2144 813 2195 νῦν
859 2142 1023 2211 λέγω,
1070 2143 1144 2207 ώς
1188 2144 1295 2197 ἀπὸ
1333 2142 1625 2208 διαθέσεως
1663 2141 1872 2213 ἀγαθῆς

278 2236 678 2307 γεγενημένην.
714 2236 902 2307 Ὑμεῖς
934 2236 989 2290 δὲ
1021 2236 1183 2292 πάλιν
1210 2237 1330 2291 δότε
1362 2235 1693 2307 συγγνώμην
1724 2235 1869 2306 ἐμοὶ,

281 2330 340 2382 εἴ
367 2330 417 2383 τί
449 2347 539 2400 μοι
569 2330 870 2401 μέμφοισθε
896 2330 994 2401 τῆς
1019 2330 1370 2402 βραδυτῆτος,
1401 2331 1496 2384 καὶ
1530 2331 1611 2383 ὅτι
1646 2330 1747 2382 οὐκ
1776 2329 1875 2382 αύ-

279 2422 414 2474 τίκα
462 2421 767 2492 ἐπέδραμον
817 2420 1167 2493 καλούμενος.
1222 2421 1518 2490 Καίτοιγε,
1560 2421 1607 2474 εί
1653 2420 1745 2474 καὶ
1800 2418 1879 2490 μὴ

284 2514 419 2584 παρ’
457 2514 605 2583 ὑμῖν,
647 2512 783 2566 ἀλλά
814 2512 893 2584 τῷ
916 2511 1036 2584 Θεῷ
1061 2512 1138 2584 (6)
1178 2514 1440 2585 κρείττων
1482 2514 1626 2566 ἐστὶν
1656 2515 1690 2584 η
1724 2512 1874 2565 λελο-

283 2607 520 2676 γισμὲνη
554 2606 689 2677 αὕτη
725 2605 1011 2678 βραδυτὴς,
1038 2606 1188 2679 παρά
1221 2605 1319 2679 τὴν
1346 2607 1547 2676 ἑτέρων
1584 2605 1878 2677 ἀπερίσκε-

286 2716 424 2752 πτον
458 2699 760 2770 ταχυτῆτα.

365 2790 501 2845 Ibid.
568 2790 655 2845 12.
723 2790 1039 2861 Ἀγαθὸν...
1115 2791 1392 2860 δύναμιν.
1462 2788 1879 2853 Κατασκευάζει

290 2882 561 2949 ἐνταῦθα,
624 2884 705 2937 ὅτι
758 2884 1041 2957 ἀμφότερα
1106 2883 1407 2948 ἑπαινετῶς
1466 2886 1707 2954 ἐποίησε.
1768 2884 1878 2937 Καὶ

291 2975 582 3049 πρότερον,
622 2975 721 3047 τὴν
747 2975 1114 3048 ἀναχώρησιν,
1156 2976 1244 3030 διά
1274 2975 1334 3030 τὸ
1363 2974 1662 3048 φοϐηθῆναι
1692 2975 1753 3030 τὸ
1783 2976 1879 3047 μέ-

292 3067 456 3135 γεθος
484 3068 581 3138 τῆς
612 3066 929 3139 ἱερωσύνης·
955 3067 1047 3120 καὶ
1068 3066 1338 3139 δεύτερον,
1363 3068 1461 3138 τὴν
1490 3066 1766 3132 ἐπάνοδον,
1790 3066 1879 3121 διὰ

292 3160 359 3212 τὸ
393 3159 467 3231 μὴ
511 3156 829 3230 περιπεσεῖν
857 3158 934 3230 τῷ
966 3160 1068 3231 τῆς
1101 3159 1385 3223 ἀπειθείας
1417 3160 1742 3231 ἐγκλήματι.
1770 3161 1882 3215 Καὶ

297 3251 368 3305 τὰ
422 3251 839 3321 παραδείγματα
871 3252 970 3323 τῆς
1019 3269 1079 3305 τε
1132 3250 1465 3324 βραδυτῆτος
1510 3251 1588 3320 (7)
1636 3251 1731 3305 καὶ
1782 3250 1883 3322 τῆς

301 3343 633 3414 προθυμίας,
663 3340 770 3398 ἀπὸ
797 3344 895 3415 τῆς
924 3344 1166 3417 ἱστορίας
1193 3343 1460 3415 λαμϐάνει
1487 3343 1583 3414 τῆς
1616 3343 1881 3407 Παλαιᾶς.

313 3435 543 3504 ’Ἀγαθὸν
575 3435 700 3508 γὰρ,
725 3437 890 3508 φησι,
923 3437 1017 3491 καὶ
1059 3436 1121 3489 τὸ
1158 3436 1513 3507 ὑποχωρῆσαι
1546 3433 1681 3506 πρὸς
1706 3434 1884 3503 ὀλίγον

300 3531 399 3583 καὶ
441 3528 540 3601 τὴν
593 3531 928 3602 προστασίαν
978 3527 1453 3601 παραιτήσασθαι,
1500 3526 1603 3581 κᾶν
1651 3527 1814 3591 αὐτὸς
1855 3529 1885 3580 ὁ

298 3619 435 3684 Θεὸς
463 3620 689 3692 κελεύῃ,
725 3604 820 3675 κά).
860 3616 1014 3685 αὖθις
1056 3621 1116 3673 τὸ
1147 3620 1535 3692 προσδραμεῖν.
1572 3620 1681 3672 Καὶ
1712 3617 1885 3672 ταῦτα

298 3713 402 3765 οὐκ
432 3713 594 3775 αὐτὸς
625 3713 969 3777 ἁναπλέιττω,
994 3712 1104 3766 ἀλλ’
1130 3712 1368 3784 εὑρίσκω
1397 3712 1489 3765 καὶ
1518 3711 1608 3764 τὸν
1645 3710 1884 3765 Μωῦσέα

299 3808 399 3859 καὶ
433 3806 523 3860 τὸν
565 3806 832 3879 Ἰερεμίαν
876 3805 1373 3877 ἀποστελλομένους
1412 3804 1565 3876 παρά
1606 3803 1700 3857 τοῦ
1727 3801 1884 3869 Θεοῦ,

300 3901 397 3953 καὶ
431 3900 919 3971 παραιτουμένους.
962 3900 1021 3953 'U
1060 3900 1156 3970 μὲν
1187 3899 1291 3971 γὰρ
1319 3899 1561 3969 Μωῦσῆς
1594 3896 1887 3960 κελευόμε-

301 4008 395 4054 νος
429 3992 583 4063 παρά
609 3992 684 4062 (8)
716 3994 811 4045 τοῦ
834 3990 968 4045 Θεοῦ
1000 3991 1135 4061 πρὸς
1156 3990 1355 4063 Φαραὼ
1380 3989 1634 4044 ἀπελθεῖν
1664 3987 1889 4060 βασιλέα

303 4084 604 4155 Αἰγύπτου,
638 4083 730 4139 κα)⁸
759 4086 930 4138 εἰπεῖν
963 4083 1111 4154 αὐτῷ
1130 4123 1145 4147 ,
1198 4082 1286 4136 ἵνα
1314 4082 1614 4156 ἀποστείλῃ
1641 4081 1733 4134 τὸν
1759 4080 1887 4134 λαὸν

303 4178 470 4232 αὑτοῦ
492 4218 507 4242 ,
542 4178 785 4231 τουτέστι
813 4180 936 4241 τοὺς
980 4176 1265 4239 Ἰουδαίους
1284 4217 1298 4240 ,
1332 4178 1650 4247 παρῃτεῖτο,
1682 4190 1891 4247 προφα-

306 4268 622 4339 σιζόμενος,
657 4270 738 4323 ὃτι
770 4268 1181 4341 βραδύγλωσσός
1226 4270 1340 4321 ἐστι
1387 4269 1481 4321 καὶ
1531 4266 1886 4336 ἰσχνόφωνος,

306 4362 403 4413 καὶ
431 4356 551 4414 εἷπε
572 4376 587 4392 ο
628 4360 857 4431 Δέομαι,
897 4361 1093 4428 Κύριε,
1129 4358 1505 4428 προχείρισαι
1558 4357 1755 4411 ἄλλον
1785 4355 1891 4411 δυ-

1969 1878 2121 1948 jicio,
2146 1878 2407 1933 nimirum
2447 1878 2593 1948 quod
2629 1880 2711 1933 vis
2757 1879 2873 1933 haec
2920 1878 3081 1933 nobis
3113 1880 3302 1944 allata,
3329 1879 3469 1934 bona
3500 1889 3552 1934 et

1975 1966 2245 2023 laudanda
2297 1968 2399 2023 sit:
2433 1970 2693 2038 quoniam
2752 1976 2879 2022 ante
2936 1968 3356 2039 haudquaquam
3418 1971 3551 2024 mihi

1976 2059 2117 2114 bona
2148 2060 2459 2122 videbatur,
2497 2076 2685 2115 verum
2712 2077 2854 2116 sazva
2882 2069 2936 2116 et
2957 2062 3322 2117 incommoda.
3348 2060 3550 2116 Bonam

1976 2159 2157 2206 autem
2192 2153 2441 2207 eamdem
2470 2168 2618 2206 nunc
2653 2151 2801 2220 dico,
2827 2162 3014 2225 utpote
3043 2170 3072 2207 a
3102 2155 3245 2209 bono
3268 2154 3435 2208 animi
3472 2155 3551 2207 af.

1977 2243 2119 2298 fectu
2160 2251 2361 2297 natam.
2400 2242 2506 2297 Vos
2556 2251 2735 2297 autem
2788 2244 3027 2299 vicissim
3084 2244 3215 2298 mihi
3266 2245 3549 2315 ignoscite,

1978 2335 2022 2389 si
2063 2333 2193 2404 quid
2234 2350 2352 2388 mea
2395 2349 2491 2389 vos
2537 2335 2775 2391 tarditas
2824 2334 3136 2397 offenderit,
3166 2344 3227 2390 et
3272 2337 3402 2400 quia
3441 2351 3551 2391 non

1976 2426 2185 2489 statim,
2226 2435 2285 2479 ut
2317 2436 2542 2482 vocatus
2567 2441 2710 2490 sum,
2737 2427 2974 2481 accurri.
3010 2427 3336 2498 Quanquam
3363 2428 3408 2483 si
3443 2443 3551 2482 non

1978 2518 2121 2586 apud
2168 2533 2285 2579 vos,
2322 2525 2472 2571 certe
2500 2518 2644 2587 apud
2696 2516 2866 2571 Deum
2912 2516 3270 2587 praestantior
3315 2526 3400 2572 est
3453 2518 3560 2570 cir-

1977 2614 2290 2676 cumspecta
2313 2607 2422 2661 haec
2439 2607 2669 2661 tarditas
2686 2606 2916 2661 aliorum
2933 2607 3241 2663 inconsulta
3258 2607 3555 2663 celeritate.

2049 2698 2255 2753 Bonum
2290 2700 2427 2752 enim
2466 2708 2564 2761 est,
2604 2709 2711 2754 etc.
2744 2697 3048 2769 Utrumque
3075 2714 3134 2754 se
3164 2706 3314 2753 recte
3342 2714 3405 2752 ac
3440 2700 3559 2753 lau-

1980 2790 2234 2845 dabiliter
2261 2788 2459 2844 fecisse
2487 2790 2800 2854 confirmat,
2841 2798 2955 2846 tum
2986 2790 3134 2861 quod
3166 2791 3320 2861 prius
3371 2806 3558 2847 seces-

1980 2882 2136 2945 serit,
2172 2882 2464 2938 sacerdotii
2515 2882 2944 2954 magnitudinem
3007 2881 3397 2947 reformidans,
3445 2890 3559 2936 tum

1982 2976 2126 3046 quod
2148 2983 2334 3046 postea
2363 2988 2617 3029 reversus
2662 2973 2754 3041 sit,
2792 2988 2858 3029 ne
2889 2972 2947 3028 in
2997 2972 3209 3028 crimen
3241 2972 3561 3027 inobedien-

1987 3067 2076 3121 tize
2116 3065 2449 3120 incurreret.
2490 3064 2668 3135 Atque
2712 3065 2959 3135 exempla
2999 3064 3221 3120 timoris
3255 3072 3310 3119 et
3366 3064 3535 3119 alacri

1989 3161 2121 3215 tatis
2146 3175 2178 3214 a
2202 3158 2415 3215 Veteris
2434 3157 2769 3215 Tcstamenti
2791 3157 3020 3213 historia
3048 3157 3311 3213 desumit.
3347 3154 3560 3211 Bonum

1982 3251 2126 3308 enim
2167 3261 2270 3318 est,
2317 3252 2515 3321 inquit,
2572 3257 2625 3305 et
2667 3250 2734 3305 ad
2764 3249 2987 3324 aliquod
3017 3259 3229 3321 tempus
3284 3251 3559 3313 recedere,

1986 3357 2049 3397 ac
2087 3341 2466 3412 praafecturam
2513 3340 2719 3411 fugere,
2753 3340 2967 3395 etiamsi
3008 3339 3154 3396 Deus
3186 3339 3302 3410 ipse
3362 3339 3411 3393 id
3467 3340 3557 3408 ju-

1984 3435 2129 3495 beat,
2186 3440 2241 3488 et
2289 3448 2480 3487 rursus
2508 3447 2814 3487 accurrere.
2875 3429 3064 3503 Neque
3115 3432 3229 3486 inec
3270 3432 3402 3486 mihi
3450 3432 3565 3500 ipse

1988 3527 2168 3595 ﬁngo;
2201 3541 2385 3581 verum
2416 3534 2469 3579 et
2492 3525 2714 3588 Mosem,
2746 3534 2801 3579 et
2847 3524 3197 3586 Hieremiam,
3228 3539 3353 3578 cum
3401 3539 3431 3577 a
3459 3522 3565 3578 Deo

1986 3617 2352 3681 mitterentur,
2396 3618 2533 3672 hanc
2561 3617 2896 3688 provinciam
2947 3632 2978 3671 a
3020 3633 3080 3672 se
3130 3616 3389 3686 reiecisse
3419 3632 3567 3671 com-

1986 3702 2158 3781 perio.
2196 3709 2373 3766 Moses
2397 3710 2562 3775 enim,
2595 3725 2718 3764 cum
2749 3709 2798 3764 ei
2839 3726 2868 3763 a
2895 3708 3002 3763 Deo
3035 3708 3360 3779 imperatum
3390 3713 3555 3770 esset,

1989 3810 2047 3858 ut
2068 3802 2405 3858 Pharaonem
2439 3801 2660 3874 Egypti
2690 3816 2869 3873 regem
2900 3800 3109 3863 adiret,
3152 3799 3312 3870 eique
3343 3799 3551 3853 denun-

1989 3895 2151 3949 tiaret
2183 3902 2243 3949 ut
2272 3894 2446 3965 ipsius
2482 3894 2763 3965 populum,
2793 3894 2895 3947 hoc
2932 3903 3013 3948 est
3053 3890 3299 3953 Iudaeos,
3345 3892 3564 3945 emitte-

1988 3995 2092 4052 ret,
2138 3986 2191 4042 id
2222 3988 2401 4043 facere
2443 3985 2751 4051 recusabat,
2810 3983 3123 4041 tarditatem
3168 3984 3363 4054 linguae
3389 3982 3569 4036 vocis-

1989 4093 2095 4149 que
2146 4079 2504 4148 gracilitatem
2550 4091 2853 4141 excusans,
2902 4091 2966 4130 ac
3021 4075 3255 4130 dicens:
3314 4073 3562 4134 Obsecro,

1992 4170 2230 4233 Domine,
2259 4171 2390 4240 elige
2416 4170 2583 4222 alium
2612 4167 2807 4221 viribus
2840 4167 3114 4230 valentem,
3144 4179 3294 4235 quem
3330 4163 3563 4216 mittas”.

1992 4262 2293 4317 Hieremias
2343 4268 2559 4326 autem,
2619 4273 2743 4312 cum
2806 4259 2874 4310 ad
2938 4252 3384 4326 promulgandam
3442 4268 3571 4323 gen-

1998 4355 2151 4409 tibus
2210 4353 2553 4425 prOphetiam
2626 4352 2957 4412 mitteretur,
3028 4345 3391 4403 cunctabatur
3450 4344 3567 4413 ipse

305 4450 589 4521 γᾶμεν-ον,
606 4452 677 4506 δν
690 4451 1069 4519 ἀποστελεῖς.
1100 4451 1157 4505 '0
1172 4451 1227 4504 δὲ
1255 4450 1519 4522 Ἱερεμίας
1532 4449 1836 4520 προφητεύε
1846 4466 1878 4502 ιι

1999 4460 2215 4516 quoque
2270 4445 2355 4499 his
2409 4442 2592 4498 verbis
2634 4448 2839 4497 utens:
2880 4436 2984 4506 Qui
3025 4454 3116 4500 es,
3162 4432 3571 4532 Doniiue,"ecce

308 4518 397 4610 είς.
430 4545 503 4598 τὰ
538 4545 663 4617 ἔθνη
719 4546 1100 4616 πεμπόμενος,
1153 4544 1247 4597 καὶ
1287 4518 1450 4605 αύτδς
1487 4518 1778 4594 ἀνεϐάλετο
1809 4540 1878 4612 (9)

1999 4536 2171 4590 nescio
2229 4533 2397 4605 loqui,
2444 4532 2570 4603 quia
2622 4527 3006 4583 adolescentior
3048 4540 3139 4593 ego
3194 4520 3373 4577 sum'.
3408 4518 3571 4574 Vides

307 4636 503 4705 λέγων·
534 4636 589 4688 '0
613 4614 720 4699 ὢν,
751 4614 1022 4689 Δέσποτα
1047 4634 1244 4702 Κύριε,
1276 4632 1402 4687 ιδοὺ
1427 4633 1537 4686 οὐκ
1567 4630 1878 4701 ἐπίσταμαι

1990 4625 2444 4698 quemadmodum
2466 4625 2518 4678 hi
2542 4622 2800 4692 Deijussa
2823 4618 3375 4685 detrectarint,atque
3393 4614 3443 4668 id
3460 4628 3572 4705 mu-

306 4729 545 4793 λαλεῑν,
593 4727 683 4781 ὅτι
721 4726 1006 4796 νεώτερος
1048 4725 1159 4796 ἐγώ
1183 4728 1318 4795 ειμι.
1355 4717 1513 4779 Οὗτοι
1552 4722 1648 4793 μὲν
1678 4718 1770 4775 οὖν
1798 4739 1878 4774 κε·

1984 4720 2134 4776 neris
2161 4717 2519 4789 repudiarint,
2553 4717 2643 4772 ille
2671 4713 2977 4769 tarditatem
3007 4712 3201 4779 linguae
3228 4706 3458 4796 veritus,
3482 4704 3573 4759 hic

310 4819 519 4873 λεύοντι
552 4819 631 4890 τῷ
651 4819 771 4891 Θεῷ
802 4818 1195 4891 ὑπεχώρησαν
1223 4817 1252 4870 δ
1292 4816 1410 4888 μὲν,
1450 4814 1511 4868 τὸ
1543 4812 1878 4885 βραδύγλωσ-

1988 4810 2429 4865 adolescentiam.
2452 4808 2520 4862 At
2536 4822 2664 4863 vero
2682 4807 2862 4862 Aaron
2883 4814 2935 4860 et
2952 4802 3141 4867 Isaias,
3162 4814 3288 4855 cum
3303 4812 3331 4851 a
3353 4795 3459 4851 Deo
3477 4810 3573 4849 νου

315 4928 406 4964 σον
447 4890 787 4975 δεδοικὼς,ό
819 4911 897 4976 δὲ,
929 4910 1023 4981 τὴν
1052 4911 1298 4981 νεότητα.
1342 4908 1401 4960 Ὁ
1432 4906 1489 4960 δὲ
1542 4903 1750 4975 Ἀαρὼν
1796 4905 1878 4957 κα)

1989 4909 2246 4958 carentur
2265 4903 2527 4973 promptis
2542 4901 2741 4956 animis
2761 4906 3075 4953 accurrunt.
3099 4893 3232 4946 Nam
3257 4904 3379 4947 cum
3405 4890 3573 4941 Aaro-

327 5005 578 5069 Ἠσατας,
642 5003 895 5058 καλοῦντι
935 5004 1013 5075 τῷ
1052 5002 1172 5074 Θεῷ
1211 5000 1438 5071 ἑτοίμως
1491 4999 1889 5069 προσέδραμον.

324 5099 386 5151 ’0
419 5098 517 5168 μὲν
552 5096 660 5169 γὰρ
710 5095 917 5168 Ἀαρὼν
946 5096 1185 5157 ἀκούσας
1226 5093 1379 5162 παρὰ
1408 5091 1636 5162 Κυρίου,
1671 5090 1894 5157 Πορεύ-

313 5193 449 5256 θητι
468 5192 555 5256 εὶς
569 5189 948 5257 συνάντησιν
965 5187 1222 5254 Μωσέως
1238 5188 1320 5252 εὶς
1334 5184 1449 5253 τὴν
1468 5183 1708 5253 ἔρημον,
1738 5180 1896 5245 εὐθὺς

314 5280 532 5336 ὲϐάδισε
558 5321 572 5346 ,
604 5282 698 5336 καὶ
727 5283 1058 5353 συνήντησεν
1089 5277 1259 5349 αὐτῷ,
1297 5275 1460 5347 μηδὲν
1492 5292 1545 5327 τι
1571 5272 1891 5345 διακριθεὶς,

388 5422 409 5453 ⁸
439 5419 614 5477 Exod.
650 5437 725 5485 Iv,
756 5421 843 5477 13.
888 5422 908 5453 ³
940 5418 1142 5473 Jerem.
1188 5434 1224 5481 ι,
1259 5416 1311 5473 6.
1354 5416 1374 5448 ⁵
1410 5415 1576 5470 Exod.
1611 5433 1662 5478 v,
1697 5416 1787 5468 27.

418 5537 468 5609 l)
504 5536 644 5591 Ante
672 5536 759 5589 ἵνα
789 5535 936 5590 addit
964 5535 998 5590 b
1035 5533 1231 5606 μᾶλλον
1253 5531 1306 5585 δὲ
1334 5530 1473 5602 βίαν.

388 5538 466 5679 (2)
504 5606 769 5679 Ποιμαίνῃ
797 5607 847 5661 b.
939 5677 946 5679 _
1008 5676 1016 5679 Α

393 5606 466 5679 (2)
504 5606 769 5679 Ποιμαίνῃ
797 5607 847 5661 b.

393 5681 471 5771 εξ)
496 5677 979 5771 ἓιάἽῨ.Ρῗζ9.,ῗῗΡ.ἷ⁵ί
1007 5676 1064 5740 δ’
1094 5684 1260 5732 καθ’

392 5751 467 5821 (ι)
504 5749 563 5804 '0
590 5751 719 5821 παρ’
750 5749 877 5819 ὑμῖν
902 5750 961 5803 ι).

397 5820 475 5895 (5)
502 5818 617 5879 Νῦν
641 5818 971 5893 προστίθημι
1001 5817 1154 5875 habet
1182 5816 1342 5888 paulo
1364 5823 1486 5887 post
1514 5822 1640 5872 ante
1669 5812 1789 5867 ἐπεί
1809 5810 1864 5867 h.

1999 4997 2104 5051 nia
2126 4995 2238 5052 Deo
2267 4996 2469 5052 dictum
2494 4994 2685 5050 fuisset
2712 5011 2723 5046 :
2762 4991 3102 5061 Proﬁciscere
3118 4985 3322 5039 obviam
3356 4980 3494 5037 Mosi
3521 4981 3573 5040 iu

2002 5090 2264 5144 desertum
2285 5090 2327 5153 ⁸,
2354 5088 2645 5144 confestim
2674 5083 2738 5139 ad
2766 5086 2867 5139 iter
2897 5097 2956 5137 se
2978 5078 3236 5141 accinxit,
3271 5084 3435 5145 atque
3467 5072 3572 5144 ipsi

2006 5184 2266 5247 occurrit,
2304 5182 2439 5237 nihil
2465 5194 2649 5236 secum
2683 5178 3017 5247 disceptans,
3041 5170 3315 5240 simulque
3343 5167 3395 5220 in
3418 5162 3578 5233 Aigy'

2000 5287 2150 5346 ptum
2185 5274 2464 5346 profectus
2503 5280 2588 5326 est
2619 5288 2630 5324 :
2676 5270 2751 5324 ita
2783 5275 2863 5335 ut,
2898 5267 3052 5338 juxta
3085 5264 3329 5319 divinum
3370 5268 3571 5313 oracu-

2074 5531 2147 5599 (ti)
2182 5530 2339 5601 Παρά
2369 5530 2447 5601 τῷ
2472 5527 2589 5599 Θεῷ
2610 5528 2661 5581 b.

2077 5595 2153 5670 (7)
2189 5595 2398 5664 Δειλίας
2421 5595 2524 5670 ’ρτο
2552 5595 2880 5671 βραδυτῆτος
2906 5595 2956 5651 b.

2080 5669 2155 5742 (8)
2207 5669 2494 5742 ’ΥπόᾼΙγοὸο
2527 5669 2676 5742 παρά
2700 5669 2751 5724 b.

2083 5740 2157 5816 (υ)
2211 5740 2558 5799 Ἀνεόάλλετο
2590 5741 2642 5795 h.
