4040 6282
278 227 390 284 939

1502 224 1593 279 ΑΒ
1635 226 1690 281 S.
1736 222 2062 282 GREGORII
2103 222 2308 279 ORAT.
2345 221 2384 277 l.

3437 220 3540 274 930

277 349 597 419 ἀπόρρητον
630 348 742 410 τοῖς
766 345 998 411 πολλοῖς,
1031 347 1327 418 μυστήριον
1348 345 1517 415 αὐτὴν
1551 346 1722 399 καλεῖ.
1757 345 1863 398 Καὶ

1972 342 2094 398 festi
2125 358 2371 406 causam,
2409 350 2570 412 atque
2606 342 2658 395 in
2698 341 2894 411 vulgus
2929 347 3186 411 ignotam,
3222 342 3415 396 festum
3463 344 3549 412 ip-

275 439 453 508 λέγει,
482 436 564 489 ὅτι
605 435 693 488 Ἐν
716 436 874 505 ἑορτῇ
898 434 1159 505 ἐγενόμην
1185 433 1383 504 ἱερεὺς,
1407 436 1470 502 τῇ
1501 433 1599 502 τῆς
1626 428 1862 503 Χριστοῦ

272 528 588 598 γεννήσεως
617 525 746 589 ἴσως
766 568 780 589 ,
814 526 909 578 καὶ
944 526 1003 578 ὲν
1037 527 1197 596 ἑορτῇ
1243 524 1606 596 ὑπεχώρησα,
1636 526 1701 594 τῇ
1754 523 1864 577 τῶν

274 618 484 672 Φὼτων
506 618 669 687 τάχα,
697 618 788 671 καὶ
809 619 866 670 ὲν
897 619 1055 689 ἑορτῇ
1079 616 1402 687 ἐπανῆλθον,
1426 619 1490 687 τῇ
1524 616 1616 669 τοῦ
1645 616 1857 685 Πάσχα.

276 712 399 781 Τῆς
430 711 527 781 μὲν
559 707 653 763 οῦν
684 710 1085 778 ὑποχωρήσεως
1110 708 1205 762 καὶ
1231 708 1332 777 τῆς
1358 707 1616 761 ἐπανόδου
1644 707 1743 779 τὴν
1774 706 1861 759 αἱ·

274 801 404 853 τίαν
435 800 676 871 εἴρηκεν,
724 798 896 860 Αὐτὸς
927 797 1036 867 γὰρ
1067 793 1136 868 ἦν
1178 796 1370 869 κύριος
1401 797 1494 849 καὶ
1536 794 1631 848 τοῦ
1670 796 1862 864 φυγεῖν

277 892 378 945 καὶ
405 890 498 944 τοῦ
521 889 858 947 ἐπανελθεῖν,
891 888 985 942 καὶ
1013 888 1129 958 ᾔδει
1157 888 1284 958 περὶ
1310 886 1511 940 αὐτῶν.
1544 887 1655 956 Τῆς
1670 886 1725 938 δὲ
1746 884 1863 957 χρί-

281 998 443 1043 σεως,
472 980 675 1034 οὐκέτι.
724 980 943 1051 Ἕτεροι
974 980 1082 1048 γὰρ
1112 978 1273 1032 αὐτὸν
1301 977 1541 1049 ἔχρισαν.
1590 977 1862 1046 Ἐχρίοντο

275 1074 336 1128 δὲ
368 1074 533 1127 πάλαι
576 1072 673 1143 μὲν
704 1074 761 1125 οἱ-
784 1073 948 1142 ἱερεῖς
979 1072 1073 1133 καὶ
1101 1071 1376 1142 ἀρχιερεῖς
1409 1069 1485 1140 τῷ
1511 1068 1720 1139 νομικῷ
1745 1068 1863 1139 χρί-

282 1183 474 1235 σματι·
507 1156 731 1236 ὕστερον
754 1164 810 1218 δὲ
840 1162 921 1233 τῷν
953 1162 1328 1233 πνευματικῷ,
1359 1164 1498 1232 ὅπερ
1530 1162 1647 1214 ἐστὶ
1680 1176 1862 1231 χειρο-

279 1258 443 1311 θεσία
486 1260 579 1311 καὶ
618 1256 712 1309 τοῦ
764 1255 919 1323 ἁγίου
968 1253 1285 1325 Πνεῦματος
1341 1251 1645 1323 ἐπίκλησις.
1703 1249 1861 1304 Ἀλλά

274 1351 364 1405 τίς
402 1351 434 1419 ἠ
466 1348 613 1402 αἰτία
648 1349 745 1416 τῆς
775 1349 1204 1419 ὑποχωρήσεως
1240 1346 1375 1402 Ἵνα.
1415 1343 1861 1414 φησὶνλὲμαυτὸν

276 1440 668 1510 ὲπισκέψωμαι
717 1440 810 1492 καὶ
865 1439 980 1498 ἴδω,
1035 1438 1087 1490 εἰ
1129 1438 1236 1508 ἄρα
1279 1436 1379 1506 τῆς
1414 1436 1713 1507 ἱερωσύνης
1745 1436 1861 1505 εἰμὶ

274 1534 452 1598 ἄξιος.
478 1531 571 1595 Τίς
598 1531 655 1585 δὲ
697 1533 725 1585 ὁ
752 1531 907 1601 λόγος
940 1531 1037 1601 τῆς
1073 1529 1214 1582 κατὰ
1246 1530 1305 1581 τὸ
1344 1526 1859 1598 Πάσχα.ὲπανόδου;

279 1625 406 1676 Ἵνα
438 1624 627 1694 αὐτὴν,
667 1623 829 1692 φησὶ,
877 1622 975 1692 τὴν
1006 1621 1220 1692 ἡμέραν
1254 1619 1423 1690 καλὴν
1463 1618 1722 1691 συνεργὸν
1753 1616 1862 1687 ἔχω

275 1715 380 1768 καὶ
418 1714 726 1784 σύμμαχον,
773 1712 1002 1765 λύουσάν
1047 1729 1136 1783 μοι
1166 1715 1261 1765 uati.
1305 1712 1401 1782 τὴν
1441 1710 1723 1764 ἀσθένειαν
1766 1710 1859 1763 καὶ
1893 1701 1953 1756 Βι

276 1808 582 1876 ἀδυναμίαν
616 1807 715 1875 τὴν
748 1805 882 1876 πρὸς
913 1806 1013 1875 τὴν
1045 1803 1345 1876 ἱερωσύνην
1388 1805 1483 1857 καὶ
1511 1804 1609 1873 τὴν
1634 1802 1858 1867 δειλίαν,

275 1900 347 1968 ἣν
381 1891 552 1967 εἶχον,
592 1895 991 1961 εὐλαϐούμενος
1033 1895 1133 1965 τὴν
1167 1893 1411 1964 μεγάλην
1456 1893 1661 1964 ταύτην
1704 1893 1861 1959 ἀξίαν

275 1988 375 2042 καὶ
412 1986 593 2041 τὸτοῦ
639 1988 960 2059 πράγματος
1001 1984 1248 2056 μέγεθος.
1296 1987 1564 2040 Ἐδειλίων
1611 1986 1740 2057 γὰρ,
1786 1985 1860 2049 ὠς

275 2080 536 2152 ἀσθενὴς,
589 2078 946 2145 ἀναδέξασθαι
997 2077 1127 2132 λαοῦ
1182 2078 1537 2151 προστασίαν.
1596 2078 1756 2147 Λέγει
1803 2079 1859 2133 δὲ

273 2173 484 2237 ταῦτα,
520 2171 826 2243 μετριάζων
854 2173 881 2224 ὁ
926 2170 1119 2241 μέγας.
1162 2170 1261 2224 Διά
1297 2171 1456 2225 τοῦτο
1502 2170 1631 2242 γὰρ,
1673 2173 1858 2242 φησιν,

274 2263 586 2334 ἐπανῆλθον
635 2264 773 2318 διατά
818 2264 917 2333 τὴν
963 2263 1175 2334 ἡμέραν
1222 2264 1319 2334 τῆς
1360 2264 1711 2327 ἀναστάσεως
1763 2262 1858 2317 τοῦ

273 2354 520 2428 Χριστοῦ
540 2397 555 2422 ,
592 2356 679 2409 ἴνα
711 2358 739 2410 ὁ
772 2356 1014 2426 σήμερον
1059 2357 1123 2407 ὲκ
1171 2354 1380 2425 νεκρῶν
1415 2353 1681 2422 ἀναστὰς,
1714 2357 1861 2426 κάμὲ

275 2449 492 2514 νεάζειν
523 2449 617 2504 καὶ
647 2448 919 2521 ἀκμάζειν
945 2447 1328 2518 πνευματικῶς
1358 2449 1451 2501 καὶ
1471 2449 1529 2500 ὲν
1561 2450 1675 2512 τοῖς
1702 2466 1862 2502 πνευ-

279 2542 535 2612 ματικοῖς
570 2540 968 2612 παρασκευάσῃ
998 2538 1029 2610 ἢ
1066 2538 1424 2611 καινοποιησῃ
1453 2537 1530 2609 τῷ
1558 2538 1856 2610 Πνεῦματι,

274 2632 527 2687 τουτέστι
567 2632 862 2704 μεταϐαλεῖ
887 2633 962 2703 (l)
994 2632 1107 2687 ἀπὸ
1139 2632 1315 2686 δειλοῦ
1359 2635 1456 2687 καὶ
1488 2633 1748 2698 ἀσθενοῦς
1781 2636 1861 2698 εις

276 2721 582 2795 θαρσαλέον
626 2726 720 2775 καὶ
776 2722 1020 2794 ἰσχυρόν·
1070 2721 1212 2777 ὥστε
1244 2721 1594 2796 θαρρούντως
1629 2725 1724 2778 καὶ
1767 2725 1859 2778 εὑ-

275 2814 450 2877 τόνως
480 2814 810 2885 ἀφηγεῖσθαι
850 2816 948 2885 τῆς
991 2815 1247 2885 ποίμνης.
1287 2814 1596 2870 Μεταὸαλεῖ
1645 2816 1734 2882 δὲ,
1781 2815 1860 2888 τῷ

278 2904 413 2977 θείῳ
448 2905 761 2975 Πνεύματι,
801 2905 1017 2959 καὶτὸν
1066 2906 1250 2959 καινὸν
1296 2907 1521 2971 ὲνδύσας
1554 2906 1858 2978 ἄνθρωπον,

1972 453 2094 492 sum
2126 437 2371 509 mysterii
2407 438 2623 489 nomine
2654 434 2908 505 appellat,
2940 434 3123 503 aitque
3155 454 3167 489 :
3202 435 3256 488 In
3288 435 3374 490 die
3403 434 3542 491 festo

1969 530 2227 584 sacerdos
2274 528 2450 582 factus
2500 542 2644 591 sum,
2695 530 2926 582 fortasse
2975 526 3184 581 Natalis
3227 525 3455 591 Christi,
3490 534 3543 580 et

1967 622 2022 676 in
2055 621 2194 677 festo
2227 620 2315 676 die
2347 620 2574 683 secessi,
2605 618 2895 673 Luminum
2939 618 3194 683 fortasse,
3228 629 3278 673 et
3321 618 3373 671 in
3407 616 3544 672 l'cstn

1965 715 2053 770 die
2089 714 2246 777 redii,
2273 712 2558 768 Paschalis
2586 713 2813 768 scilicet.
2850 712 2926 766 Ac
2964 710 3296 767 secessionis
3324 709 3541 779 quidem

1964 807 2283 876 reditusque
2329 819 2549 859 causam
2604 803 2873 871 exnosnit,
2926 802 3069 873 quod
3114 810 3167 856 ct
3203 801 3324 871 fuga
3371 808 3427 854 et
3459 813 3540 853 re-

1963 898 2141 952 versio
2172 897 2346 965 ipsius
2378 894 2589 950 arbitrii
2629 901 2815 948 essent
2849 911 2862 947 :
2899 890 3172 947 unctionis
3220 898 3398 944 autem
3432 906 3540 959 non

1964 992 2116 1053 item,
2170 991 2424 1059 quoniam
2473 987 2561 1041 alii
2617 986 2792 1056 ipsum
2848 991 3137 1051 un‘xerant.
3186 982 3542 1052 Ungi-bantur

1962 1080 2106 1136 enim
2136 1079 2263 1141 olim
2300 1066 2695 1149 sacerdoteset
2725 1075 3010 1147 pontiﬁces
3043 1076 3199 1143 legali
3236 1075 3495 1129 unctione
3526 1093 3540 1127 :

1964 1179 2147 1242 postea
2183 1186 2311 1224 vero
2361 1168 2630 1238 spirituali
2671 1188 2683 1223 :
2727 1156 2848 1238 qua:
2895 1166 3112 1236 quidem
3156 1174 3239 1220 est
3285 1179 3539 1217 manuum

1965 1246 2261 1329 impositio.
2296 1260 2581 1328 sanctique
2609 1257 2848 1327 Spiritus
2879 1256 3172 1312 invocatio.
3201 1257 3267 1308 At
3292 1270 3539 1325 quantum

1962 1342 2126 1406 causa
2168 1349 2267 1404 fuit
2311 1349 2682 1405 secessionis?
2717 1356 2795 1413 ut,
2835 1347 3036 1417 inquit,
3074 1345 3337 1415 meipsum
3373 1344 3544 1413 inspi-

1960 1456 2161 1502 cerem,
2196 1455 2258 1493 ae
2300 1440 2542 1495 viderem
2584 1454 2715 1493 num
2749 1436 3058 1494 sacerdotio
3100 1434 3298 1505 dignus
3339 1448 3537 1488 essem.

1963 1532 2094 1599 Quae
2141 1540 2320 1585 autem
2368 1533 2529 1594 ratio,
2560 1545 2659 1584 cur
2690 1529 2754 1583 ad
2791 1527 3073 1584 Paschalis
3119 1526 3261 1580 diem
3305 1522 3551 1580 rediret?

1969 1626 2061 1689 Ut,
2092 1626 2290 1696 inquit,
2324 1625 2465 1679 diem
2498 1624 2644 1678 hunc
2687 1622 3004 1693 praeclarum
3045 1619 3347 1688 adjutorem
3382 1623 3544 1696 atque

1964 1706 2309 1778 auxiliarium
2345 1715 2596 1780 habeam,
2644 1714 2804 1782 cujus
2841 1728 2942 1782 ope
2986 1719 3099 1765 tum
3143 1709 3454 1763 inﬁrmitate
3486 1694 3544 1762 et

1963 1806 2382 1863 administrandi
2412 1788 2703 1863 sacerdotii
2738 1790 3051 1875 impotentia
3086 1805 3302 1861 liberer.
3336 1814 3447 1856 tum
3481 1817 3542 1857 ea

1962 1902 2256 1957 timiditate
2287 1915 2394 1971 qua
2428 1898 2741 1961 obsidebar,
2776 1882 2939 1965 hujus
2971 1894 3250 1967 dignitatis
3278 1896 3545 1965 magnitu-

1961 1996 2167 2058 dinem,
2205 1994 2395 2064 reique
2440 1992 2655 2062 pondus
2703 1997 2761 2044 et
2801 1986 3541 2061 gravitatem—extimescens.

1962 2085 2203 2140 Verebar
2230 2084 2401 2150 enim,
2436 2093 2496 2137 ut
2536 2082 2809 2143 inﬁrmus,
2854 2080 3039 2150 pOpuli‘
3069 2077 3297 2149 regendi
3327 2077 3547 2147 provin~

1961 2178 2103 2232 ciam
2155 2176 2363 2239 subire,
2413 2190 2535 2246 quae
2579 2173 2742 2228 etiam
2794 2172 2858 2226 ad
2909 2169 3181 2225 vitandam
3226 2169 3547 2239 arrogantia:

1963 2268 2336 2338 suspicionem
2372 2266 2528 2321 dicit.
2563 2264 2644 2320 οι»
2690 2264 2832 2317 hanc
2870 2262 3012 2317 enim
3056 2273 3310 2324 causam,
3350 2259 3547 2329 inquit,

1963 2362 2029 2418 ad
2077 2360 2221 2417 diem
2272 2357 2719 2415 Resurrectionis
2749 2355 2953 2411 Christi
3007 2367 3261 2408 reversus
3298 2365 3441 2414 sum,
3491 2364 3548 2403 ιιι

1961 2455 2056 2526 qui
2088 2452 2249 2508 hodie
2283 2468 2312 2505 a
2363 2449 2595 2504 mortuis
2629 2447 2890 2509 surrexit,
2923 2460 3009 2499 me
3053 2457 3270 2514 quoque
3318 2441 3390 2495 ita
3435 2437 3550 2492 alli-

1962 2546 2091 2610 ciat,
2122 2551 2182 2597 ut
2225 2540 2585 2611 spiritualiter
2627 2537 3001 2607 juvenescam,
3043 2541 3207 2603 atque
3233 2529 3397 2585 etiam
3435 2527 3549 2597 spi~

1961 2635 2230 2692 ritualiter
2269 2632 2577 2688 ﬁorescam.
2614 2630 2710 2685 Vel
2746 2629 2910 2684 etiam
2963 2624 3170 2696 Spiritu
3223 2623 3438 2676 innovet
3474 2619 3548 2685 (id

1962 2738 2067 2791 est,
2101 2744 2168 2783 ex
2201 2724 2525 2781 meticuloso
2554 2732 2607 2778 et
2638 2720 2861 2775 inﬁrmo
2881 2719 2934 2773 in
2970 2716 3161 2773 fortem
3186 2721 3241 2769 et
3270 2709 3552 2781 praeﬁden-

1963 2832 2072 2879 tem
2122 2820 2363 2891 Spiritus
2408 2830 2573 2886 opera
2625 2818 2946 2874 commutet,
2976 2810 3051 2864 ita
3096 2814 3159 2861 ut
3205 2804 3466 2859 audacter
3498 2812 3552 2857 et

1963 2898 2281 2969 constanter
2323 2909 2452 2964 ovili
2497 2903 2762 2977 praesim).
2793 2901 3055 2971 Novoque
3084 2897 3305 2953 homine
3334 2894 3549 2957 induat,

275 2997 382 3067 τὴν
427 2996 724 3069 ἱερωσύνην
761 2997 922 3067 φημί.
984 2997 1049 3049 Ἠ
1086 2996 1195 3068 γὰρ
1234 2996 1414 3068 χρίσις
1458 2998 1548 3051 καὶ
1588 2997 1861 3069 ἁμαρτίας

1967 3003 2019 3059 id
2067 3010 2185 3066 est,
2238 2998 2579 3062 sacerdotio;
2626 3009 2750 3049 nam
2806 2991 2993 3046 unctio
3047 3001 3279 3059 quoque.
3323 2991 3548 3054 peccata

1979 3096 1994 3102 -
2035 3094 2046 3102 ·
2094 3101 2097 3102 ν
2421 3090 2435 3102 -
2552 3089 2565 3102 -
2765 3082 2995 3102 huunz-
3053 3077 3308 3102 h-.-:|....-
3371 3074 3545 3102 ..:.......

279 3089 421 3153 λύει,
448 3088 591 3143 καθά
618 3105 727 3143 τισι
752 3089 861 3143 τῶν
890 3088 1151 3161 Πατέρων
1172 3088 1340 3154 ἔδοξε,
1365 3088 1460 3144 καὶ
1488 3089 1608 3143 νέον
1649 3089 1859 3161 ἀνθρωο

1967 3094 2143 3158 delet,
2205 3089 2663 3162 quemadmodum
2718 3082 3000 3139 nonnullis
3053 3077 3311 3133 Patribus
3371 3074 3547 3128 visum

280 3199 385 3235 πον
416 3179 491 3252 (2)
543 3183 687 3234 ποιεῖ
721 3181 813 3234 τὸν
858 3183 1170 3253 χριόμενον.
1217 3181 1301 3252 Δῷ
1336 3183 1411 3250 (5)
1444 3185 1510 3254 τῇ
1543 3185 1702 3255 καινῇ
1745 3183 1862 3237 κτί-

1967 3194 2066 3250 est,
2110 3200 2174 3239 ac
2218 3197 2475 3253 novaeque
2520 3188 2805 3240 creaturae,
2854 3174 2909 3229 id
2944 3184 3044 3237 est,
3088 3171 3176 3226 his
3204 3168 3298 3240 qui
3329 3181 3424 3237 per
3452 3164 3548 3220 ba-

281 3290 396 3339 σει,
433 3274 544 3336 τοῖς
574 3272 665 3325 διὰ
693 3272 788 3326 τοῦ
827 3272 1204 3347 βαπτίσματος
1245 3274 1741 3343 ἀναγεννωμένοις,
1785 3274 1861 3327 οἵ·

276 3380 425 3426 τινες
452 3363 552 3416 οὒκ
578 3362 636 3429 ἐξ
658 3362 925 3433 αἱμάτων,
950 3362 1075 3416 ἀλλ”
1092 3366 1157 3417 ὲκ
1179 3361 1314 3416 Θεοῦ
1355 3364 1671 3432 γεννῶνται,
1728 3365 1865 3419 πλά·

281 3469 418 3522 στην
443 3451 766 3521 ἀγαθὸνκαὶ
786 3451 1103 3506 διδάσκαλον
1133 3450 1400 3523 (πλάστην
1424 3453 1542 3523 μὲν,
1566 3454 1641 3516 ὡς
1665 3453 1753 3507 διὰ
1769 3454 1861 3508 τοῦ

282 3544 663 3615 βαπτίσματος
686 3543 885 3616 τρόπον
924 3543 1047 3598 τινὰ
1089 3544 1510 3615 πλάττονταμγ
1545 3546 1863 3601 διδάσκαλον

282 3635 364 3697 δὲ,
393 3634 469 3697 ὡς
490 3636 587 3706 τὴν
613 3636 794 3688 πίστιν
815 3636 996 3699 αὐτοῖς
1019 3635 1380 3707 ἐξηγούμενον
1399 3652 1412 3666 ⁸
1441 3636 1473 3707 ἢ
1499 3637 1739 3709 πλάστην
1765 3641 1863 3710 μὲν

284 3724 397 3780 τῶν
423 3724 591 3795 ἠθῶν,
618 3724 931 3778 διδάσκαλον
957 3725 1012 3778 δὲ
1040 3726 1148 3778 τῶν
1175 3726 1500 3798 δογμάτων),
1527 3729 1748 3800 Χριστῷ
1770 3730 1864 3783 καὶ

288 3815 772 3887 συννεκρούμενον,
806 3815 894 3870 διὰ
921 3817 1019 3888 τῆς
1060 3816 1197 3888 πρὸς
1230 3818 1297 3871 τὰ
1328 3818 1475 3890 πάθη
1510 3820 1859 3893 νεκρώσεως·

286 3910 384 3962 καὶ
416 3910 892 3980 συνανιστάμενον,
946 3913 1011 3981 τῇ
1053 3910 1372 3975 ἀναζωώσει
1415 3912 1523 3966 τῶν
1561 3914 1793 3985 ἀρετῶνο
1838 3917 1867 3971 ὁ

287 4000 400 4070 γὰρ
430 4000 622 4085 νεκρθ
644 4004 708 4072 τῇ
730 4000 976 4073 ἁμαρτίᾳ
1000 4001 1310 4073 γενόμενος,
1340 4004 1407 4076 ζῇ
1439 4005 1655 4071 πάντως
1680 4010 1746 4079 τῇ
1780 4008 1868 4060 ἀνα

289 4091 575 4166 τικειμένῃ
616 4095 806 4165 ἀρετῇ.
867 4093 963 4145 Ἐκ
1007 4092 1101 4146 τοῦ
1143 4094 1465 4149 Ἀποστόλου
1502 4096 1562 4150 δὲ
1602 4098 1702 4163 τὰς
1730 4100 1865 4170 χρὴ·

291 4201 404 4247 σεις
439 4185 516 4251 (5)
553 4182 755 4246 ταύτας
787 4182 978 4237 ἐλαϐεν
1006 4186 1033 4238 ὁ
1076 4184 1356 4254 Θεολόγος.
1403 4188 1568 4256 Λέγει
1610 4191 1717 4263 γάρ
1765 4208 1867 4245 που

299 4272 575 4342 Ἐφεσίοις
610 4272 838 4345 γράφων
859 4276 888 4328 ὁ
920 4276 1189 4347 μακάριος
1236 4275 1482 4344 Παῦλος,
1516 4280 1596 4332 ὅτι
1649 4278 1869 4334 Ἐδιδὰ-

1963 3280 2219 3351 ptismum
2269 3283 2623 3336 renovantur,
2654 3272 2745 3341 qui
2779 3268 3000 3341 quidem
3036 3279 3145 3320 non
3175 3278 3243 3318 ex
3269 3258 3550 3329 sanguini.

1963 3373 2088 3435 bus,
2129 3369 2222 3426 sed
2273 3385 2336 3424 ex
2386 3367 2497 3422 Deo
2542 3374 2847 3421 nascuntur
2876 3362 2919 3424 ⁷,
2966 3359 3208 3413 ﬁctorem
3254 3356 3458 3409 bonum
3496 3358 3549 3406 et

1964 3464 2285 3534 magistrum
2335 3459 2503 3513 donet
2534 3457 2799 3529 (ﬁctorem
2841 3452 3061 3524 quidem
3085 3490 3101 3515 ,
3148 3457 3212 3504 ut
3242 3463 3340 3520 per
3368 3447 3550 3517 bapti-

1965 3571 2143 3611 smum
2195 3549 2598 3624 quodammodo
2634 3548 2961 3617 (ingentem;
2997 3542 3317 3613 magistrum
3347 3545 3548 3597 autem,

1968 3658 2025 3703 ut
2049 3647 2206 3702 ﬁdem
2237 3646 2372 3717 ipsis
2401 3648 2778 3703 enarrantem;
2808 3637 2890 3692 vel
2921 3635 3161 3691 ﬁctorem
3189 3630 3407 3701 quidem
3435 3642 3553 3681 mo-

1967 3755 2109 3799 rum.
2148 3739 2471 3809 magistrum
2515 3743 2697 3789 autem
2726 3729 2989 3785 doctrina:
3019 3722 3392 3790 Christianae),
3426 3735 3549 3775 cum

1965 3833 2184 3889 Christo
2212 3831 2554 3889 morientem,
2586 3841 2682 3895 per
2715 3822 3006 3877 aﬁ'ectuum
3052 3817 3217 3872 animi
3254 3811 3551 3869 mortiﬁca-

1968 3926 2211 3985 tionem,
2268 3930 2321 3976 et
2376 3925 2749 3988 resurgentem
2811 3927 2909 3983 per
2970 3908 3244 3964 redivivas
3296 3904 3550 3958 virtutes.

1968 4018 2102 4072 Nam
2152 4015 2246 4085 qui
2304 4020 2530 4083 peccato
2579 4016 2830 4063 mortuus
2878 4011 2981 4066 est,
3033 4001 3236 4055 virtute
3275 3996 3552 4050 contraria

1968 4107 2159 4179 procul
2180 4106 2350 4160 dubio
2380 4102 2531 4159 vivit.
2558 4104 2733 4170 Atque
2760 4098 2877 4152 haec
2905 4110 2934 4148 a
2957 4092 3125 4147 Paulo
3147 4097 3425 4145 mutuatus
3448 4094 3549 4141 est.

1972 4201 2063 4253 Sic
2096 4200 2240 4253 enim
2283 4195 2523 4266 quodam
2567 4195 2736 4262 Epist.
2772 4184 2838 4242 ad
2866 4183 3128 4255 Ephesios
3163 4182 3284 4237 loco
3312 4180 3503 4235 scribit
3539 4200 3548 4233 :

1973 4289 2162 4345 Edocti
2196 4288 2322 4343 estis
2348 4286 2605 4354 deponere
2634 4291 2852 4336 veterem
2882 4276 3162 4337 hominem,
3196 4273 3285 4343 qui
3317 4287 3552 4324 corrum—

289 4368 473 4437 χθητε
492 4364 821 4421 ἀποθέσθαι
837 4365 944 4419 τὸν
972 4367 1231 4421 παλαιὸν
1255 4367 1567 4436 ἄνθρωπον
1585 4370 1693 4423 τὸν
1713 4374 1863 4440 φθει-

1975 4384 2119 4453 pitur
2147 4378 2431 4435 secundum
2473 4373 2737 4430 desideria
2763 4370 2979 4426 erroris.
3010 4364 3348 4420 Renooamini
3379 4372 3552 4416 autem

280 4458 546 4529 ρόμενον
574 4458 724 4513 κατὰ
742 4458 848 4525 τὰς
888 4458 1201 4527 ἐπιθυμίας
1235 4458 1345 4528 τῆς
1380 4463 1628 4530 σαρκὸς,
1656 4463 1775 4533 ἦτοι
1793 4464 1866 4536 (6)

291 4553 392 4621 τῆς
442 4551 688 4622 ἀπάτης·
745 4552 1149 4606 ἀνανεοῦσθαι
1190 4552 1258 4606 δὲ
1297 4552 1375 4618 τῷ
1423 4556 1712 4624 πνεύματι
1761 4558 1867 4612 τοῦ

290 4644 435 4710 νοὸς
460 4638 769 4713 ὑμῶν,καὶ
799 4644 1167 4700 ἐνδύσασθαι
1189 4645 1296 4700 τὸν
1320 4647 1529 4701 καινὸν
1556 4648 1869 4717 ἄνθρωπον

290 4735 401 4789 τὸν
446 4736 593 4791 κατὰ
643 4738 792 4791 Θεὸν
830 4739 1167 4793 κτισθέντα.
1208 4741 1272 4794 Ὃ
1303 4739 1358 4793 δὲ
1407 4739 1575 4809 λέγει,
1627 4742 1867 4796 τοιοῦτόν

293 4831 475 4882 ἐστιν·
521 4829 814 4900 Ἐμάθετε,
864 4826 907 4884 ὧ
950 4832 1220 4901 Ἐφέσιοι,
1270 4832 1457 4901 ὥσπερ
1495 4835 1708 4904 ἱμάτιον
1736 4837 1869 4890 ἀπο-

292 4919 558 4974 δύσασθαι
595 4922 686 4975 τὸν
717 4921 943 4976 παλαιὸν
980 4920 1285 4991 ἄνθρωπον,
1332 4922 1575 4977 τουτέστι
1620 4924 1719 4997 τὴν
1772 4928 1867 4994 scp-

292 5012 539 5083 άμαρτον
592 5011 777 5084 ζωὴν,
822 5011 1175 5067 ἀνανεοῦσθαι
1225 5013 1317 5077 δὲ,
1349 5013 1447 5086 τὴν
1494 5018 1869 5087 πνευματικὴν

365 5169 389 5204 '
418 5169 575 5225 Joan.
605 5186 641 5233 ι,
668 5171 755 5225 15.
830 5170 850 5202 ⁸
884 5170 1079 5241 Ephes.
1111 5186 1185 5235 tv,
1214 5169 1399 5226 2124.

368 5325 445 5399 (ᾖ)
494 5325 847 5399 Μεταϐαλεῖ.
876 5324 1040 5381 Forte
1069 5326 1369 5399 μεταϐάλῃ.
1411 5326 1569 5382 Eutr.

367 5396 444 5466 (Ξ)
480 5397 797 5466 ’Ἄνθρωπον
818 5399 1020 5450 omittit
1053 5400 1105 5451 ι).

368 5464 445 5532 (3!
484 5464 590 5531 Δῷ.
622 5464 813 5528 Forte,
846 5467 919 5537 δῷ
946 5467 1021 5520 δέ.
1059 5468 1212 5522 Eutr.

299 5537 445 5662 ὧι(ἄέ
481 5539 594 5592 Καὶ
640 5536 1077 5612 δημιουργοῦντα
1130 5542 1254 5604 τοὺς
1305 5537 1736 5609 βαπτιζομένους
1776 5536 1871 5590 ad-

339 5622 370 5660 ιι
414 5622 465 5662 D.

344 5680 449 5759 .(5)
592 5679 679 5759 hic
723 5686 778 5733 et
821 5681 983 5759 paulo
1000 5679 1244 5759 inferius
1291 5680 1345 5759 in
1381 5678 1495 5759 hac
1520 5679 1770 5759 oratione
1797 5677 1869 5732 le-

305 5753 449 5821 gitur
496 5752 549 5805 in
582 5750 967 5822 utroque'cod.
1000 5751 1257 5822 Χρήσεις.
1293 5750 1448 5823 Quod
1485 5750 1883 5819 ideoqmoneo,

1975 4475 2166 4545 spiritu
2196 4472 2384 4526 mentis
2412 4476 2618 4531 vestrm,
2644 4474 2695 4520 et
2716 4462 2915 4518 induite
2946 4476 3131 4515 novum
3160 4457 3439 4517 hominem,
3465 4456 3554 4525 qui

1974 4563 2261 4620 secundum
2291 4561 2459 4617 Deum
2496 4566 2702 4613 creatus
2737 4563 2813 4609 est
2846 4554 2889 4608 ⁸.
2923 4551 3078 4619 Quod
3114 4548 3337 4622 perinde
3376 4555 3459 4603 est
3490 4562 3553 4599 ac

1975 4658 2021 4713 si
2053 4656 2260 4710 diceret
2290 4673 2302 4709 :
2334 4651 2555 4714 Discite,
2586 4665 2619 4703 ο
2643 4645 2885 4719 Ephesii,
2910 4651 3145 4699 veterem
3168 4639 3466 4700 hominem,
3502 4637 3553 4689 id

1975 4754 2080 4810 est,
2118 4744 2439 4816 ﬂagitiosam
2484 4740 2652 4796 vitam
2684 4753 2791 4792 non
2837 4747 2997 4790 secus
3028 4746 3091 4785 ac
3121 4738 3325 4797 vestem
3357 4741 3554 4811 quam-

1975 4836 2096 4893 dam
2132 4850 2351 4891 exuere.
2395 4828 2754 4888 Renovamini
2799 4834 2979 4882 autem
3016 4822 3284 4893 spirituali
3332 4836 3556 4890 regene-

1974 4929 2209 4991 ratione,
2247 4942 2341 4998 per
2369 4926 2645 4997 spiritum,
2674 4923 2766 4993 qui
2802 4922 2855 4975 in
2892 4927 3076 4996 mente
3110 4924 3291 4977 vestra
3324 4912 3550 4971 habitat.

1976 5020 2107 5086 Quae
2137 5020 2356 5092 quidem
2400 5017 2565 5074 verba
2604 5023 2969 5087 comminans,
2994 5008 3323 5079 TheOIOgns,
3363 5003 3550 5057 dixin:

1980 5339 2061 5406 ne_
2088 5325 2212 5395 quis
2271 5324 2467 5397 Most;
2515 5321 2794 5390 conjiciat.
2844 5319 3117 5401 Videatitr.
3136 5318 3292 5373 Philo
3338 5332 3389 5385 p.
3447 5315 3557 5369 727'

1980 5395 2113 5449 edit.
2149 5393 2339 5449 Colon.
2382 5391 2662 5449 Allobrox.
2706 5391 2860 5446 1615.
2898 5390 3007 5447 Nec
3052 5392 3227 5444 aliena
3263 5396 3389 5441 sum
3433 5402 3554 5449 quae

1978 5402 2113 5449 edit.
2149 5402 2339 5449 Colon.
2382 5402 2662 5462 Allobrog.
2706 5402 2860 5446 161.5.
2898 5402 3007 5447 Nec
3052 5402 3227 5444 aliena
3263 5402 3389 5441 sunt
3433 5402 3554 5454 qua:

1980 5464 2324 5547 Phavorinus
2351 5459 2414 5529 in
2449 5462 2677 5517 Lexicon
2708 5478 2866 5516 suum
2894 5461 3080 5516 retulit
3114 5478 3128 5514 :
3166 5454 3374 5581 Xgﬁotc
3399 5455 3555 5521 λέγει

1980 5554 2088 5581 ται-
2109 5538 2141 5581 ἡ
2171 5553 2278 5581 των
2300 5535 2543 5581 ἀοναίων
2565 5533 2883 5581 ποιημάτων
2908 5530 3201 5581 ιιαοτυοία.
3275 5543 3360 5581 an.
3393 5526 3549 5581 1874.

1980 5554 2089 5597 ται,
2109 5538 2142 5606 ἠ
2162 5526 2278 5609 τῷν
2296 5526 2543 5609 ἀρχαίων
2559 5533 2883 5609 ’ποιημάτων
2907 5530 3201 5609 μαρτυρία.
3222 5526 3360 5609 Ριιξ..
3393 5526 3549 5609 1875,

1981 5596 2142 5677 vers;
2161 5606 2261 5677 75..
2286 5596 2444 5659 Coifi.
2477 5596 3048 5677 Suiceri'Thesauru'm
3070 5596 3196 5677 ccci.
3224 5600 3277 5652 in
3304 5596 3550 5677 ζρῇσις.

1979 5675 2139 5747 (Ioni.
2160 5668 2321 5747 etiam
2345 5673 2865 5747 iluperiObservott.
2896 5672 2931 5747 l_.
2964 5688 3002 5734 ι,
3026 5686 3074 5726 c.
3110 5670 3191 5739 ιθ,
3222 5684 3277 5742 p.
3308 5668 3550 5747 ll7sqq.

2052 5746 2128 5820 (6)
2161 5746 2273 5818 Τῆς
2307 5743 2506 5820 σαρκὸς
2537 5746 2653 5817 ἦτοι
2682 5743 2880 5801 omittit
2910 5743 2961 5797 b.
