4040 6282
292 231 411 289 955

1518 249 1610 304 AD
1650 249 1707 305 S.
1749 251 2077 308 GBEGORII
2110 251 2318 311 ORAT.
2348 256 2389 313 I.

3447 266 3550 322 958

293 349 549 415 διάὁολος
569 368 582 380 ·
617 351 803 423 βαρεῖς
827 354 883 408 δὲ
912 358 1219 421 ἐπιστάται,
1244 361 1292 412 οἱ
1321 363 1706 432 συνεργοῦντες
1730 366 1880 437 αύτῷ

1986 367 2197 422 ritualis
2225 368 2434 425 I’harao
2460 368 2733 436 diabolus,
2759 386 2950 443 graves
2973 373 3100 431 Item
3129 344 3187 431 ει
3206 377 3386 435 acerbi
3413 398 3555 452 pra:-

294 442 589 514 δαίμονις⁴
627 448 720 499 καὶ
768 449 801 518 ὴ
837 450 1099 520 ἁμαρτία,
1131 453 1300 522 πηλὸς
1335 456 1429 507 καὶ
1460 455 1738 509 πλινθεία·
1775 475 1880 527 πη-

296 531 402 597 λὸς
432 535 529 606 μὲν
554 535 843 609 λεγομένη.
887 541 1013 593 ὅταν
1059 542 1195 613 πρὸς
1219 544 1317 607 τὰς
1347 544 1539 615 ἡδονὰς
1580 544 1773 614 φαῦλοι.
1804 547 1880 617 (1)

295 620 494 698 ὦμεν·
531 629 777 683 πλινθεία
811 631 887 697 δὲ,
926 634 1052 686 ὅταν
1086 635 1267 699 ποσῶς
1297 636 1736 708 συστελλώμεθα.
1769 639 1881 711 Τη-

295 721 539 776 νικαῦτα
566 722 622 776 δὲ
653 726 746 778 καὶ
771 726 1093 798 ἑορτάσιμος
1121 730 1254 799 ἡμῖν
1283 730 1435 783 ἔσται
1458 733 1490 802 η
1513 734 1576 785 ἐκ
1593 731 1884 803 τῆςάμαρ-

297 813 434 877 τίας
485 814 618 884 πρὸς
648 816 744 887 τὴν
771 817 1115 891 δικαιοσύνην
1157 820 1427 885 διάϐασις,
1459 822 1553 876 καὶ
1581 822 1784 894 ᾀσομεν
1814 824 1885 878 τὰ

296 909 485 974 ὲξὸδια
512 912 603 964 καὶ
630 910 979 983 διαϐατήρια,
1002 913 1184 967 οὐκέτι
1208 915 1542 985 κωλυόμενοι
1580 917 1878 985 ἑορτάζειν·

296 999 497 1071 ὥσπερ
521 1001 640 1053 οὐδὲ
671 1004 729 1056 ,οἱ
773 1002 1102 1073 Ἰσραηλῖται
1142 1005 1284 1075 μετά
1311 1006 1410 1076 τὴν
1457 1008 1555 1076 τῆς
1614 1007 1883 1079 Ἐρυθρᾶς

294 1091 591 1146 διάϐασιν·
646 1092 765 1145 οὐδὲ
807 1093 1079 1163 χρώμενοι
1126 1098 1191 1167 τῇ
1244 1096 1514 1168 σεσηπυίᾳ
1554 1099 1649 1151 καὶ
1695 1098 1882 1164 όξωδει

297 1184 457 1257 ζύμῃ
488 1188 585 1255 τῆς
630 1185 925 1257 ἁμαρτίας,
969 1187 1080 1240 ἀλλ’
1120 1186 1194 1251 ὡς
1238 1190 1294 1241 ἐν
1325 1189 1465 1242 ἑπτὰ
1505 1190 1760 1261 ἡμέραις,
1804 1191 1882 1263 τῷ

298 1278 582 1348 ὲπταδικῷ
606 1279 779 1348 τούτῳ
809 1278 927 1347 βίῳ,
952 1279 1051 1349 τὴν
1072 1279 1277 1347 ἄζυμον
1299 1282 1392 1333 καὶ
1416 1282 1661 1353 καθαρὰν
1682 1283 1881 1354 ἀρετὴν

298 1366 404 1420 καὶ
436 1366 709 1435 θεολογίαν
747 1367 1041 1436 μετιόντες.
1081 1367 1410 1438 Είλικρίνεια
1441 1369 1549 1439 γάρ
1589 1370 1730 1431 ἐστι,
1765 1367 1880 1437 βίου

297 1460 616 1529 καθαρότης
641 1477 653 1490 ·
688 1459 911 1528 ἀλήθεια
942 1461 998 1513 δὲ
1018 1502 1031 1523 ,
1058 1461 1344 1531 δογμάτων
1376 1459 1625 1531 ὀρθότης.
1669 1462 1759 1514 Ἐν
1791 1479 1883 1514 κε-

298 1553 521 1623 φαλαίῳ
560 1550 653 1606 οὖν
686 1553 773 1606 διὰ
805 1552 905 1622 τῆς
953 1552 1300 1624 εἰλικρινείας
1332 1553 1426 1605 καὶ
1460 1552 1739 1623 ἀληθείας,
1783 1554 1881 1624 τὴν

298 1646 621 1717 πρακτικὴν
680 1647 775 1699 καὶ
832 1645 1148 1717 θεολογικὴν
1205 1646 1523 1715 φιλοσοφίαν
1581 1646 1877 1715 ἐσήμανεν.

1984 456 2145 522 fecti,
2193 460 2296 515 hoc
2342 469 2460 528 est,
2510 462 2782 519 daemones
2829 464 3002 533 ipsius
3035 466 3347 538 adjutores,
3389 488 3555 543 grave

1982 549 2143 603 etiam
2164 550 2335 604 lutum
2348 561 2401 606 et
2418 554 2712 608 lateritinm
2727 570 2886 626 opus,
2903 556 2954 610 id
2971 565 3055 612 est
3076 569 3379 628 peccatum,
3407 564 3555 634 quod

1982 642 2200 711 quidem
2231 642 2404 698 lutum
2435 645 2659 712 dicitur,
2706 662 2832 701 cum
2872 648 3246 719 voluptatibus
3288 651 3559 724 ﬂagitiose

1983 733 2360 805 indulgemus;
2394 740 2687 793 lateritium
2724 748 2902 795 autem
2946 756 3103 811 opus,
3140 757 3262 797 cum
3306 746 3551 815 aliquan»

1984 825 2155 878 tulum
2197 841 2295 879 nos
2324 828 2471 896 ipsos
2493 828 2817 896 colligimus.
2854 828 2990 885 Tum
3024 847 3153 886 vero
3183 833 3340 889 nobis
3368 842 3557 892 trans-

1983 914 2091 969 itus
2112 916 2197 969 ille
2225 932 2252 969 a
2285 927 2507 986 peccato
2537 920 2602 973 ad
2633 919 2899 989 justitiam
2932 937 3057 976 cum
3090 925 3432 982 solemnitate
3458 942 3557 982 ce-

1983 1005 2279 1061 lebrandns
2304 1009 2428 1071 erit,
2454 1019 2615 1077 atque
2645 1010 2874 1081 hymnos
2898 1013 3195 1081 egressioni
3224 1021 3276 1068 et
3301 1017 3557 1071 transilui

1982 1105 2346 1165 congruentes
2377 1101 2742 1169 cantabimus,
2772 1118 2879 1156 non
2906 1103 3018 1172 jam
3053 1119 3085 1174 a
3122 1120 3396 1175 quoquam
3431 1123 3557 1177 pro-

1985 1185 2138 1243 hibiti
2169 1191 2462 1260 quominus
2493 1193 2688 1247 festum
2715 1195 3072 1261 celebremus,
3098 1199 3557 1267 quemadmodum

1984 1296 2085 1335 nec
2112 1281 2367 1338 Israelitae
2398 1292 2518 1354 post
2548 1288 2715 1343 maris
2744 1286 2910 1341 Rubri
2945 1291 3255 1355 transitum,
3285 1306 3384 1346 nec
3411 1294 3555 1362 putri

1984 1377 2281 1450 {calidoque
2324 1384 2526 1449 peccati
2572 1382 2839 1438 fermento
2874 1392 3110 1449 utentes,
3150 1402 3336 1441 verum
3380 1388 3434 1441 in
3466 1403 3556 1443 se-

1984 1472 2230 1539 ptenaria
2262 1464 2363 1525 hac
2389 1473 2516 1535 vita,
2548 1474 2705 1542 quasi
2732 1474 2784 1529 in
2823 1484 3029 1544 septem
3063 1477 3409 1546 paschalibus
3438 1477 3558 1532 die-

1983 1562 2085 1616 bus
2113 1561 2362 1616 fermenti
2390 1572 2664 1632 expertem
2698 1580 2998 1635 puramque
3040 1567 3295 1623 virtutem
3317 1582 3382 1620 ac
3407 1567 3560 1622 theo-

1984 1650 2180 1721 logiam
2210 1662 2609 1708 consectantcs.
2656 1653 2956 1712 Sinceritas
2986 1663 3152 1722 enim,
3188 1666 3274 1714 est
3307 1658 3429 1712 vitae
3460 1674 3561 1728 pu-

297 1739 518 1810 Ὥσπερ
550 1739 607 1791 δὲ
635 1741 683 1793 οἱ
723 1738 1051 1810 Ἰσραηλῖται
1088 1740 1151 1792 ἐκ
1180 1739 1281 1809 τῆς
1310 1738 1586 1806 Αἰγύπτου
1621 1736 1875 1802 ἐξιόντες,

1986 1742 2149 1810 ritas;
2200 1745 2398 1800 veritas
2447 1755 2627 1799 autem
2675 1747 2939 1803 doctrinas
2995 1748 3227 1818 ﬁdeique
3275 1727 3559 1818 integritas

295 1833 455 1887 οὐδὲν
487 1832 820 1903 ἐπεφέροντο
853 1831 1151 1898 Αίγύπτιον
1184 1832 1371 1900 κρᾶμα
1410 1830 1505 1884 καὶ
1536 1829 1787 1900 φύραμα,
1833 1831 1880 1883 εί

300 1926 383 1997 μὴ
409 1925 567 1996 μόνον
590 1926 811 1996 ἄλευρα·
831 1923 973 1977 οὕτω
994 1923 1099 1994 χρὴ
1120 1925 1213 1976 καὶ
1236 1924 1379 1993 ἡμᾶς
1404 1924 1466 1975 ἐκ
1488 1923 1586 1991 τῆς
1610 1922 1881 1991 ἁμαρτίας

297 2014 745 2089 ἀναχωροῦντας,
780 2016 854 2087 μὴ
877 2016 1166 2084 φυλάττειν
1195 2033 1248 2067 τι
1271 2018 1367 2085 τῆς
1390 2013 1662 2086 προτέρας
1683 2014 1883 2077 κακίας

297 2112 574 2181 λείψανον.
607 2110 743 2163 ἀλλά
770 2110 867 2181 τὴν
901 2111 1102 2181 ἀρετὴν
1129 2108 1336 2179 ἄζυμον
1371 2108 1535 2178 ἔχειν,
1583 2107 1656 2178 μὴ
1704 2125 1881 2178 φυρα-

299 2202 491 2255 θεῖσαν
513 2201 545 2269 ἢ
574 2200 995 2272 ἀνακραθεῖσαν,
1020 2194 1109 2252 οἷά
1134 2215 1239 2251 τινι
1266 2197 1435 2268 ζύμῃ,
1464 2199 1529 2269 τῇ
1554 2196 1758 2267 παλαιᾷ
1787 2195 1881 2248 καὶ

298 2295 479 2365 πικρᾷ
528 2292 673 2357 ἔξει,
733 2293 798 2362 ἣν
852 2290 1209 2361 ἐσιτούμεθα,
1263 2291 1351 2343 ὅτε
1402 2290 1458 2341 ἐν
1510 2288 1768 2359 Αἰγύπτῳ
1813 2290 1879 2358 τῇ

300 2387 551 2457 ἁμαρτίᾳ
585 2386 866 2456 διήγομεν.
903 2384 968 2437 Τί
1018 2383 1075 2435 δὲ
1122 2382 1181 2435 τὸ
1219 2380 1591 2449 Αἱγυπτιακδν
1628 2379 1878 2451 φύραμα,

298 2481 467 2545 αὐτὸς
499 2482 528 2533 ὁ
556 2479 815 2548 Θεολόγος
850 2475 1163 2548 ἐρμηνεύει.
1197 2476 1278 2528 ὅτι
1318 2473 1391 2527 Τὸ
1420 2472 1577 2526 ἄθεον
1613 2470 1810 2541 δόγμα,
1847 2469 1879 2541 ἦ

297 2571 364 2625 τὸ
393 2571 668 2626 σκοτεινὸν
702 2571 794 2623 καὶ
830 2572 1072 2640 ῥυπαρὸν
1103 2567 1285 2638 ἔργον.

1978 1841 2032 1886 ει
2066 1833 2352 1888 rectitude.
2400 1833 2458 1888 In
2501 1852 2711 1890 summa
2757 1838 2939 1908 itaque
2974 1855 3068 1908 per
3100 1839 3471 1895 sinceritatem
3507 1849 3561 1896 et

1982 1926 2259 1979 veritatem
2293 1928 2524 1981 activam
2565 1937 2618 1982 et
2659 1930 3020 2002 theologicam
3054 1934 3375 2001 sapientiam
3410 1934 3558 1989 desi-

1978 2020 2185 2087 gnavit.
2229 2018 2400 2075 Porro
2432 2024 2886 2091 quemadmodum
2925 2024 3181 2080 Israelita;
3217 2041 3280 2080 ex
3326 2024 3561 2096 Egypto

1979 2112 2304 2167 excedentes
2352 2114 2557 2168 nullam
2604 2131 2789 2169 secum
2824 2115 3203 2188 Egyptiacam
3249 2117 3559 2172 mistionem

1980 2218 2043 2258 ac
2068 2204 2513 2273 conspersionem
2539 2216 2734 2276 prarter
2758 2207 2990 2263 farinam
3016 2211 3185 2265 solam
3211 2208 3557 2265 deferebant:

1980 2295 2060 2349 sic
2094 2295 2253 2351 nobis
2293 2298 2478 2363 etiam,
2520 2313 2643 2351 cum
2678 2313 2707 2351 a
2745 2306 2969 2369 peccato
3012 2300 3340 2365 recedimus,
3383 2300 3563 2369 provi-

1979 2385 2213 2440 dendum
2266 2395 2389 2450 est,
2439 2404 2508 2441 ne
2554 2404 2690 2457 quas
2743 2390 2985 2459 pristinae
3037 2391 3253 2444 malitia:
3304 2390 3562 2459 reliquias

1980 2491 2280 2541 servemus,
2311 2493 2498 2532 verum
2529 2487 2587 2532 ut
2624 2477 3057 2535 infermentatam
3084 2481 3335 2535 virtutem
3363 2481 3563 2535 habea-

1980 2581 2103 2619 mus
2150 2581 2256 2620 non
2314 2581 2667 2638 conspersam
2720 2584 2783 2623 ac
2841 2574 3156 2639 permistam
3207 2586 3332 2626 cum
3392 2569 3563 2640 veteri

299 2672 470 2735 atque
529 2676 713 2715 amara
773 2659 940 2714 animi
996 2655 1349 2718 habitudine,
1405 2652 1563 2723 quasi
1621 2650 1892 2707 fermento
1932 2653 2193 2723 quodam,
2220 2671 2331 2725 quo
2357 2659 2737 2723 vescebamur,
2765 2678 2887 2716 cum
2914 2661 2968 2715 in
2992 2671 3239 2731 peccato,
3305 2672 3562 2734 tanquam

298 2757 361 2813 in
388 2754 1162 2827 Egypto,commoraremnr.
1196 2744 1336 2814 Quid
1402 2752 1581 2799 autem
1651 2743 2135 2815 sitJEgyptiacum
2188 2745 2539 2816 fermentum,
2593 2748 2905 2824 Theologus
2972 2754 3090 2822 ipse
3153 2754 3563 2825 interpretatur,

302 2851 474 2923 impia
525 2863 718 2918 nempe
764 2847 1041 2908 doctrina,
1086 2852 1180 2898 aut
1234 2841 1521 2897 tenrbrosa
1572 2847 1625 2894 et
1664 2838 1883 2894 sordida
1922 2840 2092 2894 actio.

376 2944 498 2999 Col.
540 2943 645 2997 597
680 2942 720 2993 Β
772 2942 826 2993 3.
879 2937 1028 3004 Χθὲς
1076 2933 1685 3001 συνεσταυρούμην...
1725 2946 1875 2984 συν-

299 3038 617 3106 εγειζρομαι.
651 3033 726 3086 Τὸ
757 3033 883 3103 χθὲς
915 3030 1137 3084 δύναται
1176 3028 1272 3082 καὶ
1308 3027 1427 3080 ὅλον
1458 3024 1548 3079 τὸν
1574 3024 1762 3095 καιρὸν
1782 3024 1880 3094 τῆς

2058 2930 2191 2985 Heri
2222 2949 2339 2987 cum
2377 2933 2587 2987 Christo
2622 2933 2673 2987 in
2709 2950 2914 2988 crucem
2943 2935 3156 3006 agebar,
3191 2944 3301 2991 etc.
3333 2936 3436 2992 Per
3464 2937 3567 2998 hoc

1986 3024 2339 3091 adverbium,
2382 3027 2529 3090 heri,
2583 3034 2762 3096 potest
2811 3034 2865 3081 et
2919 3035 3092 3082 totum
3131 3027 3569 3102 Quadragesima:

302 3125 764 3197 Τεσσαρακοστῆς
810 3122 1163 3176 αἰνίττεσθαι.
1192 3118 1334 3180 Χθὲς
1372 3111 1496 3178 οὖν,
1529 3115 1693 3185 φησὶν
1713 3153 1727 3175 ,
1756 3130 1882 3165 συν-

1986 3119 2199 3183 tempus
2232 3114 2548 3184 signiﬁcari.
2582 3113 2709 3169 Heri
2740 3115 2922 3186 igitur,
2967 3114 3162 3185 inquit,
3196 3133 3319 3172 cum
3349 3119 3570 3175 Christo

302 3218 692 3293 εσταυρούμην
735 3215 958 3288 Χριστῷ
981 3254 995 3277 ,
1035 3212 1144 3265 τῶν
1181 3210 1384 3283 γηΐνων
1424 3207 1757 3279 ὑψούμενος,
1790 3206 1885 3257 καὶ

300 3317 405 3387 τῆς
439 3315 559 3368 κατ’
602 3311 884 3382 ἐνέργειαν
916 3305 1192 3378 ἁμαρτίας
1223 3300 1593 3372 ἀπεχόμενος,
1623 3299 1719 3351 καὶ
1764 3313 1888 3351 συν-

302 3403 647 3477 ενεκρούμην
664 3402 757 3456 καὶ
782 3397 1081 3453 συνεθαπτό
1089 3414 1194 3467 μην
1215 3392 1307 3447 καὶ
1330 3393 1463 3463 πρὸς
1489 3390 1627 3444 αὐτὰ
1648 3390 1715 3441 τὰ
1740 3387 1884 3457 πάθη

303 3501 403 3553 καὶ
438 3497 536 3568 τὴν
578 3494 722 3549 κατά
757 3492 882 3546 νοῦν
912 3488 1186 3561 ἁμαρτίαν
1220 3486 1394 3557 μένων
1420 3483 1615 3555 νεκρὸς
1643 3481 1735 3533 καὶ
1768 3478 1887 3532 ἀκί-

300 3608 486 3663 νητος.
538 3589 785 3659 Σήμερον
837 3581 1165 3655 ἐνεργοῦμαι
1212 3577 1272 3631 τὸ
1303 3572 1620 3640 δοξάζεσθαι
1664 3572 1724 3624 τὸ
1755 3572 1890 3635 ζωο-

306 3683 606 3746 ποιεῖσθαι,
635 3680 697 3734 τὸ
724 3674 1128 3746 ἐξανίστασθαι.
1162 3670 1318 3726 Κατά
1354 3669 1624 3723 ἀντίθεσιν
1661 3666 1717 3719 δὲ
1754 3682 1887 3735 σχη-

309 3778 530 3852 ματίζει
571 3775 663 3828 τὸν
706 3771 862 3841 λόγον
896 3772 923 3823 ὁ
967 3767 1249 3835 Θεολόγος.
1296 3763 1625 3817 Ἀντίκειται
1664 3764 1773 3852 γὰρ
1822 3760 1886 3828 τῇ

309 3851 411 3942 μὲν
437 3866 624 3937 ἀδοξίᾳ
651 3864 745 3919 τοῦ
777 3861 1037 3935 σταυροῦ,
1082 3862 1116 3931 ἡ
1149 3856 1297 3923 δόξα,
1346 3858 1412 3927 τῇ
1446 3855 1501 3908 δὲ
1536 3851 1822 3924 νεκρώσει,
1852 3852 1885 3921 ἠ

307 3964 447 4035 ζωὴ,
477 3963 546 4032 τῇ
576 3959 634 4012 δέ
665 3960 834 4029 ταφῇ,
871 3957 904 4026 ή
930 3955 1248 4015 ἀνάστασις.
1278 3950 1386 4003 Καὶ
1405 3949 1505 4019 ὅρα
1531 3942 1887 4035 ἀκολουθίανξ

308 4034 535 4127 Πρῶτον
564 4051 674 4123 γάρ
703 4049 1030 4120 σταύρωσις,
1064 4046 1198 4116 ὅπερ
1238 4042 1354 4095 ἐστὶ
1383 4039 1619 4100 κώλυσις
1647 4036 1744 4106 τῆς
1767 4034 1887 4087 κατ’

309 4152 593 4222 ἐνέργειαν
622 4145 932 4220 ἁμαρτίας’
971 4141 1223 4213 δεύτερον
1255 4137 1553 4208 νέκρωσις,
1586 4135 1754 4204 ἤγουν
1799 4146 1891 4222 συ-

312 4221 480 4314 στολὴ
504 4242 604 4311 τῆς
623 4239 767 4294 κατὰ
796 4237 921 4292 νοῦν
951 4234 1161 4306 φαύλης
1188 4231 1486 4300 κινήσεως-ο
1512 4224 1697 4299 τρίτον
1722 4221 1888 4314 ταφὴ,

309 4313 591 4391 τουτέστιν
638 4332 923 4402 ἀναίρεσις
970 4326 1066 4381 καὶ
1093 4325 1262 4395 αὐτῆς
1310 4322 1408 4391 τῆς
1450 4316 1586 4388 πρὸς
1623 4314 1692 4368 τά
1743 4313 1889 4383 πάθη

311 4428 631 4501 ἐνεργείας⁸
681 4424 973 4495 τέταρτον,
1015 4419 1332 4479 ἀνάστασις.
1389 4414 1559 4465 Ὅταν
1596 4407 1726 4501 γὰρ
1759 4408 1893 4501 ἀπο-

1987 3207 2040 3260 in
2092 3221 2312 3261 crucem
2370 3207 2694 3279 suIIigebar,
2744 3224 2774 3262 a
2827 3210 3062 3263 terrenis
3113 3209 3277 3265 rebus
3333 3219 3567 3266 mentem

1987 3298 2327 3363 subvehens,
2378 3305 2542 3367 atque
2594 3299 2663 3353 ab
2718 3305 2843 3352 actu
2893 3300 3101 3369 peccati
3153 3301 3465 3366 abstinens,
3516 3309 3571 3356 et

1986 3391 2387 3445 commoriebar
2432 3401 2486 3446 et
2548 3391 2990 3461 consepeliebar,
3057 3392 3318 3446 nimirum
3391 3392 3571 3463 quoad

1988 3480 2138 3550 ipsos
2185 3483 2347 3555 etiam
2396 3481 2623 3536 aII'ectus
2661 3491 2715 3537 et
2746 3483 2954 3553 peccati
2991 3483 3377 3552 cogitationem
3424 3500 3571 3539 mor-

1991 3585 2118 3631 tuus
2143 3585 2305 3646 atque
2333 3578 2628 3635 immobilis
2659 3594 2906 3636 manens.
2938 3579 3109 3635 Ilodie
3139 3580 3230 3636 Dei
3257 3582 3572 3651 operatione

1988 3668 2285 3739 glorificor,
2336 3670 2585 3724 vivilicor
2632 3678 2687 3724 et
2738 3686 2986 3741 resurgo.
3035 3671 3338 3727 Antithesis
3395 3683 3571 3728 autem

1990 3759 2159 3830 ﬁgura
2220 3761 2391 3815 utitur
2440 3761 2768 3832 Theologns.
2819 3763 3015 3817 Crucis
3068 3766 3213 3819 enim
3266 3765 3576 3835 ignominiae

1988 3853 2285 3920 opponitur
2347 3853 2547 3924 gloria,
2609 3853 3015 3909 mortificationi
3076 3856 3219 3919 vita,
3283 3858 3575 3926 sepultura:

1990 3945 2341 3998 resurrectio.
2376 3948 2453 3999 Ac
2496 3944 2642 4011 vide,
2675 3960 2838 4015 quam
2883 3955 3010 4017 apto
3038 3947 3229 4001 ordine
3266 3947 3381 4001 haac
3412 3948 3577 4003 verba

1990 4031 2257 4101 disposita
2292 4034 2423 4088 sint.
2456 4034 2723 4089 Praecedit
2755 4035 2897 4090 enim
2949 4037 3252 4101 crucilixio,
3293 4036 3346 4090 id
3376 4044 3481 4101 est,
3511 4053 3575 4091 ea

1991 4123 2095 4185 vis,
2119 4139 2223 4193 qua
2258 4140 2358 4179 nos
2394 4125 2541 4195 ipsos
2576 4126 2877 4191 frenamus,
2913 4144 2982 4183 ne
3015 4138 3299 4197 peccatum
3330 4130 3385 4183 in
3421 4136 3577 4185 actus

1991 4223 2168 4271 exeat.
2227 4213 2486 4284 Sequitur
2550 4217 2922 4279 mortiﬁcatio,
2963 4218 3067 4273 hoc
3109 4226 3215 4285 cst,
3257 4220 3577 4275 vitiosorum

1993 4305 2160 4359 animi
2199 4314 2444 4361 motuum
2494 4308 2851 4377 compressio.
2901 4307 3039 4363 Huic
3086 4310 3328 4380 proxima
3373 4319 3457 4366 est
3489 4325 3580 4366 se-

1998 4398 2233 4466 pultura,
2270 4396 2323 4451 id
2357 4406 2461 4461 est,
2500 4399 2674 4468 ipsius
2724 4416 2940 4470 quoque
2987 4401 3134 4456 circa
3176 4402 3343 4456 animi
3387 4402 3579 4456 turbu-

313 4486 694 4591 σκωμεθα-τοῦ
731 4486 853 4570 κατ’
882 4512 1163 4583 ἐνέργειαν
1191 4504 1544 4578 ἁμαρτάνειν,
1571 4495 1688 4553 εἶτα
1712 4495 1885 4591 ἐντεῦ-

1996 4488 2171 4543 Ientos
2203 4497 2382 4542 motus
2412 4490 2644 4545 actionis
2674 4492 2988 4547 exstinctio.
3022 4492 3361 4548 Postremum
3399 4494 3578 4547 locum

310 4588 407 4667 θεν
436 4588 806 4683 προκόψωμεν
828 4608 907 4669 εἰς
937 4604 997 4657 τὸ
1030 4601 1164 4674 μηδέ
1190 4598 1333 4653 κατὰ
1360 4596 1484 4650 νοῦν
1510 4588 1891 4662 πολεμεῖσθαι,

311 4704 453 4760 ἀλλά
497 4706 679 4757 πᾶσαν
715 4702 931 4771 κίνησιν
976 4691 1356 4767 ἀμαρτητικὴν
1401 4686 1564 4741 οἱονεὶ
1608 4683 1890 4754 θάψωμεν,

309 4799 435 4855 τότε
460 4800 490 4851 ὁ
527 4797 683 4865 λόγος
717 4794 876 4865 μόνος
906 4793 963 4844 ἐν
990 4792 1145 4861 ἡμῖν,
1177 4786 1365 4855 ὥσπερ
1404 4784 1469 4836 ἐκ
1508 4778 1718 4851 νεκρῶν
1763 4780 1892 4849 ἐγη-

310 4890 602 4965 γερμένος,
636 4886 1023 4957 ἀναφαίνεται.

385 5142 527 5199 Ibid.
559 5138 612 5196 6.
664 5136 839 5193 Ἀλλὰ
872 5178 887 5192 .
925 5178 935 5189 .
979 5176 993 5189 .
1028 5132 1409 5187 οἰκειότατον.
1470 5123 1751 5179 Ἐντεῦθεν
1797 5122 1889 5174 ἐπὶ

313 5240 378 5295 τὸ
411 5238 510 5309 τῆς
540 5231 853 5305 συμϐουλῆς
887 5225 1025 5291 εἶδος
1068 5226 1238 5297 χωρεῖ
1272 5225 1301 5276 ὁ
1341 5220 1513 5291 μέγας
1546 5216 1759 5309 Πατὴρ,
1798 5212 1891 5309 καὶ

318 5305 690 5402 προτρέπεται
730 5320 952 5395 Χριστῷ
980 5316 1368 5389 καρποφορεῖν.
1400 5311 1617 5365 Δίκαιον
1647 5305 1775 5378 γὰρ,
1806 5305 1890 5402 ὅτι

319 5400 415 5478 καὶ
440 5422 601 5484 αὐτὸς
628 5418 771 5489 ὑπὲρ
800 5414 956 5488 ἡμῶν
983 5411 1205 5471 ἔπαθεν,
1232 5409 1321 5463 ἴνα
1351 5405 1447 5478 τὴν
1471 5402 1740 5458 ἀπάθειαν
1762 5400 1897 5470 ἡμῖν

320 5513 651 5585 προξενήσῃ,
689 5508 784 5563 καὶ
818 5507 956 5577 ὑπὲρ
982 5502 1138 5576 ἡμῶν
1164 5501 1384 5570 ἀνέστη,
1420 5494 1641 5568 ἀπαρχὴ
1670 5494 1899 5564 γενόμε-

319 5623 411 5671 νος
436 5602 804 5666 ἀναστάσεως,
833 5601 920 5653 ἵνα
951 5596 1174 5667 βεϐαίαν
1199 5594 1410 5666 ἔχωμεν
1441 5590 1541 5662 τὴν
1578 5587 1767 5643 ἐλπίδα
1798 5586 1895 5656 τῆς

321 5696 693 5757 ἀναστάσεως.
726 5692 838 5763 Τῆς
868 5691 975 5761 γὰρ
1003 5688 1245 5758 κεφαλῆς
1272 5684 1605 5755 ἀναστάσης,
1638 5681 1721 5734 δεῖ
1759 5680 1899 5734 πάνυ

1993 4588 2137 4635 ιειιει
2192 4583 2543 4635 resnrrectio.
2604 4580 2739 4636 Nam
2797 4598 2920 4637 cum
2985 4583 3053 4638 ab
3102 4584 3361 4653 Operibus
3419 4585 3578 4639 malis

1992 4669 2440 4735 abstinuerimus,
2480 4686 2544 4725 ac
2576 4671 2775 4728 deinde
2804 4688 2869 4727 eo
2901 4674 3175 4743 progressi
3211 4673 3495 4737 fuerimus,
3519 4681 3580 4728 ut

1990 4776 2060 4818 ne
2116 4762 2171 4816 in
2234 4763 2418 4817 animo
2472 4764 2692 4834 quidem
2756 4781 3169 4838 oppugnemur,
3229 4768 3322 4822 sed
3388 4784 3579 4825 omnes

1990 4854 2221 4909 vitiosos
2286 4865 2465 4910 motus
2515 4857 2916 4925 exciderimus,
2970 4866 3025 4913 et
3081 4858 3231 4912 velut
3296 4859 3578 4927 sepultura

1993 4944 2371 5009 alfecerimus,
2426 4954 2540 5001 tum
2591 4948 2809 5003 deruunt
2858 4951 2972 5006 sola
3031 4948 3087 5005 in
3140 4949 3298 5005 nobis
3346 4951 3494 5004 velut
3548 4965 3579 5005 a

1995 5046 2172 5091 morte
2206 5040 2440 5092 excitata
2472 5042 2613 5094 ratio
2641 5041 2840 5095 elucet.

2066 5127 2283 5185 Sed.....
2322 5132 2552 5185 maxime
2597 5134 2887 5201 propriam,
2927 5144 3031 5189 etc.
3083 5133 3306 5191 Transit
3346 5135 3457 5205 jam
3512 5136 3579 5191 ad

1995 5222 2329 5276 deliberativi
2357 5225 2572 5294 generis
2604 5225 2837 5294 speciem
2878 5225 3208 5299 Theologus,
3241 5234 3403 5297 atque
3451 5226 3580 5282 hor-

1998 5321 2166 5376 tatur,
2214 5322 2274 5368 ut
2319 5314 2538 5370 Christo
2583 5331 2808 5371 munera
2857 5318 3152 5374 oﬂ‘eramus
3184 5338 3197 5374 :
3235 5334 3449 5389 atquum
3496 5327 3581 5374 est

1995 5406 2165 5470 enim,
2202 5406 2457 5475 quoniam
2511 5406 2627 5476 ipse
2668 5423 2888 5479 quoque
2936 5420 3126 5466 nostra
3175 5425 3339 5466 causa
3384 5426 3581 5481 passus

1993 5504 2107 5563 est;
2137 5505 2197 5550 ut
2230 5496 2391 5553 nobis
2435 5497 2756 5567 passionum
2791 5500 3191 5556 immunitatem
3227 5501 3579 5568 conciliaret;

1996 5601 2059 5641 ac
2107 5602 2207 5658 pro
2251 5588 2411 5643 nobis
2459 5590 2781 5656 resurrexit,
2827 5593 3084 5663 primitia:
3114 5593 3364 5649 videlicet
3393 5608 3579 5650 resur-

1996 5680 2258 5737 rectionis
2318 5679 2530 5747 Iactus,
2586 5691 2643 5739 ut
2692 5683 2902 5740 Iirmam
2956 5685 3375 5744 resurrectionis
3425 5701 3580 5759 spem

397 5820 486 5900 ιι)
534 5817 735 5875 Χαῦνοι
776 5818 832 5888 b,
874 5818 1020 5890 quod
1064 5816 1238 5889 magis
1276 5814 1542 5891 convenit
1590 5809 1667 5885 τῷ
1723 5808 2133 5867 συστέλλεσθαι.
