4040 6282
283 248 402 305 957

1517 252 1602 311 AD
1642 250 1702 310 S.
1742 251 2070 311 GREGORII
2107 253 2319 311 ORAT.
2362 253 2403 309 Ι.

3466 253 3572 313 958

280 370 464 440 λέγει,
505 368 580 442 μὴ
603 368 899 439 γινώσκειν
926 370 1115 425 ἑαυτὸν
1143 371 1235 425 διὰ
1266 372 1362 445 τὴν
1400 373 1706 431 ἀλλοίωσιν.
1742 376 1876 432 Γνῶ·

1990 385 2132 438 mus,
2164 371 2384 442 qualem
2410 370 2644 441 primum
2677 371 3019 442 accepimus.
3040 370 3183 427 Nam
3210 387 3359 429 nunc
3383 373 3476 429 alii
3500 389 3569 430 ex

284 479 400 535 μιν
425 458 541 527 οὖν,
566 462 743 534 ἡλίκοι
773 460 925 533 παρά
950 462 1084 517 Θεοῦ
1112 464 1415 536 γεγόναμεν
1442 467 1536 520 καὶ⁵
1563 468 1623 520 τὸ
1650 468 1880 540 ἀρχέτυ-

282 572 397 609 πον
427 556 747 626 τιμίῖσωμεν
773 557 831 609 ἑν
868 555 948 627 τῷ
979 558 1166 628 τηρεῖν
1198 556 1296 628 τὴν
1336 557 1523 611 εἰκόνα
1553 558 1876 629 ἀμόλυντον.

280 648 508 702 Γίνεται
534 647 593 700 δὲ
614 646 754 718 αὔτη
784 650 818 719 ἡ
847 647 1002 719 τιμὴ,
1030 648 1119 701 διὰ
1153 648 1253 720 τῆς
1282 648 1752 721 ἀπηκριϐωμένης
1787 668 1881 722 μι-

286 743 538 813 μήσεως,
582 740 674 794 καὶ⁸
720 741 851 794 ὅταν
882 740 944 793 τὸ
980 740 1332 813 παράδειγμα
1374 742 1561 812 ὅμοιον
1600 740 1677 811 τῷ
1710 742 1879 812 ἀρχε-

280 836 450 905 τύπῳ
507 834 787 904 φαίνηται.
844 833 1069 905 Γνῶμεν
1118 836 1213 888 καὶ
1263 834 1357 888 τοῦ
1422 835 1722 907 μυστηρίου
1782 834 1881 905 τὴν

279 925 564 1000 δὰναμιν,
604 928 854 982 τουτέστι
892 926 993 997 τῆς
1042 928 1237 999 ἑορτῆς
1279 928 1379 1000 τὴν
1427 928 1607 982 αἰτίαν
1654 927 1749 983 καὶ
1788 927 1880 982 τὸν

283 1020 517 1076 σκοπόν.
568 1021 647 1073 At?
702 1022 851 1091 ἡμᾶς
902 1021 1010 1091 γὰρ
1057 1022 1206 1074 πᾶσα
1258 1022 1292 1091 ἡ
1354 1020 1735 1092 φιλάνθρωπος
1784 1018 1879 1073 τοῦ

280 1112 569 1165 Δεσπότου
604 1111 887 1183 οἰκονομία
924 1113 1138 1182 γέγονε,
1187 1112 1283 1167 καλ⁸
1318 1111 1459 1184 ὑπὲρ
1507 1111 1665 1183 ἡμῶν
1715 1110 1880 1181 σαρκὶ

281 1202 526 1257 θανάτου
561 1202 826 1270 ἐγεύσατο
845 1204 873 1256 ὁ
899 1204 1188 1268 ἀθάνατος.
1213 1204 1251 1258 Γ
1254 1202 1504 1275 ενώμεθα
1528 1203 1604 1266 ὡς
1624 1202 1877 1275 Χριστὸς,

278 1294 414 1346 ἐπεὶ
447 1293 542 1347 καλ⁸
573 1293 809 1364 Χριστὸς
838 1293 913 1357 ὡς
951 1294 1134 1366 ἡμεῖς.
1180 1295 1238 1348 Ὁ
1267 1294 1570 1367 κορυφαῖος
1602 1311 1734 1363 φησι
1773 1295 1878 1348 Πέ-

279 1404 441 1457 τρος,
486 1387 568 1439 ὅτι
595 1386 849 1455 Χριστὸς
885 1386 1107 1441 ἔπαθεν
1136 1386 1288 1455 ὑπὲρ
1321 1385 1511 1456 ἡμῶν,
1544 1385 1688 1455 ἡμῖν
1735 1388 1880 1440 ὐπο-

278 1478 604 1549 λιμπάνων
644 1478 1055 1549 ὑπογραμμόν.
1089 1479 1286 1547 Γέγονε
1313 1478 1422 1550 γὰρ
1454 1481 1483 1532 ὁ
1524 1476 1717 1549 Σωτὴρ
1748 1478 1881 1531 ὑπο-

281 1570 551 1644 γραμμὺς
612 1574 726 1635 τοῖς
778 1569 1110 1643 ἀνθρώποις,
1166 1570 1507 1641 τυπούμενος
1552 1570 1734 1633 αὐτοῖς
1786 1570 1880 1623 καὶ

280 1663 587 1735 λαμϐάνων
621 1664 853 1727 ἀπαθῶς
890 1663 958 1717 τὰ
994 1666 1244 1735 νοήματα
1273 1664 1369 1717 τοῦ
1411 1664 1616 1734 κόσμου
1662 1662 1875 1716 τούτου.

1983 463 2107 520 aliis
2145 462 2278 519 facti
2318 471 2537 519 nosmet
2573 462 2995 535 haudquaquam
3031 465 3407 536 agnoscimus,
3440 479 3569 536 per-

1981 555 2110 611 inde
2145 571 2280 612 sane
2329 570 2393 611 ac
2445 555 2491 611 si
2541 556 2666 626 quis
2714 554 2770 610 in
2807 555 2976 610 alium
3022 556 3297 612 hominem
3333 554 3572 611 transla-

1986 656 2099 715 tus,
2120 648 2357 704 afﬁrmet
2382 664 2443 706 se
2467 648 2573 704 sibi
2607 648 2712 720 ipsi
2738 648 2985 720 ignotum
3004 664 3149 713 esse,
3175 656 3403 721 propter
3424 647 3572 717 ejus,

1982 742 2129 797 modi
2166 742 2621 797 immutationem.
2670 739 3041 814 lntelligamus
3088 742 3274 813 igitur,
3292 740 3485 812 quales
3531 754 3563 794 a

1982 832 2094 889 Deo
2122 834 2292 889 creati
2334 850 2544 899 sumus,
2577 844 2742 905 atque
2785 835 3065 904 exemplar
3096 841 3348 890 nostrum
3385 832 3562 886 hono-

1980 942 2189 990 remus,
2222 927 2481 981 nimirum
2518 928 2808 1000 imaginem
2832 945 2861 983 a
2890 929 3147 983 vitiorum
3173 925 3432 982 sordibus
3460 924 3563 979 im-

1983 1037 2206 1077 munem
2238 1021 2532 1078 servando.
2572 1021 2753 1077 Porro
2781 1023 2870 1078 hic
2906 1023 3086 1077 honor.
3122 1018 3567 1076 lnaceuratissi-

1984 1130 2069 1169 ma
2096 1114 2403 1169 imitatione
2434 1114 2860 1177 consistit,.cuni
2895 1116 3212 1184 exemplum.
3233 1100 3568 1181 exemplaris

1983 1206 2070 1260 sui
2124 1205 2545 1262 similitudinem
2604 1208 2880 1263 retulerit.
2919 1205 3041 1262 Vim
3088 1206 3264 1262 etiam
3310 1203 3562 1276 mysterii

1980 1312 2403 1369 cognoscamus,
2436 1299 2489 1354 id
2515 1307 2619 1363 est,
2672 1300 2796 1356 festi
2841 1314 3063 1355 causam
3089 1305 3151 1353 et.
3174 1313 3421 1369 scopum.
3457 1296 3567 1351 Nov

1980 1398 2095 1446 stra
2142 1392 2345 1447 etenim
2391 1406 2559 1448 causa
2608 1398 2780 1447 totum
2821 1389 3222 1447 incarnationis
3264 1390 3566 1446 Dominica:

1982 1480 2304 1552 mysterium
2338 1481 2603 1551 contigit,
2636 1490 2801 1552 atque
2836 1480 3166 1537 immortalis
3208 1480 3300 1537 ille
3333 1489 3564 1537 mortem

1982 1588 2084 1644 pro
2119 1574 2278 1629 nobis
2328 1584 2593 1645 quantum
2634 1574 2702 1629 ad
2746 1590 2971 1629 carnem
3009 1572 3341 1645 degustavit.
3378 1572 3565 1630 Simus

1981 1676 2042 1723 ut
2080 1667 2356 1733 Christus,
2394 1668 2655 1738 quoniam
2701 1668 2957 1724 Christus
2993 1683 3217 1738 quoque
3261 1669 3407 1722 sicut
3436 1683 3562 1726 nos.

281 1757 364 1811 Τὸ
390 1753 504 1819 οὖν,
546 1756 843 1828 Γενὼμεοα
874 1756 949 1821 ὡς
982 1758 1238 1828 Χριστὸς,
1270 1757 1415 1811 οὕτω
1440 1760 1672 1829 νοήσεις·
1705 1754 1876 1808 Γενὼ-

1982 1760 2180 1818 Petrus
2228 1762 2599 1833 apostolorum
2641 1760 2900 1832 princeps
2936 1761 3013 1814 ait
3049 1759 3336 1815 :Christus
3371 1777 3563 1830 passus

286 1850 433 1921 μεθα
473 1850 706 1922 καθαροὶ
742 1851 838 1904 καὶ
888 1850 1156 1915 ἀπαθεῖς,
1205 1851 1329 1903 ἐπεὶ
1363 1850 1458 1904 καὶ
1502 1849 1737 1921 Χριστὸς
1775 1865 1874 1901 τα-

281 1944 566 2006 πεινώσας
606 1945 798 1998 ἑαυτὸν
827 1946 922 1998 καὶ
961 1944 1315 2013 συγκαταϐὰς
1345 1946 1508 2015 ἡμῖν,
1542 1943 1875 2015 μεμένηκεν,

279 2038 424 2106 ὅπερ
463 2032 551 2107 ἦν,
582 2035 824 2107 καθαρὸς
857 2037 952 2089 καὶ
982 2035 1225 2105 ἀπαθής
1280 2035 1591 2105 Ἃμαρτίαν
1630 2033 1736 2106 γὰρ
1764 2035 1876 2087 οὐκ

278 2129 600 2196 ἐποίησεν,
631 2127 758 2182 οὐδ’
784 2128 996 2197 εὑρέθη
1037 2128 1219 2193 δόλος
1258 2128 1328 2181 ἐν
1366 2124 1445 2193 τῷ
1486 2128 1736 2197 στόματι
1767 2127 1876 2180 αὑ-

278 2221 414 2276 τοῦ.
461 2222 519 2275 Ὀ
556 2222 654 2292 μὲν
687 2221 821 2285 Θεὸς
844 2220 941 2283 ὣν,
974 2220 1262 2291 ἄνθρωπος
1286 2219 1503 2289 γέγονε.
1531 2220 1625 2273 Δεῖ
1657 2214 1751 2273 οὖν
1784 2218 1877 2273 καὶ

278 2316 473 2385 ἡμᾶς,
510 2313 671 2378 θεοὺς
715 2313 996 2384 γενέσθαι.
1052 2314 1191 2366 Ἀλλ’
1225 2314 1432 2376 ἐκεῖνος
1469 2312 1567 2382 μὲν
1610 2311 1678 2365 δι’
1728 2312 1877 2382 ἡμᾶς

279 2407 606 2481 ἄνθρωπος,
640 2410 798 2478 ἡμεῖς
830 2407 887 2460 δὲ
920 2406 1060 2477 ὑπὲρ
1090 2405 1299 2460 ἑαυτῶν
1346 2405 1478 2459 θεοί.
1529 2406 1640 2459 Καὶ
1668 2406 1878 2468 ἐκεῖνος

282 2500 388 2570 μὲν
421 2500 542 2552 ἀντὶ
576 2499 675 2569 τῆς
709 2499 1021 2570 ἀκροτάτης
1047 2497 1241 2569 δόξης,
1268 2498 1369 2569 τὴν
1402 2497 1713 2571 ἀκροτάτην
1748 2500 1879 2552 ἀνα-

279 2591 586 2663 λαϐόμενος
620 2592 881 2661 ἀτιμίαν·
919 2592 1079 2661 ἡμεῖς
1127 2590 1204 2655 δὲ,
1244 2591 1367 2645 ἀντὶ
1412 2591 1513 2662 τῆς
1564 2591 1877 2662 ἀκροτάτης

278 2686 534 2757 ἀτιμίας,
566 2684 667 2756 τὴν
706 2685 1019 2756 ἀκροτάτην
1056 2685 1242 2755 τιμήν.
1281 2685 1550 2748 Κάκεῖνος
1586 2684 1685 2756 μὲν
1715 2683 1875 2753 φύσει

277 2780 577 2848 γενόμενος
624 2777 932 2850 ἄνθρωπος,
985 2779 1149 2849 ήμεξ
1182 2777 1244 2830 δὲ
1289 2777 1439 2831 θέσει
1495 2777 1627 2833 θεοί.
1677 2778 1875 2847 Γέγονε

279 2873 416 2943 γὰρ,
452 2873 480 2926 ὃ
510 2874 699 2943 ἑσμεν,
736 2870 857 2924 κατ’
904 2870 1242 2941 οίκονομίαν,
1274 2871 1342 2924 ἵν’
1372 2872 1533 2943 ἡμεῖς
1561 2870 1870 2941 γενώμεθα,

279 2967 311 3019 ὃ
339 2968 487 3019 ἑστιν
519 2963 1054 3036 ἀντιμετρουμένης,
1084 2964 1160 3028 ὡς
1200 2958 1341 3017 οἶδεν
1369 2964 1553 3028 αὐτὸς,
1589 2967 1658 3036 τῇ
1705 2964 1872 3018 αὑτοῦ

1978 1864 2055 1909 est
2077 1869 2172 1924 pro
2208 1854 2378 1918 nobis,
2411 1855 2706 1924 relinquens
2737 1854 2885 1908 nobis
2908 1852 3201 1920 exemplum
3220 1853 3284 1908 ⁸ο.
3315 1851 3565 1906 Salvator

1979 1946 2123 2000 enim
2159 1945 2483 2000 mortalibus
2525 1943 2835 2015 exemplum
2878 1943 3059 1996 factus
3112 1950 3219 2005 est,
3275 1940 3413 2011 ipsis
3441 1955 3565 1995 sese

1981 2036 2311 2100 informans,
2334 2050 2397 2089 ac
2437 2034 2624 2091 mundi
2657 2033 2822 2103 hujus
2861 2030 3246 2103 cogitationes,
3272 2032 3419 2085 circa
3449 2038 3565 2085 tur-

1979 2131 2238 2186 bulentos
2267 2136 2450 2184 tamen
2495 2127 2662 2183 animi
2715 2133 2919 2189 motus,
2956 2124 3289 2194 suscipiens.
3342 2122 3564 2177 Efﬁcia-

1978 2240 2103 2279 mur
2138 2235 2195 2279 ut
2215 2223 2491 2283 Christus.
2520 2220 2613 2290 qui
2646 2234 2705 2275 se
2736 2218 2912 2289 ipsum
2939 2218 3010 2271 ita
3037 2215 3364 2282 humiliavit,
3399 2222 3563 2285 atque

1979 2318 2047 2373 ad
2095 2316 2466 2372 inﬁrmitatem
2506 2320 2753 2370 nostram
2793 2311 3031 2374 demisit,
3084 2318 3142 2363 ut
3175 2316 3381 2369 tamen,
3409 2306 3557 2377 quod

1977 2420 2128 2475 erat,
2174 2415 2540 2480 permaneret,
2587 2419 2780 2474 nempe
2819 2418 3014 2473 purus.
3059 2408 3113 2456 et
3155 2398 3398 2469 turpium
3432 2397 3566 2453 affe-

1978 2514 2164 2561 ctuum
2188 2518 2405 2573 expers.
2438 2498 2722 2554 Peccatum
2747 2498 2884 2551 enim
2907 2513 3011 2550 non
3036 2496 3181 2564 fecit,
3205 2509 3296 2547 nec
3323 2494 3563 2546 iuremus

1975 2607 2054 2652 est
2086 2596 2242 2652 dolus
2294 2597 2347 2650 in
2378 2611 2467 2649 ore
2513 2594 2628 2663 ejus
2660 2594 2726 2646 “.
2781 2591 2960 2660 Atque
3010 2589 3101 2643 ille
3142 2586 3386 2658 quidem,
3436 2598 3563 2637 cum

1978 2691 2122 2747 Deus
2160 2698 2328 2753 esset,
2364 2688 2528 2743 homo
2570 2686 2750 2740 factus
2785 2692 2891 2740 est.
2927 2680 3168 2736 Proinde
3203 2695 3306 2734 nos
3338 2690 3560 2748 quoque

1975 2784 2110 2839 deos
2143 2782 2261 2838 ﬁeri
2288 2786 2529 2851 oportet.
2551 2777 2822 2833 (Ia-terum
2858 2774 2951 2830 ille
2979 2781 3203 2844 propter
3236 2786 3337 2826 nos
3371 2770 3561 2831 homo.

1976 2890 2081 2930 nos
2108 2880 2292 2928 autem
2327 2875 2553 2941 propter
2583 2866 2951 2935 nosmetipsos
2984 2863 3060 2917 dii
3097 2881 3112 2919 :
3160 2870 3324 2930 atque
3353 2859 3441 2913 ille
3464 2873 3565 2929 pro

1976 2980 2190 3022 summa
2215 2963 2388 3035 gloria
2411 2974 2683 3017 summam
2711 2957 3067 3028 ignominiam
3094 2952 3431 3030 suscipiens,
3463 2965 3565 3006 nos

282 3056 516 3110 κενώσει
556 3058 656 3127 τῆς
688 3056 796 3109 τῶν
837 3057 1021 3128 χάριτι
1057 3056 1383 3128 σωζομένων
1412 3055 1684 3121 θεώσεως,
1734 3057 1871 3110 ὅλων

1978 3068 2154 3115 autem
2172 3072 2270 3129 pro
2281 3050 2830 3124 extremaignominia
2848 3063 3120 3106 summum
3142 3047 3428 3103 honorem.
3448 3043 3564 3097 Hoc

286 3148 536 3204 ἴοεοειδῶν
562 3149 659 3203 καὶ
683 3148 823 3203 ὅλων
857 3148 993 3204 θεοῦ
1020 3150 1345 3221 χωρητικῶν
1385 3149 1481 3204 καὶ
1511 3151 1671 3221 μόνου
1706 3168 1862 3223 γενη-

281 3242 553 3313 σομένων.
581 3241 754 3296 Τοῦτο
778 3241 940 3314 γάρὴ
970 3242 1270 3307 τελείωσις,
1298 3242 1434 3315 πρὸς
1457 3244 1523 3315 ἦν
1550 3244 1871 3299 σπεύδουσιν

279 3337 335 3387 oi
352 3333 553 3405 ταύτην
577 3333 795 3404 άληθῶς
820 3334 1042 3388 ἔσεσθαι
1063 3334 1163 3404 τὴν
1189 3335 1522 3403 ἐπαγγελίαν
1548 3336 1871 3391 πιστεύσαν-

278 3447 394 3492 τες.

1897 3108 1944 3170 C

1980 3163 2238 3225 praeterea
2259 3149 2511 3209 interest,
2545 3142 2693 3215 quod
2719 3143 2811 3198 ille
2840 3152 3035 3196 natura
3062 3139 3226 3194 homo
3252 3137 3430 3192 factus
3454 3143 3562 3201 est,

1978 3260 2082 3301 nos
2107 3251 2294 3297 autem
2319 3238 2615 3310 adoptione
2636 3234 2736 3290 dii.
2756 3232 2871 3288 Hoc
2894 3233 3041 3288 enim
3064 3230 3295 3286 consilio
3332 3228 3384 3283 id
3417 3226 3564 3298 quod

1978 3350 2172 3391 sumus
2203 3332 2383 3387 factus
2411 3336 2518 3395 est,
2558 3337 2614 3382 ut
2651 3341 2756 3381 nos
2775 3323 2851 3392 id,
2883 3324 3030 3396 quod
3063 3323 3181 3395 ipse
3214 3330 3321 3387 est,
3356 3322 3566 3377 efﬁcia-

1976 3443 2123 3490 mur,
2156 3430 2512 3495 compensata
2535 3418 2797 3475 nimirum
2833 3417 3012 3489 ipsius
3047 3411 3347 3470 inanitione
3375 3428 3567 3484 quem-

281 3526 583 3582 admodum
647 3526 767 3597 ipse
844 3525 1017 3590 novit,
1062 3542 1187 3581 cum
1234 3541 1451 3590 eorum,
1512 3527 1604 3596 qui
1655 3543 1751 3597 per
1820 3528 2053 3599 gratiam
2101 3522 2335 3580 salutem
2385 3521 2828 3585 consequuntur,
2871 3510 3300 3576 deiﬁcationem,
3363 3508 3438 3563 ita
3508 3514 3569 3561 ut

282 3617 726 3683 totideil'ormes,
792 3624 847 3673 et
877 3618 973 3673 toti
1014 3616 1107 3672 Dei
1159 3632 1413 3686 capaces,
1470 3616 1569 3671 toti
1605 3618 1841 3687 denique
1881 3617 2059 3688 ipsius
2091 3612 2259 3668 unius
2302 3611 2499 3667 simus.
2578 3604 2695 3661 Hoc
2737 3604 2887 3660 enim
2943 3608 3123 3659 estea
3160 3601 3453 3672 perfectio,
3498 3600 3566 3653 ad

280 3726 450 3782 quam
487 3717 767 3781 properat,
794 3710 889 3780 qui
919 3711 1059 3765 hanc
1086 3710 1535 3779 pollicitationem
1567 3720 1716 3765 certa
1748 3710 1853 3766 [ide
1887 3714 2231 3780 exspectant.

357 3803 477 3859 Col.
508 3802 613 3858 597
636 3802 683 3858 (Σ
708 3803 759 3857 7.
789 3800 1201 3871 Προσέλαϐεη.
1229 3801 1514 3871 πτώματι.
1539 3801 1662 3854 Εἰσὶ
1688 3800 1756 3854 τὰ
1779 3802 1875 3873 ῥή-

2042 3795 2346 3861 Assumpsil
2372 3795 2510 3865 quod
2540 3792 2774 3847 deterius
2801 3800 2939 3855 erat,
2976 3798 3032 3842 ut
3060 3788 3169 3853 det,
3194 3795 3303 3843 etc.
3340 3784 3563 3855 Perspi-

287 3912 436 3966 ματα
466 3893 638 3947 ταῦτα
680 3894 826 3965 σαφῆ
862 3894 958 3946 καί
996 3893 1255 3963 οὐδεμιᾶς
1283 3894 1583 3965 ἑρμηνείας
1622 3894 1872 3965 δεόμενα.

1978 3906 2076 3947 cna
2113 3898 2243 3946 sunt
2269 3889 2384 3943 haec
2414 3887 2600 3953 verba,
2636 3900 2735 3941 nec
2776 3886 2885 3939 ulla
2927 3882 3383 3954 interpretatione
3428 3892 3570 3949 opus

283 3986 603 4059 Ηροσέλαόε
638 3986 748 4057 γὰρ
788 3988 817 4040 ό
846 3984 1085 4057 Χριστὸς
1117 3985 1178 4038 τὸ
1216 3987 1419 4057 χεῖρον,
1451 3985 1550 4057 τὴν
1591 3984 1876 4057 ἀνθρωπό-

1978 3981 2200 4037 habent.
2244 3978 2473 4049 Accepit
2506 3977 2652 4032 enim
2696 3973 2956 4030 Christus
3002 3972 3148 4043 quod
3185 3970 3431 4026 deterius
3462 3979 3568 4031 est,

281 4098 447 4152 τητα,
478 4079 568 4133 ἵνα
699 4078 762 4132 τὸ
791 4077 1022 4149 βέλτιον,
1056 4077 1154 4149 τὴν
1197 4077 1446 4150 θεότητα.
1480 4080 1592 4132 Καὶ
1628 4078 1876 4143 πλούσιος

1978 4074 2378 4128 humanitatem
2407 4069 2643 4131 scilicet,
2682 4075 2741 4122 ut
2774 4068 2867 4122 det
2896 4066 3040 4136 quod
3068 4063 3425 4134 praestantius
3457 4070 3568 4124 est,

280 4169 361 4224 ὢν
389 4172 458 4241 τῇ
483 4168 721 4239 θεότητι,
763 4167 1080 4239 ἑπτώχευσε
1114 4170 1180 4241 τῇ
1213 4169 1398 4240 σαρκὶ,
1429 4169 1493 4221 ἵν’
1523 4170 1682 4239 ἡμεῖς
1708 4169 1871 4222 πλου-

1978 4181 2174 4236 nempe
2208 4163 2556 4217 Divinitatem
2595 4179 2607 4213 :
2650 4170 2703 4214 et
2743 4174 2868 4214 cum
2916 4158 3070 4211 dives
3102 4162 3269 4219 εδει-ι,
3297 4161 3569 4224 quantum

281 4265 541 4334 τήσωμεν
570 4263 670 4327 τὴν
702 4261 948 4332 θεότητα.
980 4261 1092 4315 Καὶ
1122 4261 1311 4315 δούλου
1344 4260 1558 4332 μορφὴν
1587 4261 1870 4333 ἑφόρεσεν,

1980 4259 2047 4312 ad
2080 4256 2454 4318 Divinitatem,
2482 4267 2708 4323 pauper,
2734 4257 3002 4321 quantum
3026 4247 3091 4301 ad
3114 4262 3361 4311 carnem,
3389 4244 3569 4298 factus

282 4355 351 4408 ἶν’
376 4356 542 4425 ἡμεῖς
574 4352 672 4423 τὴν
705 4352 815 4407 ἀπὸ
845 4353 946 4423 τῆς
971 4352 1219 4418 δουλείας
1237 4353 1332 4409 τοῦ
1364 4353 1608 4407 διαϐόλου
1641 4354 1736 4409 καὶ
1763 4353 1872 4406 τῶν

1978 4358 2089 4414 est,
2122 4357 2183 4403 ut
2230 4362 2333 4403 nos
2380 4344 2693 4400 Divinitatis
2735 4356 2868 4411 opes
2934 4353 3362 4408 consequamur.
3412 4335 3569 4389 Serti

283 4414 478 4500 7:10th
507 4414 823 4517 ἑλειίθερίαν
849 4414 1107 4515 λάθωμεν
1127 4461 1139 4472 ·
1178 4414 1315 4516 δπερ
1341 4443 1512 4516 δηλοῖ,
1540 4445 1623 4497 ὅτι
1653 4444 1874 4516 εἴχομεν

1978 4451 2238 4516 praeterea
2272 4442 2503 4494 formam
2544 4435 2801 4507 gestavit,
2843 4441 2904 4486 ut
2938 4448 3040 4486 nos
3085 4446 3153 4485 ex
3198 4428 3401 4484 diaboli
3440 4426 3570 4482 all‘e-

282 4537 346 4603 ἑξ
372 4537 546 4609 ἀρχῆς
573 4535 669 4607 τὴν
700 4535 1013 4607 ἐλευθερίαν
1040 4535 1408 4606 ἀπωλέσαμεν
1433 4535 1490 4588 δὲ
1522 4535 1748 4604 ταύτην.
1783 4539 1876 4589 Δεῖ

281 4628 380 4685 οὖν
414 4630 734 4693 ἀπολαϐεῖν,
758 4631 823 4700 ἢν
847 4628 1062 4700 ἔχοντες
1087 4629 1454 4700 ἀπεόἀλομεν.
1494 4630 1712 4701 Rat-€61;
1740 4630 1875 4701 πρὸς

281 4724 435 4792 ἡμᾶς
467 4725 497 4775 ὁ
533 4720 820 4791 "Nata-tog,
860 4722 927 4774 ἵν’
954 4723 1115 4792 ἡμεῖς
1153 4722 1204 4775 oi
1246 4723 1495 4775 ταπεινοὶ
1544 4721 1871 4793 ὑψωθῶμεν,

285 4810 697 4884 ὑπεραρθὼτες
734 4812 833 4882 τῆς
872 4811 978 4866 τῶν
1008 4812 1224 4885 γεηρῶν
1257 4812 1494 4883 σχέσεως
1537 4814 1632 4867 καί
1665 4831 1875 4885 πτερω-

285 4907 475 4969 θέντες
518 4906 655 4978 πρὸς
694 4905 764 4958 τὰ
795 4905 1047 4977 οὐράνια.
1098 4906 1431 4978 Ἐπειράσθη
1474 4907 1532 4960 ἑν
1576 4909 1655 4977 τῇ,
1683 4908 1876 4978 ἐρήμῳ

286 5001 371 5063 εἰς
404 4999 887 5071 γαστριμαργίαν,
920 4998 1248 5069 φιλοδοξίαν,
1278 4998 1714 5071 φιλοχρηματίαν
1734 5040 1749 5063 ,
1782 5001 1877 5053 καὶ

285 5093 578 5162 νενίκηκεν
614 5092 673 5144 ἑν
710 5093 778 5162 τῇ
808 5091 967 5163 τρίτῃ
983 5090 1153 5163 ταύτῃ
1181 5092 1454 5163 προσϐολῇ
1482 5093 1576 5146 καὶ
1598 5091 1767 5165 πείρᾳ.
1784 5091 1876 5145 τὸν

290 5182 620 5255 πειραστὴν,
649 5183 781 5253 ἡμῖν
813 5182 912 5254 τὴν
941 5183 1100 5254 νίκην
1128 5183 1672 5255 πραγματευόμενος.
1715 5183 1878 5238 Ἀλλά

285 5274 573 5346 ὴτιμάσθη
598 5276 628 5328 ὁ
654 5272 757 5343 τῆς
783 5273 942 5345 δόξης
975 5274 1199 5344 Κύριος,
1237 5275 1322 5328 ἵνα
1357 5274 1557 5349 δοξάσῃ
1594 5275 1722 5339 τοὺς
1754 5276 1875 5331 ἀτί-

290 5383 430 5439 μους
466 5367 649 5438 ήμᾶς’
680 5365 974 5429 ἀπέθανεν,
1016 5365 1104 5422 ἵνα
1132 5365 1210 5437 τῷ
1243 5365 1459 5438 θανάτῳ
1487 5366 1654 5420 αὑτοῦ
1686 5364 1875 5421 σωθῶ-

292 5475 422 5532 μεν·
471 5455 679 5527 κατέϐη
721 5459 816 5512 καὶ
858 5458 1049 5531 ἀνέϐη,
1099 5458 1190 5514 ἴνα
1228 5460 1390 5530 ἡμεῖς
1423 5458 1878 5531 ἀκολουθήσωμεν

291 5552 466 5624 αὐτῷ,
506 5553 602 5606 καὶ
628 5551 717 5605 ἵνα
745 5554 898 5607 κάτω
926 5552 1214 5623 κειμένους
1257 5554 1314 5606 ἐν
1360 5551 1440 5624 τῷ
1477 5553 1576 5624 τῆς
1605 5551 1880 5625 ἁμαρτίας

298 5645 554 5717 πτώματι
612 5645 749 5715 πρὸς
803 5644 995 5713 ἑαυτὸν
1054 5644 1287 5717 six-331;,
1348 5647 1425 5711 ὡς
1480 5647 1512 5717 ἡ
1566 5645 1877 5718 ὑπόσχεσις.

373 5797 455 5852 ιιι
486 5796 635 5854 Petr.
679 5812 740 5866 ιι,
784 5798 836 5854 5.
919 5799 958 5829 ιι
998 5793 1124 5853 ibid.
1160 5797 1248 5853 ξε.

1973 4546 2273 4604 ctuumque
2305 4531 2571 4587 servitute
2622 4528 2678 4583 in
2719 4528 3028 4582 libertatem
3066 4537 3405 4578 asseramur.
3449 4519 3568 4575 Non

1972 4630 2135 4694 dixit,
2162 4627 2471 4681 libertatem
2499 4620 2867 4692 accipiamus,
2891 4618 2987 4675 sed
3015 4616 3382 4685 recipiamus;
3408 4621 3466 4667 ut
3490 4615 3573 4667 in-

1972 4722 2117 4776 dicet
2146 4734 2246 4773 nos
2288 4733 2319 4772 a
2358 4714 2631 4787 principio
2661 4711 2882 4784 quidem
2929 4712 3242 4766 libertatem
3284 4708 3569 4772 habuisse,

1973 4828 2165 4871 verum
2188 4809 2613 4866 eamamisisse.
2641 4805 2824 4873 Quare
2848 4804 3007 4859 nobis
3034 4816 3104 4856 ea
3121 4799 3437 4870 recipienda
3461 4806 3569 4863 est,

1975 4922 2139 4978 quam
2172 4905 2433 4959 habentes
2453 4900 2811 4971 perdidimus.
2840 4895 3128 4953 Descendit
3169 4892 3237 4948 ad
3270 4908 3371 4949 nos
3397 4892 3567 4947 Altis-

1976 5001 2151 5057 simus
2182 4998 2295 5062 ille,
2331 5006 2389 5049 ut
2425 5009 2527 5049 nos
2554 4991 2755 5062 abjecti
2785 4999 2839 5045 et
2869 4989 3107 5044 humiles
3143 4987 3197 5041 in
3224 4987 3461 5042 sublime
3497 4986 3573 5039 fe-

1975 5107 2189 5156 ramur,
2215 5105 2383 5159 supra
2409 5096 2758 5142 terrenarum
2790 5098 2972 5138 rerum
2997 5080 3338 5136 aﬂectionem
3368 5077 3566 5138 evecti,

1976 5195 2140 5256 atque
2170 5183 2238 5239 ad
2265 5181 2515 5238 cmlestia
2548 5187 2810 5248 tanquam
2848 5174 3048 5245 pennis
3087 5170 3314 5229 sublati.
3364 5168 3566 5221 Tenta-

1978 5284 2070 5333 tus
2108 5283 2218 5340 est,
2250 5289 2314 5329 ac
2346 5271 2553 5343 triplici
2585 5268 2948 5326 tentationum
2991 5265 3100 5319 telo
3129 5262 3184 5316 in
3217 5262 3439 5317 deserto
3470 5273 3565 5327 pe-

1981 5369 2114 5423 titus
2153 5374 2245 5423 est
2271 5365 2530 5421 Christus
2558 5377 2588 5416 a
2612 5360 2863 5423 diabolo,
2883 5357 3024 5428 gulae
3051 5370 3268 5424 nempe,
3307 5352 3566 5406 ambitio-

1977 5459 2065 5516 nis
2107 5465 2162 5513 et
2210 5454 2462 5512 avaritiae
2497 5472 2512 5509 :
2565 5461 2733 5524 atque
2786 5450 2846 5505 in
2876 5449 2983 5503 hoc
3021 5443 3224 5516 triplici
3259 5440 3566 5498 certamine

1980 5556 2311 5606 tentatorem
2346 5545 2649 5617 superavit,
2686 5540 2847 5598 nobis
2875 5537 3130 5594 videlicet
3149 5533 3438 5590 victoriam
3473 5545 3561 5584 ac-

1990 5643 2237 5715 quirens.
2271 5639 2413 5707 Quin
2438 5637 2601 5694 etiam
2635 5640 2987 5703 contemptus
3016 5637 3101 5684 est
3128 5627 3217 5683 ille
3243 5624 3428 5697 gloria:
3451 5622 3562 5691 Do-
