4040 6282
540 260 647 315 959
1830 258 2128 315 NICETAS

2258 257 2557 313 RRONIUS
3702 268 3807 319 $60»

546 385 751 443 minus,
786 383 846 430 ut
873 390 974 430 nos
1008 373 1241 429 infames
1268 380 1426 429 ornet
1467 381 1629 444 atque
1662 372 1917 429 illustret.
1966 372 2111 429 Mor-
2150 426 2159 444 Α

2258 372 2629 444 Επηγγείλατο
2678 371 2785 443 γὰρ
2827 371 3043 439 λέγων*
3076 372 3266 425 Ὅταν
3314 369 3555 440 ὑψωθῶ,
3601 374 3802 447 πάντας

546 478 677 525 tuus
704 474 810 531 est,
845 476 902 521 ut
938 478 1035 535 per
1062 463 1182 533 ejus
1202 471 1435 518 mortem
1470 465 1702 518 salutem
1729 478 2113 532 assequamur.

2258 467 2467 519 λκύσω
2498 466 2649 534 πρὸς
2676 466 2955 535 ἐμαυτόν.

547 560 838 616 Descendit
872 562 1037 628 atque
1059 556 1327 623 ascendit,
1360 565 1420 610 ut
1462 572 1563 611 nos
1592 557 1769 627 ipsum
1801 570 2118 629 sequamur,
2161 567 2326 628 alque
2351 571 2406 613 ut
2439 559 2587 613 humi
2620 560 2866 627 jar-entes
2897 559 2951 611 in
2989 558 3196 627 peccati
3236 557 3464 627 lapsum
3532 557 3596 611 ad
3667 561 3797 631 seip-

551 663 672 705 Sum
742 652 942 719 trahat,
986 650 1442 721 quemadmodum
1520 664 1579 705 se
1654 649 1929 704 facturum
1963 651 2191 720 recepit,
2263 651 2453 705 dicens
2506 650 2693 707 :Cnm
2729 652 2999 705 exaltatus
3024 649 3195 718 fuero,
3251 652 3443 703 omnia
3496 652 3696 706 trahant
3749 656 3807 707 ad

551 747 803 815 meipsum
836 744 898 800 η.

625 839 818 896 Omnia
856 840 1118 910 quispiam
1171 839 1350 904 donet,
1393 840 1571 894 omnia
1606 838 1687 904 ei,
1733 846 1839 893 etc.
1896 838 2135 894 Enume-

554 931 694 984 ravit
725 945 786 985 ea
808 971 827 994 ,
856 946 979 999 qua
1006 929 1262 985 Christus
1323 944 1423 1000 pro
1465 931 1619 984 nobis
1658 944 1858 998 passus
1904 938 2008 991 est,
2042 930 2137 983 be-

2258 935 2480 1004 ιμήσατο
2508 932 2577 987 τὰ
2614 933 2680 986 δι’
2714 935 2859 1004 ἡμᾶς
2884 933 3032 1002 πάθη
3066 931 3161 985 τοῦ
3203 932 3457 1003 Χριστοῦ
3491 934 3585 986 καὶ
3614 934 3709 997 τὰς
3738 935 3812 988 δο-

555 1023 862 1093 neliciaque
885 1022 939 1076 in
964 1037 1067 1077 nos
1098 1023 1321 1088 collata,
1346 1032 1403 1075 ut
1432 1023 1622 1093 probet
1650 1037 1750 1075 nos
1783 1036 1890 1075 non
1914 1036 1978 1076 ex
2014 1036 2138 1091 gra-

2258 1024 2421 1088 lsiaac;
2449 1026 2581 1096 ἡμῖν
2628 1026 2969 1095 εὐεργεσίας,
3021 1025 3107 1077 ἵνα
3154 1025 3308 1097 δείξῃ
3369 1024 3447 1097 μὴ
3484 1026 3626 1079 κατά
3672 1027 3814 1097 χάριν

555 1117 695 1169 tuita
742 1114 1115 1169 muniﬁcentia
1169 1115 1224 1169 in
1272 1130 1396 1169 eum
1443 1115 1699 1168 liberales
1751 1128 1893 1177 esse,
1940 1115 2031 1169 sed
2069 1129 2136 1167 ex

2258 1116 2385 1187 ιύτῷ
2420 1117 2945 1188 καρποφοροῦντας,
2978 1117 3115 1170 ἀλλὰ
3156 1117 3303 1171 κατὰ
3338 1118 3525 1188 χρέος.
3572 1120 3679 1172 Καὶ
3720 1120 3819 1172 ἀνω

557 1209 768 1264 debito.
807 1207 870 1261 Et
902 1207 1123 1278 quidem
1157 1212 1415 1276 superius
1437 1207 1726 1260 videbatur
1768 1220 1950 1259 rerum
1984 1221 2137 1261 cras-

2258 1208 2339 1261 ιὲν
2372 1209 2544 1262 ἐδόκει
2566 1209 2748 1263 τέλεον
2773 1208 3058 1265 ἐκϐάλλειν
3079 1210 3181 1281 τὴν
3207 1208 3299 1263 διὰ
3322 1208 3439 1262 τῶν
3462 1208 3606 1262 ὑλῶν
3632 1227 3818 1281 καρπο-

560 1316 747 1357 sarum
784 1309 839 1354 et
870 1308 1213 1354 terrenarum
1256 1299 1589 1353 oblationem
1630 1312 1858 1368 prorsus
1890 1297 2141 1366 rcjicere,

2258 1300 2467 1371 ρορίαν,
2495 1301 2554 1353 ἐν
2583 1295 2666 1364 οἷς
2710 1300 2892 1369 ἔλεγε·
2931 1301 3146 1372 Χρυσόν
3183 1317 3249 1371 με
3284 1302 3425 1362 ἴσως
3453 1300 3631 1352 οἴεσθε
3656 1300 3818 1368 λέγειν

561 1407 684 1446 cum
721 1392 941 1446 dicebat
987 1408 1002 1444 :
1050 1391 1258 1444 Aurum
1293 1390 1532 1446 fortasse
1568 1390 1772 1460 putatis
1813 1406 1899 1445 me
1938 1390 2143 1454 dicere,

2258 1390 2276 1461 ἢ
2325 1391 2585 1460 ἄργυρον.
2626 1391 3143 1461 καρποφορήσωμεν
3188 1391 3344 1461 ἡμᾶς
3391 1388 3626 1453 αὐτούς·
3655 1391 3743 1443 νῦν
3770 1392 3817 1444 δὲ

562 1493 658 1538 aut
686 1485 1015 1554 argentum?
1051 1484 1160 1538 imo
1192 1486 1447 1554 nosipsos
1493 1483 1600 1538 Deo
1638 1483 1957 1538 oﬁ'eramus.
1994 1484 2147 1540 Nunc

2258 1481 2531 1546 Ξείκνυσιν,
2559 1481 2641 1534 ὅτι
2669 1481 2729 1533 οὐ
2754 1480 3035 1544 παντελῶς
3064 1480 3469 1551 ἀποδοκιμάζει
3498 1480 3568 1534 τὰ
3592 1482 3815 1545 τοιαῦτα,

564 1585 744 1629 autem
776 1576 1017 1630 ostendit
1064 1591 1124 1631 se
1154 1592 1265 1630 non
1299 1570 1525 1630 omnino
1574 1575 1891 1645 hujusmodi
1920 1592 2146 1631 munera

2258 1573 2380 1627 ὶλλὰ
2409 1575 2647 1644 προτιμᾷ
2688 1573 2748 1626 τὸ
2789 1572 2991 1643 μεῖζον,
3032 1572 3279 1625 τουτέστι
3310 1573 3375 1625 τὸ
3416 1574 3645 1636 ἑαυτοὺς
3672 1591 3817 1644 προσ-

563 1667 896 1737 improbare,
945 1667 1039 1722 sed
1076 1667 1221 1737 quod
1271 1668 1449 1735 majus
1496 1676 1581 1722 est
1626 1666 1923 1731 anteferre,
1954 1685 2147 1739 nempe

2258 1665 2578 1735 ἀγειν.Φησὶ
2619 1663 2771 1732 γοῦν·
2806 1665 2990 1717 Πάντα
3028 1663 3215 1716 διδότω
3242 1681 3355 1728 τις,
3390 1665 3487 1718 καὶ
3517 1666 3711 1741 χρυσὸν
3739 1666 3819 1717 καὶ

2313 840 2429 895 Col.
2458 841 2565 895 400
2592 840 2637 895 Α
2664 842 2716 896 5.
2762 840 2964 895 Πάντα
3005 882 3017 895 .
3060 881 3075 895 .
3114 880 3129 895 .
3168 842 3526 911 ¹γενόμενον.
3601 842 3809 913 ’Ᾱπηρι-

563 1765 626 1809 ut
652 1758 910 1828 nosipsos
955 1758 1279 1812 ol‘l'eramus.
1311 1758 1401 1811 Ait
1437 1759 1624 1828 igitur,
1655 1757 1851 1812 Omnia
1879 1756 1969 1812 det
2003 1762 2150 1827 quis-

564 1846 710 1917 piam
743 1889 757 1913 ,
789 1856 842 1902 et
875 1863 1067 1901 aurum
1096 1855 1151 1902 et
1172 1862 1416 1917 gemmas
1437 1855 1485 1902 et
1512 1855 1692 1902 vestes
1715 1892 1728 1914 ,
1760 1848 1850 1901 det
1874 1855 2054 1902 autem
2082 1864 2148 1902 ex

563 1942 750 1998 debito
780 1960 792 1995 :
824 1941 1269 2023 quandoquidem
1309 1941 1522 2010 priores
1553 1941 1927 1996 beneﬁcentia:
1967 1950 2148 2011 partes

564 2034 819 2089 Christus
851 2050 1153 2105 occupans,
1195 2041 1427 2088 mortem
1475 2049 1576 2103 pro
1616 2035 1775 2088 nobis
1818 2036 2052 2105 excepit.
2085 2051 2148 2089 ac

566 2126 810 2196 seipsum
838 2140 937 2197 pro
967 2126 1128 2181 nobis
1151 2127 1206 2180 in
1231 2124 1561 2182 sacriﬁcium
1595 2125 1744 2179 Patri
1771 2127 1985 2181 obtulit.
2014 2126 2146 2183 Nam

562 2218 642 2272 illi
676 2234 1119 2289 peccaveramus,
1153 2228 1205 2272 et
1223 2217 1570 2287 proindeipsi
1599 2226 1799 2272 nostra}
1826 2220 2152 2290 redemptio-

563 2309 655 2363 nis
689 2312 928 2380 pretium
963 2311 1392 2380 persolvendum
1427 2320 1567 2376 erat,
1601 2321 1658 2366 ut
1684 2328 1785 2367 nos
1818 2313 2149 2366 condemna-

566 2395 716 2448 tione
751 2399 1110 2452 solveremur.
1145 2398 1301 2451 Absit
1344 2401 1490 2453 enim
1537 2408 1597 2453 ut
1640 2408 1875 2472 tyranno
1929 2401 2148 2456 diabolo

546 2484 786 2539 Domini
820 2489 1045 2557 sanguis
1083 2488 1299 2543 oblatus
1348 2490 1531 2544 luerit.
1560 2489 1803 2546 Pretium
1837 2502 2019 2548 autem
2058 2508 2147 2548 re-

570 2577 904 2648 demptionis
933 2595 1030 2650 pro
1059 2580 1215 2635 nobis
1246 2580 1505 2637 Christus
1537 2592 1644 2646 est,
1681 2592 1735 2638 et
1758 2586 1931 2655 culpae
1958 2586 2146 2641 succi-

570 2669 803 2731 daneus,
833 2679 1020 2742 utpote
1042 2674 1136 2742 qui
1172 2681 1426 2728 naturam
1450 2685 1694 2731 nostram
1725 2678 1921 2734 salutis
1946 2691 2149 2735 nosme

570 2775 740 2815 causa
782 2765 1110 2833 susceperit,
1150 2765 1378 2836 perinde
1428 2781 1492 2821 ac
1536 2769 1581 2822 si
1633 2769 1759 2837 quis
1802 2783 1901 2838 pro
1929 2784 2023 2824 reo
2053 2779 2148 2823 aut

571 2852 1056 2923 eaptivo'seipsum
1086 2857 1405 2921 substituat,
1436 2858 1501 2911 ad
1524 2874 1584 2913 ea
1618 2860 1991 2928 perpetienda,
2026 2875 2148 2930 qua

2251 1756 2432 1819 λίθους
2460 1757 2555 1809 καὶ
2579 1757 2903 1827 ὑφάσματα·
2926 1756 3116 1809 διδότω
3141 1758 3197 1809 δὲ
3227 1756 3378 1810 κατὰ
3401 1758 3641 1828 ὀφειλὴν.
3686 1759 3816 1810 Ἐπεὶ

2253 1847 2537 1919 προλαϐὼν
2567 1850 2595 1900 ὁ
2622 1847 2855 1920 Χριστὸς
2886 1849 2978 1901 τὸν
3006 1849 3147 1920 ὑπὲρ
3175 1850 3337 1919 ἡμῶν
3362 1849 3650 1914 ἀνεδέξατο
3674 1850 3815 1903 θάνα-

2249 1959 2362 2005 τον,
2393 1943 2489 1995 καὶ⁹
2518 1943 2709 1995 ἑαυτὸν
2745 1941 2823 2013 τῷ
2864 1943 3039 2014 Πατρὶ
3072 1943 3422 2014 προσέφερεν
3462 1942 3653 1995 θυσίαν
3696 1942 3815 2012 ὑπὲρ

2250 2034 2427 2105 ἡμῶν,
2463 2032 2622 2104 Αὐτῷ
2650 2032 2758 2105 γὰρ
2793 2034 3388 2105 πεπλημμελήκαμεν,
3416 2034 3516 2087 καὶ
3546 2033 3698 2086 αὑτὸν
3725 2032 3814 2085 ἔδει

2249 2128 2310 2179 τὸ
2340 2126 2482 2197 ὑπὲρ
2510 2126 2664 2197 ἡμῶν
2694 2126 2886 2196 λύτρον
2917 2125 3169 2191 δέξασθαι
3217 2128 3319 2179 καὶ
3355 2126 3533 2189 ὅντως
3564 2126 3703 2196 ἡμᾶς
3736 2125 3813 2178 λυ-

2251 2216 2409 2287 θῆναι
2439 2218 2537 2286 τῆς
2559 2216 2957 2286 κατακρίσεως.
2982 2215 3074 2286 Μὴ
3101 2215 3210 2287 γὰρ
3242 2216 3468 2283 γένοιτο
3495 2214 3573 2285 τῷ
3595 2214 3813 2285 τυράννῳ

2248 2311 2311 2364 τὸ
2343 2309 2437 2364 τοῦ
2468 2310 2740 2364 Δεσπὸτου
2786 2306 2924 2379 αἷμα
2968 2310 3429 2382 προσενεχθῆναι.
3472 2309 3679 2380 Λότρον
3720 2308 3813 2361 δὲὸ

2250 2403 2485 2473 Χριστὸς
2509 2404 2602 2457 καὶ
2630 2402 3006 2472 ἀντάλλαγμα,
3023 2403 3100 2465 ὡς
3122 2402 3187 2455 τά
3209 2406 3239 2473 ἡ
3249 2403 3371 2473 μῶν
3390 2403 3533 2473 ὑπὲρ
3550 2400 3695 2472 ἡμῶν
3706 2404 3813 2454 avs-

2249 2494 2557 2566 δεξάμενοςο
2576 2495 2723 2548 ὥσπε
2731 2512 2762 2567 ρ
2781 2496 2875 2549 ὲάν
2895 2512 2976 2559 τις
2994 2495 3134 2566 ὑπὲρ
3147 2492 3238 2548 τοῦ
3262 2495 3622 2565 ὑπευθύνουῆ
3644 2496 3814 2564 αίχμα-

2248 2586 2419 2640 λῶτου
2432 2585 2571 2657 ὲκδῷ
2588 2586 2800 2649 ἑαυτὸν,
2822 2585 2963 2639 ὥστε
2992 2585 3200 2652 παθεῖν,
3216 2586 3253 2640 ἃ
3272 2589 3490 2640 ἐκεῖνον
3505 2586 3608 2639 ἔδει
3626 2585 3810 2637 παθεῖν.

2249 2682 2405 2755 Καλὴ
2444 2689 2541 2753 μὲν
2582 2679 2696 2747 οὖν,
2744 2683 2897 2754 φησὶ,
2933 2682 3025 2736 καὶ
3058 2684 3210 2736 πᾶσα
3249 2680 3627 2755 καρποφορία,
3672 2678 3733 2747 ἣν
3755 2674 3808 2727 iv

2248 2775 2392 2848 διὶισῃ
2421 2792 2504 2839 τις
2534 2773 2611 2847 τῷ
2640 2776 2904 2848 εὐεργέτῃ
2934 2773 2976 2827 Χ
2986 2774 3175 2845 ριστῷ’
3210 2774 3366 2828 οὐδὲν
3394 2774 3453 2826 δὲ
3476 2769 3703 2826 τοιοῦτον
3728 2765 3811 2818 δὼ-

2252 2883 2334 2919 σει
2380 2866 2543 2938 μέγα,
2585 2864 2695 2920 οἷον
2725 2868 2915 2921 ἑαυτὸν
2954 2868 3049 2921 τοῦ
3099 2867 3403 2938 μυστηρίου
3446 2863 3689 2919 συνιέντα
3712 2875 3810 2911 τουο

571 2944 726 2998 illum
766 2946 875 3015 pati
911 2961 1138 3002 necesse
1168 2956 1307 3002 erat.
1350 2949 1673 3018 Quanquam
1712 2958 1913 3015 autem,
1943 2952 2144 3021 inquit,

2258 2957 2403 3009 τέστι
2451 2956 2696 3021 νοοῦντα,
2729 2959 2873 3029 τίςή
2908 2958 3008 3029 τῆς
3049 2958 3403 3022 ἀναστάσεως
3445 2956 3612 3019 αἰτία,
3653 2950 3735 3006 καὶ
3766 2945 3810 3000 τί

574 3034 718 3089 bona
753 3036 824 3091 sit
854 3039 1035 3093 omnis
1065 3041 1293 3104 oblatio,
1322 3056 1484 3110 quam
1516 3042 1789 3111 quiSpiam
1831 3042 1971 3097 bene
2001 3044 2068 3099 de
2094 3060 2153 3100 se

574 3128 771 3182 merito
808 3128 1029 3186 Christo
1064 3130 1274 3197 fecerit,
1326 3132 1464 3187 nihil
1518 3144 1698 3189 tamen
1745 3142 1855 3189 tam
1894 3136 2158 3191 eximium

574 3215 804 3272 daturus
833 3226 940 3282 est,
973 3236 1138 3291 quam
1171 3223 1216 3278 si
1248 3224 1488 3293 seipsum
1520 3225 1783 3281 obtulerit
1808 3226 1973 3297 hujus
2009 3244 2159 3299 mys-

578 3314 699 3368 terii
752 3319 1024 3373 rationem
1088 3319 1508 3391 intelligentem,
1567 3323 1620 3377 id
1671 3331 1778 3387 est.
1824 3328 2158 3397 cogitantem

575 3421 697 3475 quae
726 3405 1170 3467 Resurrectionis
1210 3427 1376 3468 causa
1425 3416 1516 3476 sit,
1549 3415 1791 3486 quidque
1824 3420 2154 3476 mortalibus

579 3497 774 3553 aﬁ'erre
798 3502 995 3570 possit,
1028 3517 1259 3573 eamque
1303 3506 1676 3575 cognitionem
1717 3510 2028 3567 actionibus
2064 3512 2159 3566 de-

578 3589 888 3653 claraverit,
942 3608 1005 3646 ac
1048 3603 1273 3664 propter
1320 3596 1470 3651 illum
1521 3600 1703 3652 omnia
1751 3599 1928 3656 factus
1973 3602 2156 3670 fuerit,

579 3698 924 3753 quaecunque
954 3686 1069 3754 ipse
1100 3697 1321 3758 propter
1339 3706 1439 3746 nos
1467 3690 1646 3747 factus
1679 3702 1784 3758 est,
1818 3694 1870 3748 id
1893 3705 1997 3761 est,
2038 3699 2158 3753 sine

581 3776 1006 3845 reprehensione
1030 3779 1291 3837 incedens
1324 3798 1421 3852 per
1452 3799 1643 3839 omnes
1673 3784 2081 3845 Cliristiaatates
2104 3802 2160 3847 et

2256 3051 2477 3105 δύναται
2518 3051 2840 3122 χαρίζεσθαι
2876 3055 2989 3115 τοῖς
3017 3050 3352 3122 ἀνθρώποις,
3394 3049 3491 3103 καὶ
3516 3048 3611 3118 τὴν
3640 3042 3811 3113 γνῶσιν

2254 3143 2459 3213 ταύτην
2497 3142 2781 3197 δεικνύντα
2815 3145 2908 3198 ἐπὶ
2941 3144 3049 3198 τῶν
3078 3143 3335 3215 πράξεων
3359 3184 3375 3207 ,
3407 3143 3499 3197 καὶ
3538 3140 3704 3193 πάντα
3735 3150 3808 3202 γε·

2255 3235 2481 3306 νόμενον
2508 3234 2595 3289 διὰ
2620 3235 2878 3308 Χριστὸν,
2908 3236 3009 3289 ὅσα
3035 3237 3241 3299 ἐκεῖνος
3270 3235 3342 3288 δι’
3374 3235 3543 3305 ἡμᾶς,
3570 3227 3808 3284 τουτέστιν

2257 3327 2562 3399 ἀμέμπτως
2588 3327 2840 3381 ὁδεύοντα
2859 3328 2946 3382 διὰ
2976 3328 3169 3382 πασῶν
3198 3328 3306 3381 τῶν
3338 3324 3573 3400 ἡλικιῶν
3600 3313 3805 3393 Χριστοῦ

2258 3422 2353 3474 καὶ⁹
2371 3420 2677 3490 δυνάμεων,
2706 3420 3064 3492 ἁγνιζόμενον
3084 3419 3493 3491 πνευματικῶς,
3520 3407 3808 3486 περιτεμνόο

2262 3533 2423 3587 μενον
2462 3516 2561 3585 τὴν
2599 3516 2656 3567 ὲν
2704 3514 2906 3586 καρδία
2953 3512 3255 3584 περιτομὴν
3299 3511 3619 3565 διδάσκοντα
3662 3505 3715 3555 ὲν
3744 3494 3808 3567 τῷ

2261 3609 2416 3682 “Pl-t3:
2466 3609 2592 3672 τοὺς
2622 3606 2993 3677 θεοκαπήλους
3035 3603 3332 3658 ἐλαύνοντα
3365 3600 3721 3669 λιθαζόμενον,
3754 3588 3809 3682 τὰ

2260 3680 2395 3757 ἄλλα
2421 3699 2681 3753 ποιοῦντα
2701 3700 2734 3768 ἢ
2768 3699 3068 3769 πάσχοντα,
3095 3698 3194 3750 ὅσα
3215 3696 3310 3749 καὶ
3332 3696 3497 3758 αὐτὸς
3527 3690 3657 3760 ὑπὲρ
3677 3680 3810 3755 ἡμῶν

2262 3790 2517 3862 ἐποίησεν
2546 3789 2578 3860 ἢ
2609 3788 2827 3853 ἔπαθεν,
2864 3790 2998 3859 ἡμῖν
3036 3784 3429 3855 ὑπολιμπάνων
3457 3768 3805 3847 ὑπογραμμὼο

582 3874 874 3942 potentias,
906 3876 1265 3944 spiritualiter
1290 3880 1628 3950 puriﬁcatus,
1662 3885 1829 3941 corde
1858 3886 2240 3953 circumcisus,
2292 3890 2347 3943 in
2409 3886 2613 3956 templo
2669 3886 2912 3949 docens,
2979 3881 3378 3937 nundinatores
3454 3874 3688 3946 ejiciens,
3748 3863 3808 3915 1³·

582 3964 820 4037 pidatus,
854 3967 1069 4037 aliaque
1101 3971 1302 4036 omnia,
1333 3973 1528 4042 partim
1563 3977 1790 4043 faciens,
1830 3980 2027 4047 partim
2068 3983 2299 4049 patiens,
2349 3994 2471 4051 quae
2501 3979 2619 4050 ipse
2650 3985 2839 4033 nostra
2893 3989 3084 4039 causa,
3150 3973 3238 4029 vel
3304 3970 3453 4037 fecit,
3496 3965 3579 4020 vel
3639 3967 3811 4030 passus

583 4067 688 4121 est,
714 4061 874 4116 nobis
901 4064 1211 4133 exemplum
1253 4067 1610 4137 relinquens,

654 4154 730 4207 Ac
759 4154 899 4209 vobis
929 4155 1159 4225 quidem,
1183 4168 1240 4211 ut
1266 4162 1500 4227 cernitis,
1524 4171 1707 4231 pastor
1727 4163 1810 4218 hic
1836 4165 2025 4229 bonus,
2053 4175 2159 4222 etc.

583 4246 881 4303 Auditores
912 4248 978 4303 ad
1006 4248 1219 4307 fructus
1244 4250 1356 4307 Deo
1381 4252 1687 4312 oﬁ‘erendos
1714 4256 1964 4314 excitans
1985 4257 2163 4313 Theo-

2339 4163 2474 4219 lbid.
2504 4162 2549 4216 Β
2581 4164 2632 4216 i.
2668 4157 3045 4231 Καρποφορεῖ
3070 4197 3084 4213 .
3118 4196 3131 4209 .
3164 4198 3181 4213 .
3227 4156 3580 4225 πνεύματος.
3628 4137 3799 4207 Διεγεε·

2273 4275 2379 4331 ρων
2407 4256 2535 4320 τοὺς
2562 4254 2862 4316 ἀκούοντας
2901 4254 2981 4316 εἰς
3014 4251 3077 4303 τὸ
3105 4249 3474 4320 καρποφορεῖν
3505 4244 3533 4296 ὁ
3559 4234 3809 4331 Θεολόγοςί

587 4338 781 4408 logus,
808 4339 909 4394 hoc
940 4339 1252 4397 faciendum
1280 4360 1403 4400 esse
1448 4347 1665 4416 probat,
1703 4355 1818 4402 tum
1853 4364 1883 4403 a
1933 4365 2159 4420 persona

2269 4315 2671 4412 κατασκεῦάζει
2704 4346 2765 4400 τὸ
2807 4315 2918 4398 δεῖν
2960 4315 3119 4396 τοῦτο
3159 4315 3412 4410 γενέσθαι
3461 4334 3551 4389 καὶ
3594 4326 3691 4436 ἀπὸ
3726 4315 3802 4436 τῗῦ

587 4429 818 4499 Christi,
873 4448 997 4487 cum
1036 4433 1175 4489 dixit
1220 4451 1344 4491 eum
1407 4411 1505 4508 pro
1554 4411 1949 4510 redemptionis
1992 4442 2159 4511 pretio

2269 4441 2530 4511 Χριστοῦ,
2572 4411 2760 4500 είπὼν,
2785 4437 2866 4489 ὅτι
2902 4436 3152 4497 κάκεῖνος
3186 4432 3381 4502 λύτρον
3406 4429 3600 4483 ἔδωκεν
3639 4411 3803 4511 taurini

590 4520 833 4591 seipsum
876 4525 1035 4579 nobis
1074 4526 1310 4593 dedisse,
1340 4537 1455 4582 tum
1486 4545 1637 4584 nunc
1676 4533 1842 4587 etiam
1874 4547 1903 4586 a
1932 4548 2165 4603 persona

590 4614 793 4680 Patris,
824 4616 1053 4681 addens,
1082 4617 1350 4683 Quoniam
1386 4620 1473 4675 hic
1502 4638 1721 4693 quoque
1752 4631 2023 4694 pastorem
2056 4625 2170 4680 sive

592 4707 910 4778 episc0pum
944 4724 1029 4762 me
1049 4708 1350 4778 dispensat.
1382 4710 1671 4784 Presbyter
1692 4715 1893 4770 etenim
1916 4715 2026 4785 jam
2049 4732 2169 4771 sum

596 4804 763 4865 atque
794 4796 900 4851 hoc
940 4806 1115 4866 pater,
1158 4814 1265 4853 non
1308 4808 1511 4869 sperat,
1557 4803 1652 4857 sed
1699 4805 1882 4859 videt:
1929 4804 2169 4860 nondum

599 4893 779 4940 autem
820 4902 939 4940 sum
970 4891 1285 4959 episcopus,
1316 4891 1411 4946 sed
1444 4908 1529 4947 me
1561 4903 1682 4963 post
1730 4907 1960 4949 mortem
2013 4911 2168 4952 suam

602 4974 849 5031 futurum
884 4988 1069 5047 sperat
1093 4987 1269 5050 pater,
1302 4990 1586 5053 Optatque,
1616 4993 1673 5037 nt
1704 4986 2020 5055 hujusmodi
2052 5004 2173 5042 mu-

600 5081 734 5121 nere
755 5065 958 5136 dignus
998 5071 1123 5137 sim,
1163 5080 1225 5125 ut
1264 5087 1373 5126 non
1406 5075 1779 5130 mercenarius
1823 5079 1949 5140 sim,
1998 5092 2174 5147 neque

603 5158 719 5221 fur,
756 5159 851 5215 sed
906 5168 1096 5229 pastor
1125 5180 1138 5214 :
1173 5170 1336 5232 atque
1381 5180 1411 5218 a
1456 5166 1635 5230 vobis,
1667 5168 1759 5236 qui
1794 5168 1862 5222 ab
1894 5183 1962 5223 eo
1995 5170 2175 5239 pasci-

605 5252 761 5318 mini,
795 5254 949 5322 petit,
983 5262 1043 5308 ut
1076 5270 1163 5310 me
1204 5270 1330 5310 cum
1378 5272 1409 5312 a
1452 5260 1559 5314 vita
1590 5261 1857 5331 migrarit,
1900 5269 2173 5332 pastorem

608 5344 913 5415 accipiatis,
946 5346 1314 5418 morigerique
1357 5352 1522 5405 animi
1556 5354 1829 5422 specimen
1868 5355 2174 5423 praebeatis.

610 5436 851 5508 Ᾰὲιιιιιιιιι
887 5446 973 5495 est
1017 5448 1222 5505 autem,
1276 5450 1335 5496 ut
1371 5454 1610 5512 paternae
1664 5446 1912 5517 petitioni
1946 5447 2175 5502 cedatis.

612 5526 806 5583 Pastor
834 5529 1036 5584 etenim
1065 5530 1241 5587 bonus
1275 5540 1357 5588 est
1391 5533 1558 5604 (quod
1590 5535 1657 5591 de
1713 5537 1895 5607 seipso
1928 5535 2181 5593 Christus

620 5621 955 5694 praedicavit)
982 5623 1335 5697 animamque
1368 5643 1521 5684 suam
1547 5644 1645 5699 pro
1679 5630 1838 5687 nobis
1862 5631 2055 5686 ovibus
2086 5646 2183 5702 po-

698 5768 740 5799 "
762 5763 922 5822 Joan.
950 5781 1051 5832 ιιι,
1086 5766 1178 5821 52.

2265 4502 2402 4604 ὑπὲρ
2428 4502 2606 4602 ἡμῶν.
2638 4526 3056 4589 Κατασκευάζει
3093 4525 3150 4578 δὲ
3193 4524 3289 4578 νῦν
3320 4523 3412 4576 καὶ
3440 4517 3542 4574 ἀπὸ
3577 4509 3663 4565 τοῦ
3693 4502 3801 4604 ιδίου

2266 4597 2501 4696 Πατρὸςί,
2529 4621 2816 4695 προσθεὶς,
2842 4621 2924 4673 ὅτι
2961 4619 3056 4671 καὶ
3092 4611 3247 4680 οὗτος
3279 4616 3380 4687 ἐμὲ
3414 4613 3539 4683 ὑμῖν
3575 4597 3798 4696 ποιμένςιι

2267 4687 2441 4770 είτουν
2463 4687 2781 4776 ἐπίσκοπον,
2818 4713 3312 4783 προμνηστεύεται.
3337 4700 3692 4777 Πρεσῦύτερος

2269 4810 2371 4880 ἤδη
2399 4807 2513 4879 εἰμί
2540 4824 2552 4838 ·
2584 4807 2677 4860 καὶ
2710 4775 3139 4872 τοῦτο’ὁῡῐιατὴρ
3159 4801 3259 4854 οὐκ
3298 4775 3522 4863 ἐλπίζει,
3555 4784 3679 4880 ἀλλά
3701 4775 3799 4880 βλέ-

2268 4871 2387 4956 πειλ
2419 4871 2573 4954 οῖιπω
2601 4899 2658 4952 δέ
2687 4900 2801 4967 ειμι
2835 4871 3150 4957 ἐπίσκοπος,
3206 4890 3343 4945 ἀλλά
3379 4888 3533 4943 τοῦτο
3577 4882 3607 4932 ὁ
3636 4871 3796 4967 Harii?

2272 4954 2481 5055 ελπίξει
2521 4954 2774 5055 γενέσθαι.
2829 5002 2897 5055 με
2935 4983 3072 5054 μετά
3112 4954 3204 5035 τὸν
3239 4978 3404 5034 αὑτοῦ
3439 4976 3676 5030 θάνατον.
3721 4954 3799 5055 Xa}

2272 5044 2509 5154 εὔχεται,
2535 5044 2695 5171 ’ἄξιόν
2732 5094 2798 5149 με
2830 5044 3087 5171 γενέσθαι
3123 5074 3218 5127 τοῦ
3255 5044 3795 5171 Δπραγματος,Διὶιςιιμζζὶ

2278 5142 2545 5248 μισθωτδν
2581 5142 2743 5235 εἶναι,
2787 5142 2920 5241 μήδὲ
2952 5167 3192 5236 κλέπτην
3244 5164 3379 5218 ἀλλὰ
3421 5154 3654 5248 ποιμένα.

2277 5231 2407 5340 παρ’
2435 5268 2590 5339 ὑμῶν
2629 5266 2769 5319 αἰτεῖ
2795 5261 2903 5315 τῶν
2949 5259 3041 5312 ὑπ’
3072 5255 3239 5311 αὑτοῦ
3274 5245 3696 5340 ποιμαινομένων,
3724 5231 3791 5340 Et“

2279 5320 2493 5432 ιμετζ
2534 5356 2694 5411 αὐτὸν
2736 5355 2828 5408 τὸν
2856 5350 3211 5420 ποιμαίνοντα
3243 5320 3462 5419 δέξησθε
3495 5340 3580 5396 καὶ
3609 5330 3693 5434 fil"
3717 5320 3791 5434 if:

2278 5426 2518 5506 πείθειαν
2546 5445 2905 5517 ὲπιδείξησθε.
2924 5444 3133 5497 Δίκαιοι
3153 5441 3197 5494 δ’
3231 5437 3296 5493 ἂν
3317 5439 3481 5509 εἴητε,
3504 5426 3707 5519 αἰτοῦντι

2279 5542 2444 5611 πατρὶ
2468 5511 3009 5605 πείθεσθαιίιιοιμὴν
3029 5532 3139 5603 γάρ
3172 5534 3287 5585 ἐστι
3316 5528 3477 5590 καλὸς
3509 5521 3552 5588 (δ
3577 5511 3687 5611 περ)

2278 5632 2373 5687 τοῦ
2393 5600 2438 5687 ’ὁ
2467 5631 2656 5702 Σωτὴρ
2682 5625 2849 5696 εἷπε),
2878 5600 2976 5681 καὶ.
3003 5600 3306 5697 τὴν-ψυχὴν
3333 5615 3494 5675 αὐτοῦ
3520 5607 3641 5678 ὑπὲρ
3660 5600 3783 5666 ὗμθν
