4040 6282
269 222 377 276 9171

1454 230 1543 283 AD
1582 231 1641 285 ὃ.
1688 227 2015 287 GRECORH
2057 229 2266 285 OR.\T.
2309 229 2348 283 1.

3429 245 3535 300 953

266 341 389 393 τῶν
414 342 701 412 προϐάτων
735 343 937 415 τίθησι.
981 347 1178 401 Δίδωσι
1203 344 1258 400 δὲ
1288 348 1381 401 καὶ
1402 348 1601 401 ἑαυτὸν
1638 347 1858 402 διπλοῦν

1969 346 2063 398 ηἰι.
2097 344 2239 411 Quin
2271 354 2324 399 et
2371 361 2469 416 pro
2502 346 2736 415 siu‘pliei
2785 348 3055 419 duplicem
3089 356 3242 411 rubis
3290 359 3530 428 seipsum

267 433 409 504 ὑμῖν
441 432 555 486 ἀνθ’
584 434 775 489 ἁπλοῦ.
803 436 965 507 Κάμὲ
1002 437 1111 511 γὰρ
1138 440 1216 502 εἰς
1246 438 1343 509 τὴν
1368 440 1704 509 προστασίαν
1736 440 1855 511 μεθ’

267 522 475 575 ἑαυτοῦ
504 522 659 588 ἔταξε
688 540 701 552 ·
733 524 887 592 κάγὼ
914 526 1109 596 διπλῆν
1137 528 1284 599 αὐτῷ
1318 528 1495 601 μέλλω
1517 529 1705 600 χρείαν
1731 530 1859 600 πλη·

273 612 432 685 ροῦν,
466 615 560 667 καὶ
611 614 703 669 τοῦ
748 618 936 689 γήρως
979 617 1249 689 βακτηρία
1283 620 1569 690 γενόμενος
1623 620 1716 673 καὶ
1764 620 1857 672 τοῦ

268 706 613 773 πνεύματος.
650 707 1031 780 ’Υποστηρίζω
1060 728 1119 763 τε
1144 711 1251 783 γὰρ
1278 712 1368 763 τὸν
1402 711 1617 782 πατέρα
1645 728 1857 781 κεκμη-

270 796 414 848 κότα
443 796 521 867 τῷ
553 797 749 869 χρόνῳ,
785 800 878 853 καὶ
907 800 1005 863 τὰς
1041 804 1415 872 πνευματικὰς
1454 802 1603 873 αύτῷ
1644 803 1737 857 καί⁵
1769 804 1858 856 ὲκ-

270 887 674 958 χλησιαστικάς
703 892 1099 960 συνεισενέγκω
1129 893 1434 964 φροντίδας.

354 980 470 1034 Col.
514 981 620 1035 400
653 980 694 1033 Β
721 982 775 1035 6.
810 983 917 1035 Καὶ
953 987 1311 1053 προστίθησι
1343 1028 1356 1041 .
1390 1028 1404 1042 .
1440 1029 1455 1042 .
1501 987 1694 1052 ἄξιον.
1746 990 1858 1042 Καὶ

256 1066 392 1130 δύο,
421 1067 572 1139 φησὶ,
605 1068 764 1132 ναοὺς
792 1069 919 1140 ὑμῖν
952 1074 979 1124 6
1023 1074 1204 1144 πατὴρ
1238 1074 1546 1147 ἐχαρίσατο.
1589 1077 1725 1131 Ἕνα
1760 1076 1857 1147 μὲν

268 1158 509 1229 ἄψυχον,
536 1159 594 1212 ὃν
632 1161 691 1212 ἐν
723 1159 1007 1233 Ναζιανζῴ
1054 1165 1350 1236 φιλοτίμως
1390 1168 1670 1240 ἀνήγειρε,
1704 1185 1855 1241 περιο

268 1251 454 1321 λα).λῆ
493 1269 612 1306 τινα
652 1254 744 1306 καὶ
790 1255 1061 1326 ούράνιον.
1091 1259 1351 1328 Οὐράνιον
1395 1260 1450 1313 δὲ
1481 1256 1632 1313 εἶπεν
1674 1262 1855 1325 αὑτὸν,

269 1347 423 1414 τάχα
460 1346 557 1415 μὲν
587 1345 674 1399 διὰ
704 1347 764 1400 τὸ
794 1348 946 1418 ὕψος,
986 1351 1125 1420 τάχα
1153 1351 1208 1403 δὲ
1260 1352 1348 1405 διά
1373 1353 1434 1405 τὸ
1469 1354 1858 1425 ἡμισφαιρικὸν

280 1439 476 1507 σχῆμα
516 1436 612 1508 τῆς
646 1439 850 1509 ὀροφῆς
874 1480 889 1503 ,
926 1439 1055 1503 ἴσως
1097 1441 1153 1493 δὲ
1185 1442 1278 1494 καὶ
1322 1443 1410 1495 διὰ
1439 1443 1500 1496 τὸ
1543 1445 1632 1497 τὸν
1683 1445 1859 1499 πάντα

266 1528 409 1580 ναὸν
435 1526 602 1582 τύπον
624 1529 927 1595 ἀποσώζειν
952 1530 1045 1583 τοῦ
1076 1532 1302 1602 ούρανοῦ
1339 1550 1353 1563 ·
1394 1537 1479 1591 ἒτε
1488 1552 1580 1605 ρον
1602 1535 1658 1588 δὲ
1686 1535 1858 1605 ἔμψυ-

275 1637 397 1689 χον.
434 1620 655 1673 Ἑαυτὸν
687 1621 741 1673 δὲ
770 1620 911 1674 οὕτω
940 1622 1086 1691 λέγει
1116 1626 1143 1676 6
1163 1622 1419 1692 Θεολόγος
1454 1629 1594 1679 κατὰ
1635 1628 1696 1680 τὸ
1728 1628 1860 1681 ἀπο-

1959 436 2117 491 oiTert
2151 455 2164 491 :
2200 451 2323 489 nam
2355 453 2440 492 me
2462 454 2680 509 quoque
2709 439 2773 493 ad
2806 458 2900 496 vos
2929 445 3193 513 regendos
3215 449 3421 505 socium
3445 467 3532 507 as-

1958 529 2122 585 eiscit
2161 548 2173 582 :
2205 538 2370 599 atque
2418 531 2534 599 ipse
2566 547 2665 601 ego
2694 531 2964 602 duplicem
3007 553 3165 592 usum
3196 548 3360 610 atque
3403 559 3533 614 ope-

1958 634 2075 673 ram
2096 618 2172 673 illi
2192 620 2489 689 praastabo,
2509 621 2769 677 nimirum
2806 632 2860 678 et
2894 628 3195 684 senectutis
3224 630 3530 703 subsidium

1958 710 2159 773 factus,
2207 722 2260 765 et
2294 711 2542 780 spiritus.
2584 711 2717 767 Nam
2756 722 2811 768 et
2848 724 3052 784 patrem
3096 730 3376 779 senectute
3421 725 3532 779 fra-

1958 810 2105 855 ctum
2136 811 2190 855 et
2225 801 2535 856 confectum
2571 804 2887 871 l'ulciam,et
2913 809 3227 878 spirituales
3251 821 3414 885 atque
3432 833 3531 873 ec.

1958 894 2295 949 etesiastieas
2325 909 2487 949 curas
2521 910 2644 949 cum
2678 895 2797 966 ipso
2829 902 3135 959 sustinebo.

1969 988 1995 1029 ιν
2039 975 2206 1043 Atque
2220 979 2511 1033 inanimato
2529 985 2717 1051 templo
2736 989 3049 1056 animatum,
3074 996 3302 1051 ctc.Duo
3317 1003 3537 1070 templa,

1968 1062 2165 1135 inquit,
2187 1076 2338 1136 pater
2359 1072 2509 1127 vobis
2526 1074 2666 1129 dono
2685 1078 2853 1144 dedit,
2873 1083 3100 1138 alterum
3119 1087 3336 1154 quidem
3358 1062 3537 1145 inani-

1967 1172 2053 1211 me
2080 1158 2224 1227 quod
2260 1158 2513 1215 Nazianzi
2558 1168 2841 1236 magniﬁce
2877 1178 3145 1228 exstruxit
3170 1216 3183 1238 ,
3219 1181 3534 1249 perelegans

1961 1246 2234 1317 quoddam
2263 1259 2316 1304 et
2335 1253 2575 1308 eteleste.
2596 1256 2832 1313 leestc
2857 1269 3041 1316 autem
3069 1264 3243 1333 ipsum
3260 1246 3420 1331 dixit,
3446 1272 3530 1325 vel

1958 1341 2647 1408 preptcraltitudinein,vel
2666 1359 2888 1418 prepter
2909 1353 3041 1406 semi
3056 1355 3377 1411 circularem
3399 1360 3525 1414 tceti

1960 1431 2208 1502 ﬁguram,
2230 1434 2491 1489 veletiant
2524 1436 2754 1494 fortasse
2775 1442 2900 1510 quia
2934 1445 3192 1514 templum
3224 1462 3386 1503 omne
3403 1451 3529 1506 emli

1958 1522 2180 1593 ﬁguram
2207 1538 2406 1591 servat,
2425 1528 2653 1582 alterum
2674 1540 2853 1585 autem
2887 1534 3208 1599 animatum,
3245 1539 3324 1593 sie
3346 1549 3525 1596 autem

1955 1616 2195 1685 seipsum
2215 1618 2469 1687 appellat,
2493 1623 2791 1675 secundum
2814 1624 2944 1676 illud
2967 1626 3243 1695 Apostoli:
3270 1629 3526 1694 Nescitis,

278 1714 562 1767 στολικόν·
609 1717 728 1768 Οὐκ
762 1716 979 1779 οῘὸατε,
1023 1717 1112 1769 ὅτι
1152 1718 1298 1783 ναὸς
1336 1719 1483 1773 Θεοῦ
1526 1721 1703 1786 ἐστε;
1748 1724 1857 1776 Καὶ

1969 1715 2092 1781 παρά
2130 1713 2374 1779 templum
2406 1710 2500 1764 Dei
2516 1713 2735 1766 estis”?
2766 1714 2840 1767 Ac
2876 1714 3088 1784 cogitur
3121 1716 3362 1786 quidem,
3397 1729 3448 1773 ut
3481 1719 3534 1771 in

274 1806 651 1874 ἀναγκάζεται
695 1807 807 1875 μὲν.
860 1807 935 1871 ὡς
978 1810 1035 1860 ἐν
1077 1809 1395 1880 συγκρίσει,
1444 1815 1618 1866 εἰπεῖν
1669 1813 1858 1868 ἑαυτὸν

276 1898 466 1969 πολλῷ
517 1896 741 1968 μείζονα
795 1898 889 1950 καὶ⁵
937 1899 1267 1973 ὑψηλότερον
1314 1902 1405 1955 τοῦ
1458 1904 1665 1974 ἀψύχου
1697 1904 1855 1959 ναοῦ·

276 1991 406 2043 ἐπεὶ
441 1990 496 2042 δὲ
534 1988 788 2059 φορτικόν
833 1990 949 2044 ἐστι
979 1992 1041 2044 τὸ
1088 1993 1279 2044 ἑαυτὸν
1322 1995 1581 2059 ἐπαινεῖν,
1624 1996 1859 2051 ἐκκλίνει

274 2083 383 2152 τὴν
415 2080 882 2152 περιαυτολογίαν,
923 2083 1018 2136 καὶ
1044 2084 1222 2153 μέσως
1246 2101 1360 2149 πως
1387 2086 1551 2155 λέγει,
1579 2089 1659 2140 ὅτι
1690 2105 1857 2157 προσ·

273 2172 461 2243 τίθησι
500 2171 576 2242 τῷ
622 2173 813 2243 ἀψύχῳ
851 2173 972 2244 μὲν,
1033 2177 1350 2247 περικαλλεῖ
1383 2178 1438 2231 δὲ
1477 2177 1608 2248 ναῷ,
1644 2179 1742 2247 ἐμὲ
1772 2179 1860 2232 τὸν

268 2263 561 2317 ὁποιονοῦν
610 2264 702 2318 καὶ
742 2266 949 2337 ἡλίκον,
1004 2267 1279 2321 τουτέστιν
1320 2264 1429 2322 οἷον
1474 2269 1539 2323 ἂν
1595 2272 1688 2324 καὶ
1737 2272 1861 2324 ὅσον

274 2354 458 2425 κρίνοι
482 2373 582 2418 τις.
605 2356 752 2428 Πλὴν
781 2359 964 2423 ὁποῖος
988 2358 1053 2414 ἂν
1083 2361 1177 2413 καὶ
1205 2361 1339 2431 εἴην,
1370 2360 1446 2430 τῷ
1479 2362 1646 2431 πατρὶ
1672 2360 1836 2430 τιμιώ

275 2463 450 2509 τατος
483 2448 687 2519 σφόδρα
721 2450 857 2521 εἰμί.
892 2451 934 2503 Τ
937 2451 1140 2505 οιοῦτον
1160 2448 1251 2505 οὖν
1275 2469 1339 2521 με
1368 2453 1495 2525 παρ’
1531 2452 1680 2523 αὐτῷ
1712 2454 1858 2513 ὄντα,

270 2538 411 2608 ὑμῖν
441 2540 752 2595 ἐπιδέδωκε.
788 2541 895 2594 Καὶ
919 2542 1018 2594 οὑκ
1049 2543 1195 2595 ἔστιν
1225 2544 1418 2605 εἰπεῖν,
1448 2543 1528 2595 ὅτι
1558 2545 1638 2607 είς
1676 2544 1775 2614 μὲν
1803 2545 1863 2597 τὸ

272 2631 560 2701 ἀνεγεῖραι
594 2631 685 2684 τὸν
714 2631 918 2703 ἄψυχον
947 2632 1076 2686 ναὸν
1104 2632 1297 2686 πολλοῦ
1338 2634 1503 2687 πόνου
1535 2635 1630 2687 καὶ
1655 2633 1864 2688 ἀναλω-

280 2723 470 2792 μάτων
500 2723 685 2793 ὲδέησε
714 2722 790 2793 τῷ
819 2725 1006 2794 πατρὶ,
1036 2728 1115 2788 εἰς
1142 2726 1242 2795 ἐμὲ
1264 2725 1320 2779 δὲ
1346 2726 1484 2796 οὐχί·
1512 2726 1726 2789 πολλοῖς
1755 2725 1863 2797 γὰρ

272 2811 439 2880 κάγὼ
485 2814 666 2884 ἱδρῶσι
702 2814 797 2867 καὶ
840 2814 1040 2878 πόνοις,
1073 2817 1182 2880 τοῖς
1234 2815 1340 2870 τῶν
1396 2816 1757 2887 μαθημάτων,
1790 2817 1858 2869 δι’

275 2904 568 2974 ἀσκήσεως
594 2905 832 2968 τοιοῦτος
880 2906 1282 2977 συνετελέσθην.
1340 2908 1493 2961 Ἐπεὶ
1521 2907 1577 2961 δὲ
1607 2908 1864 2972 πολλάκις

279 2994 409 3047 τινὰ
442 2994 551 3047 τῶν
592 2996 933 3066 πραγμάτων
971 2999 1071 3051 ούκ
1104 2997 1226 3062 ἄξια
1260 2998 1367 3051 τῶν
1416 3001 1594 3054 πόνων
1635 3000 1865 3053 ἀποϐαί-

279 3104 489 3151 νουσιν,
515 3089 542 3141 6
569 3087 829 3157 Θεολόγος
861 3089 1021 3160 μέσος
1043 3090 1255 3161 χωρῶν,
1279 3089 1402 3143 οὔτε
1429 3091 1663 3162 κρύπτει
1683 3091 1860 3156 τοῦτο,

274 3180 365 3232 ὃτι
390 3178 538 3243 ἄξιος
577 3179 758 3249 ἀπέϐη
793 3180 897 3233 τῶν
922 3181 1120 3246 πόνων,
1148 3179 1270 3235 οὔτε
1299 3183 1459 3235 πάλιν
1493 3183 1862 3237 ἀπαυθαδειά-

278 3269 456 3334 ζεται,
497 3270 612 3324 ἀλλ’
644 3271 931 3341 ἐπεύχεται
973 3271 1167 3342 μόνον’
1213 3272 1299 3344 εἴη
1331 3274 1386 3326 δὲ
1419 3275 1614 3341 εἰπεῖν,
1655 3275 1735 3327 ὅτι
1771 3275 1863 3328 καὶ

278 3363 393 3415 τῶν
429 3364 605 3415 πόνων
630 3362 801 3425 ἄξιον.

1961 1817 2148 1872 compa
2160 1804 2563 1868 ratione,tnulto
2577 1805 3277 1873 majoremt-tsulilitniorcm
3296 1811 3535 1879 seipsum

1963 1894 2261 1948 inanimato
2289 1896 2492 1965 templo
2528 1898 2731 1951 dicere.
2764 1896 2956 1952 Verum
2985 1902 3241 1968 quoniam
3266 1917 3428 1971 grave
3455 1910 3540 1957 est

1931 1986 2288 2056 .invidiazque
2352 1988 2567 2057 plenum
2617 1992 2865 2059 pr0prias
2897 1989 3084 2044 laudes
3120 1991 3434 2060 praedicare,
3471 1994 3539 2046 ad

1961 2076 2240 2129 vitandam
2283 2078 2665 2132 ostentationis
2698 2080 2931 2148 speciem
2964 2080 3142 2133 medio
3167 2081 3403 2151 quodam
3424 2098 3540 2135 mo-

1962 2166 2031 2220 do
2072 2168 2147 2220 ait
2184 2187 2196 2220 :
2231 2168 2460 2221 lnanimi
2498 2169 2714 2239 quidem
2749 2172 2892 2245 huic,
2931 2180 3188 2225 carterum
3226 2180 3539 2244 peregregio

1964 2261 2168 2328 templo
2228 2260 2476 2332 adjungit
2537 2278 2642 2324 me,
2706 2264 3147 2334 qualemcunque
3204 2266 3420 2321 tandem
3486 2276 3541 2321 et

1962 2354 2525 2422 quantulumeunque.
2558 2354 2608 2407 id
2637 2363 2741 2419 est,
2776 2356 2992 2424 qualem
3022 2366 3074 2410 et
3097 2363 3361 2425 quantum
3388 2357 3539 2426 judi-

1962 2444 2244 2499 caveritis.
2306 2443 2507 2499 Verum
2561 2445 2960 2517 qualiscunque
3010 2448 3137 2510 sim,
3179 2448 3317 2517 patri
3363 2463 3543 2503 tamen

1966 2552 2084 2590 sum
2112 2536 2499 2601 cliarissimus,
2539 2546 2589 2591 et
2616 2538 3206 2594 common.latisdmus.
3241 2536 3427 2593 Talem
3460 2556 3545 2595 me

1967 2628 2134 2698 igitur
2161 2639 2314 2699 pater
2354 2631 2600 2700 tantique
2626 2630 2769 2700 apud
2799 2647 2857 2685 se
2888 2632 3067 2702 pretii,
3094 2633 3245 2687 vobis
3272 2635 3539 2702 porrexit.

1966 2719 2073 2773 Nec
2104 2734 2230 2773 vero
2258 2721 2359 2775 hoc
2388 2721 2495 2775 dici
2529 2723 2719 2790 possit,
2758 2722 2824 2775 ad
2853 2721 3171 2791 erigendum
3210 2723 3426 2792 quidem
3464 2724 3548 2777 in-

1968 2814 2265 2867 animatum
2312 2814 2572 2882 templum
2610 2814 2781 2867 multo
2834 2813 3019 2868 labore
3070 2815 3364 2885 multisque
3398 2832 3548 2870 surn-

1969 2907 2154 2978 ptibus
2195 2922 2333 2976 Opus
2385 2906 2556 2960 fuisse
2607 2907 2784 2974 patri;
2814 2905 2879 2957 ad
2917 2920 3002 2959 me
3030 2914 3208 2960 autem
3244 2923 3351 2959 non
3394 2907 3543 2962 item.

1973 3000 2155 3054 Multis
2180 2999 2323 3054 enim
2349 2998 2467 3069 ipse
2497 3013 2716 3067 quoque
2740 2998 3055 3065 sudoribus,
3086 3006 3198 3052 tum
3231 2998 3550 3068 disciplina-

1971 3108 2112 3153 rum,
2149 3099 2265 3143 tmn
2327 3091 2428 3159 pia:
2464 3088 2903 3155 exercitationis,
2955 3089 3078 3143 talis
3125 3088 3353 3147 ell‘ectus
3401 3106 3543 3146 sum.

1968 3181 2235 3249 Quoniam
2268 3189 2447 3237 autem
2477 3182 2797 3251 plerumque
2828 3180 3046 3245 accidit,
3082 3192 3137 3235 ut
3172 3183 3417 3250 quazdam
3451 3199 3548 3238 ne-

1966 3288 2237 3344 quaquam
2261 3289 2355 3343 pro
2382 3274 2628 3327 laborum
2647 3273 2855 3326 ratione
2881 3277 3202 3336 succedant,
3230 3273 3548 3346 Tlieologus

1971 3364 2210 3419 medium
2244 3364 2348 3417 iter
2378 3371 2595 3429 tenens,
2629 3378 2728 3418 nec
2766 3363 2868 3418 hoc
2908 3364 3128 3427 reticet,
3159 3365 3305 3433 quod
3344 3367 3551 3420 labori-

280 3460 391 3514 bus
433 3474 460 3510 ιι
496 3467 647 3529 patre
692 3458 969 3528 susceptis
1002 3461 1369 3531 responderit,
1407 3477 1508 3516 nec
1553 3478 1750 3517 rursus
1780 3462 1883 3515 hoc
1924 3467 2243 3528 arroganter
2267 3457 2520 3522 afﬁrmat,
2561 3473 2748 3512 verum
2786 3473 2898 3512 rem
2931 3458 3112 3528 potius
3160 3458 3381 3528 optandi
3438 3459 3551 3514 for—

282 3565 372 3603 tna
405 3550 679 3620 exprimit.
718 3551 893 3619 Atque
932 3553 1140 3604 utinam
1179 3553 1457 3607 laboribus
1490 3570 1709 3623 quoque
1745 3553 1966 3625 dignum
2005 3551 2201 3604 addere
2242 3548 2421 3602 liceat.

358 3641 493 3697 Ibid.
540 3643 623 3696 11.
662 3644 770 3697 Καὶ
804 3686 817 3699 .
852 3687 865 3701 .
896 3685 909 3697 .
952 3648 1430 3715 μεγαλοψυχίας.
1482 3650 1603 3702 Ἔτι
1639 3650 1860 3720 ἐμφιλο-

282 3736 454 3804 χωρεί
481 3736 508 3786 6
535 3734 793 3801 Θεολόγος
825 3733 901 3803 τῷ
930 3735 1075 3807 λόγῳ
1109 3736 1187 3806 τῷ
1219 3738 1345 3809 περὶ
1375 3740 1473 3811 τῆς
1517 3741 1612 3794 τοῦ
1658 3743 1864 3813 mum;

280 3824 577 3889 ἐπιδόσεως
603 3841 615 3854 ·
652 3826 746 3878 καὶ
777 3826 967 3888 εἰπὼν,
998 3828 1079 3879 ὅτι
1121 3829 1306 3883 Πάντα
1341 3832 1696 3903 προστίθησιν
1736 3833 1864 3902 ὑμῖν

282 3917 355 3969 τά
399 3917 627 3982 ἑαυτοῦ,
687 3919 817 3990 πρὶν
872 3918 1045 3972 ταῦτα
1102 3922 1619 3994 ἀπαριθμήσασθαι,
1666 3922 1867 3993 μεταξῦ

281 4008 568 4079 ἐθαύμασε
608 4012 703 4062 καὶ
744 4011 1147 4081 ἀνεφθέγξατο,
1196 4015 1257 4064 Ὢ
1295 4014 1394 4083 τῆς
1430 4014 1865 4085 μεγαλοψυχίαςι

284 4103 387 4170 τῆς
418 4101 551 4170 πρὸς
578 4100 677 4172 τὴν
706 4102 1081 4173 καρποφορίαν
1100 4104 1298 4175 δηλαδὴ
1326 4106 1648 4175 ἁπλότητος.
1676 4109 1735 4159 Οί
1770 4105 1868 4176 μὲν

287 4194 397 4265 γὰρ
433 4194 536 4258 ἔξω
577 4195 731 4263 σοφοὶ
766 4193 1171 4264 μεγαλοψυχίαν
1204 4196 1497 4267 ὁρίζονται,
1529 4197 1705 4268 ψυχῆς
1736 4197 1867 4268 ἀρε-

285 4288 411 4356 τὴν,
453 4286 573 4341 καθ’
622 4287 687 4359 ἦν
735 4302 877 4351 τινες
921 4284 980 4341 εὖ
1012 4288 1269 4341 δύνανται
1306 4289 1491 4359 φέρειν
1529 4290 1596 4342 τά
1636 4288 1866 4358 συμϐαί-

2032 3645 2239 3715 Suaque
2257 3644 2432 3697 omnia
2460 3642 2601 3698 vobis
2630 3643 2893 3714 proponit,
2938 3652 3041 3699 etc.
3073 3643 3265 3699 Adhuc
3285 3644 3339 3700 in
3362 3644 3550 3702 eodem

1965 3752 2215 3793 sermone
2241 3736 2308 3789 de
2355 3738 2526 3806 patris
2576 3736 2856 3792 oblatione
2906 3738 3272 3793 immoratur:
3318 3753 3555 3807 cumque

1966 3831 2216 3893 dixisset,
2246 3827 2438 3883 Omnia
2469 3844 2566 3883 sua
2592 3828 2746 3883 vobis
2774 3830 3051 3898 proponit,
3098 3833 3417 3899 priusquam
3439 3831 3553 3885 haec

1969 3928 2278 3986 recenseat,
2317 3921 2524 3975 interea
2554 3936 2679 3975 cum
2726 3920 3089 3978 admiratione
3141 3923 3221 3983 sic
3266 3923 3551 3992 loquitur:

1976 4016 2019 4069 Ο
2051 4014 2242 4066 tniram
2279 4013 2444 4066 animi
2497 4013 2953 4082 magnitudinem,
2989 4014 3039 4068 id
3070 4026 3173 4076 est.
3215 4032 3247 4068 ο
3289 4018 3555 4087 insignem

1974 4104 2027 4157 in
2054 4103 2334 4158 oﬁcrendo
2363 4118 2587 4158 munere
2609 4103 3029 4172 simplicitatem.
3052 4104 3269 4159 Externi
3292 4105 3438 4160 enim
3469 4122 3557 4159 sa-

1972 4196 2181 4263 pientes
2229 4193 2654 4264 μεγαλοψυχίαν,
2696 4194 2747 4247 id
2783 4203 2866 4248 est
2910 4197 3428 4264 magnanimitatem,
3457 4199 3553 4252 de-

1975 4286 2169 4341 ﬁniunt
2201 4286 2395 4339 animae
2422 4286 2699 4350 virtutem,
2727 4301 2822 4354 per
2848 4301 3011 4354 quam
3045 4286 3291 4340 nmmnlli
3321 4304 3442 4357 qua:
3466 4304 3556 4341 ae-

284 4395 451 4430 νοντα
470 4393 483 4409 ⁸
516 4378 565 4429 οξ
599 4376 655 4429 δὲ
695 4376 955 4449 ἡμέτεροι
982 4378 1313 4444 διδάσκαλοι,
1350 4378 1424 4441 ὡς
1454 4377 1745 4430 ἐπιτοπολὺ
1772 4377 1863 4447 τὴν

1980 4376 2191 4439 cidunt,
2225 4384 2373 4429 recte
2410 4374 2554 4428 ferre
2598 4380 2849 4443 possunt.
2896 4374 2964 4427 At
2999 4375 3174 4428 nostri
3203 4376 3457 4432 doctores
3500 4388 3558 4433 ut

291 4468 707 4539 ἐλευθεριότητα
739 4470 831 4521 καὶ
861 4469 1289 4542 μεγαλοδωρίαν,
1326 4468 1731 4540 μεγαλοψυχίαν
1761 4470 1876 4522 ὀνο-

295 4556 580 4629 μάξουσιν.
612 4558 821 4628 Ὥσπερ
850 4554 944 4611 οὖν
969 4558 1061 4610 καὶ
1088 4560 1181 4611 νῦν
1207 4560 1235 4611 6
1262 4559 1522 4627 Θεολόγος
1554 4560 1644 4612 τὸν
1678 4559 1873 4613 ἑαυτοῦ

294 4648 511 4719 πατέρα
539 4646 934 4719 μεγαλόψυχον,
970 4649 1145 4701 εἴτουν
1172 4649 1565 4721 μεγαλόδωρον,
1594 4650 1871 4703 ἐκάλεσεν·

290 4740 458 4791 οἱονεὶ
479 4739 536 4791 δὲ
566 4737 1062 4808 ὲπιδιορθούμενος,
1094 4741 1122 4793 ὃ
1148 4736 1319 4806 εἶπεν,
1354 4742 1414 4793 ού
1448 4741 1872 4812 μεγαλοψυχίαν,

292 4832 430 4885 ἀλλὰ
461 4831 660 4901 μᾶλλον
690 4832 1053 4899 φιλοτεκνίαν,
1086 4832 1146 4885 τδ
1178 4835 1408 4903 πρᾶγμα
1449 4835 1867 4905 προσαγορεύει.

293 4925 395 4977 Διὰ
428 4923 537 4994 γὰρ
565 4923 662 4995 τὴν
694 4923 934 4993 ἀγάπην,
973 4926 1155 4994 φησιν,
1199 4925 1374 4995 ὑμῶν,
1409 4926 1518 4978 τῶν
1570 4941 1873 4995 πνευματι-

293 5017 409 5071 κῶν
439 5015 607 5069 αὐτοῦ
638 5015 867 5080 τέκνων,
911 5017 1179 5086 τοσαύτην
1224 5017 1537 5081 ἐπεδείξατο
1563 5018 1661 5089 τὴν
1704 5018 1873 5071 ἁπλό-

291 5126 452 5180 τητα.
486 5109 639 5161 Ἐπεὶ
667 5106 760 5163 οὖν
785 5112 817 5180 ἡ
849 5110 1158 5180 φιλοτεκνία
1179 5110 1327 5162 αίτία
1348 5110 1538 5177 γέγονε
1565 5110 1663 5181 τῆς
1701 5126 1869 5180 μεγα-

293 5200 556 5271 λοψυχίας
591 5202 685 5254 καὶ
714 5203 811 5273 τῆς
843 5202 1164 5271 ἁπλότητος,
1197 5200 1534 5272 κυριώτερον
1572 5201 1636 5254 ἂν
1676 5202 1783 5272 εἴη,
1816 5201 1873 5254 τὸ

295 5296 405 5348 πᾶν
432 5293 774 5360 φιλοτεκνίαν
803 5294 1001 5361 λέγειν,
1036 5293 1144 5347 ἀπὸ
1168 5294 1265 5364 τῆς
1294 5293 1472 5355 αἰτίας
1495 5293 1586 5346 καὶ
1608 5293 1668 5345 τὸ
1695 5294 1871 5345 αἰτια-

295 5387 390 5437 τὸν
421 5385 806 5456 ὀνομάζοντας.
842 5388 994 5457 Τάχα
1026 5388 1069 5439 δ’
1093 5388 1158 5439 ἄν
1191 5405 1272 5451 τις
1303 5386 1397 5439 καὶ
1424 5386 1566 5439 κατὰ
1610 5388 1734 5448 τοὺς
1770 5384 1873 5449 ἔξω

297 5476 399 5546 τὴ)
428 5478 837 5547 μεγαλοψυχίαν
875 5480 1071 5549 νοήσας
1097 5478 1351 5537 ἐνταῦθα.
1387 5479 1494 5532 οὐδ’
1520 5478 1661 5531 οὕτω
1690 5477 1874 5539 κακῶς

298 5565 571 5621 ἑπιϐαλεῖ.
618 5569 834 5640 Ἐπειδὴ
869 5572 978 5642 γὰρ
1006 5573 1137 5644 παρ’
1176 5574 1405 5636 ἐκείνοις
1444 5573 1472 5625 6
1505 5570 1879 5643 μεγαλόψυχος

371 5718 419 5752 ⁸³
444 5717 463 5769 ι
486 5716 617 5771 Cor.
648 5733 729 5783 ιιι,
776 5717 860 5771 Hi.

1981 4468 2279 4538 plurimum
2315 4465 2637 4519 liberalitem
2682 4474 2735 4519 et
2777 4466 3238 4534 magniﬁcentiam
3276 4470 3558 4539 magnani-

1977 4559 2224 4613 mitatem
2254 4558 2557 4611 nominant.
2580 4556 3046 4623 Quemadmodum
3072 4558 3171 4612 hoc
3197 4574 3413 4628 quoque
3437 4560 3559 4614 loco

1974 4650 2286 4719 Tlieologus
2322 4650 2987 4721 patremmagnanimum,
3012 4649 3063 4703 id
3097 4662 3201 4717 est,
3239 4652 3557 4706 muniﬁcum

1974 4743 2209 4796 vocavit.
2252 4742 2519 4796 Caeterum
2554 4742 2711 4812 quasi
2746 4744 3027 4811 corrigens
3061 4742 3209 4811 quod
3240 4742 3414 4812 dixit,
3438 4758 3559 4797 eam

1981 4850 2094 4889 rem
2150 4851 2258 4889 non
2310 4836 2836 4906 magnanimitatem,
2895 4835 2987 4889 sed
3045 4843 3329 4904 paternum
3376 4836 3560 4905 potius

1980 4940 2221 4979 amorem
2265 4928 2519 4997 appellat.
2560 4924 2639 4980 0b
2678 4940 2918 4980 amorem
2954 4925 3097 4978 enim
3133 4924 3318 4989 vestri,
3357 4925 3557 4996 inquit.

1983 5018 2085 5072 hoc
2121 5026 2227 5080 est,
2261 5019 2626 5088 spiritualium
2666 5034 2890 5072 suorum
2935 5018 3192 5081 ﬁliorum,
3231 5026 3392 5073 tanta:
3421 5020 3558 5072 sitn-

1981 5110 2244 5178 plicitatis
2267 5110 2543 5180 specimen
2584 5107 2774 5163 edidit.
2801 5106 3068 5175 Quoniam
3103 5110 3266 5178 igitur
3299 5118 3560 5178 paternus

1978 5216 2135 5255 amor
2167 5200 2590 5271 magnanimitati
2621 5207 2672 5254 et
2698 5200 3033 5269 simplicitati
3056 5216 3275 5254 causam
3309 5202 3559 5269 prazl:uit,

1982 5293 2188 5349 rectius
2211 5292 2375 5347 fuerit
2407 5302 2578 5346 totum
2605 5290 2706 5345 hoe
2740 5299 3022 5361 paternam
3050 5293 3442 5362 indulgentiam
3476 5295 3562 5347 di-

1982 5401 2131 5448 cere,
2188 5385 2447 5440 nimirum
2502 5400 2685 5438 causa:
2738 5400 2934 5438 nomen
2989 5384 3181 5439 alTeeto
3229 5384 3557 5441 tribuentes.

1982 5477 2139 5544 Quod
2170 5478 2214 5532 si
2257 5477 2381 5546 quis
2421 5477 2581 5531 etiam
2621 5477 2778 5545 juxta
2813 5486 3161 5531 externorum
3198 5475 3559 5549 philosopho-

1988 5586 2108 5623 rum
2129 5567 2479 5635 sententiam,
2500 5568 2601 5622 hoc
2621 5569 2740 5623 loco
2763 5567 3260 5639 magnanimitatem
3282 5568 3562 5625 intellexe-
