4040 6282
578 247 674 305 ὶῦὸ

568 361 662 424 rit,
696 374 764 414 ne
805 357 887 414 sic
936 356 1163 427 quidem
1206 354 1441 410 fortasse
1484 353 1842 409 aberraverit.
1883 354 2152 420 Quoniam
2185 361 2230 418 Α

567 453 715 507 enim
739 450 885 520 apud
925 450 1071 512 illos,
1114 448 1207 518 qui
1258 448 1455 502 animae
1486 446 1857 517 magnitudine
1886 448 2153 517 pratditus

567 551 677 606 est,
720 544 843 597 vita:
874 556 987 596 sua:
1013 554 1120 594 non
1162 538 1354 609 parcit,
1389 539 1489 591 hac
1520 554 1741 608 quoque.
1765 540 1923 594 laude
1944 546 2153 609 patrem

568 642 822 688 ornatum
850 647 971 688 esse
1002 631 1314 701 Theologus
1341 639 1595 685 testatur.
1621 632 1712 684 Ait
1742 631 1887 685 enim
1916 650 1930 683 :
1964 632 2157 686 Pastor

565 733 651 781 est
679 726 877 787 bonus,
908 725 1261 791 animamque
1293 738 1449 776 suam
1477 738 1575 792 pro
1599 722 1795 775 ovibus
1821 722 1994 791 ponit.
2018 721 2155 775 Illud

565 821 727 872 etiam
765 818 1004 887 adjecit:
1042 816 1124 871 Me
1156 831 1376 886 quoque
1406 816 1575 870 lilium
1620 831 1781 871 suum
1820 825 1972 885 optat
1994 817 2155 869 talem

569 918 843 977 pastorem
868 910 1006 971 tieri,
1023 921 1313 978 ponentem
1334 909 1586 964 videlicet
1602 911 1839 966 animam
1864 912 2153 981 provobis.

567 998 746 1063 Quam
793 999 866 1053 ob
893 1014 1119 1054 causam
1161 999 1278 1069 ipse
1309 998 1671 1055 admiratione
1715 1003 2062 1056 exclamavit.
2113 1004 2157 1058 0

569 1093 765 1144 miram
794 1091 961 1144 animi
1003 1091 1470 1161 magnitudinem!
1510 1091 1648 1145 Tum
1695 1108 1762 1147 ne
1788 1097 1915 1165 quis
1959 1096 2154 1149 existi-

567 1190 760 1246 maret,
787 1183 934 1251 quod
961 1192 1136 1252 pater,
1162 1192 1219 1235 ut
1251 1182 1653 1252 magnanimus,
1697 1184 1865 1238 filium
1893 1187 2158 1255 periculis

566 1273 836 1342 ubjiciens
865 1276 1047 1329 minus
1080 1282 1329 1330 amanter
1355 1276 1410 1329 in
1446 1276 1624 1345 ipsum
1657 1277 1884 1332 allectus
1910 1280 2000 1345 sit,
2029 1282 2159 1336 huic

568 1368 869 1437 suspicioni
908 1369 1175 1434 occurrit,
1204 1370 1394 1425 dicens
1422 1389 1434 1425 :
1471 1371 1598 1435 Aut,
1630 1380 1687 1425 ut
1723 1374 1907 1429 verius
1940 1375 2153 1446 loquar,

567 1469 853 1529 mternum
887 1475 1152 1516 amorem.
1203 1461 1337 1515 Natn
1387 1463 1491 1528 sic,
1526 1472 1691 1535 atque
1728 1467 1796 1519 ob
1840 1466 2155 1537 hujusmodi

566 1568 790 1616 causas,
825 1554 996 1607 tilium
1031 1556 1299 1624 periculis
1336 1572 1629 1627 exponere,
1661 1574 1772 1614 non
1801 1568 1909 1623 est,
1953 1561 2151 1632 inquit,

568 1644 808 1700 hominis
871 1646 1072 1702 liberos
1132 1647 1260 1701 odio
1315 1649 1592 1716 habentis,
1658 1666 1845 1706 verum
1913 1653 2156 1724 impense

565 1740 834 1795 amantis.
887 1737 1256 1805 Quamobrem
1314 1741 1418 1795 etsi
1470 1743 1980 1813 magnanimitatem
2034 1762 2153 1801 eam

566 1846 682 1886 rem
740 1831 1068 1893 nominavit,
1123 1832 1382 1902 quoniam
1426 1847 1553 1887 cum
1615 1834 1804 1889 multis
1852 1835 2155 1902 laboribus,

565 1923 738 1985 curis,
770 1930 824 1977 et
856 1924 1118 1991 periculis
1153 1923 1255 1993 ipsi
1289 1923 1610 1979 luctandum
1633 1933 1773 1992 erat,
1806 1934 1989 1981 tamen
2021 1929 2151 1998 quia

567 2020 791 2083 pr0pter
822 2029 917 2067 vos
940 2014 1343 2083 utilitatemque
1368 2025 1629 2081 vestram,
1658 2025 1711 2071 et
1740 2028 1964 2087 propter
1987 2017 2154 2074 Deum
2187 2012 2193 2017 ’

2191 1704 2229 1758 Β

565 2120 654 2160 res
687 2105 961 2174 ejusmodi
1007 2105 1344 2176 perferenda:
1373 2117 1521 2169 sunt.
1552 2109 1604 2162 id
1655 2118 1850 2175 totum,
1895 2120 2157 2181 paternus

564 2213 721 2251 amor
745 2198 1012 2252 dicendus
1051 2207 1155 2253 est.
1190 2198 1313 2254 llaec
1354 2200 1569 2255 locutus
1602 2199 1934 2271 Theologus,
1969 2206 2154 2258 statim

564 2304 627 2342 ea
658 2306 781 2359 qua:
815 2304 845 2343 a
884 2297 1039 2360 patre
1084 2289 1417 2352 otl‘eruntur,
1461 2300 1770 2346 enumerat.
1822 2291 1947 2347 Haec
1993 2310 2156 2365 porro

565 2390 697 2435 sunt
731 2381 856 2434 tria.
888 2385 965 2435 Ac
1002 2380 1047 2436 si
1081 2381 1302 2450 quidem
1342 2396 1455 2435 rem
1494 2382 1823 2451 simpliciter
1861 2387 2153 2455 complecti

565 2471 854 2534 voluisset,
888 2472 964 2524 ita
993 2471 1225 2526 dixisset
1245 2490 1257 2524 :
1278 2470 1549 2537 Quoniam
1576 2473 1821 2543 seipsum
1851 2474 1964 2539 dat,
1992 2484 2045 2531 et
2070 2493 2156 2532 me

564 2568 621 2617 et
660 2563 946 2629 templum.
981 2561 1139 2616 Nunc
1172 2577 1300 2615 vero
1330 2563 1679 2633 magniticam
1707 2572 1762 2619 et
1794 2568 2154 2624 excellentem

564 2652 903 2707 oblationem
934 2668 1143 2722 augens
1198 2661 1249 2706 et
1303 2653 1671 2723 atnpliticans,
1707 2663 1824 2710 tum
1885 2673 2004 2722 sua,
2040 2667 2152 2713 tum

567 2750 793 2812 paterna
810 2743 1134 2806 subdividit,
1185 2743 1406 2798 varians
1425 2758 1488 2798 ac
1508 2746 1887 2816 multiplicans
1911 2751 2151 2805 nomina.

563 2833 701 2889 Nam
733 2834 990 2889 canitiem
1023 2847 1233 2904 patrem
1271 2841 1450 2897 vocat,
1483 2834 1829 2904 juventutem
1860 2840 2106 2910 seipsum
2135 2858 2150 2895 :

565 2934 621 2979 ct
670 2940 863 2980 rursus
902 2934 1111 2995 patrem
1155 2934 1494 2988 testatorem.
1534 2929 1776 3000 seipsum
1817 2940 1999 2988 autem
2046 2935 2155 2989 ha:-

566 3022 774 3081 redem,
813 3025 996 3087 utpote
1025 3018 1323 3089 episcopali
1375 3020 1574 3075 throno
1600 3038 2009 3080 successurum.
2049 3026 2127 3081 Ha
2182 3041 2226 3099 (ς

565 3109 705 3165 betis
733 3117 936 3172 autem,
974 3110 1173 3179 inquit,
1208 3126 1421 3165 mecum
1466 3127 1750 3170 sermones
1780 3132 1954 3182 meos,
1989 3129 2154 3188 atque

561 3217 629 3255 ex
688 3201 775 3257 bis
808 3203 1131 3257 utilissimos
1189 3219 1441 3274 quosque
1481 3212 1531 3259 et
1586 3207 1994 3266 sanctissimos.
2032 3210 2152 3267 Non

561 3293 710 3348 enim
735 3292 801 3347 ad
834 3294 1068 3365 gratiam
1103 3294 1438 3357 docebo,sed
1461 3298 1528 3351 ad
1566 3298 1883 3366 utilitatem,
1924 3319 2033 3358 non
2062 3320 2154 3360 os-

562 3384 921 3449 tentabunde,
953 3384 1048 3440 sed
1096 3385 1480 3455 spiritualiter.
1518 3402 1698 3458 neque
1742 3405 1827 3451 ea,
1870 3408 1994 3461 qua:
2022 3410 2151 3448 ora-

562 3475 706 3528 toria
736 3475 1050 3545 suppeditat
1079 3477 1421 3543 exercitatio,
1452 3480 1547 3533 sed
1591 3496 1714 3550 quae
1748 3481 1944 3538 inserit
1976 3484 2152 3556 Spiri-

562 3576 653 3621 tus
694 3577 944 3622 sanctus.
981 3567 1196 3623 Etenim
1243 3568 1467 3623 humani
1501 3587 1786 3628 sermones
1829 3590 1993 3630 aures
2024 3584 2151 3631 tan-

561 3668 678 3713 tum
723 3659 1071 3727 permulcent
1106 3673 1171 3713 ac
1205 3659 1502 3728 deliniunt,
1532 3679 1631 3718 nec
1664 3664 1896 3722 ulterius
1930 3683 2152 3738 progreo

561 3752 788 3805 diuntur
836 3770 850 3805 :
906 3759 962 3804 at
1038 3752 1355 3821 spirituales
1419 3754 1485 3809 ad
1540 3756 1778 3811 animam
1846 3771 2147 3828 permeant.

564 3840 675 3894 Eos
701 3839 849 3894 enim
886 3840 1151 3911 insculpit
1192 3839 1435 3911 Spiritus
1476 3844 1530 3897 in
1578 3843 1836 3899 humanis
1868 3847 2149 3915 cordibus,

564 3941 828 4000 tanquam
855 3931 909 3984 in
947 3930 1171 3988 tabulis.
1207 3931 1458 4003 Cumque
1481 3932 1736 4002 dixisset,
1762 3936 2013 4007 lapideis,
2042 3947 2151 3994 tro-
2182 3932 2187 3935 ’

565 4040 696 4095 pum
738 4024 886 4079 hunc
918 4024 1208 4093 explicuit,
1237 4025 1565 4097 adiungens,
1592 4025 1686 4081 Vel
1715 4028 1880 4083 etiam
1912 4033 2148 4088 carneis.

567 4117 754 4173 Solida
779 4119 923 4173 enim
957 4126 1088 4173 sunt
1122 4127 1177 4174 et
1209 4120 1375 4191 lapis,
1406 4129 1461 4175 et
1492 4137 1624 4175 caro
1653 4139 1668 4175 :
1710 4130 1875 4194 atque
1909 4141 1995 4189 ea,
2031 4143 2152 4198 quae

561 4211 618 4267 in
650 4212 769 4267 haec
812 4212 1155 4282 inciduntur,
1204 4229 1326 4269 eam
1379 4216 1645 4270 rationem
1685 4216 1909 4285 habent,
1954 4229 2014 4275 tit
2061 4224 2152 4278 vix

560 4303 733 4361 deleri
783 4314 1005 4375 queant.
1052 4305 1166 4361 Hoc
1204 4318 1386 4364 autem
1433 4310 1504 4366 ab
1551 4311 1818 4381 Apostolo
1869 4322 2149 4386 sumptum

562 4407 668 4463 est,
701 4400 795 4467 qui
837 4401 917 4453 sic
951 4399 1017 4453 ad
1061 4399 1386 4458 Corinthius
1422 4404 1689 4475 scripsit:
1725 4406 1990 4474 Quoniam
2020 4412 2144 4465 estis
2178 4390 2221 4444 D

562 4491 786 4560 epistola
816 4491 1036 4557 Christi,
1084 4495 1390 4550 ministrata
1438 4513 1471 4549 a
1515 4497 1688 4563 nobis,
1725 4501 2001 4569 inscripta,
2043 4520 2147 4558 non

563 4595 886 4648 atramento,
925 4585 1013 4639 sed
1069 4585 1278 4650 Spiritu
1314 4588 1409 4644 Dei
1444 4593 1684 4655 virentis,
1730 4610 1831 4648 non
1866 4595 1919 4648 in
1951 4595 2146 4653 tabulis

561 4677 804 4746 lapideis,
819 4678 911 4732 sed
932 4680 984 4732 in
1007 4679 1203 4733 tabulis
1221 4680 1396 4735 cordis
1415 4685 1792 4741 carnalibus“.
1811 4686 1966 4754 Quod
1981 4688 2144 4744 etiam

564 4769 634 4824 ab
667 4768 951 4824 Ezechiele
982 4779 1265 4827 mutuatus
1300 4783 1382 4827 est
1405 4775 1724 4845 Apostolus.
1760 4796 1855 4849 per
1881 4797 2042 4852 quem
2071 4783 2146 4837 ait

565 4862 748 4917 Deus:
808 4860 954 4915 Dabo
998 4863 1071 4916 eis
1112 4880 1201 4917 cor
1252 4866 1499 4931 alterum,
1552 4879 1603 4924 et
1654 4872 1902 4939 spiritum
1954 4891 2142 4929 novum

560 4952 698 5006 dabo
729 4954 825 5015 eis,
859 4963 910 5007 et
953 4954 1172 5008 evellam
1202 4973 1291 5010 cor
1339 4974 1523 5013 eorum
1570 4961 1837 5031 lapideam
1884 4980 1949 5018 ea:
1984 4982 2142 5022 carne

563 5045 816 5112 ipsorum,
855 5053 904 5097 et
946 5043 1082 5097 dabo
1110 5045 1184 5102 eis
1230 5064 1320 5101 cor
1362 5065 1634 5114 corneum,
1681 5063 1737 5105 ut
1779 5055 1833 5107 in
1870 5058 2141 5126 prarceptis

563 5136 693 5190 meis
722 5135 1073 5189 ambulent".
1114 5138 1257 5195 Dixit
1286 5144 1451 5196 etiam
1497 5143 1696 5199 alicubi
1738 5145 1930 5200 Sirach
1962 5167 1973 5201 :
2009 5150 2140 5203 0m-

563 5229 646 5283 nis
678 5227 832 5282 homo
880 5228 945 5281 ab
976 5228 1330 5286 adolescentia
1377 5237 1540 5303 vergit
1588 5237 1660 5289 ad
1694 5237 1914 5303 malum,
1944 5249 1994 5293 et
2037 5258 2141 5296 non

561 5320 777 5386 potuisti
803 5318 967 5372 corda
996 5337 1175 5373 eorum
1207 5338 1270 5375 ea:
1303 5324 1529 5392 lapideis
1560 5344 1752 5383 carnea
1786 5329 1979 5398 facere.
2009 5331 2147 5389 Pro-

561 5409 689 5467 inde
718 5426 887 5476 nunc,
928 5427 1052 5467 cum
1092 5411 1230 5467 dixit
1264 5413 1577 5488 'l'heologus
1609 5438 1624 5474 :
1656 5419 1885 5481 Tabulis
1916 5426 2147 5497 lapideis

562 5505 678 5559 sive
717 5504 960 5568 carneis,
996 5503 1215 5559 videtur
1255 5507 1389 5561 mihi
1441 5526 1550 5565 non
1601 5511 2029 5584 interpretanda:
2074 5519 2148 5574 di-

560 5594 762 5650 ctionis
785 5609 950 5651 causa
995 5594 1100 5651 hoc
1141 5596 1371 5663 dixisse,
1398 5601 1492 5655 sed
1526 5603 1699 5674 magis
1747 5614 1803 5658 ut
1835 5606 2146 5667 distinctio-

635 5736 680 5766 “
706 5733 747 5788 ll
780 5735 907 5793 Cor.
947 5753 1030 5804 tu,
1062 5739 1118 5796 Ξ.
1192 5741 1234 5772 ¹⁸
1266 5738 1470 5799 Ezeclt.
1505 5758 1692 5811 xxxrt,
1719 5743 1913 5804 26-27.

1805 238 2102 296 NICETAS
2140 237 2534 296 SEBRONIUS
3703 245 3790 300 θοι

2257 356 2358 408 οὑκ
2375 354 2490 407 ἔστι
2520 352 2800 423 φιλόζωος,
2828 353 2986 407 τοῦτο
3013 357 3425 426 προσμαρτυρεῖ
3450 357 3541 409 καὶ
3560 357 3632 427 τῷ
3655 362 3794 431 πατρὶ

2258 448 2422 502 αὑτοῦ
2450 451 2476 502 ό
2502 448 2783 516 Θεολόγος,
2810 444 2953 500 Εἶπε
2985 448 3112 519 γὰρ,
3135 449 3217 501 ὃτι
3248 449 3463 521 Ποιμῆν
3500 452 3611 504 ἐστι
3639 452 3795 518 καλὸς,

2259 542 2353 594 καὶ
2391 541 2490 610 τὴν
2528 540 2704 611 ψυχὴν
2736 539 2899 592 αὑτοῦ
2931 539 3146 610 τίθησιν
3191 540 3328 612 ὑπὲρ
3369 541 3475 593 τῶν
3522 544 3797 613 προϐάτων.

2258 632 2572 703 Προσέθηκε
2612 633 2698 694 δὲ,
2730 633 2811 685 ὅτι
2845 631 2952 685 Καὶ
2986 632 3085 702 ἐμὲ
3128 633 3219 685 τὸν
3262 632 3378 685 υἱὸν
3423 633 3582 687 αὑτοῦ
3614 633 3800 705 εὔχεται

2257 723 2499 776 τοιοῦτον
2530 724 2764 794 ποιμένα
2793 721 3071 790 γενέσθαι,
3101 722 3321 776 τιθέντα
3356 723 3557 795 δηλαδὴ
3599 725 3687 796 τὴν
3718 727 3803 796 ψυο

2259 817 2358 889 χὴν
2390 818 2530 888 ὑπὲρ
2554 816 2728 887 ὑμῶν.
2772 817 2894 869 Ἐπὶ
2916 815 3127 879 τούτοις
3159 816 3354 886 ἐϐόησε
3390 817 3527 886 μετὰ
3555 816 3803 887 θαύματος

2258 912 2336 973 τὺ,
2367 911 2430 962 Ὢ
2452 912 2550 980 τῆς
2579 909 3020 979 μεγαλοψυχίαςε
3047 904 3202 971 Εἶτα,
3235 910 3321 962 ἵνα
3349 910 3424 979 μή
3455 927 3538 972 τις
3567 910 3802 983 ὑπολάϐῃ,

2257 1004 2338 1056 ὅτι
2372 1003 2461 1054 τὸν
2492 1003 2603 1055 υἱὸν
2640 1004 2668 1055 6
2698 1002 2907 1073 Πατὴρ,
2945 1001 3019 1064 ὼς
3052 1000 3429 1071 μεγαλόψυχος
3454 1003 3533 1064 είς
3561 1002 3807 1068 κινδύνους

2259 1094 2549 1157 ἐπιδιδοὺς,
2572 1093 2630 1145 οὑ
2661 1092 2901 1161 φείδεται
2923 1093 3109 1158 αὑτοῦ,
3131 1092 3441 1164 διορθοῦται
3464 1094 3560 1164 τὴν
3584 1095 3807 1150 ὑπόνοιαν

2256 1187 2462 1257 ταύτην
2514 1185 2705 1240 εἰπών·
2753 1188 2855 1248 Ἢ,
2898 1188 2958 1238 τό
2991 1203 3055 1254 γε
3097 1186 3462 1257 ἀληθέστερον
3505 1188 3690 1252 εἰπεῖν,
3725 1189 3809 1259 τῆς

2259 1277 2602 1348 φιλοτεχνίας
2634 1316 2648 1331 .
2693 1318 2705 1331 .
2743 1277 2815 1329 Τὸ
2848 1277 2955 1351 γὰρ
2984 1276 3157 1342 οὕτως
3187 1279 3280 1330 καὶ
3313 1279 3408 1331 ἐπὶ
3441 1280 3690 1341 τοιούτοις
3734 1283 3807 1330 ἐκο

2257 1371 2456 1423 διδόναι
2498 1369 2589 1422 τὸν
2624 1370 2761 1432 υίδν,
2808 1370 2908 1422 οὑκ
2936 1369 3074 1433 ἔστι,
3114 1372 3267 1442 φησὶ,
3324 1372 3662 1441 μισοτὲκνου,
3691 1371 3807 1425 ἀλλὰ

2263 1462 2495 1534 μάλιστα
2531 1463 2868 1531 φιλοτέκνου.
2900 1463 3063 1515 Ὥστε
3108 1465 3155 1516 εί
3188 1464 3284 1515 καὶ
3336 1463 3727 1534 μεγαλοψυχίαν
3760 1464 3808 1517 τὸ

2259 1559 2492 1627 πρᾶγμα
2512 1555 2789 1625 ὠνόμασα,
2812 1554 2899 1609 διὰ
2918 1555 2979 1609 τὸ
3008 1554 3221 1626 μέλλειν
3250 1556 3433 1619 πόνοις
3456 1556 3547 1608 καὶ
3570 1555 3808 1619 κινδύνοις

2257 1648 2487 1718 ὁμιλεῖν,
2524 1647 2638 1700 ἀλλ’
2692 1643 2784 1700 οὖν
2822 1648 2944 1701 ἐπεὶ
2991 1647 3057 1700 δι’
3097 1648 3241 1719 ὑμᾶς
3282 1649 3381 1702 καὶ
3412 1648 3512 1719 τὴν
3564 1648 3806 1720 ὑμετέραν

2258 1738 2524 1807 ὠφέλειαν
2574 1740 2667 1791 καὶ
2697 1737 2783 1791 διὰ
2810 1737 2943 1791 Θεὸν
2979 1738 3047 1792 τὰ
3076 1739 3304 1792 τοιαῦτα
3336 1740 3447 1811 χρὴ
3492 1739 3713 1793 διαθλεῖν
3742 1758 3808 1808 φι-

2260 1830 2506 1883 λοτεκνία
2536 1829 2597 1883 τὸ
2627 1830 2734 1882 πᾶν
2760 1830 2897 1883 ἐστι.
2929 1825 3114 1883 Ταῦτα
3136 1830 3303 1884 εἰπὼν
3328 1833 3357 1893 6
3384 1830 3659 1900 Θεολόγος,
3685 1833 3805 1885 ἀπα-

2262 1924 2536 1994 ριθμεῖται
2577 1922 2739 1986 εὐθὺς
2772 1924 2865 1977 καὶ
2894 1923 2960 1975 τὰ
2999 1922 3152 1996 παρὰ
3182 1924 3277 1977 τοῦ
3318 1925 3528 1995 πατρὸς
3562 1941 3806 1995 καρποφο-

2260 2014 2519 2086 ροὺμενα.
2563 2014 2645 2067 Τὰ
2682 2014 2740 2067 δέ
2778 2017 2893 2067 ἐστι
2936 2015 3077 2085 τρία.
3124 2015 3241 2069 Κᾶν
3289 2017 3390 2086 μὲν
3435 2015 3621 2079 ἁπλῶς
3653 2018 3802 2069 εἰπεῖν

2258 2104 2538 2167 ὲόοὑλετο,
2570 2101 2720 2159 εἶπεν
2770 2106 2859 2169 ἂν,
2895 2108 2978 2159 ὅτι
3013 2107 3231 2159 Ἑαυτὸν
3261 2107 3448 2161 δίδωσι
3483 2108 3577 2160 καὶ
3613 2107 3703 2176 ἐμὲ
3727 2110 3802 2160 καὶ

2255 2197 2348 2251 τδν
2372 2197 2517 2253 ναόν.
2550 2197 2664 2250 Νῦν
2685 2198 2741 2250 δὲ
2766 2197 2864 2268 τὴν
2883 2198 3163 2269 φιλότιμον
3187 2199 3564 2270 καρποφορίαν
3585 2198 3799 2263 ὲπαύξων

2258 2290 2352 2343 καὶ
2381 2289 2723 2360 μεγαλύνων,
2758 2290 3062 2361 ὑποδιαιρεῖ
3091 2291 3183 2343 καλ⁸
3204 2291 3273 2344 τὰ
3303 2289 3501 2344 ἑαυτοῦ
3530 2289 3700 2342 καὶτὰ
3724 2287 3799 2340 τοῦ

2257 2382 2485 2453 πατρὸς,
2523 2382 2813 2435 ποικίλλων
2839 2383 2934 2436 καὶ
2966 2381 3428 2447 πολυπλασιάζων
3466 2382 3532 2435 τὰ
3569 2381 3796 2451 ὀνόματα.

2258 2475 2367 2531 Kal
2406 2473 2595 2526 πολιὰν
2628 2473 2726 2543 μὲν
2754 2472 2923 2541 λέγει,
2953 2472 3044 2526 τὸν
3066 2473 3275 2544 πατέρα
3296 2491 3311 2505 ·
3345 2475 3575 2544 νεότητα
3598 2474 3670 2533 δὲ,
3696 2475 3802 2525 lano

2254 2569 2366 2623 τόν.
2397 2567 2511 2621 Καὶ
2539 2562 2695 2630 αὖθις
2728 2565 3056 2638 κληροδότην
3092 2568 3189 2637 μὲν
3223 2567 3316 2621 τὸν
3359 2568 3603 2638 πατέρα·
3638 2565 3799 2619 ἑαυτὸν

2254 2662 2331 2723 δὲ,
2369 2660 2725 2731 κληρονόμον,
2752 2658 2829 2722 ώς
2864 2658 3129 2730 μέλλοντα
3156 2660 3246 2712 τὸν
3270 2660 3464 2732 θρόνον
3488 2660 3585 2731 τῆς
3611 2661 3800 2713 ἐπισκο-

2256 2754 2365 2824 πῆς
2391 2751 2728 2823 διαδέχεσθαι
2776 2752 2870 2807 καὶ
2902 2752 3282 2824 κληρονομεῖν.
3324 2753 3520 2824 Ἔχετε
3552 2751 3605 2805 δὲ
3626 2792 3639 2813 ,
3666 2750 3795 2820 φησι.

2222 2856 2225 2861 ‘
2259 2845 2389 2916 μετ’
2412 2843 2549 2915 ἐμοῦ
2581 2844 2677 2897 καὶ
2710 2843 2838 2906 τοὺς
2868 2843 3035 2914 ὲμοὺς
3073 2843 3265 2911 λόγους
3285 2886 3298 2905 ,
3332 2845 3429 2899 καὶ
3460 2844 3656 2897 τούτων
3695 2841 3798 2904 τοὺς

2256 2938 2579 3010 ίερωτέρους
2610 2937 2703 2990 καὶ
2742 2936 3214 3008 ὠφελιμωτέρους.
3255 2939 3331 2990 Οὑ
3371 2938 3479 3008 γὰρ
3510 2937 3639 3008 πρὸς
3666 2935 3797 3006 χάριν

2258 3031 2494 3097 διδάξω,
2541 3030 2678 3084 ἀλλὰ
2728 3030 2863 3102 πρὸς
2907 3030 3205 3100 ὠφέλειαν·
3259 3032 3372 3085 οὑδ⁴
3422 3028 3795 3090 ἐπιδεικτικῶς,

2255 3121 2389 3176 ἀλλὰ
2424 3121 2813 3192 πνευματικῶς
2836 3138 2852 3153 ο
2888 3121 2997 3174 οὐδ’
3030 3121 3174 3193 ἅπερ
3198 3123 3229 3193 ή
3254 3120 3367 3176 τῶν
3402 3122 3573 3191 λόγων
3600 3122 3798 3189 ἄσκησις

2253 3214 2490 3279 δίδωσιν,
2520 3213 2635 3267 ἀλλ’
2674 3214 2815 3285 ἅπερ
2842 3212 3082 3284 ἐντίθησι
3112 3213 3173 3267 τὸ
3203 3213 3434 3286 Πνεῦμα
3470 3214 3530 3266 τὸ
3562 3213 3719 3280 ἅγιον.
3746 3211 3793 3262 Οἱ

2258 3305 2355 3375 μὲν
2384 3303 2493 3375 γὰρ
2526 3302 2852 3376 ἀνθρώπινοι
2882 3304 3049 3372 λόγοι,
3085 3304 3182 3367 τὰς
3212 3305 3384 3369 ἀκοὰς
3416 3306 3572 3373 μόνον
3606 3302 3797 3369 θέλγου-

2255 3416 2361 3461 σιν,
2391 3399 2452 3451 οὑ
2494 3398 2812 3469 παραιτέρω
2844 3399 3125 3470 προϊόντες
3144 3414 3158 3428 ’
3184 3402 3234 3452 οἱ
3262 3400 3319 3453 δὲ
3354 3395 3795 3471 πνευματικοὶ,είς

2253 3490 2351 3560 τὴν
2396 3490 2575 3561 ψυχὴν
2622 3489 3009 3546 διαϐαίνουσιν.
3076 3493 3328 3546 Ἐντυποῖ
3373 3493 3481 3564 γὰρ
3529 3491 3712 3553 αὑτοὺς
3747 3486 3796 3538 τὸ

2264 3583 2508 3654 Πνεῦμα,
2543 3584 2733 3656 ὥσπερ
2778 3585 2962 3653 πλαξὶ,
2992 3589 3115 3651 ταῖς
3144 3588 3524 3659 ἀνθρωπίναις
3553 3584 3792 3656 καρδίαις·

2254 3678 2363 3729 Kal
2399 3677 2626 3741 λιθίναις
2658 3678 2714 3731 δὲ
2740 3677 2929 3742 είπὼν,
2971 3681 3282 3751 ἡρμήνευσε
3328 3683 3431 3753 τὴν
3475 3678 3687 3749 τροπὴν,
3717 3676 3796 3726 ἐπ-

2252 3767 2496 3836 αγαγὼν,
2516 3769 2709 3824 Εἴτουν
2732 3772 3032 3843 σαρκίναις.
3078 3774 3393 3840 ’Λντιτυπὲς
3428 3776 3534 3846 γὰρ
3561 3772 3647 3826 καὶ
3672 3767 3795 3827 λίθος

2252 3860 2347 3913 καὶ
2376 3859 2532 3931 σὰρξ,
2564 3861 2658 3915 καὶ⁵
2698 3861 2767 3915 τὰ
2797 3863 3244 3935 ὲγκολαπτόμενα
3281 3866 3625 3922 δυσέκνιπτα.
3661 3860 3795 3929 εδο-

2252 3971 2384 4008 πται
2418 3954 2475 4007 δὲ
2504 3956 2532 4008 6
2559 3954 2718 4024 λόγος
2756 3958 2821 4010 ἐκ
2849 3956 2943 4010 τοῦ
2985 3957 3331 4027 Ἀποστόλου,
3374 3962 3669 4032 γράφοντος
3704 3955 3793 4006 Ko-

2254 4047 2479 4119 ρινθίοις
2501 4088 2515 4112 ,
2549 4048 2632 4101 ὅτι
2670 4050 2844 4102 Ἕστὲ
2886 4050 3184 4119 emortui)
3221 4052 3498 4122 Χριστοῦ.
3542 4052 3791 4111 διακονη-

2253 4139 2424 4194 θεῖσα
2456 4141 2558 4209 ὑφ’
2592 4140 2786 4210 ἡμῶν,
2824 4142 3266 4214 ἐγγεγραμμένη
3295 4148 3367 4201 οὐ
3396 4147 3625 4216 μέλανι,
3654 4137 3793 4195 ἀλλὰ

2252 4232 2555 4302 Πνεύμστι
2596 4233 2743 4287 Θεοῦ
2770 4231 3018 4302 {Error
3059 4238 3170 4289 οὐκ
3199 4236 3271 4289 ἐν
3315 4236 3501 4303 πλαξὶ
3542 4232 3789 4292 λιθίναις,

2251 4326 2389 4379 ἀλλ’
2434 4326 2503 4379 ἐν
2531 4326 2715 4391 πλαξὶ
2762 4327 3008 4396 καρδίας
3036 4329 3369 4397 σαρκίναις.
3410 4326 3599 4383 Ἐλαὸε
3634 4323 3684 4376 δὲ
3712 4318 3789 4373 καὶ

2250 4418 2278 4470 6
2319 4417 2638 4481 Ἀπόστολος
2676 4418 2775 4489 τὴν
2825 4419 3023 4491 χρῆσιν
3052 4421 3163 4475 ἀπὸ
3194 4421 3287 4474 τοῦ
3330 4418 3608 4490 Ἰεζεκιὴλ,
3647 4414 3707 4468 δι’
3738 4404 3788 4463 οὗ

2247 4526 2410 4580 φησιν
2438 4511 2465 4563 ό
2494 4509 2626 4573 Θεός
2647 4527 2660 4541 ·
2709 4510 2886 4565 Δώσω
2928 4512 3135 4578 αὐτοῖς
3161 4513 3414 4582 καρδίαν
3452 4511 3664 4579 ἑτέραν,
3704 4501 3787 4557 καὶ

2245 4602 2479 4672 πνεῦμα
2502 4603 2714 4659 καινόν
2736 4603 2905 4659 δώσω
2932 4606 3002 4660 ὲν
3021 4608 3220 4672 αὐτοῖς
3236 4625 3248 4639 ·
3281 4608 3379 4661 καὶ
3400 4604 3673 4660 ἐπεσπάσω
3690 4597 3787 4663 τὴν

2245 4695 2498 4764 καρδίαν
2517 4696 2718 4752 αὐτῶν
2741 4696 2853 4766 τὴν
2877 4699 3117 4767 λιθίνην
3126 4701 3244 4754 ἀπὸ
3263 4699 3367 4770 τῆς
3382 4697 3598 4768 σαρκὸς
3613 4688 3786 4747 αὐτῶν

2245 4789 2338 4843 καί
2369 4788 2541 4843 δώσω
2562 4790 2764 4858 αὐτοῖς
2787 4791 3039 4861 καρδίαν
3070 4793 3390 4861 σαρκίνην,
3427 4795 3578 4855 ὅπως
3600 4787 3664 4840 ὲν
3680 4780 3785 4844 τοῖς

2248 4881 2670 4952 προστάγμασι
2703 4903 2824 4954 μου
2853 4887 3285 4954 πορεύσωντιιι.
3319 4888 3476 4956 Λέγει
3502 4884 3557 4937 δέ
3585 4897 3678 4934 που
3704 4873 3782 4929 καὶ

2246 4974 2275 5026 6
2319 4972 2620 5044 θαυμάσιος
2669 4975 2841 5049 Σιράχ
2863 4993 2876 5007 ⁶
2907 4975 3034 5044 Πᾶς
3077 4977 3391 5048 ἄνθρωπος
3423 4980 3490 5032 ἐκ
3534 4972 3783 5034 νεότητος

2246 5065 2344 5119 ἐπὶ
2396 5065 2461 5120 τὸ
2491 5070 2791 5138 πονηρὸν,
2826 5071 2923 5125 καί
2972 5073 3084 5127 οὐκ
3120 5073 3393 5142 ἴσχυσαν
3431 5072 3533 5134 τὰς
3565 5060 3782 5131 καρδίας

2245 5155 2442 5212 αὐτῶν
2455 5159 2586 5213 ἀντὶ
2601 5162 2847 5215 λιθίνων
2864 5162 3117 5233 ποιῆσαι
3138 5166 3447 5234 σαρκίνας.
3476 5160 3575 5215 Καὶ
3595 5155 3682 5209 νῦν
3702 5145 3780 5204 οὖν

2246 5249 2413 5303 εἰπὼν
2438 5254 2466 5305 6
2495 5252 2774 5323 Θεολόγος,
2823 5255 2991 5322 mam
3022 5256 3272 5323 λιθίναις,
3300 5259 3471 5312 εῖτουν
3509 5249 3775 5323 σαρκίναις.

2242 5341 2389 5396 δοκεῖ
2430 5362 2519 5414 μοι
2561 5346 2635 5417 μὴ
2684 5347 3079 5418 ὲφερμηνεὺειν
3109 5352 3209 5421 τὴν
3242 5349 3405 5415 λέξιν,
3451 5346 3576 5402 ἀλλὰ
3603 5336 3775 5432 prin-0‘:

2244 5435 2695 5490 ἁντιδιαστέλλειν
2714 5440 2780 5508 τῇ
2809 5437 2988 5513 λιθίνῃ
3008 5441 3228 5512 καρδία,
3247 5442 3486 5495 τουτέστι
3510 5437 3570 5505 τῇ
3593 5427 3772 5493 σκληρᾷ

2245 5527 2338 5579 καὶ
2373 5526 2635 5589 ἀνενδότω
2663 5528 2755 5582 καὶ
2783 5530 3153 5603 ἀντιτυποὺσῃ
3185 5532 3283 5603 τὴν
3319 5530 3567 5605 σαρκίνην
3585 5564 3600 5589 ,
3627 5519 3770 5573 ὅέστι

2247 5619 2347 5691 τὴν
2384 5620 2633 5692 μαλακὴν
2663 5623 2753 5675 καὶ
2791 5623 2988 5694 ῥαδίως
3029 5625 3383 5694 ὑπείκουσαν,
3409 5623 3496 5678 καὶ⁸
3515 5608 3769 5687 δεχομένην
