4040 6282
240 280 355 334 965

1439 278 1530 335 ΑΒ
1558 281 1628 336 -S.
1670 277 1999 337 GREGORII
2037 277 2243 334 ORAT.
2291 276 2333 329 l.

3417 270 3521 326 966

244 398 322 452 τὰ
348 398 486 452 καλὰ
514 399 842 470 γράμματα.
870 388 943 452 Οὐ
970 398 1077 471 γάρ
1103 396 1290 461 ἁπλῶς
1334 398 1485 471 πάσῃ
1514 396 1712 469 καρδίᾳ
1751 399 1828 450 ἐν·

1966 410 2067 449 tem
2111 400 2278 464 ponat
2324 393 2467 447 inter
2518 390 2792 462 lapideum
2830 404 2951 454 cor,
3002 387 3055 442 id
3089 396 3195 453 est,
3237 385 3439 441 durum
3470 391 3527 438 et

243 493 417 544 τυποῖ
442 493 568 553 τοὺς
611 490 789 554 θείους
822 491 1015 559 λόγους
1052 490 1111 542 τὸ
1143 488 1366 561 Πνεῦμα
1402 491 1464 542 τὸ
1495 491 1667 558 ἅγιον,
1702 489 1837 544 ἀλλὰ

244 587 321 655 τῇ
355 583 590 656 σαρκί-λῃ
611 624 625 645 ,
662 584 910 637 τουτέστι
941 586 1007 653 τῇ
1041 582 1368 653 εὐαισθήτῳ.
1404 582 1613 653 Σαρκὸς
1639 582 1748 655 γὰρ
1777 580 1839 633 τὸ

245 674 609 728 αἰσθάνεσθαι
630 691 643 702 ο
678 672 827 727 λίθου
860 672 916 725 δέ
954 672 1084 725 ίδιον
1117 672 1178 725 τὸ
1218 671 1564 741 ἀναίσθητον.
1597 671 1665 722 Ἦ
1698 669 1840 738 τάχα

250 769 352 819 καὶ
388 765 596 828 λιθίνας
623 767 719 818 καὶ
764 765 1026 837 σαρκίνας
1060 763 1211 831 λέγει
1240 763 1339 827 τὰς
1386 763 1617 834 καρδίας
1650 762 1678 813 6
1711 762 1842 814 Θεοο

248 859 413 927 λόγος
439 874 453 886 ο
486 857 697 921 λιθίνας
731 858 851 929 μὲν,
878 858 967 912 διὰ
1010 859 1071 912 τὸ
1110 857 1338 929 στερρὸν
1373 857 1468 908 καὶ
1511 855 1573 907 τὸ
1597 853 1843 907 δυσαπά-

250 949 453 1002 λειπτα
481 945 620 1002 εἶναι
654 948 722 1003 τὰ
764 952 820 1002 ἐν
853 950 1043 1014 αὖταῖς
1082 949 1387 1020 γράμματα
1410 964 1422 978 ’
1470 946 1733 1017 σαρκίνοις
1762 944 1839 1006 δὲ,

249 1035 349 1088 διὰ
377 1036 437 1089 τὸ
470 1036 808 1108 αἰσθητικόν.
845 1038 936 1091 Διὸ
969 1038 1185 1106 ἐπάγει,
1220 1038 1300 1091 ὅτι
1327 1041 1384 1090 ἐν
1412 1041 1530 1101 ταῖς
1564 1034 1844 1097 τοιαύταις

249 1129 306 1180 oi
358 1126 506 1196 λόγοι
551 1129 652 1181 οὐκ
688 1129 746 1193 ἐξ
780 1129 1044 1200 ἐπιπολῆς
1075 1128 1534 1201 χαραχθήσονται,
1573 1127 1693 1179 οὐδὲ
1735 1123 1843 1179 οἷον

250 1220 467 1274 ἄνωθεν
513 1221 1043 1292 ἐπιχρωσθήσονται,
1088 1222 1176 1275 ἵνα
1227 1222 1320 1274 καὶ
1368 1214 1568 1291 ῥᾳδίως
1619 1217 1845 1272 ἀπαλεί-

252 1329 446 1382 φοιντο
468 1331 481 1344 ·
521 1313 636 1366 ἀλλ’
664 1316 743 1378 εἰς
769 1314 929 1385 βάθος
962 1314 1489 1386 ἐνσημανθήσονται,
1522 1306 1850 1389 ὥστε-παραυ

253 1406 458 1480 μένειν.
522 1407 631 1460 Καὶ
648 1407 1151 1479 ἐνσημανθήσονται
1171 1404 1231 1462 οὺ
1252 1407 1465 1473 μέλανι,
1490 1408 1627 1462 ἀλλὰ
1643 1408 1845 1479 χάριτι.

266 1496 338 1549 Ἡ
372 1497 469 1567 μὲν
504 1498 611 1569 γὰρ
655 1498 764 1552 τῶν
793 1499 1017 1553 δικαίων
1047 1500 1273 1571 καρδία,
1308 1499 1383 1563 ὥς
1417 1516 1581 1570 φησιν
1619 1501 1647 1551 6
1676 1498 1848 1570 μέγας

255 1589 576 1654 Βασίλειος,
618 1590 895 1662 Πνεύματι
944 1592 1077 1646 Θεοῦ
1127 1591 1327 1656 ζῶντος
1362 1593 1845 1665 καταγέγραπται’

256 1685 292 1751 ή
334 1682 388 1735 δὲ
418 1684 528 1735 τῶν
561 1683 760 1737 ἀδίκων
797 1684 1015 1752 καρδία,
1046 1685 1105 1738 οὐ
1133 1685 1431 1755 Πνεύματι,
1466 1686 1603 1739 ἀλλὰ
1637 1686 1848 1756 μέλανι,

256 1776 345 1846 τῷ
370 1780 624 1845 συγγενεῖ
659 1777 753 1830 τοῦ
790 1777 1016 1840 σκότους
1045 1778 1139 1832 καὶ
1178 1777 1358 1850 ἐχθρῷ
1391 1778 1485 1831 τοῦ
1511 1779 1709 1848 φωτός.

1942 483 2181 540 inﬂexile
2236 498 2301 538 ac
2348 482 2613 554 rigidum,
2670 493 2723 537 et
2772 482 2915 538 inter
2968 493 3254 542 carncum,
3308 478 3359 531 id
3416 486 3527 541 est,

1944 576 2106 631 molle
2123 576 2392 647 facileque
2417 576 2638 643 cedens,
2669 578 2952 644 bonasque
2982 574 3195 627 litteras
3221 570 3524 640 excipiens.

1946 667 2133 737 Neque
2167 668 2312 722 enim
2352 668 2489 721 citra
2516 667 2815 723 discrimen
2847 669 2902 720 in
2936 664 3084 721 omni
3115 661 3278 718 corde
3309 661 3528 715 divinos

1945 775 2230 815 sermones
2274 760 2539 830 insculpit
2592 758 2833 829 Spiritus
2869 766 3118 822 sanctus,
3171 757 3265 812 sed
3307 757 3361 810 in
3410 770 3531 809 car-

1946 869 2071 921 neo,
2113 854 2166 908 id
2196 861 2303 917 est,
2343 863 2491 907 recte
2535 862 2590 908 et
2626 852 2782 907 facile
2818 853 3109 908 sentiente.
3143 850 3342 905 Carnis
3381 850 3527 904 enim

1944 954 2049 1009 cst,
2093 947 2333 1012 sentire;
2373 947 2611 1016 lapidum
2658 956 2841 1001 autem
2886 945 3188 1016 proprium.
3239 958 3406 998 sensu
3439 957 3532 994 ca-

1944 1052 2089 1092 rere.
2126 1035 2218 1092 Vel
2272 1039 2441 1093 etiam
2499 1039 2709 1109 lapidea
2766 1050 2821 1093 et
2862 1054 3070 1093 carnea
3123 1049 3346 1108 pectora
3398 1036 3533 1089 dicit

1947 1127 2297 1199 Tlteologus,
2360 1130 2570 1200 lapidea
2628 1130 2846 1200 quidem
2901 1130 2972 1184 ob
3035 1130 3408 1190 soliditatem,
3479 1132 3534 1179 et

1947 1221 2075 1290 quia
2104 1237 2247 1293 argve
2275 1222 2667 1287 obliterantur,
2705 1238 2826 1293 quae
2857 1224 2911 1276 in
2944 1224 3081 1293 ipsis
3111 1222 3531 1284 inscribuntur;

1948 1331 2147 1370 carnea
2206 1327 2392 1372 autem
2441 1319 2513 1372 ob
2560 1319 2666 1371 vim
2727 1318 3070 1375 sonsibilem.
3146 1315 3300 1371 Unde
3365 1316 3533 1371 etiam

1950 1408 2235 1478 subjungit
2272 1428 2285 1463 :
2322 1409 2477 1475 Quod
2513 1412 2567 1463 in
2612 1411 2926 1478 huiusmodi
2958 1410 3217 1465 cordibus
3246 1421 3535 1464 sermones

1951 1515 2060 1553 non
2091 1500 2283 1555 leviter
2316 1512 2370 1555 et
2395 1503 2687 1572 superficie
2714 1511 2875 1557 tenus
2907 1503 3310 1573 insculpentur,
3338 1516 3401 1555 ac
3421 1502 3535 1555 vel-

1954 1600 2010 1644 ut
2043 1607 2283 1661 superne
2325 1594 2630 1661 illinentur,
2666 1603 2725 1648 ut
2758 1595 2915 1649 facile
2934 1609 3155 1665 quoque
3180 1592 3385 1649 aboleri
3412 1607 3538 1663 pos-

1953 1686 2084 1748 sint,
2131 1686 2225 1740 sed
2277 1686 2623 1756 penitissime
2655 1689 3155 1758 eonsignahuntur,
3207 1698 3269 1741 ut
3318 1700 3540 1755 perma-

1884 1773 1927 1828 B
1956 1787 2121 1833 neant
2144 1797 2167 1831 ε
2195 1787 2249 1833 et
2282 1778 2506 1849 quidem
2532 1782 3040 1852 consignabuntur,
3072 1798 3184 1835 non
3210 1787 3539 1842 atramento,

258 1868 360 1923 sed
395 1870 593 1939 gratia.
625 1868 907 1925 Justornm
941 1872 1083 1924 enim
1120 1878 1332 1941 pectus,
1366 1880 1425 1926 ut
1451 1880 1536 1926 est
1571 1872 1714 1940 apud
1756 1885 2011 1941 magnum
2048 1869 2335 1936 Basilium,
2380 1873 2580 1942 spiritu
2618 1874 2708 1928 Dei
2738 1875 2973 1929 viventis
3008 1875 3375 1945 perscriptum
3417 1888 3539 1932 εειε

260 1963 602 2032 injustonnn
641 1972 849 2025 autem,
884 1980 994 2017 non
1039 1964 1238 2034 spiritu
1292 1965 1388 2020 sed
1449 1975 1758 2020 atramento
1784 1964 2133 2020 tenebrarum
2167 1977 2422 2035 cognato,
2458 1975 2513 2021 et
2545 1968 2684 2022 lucis
2718 1968 2895 2023 hoste.

339 2058 459 2111 Col.
497 2056 602 2110 400
640 2056 679 2109 (ἶ
716 2057 764 2110 7.
824 2056 1013 2110 Ταῦτα
1052 2057 1237 2126 μὲν...
1288 2058 1673 2129 ἐπαγγελίας.
1723 2057 1852 2109 Ἐπ-

264 2153 572 2224 εσφράγισε
602 2152 668 2206 τὰ
701 2152 935 2224 ρηθέντα
958 2148 1047 2205 τοῦ
1081 2152 1287 2223 πατρὸς
1316 2152 1589 2224 ἐγκώμια,
1612 2154 1712 2206 ικαὶ
1737 2154 1856 2205 δευ-

264 2246 447 2319 τέρων
482 2241 636 2308 αὖθις
665 2243 888 2315 ἤρξατο,
938 2243 1200 2314 ἐξομοιῶν
1231 2245 1393 2298 αὑτὸν
1430 2245 1508 2315 τῷ
1564 2244 1815 2316 Ἀϐραὰμ
1838 2281 1852 2304 ,

265 2338 475 2409 ὁμοίως
502 2336 697 2408 ἐκείνῳ
736 2337 834 2407 τὴν
863 2336 1057 2409 πρώην
1092 2336 1303 2407 πλάνην
1331 2337 1725 2392 καταλιπόντα.
1762 2337 1858 2392 Ἐκ

266 2428 384 2498 γὰρ
412 2428 510 2498 τῆς
547 2425 653 2482 τῶν
702 2426 1070 2498 Ὑψισταρίων
1104 2427 1403 2498 λεγομένης
1443 2428 1738 2499 αἱρέσεως,
1778 2428 1859 2492 εἰς

267 2522 375 2590 τὴν
414 2519 698 2573 εὐσὲδειαν
742 2518 1127 2589 μετελήλυθεν.
1172 2519 1249 2573 Οὐ
1285 2520 1444 2591 μόνον
1487 2520 1544 2573 δὲ
1585 2520 1673 2574 διὰ
1702 2520 1862 2575 τοῦτο

289 2611 551 2683 Ἀϐραάμ
578 2610 837 2681 ὀνομάζει
885 2611 977 2664 τὸν
1008 2610 1199 2664 ἐαυτοῦ
1233 2612 1463 2684 πατέρα,
1491 2612 1626 2666 ἀλλὰ
1657 2614 1751 2666 καλ⁸
1787 2612 1862 2677 ὡς

270 2706 525 2776 γηραιὸν,
559 2704 653 2757 καὶ
682 2702 756 2767 ὡς
800 2702 1096 2771 φιλόξενον,
1129 2705 1225 2757 καὶ
1253 2704 1328 2767 ὡς
1374 2703 1722 2776 προσάγοντα
1773 2705 1862 2758 τὸν

271 2800 394 2852 υἱὸν
423 2798 500 2868 τῷ
526 2798 667 2868 Θεῷ,
699 2799 748 2851 εί
771 2799 866 2852 καὶ
898 2797 1146 2862 ἑκούσιος
1174 2793 1242 2869 ἦν
1265 2796 1462 2869 αὖτηή
1501 2800 1861 2872 προσαγωγὴ,

274 2893 373 2945 καὶ
412 2891 533 2961 οὐχὶ
577 2889 718 2943 κατὰ
762 2891 862 2961 τὴν
908 2889 1002 2943 τοῦ
1062 2890 1313 2963 Ἀϐραὰμ
1362 2889 1421 2957 ἐξ
1470 2894 1864 2963 ἐπιτάγματος.

278 2984 637 3055 Πατριάρχην
668 2982 724 3036 δὲ
770 2983 930 3036 αὐτὸν
966 2982 1139 3047 καλεῖ,
1170 2983 1246 3047 ὡς
1285 2983 1496 3056 πατέρα
1518 2984 1613 3038 καὶ
1632 2986 1866 3056 ἄρχοντα

277 3076 383 3147 τῆς
411 3076 641 3141 πόλεως,
661 3076 784 3128 ὅσον
806 3075 896 3128 ἐπὶ
916 3077 1027 3139 τοῖς
1054 3075 1531 3146 ἐκκλησιαστικαῖς
1550 3078 1863 3150 πράγμασι.

278 3166 501 3220 Κανόνα
528 3166 584 3220 δὲ
613 3166 712 3237 τῆς
748 3164 983 3237 ἀρετῆς,
1011 3165 1087 3228 ὡς
1130 3166 1309 3219 πᾶσαν
1348 3167 1405 3220 ἐν
1450 3166 1629 3238 ἑαυτῷ
1664 3167 1866 3220 συλλα-

281 3259 451 3313 ϐόντα
474 3260 573 3331 τὴν
600 3258 801 3330 ἀρετὴν
832 3258 932 3312 καὶ
958 3259 1085 3323 τοὺς
1126 3258 1320 3323 ἄλλους
1348 3260 1487 3331 πρὸς
1531 3259 1736 3333 ταύτην
1774 3260 1867 3313 εὐο-

283 3351 536 3415 θύνοντα,
580 3351 677 3406 καὶ⁹
715 3351 776 3404 τὸ
819 3351 915 3421 μὲν
958 3350 1145 3422 ἄρτιον
1179 3349 1543 3421 δοκιμάζοντα
1572 3353 1668 3405 καὶ
1730 3370 1866 3405 κατ-

283 3446 504 3518 έχοντα,
542 3446 794 3517 καθάπερ
823 3448 851 3501 6
886 3444 1090 3513 κανὼν,
1117 3446 1177 3500 τὸ
1203 3446 1260 3500 δὲ
1293 3446 1545 3519 περιττὸν
1575 3446 1667 3501 καλ⁵
1699 3447 1869 3501 ἐλλεῖ-

283 3558 414 3606 πον,
443 3540 518 3603 ὡς
562 3539 782 3604 κακίαν,
811 3538 1000 3605 ξέοντα
1026 3539 1119 3592 καὶ
1154 3539 1648 3610 ἁποδοκιμάζοντα.
1680 3541 1791 3611 Τῆς
1816 3541 1872 3594 δὲ

287 3632 593 3705 ἱερωσύνης
633 3631 932 3695 τελείωσιν,
983 3632 1058 3695 ὡς
1107 3633 1285 3686 πάντα
1315 3634 1382 3687 τὰ
1426 3633 1525 3704 τῆς
1574 3634 1873 3707 ἱερωσύνης

286 3722 525 3786 ἐντελῶς
562 3720 767 3792 ἔχοντα.
814 3720 1036 3775 Ἑαυτὸν
1068 3722 1250 3793 μέντοι
1281 3723 1544 3794 μονογενῆ
1589 3724 1872 3795 ὠνόμασεν

285 3817 319 3869 6
345 3815 627 3882 Θεολόγος,
660 3813 986 3884 βιασάμενος
1007 3816 1099 3869 τὸν
1130 3817 1308 3885 λόγον,
1338 3817 1426 3871 ῖνα
1456 3817 1581 3889 μηδ’
1613 3821 1672 3872 ἐν
1700 3817 1876 3889 τούτῳ

288 3907 395 3976 τῆς
416 3906 559 3959 κατὰ
584 3906 676 3959 τὸν
715 3905 900 3959 Ἰσαὰκ
932 3906 1261 3979 ἐλαττωθείη
1302 3909 1520 3973 θυσίας’
1556 3910 1878 3983 παρεμυθή-

294 4015 429 4052 σατο
460 3998 517 4051 δὲ
558 3998 655 4069 τὴν
693 3998 918 4069 τόλμαν,
960 4000 1259 4068 ἐπαγαγὼν
1291 4000 1383 4053 τὸν
1419 4001 1478 4067 ἐξ
1518 4003 1872 4072 ἐπαγγελίας.

294 4089 362 4143 Et
389 4088 500 4160 γὰρ
522 4088 616 4142 καὶ
644 4088 718 4159 μὴ
747 4090 1042 4159 μονογενὴς
1062 4084 1130 4160 ἦν
1161 4089 1302 4143 κατὰ
1328 4091 1428 4160 τὴν
1456 4091 1728 4162 γέννησιν,
1758 4094 1879 4146 ἐπε)¹

301 4182 424 4255 μετ’
462 4181 625 4234 αὐτὸν
652 4180 747 4234 καὶ
777 4180 1037 4252 Γοργονία
1086 4181 1181 4233 καὶ
1224 4182 1530 4253 Καισάριος
1576 4182 1877 4253 ἐγεννήθη,

296 4274 417 4329 ἀλλ’
459 4269 552 4328 οὖν
577 4272 719 4326 κατὰ
750 4271 848 4343 τὴν
882 4272 1215 4341 ἐπαγγελίαν
1248 4272 1542 4345 μονογενὴς
1573 4270 1661 4344 ἦν.
1713 4274 1882 4338 Μόνος

297 4367 411 4438 γὰρ
436 4369 549 4428 τοῖς
581 4362 829 4432 γονεῦσιν
859 4364 917 4431 ἐξ
961 4364 1292 4433 ἐπαγγελίας
1317 4365 1537 4438 ἐτέχθη,
1573 4366 1763 4437 ὥσπερ
1790 4369 1883 4421 καὶ

300 4464 331 4515 6
380 4460 566 4514 Ἰσαὰκ
595 4461 661 4530 τῇ
692 4458 880 4531 Σάρῤᾳ
912 4459 1005 4512 καὶ
1042 4459 1118 4530 τῷ
1145 4459 1419 4530 Ἀϐραάμ.
1452 4461 1522 4513 Ἦ
1556 4461 1696 4531 τάχα
1730 4479 1883 4531 μονοο

299 4552 437 4623 γενῆ
468 4552 660 4605 ἑαυτὸν
680 4550 849 4619 λέγει,
881 4551 955 4612 ὡς
986 4550 1143 4620 μόνον
1173 4550 1567 4619 ὑπολειφθέντα
1586 4552 1664 4623 τῷ
1692 4555 1880 4627 πατρὶ,

301 4645 413 4698 τῶν
432 4643 609 4697 ἄλλων
642 4643 740 4713 ἥδη
776 4644 984 4696 τέκνων
1015 4642 1499 4714 τετελευτηκότων.

2031 2058 2198 2127 Atque
2234 2059 2345 2113 haec
2378 2061 2527 2113 vobis
2561 2061 2713 2129 olfert
2764 2060 3084 2115 venerandus
3110 2061 3216 2127 lu'c,
3245 2069 3349 2115 etc.
3385 2059 3545 2116 Post-

1956 2164 2119 2217 quam
2166 2153 2481 2219 superiores
2517 2153 2689 2220 patris
2742 2153 2930 2209 laudes
2962 2154 3221 2218 absolvit,
3273 2153 3546 2209 secundas

1952 2240 2065 2310 jam
2104 2242 2414 2305 exorditur,
2460 2245 2692 2298 similem
2735 2261 2857 2299 eum
2888 2261 3012 2300 esse
3047 2247 3238 2302 dicens
3288 2246 3544 2307 Abrahze.

1960 2340 2020 2386 ut
2056 2334 2149 2403 qui
2184 2349 2293 2387 non
2326 2350 2486 2391 secus
2516 2344 2680 2406 atque
2711 2338 2820 2403 ille,
2861 2338 3151 2408 pristinum
3181 2353 3422 2393 errorem
3463 2356 3549 2393 re-

1961 2423 2204 2493 liquerit.
2225 2422 2366 2478 Nam
2402 2442 2469 2480 ex
2501 2441 2564 2480 ea
2599 2435 2773 2491 secta,
2807 2444 2929 2497 qua:
2964 2426 3430 2499 Hypsistariornm
3462 2430 3547 2482 di-

1961 2516 2127 2579 citur,
2172 2516 2239 2569 ad
2286 2532 2429 2572 verae
2474 2518 2695 2588 pietatis
2732 2519 3042 2573 doctrinam
3100 2520 3376 2591 migravit.
3438 2518 3551 2574 Nec

1962 2620 2081 2662 eam
2117 2614 2330 2662 tantum
2361 2610 2433 2663 ob
2470 2625 2692 2665 causam
2728 2620 2936 2679 patrem
2984 2626 3147 2665 suum
3182 2612 3417 2666 Abt-aha:
3449 2626 3551 2665 no—

1964 2702 2110 2755 mine
2141 2702 2400 2771 appellat,
2433 2703 2528 2758 sed
2556 2704 2724 2757 etiam
2764 2712 2823 2757 ut
2861 2718 3069 2767 senem,
3101 2712 3162 2758 ut
3201 2704 3549 2774 hospitalem,

1966 2802 2025 2847 ut
2058 2792 2169 2848 Deo
2209 2796 2377 2849 lilium
2421 2793 2737 2848 offerentem
2778 2812 2790 2848 :
2831 2796 3047 2850 tametsi
3088 2795 3396 2850 voluntaria
3438 2798 3554 2849 fue-

1967 2885 2040 2939 rit
2070 2885 2184 2940 haec
2211 2886 2440 2948 oblatio,
2482 2900 2591 2939 non
2638 2895 2821 2940 autem
2864 2888 3154 2956 imperata,
3197 2888 3555 2957 quemadmo-

1967 2978 2097 3032 dum
2149 2979 2241 3032 illa
2295 2978 2547 3032 Abrabaa.
2607 2977 2984 3034 Patriarcham
3008 2988 3189 3033 autem
3215 2995 3338 3034 eum
3370 2988 3550 3042 vocat,

1972 3084 2029 3130 ut
2062 3084 2270 3147 patrem
2311 3084 2364 3131 et
2407 3077 2708 3147 principem
2732 3078 2995 3144 civitatis,
3033 3087 3299 3149 quantum
3329 3079 3549 3149 quidem

1971 3170 2038 3222 ad
2076 3185 2166 3223 res
2210 3170 2622 3225 ecclesiasticas
2669 3170 2885 3227 attinet.
2920 3168 3155 3224 Virtutis
3203 3178 3385 3224 autem
3426 3185 3559 3224 noro

1975 3276 2118 3314 mam
2169 3270 2228 3316 ut
2259 3263 2352 3333 qui
2395 3278 2586 3318 onmes
2614 3264 2835 3318 virtutis
2872 3271 3057 3333 partes
3096 3266 3420 3334 complexus
3460 3264 3555 3326 sit,

1973 3353 2217 3423 aliosque
2259 3356 2326 3409 ad
2356 3371 2479 3410 eam
2514 3357 2735 3426 dirigat,
2770 3363 2825 3411 et
2869 3363 3073 3411 rectum
3105 3357 3323 3425 quidem
3360 3358 3559 3428 regulas

1973 3445 2148 3498 instar
2175 3447 2425 3515 exploret
2476 3461 2540 3500 ac
2590 3447 2843 3509 retineat,
2895 3446 3230 3516 superﬂuum
3273 3456 3451 3502 autem
3504 3456 3559 3500 et

1973 3542 2236 3598 deficiens
2281 3540 2512 3594 abratlat
2554 3549 2718 3610 atque
2768 3539 3061 3610 improbet.
3098 3539 3217 3594 iam
3264 3543 3560 3595 sacerdotii

1975 3652 2197 3708 quoque
2238 3635 2634 3706 perfectionem
2679 3649 2803 3688 eum
2842 3641 3020 3698 vocat,
3070 3641 3130 3687 ut
3174 3633 3434 3687 omnibus
3475 3648 3560 3686 re-

1976 3731 2101 3794 bus,
2134 3745 2256 3799 qua:
2288 3730 2353 3782 ad
2391 3726 2762 3783 sacerdotium
2807 3728 3185 3796 requiruntur.
3229 3726 3444 3781 abunde
3479 3728 3563 3779 in-

1977 3831 2271 3878 structum.
2329 3819 2585 3890 Seipsum
2636 3827 2819 3872 tamen
2868 3818 3207 3888 unigenitum
3250 3816 3563 3879 Theologns

1979 3914 2305 3977 nominavit,
2337 3912 2447 3966 vim
2476 3912 2711 3966 orationi
2744 3910 3000 3974 afferens,
3029 3921 3087 3964 ut
3113 3927 3179 3965 ne
3210 3911 3312 3965 hac
3344 3926 3563 3982 quoque

1980 4015 2134 4076 parte
2171 4004 2404 4059 inferius
2434 4003 2735 4073 quidquam
2771 4012 2926 4073 pater
2960 4001 3235 4056 sacrificio
3264 4003 3356 4057 illo
3392 4000 3562 4056 Isaaei

1983 4098 2200 4152 habeat.
2239 4095 2439 4151 Verum
2478 4096 2581 4150 hoc
2608 4096 2895 4165 aliquanto
2926 4094 3191 4148 audacius
3220 4094 3424 4148 dictum
3462 4094 3564 4147 mi-

1983 4191 2197 4262 tigavit,
2230 4189 2461 4249 addens.
2501 4205 2564 4243 ex
2609 4187 3024 4259 pollicitatione.
3057 4185 3191 4239 Nam
3224 4186 3325 4239 etsi
3375 4186 3564 4254 unige-

1985 4286 2135 4339 nitus
2165 4298 2276 4336 non
2320 4290 2459 4343 erat,
2496 4291 2760 4350 quantum
2806 4277 2873 4332 ad
2924 4278 3284 4337 nativitatem,
3321 4276 3566 4345 quando-

1984 4375 2201 4445 quidem
2228 4379 2351 4441 post
2384 4386 2507 4424 eum
2533 4380 2587 4425 et
2610 4367 2883 4438 Gorgonia
2916 4377 2967 4422 et
2997 4366 3275 4422 Caesarius
3308 4381 3565 4436 procrea-

1989 4466 2027 4519 ti
2064 4472 2236 4520 sunt:
2273 4471 2476 4525 tamen,
2524 4462 2568 4516 si
2610 4460 2869 4531 promissi
2908 4458 3178 4513 rationem
3228 4467 3564 4529 spectemus,

1990 4554 2306 4627 unigenitus
2335 4562 2474 4608 erat.
2510 4555 2677 4610 Solus
2707 4554 2852 4609 enim
2887 4568 2952 4609 ex
2982 4554 3379 4621 pollicitatione
3410 4570 3437 4609 a
3474 4572 3570 4626 pa-

1918 4668 1961 4722 υ
1991 4647 2240 4704 rentibus
2293 4649 2613 4716 progenitus
2661 4653 2767 4709 est,
2810 4648 3271 4717 quemadmodum
3315 4646 3465 4703 Isaac
3501 4648 3569 4701 ab

313 4764 644 4819 Abraliamo
681 4772 735 4817 et
767 4762 926 4816 Sara.
966 4760 1056 4816 Vel
1106 4760 1343 4817 fortasse
1390 4763 1730 4834 unigenitum
1791 4784 1850 4822 se
1886 4769 2043 4833 dicit,
2096 4764 2241 4837 quod
2291 4764 2444 4819 solus
2479 4763 2620 4833 patri
2654 4764 2898 4837 reliquus
2924 4776 3069 4822 esset
3097 4765 3222 4821 aliis
3251 4764 3570 4836 liberisjara

303 4866 554 4913 extremo
584 4857 707 4909 vita:
734 4855 822 4911 die
857 4852 1177 4925 perfunctis.

377 5071 518 5127 ibid.
556 5069 642 5124 te.
701 5068 941 5139 ’Υμεῖς.
1083 5070 1431 5135 ἐπιϐούλως.
1477 5071 1713 5144 Τοιαύτη
1770 5075 1890 5143 μὲν,

308 5164 497 5235 φησιν,
541 5163 575 5230 ἡ
601 5161 697 5214 τοῦ
742 5159 949 5230 πατρὸς
994 5158 1359 5231 καρποφορία.
1401 5161 1493 5211 Δεῖ
1532 5159 1588 5211 δὲ
1621 5160 1714 5214 καὶ
1749 5160 1890 5230 ὑμᾶς

308 5254 683 5327 καρποφορεῖν
721 5251 801 5321 τῷ
845 5249 965 5319 Θεῷ
1004 5250 1098 5303 καὶ
1142 5252 1275 5321 ἡμῖν
1320 5250 1418 5315 τὴν
1452 5250 1763 5304 εὐπείθειαν
1800 5254 1893 5305 καὶ

308 5356 370 5399 τὸ
404 5344 586 5406 καλῶς
626 5340 1031 5411 ποιμαίνεσθαι.
1076 5339 1471 5411 Ποιμανθείητε
1521 5340 1567 5392 δ’
1594 5339 1659 5393 ἂν
1692 5340 1892 5406 καλῶς,

310 5442 392 5501 εἰς
433 5437 533 5508 μὲν
565 5436 662 5506 τὴν
707 5434 1017 5505 πρακτικὴν
1053 5431 1273 5505 ἀρετὴν,
1304 5431 1494 5502 ὥσπερ
1526 5433 1605 5496 εἰς
1646 5432 1897 5503 μαλακήν

312 5548 433 5585 τινα
476 5530 571 5583 καὶ
609 5526 839 5599 χλοερὰν
878 5524 1101 5579 πεδιάδα
1138 5523 1677 5594 κατασκηνούμενοι,
1713 5524 1807 5576 καὶ
1837 5524 1895 5577 τὸ

315 5622 415 5690 τῆς
450 5620 629 5690 ψυχῆς
664 5619 967 5680 πιαίνοντες
1002 5617 1310 5686 πρόσωπον.
1343 5616 1420 5687 Τῇ
1464 5615 1518 5669 δὲ
1561 5614 1760 5683 γνώσει
1800 5615 1894 5668 καὶ

317 5718 383 5784 τῇ
416 5711 620 5782 θεωρίᾳ
659 5711 750 5764 καὶ
797 5709 873 5780 τῷ
920 5710 1134 5779 ποτίμῳ
1181 5709 1289 5760 τῶν
1335 5707 1493 5761 θείων
1535 5706 1789 5779 Γραφῶν,
1819 5707 1894 5770 ὡς

320 5794 472 5862 ὕδατι
504 5804 862 5867 ἀναπαύσεως
891 5802 1301 5874 ἐκτρεφόμενοι.
1335 5801 1409 5856 Οὐ
1452 5800 1610 5872 μόνον
1654 5800 1730 5865 δὲ,
1764 5798 1894 5854 ἀλλὰ

2079 5055 2181 5109 Vos
2222 5064 2416 5121 autem,
2464 5064 2512 5108 et
2554 5052 2685 5119 Deo,
2739 5068 2788 5108 et
2842 5055 3012 5115 nobis,
3062 5055 3115 5107 id
3160 5055 3413 5119 muneris,
3461 5063 3567 5110 etc.

1989 5151 2169 5221 Atque
2214 5148 2554 5220 bujusmodi,
2604 5150 2803 5220 inquit,
2839 5158 2923 5204 est
2968 5152 3139 5221 patris
3186 5151 3293 5205 mei
3342 5150 3568 5204 oblatio.

1994 5240 2162 5298 Vobis
2202 5253 2381 5295 autem
2425 5240 2735 5296 faciendum
2779 5242 2943 5295 etiam
2981 5249 3085 5306 est,
3120 5250 3176 5295 ut
3221 5241 3351 5306 Deo,
3381 5253 3431 5296 et
3475 5256 3573 5295 no-

1993 5337 2101 5399 bis,
2146 5334 2474 5391 obedientia:
2510 5350 2714 5389 munus
2758 5335 3022 5398 offeratis,
3079 5345 3337 5404 recteque
3381 5350 3574 5404 pasca-

1997 5444 2138 5484 mus.
2171 5428 2227 5481 ld
2261 5442 2423 5497 porro
2461 5428 2900 5498 consequemini,
2935 5432 2980 5481 si
3019 5428 3074 5481 in
3103 5442 3165 5481 ea
3202 5428 3419 5487 virtute.
3450 5441 3574 5493 quae

2004 5523 2056 5577 in
2104 5521 2320 5575 actione
2353 5530 2626 5584 versatur,
2673 5531 2933 5590 tanquam
2968 5521 3021 5575 in
3065 5520 3212 5574 molli
3250 5517 3486 5589 qundam
3519 5524 3574 5570 et

2000 5615 2158 5670 viridi
2185 5630 2380 5686 campo
2405 5614 2685 5672 habitetis.
2711 5616 3059 5684 animamque
3085 5613 3368 5685 saginetis.
3388 5600 3574 5667 scien-

2002 5705 2074 5758 tia
2105 5715 2287 5760 autem
2318 5714 2372 5760 et
2403 5704 2777 5775 speculatione
2815 5718 2880 5758 ac
2911 5703 3221 5759 divinarum
3256 5701 3572 5770 Scriptura-

2003 5813 2126 5853 rum
2183 5796 2438 5871 dulcibus
2484 5796 2704 5854 fluentis
2752 5805 3012 5871 tanquam
3064 5811 3204 5864 aqua
3260 5792 3574 5851 refcctionis
