4040 6282
504 239 606 299 9t?

1795 239 2085 297 NICETAS
2125 239 2518 297 SEBRONIUS

3670 235 3778 291 ειι

508 354 643 418 lum,
691 346 869 408 Moses
912 350 1133 422 quidem
1160 350 1440 423 graciliter
1466 360 1520 407 et
1547 354 1697 410 tenui
1722 370 1853 411 voce
1882 355 1948 410 ad
1976 356 2080 409 Aa-
2110 404 2115 417 .

2217 354 2278 409 al.
2310 351 2683 425 συνεπορεύθη
2704 353 2783 417 εἰς
2807 353 3098 422 Αἴγυπτον.
3134 352 3297 406 Ὥστε
3321 351 3462 406 κατά
3500 351 3591 404 τὸν
3632 350 3777 404 θεῖον

512 458 698 500 ronem
717 442 1053 515 loqueretur,
1077 442 1257 498 Aaron
1280 453 1459 499 autem
1480 441 1645 501 Mosis
1668 445 1833 502 verba
1859 446 1926 501 ad
1949 444 2092 501 Pha-

511 552 732 593 raonem
759 538 1124 609 p0pulumque
1144 552 1337 610 magna
1355 544 1409 592 et
1436 538 1580 593 clara
1606 528 1740 595 voce
1756 539 2093 596 transmitte—

512 639 613 684 ret.
640 630 838 684 Eodem
864 628 1025 684 modo
1046 629 1238 693 lsaias,
1276 645 1401 685 cum
1437 646 1582 696 eum,
1620 647 1777 702 quem
1811 633 1864 686 in
1898 634 2092 689 throno

513 722 730 777 excelso
765 730 818 777 et
852 721 998 775 elato
1036 720 1386 791 conspicatus
1414 722 1610 787 fuerat,
1642 718 1908 779 dicentem
1937 725 2094 780 audi-

514 815 683 868 visset
714 830 727 867 :
751 812 915 879 Quem
946 814 1157 867 mittam
1176 822 1226 866 et
1241 813 1358 884 quis
1376 814 1743 883 proﬁciscetur
1758 815 1825 868 ad
1840 818 2092 886 populum

516 906 683 970 hunc,
727 920 920 976 nempe
963 904 1314 960 Judaeorum?
1370 906 1506 960 dixit
1548 923 1563 960 :
1608 906 1741 960 Ecce
1774 924 1903 977 ego,
1949 910 2095 962 mitte

519 1014 597 1051 me
616 998 713 1051 ⁸-⁸.

586 1177 825 1253 (Magni
873 1176 1065 1235 Basilii
1118 1180 1463 1247 interrogatio
1497 1177 1639 1253 [l]).
1717 1178 1914 1235 Verum
1965 1180 2094 1252 quid

525 1275 625 1327 fuit
672 1290 887 1339 causae,
938 1287 1109 1343 quare
1160 1270 1339 1327 Moses
1395 1272 1881 1343 tergiversaretur,
1928 1272 2099 1328 lsaias

524 1381 715 1421 contra
786 1367 1139 1421 accurreret?
1212 1364 1499 1435 Responsio
1562 1382 1582 1420 :
1639 1365 1904 1420 Nimirum
1970 1366 2098 1436 quia

527 1457 705 1511 Moses
762 1458 1077 1527 negotium,
1138 1460 1298 1529 cujus
1359 1472 1526 1512 causa
1599 1457 1949 1521 mittebatur,
2005 1472 2101 1510 ex-

526 1548 803 1617 ploratum
836 1548 1105 1603 habebat:
1140 1564 1202 1603 ac
1234 1548 1463 1619 proinde
1508 1546 1561 1601 id
1592 1547 1836 1602 muneris
1864 1548 2104 1618 suscipe-

535 1651 596 1695 re
636 1639 986 1711 gravabatur,
1029 1640 1228 1711 partim
1286 1638 1590 1694 Pharaonis
1629 1638 1885 1694 duritiem
1927 1639 2101 1694 oculis

2195 446 2464 516 χρησμὸν,
2496 444 2589 499 τὸν
2617 445 2721 516 μὲν
2747 444 2957 498 Μωσέαι
2982 446 3141 516 ἰσχνῇ
3180 446 3272 498 καὶ
3314 444 3485 515 λεπτῇ
3519 447 3585 516 τῇ
3624 448 3776 515 φωνῇ

2195 538 2375 591 λαλεῖν
2428 536 2567 608 πρὸς
2607 537 2699 590 τὸν
2762 536 2990 609 Ἀαρώνο
3039 537 3131 590 τὸν
3172 537 3229 590 δὲ
3282 536 3515 606 Ἀαρὼν,
3556 537 3629 590 τά
3678 536 3779 590 τοῦ

2196 630 2474 694 Μωῦσέως
2500 630 2720 702 ῥήματα
2762 627 3160 700 μεγαλοφὼνως
3180 627 3603 699 διαπορθμεύειν
3643 627 3781 699 πρὸς

2195 721 2285 778 τὸν
2323 721 2520 795 Φαραὼ
2554 723 2646 776 καὶ
2673 722 2807 794 πρὸς
2830 722 2920 775 τὸν
2945 721 3091 774 λαόν.
3142 721 3367 783 Ἡσαΐας
3412 720 3468 772 δὲ
3497 721 3591 773 καὶ
3620 720 3783 782 αὐτὸς

2197 815 2436 879 ἀκούσας
2485 812 2561 884 (2)
2606 812 2759 882 παρὰ
2808 810 2901 865 τοῦ
2949 810 3203 879 ὀφθέντος
3257 810 3404 881 αύτῷ
3450 811 3553 864 ἐπὶ.
3589 811 3782 881 θρόνου

2198 907 2402 979 ὑψηλοῦ
2455 906 2549 960 καὶ
2601 904 2937 976 ἐπηρμένου,
2984 904 3117 959 Τίνα
3156 904 3529 965 ἀποστείλω,
3560 903 3659 956 καὶ
3690 905 3785 969 τίς

2199 998 2552 1067 πορεύσεται
2588 995 2738 1064 πρὸς
2773 995 2879 1048 τὸν
2896 993 3050 1049 λαὸν
3078 993 3310 1055 τοῦτον,
3344 992 3673 1063 δηλαδὴτῶν
3704 994 3783 1061 (3)

2211 1088 2515 1155 Ἰουδαίων;
2552 1084 2724 1142 εἶπεν.
2770 1084 2915 1140 Ἰδοὺ
2955 1084 3086 1154 ἐγὼ,
3118 1084 3483 1139 ἀπόστειλὸν
3504 1090 3601 1152 με.

2272 1178 2392 1234 Col.
2416 1178 2540 1233 595.
2566 1177 2607 1229 Β
2632 1177 2677 1233 Ι.
2712 1172 2939 1246 Τοῦ
2962 1172 3229 1244 μεγάλου
3248 1172 3591 1226 Βασιλείου.
3617 1170 3786 1240 Ἐρώ-

2201 1268 2420 1339 nunc.)
2437 1268 2588 1322 Διατί
2602 1268 2657 1322 δὲ
2672 1268 2735 1338 δή
2745 1283 2872 1319 ποτε
2886 1267 3091 1336 Μωσῆς
3107 1265 3203 1335 μὲν
3224 1266 3537 1335 παρῃτεῖτο,
3552 1264 3785 1325 Ἡσαΐας

2200 1363 2258 1416 δὲ
2277 1361 2671 1433 προσέτρεχεν;
2699 1359 3061 1427 Ἀπόκρισις.
3081 1357 3201 1409 Ὅτι
3218 1355 3423 1425 Μωσῆς
3442 1355 3539 1425 μὲν
3554 1355 3669 1425 ᾔδει
3687 1355 3785 1425 τὴν

2205 1450 2479 1512 ὑπόθεσιν,
2508 1445 2575 1520 ἧς
2616 1448 2779 1501 ἕνεκα.
2816 1445 3210 1500 ἀπεστέλλετοο
3255 1443 3342 1497 διὰ
3380 1442 3537 1497 τοῦτο
3578 1441 3781 1507 ῶκνει,

2205 1542 2340 1612 πρός
2385 1557 2445 1593 τε
2488 1540 2550 1593 τὸ
2595 1538 2870 1592 ἀνένδοτον
2914 1538 3012 1610 τῆς
3059 1536 3287 1607 καρδίας
3333 1535 3427 1588 τοῦ
3461 1535 3539 1607 (5)
3584 1535 3787 1607 Φαραὼ

2205 1630 2551 1696 ἀποϐλέπων,
2593 1633 2687 1685 καὶ
2725 1630 2863 1702 πρὸς
2905 1630 2966 1683 τὸ
3000 1629 3287 1692 δυσπειθὲς
3337 1629 3496 1681 πάλιν
3541 1629 3637 1682 καὶ
3663 1630 3788 1682 δυσ-

532 1734 637 1790 sibi
674 1748 1008 1804 proponens,
1040 1734 1240 1805 partim
1277 1734 1439 1788 etiam
1481 1732 1665 1803 populi
1701 1732 2103 1786 contumaciam

2217 1727 2419 1795 ίγωγον
2445 1721 2538 1778 τοῦ
2566 1723 2712 1778 λαοῦ.
2744 1722 2948 1794 Πεῖραν
2979 1724 3085 1793 γὰρ
3113 1720 3224 1794 εἶχε
3254 1722 3354 1791 τῆς
3387 1721 3783 1791 ἀγνωμοσύνης

531 1841 823 1896 moresque
854 1825 940 1880 vix
981 1824 1313 1880 tractabiles.
1366 1820 1674 1877 Periculum
1702 1823 1846 1878 enim
1902 1825 2106 1878 fecerat

529 1912 839 1970 Judaeorum
892 1914 1349 1985 ingratitudinis:
1409 1913 1611 1984 quippe
1663 1913 1779 1982 qui,
1843 1911 2108 1967 benetieio

530 2019 749 2074 quoque
790 2002 991 2066 allecti,
1054 2004 1232 2073 ipsum
1293 2003 1420 2073 fuga
1463 1999 1757 2075 Egyptum
1794 2003 2108 2073 relinquere

533 2097 855 2166 coegissent.
894 2093 1062 2150 Isaias
1111 2104 1315 2161 autem,
1356 2110 1479 2149 cum
1521 2095 1767 2150 remissis
1823 2095 1927 2166 ipsi
1980 2110 2109 2165 pec-

533 2186 669 2240 catis
715 2184 1010 2240 audivisset
1044 2203 1055 2237 :
1092 2184 1223 2251 Quis
1260 2183 1354 2238 ibit
1406 2184 1472 2237 ad
1506 2182 1753 2253 populum
1797 2183 1978 2238 hunc?
2025 2191 2109 2237 at-

534 2293 640 2347 que
687 2278 1028 2333 existimaret
1075 2291 1195 2330 eam
1231 2276 1300 2330 ob
1347 2291 1566 2331 causam
1617 2276 1867 2331 nuntium
1918 2276 2110 2347 quaeri,

537 2378 595 2424 ut
617 2369 736 2440 pari
765 2368 1029 2424 beneflcio
1060 2367 1369 2423 fruerentur
1420 2368 1522 2430 illi,
1578 2367 1645 2422 ad
1681 2384 1821 2439 quos
1866 2371 2114 2425 mittere-

537 2470 646 2521 tur.
677 2475 787 2530 prae
819 2460 982 2514 animi
1020 2459 1205 2514 laetitia
1247 2461 1489 2530 seipsum
1523 2459 1702 2525 ollert,
1738 2469 1798 2516 ut
1832 2462 1943 2517 illis
1977 2477 2116 2533 quo-

538 2568 646 2623 que
678 2561 903 2623 peccata
952 2553 1380 2619 remitterentur,
1416 2551 1696 2625 Eccgego,
1737 2555 1939 2625 inquit,
1966 2556 2115 2611 mitte

543 2664 643 2700 me.
675 2644 877 2712 Quare,
901 2660 1012 2700 non
1044 2645 1163 2701 sine
1194 2645 1426 2707 ratione,
1457 2654 1510 2699 et
1539 2645 1629 2701 ille
1668 2648 1979 2702 mandatam
2011 2647 2114 2703 sibi

547 2740 878 2810 provinciam
907 2739 1325 2810 deprecabatur,
1354 2747 1409 2795 et
1452 2739 1541 2794 hic
1562 2739 1760 2811 cupide
1814 2739 2111 2795 ambiebat.

545 2826 744 2887 Verum
779 2845 847 2886 ne
889 2831 1013 2902 quis
1063 2845 1092 2885 a
1134 2831 1408 2903 Theologo
1446 2841 1738 2902 quaereret,
1767 2848 1941 2903 quare
1983 2848 2110 2889 cum

545 2938 838 2979 accurrere
866 2922 934 2976 ad
977 2921 1145 2978 Deum
1176 2931 1233 2979 et
1265 2924 1524 2980 secedere
1564 2924 1709 2978 inter
1758 2939 1817 2979 se
1848 2932 2114 2995 pugnent.

546 3023 839 3084 utrumque
884 3014 1086 3068 bonum
1137 3029 1260 3071 esse
1289 3014 1515 3079 diceret,
1547 3016 1663 3086 ipse
1697 3015 1991 3084 ohjeetioni
2022 3030 2116 3071 oc-

2210 1820 2318 1873 τῶν
2355 1818 2642 1882 Ἰουδαίων,
2672 1818 2753 1871 ὄτι
2783 1818 2875 1870 καὶ
2912 1814 3362 1886 εὐεργετηθέντες
3388 1816 3550 1868 αὑτὸν
3585 1814 3791 1882 ἐφυγά-

2208 1910 2423 1964 δευσαν.
2468 1910 2692 1972 Ἡσαΐας
2727 1909 2782 1962 δὲ
2825 1908 2962 1978 μετά
3006 1907 3069 1960 τὸ
3096 1906 3362 1978 ἀφεθῆναι
3387 1907 3484 1969 τὰς
3516 1907 3792 1977 ἁμαρτίας

2212 2000 2411 2068 αὐτοῦ,
2460 2000 2731 2063 ἀκούσας,
2766 2000 2860 2067 Τίς
2889 2001 3242 2069 πορεύσεται
3293 1999 3443 2067 πρὸς
3490 1998 3596 2050 τὸν
3637 1997 3793 2051 λαὸν

2212 2093 2453 2161 τοῦτον,·
2481 2093 2573 2147 καὶ
2596 2091 2842 2163 νομίσας,
2866 2092 2946 2144 ὅτι
2973 2092 3064 2143 ἐπὶ
3087 2092 3261 2160 τούτῳ
3288 2089 3532 2161 ζητεῖται
3571 2091 3600 2143 ὁ
3663 2091 3793 2143 ἀπο-

2215 2184 2587 2253 στελλόμενος,
2625 2184 2710 2237 ἵνα
2749 2183 2818 2237 τά
2857 2182 3208 2253 παραπλήσια
3237 2182 3792 2252 κάκεῖνοιεύερογετηο-

2214 2276 2379 2342 θῶσι,
2427 2276 2564 2347 πρὸς
2616 2275 2709 2340 οὓς
2744 2274 3168 2339 ἀποστέλλεται,
3206 2275 3309 2328 ὑπὸ
3352 2276 3678 2346 περιχαρίας
3716 2273 3792 2345 (6)

2213 2368 2403 2421 ἑαυτὸν
2431 2368 2753 2432 ὑποϐάλλει,
2790 2368 2876 2421 ἵνα
2921 2367 3197 2431 κάκείνοις
3225 2366 3499 2435 ἀφεθῶσιν
3525 2368 3581 2418 αἱ
3613 2367 3794 2436 ἀμαρ-

2212 2458 2340 2514 τίαι.
2384 2459 2550 2523 Ἰδοὺ,
2584 2461 2767 2530 φησὶν,
2804 2458 2941 2528 ἐγὼ,
2977 2457 3343 2511 ἀπόστειλον
3377 2473 3473 2525 με.
3506 2457 3669 2509 Ὥστε
3703 2454 3794 2509 εῦ-

2214 2552 2371 2622 λογος
2397 2552 2648 2607 κάκείνου
2672 2554 2705 2623 ἡ
2733 2551 3059 2623 παραίτησις
3088 2550 3181 2603 καὶ
3204 2548 3393 2602 τούτου
3421 2551 3465 2619 ἡ,
3490 2548 3788 2620 προθυμία.

2220 2645 2336 2698 Ἵνα
2364 2644 2420 2699 δὲ
2458 2646 2530 2715 μή
2570 2660 2655 2708 τις
2682 2644 2811 2716 εἴπῃ
2848 2642 2927 2714 τῷ
2959 2640 3224 2712 Θεολόγῳ·
3266 2640 3389 2704 Πῶς
3426 2641 3641 2693 ἐναντία
3667 2639 3793 2693 ὂντα

2216 2738 2489 2809 ἀλλήλοις,
2519 2737 2579 2789 τὸ
2624 2736 2987 2809 προσδραμεῖν
3026 2733 3104 2804 τῷ
3133 2732 3253 2803 Θεῷ
3281 2732 3570 2796 καλοῦντι,
3607 2732 3703 2786 καὶ
3739 2732 3797 2785 τὸ

2218 2832 2601 2903 ὑποχωρῆσαι,
2621 2832 2683 2884 σὺ
2705 2829 2885 2899 λέγεις
2910 2829 3196 2900 ἀμφότερα
3227 2821 3365 2881 εἶναι
3397 2825 3611 2895 ἀγαθά;
3636 2826 3796 2890 αὐτὸς

2220 2922 2507 2997 προλαϐὼν
2539 2924 2732 2992 ἐπάγει
2758 2922 2856 2995 τὴν
2886 2922 3063 2977 λύσιν.
3099 2922 3161 2975 Et
3189 2920 3299 2992 γάρ
3339 2919 3600 2983 εὐσεϐῶς,
3641 2922 3793 2990 φησὶ,

2224 3018 2319 3072 καὶ
2344 3019 2378 3088 ἡ
2406 3014 2754 3088 ὑποχώρησις
2780 3014 2877 3068 καὶ
2919 3017 2953 3086 ἡ
3001 3013 3279 3086 προθυμία
3304 3012 3548 3083 γένηται,
3590 3013 3797 3066 οὐδέτε-

546 3122 799 3171 currens,
841 3107 1169 3162 solutionem
1218 3107 1403 3162 infert.
1455 3106 1512 3162 Si
1557 3108 1724 3174 enim,
1765 3108 1960 3179 inquit,
2002 3108 2115 3164 haec

2227 3126 2317 3182 ρον
2342 3078 2547 3162 τούτων
2574 3078 2775 3177 ιραῦλον
2800 3078 3137 3178 κριθήσεται.
3174 3078 3297 3168 ίῐῶς
3316 3078 3372 3157 δὲ
3406 3078 3499 3158 καὶ
3527 3106 3795 3176 παραιτή-

548 3199 679 3265 duo,
713 3198 957 3256 secessio
984 3197 1239 3256 videlicet
1264 3208 1426 3272 atque
1458 3201 1755 3257 accedendi
1788 3202 2119 3273 promplitu-

548 3291 642 3357 do,
665 3292 753 3363 pie
770 3291 920 3353 (iant,
940 3299 1192 3347 neutrum
1213 3292 1409 3348 horum
1434 3301 1591 3364 turpe
1614 3294 1948 3349 censebitur.
1976 3290 2123 3361 ρυο.

548 3399 673 3439 nam
700 3393 880 3440 autem
914 3380 1075 3440 modo
1105 3400 1224 3440 eam
1252 3400 1367 3441 rem
1408 3394 1465 3441 et
1489 3387 1576 3457 pie
1609 3388 1888 3443 recusabit
1925 3403 1989 3441 ac
2029 3388 2122 3445 de-

553 3476 720 3547 l’ugiet
750 3477 1043 3547 quispiam,
1084 3486 1137 3533 et
1189 3478 1275 3548 pia
1329 3494 1522 3534 rursus
1563 3479 1844 3535 alacritate
1890 3482 1956 3535 ad
2004 3496 2124 3536 eam

554 3567 811 3624 accedet?
839 3568 975 3624 Illud
1016 3568 1261 3640 quidem,
1298 3570 1368 3623 oh
1409 3569 1681 3639 propriam
1727 3569 2124 3636 inﬁrmitatem,

558 3661 820 3715 nimirum
854 3675 978 3714 cum
1004 3661 1204 3730 aliquis
1240 3660 1411 3731 ipsam
1452 3661 1638 3716 animo
1685 3671 1965 3733 reputans,
2027 3666 2129 3719 nii-

564 3751 771 3807 nisterii
811 3748 1124 3805 demandati
1147 3750 1573 3820 magnitudinem
1609 3752 1994 3821 perhorrescit:
2025 3754 2128 3809 hoc

560 3830 737 3896 autem
770 3839 841 3896 ob
891 3842 1139 3896 vocantis
1196 3840 1520 3929 potentiam,
1580 3857 1774 3914 nempe
1824 3859 1951 3899 cum
2003 3846 2128 3916 quis

558 3942 708 3987 certa
743 3931 846 3987 ﬁde
881 3932 984 3987 sibi
1026 3932 1366 4003 persuadens
1397 3932 1533 3986 nihil
1580 3947 1725 3998 esse,
1786 3938 1929 4006 quod
1986 3937 2151 3995 Deus

559 4037 668 4076 non
695 4022 888 4092 possit,
930 4022 1285 4093 imperantem
1338 4022 1605 4093 sequitur,
1637 4025 1797 4095 eique
1850 4027 2129 4099 obtempe-

562 4123 664 4168 rat.
694 4114 1082 4169 Animadverte
1127 4114 1312 4185 igitur,
1346 4131 1585 4186 quonam
1621 4125 1780 4187 pacto
1824 4116 2132 4191 Theologus

560 4205 853 4261 ostendere
885 4208 1092 4272 volens,
1124 4224 1225 4263 nec
1249 4224 1461 4271 eorum,
1492 4212 1582 4280 qni
1620 4210 1956 4282 refugerunt,
1994 4214 2133 4269 timi-

560 4298 807 4362 ditatem,
843 4316 943 4356 nec
989 4315 1202 4366 eorum,
1255 4303 1350 4372 qui
1396 4312 1642 4375 prompte
1686 4319 1745 4359 se
1793 4306 2131 4367 obtulerunt,

2227 3201 2377 3255 σεταί
2406 3217 2491 3264 τις
2521 3199 2758 3262 εὐσεϐῶς
2786 3198 2880 3252 καὶ
2906 3195 3387 3269 προθυμηθήσεται
3409 3194 3647 3257 εὐσεϐῶς
3673 3212 3687 3261 ;
3724 3195 3793 3247 Τὸ

2230 3294 2347 3366 μὲν,
2382 3292 2470 3347 διά
2495 3292 2593 3364 τὴν
2631 3292 2839 3346 οἰκείαν
2871 3289 3175 3355 ἀσθένειαν,
3209 3289 3337 3342 ὅταν
3368 3305 3452 3351 τις
3479 3289 3559 3351 εἰς
3597 3288 3797 3355 ταύτην

2225 3387 2570 3450 ἀποϐλέπων,
2597 3385 2659 3438 τὸ
2696 3384 2923 3455 μέγεθος
2951 3385 3051 3454 τῆς
3079 3380 3355 3445 διακονίας
3387 3380 3711 3452 εύλαϐἧται⁹
3742 3381 3799 3433 τὸ

2226 3476 2416 3541 emta
2455 3476 2551 3548 τὴν
2579 3474 2674 3529 τοῦ
2712 3473 3002 3539 καλοῦντος
3028 3473 3276 3543 δύναμιν,
3302 3473 3429 3525 ὅταν
3454 3488 3539 3535 τις
3578 3473 3799 3525 πιστεύο

2230 3586 2346 3634 σας,
2380 3569 2461 3621 ὅτι
2496 3566 2673 3621 πάντα
2705 3564 2907 3620 δυνατά
2932 3564 3009 3635 τῷ
3037 3563 3186 3634 Θεῷ,
3210 3562 3480 3633 ἀκολουθῇ
3511 3562 3658 3633 αὐτῷ
3683 3563 3801 3614 ἐπι-

2228 3663 2494 3715 τάττοντι.
2528 3661 2668 3733 Ὅρα
2702 3660 2899 3724 τοίνυν,
2938 3658 3054 3722 πῶς
3085 3658 3251 3712 θέλων
3274 3659 3301 3711 ὀ
3330 3657 3587 3726 Θεολόγος
3616 3657 3801 3727 Πατὴρ

2232 3755 2514 3826 συστῆσαι,
2548 3754 2628 3806 ὅτι
2652 3751 2775 3806 οῦτε
2800 3750 3016 3823 ήδειλία
3040 3749 3146 3804 τῶν
3171 3750 3642 3821 ὑποχωρησάντων
3666 3767 3802 3820 μεμ-

2231 3848 2374 3918 πτὴ,
2418 3847 2539 3899 οὔτε
2597 3847 2639 3915 η
2674 3842 2951 3916 προθυμία
2995 3842 3102 3895 τῶν
3145 3842 3503 3914 ὁρμησάντων
3532 3844 3632 3913 (7),
3672 3843 3804 3913 πρὸς

2232 3939 2516 4011 ἀμφότερα
2549 3937 2734 3991 ἀπεῖδε
2767 3936 2834 3990 τὰ
2865 3937 3165 4007 πρόσωπα,
3200 3937 3451 3989 τουτέστιν
3469 3937 3605 4007 πρὸς
3632 3937 3691 3989 τὸ
3717 3954 3802 3990 κα-

2231 4030 2356 4083 λοῦν
2379 4027 2474 4082 καὶ
2504 4027 2579 4097 (8)
2623 4025 2976 4097 καλούμενον,
3022 4026 3109 4080 ἵνα
3148 4026 3299 4099 δείξῃ
3332 4026 3431 4079 τοῦ.
3454 4027 3557 4097 μὲν.
3582 4025 3803 4080 καλοῦν-

2231 4138 2320 4184 τος
2360 4119 2527 4186 άξιον,
2573 4118 2634 4172 τὸ
2672 4119 2763 4172 τὸν
2796 4118 3128 4189 καλούμενον
3166 4118 3586 4173 ὑποτάσσεσθαι·
3620 4119 3714 4173 τοῦ
3746 4119 3800 4172 δὲ

2234 4209 2600 4282 καλουμένου,
2656 4211 2718 4263 τὸ
2763 4209 2852 4264 τὸν
2900 4210 3165 4264 καλοῦντα
3211 4210 3659 4267 κατευλαϐεῖσθαι
3714 4214 3803 4265 καὶ

2234 4302 2577 4358 ἀναδύεσθαι.
2634 4303 2795 4355 ’Ὥστε
2843 4302 2984 4356 κατᾶ
3022 4303 3210 4356 τοῦτον
3262 4304 3351 4357 τὸν
3396 4303 3554 4372 λόγον
3606 4305 3701 4357 καὶ
3746 4303 3803 4356 τὸ

563 4393 905 4450 alacritatem
954 4395 1457 4467 reprehendendam
1528 4412 1671 4460 esse,
1734 4397 1799 4452 ad
1843 4407 2115 4469 utramqut

2237 4397 2585 4468 ὑποχωρῆσαι
2650 4396 2743 4448 καὶ
2790 4394 2865 4465 (9)
2935 4396 3305 4467 προσδραμεῖν
3367 4395 3585 4449 ἐναντία
3647 4395 3801 4456 ὄντα,

562 4499 851 4553 personam
900 4487 1220 4556 respexerit,
1253 4487 1500 4542 vocantis
1550 4488 1759 4543 scilicet
1790 4496 1844 4543 et
1882 4489 1999 4560 ejus
2038 4491 2131 4560 qui

2237 4490 2403 4560 ἄμφω
2431 4488 2691 4541 ἐπαινετά
2723 4486 2875 4541 ἔσται
2901 4489 2965 4540 ἐκ
2987 4487 3091 4557 τῆς
3113 4488 3311 4551 αἰτίας.

562 4591 806 4645 vocatur,
849 4590 909 4634 ut
963 4581 1236 4646 ostendat,
1283 4584 1327 4637 si
1361 4583 1579 4653 quidem
1615 4592 1898 4638 vocantem
1951 4594 2291 4655 spectemus,
2337 4584 2650 4644 convenire,
2705 4591 2765 4634 ut
2818 4582 2909 4651 qui
2965 4591 3209 4647 vocatur,
3245 4585 3579 4652 pareat:sin
3632 4591 3804 4638 autem

562 4688 685 4727 eum
736 4673 826 4742 qui
882 4681 1124 4733 vocatur.
1187 4690 1282 4743 par
1349 4690 1471 4729 esse
1533 4682 1592 4729 ut
1639 4686 1923 4733 vocantem
1980 4690 2316 4741 revereatur,
2344 4693 2404 4733 ac
2453 4691 2655 4732 munus
2707 4675 2809 4730 sibi
2875 4676 3230 4731 commissum
3308 4676 3592 4732 detrectet.
3639 4679 3808 4747 Atque

566 4764 666 4817 hac
705 4766 938 4829 ratione,
978 4766 1228 4834 quamvis
1261 4766 1515 4823 recedere
1566 4777 1619 4823 et
1660 4784 1947 4826 accurrere
1988 4774 2130 4827 inter
2176 4787 2235 4828 se
2292 4771 2617 4835 dissideant,
2654 4769 2726 4824 ob
2751 4767 3021 4823 diversam
3057 4776 3239 4823 tamen
3270 4782 3493 4823 causam
3519 4778 3809 4840 utrumque

566 4852 745 4907 laudis
785 4868 990 4908 nomen
1015 4854 1256 4908 habebit.

638 4945 949 5018 Mysterium
982 4951 1134 5003 unxit
1178 4966 1277 5016 me,
1319 4953 1587 5021 mysterio,
1616 4959 1720 5007 etc.
1755 4953 2139 5023 Saepenumero

570 5040 814 5111 mysterii
864 5056 1057 5095 nomen
1104 5040 1244 5097 festo
1274 5042 1512 5100 tribuere
1553 5044 1710 5109 solet,
1740 5048 1995 5117 quoniam
2038 5063 2138 5105 nos

570 5131 641 5185 ob
673 5130 931 5201 mysteria
970 5131 1214 5201 quaedam
1254 5131 1417 5196 facta.
1448 5135 1820 5207 miraculaque
1860 5137 2139 5210 designata

571 5221 711 5278 festa
744 5221 1111 5278 celebramus.
1142 5225 1218 5278 Ac
1259 5241 1405 5281 nunc
1440 5226 1606 5298 igitur
1633 5237 1853 5300 prapter
1885 5244 2139 5285 arcanam

644 5360 716 5392 ’θ’
751 5358 857 5415 lsa.
886 5374 958 5424 τι,
985 5359 1041 5413 8.

645 5477 721 5549 (l)
746 5474 959 5549 Inclusa
993 5477 1195 5549 desunt
1224 5478 1367 5549 apud
1407 5476 1643 5533 Billium.

646 5544 722 5617 (ἓν
758 5546 1047 5617 ξᾼκηκοώς
1087 5547 1140 5604 b.

646 5615 722 5681 (ὅ)
757 5615 857 5670 Τὸν
887 5615 993 5670 τῶν
1032 5619 1085 5673 b.

647 5684 723 5762 (ᾖ)
759 5686 973 5762 l_ne_lus_a
1003 5688 1200 5762 omittit
1236 5688 1270 5743 b
1305 5687 1381 5761 [et
1410 5686 1496 5745 ed.
1531 5686 1904 5760 Clemenccti].

649 5754 725 5825 (5)
766 5754 869 5808 Τοῦ
902 5757 1055 5812 abest
1088 5758 1140 5811 b.

2322 4952 2431 5009 lhid
2467 4952 2521 5008 6.
2568 4947 2991 5017 Mvarriptor...
3020 4945 3563 5017 συνανιστάμενον.
3594 4948 3807 5017 Macri,-

2248 5064 2380 5120 ριον,
2411 5045 2508 5116 τὴν
2534 5042 2726 5113 ἑορτὴν
2755 5039 2911 5093 εἴωθε
2941 5039 3198 5103 πολλάκις
3228 5040 3534 5109 ὀνομάζειν,
3557 5040 3688 5092 διότι
3719 5039 3807 5091 ἐπὶ

2250 5135 2568 5211 μυστηρίοις
2592 5134 2705 5187 τισὶ
2733 5134 3041 5202 γενομένοις
3080 5132 3176 5185 καὶ
3218 5131 3458 5201 θαύμασι
3498 5133 3596 5195 τὰς
3624 5130 3805 5202 ἑορτάς

2245 5230 2470 5301 ἄγομεν.
2509 5225 2619 5281 Καὶ
2648 5223 2743 5277 νῦν
2769 5220 2861 5278 οὖν
2888 5223 2973 5277 διὰ
3004 5224 3062 5277 τὸ
3091 5223 3349 5295 μυστικὸν
3380 5223 3477 5294 τῆς
3509 5222 3700 5294 ἑορτῆς
3724 5221 3807 5273 καὶ

2320 5482 2395 5551 (sit
2430 5480 2794 5551 ﬂammat“;
2822 5480 2872 5534 b-

2321 5550 2397 5620 (ῖ)
2433 5547 2875 5620 ἶὲπαίνου
2906 5547 3058 5620 addit
3076 5550 3119 5606 Ι).

2322 5619 2398 5689 (8)
2432 5617 2574 5686 Πρὸς
2597 5618 2670 5690 sd
2693 5620 2888 5690 repetit
2928 5619 3015 5674 hic
3037 5619 3091 5677 ιλ

2322 5690 2398 5758 (9)
2424 5690 2534 5741 Καὶ
2564 5688 2625 5741 τό
2661 5689 2694 5743 h
