4040 6282
262 231 371 289 839

1482 229 1573 284 ΑΒ
1614 231 1669 287 S.
1714 227 2040 287 GREGORII
2082 227 2287 285 ORAT.
2325 227 2363 283 Ι.

3416 228 3518 281 950

259 354 576 423 ἀπόρρητον
610 352 720 415 τοῖς
745 350 977 416 πολλοῖς,
1011 352 1306 423 μυστήριον
1326 350 1496 419 αὐτὴν
1530 351 1701 404 καλεῖ.
1736 351 1840 404 Καὶ

1950 348 2072 404 festi
2104 364 2349 412 causam,
2388 356 2549 418 atque
2585 348 2636 402 in
2677 347 2873 417 vulgus
2907 354 3164 417 ignotam,
3200 348 3393 403 festum
3441 351 3529 419 ipo

256 444 431 513 λέγει,
461 442 544 494 ὅτι
584 440 672 492 Ἑν
694 440 853 510 ἑορτῇ
876 438 1138 509 ἐγενόμην
1163 438 1362 509 ἱερεὺς,
1386 440 1449 507 τῇ
1480 438 1578 507 τῆς
1605 434 1841 508 Χριστοῦ

252 533 567 603 γεννήσεως
595 530 758 594 ἴσως,
793 530 887 584 καὶ
922 531 981 582 ὲν
1015 531 1176 601 ἑορτῇ
1222 529 1585 601 ὑπεχώρησα,
1614 531 1680 601 τῇ
1732 528 1843 582 τῶν

252 623 462 676 Φώτων
484 623 647 692 τάχα,
675 623 766 676 καὶ
788 624 844 675 έν
876 624 1034 693 ἑορτῇ
1059 621 1380 692 ἐπανῆλθον,
1405 624 1468 693 τῇ
1502 621 1595 675 τοῦ
1624 621 1835 691 Πάσχα.

254 716 376 786 Τῆς
408 715 505 786 μὲν
539 712 631 768 οὖν
662 715 1064 783 ὑποχωρήσεως
1090 713 1184 766 καὶ
1211 712 1311 782 τῆς
1337 712 1595 766 ἐπανόδου
1622 712 1721 783 τὴν
1753 712 1840 764 αἱ·

250 805 381 858 τίαν
412 805 654 875 εἴρηκεν.
702 804 875 865 Αὐτὸς
905 802 1014 871 γὰρ
1046 798 1114 873 ἦν
1157 801 1348 873 κύριος
1379 802 1472 854 καὶ
1514 799 1610 853 τοῦ
1648 801 1840 869 φυγεῖν

252 896 357 949 καὶ
382 896 476 949 τοῦ
499 894 835 951 ἐπανελθεῖν.
869 893 963 947 καὶ
991 893 1108 963 ᾔδει
1136 893 1263 963 περὶ
1289 891 1489 945 αὐτῶν.
1523 892 1633 961 Τῆς
1648 892 1703 944 δὲ
1724 889 1841 962 χρί-

255 1002 421 1048 σεως.
450 985 653 1038 οὐκέτι.
703 984 921 1056 Ἔτεροι
952 985 1060 1052 γὰρ
1090 983 1252 1037 αὐτὸν
1279 982 1520 1053 ἔχρισαν.
1569 982 1840 1051 Ἐχρίοντο

250 1079 312 1131 δὲ
345 1078 512 1132 πάλαι
554 1077 651 1148 μὲν
682 1079 737 1130 οἰκ
761 1078 926 1147 ἱερεῖς
957 1076 1052 1130 καὶ
1079 1076 1355 1147 ἀρχιερεῖς
1387 1074 1463 1145 τῷ
1489 1072 1698 1143 νομικῷ
1722 1073 1840 1143 χρί-

255 1187 452 1240 σματιο
485 1160 710 1241 ὕστερον
732 1168 788 1223 δὲ
818 1167 895 1239 τῷ
930 1166 1306 1238 Μευματικῴ,
1337 1169 1476 1237 ὅπερ
1508 1166 1625 1218 ἐστὶ
1658 1181 1840 1236 χειρο-

252 1263 421 1315 Θεσία
465 1264 557 1315 καὶ
596 1261 690 1314 τοῦ
743 1259 897 1327 ἀγίου
946 1258 1263 1329 Πνεύματος
1319 1256 1623 1327 ἐπίκλησις.
1680 1254 1839 1309 Ἀλλά

247 1356 341 1409 τίς
379 1355 412 1423 ἡ
444 1353 591 1406 αἰτία
627 1354 723 1420 τῆς
753 1354 1181 1423 ύποχωρήσεως;
1218 1351 1353 1407 Ἵνα,
1393 1348 1839 1419 φησὶνλὲμαυτὸν

249 1444 647 1514 ὲττισκέῷωμαι
695 1444 789 1497 καὶ
843 1444 959 1503 ἴδω,
1013 1444 1065 1495 εἰ
1106 1442 1215 1513 ἄρα
1256 1441 1357 1511 τῆς
1392 1441 1690 1512 ἱερωσύνης
1722 1441 1839 1511 εἰμὶ

247 1538 429 1603 ἄξιος.
456 1536 550 1599 Τίς
576 1536 633 1589 δὲ
674 1537 703 1589 ὀ
730 1535 885 1604 λόγος
917 1536 1014 1606 τῆς
1051 1534 1191 1587 κατὰ
1224 1534 1283 1586 τὸ
1323 1531 1836 1603 Πάσχα-ἐπανόδοῊ

252 1628 383 1680 Ἵνα
416 1628 606 1698 αὐτὴν,
645 1627 808 1697 φησι.
855 1627 954 1697 τὴν
984 1627 1198 1697 ἡμέραν
1232 1624 1399 1695 καλὴν
1441 1623 1699 1695 συνεργὸν
1730 1621 1839 1693 ἔχω

248 1719 356 1772 καὶ
396 1718 705 1789 σύμμαχον,
752 1716 980 1770 λύουσάν
1024 1720 1239 1788 μοικαὶ
1283 1716 1379 1787 τὴν
1418 1715 1700 1769 ἀσθένειαν
1743 1715 1837 1768 καὶ
1870 1706 1929 1761 Βη

248 1811 560 1881 ἀδυναμίαν
594 1812 693 1880 τὴν
726 1809 861 1881 πρὸς
891 1810 990 1880 τὴν
1023 1808 1323 1881 ἱερωσύνην
1366 1810 1460 1863 καὶ
1488 1809 1587 1877 τὴν
1612 1808 1835 1871 δειλίαν,

248 1904 323 1972 ἦν
358 1896 530 1971 εἶχον,
569 1900 969 1967 εὐλαϐούμενος
1011 1899 1111 1969 τὴν
1145 1898 1387 1969 μεγάλην
1434 1898 1637 1969 ταύτην
1681 1898 1838 1964 ἀξίαν

248 1993 353 2047 καὶ
390 1990 571 2046 τὸτοῦ
616 1993 938 2063 πράγματος
979 1989 1225 2061 μέγεθος.
1273 1992 1541 2045 Ἐδειλίων
1588 1992 1717 2061 γὰρ,
1763 1990 1837 2055 ὼς

246 2084 513 2155 ἀσθενὴς,
566 2083 924 2150 ἀναδέξασθαι
974 2082 1104 2137 λαοῦ
1159 2083 1514 2156 προστασίαν.
1573 2084 1733 2152 Λέγει
1780 2084 1837 2138 δὲ

244 2176 461 2241 ταῦτα,
498 2175 804 2247 μετριάζων
832 2177 859 2228 ὁ
904 2175 1096 2246 μέγας.
1140 2175 1237 2228 Διά
1274 2175 1433 2230 τοῦτο
1479 2174 1608 2247 γὰρ,
1649 2178 1834 2246 φησιν,

246 2267 564 2338 ἐπανῆλθον
613 2269 751 2322 κατὰ
796 2268 894 2338 τὴν
941 2268 1152 2339 ἡμέραν
1199 2269 1296 2339 τῆς
1336 2268 1689 2332 ἀναστάσεως
1739 2268 1835 2323 τοῦ

245 2359 497 2432 Χριστοῦ
518 2401 533 2426 ,
570 2360 657 2414 ἴνα
688 2362 716 2413 ὁ
749 2361 991 2431 σήμερον
1036 2362 1101 2412 ὲκ
1148 2359 1358 2429 νεκρῶν
1392 2359 1657 2427 ἀναστὰς,
1690 2362 1838 2431 κάμὲ

246 2453 469 2518 νεάζειν
500 2453 595 2507 καὶ
625 2453 895 2525 ἀκμάζειν
922 2452 1305 2523 πνευματικῶς
1335 2453 1428 2506 καὶ
1448 2454 1506 2505 ἐν
1538 2454 1651 2516 τοῖς
1679 2471 1838 2507 πνευ-

250 2547 512 2616 ματικοίς
547 2544 945 2616 παρασκευάσῃ
974 2543 1006 2614 ἢ
1043 2542 1400 2616 καινοποιήσῃ
1430 2542 1506 2614 τῷ
1535 2543 1833 2615 Πνεύματι,

246 2636 503 2690 τουτέστι
543 2636 840 2708 μεταϐαλεῖ
864 2636 939 2708 (l)
970 2636 1083 2692 ἀπὸ
1116 2637 1292 2691 δειλοῦ
1335 2640 1432 2691 καὶ
1464 2638 1725 2703 ἀσθενοῦς
1757 2641 1838 2703 εις

248 2725 559 2798 θαρσαλέον
604 2729 697 2779 καὶ
752 2727 997 2798 ἰσχυρόν*
1047 2725 1189 2781 ὥστε
1221 2726 1570 2800 θαρρούντως
1604 2730 1701 2783 καὶ
1744 2730 1835 2783 εὑ-

247 2818 427 2881 τόνως
456 2817 787 2889 ἀφηγεῖσθαι
827 2820 925 2889 τῆς
967 2819 1223 2889 ποίμνης.
1263 2819 1572 2874 Μεταὸαλεῖ
1621 2821 1710 2887 δὲ,
1758 2821 1837 2893 τῷ

250 2908 391 2981 θείῳ
425 2909 737 2979 Πνεύματι,
778 2910 994 2963 καὶτὸν
1042 2910 1226 2963 καινὸν
1273 2911 1496 2975 ένδύσας
1530 2911 1834 2983 ἄνθρωπον,

403 2999 700 3107 ἱερωσύνην
738 3001 898 3071 φημί.
961 3001 1026 3054 Ἦ
1062 3000 1172 3073 γὰρ
1210 3001 1390 3072 χρίσις
1434 3002 1524 3056 καὶ
1563 3001 1836 3074 ἁμαρτίας
1864 3050 1904 3107 C

252 3092 397 3156 λύει,
424 3092 568 3147 καθά
595 3109 704 3147 τισι
729 3093 837 3146 τῶν
866 3092 1126 3165 Πατέρων
1148 3092 1316 3159 ἔδοξε,
1340 3093 1437 3148 καὶ
1465 3094 1584 3148 νέον
1625 3094 1836 3166 άνθρω⁹

252 3202 361 3238 πον
392 3183 467 3257 (2)
519 3188 663 3238 ποιεῖ
698 3185 789 3238 τὸν
835 3187 1145 3257 χριόμενον.
1193 3185 1277 3256 Δῷ
1312 3188 1387 3255 (5)
1420 3190 1486 3259 τῇ
1518 3190 1679 3260 καινῇ
1721 3189 1838 3242 κτίσ-

236 3295 372 3343 ησει,
410 3278 520 3340 τοῖς
551 3276 640 3330 διὰ
670 3276 764 3330 τοῦ
803 3276 1180 3351 βαπτίσματος
1221 3278 1718 3348 ἀναγεννωμένοις,
1762 3280 1838 3334 oi-

249 3383 401 3429 τινες
429 3367 527 3420 οὔκ
554 3366 611 3433 ἐξ
634 3366 901 3437 αίμάτων,
926 3367 1040 3421 ἀλλ’
1068 3371 1132 3421 ὲκ
1155 3367 1290 3421 Θεοῦ
1330 3370 1648 3438 γεννῶνται,
1705 3372 1841 3425 πλά-

254 3472 394 3525 στην
418 3455 743 3525 ἀγαθὸνκαὶ
762 3455 1079 3510 διδάσκαλον
1109 3456 1376 3529 (πλάστην
1401 3459 1519 3529 μὲν,
1543 3461 1617 3522 ὡς
1641 3461 1729 3513 διά
1744 3459 1836 3513 τοῦ

256 3547 638 3618 βαπτίσματος
662 3546 862 3621 τρόπον
901 3548 1023 3602 τινὰ
1064 3549 1485 3622 πλάττοντα(4)·
1521 3552 1838 3606 διδάσκαλον

255 3639 340 3700 δὲ,
368 3638 446 3701 ὡς
465 3640 563 3709 τὴν
588 3639 769 3692 πίστιν
790 3640 972 3703 αὐτοῖς
994 3639 1356 3711 ἐξηγούμενον
1374 3658 1388 3671 ·
1417 3642 1448 3711 ἢ
1475 3643 1714 3714 πλάστην
1740 3646 1838 3715 μὲν

258 3727 372 3783 τῶν
398 3727 567 3799 ἠθῶν,
593 3727 907 3782 διδάσκαλον
933 3729 987 3783 δὲ
1016 3730 1125 3783 τῶν
1152 3730 1476 3803 δογμάτων),
1502 3733 1723 3805 Χριστῷ
1746 3735 1840 3788 καὶ

262 3818 747 3891 συννεκρούμενον,
781 3819 869 3874 διὰ
897 3821 994 3893 τῆς
1037 3820 1174 3893 πρὸς
1206 3823 1273 3875 τὰ
1305 3822 1450 3894 πάθη
1485 3824 1834 3897 νεκρώσεως·

260 3913 359 3965 καὶ
392 3913 868 3984 σννανιστάμενον,
921 3917 987 3985 τῇ
1029 3914 1348 3979 ἀναςωώσει
1390 3916 1499 3970 τῶν
1537 3918 1768 3989 ἀρετῶν·
1813 3922 1843 3976 ὁ

261 4004 376 4073 γὰρ
406 4004 597 4088 very.
619 4007 684 4075 τῇ
705 4005 952 4077 ἁμαρτίᾳ
976 4006 1285 4078 γενόμενος,
1316 4008 1382 4080 ζῇ
1414 4009 1630 4075 πάντως
1654 4015 1721 4083 τῇ
1756 4013 1843 4065 άν-

262 4094 550 4169 τικειμένῃ
591 4099 781 4168 ἀρετῇ.
842 4097 939 4149 Ἐκ
982 4097 1076 4151 τοῦ
1119 4098 1441 4153 Ἀποστόλου
1477 4101 1537 4154 δὲ
1577 4102 1677 4168 τὰς
1704 4105 1840 4175 χρή-

264 4204 379 4249 σεις
415 4188 491 4253 (5)
528 4185 730 4249 ταύτας
762 4185 953 4241 ἔλαϐεν
981 4191 1008 4242 ὁ
1052 4189 1331 4258 Θεολόγος.
1378 4192 1542 4261 Λέγει
1584 4195 1691 4268 γάρ
1739 4214 1841 4251 που

273 4276 550 4346 Ἐφεσίοις
585 4276 813 4350 γράφων
834 4280 863 4332 ὁ
896 4280 1164 4351 μακάριος
1211 4280 1457 4348 Παῦλος,
1491 4284 1571 4337 ὅτι
1624 4284 1843 4340 Ἐδιδά-

1950 458 2072 498 sum
2104 442 2350 514 mysterii
2386 444 2601 496 nomine
2632 440 2886 511 appellat,
2918 440 3101 509 aitque
3133 460 3145 495 :
3179 441 3234 494 In
3266 442 3353 496 die
3381 441 3520 497 festo

1947 536 2206 590 sacerdos
2252 534 2429 588 factus
2478 549 2622 597 sum,
2674 536 2904 588 fortasse
2954 532 3162 587 Natalis
3204 531 3433 597 Christi,
3468 541 3522 586 et

1946 627 2001 682 in
2034 626 2172 682 festo
2206 625 2294 681 die
2325 626 2552 689 secessi,
2584 624 2873 680 Luminum
2916 625 3172 689 fortasse,
3206 636 3257 679 et
3299 625 3350 677 in
3384 623 3522 679 festo

1943 721 2031 775 die
2067 720 2225 782 redii,
2252 717 2537 774 Paschalis
2564 718 2791 775 scilicet.
2827 717 2903 772 Ac
2942 717 3275 774 secessionis
3301 716 3519 786 quidem

1943 812 2262 881 reditusque
2307 824 2528 864 causam
2582 809 2873 877 esposuit,
2904 808 3047 879 quod
3092 816 3145 863 ct
3180 807 3301 877 fuga
3348 815 3403 861 et
3437 821 3518 859 re-

1941 904 2120 958 versio
2151 902 2325 970 ipsius
2356 900 2567 955 arbitrii
2607 907 2792 955 essent
2826 917 2839 953 :
2877 897 3150 953 unctionis
3197 905 3376 951 autem
3410 913 3518 966 non

1942 996 2093 1058 item,
2148 996 2402 1064 quoniam
2450 992 2539 1046 alii
2595 992 2770 1061 ipsum
2826 998 3114 1057 unﬂxerant.
3163 988 3520 1059 Ungrbanlur

1940 1085 2084 1141 enim
2113 1084 2240 1139 olim
2278 1068 2673 1155 sacerdoteset
2702 1082 2988 1151 pontifices
3021 1082 3177 1149 legali
3213 1082 3473 1143 unctione
3504 1100 3517 1134 :

1942 1184 2125 1247 postea
2161 1191 2289 1229 vero
2339 1174 2607 1244 spirituali
2649 1193 2661 1228 :
2706 1160 2825 1243 qum
2873 1172 3089 1242 quidem
3134 1180 3217 1227 est
3263 1186 3517 1223 manuum

1942 1251 2239 1334 iinpositio.
2274 1265 2559 1334 sanctique
2587 1263 2825 1332 Spiritus
2856 1263 3149 1317 invocatio.
3179 1263 3245 1315 At
3270 1277 3517 1332 quaenam

1940 1371 2104 1411 causa
2145 1354 2245 1410 fuit
2288 1354 2659 1411 secessionis?
2694 1361 2772 1418 ut,
2813 1353 3013 1423 inquit,
3051 1351 3314 1421 meipsum
3350 1351 3521 1421 inspi-

1938 1462 2139 1507 cerem,
2173 1460 2236 1500 ac
2277 1446 2519 1499 viderem
2562 1460 2692 1499 num
2726 1442 3035 1500 sacerdotio
3078 1440 3276 1510 dignus
3317 1455 3515 1494 essein.

1941 1537 2071 1604 Quae
2118 1545 2297 1591 autem
2345 1538 2507 1599 ratio,
2538 1551 2636 1590 cur
2667 1535 2731 1589 ad
2768 1533 3050 1590 Paschalis
3097 1532 3239 1586 diem
3283 1529 3523 1586 rediret?

1946 1632 2038 1694 Ut,
2069 1631 2267 1701 inquit,
2302 1631 2443 1685 diem
2474 1630 2621 1684 hunc
2664 1628 2982 1699 praeclarum
3022 1624 3325 1694 adjutorem
3360 1630 3521 1691 atque

1941 1710 2286 1777 auxiliarium
2323 1721 2573 1786 habeam,
2621 1720 2781 1788 cujus
2818 1734 2919 1788 ope
2963 1726 3077 1788 tum
3121 1715 3432 1769 inﬁrmitate
3469 1724 3521 1769 et

1940 1813 2359 1869 administrandi
2388 1812 2680 1868 sacerdotii
2715 1796 3029 1882 impotentia
3062 1811 3279 1868 liberer.
3314 1821 3425 1863 tum
3458 1824 3519 1864 ea

1939 1908 2233 1963 timiditate
2264 1920 2371 1976 qua
2405 1904 2718 1967 obsidebar,
2753 1904 2916 1971 hujus
2948 1900 3228 1973 dignitatis
3256 1902 3521 1971 magnitu-

1938 2001 2144 2063 dinem,
2182 2000 2371 2069 reique
2418 1997 2632 2067 poudus
2680 2003 2737 2049 et
2778 1992 3518 2066 gravitatem—extimescens.

1940 2090 2180 2146 Verebar
2207 2090 2377 2156 enim,
2412 2099 2473 2142 ut
2513 2088 2786 2149 inﬁrmus,
2831 2086 3011 2156 p0puli
3045 2084 3275 2156 regendi
3303 2084 3524 2154 provido

1938 2184 2079 2237 ciam
2132 2182 2340 2245 subire,
2389 2196 2511 2251 qua:
2556 2180 2718 2234 etiam
2770 2179 2835 2232 ad
2885 2176 3158 2231 vitandam
3203 2177 3523 2245 arrogantia:

1939 2273 2312 2343 suspicionem
2349 2271 2505 2327 dicit.
2539 2270 2621 2325 0b
2668 2270 2808 2323 hanc
2846 2267 2989 2323 enim
3032 2280 3286 2331 causam,
3326 2265 3523 2335 inquit,

1938 2368 2006 2423 ad
2054 2365 2197 2422 diem
2249 2363 2695 2421 Resurrcctionis
2726 2361 2930 2417 Christi
2984 2374 3237 2415 reversus
3274 2372 3418 2420 sum,
3468 2370 3524 2409 ιιι

1937 2460 2032 2531 qui
2065 2458 2226 2514 hodie
2260 2473 2289 2511 a
2340 2455 2572 2510 mortuis
2605 2453 2867 2515 surrexit,
2900 2466 2985 2505 me
3029 2463 3247 2520 quoque
3294 2447 3365 2501 ita
3412 2443 3526 2499 alli-

1938 2551 2067 2616 ciat,
2099 2557 2159 2603 ut
2201 2546 2562 2617 spiritualiter
2604 2543 2978 2613 juvenescam,
3020 2546 3183 2610 atque
3209 2535 3373 2591 etiam
3411 2534 3526 2603 spi-

1938 2641 2206 2697 ritualiter
2246 2638 2554 2694 ﬂorescam.
2590 2636 2686 2691 Vel
2722 2635 2886 2690 etiam
2940 2630 3146 2703 Spiritu
3199 2629 3414 2682 innovet
3450 2625 3525 2692 (id

1938 2743 2043 2796 est,
2077 2749 2144 2788 ει
2177 2730 2500 2787 meticuloso
2531 2739 2584 2784 et
2614 2725 2909 2782 inﬁrmoin
2946 2722 3138 2779 fortem
3162 2727 3217 2776 et
3247 2716 3528 2788 pranden-

1939 2837 2049 2884 tem
2099 2825 2339 2897 Spiritus
2384 2837 2549 2893 opera
2601 2825 2921 2881 commutet,
2953 2816 3028 2871 ita
3073 2821 3135 2868 ut
3181 2812 3442 2866 audacter
3474 2819 3528 2864 et

1939 2926 2257 2975 constanter
2299 2915 2428 2969 ovili
2472 2910 2738 2983 praesim).
2768 2908 3031 2979 Novoque
3059 2904 3281 2961 homine
3310 2900 3524 2963 induat,

1940 3009 1996 3064 id
2044 3015 2162 3071 est,
2214 3004 2555 3068 sacerdotio;
2601 3015 2726 3056 nam
2782 2998 2968 3053 unctio
3023 3009 3255 3066 quoque»
3299 2998 3524 3062 peccata

1939 3101 2119 3165 delet,
2181 3096 2639 3169 quemadmodum
2694 3089 2976 3146 nonnullis
3029 3084 3287 3140 Patribus
3346 3081 3523 3136 visum

1938 3202 2043 3256 est,
2085 3207 2149 3246 ac
2193 3204 2451 3259 novaaque
2496 3195 2781 3247 creaturae,
2830 3182 2884 3236 id
2920 3191 3020 3245 est,
3064 3178 3152 3233 his
3180 3175 3273 3247 qui
3305 3189 3399 3244 per
3428 3172 3523 3228 ba-

1940 3287 2194 3357 ptismum
2244 3289 2599 3343 renovantur,
2630 3278 2721 3348 qui
2755 3276 2975 3347 quidem
3011 3286 3120 3327 non
3151 3286 3223 3325 ex.
3245 3266 3525 3336 sanguini-

1939 3378 2063 3440 bus,
2104 3374 2198 3431 sed
2248 3391 2311 3430 ex
2361 3373 2472 3427 Deo
2518 3381 2822 3427 nascuntur
2851 3369 2894 3430 ",
2940 3366 3183 3420 lictorem
3229 3363 3433 3415 bonum
3471 3366 3525 3413 ct

1939 3470 2260 3540 magistrum
2310 3465 2478 3520 donet
2510 3463 2774 3535 (lictorem
2817 3459 3036 3530 quidem
3060 3496 3076 3521 ,
3124 3464 3187 3511 ut
3217 3470 3314 3526 per-
3343 3454 3525 3524 bapti-

1940 3576 2118 3617 smum
2170 3556 2574 3630 quodammodo
2610 3555 2936 3624 ﬁngentem;
2972 3548 3292 3620 magistrum
3322 3552 3523 3605 autem,

1943 3664 2000 3708 ut
2024 3652 2181 3707 tidem
2212 3652 2348 3723 ipsis
2376 3655 2754 3709 enarrantem;
2783 3644 2865 3698 vel
2896 3637 3382 3708 lictoremquidem
3410 3650 3527 3689 mo-

1943 3761 2084 3805 rum.
2122 3745 2447 3815 magistrum
2491 3749 2672 3795 autem
2701 3735 2964 3792 doctrina:
2994 3729 3366 3798 Christianae),
3400 3743 3523 3781 cum

1940 3839 2159 3894 Christo
2188 3838 2529 3895 morientem,
2562 3847 2657 3901 per
2691 3829 2980 3884 aﬂ'ectuum
3026 3824 3192 3879 animi
3228 3818 3526 3876 inortillea-

1942 3932 2187 3991 tionem,
2243 3936 2297 3982 et
2351 3931 2723 3994 resurgentem
2786 3934 2883 3989 per
2946 3914 3219 3971 redivivas
3270 3911 3525 3965 virtutes.

1942 4023 2077 4077 Nam
2127 4021 2221 4091 qui
2278 4025 2505 4089 peccato
2554 4022 2804 4069 mortuus
2852 4018 2956 4074 est,
3008 4008 3210 4061 virtute
3250 4003 3527 4057 contraria

1943 4112 2134 4184 procul
2156 4111 2325 4166 dubio
2356 4109 2506 4165 vivit.
2532 4110 2708 4176 Atque
2735 4104 2851 4158 haec
2880 4117 2909 4155 a
2932 4098 3099 4154 Paulo
3121 4103 3400 4152 mutuatus
3422 4100 3524 4148 est.

1947 4205 2038 4259 Sic
2071 4205 2215 4259 enim
2258 4201 2498 4271 quodam
2541 4202 2711 4268 Epist.
2747 4191 2812 4248 ad
2841 4191 3102 4263 Ephesios
3137 4189 3258 4243 loco
3286 4187 3477 4241 scribit
3513 4208 3522 4241 :

1948 4295 2137 4351 Edocti
2171 4294 2295 4348 estis
2323 4292 2580 4360 deponere
2608 4296 2826 4342 veterem
2856 4283 3136 4345 hominem,
3171 4280 3260 4350 qui
3291 4295 3526 4333 corrum-

262 4372 448 4440 χθητε
467 4369 796 4425 ἀποθέσθαι
812 4369 919 4423 τὸν
947 4371 1206 4426 παλαιὸν
1230 4372 1542 4441 ἄνθρωπον
1560 4376 1668 4428 τὸν
1687 4380 1840 4446 φθει-

1950 4390 2092 4458 pitur
2121 4383 2405 4441 secundum
2447 4380 2711 4437 desideria
2737 4377 2953 4433 erroris.
2984 4372 3323 4428 Renovamini
3353 4380 3527 4424 autem

248 4462 521 4532 ρόμενον
550 4462 699 4517 κατὰ
717 4462 822 4529 τὰς
862 4463 1175 4532 ἐπιθυμίας
1210 4462 1319 4532 τῆς
1355 4468 1602 4536 σαρκὸς,
1630 4469 1748 4539 ἦτοι
1767 4469 1841 4542 (6)

264 4556 366 4625 τῆς
416 4554 663 4625 ἀπάτης’
720 4556 1124 4611 ἀνανεοῦσθαι
1164 4556 1233 4610 δὲ
1272 4557 1350 4623 τῷ
1398 4561 1686 4630 πνεύματι
1735 4563 1841 4618 τοῦ

262 4647 408 4713 νοὸς
432 4645 621 4716 ὑμῶν,
636 4642 744 4702 καὶ
773 4648 1142 4705 ἐνδύσασθαι
1164 4650 1271 4705 τὸν
1295 4653 1504 4706 καινόν
1530 4654 1843 4723 ἄνθρωπον

261 4739 375 4793 τὸν
419 4739 567 4794 κατὰ
617 4741 767 4794 Θεὸν
804 4742 1142 4797 κτισθέντα.
1182 4746 1246 4798 Ὃ
1277 4744 1333 4797 δὲ
1382 4743 1549 4814 λέγει,
1600 4749 1841 4802 τοιοῦτόν

264 4835 448 4886 ἐστιν·
494 4833 788 4904 Ἐμάθετε,
838 4829 882 4887 ὧ
924 4836 1195 4905 Ἐφέσιοι,
1245 4836 1432 4906 ὥσπερ
1470 4840 1682 4909 ἱμάτιον
1710 4842 1843 4896 ἀπο-

263 4923 531 4977 δύσασθαι
569 4925 659 4978 τὸν
690 4924 918 4979 παλαιὸν
954 4924 1259 4996 ἄνθρωπον,
1306 4926 1549 4982 τουτέστι
1594 4929 1693 5002 τὴν
1746 4934 1841 5000 ἑφ-

264 5016 513 5087 άμαρτον
565 5016 751 5088 ζωὴν,
796 5016 1149 5072 ἀνανεοῦσθαι
1200 5017 1291 5082 δὲ,
1323 5018 1421 5091 τὴν
1468 5025 1843 5094 πνευματικὴν

337 5173 363 5209 "
391 5173 547 5230 Joan.
577 5191 613 5239 t,
642 5176 727 5231 l5.
803 5175 824 5207 '
858 5174 1054 5246 Ephes.
1085 5192 1159 5240 tv,
1187 5174 1251 5231 21
1272 5177 1373 5231 «24.

341 5329 419 5403 (l)
466 5330 819 5403 Μεταόαλεῖ.
849 5330 1013 5403 Forte
1042 5331 1343 5403 μεταϐάλῃ.
1384 5331 1542 5388 Eon.

339 5400 416 5470 (9.)
453 5400 770 5470 ’Ἄνθρωπον
790 5402 993 5455 omittit
1026 5391 1078 5455 li.
1295 5391 1306 5404 ’

339 5468 417 5537 (ὅ)
456 5468 562 5535 Δῷ.
595 5468 786 5532 Forte,
818 5470 893 5540 δῷ
919 5471 994 5524 δέ.
1032 5472 1186 5526 Enn.

269 5540 417 5665 ὧι(ὁέ
454 5543 566 5595 Καὶ
612 5541 1050 5615 δημιουργοῦντα
1103 5546 1227 5607 τοὺς
1279 5542 1708 5612 βαπτιζομένους
1750 5541 1845 5595 ad-

310 5625 341 5663 ιι
385 5625 437 5665 ι).

344 5682 420 5753 (5)
462 5680 529 5756 ει
564 5681 652 5736 hic
695 5690 750 5737 et
794 5684 956 5756 paulo
985 5682 1217 5756 inferius
1264 5683 1318 5756 i_n
1355 5682 1457 5756 hac
1495 5683 1744 5756 oratione
1770 5682 1842 5737 le-

275 5756 421 5825 gitur
467 5755 520 5807 in
553 5754 939 5825 uti-oque'cod.
974 5755 1230 5827 Χρήσεις.
1266 5754 1422 5827 Quod
1458 5754 1840 5823 ideomoueo,

1950 4481 2141 4550 spiritu
2170 4477 2359 4532 mentis
2386 4482 2592 4538 vestrm,
2618 4482 2668 4528 et
2690 4470 2888 4525 induite
2920 4484 3105 4522 novum
3135 4465 3413 4525 hominem,
3438 4464 3528 4532 qui

1949 4569 2235 4625 secundum
2266 4567 2433 4623 Deum
2470 4574 2676 4621 creatus
2711 4571 2787 4617 est
2820 4561 2862 4617 ⁸.
2896 4559 3052 4627 Quod
3088 4557 3311 4630 perinde
3350 4564 3432 4611 est
3463 4571 3527 4608 ac

1949 4663 1996 4718 si
2027 4662 2235 4717 diceret
2264 4679 2276 4714 :
2308 4658 2529 4722 Discite,
2560 4672 2592 4710 ο
2618 4653 2859 4726 Ephesii,
2883 4659 3119 4707 veterem
3142 4647 3439 4708 hominem,
3476 4644 3526 4697 id

1950 4760 2054 4816 est,
2093 4749 2413 4822 ﬂagitiosam
2457 4747 2626 4802 vitam
2657 4760 2764 4799 non
2810 4755 2971 4798 secus
3002 4754 3065 4793 ac
3095 4745 3299 4805 vestem
3331 4749 3527 4820 quam-

1949 4842 2070 4899 dam
2106 4856 2326 4897 exuere.
2369 4836 2727 4894 Renovamini
2772 4842 2952 4891 autem
2990 4830 3258 4901 spirituali
3305 4844 3529 4898 regene-

1948 4936 2183 4998 ratione,
2221 4948 2316 5004 per
2343 4932 2619 5003 spiritum,
2648 4932 2740 5000 qui
2776 4930 2829 4983 in
2866 4935 3049 5004 nitente
3083 4932 3264 4985 vestra
3298 4920 3524 4978 habitat.

1949 5026 2081 5093 Quae
2110 5026 2330 5098 quidem
2374 5024 2539 5080 verba
2579 5030 2943 5093 commutans.
2968 5016 3297 5095 TheOIOgus,
3337 5011 3523 5065 dixit:

1953 5331 2213 5411 nequis
2245 5330 2439 5411 ῥήσεις
2477 5328 2768 5411 conjiciat:
2787 5326 3090 5411 _Vi‘deat¢ir
3110 5326 3265 5411 Philo
3310 5340 3362 5411 p_.
3420 5323 3531 5377 7:7-

1951 5396 2093 5482 εᾴἰιζ
2122 5396 2635 5482 ϐοΙιὶιιζκοΔιὶοὶπος.
2679 5397 2833 5453 1615.
2870 5396 3200 5482 Necjlier‘i'a
3227 5403 3528 5482 funt‘qum

1954 5470 2297 5535 Phavorinus
2324 5464 2388 5533 in
2422 5462 2651 5523 Lexicon
2682 5484 2839 5522 suum
2867 5468 3053 5523 retulit
3087 5484 3101 5521 :
3140 5464 3347 5588 Χῖξισις
3372 5462 3528 5528 λέγε-

1953 5559 2062 5601 ται,
2082 5544 2115 5611 ἡ
2134 5541 2251 5620 τῶν
2263 5540 2516 5620 ἀρχαίων
2532 5539 2855 5620 ποιημάτων
2880 5537 3173 5620 μαρτυρία.
3197 5606 3207 5617 .
3248 5550 3333 5620 ag:
3364 5533 3522 5620 1874,

1954 5604 2115 5692 vers;
2259 5604 2417 5692 Coiﬁ.
2450 5604 3021 5692 suigeﬁ'Thesauru‘m
3043 5604 3169 5692 egeni.
3197 5606 3250 5659 in
3277 5604 3523 5692 ξίρ-ῇσις.

1952 5680 2111 5754 Con].
2132 5674 2295 5754 etiam
2318 5679 2837 5754 Cuperi‘Obsei-vott.
2870 5679 2904 5754 Ι-.
2937 5694 2975 5739 ι,
2999 5693 3047 5733 c.
3083 5677 3164 5746 ιϐ,
3196 5691 3251 5750 p.
3281 5674 3381 5750 ll'l
3402 5688 3523 5754 sqq.

2024 5750 2101 5825 (ϐ)
2134 5752 2247 5823 Τῆς
2280 5749 2479 5825 σαρκὸς
2511 5752 2625 5821 ἦτοι
2655 5750 2853 5807 omittit
2882 5749 2933 5804 b.
