4040 6282
547 232 649 291 951

1816 221 2111 280 NICETAS
2148 217 2274 275 SER
2284 216 2537 274 RONIUS

3694 215 3805 272 953

553 353 637 407 Me
662 366 876 423 quoque
906 351 1127 405 innovet
1159 345 1386 416 Spiritu.
1420 344 1482 399 Et
1514 358 1707 399 rursus
1734 360 1747 396 :
1781 342 1971 397 Edocti
1998 338 2132 396 estis

2242 333 2590 405 ἀναγέννησιν
2618 332 2717 405 (4),
2758 331 2856 387 διὰ
2885 331 2980 386 τοῦ
3011 334 3067 386 ὲν
3097 332 3176 403 τῷ
3197 331 3276 386 νοῒ
3306 331 3459 403 ὑμῶν
3485 331 3802 386 κατοικοῦνο

553 447 808 499 virtutem
856 440 1066 497 eximia:
1109 440 1283 493 instar
1327 435 1612 506 cujusdam
1660 436 1828 489 vestis
1876 432 2122 486 induere.

557 537 707 590 Hanc
739 535 883 590 enim
920 546 1116 586 novum
1163 530 1434 584 hominem
1457 534 1636 588 vocat,
1681 524 1774 595 qui
1824 522 2126 579 secundum

557 627 723 684 Deum
760 633 995 689 creatur,
1028 624 1130 677 hoc
1160 629 1264 685 est,
1303 631 1361 675 ut
1387 632 1599 690 gratum
1631 624 1713 672 est
1748 616 1876 670 Deo.

629 865 759 920 Heri
799 882 967 936 agnus
997 863 1348 929 mactabatur,
1401 872 1447 917 et
1474 873 1643 932 postea
1674 863 2005 933 angebantur
2030 864 2128 934 (l),

548 967 657 1015 ‘etc.
694 958 988 1028 Pestquam
1038 972 1136 1026 pro
1166 957 1348 1025 seipso
1377 970 1599 1011 causam
1628 954 1764 1009 dixit
1802 953 2130 1026 Theologus,

556 1050 841 1105 commode
874 1050 987 1119 jam
1031 1049 1099 1103 ad
1144 1048 1266 1103 festi
1307 1063 1526 1118 quoque
1560 1045 1817 1118 mysteria
1852 1047 2133 1117 progredi-

558 1152 645 1195 tur
674 1156 844 1210 eaque
880 1141 1166 1210 allegorice
1196 1148 1414 1205 tractat,
1446 1140 1628 1209 aitque
1665 1158 1677 1192 :
1707 1137 1834 1193 Heri
1879 1138 2135 1209 spiritua-

558 1234 625 1287 lis
659 1248 855 1303 agnus,
902 1232 1156 1287 Christus
1204 1232 1474 1292 videlicet.
1526 1247 1621 1301 per
1665 1230 1909 1285 divinum
1937 1246 2132 1301 panem

560 1334 829 1379 mactatus
862 1334 967 1390 est,
1003 1333 1167 1395 atque
1196 1325 1345 1378 uncti
1380 1333 1507 1378 sunt
1538 1332 1721 1394 postes
1754 1325 1950 1391 nostri,
1993 1326 2135 1380 actio

561 1417 818 1470 nimirum
849 1426 901 1471 et
931 1417 1334 1487 contemplatio,
1374 1432 1436 1470 ac
1471 1416 1628 1486 primi
1664 1417 1830 1470 animi
1872 1427 2051 1471 motus
2082 1425 2136 1471 et

561 1523 781 1569 sensus.
822 1510 914 1579 qui
949 1508 1165 1579 quidem
1208 1509 1393 1562 divino
1432 1508 1699 1577 sanguine
1725 1508 1950 1563 delibuti
1987 1517 2137 1562 sunt.

2227 445 2317 490 τος
2359 426 2683 497 πνεύματος.
2725 426 2901 496 Ὅπερ
2933 423 3246 494 μεταϐαλὼν
3276 419 3426 477 εἶπεν
3453 424 3481 474 6
3517 422 3798 489 Θεολόγος⁶

2194 578 2197 579 ν
2228 519 2387 589 Κάμὲ
2428 518 2787 590 καινοποιήσῃ
2816 515 2892 587 τῷ
2927 514 3223 587 Πνεύματι.
3256 517 3365 568 Καὶ
3402 510 3576 577 αὖθις*
3604 514 3807 568 Ἐδιδά-

2228 608 2391 680 χθητε
2422 609 2763 675 ἐνδύσασθαι,
2811 608 2886 672 ὡς
2910 608 3169 679 λαμπράν
3202 608 3422 679 ἐσθῆτα,
3453 607 3551 679 τὴν
3578 608 3803 677 ἀρετήν.

2229 699 2443 769 Ταύτην
2483 700 2591 771 γάρ
2622 700 2877 770 ὀνομάζει
2909 700 3093 753 καινὸν
3141 698 3447 770 ἄνθρωπον,
3484 696 3811 768 κτιζόμενον

2230 789 2371 844 κατά
2396 790 2547 854 Θεὸν,
2577 790 2850 843 τουτέστιν
2879 788 2954 852 ὡς
2984 787 3283 859 ἀρέσκοντα
3314 786 3389 857 (5)

2299 881 2417 936 Col.
2454 882 2555 936 ’597
2591 883 2632 934 Α
2665 882 2717 936 5.
2774 879 2992 946 Χθές...
3050 879 3485 948 ἐτειχίσθημεν.
3533 876 3670 946 Περὶ
3696 875 3813 928 τῶν

2231 975 2352 1028 καθ’
2389 974 2578 1028 ἑαυτὸν
2611 971 3090 1044 ἀπολογησάμενος
3132 974 3160 1024 6
3196 970 3482 1037 Θεολόγος,
3519 969 3688 1038 χωρεῖ
3712 966 3814 1018 νῦν

2234 1070 2325 1121 καὶ
2362 1068 2453 1119 ἐπὶ
2495 1069 2563 1121 τὰ
2597 1066 2737 1120 κατὰ
2767 1064 2865 1136 τὴν
2904 1064 3116 1136 ἑορτήν,
3159 1062 3193 1116 ἀ
3230 1062 3324 1114 καί
3362 1061 3686 1130 ἀλληγορεῖ,
3713 1059 3808 1111 καί

2233 1179 2419 1234 φησιν,
2451 1162 2531 1215 ὅτι
2560 1160 2701 1223 Χθὲς
2728 1160 2757 1211 6
2784 1158 3000 1226 λογικὸς
3033 1155 3223 1225 ἀμνὸς,
3252 1158 3280 1208 6
3313 1152 3565 1224 Χριστὸς,
3600 1151 3689 1204 διὰ
3713 1148 3809 1202 τοῦ

2234 1252 2376 1305 θείου
2414 1253 2577 1322 ἄρτου
2624 1249 3002 1319 ἐσφαγιάσθη,
3046 1248 3140 1300 καὶ
3184 1245 3513 1316 ἐχρίσθησαν
3556 1242 3714 1312 ἡμῶν
3752 1242 3811 1293 αἱ

2234 1345 2408 1414 φλιαὶ,
2442 1346 2475 1414 ή
2506 1343 2702 1414 πρᾶξις
2735 1342 2828 1395 καὶ
2856 1342 2888 1412 ἡ
2921 1339 3122 1410 θεωρία
3148 1340 3242 1392 καὶ
3266 1338 3320 1390 αἱ
3360 1335 3573 1407 πρῶται
3596 1333 3694 1386 τοῦ
3717 1333 3811 1386 νοῦ

2234 1437 2476 1506 κινήσεις
2521 1437 2615 1488 καὶ
2660 1433 2938 1504 αἰσθήσεις
2977 1429 3307 1502 ὲχρίσθησαν
3334 1428 3408 1496 (ϐ)
3433 1426 3521 1479 διὰ
3551 1424 3643 1478 τοῦ
3669 1425 3815 1477 θείου

2236 1528 2484 1598 αἳματος.
2524 1526 2633 1580 Καὶ
2760 1525 2855 1596 μὲν
2905 1524 3210 1591 Αἴγυπτος,
3258 1522 3295 1591 ή
3346 1518 3618 1572 διώκουσα
3665 1518 3817 1586 ἡμεῖς

559 1599 735 1675 Atque
783 1599 1049 1672 [Egyptus
1081 1602 1335 1672 quidem,
1382 1600 1434 1655 id
1485 1608 1601 1666 est,
1654 1609 1938 1670 peccatum
1996 1601 2136 1671 quod

2242 1618 2502 1691 ἁμαρτία,
2546 1618 2843 1690 ἐθρήνησεν
2874 1613 3220 1683 ἀπολλύμενα
3257 1611 3325 1664 τά
3372 1609 3570 1677 ἑαυτῆς
3598 1607 3814 1678 xyw-.6.

560 1709 661 1749 nos
692 1696 1132 1765 persequebatur,
1163 1696 1522 1766 primogenita
1553 1709 1650 1749 sua
1678 1695 1961 1765 pereuntia
1989 1695 2134 1749 luctu

2242 1728 2391 1775 τοκα,
2425 1710 2666 1763 τουτέστι
2697 1710 2789 1761 καὶ
2812 1708 2980 1770 αὐτὰς
3018 1706 3115 1768 τάς
3140 1702 3360 1776 πρώτας
3400 1700 3690 1761 ὑποθέσεις
3724 1699 3816 1750 καὶ

559 1796 849 1857 prosecuta
881 1796 985 1853 est,
1021 1788 1074 1841 id
1108 1796 1211 1851 est,
1256 1789 1401 1860 ipsas
1433 1788 1597 1842 etiam
1630 1789 1836 1858 primas
1876 1788 2134 1843 materias

560 1887 613 1934 et
643 1880 979 1934 occasiones.
1007 1879 1139 1934 Nam
1169 1896 1291 1935 cum
1323 1883 1406 1935 lex
1438 1891 1592 1936 vetus
1621 1890 1967 1951 peccatorum
2002 1882 2135 1936 lines

562 1972 773 2042 puniat,
807 1987 908 2027 nos
939 1974 1202 2043 principia
1242 1988 1458 2044 quoque
1502 1974 1767 2043 ipsorum,
1803 1979 1863 2026 nt
1896 1988 2019 2043 qua:
2046 1988 2134 2027 ac-

561 2064 802 2121 tionibus
833 2080 1054 2120 causam
1085 2067 1382 2136 praebcant,
1413 2066 1677 2122 radicitus
1718 2067 1951 2123 evellere
1976 2075 2139 2137 atque

560 2164 864 2231 exstirpare
907 2159 1183 2229 jubcmur.
1245 2158 1336 2213 Vel
1388 2160 1549 2213 etiam
1603 2174 1698 2229 per
1746 2160 2135 2229 primogenita,

563 2252 886 2324 perfectiora
938 2259 993 2305 ct
1039 2251 1288 2320 graviora
1333 2258 1554 2319 peccata
1606 2251 1834 2321 intelligi
1885 2261 2136 2321 possunt,

562 2347 643 2403 vel
671 2345 995 2415 simpliciter
1026 2343 1204 2413 priora
1236 2343 1433 2397 delicta
1470 2362 1483 2397 :
1519 2359 1640 2413 quae
1669 2344 1886 2413 quidem
1916 2343 2139 2399 Christo

563 2454 660 2508 pro
683 2438 840 2492 nobis
868 2436 1149 2490 immolato
1179 2443 1305 2487 sunt
1339 2437 1627 2490 exstincta.
1656 2434 1767 2490 Nos
1792 2448 1969 2490 autem
2002 2452 2139 2505 prte-

563 2529 711 2584 teriit
764 2527 1155 2582 exterminator
1228 2526 1476 2582 diabolus
1535 2526 1626 2596 qui
1689 2527 1895 2596 primos
1965 2527 2139 2582 bonos

565 2619 761 2674 animae
802 2626 1004 2672 nostra
1036 2627 1247 2687 partus,
1288 2617 1431 2671 velut
1477 2616 1838 2688 primogenita
1869 2618 2136 2687 quaedam,

565 2711 881 2781 opprimere
908 2710 1208 2764 contendit.
1246 2709 1308 2762 Et
1340 2710 1704 2779 signaculum,
1735 2710 1881 2780 quod
1915 2711 2140 2780 pretiosi

564 2804 851 2876 sanguinis
880 2803 1201 2875 profusione
1217 2811 1454 2866 constat,
1473 2803 1702 2858 diemoni
1720 2803 1943 2874 quidem
1960 2812 2141 2859 exter-

566 2897 817 2961 minanti,
855 2905 1075 2967 propter
1115 2897 1223 2953 vim
1272 2912 1426 2953 suam
1458 2906 1511 2951 et
1537 2896 1836 2966 potentiam
1882 2895 2143 2951 formida-

565 2990 676 3047 bile
704 2998 818 3053 est;
867 2991 1177 3046 venerabile
1226 3000 1407 3045 autem
1456 2998 1678 3061 propter
1724 2989 2045 3060 dignitatem
2089 2998 2143 3045 et

565 3083 967 3146 excellentiam,
994 3091 1178 3153 utpote
1205 3083 1432 3153 regium.
1457 3083 1535 3137 Ac
1563 3097 1720 3137 sacro
1746 3084 2011 3153 sanguine
2036 3098 2142 3137 non

567 3176 744 3233 solum
797 3175 945 3230 uncti
997 3182 1051 3229 et
1102 3175 1299 3244 signati
1359 3190 1571 3238 sumus.
1629 3175 1721 3232 sed
1769 3178 1931 3231 etiam
1989 3178 2147 3247 quasi

568 3281 726 3320 muro
755 3266 991 3336 quodam
1044 3265 1285 3337 undique
1329 3267 1487 3337 septi.
1524 3264 1735 3321 Etenim
1771 3267 1853 3322 vis
1889 3266 2036 3322 illius
2081 3269 2147 3323 ad

567 3373 782 3413 omnem
818 3366 1060 3413 nostram
1099 3358 1392 3414 essentiam
1427 3369 1689 3428 permeat,
1733 3358 1804 3412 ita
1841 3369 1899 3414 ut
1942 3371 2148 3414 utram—

568 3466 676 3519 que
724 3449 959 3505 hominis
1014 3457 1222 3520 partem
1268 3449 1432 3504 simul
1485 3450 1925 3506 circummuniat..
1978 3450 2150 3507 Porro

570 3541 685 3596 inec
711 3541 778 3595 de
806 3556 945 3612 agno
985 3541 1211 3596 historia
1242 3541 1553 3594 continetur
1588 3542 1640 3595 in
1675 3542 1915 3597 secundo
1950 3542 2150 3615 Moysis

570 3636 711 3689 iibro
754 3633 924 3689 Exod.
960 3651 1056 3698 xu,
1097 3649 1257 3703 quam
1303 3632 1475 3687 fusius
1523 3634 1576 3687 in
1619 3633 1853 3688 secunda
1888 3644 2030 3689 orat.
2076 3635 2152 3691 De

573 3722 835 3777 Prisc/rate
875 3724 1225 3792 persequitur
1253 3720 1562 3791 Theologus
1593 3723 1691 3792 (2).

647 3814 818 3867 Hodie
860 3813 1145 3882 Egyptum
1192 3813 1407 3867 omnino
1447 3812 1698 3881 fugimus,
1745 3824 1851 3868 etc.
1889 3817 1987 3887 (3).
2043 3816 2150 3874 He-

574 3915 759 3960 sterno
793 3903 901 3964 die.
944 3904 1135 3973 inquit,
1176 3904 1265 3957 illa
1318 3905 1687 3974 contigerunt,
1732 3923 1851 3976 quae
1892 3909 2149 3965 diximus.

575 3995 746 4051 Hodie
794 4003 996 4055 autem,
1050 3995 1100 4048 id
1139 4003 1223 4049 est
1259 3994 1540 4049 Dominico
1578 3995 1700 4061 die,
1752 4013 1862 4066 quo
1904 3998 2154 4056 Christus

575 4090 801 4153 revixit,
855 4103 919 4142 ac
979 4088 1272 4143 transitum
1325 4086 1393 4143 ab
1442 4090 1663 4145 interitu
1710 4091 1776 4145 ad
1833 4095 2155 4149 immortali-

574 4191 774 4245 tatem,
830 4188 884 4234 et
934 4195 962 4233 a
1014 4181 1178 4236 rebus
1226 4181 1440 4251 injuria:
1499 4183 1751 4239 obnoxiis
1804 4184 1870 4237 ad
1926 4200 1990 4240 ea
2037 4201 2157 4257 quae

576 4275 647 4330 ab
687 4273 836 4329 omni
881 4274 1080 4343 injuria
1122 4284 1236 4329 tuta
1271 4284 1420 4339 sunt,
1463 4276 1623 4332 nobis
1656 4276 1957 4339 innovavit,
1990 4277 2156 4350 IEgy-

2237 1807 2516 1879 ἀφορμάς.
2550 1805 2654 1857 Τοῦ
2680 1805 2788 1875 γάρ
2814 1802 3039 1855 παλαιοῦ
3071 1800 3234 1870 νόμου
3259 1799 3328 1852 τά
3347 1797 3474 1866 τέλη
3496 1796 3603 1849 τῶν
3630 1796 3810 1865 ἀμαρ-

2236 1900 2495 1970 τημάτων
2533 1895 2882 1961 κολάζοντος,
2930 1895 3087 1965 ἡμεῖς
3121 1892 3213 1944 καὶ
3252 1890 3350 1953 τὰς
3394 1889 3567 1960 ἀρχὰς
3612 1886 3812 1945 αὐτῶν,

2237 1991 2311 2054 ὡς
2340 1990 2517 2052 αἰτίας
2549 1988 2655 2040 τῶν
2678 1987 2947 2058 πράξεων,
2977 1983 3185 2056 ῥιζόθεν
3213 1983 3458 2053 ἀνασπᾷν
3490 1979 3817 2047 ἐκελεύσθη-

2242 2101 2361 2154 μεν.
2405 2082 2473 2134 Ἣ
2511 2082 2605 2134 καὶ
2643 2080 2983 2151 πρωτότοκα,
3017 2078 3083 2131 τά
3128 2075 3430 2145 τελεώτερα
3480 2071 3682 2143 μᾶλλον
3707 2072 3816 2123 τῶν

2240 2173 2654 2245 ἁμαρτημάτων
2697 2171 2791 2224 καὶ
2825 2170 3065 2240 μείζονα.
3099 2170 3168 2220 Ἢ
3219 2166 3424 2230 ἁπλῶς,
3465 2165 3534 2219 τά
3576 2164 3816 2235 πρότερα

2240 2263 2717 2334 πλημμελήματα,
2775 2261 2918 2331 ἆπερ
2971 2257 3277 2311 ἀπώλλοντο
3318 2258 3391 2327 (7)
3436 2254 3672 2327 Χριστοῦ
3723 2270 3817 2305 τυ-

2239 2354 2421 2417 θέντος
2457 2354 2596 2425 ὑπὲρ
2617 2353 2795 2424 ἡμῶν.
2850 2351 3029 2420 Ἦμᾶς
3058 2349 3114 2401 δὲ
3154 2347 3432 2418 παρῆλθεν
3462 2346 3490 2397 6
3518 2344 3816 2415 ὀλοθρεύων

2236 2446 2511 2513 διάϐολος,
2545 2447 2604 2509 ὃς
2633 2446 2876 2515 ἀναιρεῖν
2910 2443 3205 2511 ἐπείγεται,
3236 2439 3424 2508 ὥσπερ
3453 2438 3576 2491 τινὰ
3605 2436 3818 2508 πρωτό-

2239 2553 2397 2599 τοκα,
2421 2538 2545 2599 τοὺς
2574 2532 2821 2606 πρώτους
2845 2530 3082 2599 ἀγαθοὺς
3104 2529 3294 2592 τόκους
3316 2529 3414 2599 τῆς
3436 2526 3617 2598 ψυχῆς
3639 2524 3820 2597 ήμῶν.

2241 2630 2351 2684 Καὶ
2385 2631 2418 2700 ή
2456 2627 2709 2699 σφραγὶς,
2751 2628 2787 2695 ἡ
2835 2624 2922 2677 διὰ
2964 2624 3061 2694 τῆς
3099 2623 3332 2694 χρίσεως
3371 2619 3467 2673 τοῦ
3513 2619 3694 2688 τιμίου
3740 2618 3821 2671 αἶ-

2246 2739 2432 2794 ματος,
2479 2718 2807 2790 φοϐεράμὲν
2835 2716 2949 2768 ἔστι
2983 2713 3059 2785 τῷ
3087 2712 3425 2784 ὀλοθρεύοντι
3446 2710 3658 2781 δαίμονι
3679 2752 3695 2775 ,
3734 2708 3821 2761 διὰ

2240 2815 2339 2885 τὴν
2383 2813 2611 2883 δύναμιν
2654 2809 2853 2879 αὐτῆς·
2891 2806 3169 2877 αἰδέσιμος
3216 2805 3304 2865 δὲ,
3346 2804 3434 2858 διὰ
3463 2802 3524 2875 τὸ
3564 2802 3817 2871 ἀξίωμα·

2246 2906 2496 2979 βασιλική
2539 2906 2612 2976 (3)
2673 2903 2801 2975 γάρ.
2864 2903 2973 2956 Καὶ
3016 2900 3093 2971 τῷ
3142 2897 3272 2970 ἱερῷ
3312 2898 3505 2968 αἵματι
3547 2896 3609 2949 οὐ
3661 2895 3823 2964 μόνον

2196 3035 2213 3090 Ζ
2246 2996 2575 3070 ἐχρίσθημεν
2608 2996 2703 3047 καὶ
2744 2991 3213 3063 ὲσφραγίσθημεν,
3253 2986 3389 3041 ἀλλὰ
3433 2987 3525 3041 καὶ
3557 2986 3690 3039 ὡσεὶ
3720 2989 3822 3038 τεῖ-

2246 3109 2336 3163 χος
2367 3091 2498 3146 αὐτὸ
2535 3087 2797 3142 κυκλόθεν
2845 3087 2920 3155 (9)
2969 3082 3427 3155 περιϐαλλόμεθα.
3474 3081 3659 3151 Διήκει
3715 3080 3823 3149 γάρ

2248 3183 2414 3237 αὐτοῦ
2448 3183 2558 3254 (l0)
2604 3182 2739 3250 πρὸς
2775 3181 2955 3232 πᾶσαν
2985 3176 3084 3247 τὴν
3115 3176 3303 3229 οὐσίαν
3337 3173 3495 3245 ήμῶν
3523 3175 3555 3244 ή
3589 3172 3700 3242 (Η)
3744 3172 3824 3224 δύ-

2248 3294 2430 3348 ναμις,
2460 3275 2599 3328 ὥστε
2632 3270 3016 3342 συναμφότερα
3045 3266 3431 3337 περιτειχίζειν
3461 3266 3554 3319 καὶ
3573 3264 3635 3317 τὸ
3666 3264 3823 3333 σῶμα

2250 3371 2344 3423 καὶ
2386 3369 2484 3439 τὴν
2526 3367 2722 3437 ψυχήν.
2768 3364 2960 3415 Κεῖται
2996 3361 3053 3415 δὲ
3096 3361 3243 3414 πᾶσα
3281 3362 3314 3429 ἡ
3360 3359 3488 3430 περὶ
3525 3356 3617 3411 τοῦ
3651 3355 3825 3426 ἀμνοῦ

2254 3461 2462 3534 ἱστορία
2502 3463 2557 3513 ἐν
2579 3459 2657 3530 τῷ
2685 3456 2926 3527 δευτέρῳ
2959 3452 3235 3523 Μωσαῖκῷ
3266 3450 3474 3522 βιϐλίῳ,
3496 3451 3633 3521 ὅπερ
3667 3449 3823 3513 Ἐξο-

2250 3557 2338 3620 δος
2369 3553 2789 3624 ἐπιγέγραπται,
2822 3547 2951 3618 περὶ
2976 3541 3043 3618 ἧς
3096 3545 3337 3617 ἱστορίας
3385 3542 3720 3613 πλατύτερον
3769 3542 3827 3592 ὲν

2251 3649 2329 3720 τῷ
2365 3646 2603 3716 δευτέρῳ
2628 3642 2770 3711 λόγῳ
2802 3640 2894 3693 τοῦ
2922 3640 3112 3709 Πάσχα
3136 3640 3164 3691 6
3196 3636 3458 3706 Θεολόγος
3480 3635 3757 3701 διέξεισιν.

2325 3826 2458 3882 Ibid.
2506 3821 2558 3879 8.
2616 3824 2886 3891 Σήμερον
2924 3860 2935 3871 .
2989 3857 3004 3870 .
3053 3856 3067 3871 .
3109 3814 3476 3885 φυράματος.
3522 3812 3664 3876 Χθὲς
3707 3814 3825 3885 μὲν,

2254 3919 2438 3991 φησίν,
2473 3919 2654 3970 ἐκεῖνα
2686 3913 2921 3982 ἐγένετο,
2954 3910 3098 3979 άπερ
3128 3908 3449 3978 εἰρήκαμεν.
3478 3907 3725 3976 Σήμερον
3753 3904 3824 3965 δὲ,

2255 4008 2397 4062 κατά
2434 4007 2533 4078 τὴν
2566 4003 2854 4076 Κυριακὴν
2894 4000 3129 4071 ἡμέραν,
3156 3998 3273 4051 καθ’
3310 3998 3375 4068 ἥν
3400 3999 3428 4050 6
3459 3996 3692 4068 Χριστὸς
3735 3996 3829 4047 ἀν-

2256 4101 2410 4166 εϐίω,
2443 4098 2539 4153 καὶ
2576 4094 2915 4150 ἀνεκαίνισεν
2949 4093 3061 4161 (ίὲ)
3095 4092 3226 4162 ἡμῖν
3248 4088 3345 4159 τήν
3376 4088 3482 4141 ἀπὸ
3507 4087 3711 4158 φθορᾶς
3752 4088 3831 4147 εἱς

2255 4190 2563 4263 ἀφθαρσίαν
2584 4187 2851 4251 διάϐασιν,
2879 4186 2973 4239 καὶ
3002 4184 3097 4255 τὴν
3120 4182 3225 4237 ἀπὸ
3243 4180 3353 4235 τῶν
3375 4180 3829 4252 ὲπηρεαζομένων

2257 4284 2394 4355 πρὸς
2418 4281 2486 4334 τά
2514 4279 2921 4350 ἀνεπηρέαστα,
2947 4272 3203 4346 καθαρῶς
3230 4270 3503 4341 ἐφύγομεν
3530 4270 3825 4338 Αἰγυπτονυ

575 4378 725 4439 ptum
760 4368 987 4422 omnino
1006 4366 1264 4437 fugimus,
1286 4383 1392 4421 non
1426 4367 1587 4421 modo
1616 4368 1822 4436 peccati
1855 4370 2144 4437 periculum

2256 4379 2316 4432 οὐ
2370 4376 2527 4447 μόνον
2568 4372 2658 4426 τὸν
2708 4370 2952 4425 κίνδυνον
3008 4368 3112 4437 τῆς
3143 4364 3416 4437 ἁμαρτίας
3461 4363 3826 4424 ἐκκλίναντες,

575 4460 835 4524 aversati,
871 4460 966 4515 sed
1016 4462 1185 4528 ipsam
1228 4459 1391 4513 etiam
1443 4458 1511 4513 ad
1559 4467 1840 4528 peccatum
1874 4458 2153 4514 habitudi-

580 4569 702 4608 nem
748 4569 813 4610 ει
866 4554 1051 4607 animo
1098 4560 1152 4607 et
1204 4552 1415 4606 sincere
1467 4551 1742 4607 detestati.
1796 4550 1907 4605 Hac
1973 4560 2152 4608 autem

577 4655 757 4700 mente
783 4644 1021 4715 praeditis
1053 4643 1431 4696 amarulentus
1461 4641 1713 4695 dominus
1742 4641 2014 4698 videbitur
2042 4646 2154 4717 spis

650 4803 727 4870 (1)
761 4800 1091 4856 PSELLUS.
1115 4799 1182 4853 Et
1199 4809 1371 4869 postes
1404 4798 1750 4868 angebantur.
1774 4801 1930 4855 Actio
1947 4805 2156 4858 scilicet

578 4880 633 4927 et
648 4872 1201 4943 contemplatio,qut2
1219 4871 1416 4943 mentis
1441 4872 1961 4943 suntapparitrices.
1983 4878 2157 4943 Atque

579 4956 699 5012 eam
726 4940 795 4995 ob
816 4938 1036 4994 causam
1062 4938 1476 5012 luxitzﬁgyptus
1489 4938 1873 5012 primVOgenita.
1891 4938 2157 5012 Primige-

584 5011 668 5064 nis
700 5013 841 5083 enirn
877 5010 1297 5083 cogitationibus
1323 5009 1458 5066 meis
1486 5009 1593 5066 Deo
1629 5009 1943 5083 immolatis,
1976 5021 2034 5066 nt
2064 5009 2157 5083 per

581 5095 677 5135 eas
710 5080 892 5134 nullus
921 5081 1235 5134 adversario
1269 5088 1450 5148 pateat
1486 5082 1684 5144 aditus,
1716 5082 2029 5136 universum
2062 5080 2154 5137 ne-

580 5150 1234 5292 Elgitiﬁ'tleltptirversitatis
1263 5151 1620 5223 caliginosum
1649 5166 1840 5221 agmen
1870 5152 2154 5222 ingemuit.

657 5238 692 5273 π
770 5237 784 5271 ι
834 5235 902 5273 ιο.

657 5238 692 5273 .17
722 5235 902 5273 UHHO.

656 5291 731 5359 (2)
760 5289 908 5343 Orat.
945 5307 1066 5351 XLV,
1100 5292 1229 5346 olim
1263 5307 1392 5345 XLII.

653 5357 728 5430 (ὅ)
764 5359 1113 5430 PSELLUS:
1152 5361 1320 5416 llodie
1355 5364 1583 5430 fugimus
1612 5357 1897 5430 Egyptum
1944 5370 1991 5417 et
2032 5362 2161 5417 Plia-

584 5428 816 5501 ramiem.
867 5428 999 5485 Nam
1050 5448 1175 5486 cum
1228 5428 1429 5485 crassa
1464 5428 1709 5501 corporis
1745 5433 1950 5495 moles,
2003 5437 2158 5501 quasi

585 5500 794 5554 Pharao
826 5503 1118 5570 quispiam,
1153 5502 1516 5571 principatum
1559 5500 1751 5553 animat
1782 5500 2159 5571 accepit,’pra-

586 5586 773 5638 vm-que
806 5568 1169 5640 cogitationes
1198 5568 1347 5641 velut
1382 5568 1603 5641 quidam
1652 5584 1879 5638 operum
1917 5568 2153 5641 praefecti

586 5649 800 5709 urgent,
834 5638 1216 5705 hominemque
1246 5638 1557 5710 interiorem
1590 5650 1791 5710 cogunt
1825 5638 2153 5699 munitiones

587 5707 1005 5781 haudquaquam
1050 5711 1263 5763 divinas
1308 5707 1597 5775 aedificare,
1630 5707 1721 5779 per
1751 5726 1885 5781 quas
1919 5728 2071 5767 meus
2098 5715 2150 5766 in

2260 4468 2397 4524 ἀλλὰ
2421 4466 2517 4520 καὶ
2541 4464 2711 4535 αὐτὴν
2735 4463 2834 4533 τὴν
2866 4461 3001 4531 πρὸς
3029 4458 3127 4529 τὴν
3160 4456 3435 4527 ἁμαρτίαν
3456 4454 3692 4509 διάθεσιν
3724 4453 3829 4505 ἀπὺ

2261 4558 2489 4630 καρδίας
2522 4552 2778 4624 καθαρῶς
2809 4554 3158 4622 μισήσαντες.
3193 4546 3349 4601 Οὕτω
3380 4547 3436 4599 δὲ
3468 4544 3827 4614 διακειμένοις

2262 4654 2415 4722 ἡμῖν,
2465 4647 2657 4720 πικρὸς
2712 4646 2957 4713 φανεῖται
2993 4641 3262 4711 δεσπότης
3311 4642 3341 4694 6
3388 4638 3578 4709 νοητὸς
3626 4633 3825 4707 Φαραὼ

2261 4806 2457 4861 εαιὶιιηι
2487 4801 2755 4860 evehitur,
2791 4798 3103 4867 hujusmodi
3139 4796 3538 4867 exstructiones
3565 4809 3686 4867 qua:
3710 4807 3826 4867 _r_mr-

2263 4877 2387 4929 uita:
2417 4873 2690 4933 videntur,
2724 4871 2839 4921 luto
2862 4862 2991 4923 sunt
3018 4867 3341 4936 persimiles.
3367 4864 3537 4936 coctis
3572 4862 3823 4916 lateribus

2261 4944 2540 5004 confectae,
2565 4942 2654 5011 qui
2678 4938 2894 5011 quidem
2918 4933 3061 4990 omni
3090 4951 3154 5011 ex
3180 4943 3333 5011 parte
3354 4933 3644 5011 perimunt,
3669 4943 3821 4998 atque

2263 5015 2490 5069 infirmis
2518 5004 2938 5082 cogitationibus
2973 5006 3127 5076 quasi
3159 5005 3325 5075 paleis
3356 5004 3665 5074 perexiguis
3690 5016 3824 5054 coni-

2262 5085 2468 5156 positze.
2490 5080 2852 5156 (Εέ-Βίιιὶοθ)

2334 5155 2410 5221 (4)
2457 5142 2772 5204 ’Λνανέιοσιν
2803 5142 2927 5221 loco
2950 5145 3302 5221 avayévvqaw
3323 5142 3386 5221 .b.

2336 5213 2411 5291 (5)
2456 5224 2541 5285 Ὠς
2571 5220 2792 5291 ἀρέσκει
2820 5216 2938 5288 Θεῷ
2969 5218 3021 5279 b,
3046 5213 3188 5285 quod
3220 5213 3413 5284 probo.

2338 5296 2413 5358 (t5)
2447 5294 2513 5344 Δέ
2543 5291 2838 5358 interponit
2864 5292 2916 5343 ἱ).

2338 5366 2414 5434 (7)
2462 5360 2776 5434 Ἀπῴλοντο
2796 5359 2847 5413 b.

2339 5420 2413 5503 (8)
2445 5431 2731 5503 Βασιλικ-όν
2849 5426 3110 5496 Βασιλική
3142 5422 3373 5477 refertur
3404 5423 3470 5477 ad
3505 5420 3746 5491 σφραγίς.

2341 5500 2417 5569 (9)
2457 5500 2749 5569 Κύκλωθεν
2781 5500 2833 5552 h.

2334 5567 2444 5643 (l0)
2476 5570 2647 5643 Αὐτοῦ
2674 5568 2829 5643 abest
2863 5567 2916 5623 b.

2331 5639 2440 5713 (ll)
2474 5642 2536 5713 Ἥ
2562 5639 2726 5713 αὑτοῦ
2760 5640 2811 5692 b.

2330 5704 2441 5786 (12)
2468 5710 2827 5764 Ἐνεκαίνισεν
2856 5709 2906 5774 b,
2936 5707 3078 5778 quod
3109 5704 3296 5777 probo.
