4040 6282
268 234 385 291 955

1493 246 1585 301 AD
1624 246 1682 302 S.
1725 247 2052 304 GREGORII
2085 247 2294 305 ORAT.
2324 249 2365 307 1.

3422 255 3525 310 955

268 351 524 417 διάὗολος
544 370 557 382 ·
592 352 778 424 βαρεῖς
802 354 859 409 δὲ
888 357 1194 420 ἐπιστάται,
1220 359 1268 411 οἱ
1297 360 1682 429 συνεργοῦντες
1706 361 1856 433 αῦτῷ

1974 361 2173 417 ‘itualis
2201 362 2410 418 Pharao
2436 361 2709 428 diabolus,
2734 378 2926 434 graves
2949 364 3076 421 item
3105 332 3163 421 et
3182 366 3362 424 acerbi
3388 387 3530 441 pra:-

270 445 565 516 δαίμονες”
603 448 695 501 καὶ
744 449 776 519 ἡ
813 450 1075 520 ἁμαρτία,
1107 451 1276 521 πηλὸς
1311 453 1406 505 καὶ
1436 452 1714 506 πλινθείασ
1750 471 1856 523 πη-

272 534 377 599 λὸς
407 537 505 608 μὲν
530 537 819 609 λεγομένη.
863 541 989 593 ὅταν
1036 541 1171 611 πρὸς
1196 542 1293 605 τὰς
1324 541 1515 614 ἡδονὰς
1557 542 1749 611 φαῦλοι.
1780 543 1856 613 (1)

270 623 470 701 ὦμενο
507 630 754 684 πλινθεία
788 632 865 697 δὲ,
903 633 1029 686 ὅταν
1063 633 1244 698 ποσῶς
1274 634 1712 704 συστελλώμεθα.
1746 635 1858 706 Τη-

270 723 516 778 νικαῦτα
542 724 599 777 δὲ
630 727 723 779 καὶ
748 726 1071 798 ἑορτάσιμος
1098 729 1232 798 ἡμῖν
1261 728 1412 781 ἔσται
1436 731 1467 799 ή
1490 732 1554 782 ἐκ
1571 728 1668 798 τῆς
1680 729 1861 800 ἀμαρ-

273 816 410 879 ’τίας
461 816 596 886 πρὸς
625 816 721 888 τὴν
748 818 1093 889 δικαιοσύνην
1135 819 1404 883 διάὅασις,
1437 820 1531 873 καὶ
1559 819 1762 892 ᾄσομεν
1793 820 1863 873 τὰ

273 911 462 977 ἐξὸδια
489 913 581 965 καὶ
607 912 957 983 διαϐατήρια,
980 913 1162 966 οὐκέτι
1186 913 1522 984 κωλυόμενοι
1557 915 1857 982 ἑορτάζειν·

272 1002 474 1073 ὥσπερ
499 1003 617 1055 οὐδὲ
648 1005 707 1057 ,οί
751 1003 1080 1074 Ἰσραηλῖται
1121 1003 1263 1073 μετά
1290 1004 1388 1073 τὴν
1436 1006 1534 1073 τῆς
1592 1004 1861 1075 Ἐρυθρᾶς

275 1094 570 1148 διάὁασιν’
625 1094 743 1147 οὑδέ
785 1093 1059 1163 χρώμενοι
1104 1096 1170 1165 τῇ
1223 1094 1493 1165 σεσηπυίᾳ
1533 1096 1628 1148 καὶ
1673 1095 1861 1161 όξῲδει

278 1187 435 1259 ζύμῃ
467 1190 563 1257 τῆς
609 1186 905 1257 ἁμαρτίας,
949 1186 1060 1239 ἀλλ’
1099 1185 1174 1250 ὡς
1218 1189 1273 1239 ἐν
1305 1186 1444 1240 ἐπτά
1484 1187 1739 1258 ἡμέραις,
1784 1187 1861 1259 τῷ

279 1279 562 1349 ἐπταδικῷ
585 1280 759 1349 τούτῳ
789 1279 907 1348 βίῳ,
932 1278 1030 1349 τὴν
1052 1278 1257 1346 ἄζυμον
1279 1280 1372 1332 καὶ
1396 1279 1640 1350 καθαρὰν
1662 1279 1860 1350 ἀρετὴν

280 1370 384 1422 καὶ
415 1368 689 1436 θεολογίαν
727 1368 1022 1437 μετιόντες.
1060 1366 1390 1437 Είλικρίνεια
1421 1366 1529 1436 γάρ
1569 1366 1711 1426 ἐστι,
1745 1363 1860 1434 βίου

280 1462 597 1531 καθαρότης
621 1479 633 1491 ·
668 1460 892 1529 ἀλήθεια
923 1460 978 1513 δὲ
998 1501 1012 1523 ,
1039 1460 1325 1530 δογμάτων
1357 1457 1605 1529 ὀρθότης.
1649 1458 1739 1510 Ἐν
1771 1474 1863 1510 κε-

280 1555 503 1625 φαλαίῳ
541 1552 634 1607 οῦν
666 1553 754 1607 διὰ
786 1552 886 1623 τῆς
934 1550 1281 1623 είλικρινείας
1313 1551 1407 1603 καὶ
1440 1548 1720 1619 ἀληθείας,
1763 1549 1861 1619 τὴν

280 1647 603 1720 πρακτικὴν
662 1648 757 1700 καὶ
813 1644 1129 1716 θεολογικὴν
1186 1643 1504 1714 φιλοσοφίαν
1563 1643 1858 1712 ἐσήμανεν.

1960 451 2121 517 fecti,
2170 454 2273 508 hoc
2318 463 2436 521 est,
2486 454 2759 510 daemones
2806 455 2978 524 ipsius
3011 456 3323 527 adjutores,
3366 477 3530 532 grave

1958 544 2120 598 etiam
2140 544 2310 598 lutum
2325 554 2377 600 et
2395 546 2688 600 lateritium
2704 562 2863 617 opus,
2880 547 2930 601 id
2948 556 3031 603 est
3052 558 3355 619 peccatum,
3383 552 3531 622 quod

1959 637 2177 706 quidem
2208 637 2381 692 lutum
2412 638 2636 703 dicitur,
2683 654 2809 693 eum
2849 639 3222 709 voluptatibus
3264 641 3535 712 ﬂagitiose

1960 728 2337 799 indulgemus;
2372 732 2664 785 lateritiutn
2701 739 2880 786 autem
2923 747 3080 801 opus,
3117 747 3240 786 cum
3283 735 3529 804 aliquam

1961 820 2133 873 tulum
2174 835 2272 873 nos
2302 822 2448 889 ipsos
2470 820 2795 889 colligimus.
2832 820 2967 876 Tum
3002 837 3131 876 vero
3161 823 3318 879 nobis
3346 831 3535 880 trans-

1962 910 2069 964 itus
2091 910 2175 964 ille
2203 926 2230 963 a
2263 920 2485 979 peccato
2515 912 2580 966 ad
2611 912 2878 982 justitiam
2910 928 3035 967 cum
3068 916 3411 971 solemnitate
3436 930 3535 971 ee—

1962 999 2258 1055 lebrandtts
2282 1002 2406 1064 erit,
2432 1012 2593 1070 atque
2623 1003 2853 1072 hymnos
2877 1003 3174 1072 egressioni
3202 1011 3255 1057 et
3280 1006 3536 1059 transilui

1961 1099 2325 1160 congruentes
2355 1094 2721 1160 cantabimus,
2751 1109 2857 1147 non
2886 1094 2997 1163 jam
3033 1109 3063 1163 a
3101 1110 3374 1165 quoquam
3410 1112 3537 1166 pro-

1963 1181 2117 1238 hibiti
2148 1184 2442 1254 quominus
2472 1185 2667 1240 festum
2694 1186 3052 1252 celebremus,
3078 1188 3537 1257 quemadmodum

1963 1291 2063 1330 nec
2092 1275 2346 1331 Israelita:
2378 1285 2498 1348 post
2527 1280 2694 1334 maris
2722 1278 2890 1333 Rubri
2924 1280 3235 1344 transitum,
3266 1295 3364 1336 nec
3392 1283 3535 1351 putri

1964 1373 2261 1444 fmtidoque
2304 1377 2506 1443 peccati
2552 1374 2818 1429 fermento
2853 1384 3090 1440 utentes,
3130 1392 3317 1432 verum
3361 1377 3414 1429 in
3447 1392 3537 1431 se-

1964 1466 2210 1534 ptenaria
2242 1458 2344 1519 hac
2370 1466 2496 1528 vita,
2529 1466 2685 1534 quasi
2713 1466 2765 1520 in
2803 1475 3009 1535 septem
3043 1466 3390 1537 paschalibus
3419 1465 3538 1520 die-

1963 1556 2066 1611 hus
2094 1555 2342 1610 fermenti
2371 1565 2645 1625 expettem
2678 1571 2979 1626 puramque
3020 1557 3276 1611 virtutem
3298 1571 3363 1609 ac
3388 1556 3541 1610 theo-

1966 1647 2161 1716 logiam
2191 1656 2590 1701 consectantes.
2638 1646 2937 1702 Sinceritas
2967 1652 3132 1713 enim,
3170 1655 3255 1703 est
3288 1647 3410 1701 vitae
3441 1662 3542 1716 pu-

280 1742 500 1812 Ὠσπερ
532 1741 589 1793 δὲ
617 1742 665 1794 oi
705 1738 1033 1810 Ἰσραηλῖται
1070 1739 1133 1791 ἐκ
1162 1737 1262 1807 τῆς
1292 1735 1567 1804 Αἰγύπτου
1603 1733 1856 1798 ἐξιόντες,

1974 1737 2131 1804 ritas;
2182 1738 2380 1793 veritas
2429 1748 2609 1791 autem
2656 1739 2921 1794 doctrinae.
2976 1739 3208 1807 ﬁdeique
3257 1739 3541 1807 integritas

279 1835 438 1890 οὐδὲν
470 1833 803 1904 ἐπεφέροντο
835 1830 1133 1898 Αίγύπτιον
1166 1830 1354 1898 κρᾶμα
1392 1827 1488 1881 καὶ
1518 1825 1769 1897 φύραμα,
1815 1826 1862 1878 εί

283 1928 366 1999 μὴ
392 1927 550 1998 μόνον
572 1927 794 1997 ἄλευρα·
813 1922 956 1978 οὕτω
976 1922 1081 1994 χρὴ
1102 1924 1196 1975 καὶ
1218 1923 1362 1991 ἡμᾶς
1387 1921 1449 1972 ἐκ
1470 1920 1569 1988 τῆς
1593 1917 1864 1987 ἁμαρτίας

281 2016 729 2091 ἀναχωροῦντας.
763 2016 837 2087 μὴ
861 2015 1149 2084 φυλάττειν
1178 2031 1231 2065 τι
1254 2016 1350 2083 τῆς
1373 2011 1645 2083 προτέρας
1667 2010 1865 2073 κακίας

281 2114 557 2184 λείψανον.
590 2110 725 2165 ἀλλά
753 2111 850 2181 τὴν
884 2110 1085 2180 ἀρετὴν
1112 2107 1319 2178 ἄζυμον
1354 2106 1519 2175 ἐχειν,
1566 2104 1640 2175 μὴ
1687 2122 1864 2173 φυρα-

282 2205 475 2258 θεῖσαν
497 2202 529 2271 ἦ
557 2200 979 2273 ἀνακραθεῖσαν,
1004 2192 1093 2251 οἶά
1118 2214 1223 2249 τινι
1250 2195 1419 2265 ζύμῃ,
1448 2197 1513 2266 τῇ
1538 2192 1743 2262 παλαιᾷ
1771 2190 1865 2244 καὶ

284 2296 464 2367 πικρᾷ
512 2294 657 2358 ἕξει,
717 2293 783 2363 ἣν
837 2289 1193 2360 ἐσιτούμεθα,
1247 2289 1335 2341 ὅτε
1386 2287 1442 2339 ἐν
1494 2284 1752 2354 Αἰγύπτῳ
1797 2285 1863 2354 τῇ

285 2388 535 2460 ἁμαρτίᾳ
569 2387 851 2457 διήγομεν.
888 2384 952 2437 Τί
1003 2382 1059 2434 δὲ
1106 2381 1166 2433 τὸ
1205 2376 1576 2447 Αἱγυπτιακὺν
1612 2375 1863 2447 φύραμα,

283 2483 452 2546 αὐτὸς
485 2484 512 2535 6
540 2480 800 2548 Θεολόγος
835 2474 1148 2548 ἐρμηνεῦει,
1182 2474 1263 2526 ὃτι
1303 2471 1376 2525 Τὸ
1404 2470 1562 2523 ἄθεον
1598 2467 1795 2537 δόγμα,
1832 2465 1865 2536 ἢ

283 2573 349 2628 τὸ
379 2572 653 2628 σκοτεινὸν
687 2572 780 2624 καὶ
815 2572 1057 2640 ῥυπαρὸν
1088 2567 1270 2637 ἔργον.

1960 1836 2014 1881 et
2048 1827 2334 1882 rectitudo.
2382 1826 2440 1881 in
2483 1844 2693 1883 summa
2739 1830 2921 1899 itaque
2955 1845 3049 1899 per
3082 1829 3453 1884 sinceritatem
3488 1837 3543 1884 et

1964 1920 2241 1973 veritatem
2276 1922 2506 1974 activam
2548 1930 2600 1975 ct
2642 1922 3003 1993 theologicam
3038 1924 3357 1991 sapientiam
3393 1923 3540 1977 desi-

1961 2015 2168 2083 gnavit.
2212 2012 2383 2069 Porro
2415 2016 2869 2084 quemadmodum
2908 2015 3165 2071 Israelita;
3201 2031 3264 2069 ex
3310 2013 3544 2085 IEgypto

1962 2107 2287 2162 excedentes
2335 2107 2540 2160 nullam
2588 2123 2773 2161 secum
2808 2106 3187 2179 [Egyptiacam
3232 2106 3542 2162 mistionem

1963 2213 2026 2253 ac
2052 2198 2496 2267 conspersionem
2522 2209 2718 2269 praeter
2742 2198 2974 2254 farinam
3000 2201 3169 2256 solam
3195 2198 3541 2254 deferebant:

1964 2290 2044 2344 sic
2078 2289 2237 2345 nobis
2277 2291 2462 2356 etiam,
2504 2306 2627 2344 cum
2662 2306 2692 2344 a
2729 2297 2953 2361 peccato
2997 2290 3324 2355 recedimus,
3367 2288 3547 2358 provi-

1964 2380 2198 2435 dendum
2250 2388 2373 2444 est,
2424 2397 2492 2434 ne
2538 2397 2674 2450 quas
2727 2381 2970 2450 pristinae
3022 2381 3238 2434 malitire
3288 2379 3547 2448 reliquias

1965 2486 2265 2536 servemus,
2296 2487 2483 2526 verum
2514 2480 2571 2525 ut
2608 2470 3043 2527 infermentatam
3069 2472 3320 2525 virtutem
3348 2470 3548 2523 habea-

1966 2576 2087 2615 mns
2135 2575 2241 2615 non
2299 2575 2652 2631 conspersam
2705 2576 2769 2614 ac
2826 2565 3142 2631 permistam
3193 2576 3317 2615 cum
3378 2557 3548 2629 veteri

286 2674 455 2737 atque
514 2677 698 2717 amara
759 2658 926 2714 animi
981 2654 1335 2716 habitudine,
1391 2649 1549 2721 quasi
1606 2646 1878 2704 fermento
1918 2648 2179 2718 quodam,
2205 2664 2316 2720 quo
2344 2652 2723 2715 vescebamur,
2750 2669 2873 2707 cum
2899 2652 2953 2706 itt
2979 2661 3224 2722 peccato,
3290 2662 3548 2723 tanquam

284 2759 347 2816 in
375 2756 635 2829 Egypto,
664 2763 1149 2808 commoraremur.
1183 2742 1323 2812 Quid
1388 2750 1567 2797 autem
1637 2738 2121 2811 sitA‘Igyptiacum
2174 2740 2525 2809 fermentum,
2579 2740 2891 2815 Theologus
2957 2746 3076 2813 ipse
3140 2744 3549 2814 interpretatur,

288 2853 460 2925 impia
512 2864 704 2918 nempe
750 2847 1027 2908 doctrina,
1073 2851 1167 2897 aut
1221 2839 1507 2895 tent‘brosa
1558 2844 1612 2891 et
1650 2834 1870 2891 sordida
1909 2834 2079 2889 actio.

363 2946 485 3001 Col.
527 2944 632 2999 397
667 2943 707 2994 Β
759 2942 814 2993 5.
866 2937 1016 3003 Χθὲς
1063 2931 1671 2999 συνεσταυρούμην...
1712 2942 1863 2981 συν-

286 3041 605 3108 εγεφομαι.
639 3034 713 3087 Τὸ
744 3033 870 3103 χθὲς
902 3030 1125 3084 δύναται
1164 3026 1259 3080 καὶ
1295 3024 1414 3078 ὅλον
1446 3021 1535 3075 τὸν
1561 3021 1750 3092 καιρὸν
1769 3020 1868 3089 τῆς

2045 2924 2178 2981 Heri
2209 2943 2326 2981 cum
2363 2926 2574 2981 Christo
2609 2926 2660 2979 in
2696 2942 2901 2979 crucem
2930 2926 3143 2997 agebar,
3179 2934 3288 2981 etc.
3320 2926 3423 2981 Per
3451 2927 3554 2987 hoc

1974 3019 2327 3084 adverbium,
2370 3021 2517 3083 lteri,
2571 3027 2749 3088 potest
2799 3026 2853 3073 et
2906 3026 3079 3072 totum
3118 3018 3557 3091 Qttadragesima:

289 3105 751 3199 Tssoapaxoatﬁ;
797 3121 1150 3176 αἰνίττεσθαι.
1181 3116 1322 3178 Χθές
1360 3108 1484 3175 οῦν,
1517 3111 1681 3182 φησὶν
1701 3150 1714 3172 ,
1745 3126 1869 3162 συν-

1974 3114 2187 3177 temptts
2221 3107 2536 3177 significari.
2570 3105 2696 3161 Heri
2727 3106 2910 3178 igitur,
2955 3106 3150 3176 inquit,
3184 3123 3307 3162 cum
3337 3109 3558 3164 Christo

290 3220 681 3294 εσταυροῦμην
724 3214 946 3288 Χριστῷ
969 3254 984 3276 ,
1024 3211 1133 3264 τῶν
1170 3208 1372 3281 γηΐνων
1412 3204 1745 3276 ὑψοῦμενος,
1778 3202 1873 3253 καὶ

289 3319 393 3389 τῆς
427 3316 548 3370 κατ’
591 3311 872 3383 ἐνέργειαν
905 3305 1181 3378 ἁμαρτίας
1212 3296 1708 3389 ἀπεχόμενος,κα“ι
1753 3310 1876 3389 συν-

291 3383 635 3479 ενεκρούμην
653 3403 746 3457 καὶ
771 3397 1183 3466 συνεθαπτόμην
1204 3391 1297 3446 καὶ
1319 3390 1451 3461 πρὸς
1478 3388 1615 3442 αὐτὰ
1637 3386 1710 3479 τάᾉ
1730 3383 1873 3479 παθη

292 3503 393 3556 καὶ
428 3474 540 3570 τὴν
568 3474 711 3551 κατά
746 3492 872 3546 νοῦν
902 3488 1176 3560 ἁμαρτίαν
1210 3484 1383 3555 μένων
1410 3480 1604 3551 νεκρὸς
1632 3477 1725 3529 καὶ
1757 3474 1877 3528 ἀκί-

289 3568 493 3665 νητος.
528 3591 775 3660 Σήμερον
827 3580 1156 3655 ἐνεργοῦμαι
1202 3575 1263 3630 τὸ
1294 3570 1610 3638 δοξάζεσθαι
1745 3568 1879 3632 Cmo-

296 3662 596 3747 ποιεῖσθαι,
625 3681 686 3735 τὸ
714 3674 1118 3747 ἐξανίστασθαι.
1153 3669 1309 3725 Κατὰ
1345 3666 1615 3721 ἀντίθεσιν
1651 3662 1707 3716 δέ
1744 3677 1877 3731 σχη-

299 3780 520 3855 ματίζει
561 3776 653 3829 τὸν
697 3772 853 3841 λόγον
887 3772 914 3824 6
958 3765 1239 3834 Θεολόγος.
1287 3761 1616 3855 Ἀντίκᾲειται
1655 3760 1764 3855 γὰρ
1812 3755 1877 3855 τῇ

300 3847 402 3945 μὲν
428 3868 614 3938 ἀδοξίᾳ
642 3864 736 3920 τοῦ
768 3860 1028 3935 σταυροῦ,
1073 3861 1107 3929 ἡ
1140 3854 1288 3921 δόξα,
1337 3856 1403 3925 τῇ
1437 3852 1493 3905 δέ
1527 3847 1813 3945 νεκρώσει,
1843 3848 1876 3917 ὴ

299 3939 439 4037 ξωὴ,
469 3965 537 4033 τῇ
567 3960 625 4012 δὲ
656 3960 825 4028 ταφῇ,
862 3957 896 4026 ἡ
921 3954 1239 4013 ἀνάστασις.
1270 3947 1378 4001 Καὶ
1397 3947 1497 4037 ὅρα
1522 3939 1878 4037 ἀκολουθίανῖ

298 4030 536 4129 Πρωτον
555 4052 665 4124 γὰρ
694 4049 1022 4120 σταύρωσις,
1056 4045 1190 4114 ὅπερ
1230 4040 1346 4094 ἐστὶ
1375 4036 1611 4097 κώλυσις
1639 4032 1736 4102 τῆς
1759 4030 1879 4083 κατ’

299 4154 584 4224 ἐνέργειαν
613 4145 922 4221 ἁμαρτίαςο
963 4140 1215 4212 δεύτερον
1247 4135 1547 4206 νέκρωσις,
1578 4131 1747 4224 ᾖγουν
1792 4141 1883 4224 σμ-

302 4217 473 4317 στολη
496 4244 596 4313 τῆς
614 4217 760 4295 κατά
788 4237 913 4292 νοῦν
944 4233 1154 4306 φαύλης
1181 4229 1480 4298 κινήσεως*
1504 4221 1690 4317 τρίτον
1715 4217 1881 4317 ταφῇ,

300 4309 583 4393 ’τουτέστιν
630 4332 915 4403 ἀναίρεσις
963 4326 1059 4380 καὶ
1085 4323 1255 4393 αὐτῆς
1303 4320 1401 4389 τῆς
1443 4313 1579 4385 πρὸς
1617 4311 1685 4365 τὰ
1736 4309 1883 4379 πάθη

302 4429 623 4503 ἐνεργείαςο
672 4425 967 4495 τέταρτον,
1008 4418 1325 4478 ἀνάστασις.
1382 4412 1553 4503 Ὅταν
1590 4403 1722 4503 γὰρ.
1753 4404 1886 4501 ἀπο-

1975 3202 2028 3255 ἱη
2080 3216 2300 3255 crucem
2358 3199 2682 3272 sttﬂigehar,
2732 3216 2762 3254 a
2815 3200 3050 3255 terrenis
3102 3200 3266 3255 rebus
3321 3208 3556 3255 mentem

1976 3292 2316 3357 subvehens,
2367 3299 2531 3360 atque
2582 3291 2651 3345 ab
2707 3297 2831 3344 actu
2882 3291 3089 3361 peccati
3141 3291 3454 3354 abstinens,
3505 3298 3560 3344 et

1975 3385 2376 3439 commoriebar
2421 3395 2475 3439 et
2537 3382 2979 3453 consepeliebar,
3046 3382 3307 3437 nimirum
3379 3381 3560 3452 quoad

1978 3476 2127 3545 ipsos
2174 3478 2337 3549 etiam
2385 3474 2612 3529 aﬂ'ectus
2651 3483 2705 3529 et
2736 3474 2943 3544 peccati
2980 3473 3366 3544 cogitationem
3414 3489 3560 3528 mor-

1981 3580 2108 3626 tuus
2132 3579 2294 3641 atque
2322 3571 2618 3627 immobilis
2649 3586 2896 3628 manens.
2928 3570 3099 3626 Hodie
3130 3570 3220 3625 Dei
3247 3572 3562 3641 operatione

1978 3663 2275 3734 gloriﬁcor,
2326 3664 2574 3717 vivilicor
2623 3671 2677 3717 et
2727 3678 2976 3733 resurgo.
3025 3661 3328 3718 Antithesis
3384 3672 3562 3717 autem

1981 3755 2150 3825 figura
2210 3755 2381 3809 utitur
2431 3755 2758 3825 Theologns.
2809 3755 3006 3809 Crtteis
3058 3757 3204 3809 enim
3256 3753 3567 3825 ignominia:

1980 3847 2275 3916 opponitur
2338 3847 2538 3918 gloria,
2600 3846 3005 3902 mortificationi
3066 3847 3210 3910 vita,
3274 3848 3566 3916 sepultura:

1982 3940 2332 3993 resurrectio.
2367 3942 2444 3993 Ac
2487 3937 2633 4003 vide,
2666 3953 2829 4008 quam
2873 3946 3001 4009 apto
3029 3938 3219 3992 ordine
3258 3936 3372 3991 hwc
3404 3937 3568 3991 verba

1982 4026 2249 4096 disposita
2284 4027 2414 4082 sint.
2447 4026 2714 4082 Praecedit
2746 4028 2889 4082 enim
2940 4028 3244 4092 crucifixio,
3284 4026 3337 4081 id
3367 4033 3472 4090 est,
3503 4042 3567 4080 ea

1983 4118 2087 4180 vis,
2111 4133 2215 4188 qua
2251 4133 2350 4173 nos
2386 4119 2533 4188 ipsos
2568 4120 2869 4183 frenatnus,
2905 4136 2974 4175 ne
3006 4128 3291 4189 peccatum
3322 4120 3377 4173 itt
3413 4124 3569 4173 actus

1984 4218 2160 4265 exeat.
2219 4207 2478 4278 Sequitur
2542 4209 2914 4272 mortificatio,
2956 4210 3060 4264 hoc
3102 4216 3207 4276 est,
3249 4210 3570 4265 vitiosorum

1986 4299 2153 4354 animi
2192 4308 2436 4354 motuum
2486 4301 2844 4370 compressio.
2894 4300 3031 4355 l'luic
3078 4300 3321 4371 proxima
3366 4308 3450 4355 est
3482 4314 3573 4355 se-

1990 4393 2227 4462 pultura,
2263 4390 2316 4445 id
2350 4400 2454 4454 est,
2493 4392 2667 4462 ipsius
2717 4408 2933 4462 quoque
2980 4392 3127 4447 circa
3169 4392 3336 4446 animi
3380 4392 3573 4445 turbu-

304 4482 687 4593 σκλωμεθαποῦ
725 4482 846 4570 κατ’
874 4482 1157 4583 ἐνέργειαν
1184 4502 1538 4577 ἁμαρτάνειν,
1565 4493 1682 4593 εἶτα
1707 4491 1872 4593 ἐντεῦ

1990 4483 2164 4537 lentos
2196 4492 2375 4535 motus
2406 4482 2637 4537 actionis
2667 4483 2981 4539 exstinctio.
3015 4483 3354 4538 Postremum
3392 4483 3571 4536 locum

2090 4582 2125 4593 γ.
2600 4572 2727 4593 ..-μ
2984 4574 3039 4593 ,ι
3413 4590 3458 4593 __

303 4586 400 4670 θεν
429 4586 799 4684 προκόψωμεν
820 4608 900 4669 είς
930 4603 991 4657 τὸ
1023 4600 1159 4673 μηδέ
1185 4596 1327 4652 κατά
1355 4594 1478 4648 νοῦν
1505 4586 1885 4684 πολεμεῖσθαι,

303 4707 447 4763 ἀλλά
476 4680 673 4758 ⁷πᾶσαν
709 4702 925 4770 κίνησιν
970 4690 1350 4766 ἀμαρτητικὴν
1395 4684 1559 4739 οἱονεὶ
1603 4680 1885 4751 θάψωμεν,

301 4801 430 4858 τότε
454 4801 484 4853 6
521 4799 677 4866 λόγος
711 4795 870 4865 μόνος
901 4793 958 4844 ἐν
984 4791 1140 4859 ἡμῖν,
1171 4785 1360 4853 ὥσπερ
1399 4782 1464 4834 ἐκ
1502 4775 1713 4849 νεκρῶν
1758 4778 1887 4846 ἐγη-

303 4892 597 4967 γερμένος,
630 4886 1021 4957 ἀναφαίνεται..

379 5144 521 5201 ibid.
555 5140 608 5197 6.
660 5137 835 5193 Ἀλλὰ
868 5179 883 5193 .
920 5177 931 5189 .
975 5175 988 5189 .
1024 5132 1405 5186 οἰκειότατον.
1466 5120 1747 5177 Ἐντεῦθεν
1793 5119 1885 5171 ἐπὶ

308 5242 373 5297 τδ
406 5240 507 5311 τῆς
536 5232 849 5306 συμϐουλῆς
883 5225 1021 5291 εἶδος
1064 5225 1234 5296 χωρεῖ
1268 5224 1297 5275 6
1338 5219 1510 5317 μέγας
1542 5213 1756 5317 Πατηρ,
1794 5208 1887 5317 καὶ

313 5302 687 5405 προτρέπεται
727 5319 949 5395 Χριστῷ
976 5315 1365 5389 καρποφορεῖν.
1388 5309 1614 5405 ᾹΔίκαιον
1644 5302 1784 5405 γὰρ,Δ
1804 5302 1887 5405 ὅτι

313 5396 413 5481 καὶ
437 5396 599 5485 αὐτὸς
625 5419 769 5489 ὑπὲρ
796 5414 953 5488 ἡμῶν
980 5410 1202 5470 ἔπαθεν,
1229 5407 1319 5461 ἴνα
1348 5403 1445 5476 τὴν
1468 5399 1737 5456 ἀπάθειαν
1760 5396 1895 5466 ἡμῖν

315 5515 649 5587 προξενήσῃ,
687 5509 782 5563 κα)⁸
816 5508 954 5577 ὑπὲρ
980 5502 1135 5576 ἡμῶν
1162 5500 1382 5570 ἀνέστη,
1418 5492 1639 5587 ἀπαρχὴ
1668 5490 1896 5587 γενόμε-

315 5582 408 5674 νος
434 5582 803 5666 ἀναστάσεως,
831 5601 918 5654 ἵνα
948 5597 1172 5668 βεϐαίαν
1197 5593 1409 5665 ἔχωμεν
1439 5588 1539 5660 τὴν
1576 5584 1765 5640 ἐλπίδα
1796 5582 1894 5652 τῆς

318 5698 692 5759 ἀναστάσεως.
724 5693 837 5763 Τῆς
866 5692 973 5762 γὰρ
1002 5687 1244 5759 κεφαλῆς
1270 5682 1604 5752 ἀναστάσης,
1636 5679 1720 5732 δεῖ
1758 5676 1895 5730 πάν.

1986 4582 2130 4631 tenet
2186 4576 2536 4628 resurrectio.
2598 4572 2733 4628 Nam
2790 4590 2914 4629 cum
2979 4574 3047 4629 ab
3096 4574 3355 4644 Operibus
3413 4573 3573 4628 malis

1985 4664 2434 4728 abstinuerimus,
2474 4678 2538 4717 ac
2570 4663 2769 4720 deinde
2799 4680 2863 4719 eo
2895 4663 3169 4734 progressi
3205 4663 3489 4726 fuerimus,
3514 4670 3574 4716 ιιι

1984 4772 2054 4813 ne
2111 4757 2165 4811 in
2228 4757 2413 4810 animo
2467 4756 2687 4826 quidem
2750 4772 3164 4830 oppttgnemur,
3223 4757 3317 4811 sed
3383 4773 3573 4813 omnes

1984 4848 2216 4904 vitiosos
2281 4859 2460 4903 motus
2510 4849 2911 4916 exciderimus,
2965 4856 3019 4904 et
3077 4848 3225 4902 velut
3291 4848 3572 4917 sepultura

1988 4939 2367 5003 affecerimus,
2422 4947 2535 4995 tum
2587 4941 2804 4996 demum
2854 4943 2968 4997 sola
3027 4940 3081 4997 in
3135 4939 3293 4995 nobis
3342 4941 3490 4994 velut
3544 4954 3575 4994 a

1991 5042 2168 5086 morte
2201 5034 2436 5087 excitata
2468 5035 2609 5087 ratio
2637 5034 2837 5088 elucet.

2062 5122 2281 5179 Sed.....
2319 5126 2549 5179 maxime
2593 5126 2884 5193 propriam,
2924 5135 3027 5180 etc.
3079 5124 3302 5181 Transit
3341 5124 3453 5195 jam
3508 5124 3575 5180 ad

1992 5217 2326 5273 deliberativi
2354 5218 2569 5288 generis
2600 5217 2835 5287 speciem
2875 5216 3204 5289 Theologtts,
3237 5224 3400 5287 atque
3447 5215 3576 5270 hor-

1995 5316 2163 5372 tatur,
2211 5317 2271 5363 ut
2317 5308 2535 5363 Christo
2580 5323 2805 5363 munera
2854 5309 3193 5365 offeramus:
3232 5324 3445 5379 aequum
3493 5316 3577 5363 est

1992 5401 2163 5464 enim,
2200 5400 2455 5470 quoniam
2508 5399 2624 5469 ipse
2666 5415 2885 5471 quoque
2933 5411 3123 5456 nostra
3173 5414 3336 5455 causa
3380 5414 3578 5470 passus

1991 5500 2106 5558 est;
2135 5500 2195 5545 ttt
2227 5489 2389 5546 nobis
2434 5489 2754 5560 passionum
2790 5492 3190 5547 immunitatem
3224 5491 3577 5557 conciliaret;

1995 5596 2058 5636 ac
2106 5597 2205 5652 pro
2249 5581 2409 5637 nobis
2457 5583 2780 5649 resurrexit,
2826 5584 3082 5655 primitiae
3112 5582 3362 5638 videlicet
3391 5598 3577 5639 resur-

1996 5674 2257 5731 rectionis
2317 5672 2529 5740 factus,
2585 5683 2641 5731 ut
2692 5675 2901 5731 ﬁrmant
2954 5675 3373 5733 resurrectionis
3423 5690 3579 5748 spem

396 5821 485 5901 tl)~
533 5818 734 5876 Χαῦνσι
774 5818 831 5888 b,
872 5818 1018 5891 quod
1063 5816 1237 5889 magis
1276 5811 1541 5891 convenit
1589 5806 1667 5882 τῷ
1722 5803 2132 5862 συστέλλεσθαι.
