4040 6282
522 268 628 328 955

1813 272 2107 332 NiCETAS
2148 270 2542 329 SERRONIUS

3670 262 3767 320 956

524 391 725 448 animis
765 391 985 448 intlxam
1025 391 1343 447 habeamus.
1368 390 1503 446 Nam
1545 406 1670 447 cum
1715 402 1877 461 caput
1920 405 2099 447 resur-

2203 426 2310 473 τως
2337 408 2429 462 καὶ
2455 407 2600 461 ἅπαν
2631 404 2691 458 τὸ
2726 403 2884 473 σῶμα
2913 402 3231 471 ἀναστῆναι.
3266 400 3381 453 Καὶ
3407 398 3767 469 καρποφορεῖν

522 486 746 550 rexerit,
778 484 1091 539 universum
1122 486 1285 538 etiam
1317 499 1516 555 corpus
1555 500 1841 556 resurgere
1876 499 2099 541 necesse

521 590 627 635 est.
659 578 834 649 Atque
861 576 1057 632 oﬂ‘erre
1080 576 1257 647 jubet,
1304 593 1412 632 non
1465 593 1658 632 aurum
1704 590 1757 634 et
1791 587 2096 650 argentum,

520 685 874 743 gemmasque
901 672 1189 739 pretiosas,
1226 686 1392 741 parva
1420 673 1565 727 enim
1612 679 1939 742 terrenaque
1986 672 2101 726 haec

522 774 670 829 sunt,
700 763 956 817 nimirum
992 779 1113 834 quae
1145 779 1174 817 a
1202 773 1346 818 terra
1378 765 1649 827 oriantur,
1683 772 1846 835 atque
1876 766 1929 818 in
1958 775 2099 819 terra

520 840 859 924 remaneant,
919 873 1020 912 nec
1072 858 1326 914 dominos
1391 873 1521 915 suos
1578 859 1935 923 comitentur,
1980 874 2101 928 qua:

518 952 682 1005 etiam
732 950 895 1004 homo
942 952 1399 1007 sceleratissimus
1427 952 1585 1007 facile
1630 954 1922 1022 paraverit,
1958 961 2011 1007 et
2045 954 2098 1007 in

519 1059 641 1114 qua:
673 1043 867 1113 majori
896 1045 1063 1098 animi
1096 1046 1278 1101 studio
1305 1056 1359 1102 et
1391 1049 1744 1102 contentione
1774 1048 2100 1107 incumbunt

520 1136 773 1207 improbi,
805 1143 969 1206 atque.
998 1137 1057 1198 ii.
1088 1152 1226 1206 quos
1262 1139 1449 1193 mundi
1490 1142 1744 1211 princeps
1787 1141 1839 1195 in
1868 1142 2101 1195 servitu-

522 1238 625 1282 tem
661 1226 883 1298 redegit.
922 1226 1013 1282 Sic
1048 1238 1227 1285 autem
1257 1239 1484 1285 vocatur
1515 1231 1790 1294 diabolus,
1820 1248 1926 1287 non
1953 1230 2098 1301 quod

518 1319 709 1372 mundi
730 1326 783 1374 et
801 1335 984 1375 rerum
1004 1331 1339 1376 terrenarum
1357 1324 1643 1394 imperium
1666 1334 1841 1379 teneat
1858 1325 2014 1395 (absit
2034 1326 2096 1394 !),

518 1412 612 1467 sed
646 1412 790 1482 quod
823 1430 938 1480 eos,
983 1416 1077 1486 qui
1116 1417 1362 1486 improbe
1400 1428 1453 1473 et
1494 1419 1758 1474 scelerate
1792 1420 2003 1484 vivunt,
2043 1420 2097 1475 in

518 1514 786 1575 potestate
830 1508 1048 1565 habeat.
1093 1510 1385 1566 Peccatum
1420 1520 1599 1568 autem
1637 1514 1910 1584 plerisque
1951 1514 2101 1568 Scri-

517 1608 692 1669 ptura:
731 1602 867 1657 locis
913 1605 1098 1658 mundi
1136 1606 1354 1661 nomine
1400 1607 1724 1678 appellatur,
1751 1607 1907 1677 juxta
1943 1608 2096 1673 illud,

516 1694 679 1790 quod
697 1695 983 1790 discipulis
1012 1698 1266 1754 Christus
1306 1700 1523 1754 dicebat
1555 1721 1566 1755 :
1612 1700 1713 1754 Vos
1743 1718 1842 1754 non
1883 1703 2007 1755 estis
2038 1701 2101 1755 de
2133 1734 2177 1790 Β

515 1785 734 1851 mundo,
759 1787 891 1841 sicut
938 1805 1027 1859 ego
1070 1807 1173 1843 non
1201 1808 1318 1844 sum
1363 1791 1426 1846 de
1456 1793 1651 1845 mundo
1680 1792 1719 1857 ’,
1754 1793 1804 1846 id
1848 1801 1951 1856 est,
1990 1808 2097 1845 non

514 1879 650 1934 estis
679 1894 743 1934 ex
785 1896 973 1935 eorum
1010 1899 1260 1945 numero,
1296 1886 1387 1954 qui
1422 1886 1567 1939 vitiis
1597 1884 1927 1956 ﬂagitiisque
1954 1885 2101 1940 dele-

515 1981 752 2033 ctantur,
796 1973 1253 2043 quemadmodum
1290 1993 1387 2032 nec
1424 1993 1545 2048 ego.
1594 1978 1891 2032 Terrenum
1937 1977 2103 2048 igitur

516 2078 718 2119 munus
760 2064 1071 2135 Theologus
1117 2069 1317 2138 rejicit,
1352 2080 1409 2124 ut
1447 2070 1592 2141 quod
1627 2072 1729 2126 soli
1773 2071 1972 2125 divites
2018 2070 2101 2124 of-

513 2154 657 2211 ferre
686 2165 910 2227 queant.
952 2159 1099 2214 Nihil
1135 2170 1316 2216 autent
1348 2178 1604 2235 magnum
1651 2173 1813 2234 atque
1846 2163 2102 2217 hunoriti-

511 2267 638 2306 cum
670 2264 751 2308 est
785 2255 925 2324 apud
973 2254 1164 2321 Deum,
1196 2256 1337 2325 quod
1371 2272 1477 2310 non
1518 2272 1724 2331 pauper
1753 2244 1970 2328 quoque
2005 2258 2102 2312 do-

511 2362 643 2402 nare
663 2346 856 2417 possit.
885 2346 1099 2402 lnducit
1121 2354 1300 2403 autem
1331 2350 1560 2403 alterum
1586 2349 1881 2405 oblationis
1905 2365 2098 2420 genus,

511 2438 657 2508 quod
712 2438 969 2493 omnibus
1004 2453 1296 2495 commune
1347 2449 1467 2506 est,
1524 2440 1786 2497 divitibus
1835 2441 1989 2511 juxta
2039 2455 2103 2495 ac

514 2529 875 2599 p-mperibus,
920 2530 1112 2585 dicens
1163 2548 1179 2584 :
1225 2529 1598 2601 Nosmetipsos
1637 2531 1958 2599 oﬂ'eramus,
2009 2534 2103 2603 qui

512 2621 731 2691 quidem
776 2620 885 2675 Deo
931 2622 1211 2692 possessio
1260 2638 1452 2678 sumus
1500 2623 1661 2694 longe
1704 2624 2102 2693 pretiosissima

515 2711 863 2783 maximeque
907 2716 1125 2783 propria
1164 2734 1178 2770 :
1225 2718 1620 2786 pretiosissima
1670 2719 1909 2789 quidem.
1961 2734 2102 2789 quo-

514 2805 660 2859 niam
690 2805 865 2875 ipsius
894 2808 1147 2864 manibus
1194 2809 1372 2865 οπεριί
1417 2827 1630 2875 sumus,
1663 2828 1726 2867 ac
1752 2823 1974 2882 propter
2002 2827 2102 2868 nos

512 2898 719 2961 omnia,
764 2915 887 2970 quae
920 2901 1098 2958 oculis
1136 2914 1456 2969 cernuntur,
1492 2904 1634 2960 facta
1682 2915 1830 2962 sunt.
1870 2906 2103 2962 Maxime

514 2999 693 3043 autem
725 2991 943 3060 prepria
968 2993 1036 3045 ob
1063 2992 1478 3063 inspirationem
1509 2994 1817 3065 divinaeque
1848 2996 2101 3066 imaginis

2200 499 2411 553 κελεύει
2447 500 2508 552 οὐ
2552 496 2752 569 χρυσον
2792 494 2887 547 καὶ
2927 492 3110 556 λίθους
3155 492 3247 545 καὶ
3287 491 3546 573 ἄργυρον.
3589 488 3767 558 Μικρᾰ

2200 594 2310 667 γὰρ
2342 593 2517 647 ταῦτα
2556 590 2650 645 κα)⁸
2683 587 2910 658 εὐτελῆ,
2944 585 3051 641 ἀπὸ
3082 586 3184 656 γῆς
3223 585 3283 638 τὲ
3310 584 3437 638 ὄντα
3468 584 3563 636 καὶ
3606 583 3671 651 τῇ
3701 583 3766 652 τῇ

2200 686 2622 757 ὲναπομένοντα,
2655 681 2893 736 ἀλλὀὐκ
2924 678 3319 734 ἀκολουθοῦντα
3347 677 3459 738 τοῖς
3500 671 3771 743 κτησαμέ-

2200 795 2333 843 νοις,
2356 776 2392 831 ἀ
2426 776 2521 841 καὶ
2549 774 2806 836 κάκιστος
2835 770 3033 843 ῥᾳδίως
3065 769 3354 838 ἐκτήσατο,
3384 766 3480 818 καὶ
3508 763 3638 834 περὶ
3664 762 3697 816 ἃ
3723 761 3769 814 οἰ

2201 868 2395 939 φαῦλοι
2425 868 2625 940 μᾶλλον
2648 864 3059 929 σπουδάζουσιν,
3090 863 3182 915 καὶ
3205 860 3299 923 οῦς
3325 862 3354 913 6
3379 855 3771 941 κοσμοκράτωρ

2201 962 2313 1032 ἔχει
2345 960 2779 1026 καταδουλώσας.
2816 957 2973 1012 Οῦτω
2998 957 3053 1009 δὲ
3085 953 3410 1024 ὀνομάζεται
3448 954 3476 1004 ὁ
3510 949 3769 1014 διάϐολος,

2199 1056 2298 1126 οὐχ
2324 1055 2403 1107 ὅτι
2433 1053 2527 1107 τοῦ
2562 1054 2770 1124 κόσμου
2798 1052 2991 1123 κρατεῖ
3028 1051 3122 1102 καὶ
3150 1049 3247 1119 τῆς
3274 1046 3530 1108 κτίσεως,
3571 1044 3770 1110 ἄπαγε,

2199 1148 2314 1203 ἀλλ’
2347 1148 2427 1201 ὅτι
2471 1147 2695 1200 ἐκείνων
2734 1146 2944 1215 κρατεῖ,
2977 1143 3085 1195 τῶν
3124 1140 3221 1213 τὴν
3255 1141 3450 1193 κακίαν
3478 1135 3774 1209 ἐργαζομέ-

2200 1258 2337 1304 νων,
2368 1241 2491 1309 ἦτις
2542 1239 2746 1308 κόσμος
2802 1232 3069 1305 πολλαχοῦ
3117 1233 3433 1305 εὑρίσκεται
3486 1229 3770 1300 λεγομένη,

2202 1331 2342 1386 κατά
2366 1332 2425 1384 τὸ
2458 1330 2593 1401 πρὸς
2623 1330 2750 1391 τοὺς
2777 1327 3025 1400 μαθητὰς
3057 1324 3161 1378 ὑπὸ
3187 1321 3425 1394 Χριστοῦ
3456 1320 3769 1392 εἰρημένον

2213 1424 2411 1493 Ὑμεῖς
2452 1426 2564 1476 οὐκ
2596 1421 2739 1476 ἐστὲ
2784 1422 2851 1474 ἐκ
2880 1419 2986 1473 τοῦ
3025 1418 3291 1485 κόσμου,
3327 1411 3520 1477 καθὼς
3563 1413 3677 1480 ἐγὼ
3707 1411 3774 1465 ἐκ

2202 1516 2308 1572 τοῦ
2338 1517 2568 1584 κόσμου
2599 1516 2710 1569 οὐκ
2746 1511 2900 1582 εἰμί·
2936 1509 3232 1572 τουτέστιν,
3279 1506 3379 1559 οὐκ
3411 1506 3535 1567 ὲστὲ
3577 1506 3640 1557 ἐκ
3670 1503 3775 1557 τῶν

2203 1607 2545 1679 ἀγαπώντων
2573 1606 2672 1678 τὴν
2702 1603 2961 1673 πονηρίαν
2999 1600 3187 1671 ὥσπερ
3226 1593 3318 1651 οὖν
3346 1598 3466 1651 οὐδὲ
3506 1595 3635 1664 ἐγώ.
3668 1597 3775 1667 Τὴν

2208 1702 2304 1771 μὲν
2341 1696 2434 1753 οὖν
2474 1699 2670 1767 γηῒνην
2713 1693 3090 1766 καρποφορίαν
3133 1695 3161 1746 6
3205 1691 3463 1759 Θεολόγος
3498 1688 3767 1750 ἐκϐάλλει,

2203 1794 2276 1856 ὡς
2322 1792 2503 1863 μόνοις
2536 1791 2648 1852 τοῖς
2698 1786 2974 1849 πλουσίοις
3013 1783 3245 1852 δυνατὴν
3285 1778 3469 1835 οὖσαν.
3521 1779 3683 1832 Οὐδὲν
3720 1777 3775 1831 δὲ

2206 1885 2351 1957 μέγα
2382 1881 2535 1953 παρά
2559 1880 2700 1952 Θεῷ,
2728 1880 2756 1933 6
2794 1879 2871 1952 μὴ
2904 1879 2997 1931 καὶ
3029 1877 3198 1945 πένης
3224 1871 3512 1944 δωρεῖσθαι
3537 1870 3773 1923 δύναται.

2203 1978 2425 2044 Εξσάγει
2451 1975 2507 2027 δὲ
2530 1975 2629 2046 τὴν
2652 1972 2856 2042 κοινὴν,
2885 1971 2950 2040 ἢν
2971 1968 3171 2040 ὁμοίως
3192 1968 3389 2028 πάντες
3415 1966 3778 2036 καρποφορεῖν

2201 2070 2491 2131 δύνανται,
2524 2066 2625 2120 κᾶν
2669 2063 2913 2118 πλούσιοι
2941 2057 3100 2128 ὦσιν,
3132 2061 3236 2117 κᾶν
3278 2056 3528 2127 πένητες,
3572 2056 3775 2125 λέγων’

2202 2138 2733 2233 Κίαρποφορήσωμεν
2759 2157 2907 2228 ἡμᾶς
2936 2154 3152 2216 αὐτοὺς,
3178 2151 3371 2212 οἵτινες
3410 2148 3597 2218 κτῆμά
3618 2150 3777 2223 ἐσμεν

2202 2256 2281 2326 τῷ
2309 2252 2428 2324 Θεῷ
2456 2250 2781 2323 τιμιώτατον
2812 2248 2905 2302 καὶ
2932 2244 3282 2299 οἰκειότατον·
3310 2239 3634 2310 τιμιώτατον
3660 2239 3774 2309 μὲν,

2203 2349 2283 2401 ὅτι
2305 2349 2426 2407 ταῖς
2448 2342 2611 2397 αὑτοῦ
2638 2341 2793 2413 χερσὶ
2812 2337 3204 2409 διηρτίσθημεν
3228 2334 3322 2388 καὶ
3340 2331 3405 2384 δι’
3429 2333 3460 2399 ἡ
3470 2332 3576 2408 μᾶς
3604 2330 3777 2383 πάντα

2204 2436 2396 2504 γέγονε
2422 2431 2490 2487 τὰ
2521 2430 2809 2504 ὁρώμενα·
2842 2428 3172 2481 οἰκείοτατον
3203 2425 3280 2485 δὲ,
3305 2424 3392 2476 διὰ
3418 2421 3513 2491 τὴν
3547 2420 3779 2491 ἐμπνευ-

2206 2546 2291 2582 σιν
2319 2527 2414 2581 καὶ
2438 2526 2500 2578 τὸ
2526 2525 2648 2577 κατ’
2677 2522 2860 2575 εἰκόνα
2891 2520 2983 2573 καὶ
3018 2518 3106 2572 διά
3130 2518 3220 2571 τὸν
3252 2516 3430 2585 λόγον.
3466 2514 3653 2569 Πάντα
3687 2512 3783 2583 μὲν

2205 2624 2313 2693 γὰρ
2354 2620 2424 2674 τὰ
2472 2619 2577 2672 ὑπὸ
2614 2614 2751 2670 Θεοῦ
2798 2614 3064 2688 γενόμενα
3114 2608 3431 2664 κοινωνοῦσι
3470 2608 3568 2679 τῆς
3618 2604 3783 2662 αὑτοῦ

2206 2716 2561 2785 ἀγαθότητος,
2595 2710 2735 2766 κατὰ
2766 2708 2828 2762 τὸ
2857 2703 3016 2761 εἶναι.
3061 2707 3156 2760 Ἐκ
3182 2703 3439 2775 περισσοῦ
3469 2702 3524 2756 δὲ
3549 2701 3619 2755 τά
3647 2701 3781 2767 ζῶα.

2207 2812 2367 2866 Κατά
2385 2826 2444 2862 τε
2467 2808 2575 2879 γὰρ
2605 2806 2663 2858 τὸ
2691 2801 2829 2863 εἶναι
2864 2803 2957 2856 καὶ
2985 2800 3123 2854 κατά
3152 2799 3213 2852 τὸ
3243 2800 3339 2869 τῆς
3371 2797 3515 2867 ζωῆς
3538 2798 3784 2867 μετέχειν

2207 2901 2521 2959 κοινωνοῦσι
2550 2878 2657 2951 τοῦ
2698 2894 2923 2963 ἀγαθοῦ.
2977 2894 3034 2946 Ὀ
3074 2891 3129 2945 δὲ
3166 2890 3471 2962 ἄνθρωπος,
3510 2888 3606 2941 καὶ⁸
3646 2889 3785 2941 κατά

2207 2999 2274 3053 τά
2314 2991 2691 3068 προειρημένα
2734 2989 2830 3061 μὲν
2851 3029 2864 3052 ,
2892 2988 2954 3040 οὐ
2998 2986 3103 3057 μὴν
3137 2983 3274 3038 ἀλλά
3305 2982 3399 3036 καὶ
3428 2981 3565 3035 κατά
3605 2981 3664 3033 τὸ
3701 2980 3787 3034 λο-

514 3081 931 3139 similitudinem
968 3092 1021 3139 et
1057 3087 1342 3140 rationem.
1380 3085 1513 3139 Nam
1562 3101 1684 3141 cum
1732 3103 1819 3143 res
1852 3104 2043 3145 omnes
2069 3108 2097 3145 a

2206 3091 2381 3162 γικόν.
2435 3084 2777 3155 υἰκειότερος
2817 3080 2927 3150 γάρ
2973 3078 3089 3141 πώς
3148 3078 3263 3129 ἐστι
3315 3074 3448 3147 πρὸς
3495 3074 3629 3127 Θεὸν
3679 3072 3783 3125 τῶν

514 3172 626 3227 Deo
656 3184 875 3241 creatze,
897 3178 1069 3247 ipsius
1094 3178 1374 3241 bonitatis,
1395 3186 1658 3249 quantum
1684 3182 1749 3235 ad
1779 3184 2099 3251 essentiam,

514 3268 811 3337 participes
838 3273 969 3329 sint.
995 3269 1218 3324 uberius
1249 3271 1411 3326 etiam
1443 3272 1766 3340 animantia,
1796 3278 2016 3347 quibus,
2048 3288 2103 3333 et

2208 3179 2480 3252 αἰσθητῶν
2517 3179 2543 3230 6
2567 3175 2884 3245 ἄνθρωπος,
2911 3172 2961 3224 εἰ
2992 3170 3086 3224 καὶ
3116 3167 3370 3223 ἁπάντων
3402 3168 3429 3219 6
3454 3165 3584 3229 Θεὸς
3619 3167 3784 3234 ἀσυγ-

2210 3276 2413 3347 κρίτως
2439 3266 2786 3335 ὑπέρκειται.
3684 3266 3695 3271 ”

513 3371 786 3431 quatenus
835 3370 997 3426 sum.
1047 3374 1101 3417 εἴ
1153 3373 1424 3433 quatenus
1462 3368 1625 3422 Vitam
1660 3368 1901 3437 habent.
1955 3375 2391 3433 communicatur
2428 3361 2611 3419 divina
2651 3358 2903 3420 bonitas,
2958 3354 3011 3433 in
3062 3354 3163 3407 hoc
3196 3352 3393 3407 eximia
3433 3358 3517 3407 est
3548 3348 3784 3403 hominis

508 3453 776 3515 conditio.
811 3454 954 3523 quod
992 3464 1185 3524 prmter
1207 3471 1294 3523 ea,
1325 3473 1447 3527 quat
1484 3459 1597 3528 jam
1663 3463 1807 3517 dicta
1874 3475 2028 3529 sunt.
2077 3470 2289 3525 ratione
2334 3470 2553 3530 quoque
2601 3450 2863 3523 praeditus
2937 3448 3025 3501 sit.
3098 3443 3290 3499 Alliuis
3330 3444 3471 3498 enim
3521 3441 3784 3512 quodam-

514 3543 675 3596 modo
705 3544 1049 3615 maximeque
1083 3548 1421 3617 propinquus
1456 3561 1540 3605 est
1583 3550 1731 3610 Deo:
1769 3560 1984 3614 tametsi
2013 3562 2102 3615 ille
2142 3546 2558 3622 incomparabili
2592 3539 2965 3612 magnitudine
3000 3552 3098 3592 "05
3127 3544 3366 3613 ευρθτθιο

588 3633 847 3705 Imaginis
912 3636 1067 3692 decus
1134 3640 1354 3709 imagini
1419 3643 1737 3711 reddamus,
1788 3661 1895 3703 etc.
1959 3652 2102 3707 [ted-

513 3726 741 3792 damus,
794 3728 989 3798 inquit,
1040 3729 1259 3799 imagini
1298 3731 1414 3798 Dei,
1478 3736 1529 3789 id
1573 3746 1660 3791 est
1714 3741 1931 3805 animae,
1969 3744 2103 3796 ima-

514 3817 656 3886 ginis
706 3817 910 3883 decus,
964 3818 1180 3875 divinas
1229 3838 1422 3893 nempe
1457 3824 1694 3892 formas,
1730 3846 1867 3896 quas
1912 3848 2106 3903 pecca-

514 3917 629 3961 tum
688 3908 1022 3963 obscuravit.
1089 3914 1224 3979 Apte
1284 3924 1464 3969 autem
1521 3918 1693 3983 dixit,
1753 3922 2105 3993 lteddamtts,

516 4002 717 4072 quippe
772 4002 917 4073 quod
966 4004 1252 4059 debeatur.
1312 4005 1444 4063 Illud
1497 4012 1642 4065 enim
1701 4016 1926 4071 reddere
1979 4020 2106 4088 quis

515 4095 734 4159 dicitur,
769 4095 913 4165 quod
949 4095 1131 4150 debet.
1164 4097 1275 4151 Nos
1305 4099 1490 4168 igitur,
1514 4103 1607 4171 qui
1637 4103 1892 4175 imaginis
1915 4107 2087 4179 digni.

516 4195 679 4241 tatem
700 4190 1293 4258 accepimus,eamdem
1314 4191 1459 4247 haud
1486 4192 1651 4249 dubie
1673 4208 1703 4249 a
1721 4196 1829 4251 Deo
1855 4214 2102 4269 reposce-

516 4296 659 4334 mur.
693 4281 758 4334 At
784 4290 975 4336 sancto
1010 4282 1232 4353 quidem
1276 4283 1479 4357 Cyrillo
1510 4304 1677 4341 unum
1737 4287 1989 4357 idemque
2020 4292 2098 4346 si-

2277 3644 2395 3701 Col.
2414 3640 2515 3696 597
2537 3636 2573 3689 Β
2595 3636 2677 3690 12.
2698 3630 3095 3701 Ἀποδῶμεν...
3117 3626 3273 3697 ἡμᾶς
3290 3627 3617 3694 ἅνθρωπος.
3638 3624 3789 3677 Ἀπο»

2207 3739 2408 3809 δῶμεν,
2451 3732 2607 3807 φησὶ,
2644 3732 2708 3801 τῇ
2742 3727 2912 3797 ψυχῇ,
2959 3726 3025 3794 τῇ
3065 3720 3233 3774 εἰκόνι
3261 3718 3354 3772 τοῦ
3380 3717 3536 3780 Θεοῦ,
3566 3718 3629 3770 τὸ
3662 3718 3784 3809 κατ’

2201 3803 2387 3885 εἰκόνα
2414 3803 2651 3895 ἀξίωμα,
2680 3819 2889 3895 δηλαδὴ.
2918 3817 3043 3881 τοὺς
3088 3814 3266 3875 θείους
3295 3810 3664 3895 χαρακτῆρας,
3692 3807 3785 3872 οὓς

2205 3929 2238 3996 ὴ
2276 3920 2520 3994 ἁμαρτία
2552 3914 2873 3987 ἠμαύρωσε.
2907 3908 3104 3971 Καλῶς
3144 3907 3199 3960 δὲ
3226 3903 3398 3996 εἶπεν,
3448 3901 3783 3996 ’Λποδῶμεν.

2203 3993 2279 4081 ὧς
2304 3993 2675 4083 ὀφειλόμενον.
2725 4003 2934 4057 Ἐκεῖνο
2958 4000 3066 4071 γάρ
3095 4016 3181 4062 τις
3210 3995 3514 4051 ἀποδιδόναι
3543 3993 3784 4062 λέγεται,

2202 4110 2342 4177 ὅπερ
2367 4100 2775 4175 κεχρεώστηκε.
2805 4094 2915 4149 Kal.
2944 4094 3101 4163 ἡμεῖς
3134 4087 3249 4157 οὖν,
3270 4089 3527 4151 λαὸόντες
3559 4087 3622 4140 τὸ
3664 4088 3783 4139 κατ’

2202 4200 2411 4261 εἰκόνα,
2442 4186 2931 4262 ἀπαιτηθησόμεθα
2968 4185 3185 4247 πάντως
3211 4182 3341 4236 αὐτὸ
3369 4180 3520 4251 παρά
3548 4178 3642 4232 τοῦ
3665 4178 3786 4230 δόν-

2202 4307 2292 4353 τος
2320 4285 2477 4341 Θεοῦ.
2508 4284 2620 4339 Καὶ
2648 4282 2725 4353 τῷ
2756 4283 2852 4353 μὲν
2885 4278 3027 4349 ἀγίῳ
3059 4274 3329 4347 Κυρίλλῳ,
3356 4272 3417 4327 τὸ
3447 4271 3579 4325 αὐτὸ
3606 4272 3699 4325 καὶ
3727 4269 3785 4323 ἓν

516 4372 778 4441 gniﬁcare
816 4373 1093 4439 videntur,
1131 4376 1434 4431 secundum
1486 4379 1779 4449 imaginem
1813 4392 1865 4435 et
1901 4398 2099 4437 secun-

2202 4378 2328 4435 εἶναι
2369 4380 2544 4440 δοκεῖ,
2577 4375 2638 4429 τὸ
2679 4374 2800 4429 κατ’
2842 4372 3026 4425 εἰκόνα
3075 4371 3167 4425 καὶ
3222 4369 3284 4421 τὸ
3328 4364 3449 4421 καθ’
3490 4366 3781 4435 ὁμοίωσιν·

515 4466 644 4517 dum
679 4465 1099 4521 simi‘iludinem
1164 4485 1177 4521 :
1221 4484 1410 4522 verum
1448 4468 1643 4538 reliqui
1677 4469 1867 4524 Patres
1911 4470 1966 4525 in
1997 4472 2099 4525 bac

2194 4477 2308 4537 τοῖς
2335 4474 2392 4526 δὲ
2416 4472 2622 4546 λοιποῖς
2664 4467 2828 4530 θείοις
2858 4464 3128 4536 Πατράσι,
3171 4461 3290 4515 κατ’
3323 4458 3516 4512 εἰκόνα
3561 4458 3678 4526 μὲν,
3725 4457 3787 4539 τὸ

515 4566 643 4611 sunt
670 4561 962 4624 sententia,
1013 4569 1072 4613 ut
1117 4575 1216 4629 per
1250 4560 1543 4631 imaginem
1594 4564 1928 4635 intelligendi
1985 4566 2091 4619 vim

2202 4565 2386 4638 νοερὸν
2414 4564 2508 4618 καὶ
2532 4558 2876 4624 αὐτεξούσιον
2898 4556 2994 4608 καὶ
3013 4555 3074 4607 τὸ
3093 4551 3319 4625 ἀρχικόν
3340 4567 3354 4581 ⁸
3381 4549 3502 4604 καθ’
3519 4548 3786 4645 όμοίωσιν

513 4651 837 4719 arbitriique
864 4652 1169 4706 libertatem
1203 4661 1256 4707 et
1288 4654 1659 4723 principatum
1690 4656 1966 4727 designari
1991 4673 2090 4727 pu-

512 4751 648 4805 teut,
680 4758 775 4813 per
807 4743 1224 4799 similitudinem
1259 4756 1466 4811 autem,
1503 4748 1769 4802 virtutum
1805 4749 2096 4818 perfectio—

514 4851 663 4899 nem,
693 4849 959 4904 quantum
991 4836 1211 4906 quidem
1247 4838 1487 4894 hominis
1526 4851 1736 4896 natura)
1762 4841 1924 4896 datur
1945 4861 2096 4899 asse-

512 4928 631 4998 qui.
666 4926 758 4982 lla:
780 4930 923 4982 enim
960 4929 1127 4983 veluti
1160 4939 1303 4985 notae
1333 4932 1582 5001 quautam
1610 4943 1739 4989 sunt
1767 4935 1967 4991 divina:
1995 4954 2094 4991 na-

514 5027 671 5079 tura},
719 5020 1088 5089 tranquillitas
1128 5021 1295 5078 nullis
1330 5024 1481 5077 curis
1526 5040 1591 5079 ac
1640 5025 2093 5084 distractionibus

515 5112 842 5179 interrupta,
878 5112 1185 5181 integritas,
1229 5115 1470 5181 bonitas,
1514 5118 1808 5187 sapientia,
1854 5120 2092 5188 justitia,

514 5203 725 5272 puritas
755 5202 824 5256 ab
849 5204 997 5257 omni
1025 5203 1147 5260 labe
1182 5208 1409 5275 peccati.
1437 5206 1753 5264 Reddamus
1781 5211 1965 5281 itaque
1986 5211 2100 5265 ani-

514 5311 615 5349 ma-
648 5304 852 5350 nostrte
896 5298 1040 5365 quod
1084 5297 1185 5368 ipsi
1225 5300 1508 5369 proprium
1551 5307 1658 5355 est.
1697 5299 1872 5356 llabet
1911 5312 2092 5357 autem

515 5387 618 5441 hoc
648 5388 948 5457 proprium,
988 5391 1133 5459 quod
1171 5390 1237 5444 ad
1283 5391 1562 5448 Creatoris
1610 5392 1905 5463 imaginem
1952 5394 2092 5448 facta

513 5488 617 5533 est.
654 5479 829 5547 Atque
854 5481 1017 5533 etiam
1052 5482 1372 5551 dignitatem
1412 5494 1657 5538 nostram
1699 5484 2091 5554 intelligamus,

515 5570 567 5623 id
630 5576 758 5634 est,
821 5571 1250 5642 magnitudinem
1311 5582 1663 5647 veteremque
1723 5578 2084 5633 nobilitatem.

516 5660 647 5729 Eam
682 5670 861 5718 autem
903 5665 1343 5735 coenorcrimus,
1386 5666 1433 5724 si
1476 5683 1593 5724 cam
1624 5670 1782 5727 talem
1816 5671 2088 5741 receperi-

586 5805 607 5836 '
635 5804 793 5860 Joau.
828 5818 962 5867 xrtt,
1000 5803 1080 5858 ιϐ.

2201 4658 2280 4720 δὲ,
2314 4654 2376 4708 τὸ
2403 4656 2461 4707 ὲν
2487 4653 2707 4724 ἀρεταῖς
2736 4649 2960 4712 τέλειον,
2998 4645 3073 4709 ὡς
3113 4642 3332 4713 ἐφικτὸν
3361 4638 3649 4710 ἀνθρώπου
3680 4638 3786 4706 φύ-

2202 4765 2308 4812 σει,
2343 4746 2404 4799 τὸ
2438 4742 2660 4813 ἀγαθὸν.
2692 4741 2752 4795 τὸ
2793 4739 2975 4809 σοερδν,
3011 4737 3072 4790 τὸ
3099 4736 3328 4797 δίκαιον,
3370 4732 3430 4785 τὸ
3468 4731 3651 4800 πάσης
3692 4744 3789 4781 κα-

2201 4842 2325 4904 κίας
2365 4837 2671 4907 ἐλεύθερον,
2707 4834 2766 4886 τὸ
2798 4831 3121 4903 ἀμέριμνον,
3149 4826 3208 4881 τὸ
3246 4825 3657 4895 ἀπερίσπαστον
3689 4822 3787 4874 καὶ

2200 4930 2481 5003 ἀκέραιον.
2523 4919 2694 4981 Αῦται
2742 4924 2853 4993 γὰρ
2898 4920 3063 4974 οἱονεὶ
3108 4915 3458 4988 χαρακτῆρες
3495 4912 3595 4982 τῆς
3636 4912 3787 4970 θείας

2202 5024 2502 5093 ὑπάρχουσι
2534 5018 2765 5087 φύσεως.
2805 5011 3118 5081 Ἀποδῶμεν
3145 5005 3237 5062 οὖν
3268 5011 3335 5078 τῇ
3363 5004 3611 5076 ἡμετέρᾳ
3638 5004 3783 5073 ψυχῇ

2198 5116 2259 5168 τὸ
2289 5116 2488 5169 οἰκεῖον
2515 5113 2674 5182 αὐτῇ.
2712 5109 2923 5162 Οἰκεῖον
2951 5104 3009 5157 δὲ
3035 5104 3194 5172 αὐτῇ,
3222 5100 3285 5153 τὸ
3310 5097 3453 5152 κατὰ
3478 5095 3578 5165 τὴν
3600 5095 3785 5147 εἰκόνα

2198 5204 2341 5262 εἶναι
2366 5205 2458 5259 τοῦ
2493 5204 2777 5264 κτίσαντος
2800 5243 2813 5266 ,
2843 5198 2979 5268 πρὸς
3009 5197 3074 5265 ἢν
3098 5196 3192 5247 καὶ
3215 5192 3456 5261 γέγονεν.
3501 5186 3662 5240 Ἀλλά
3687 5182 3785 5237 καὶ

2199 5300 2261 5353 τὸ
2294 5298 2511 5368 ἀξίωμα
2547 5295 2703 5367 ἡμῶν
2742 5291 3121 5363 γνωρίσωμεν,
3163 5284 3405 5338 τουτέστι
3445 5281 3506 5334 τὸ
3553 5276 3782 5350 μέγεθος

2201 5393 2297 5445 καὶ
2325 5392 2423 5460 τὴν
2452 5389 2510 5454 ἐξ
2551 5386 2723 5459 ἀρχῆς
2763 5384 3062 5452 εὐγένειαν.
3092 5376 3451 5448 Γνωρίσωμεν
3476 5372 3519 5425 δ’
3545 5371 3628 5435 ἂν,
3656 5370 3779 5422 ἀνα-

2198 5484 2452 5544 λαϐόντες
2507 5480 2639 5536 αὐτὸ
2700 5477 2960 5543 τοιοῦτον,
3003 5468 3117 5528 οἷον
3160 5470 3221 5536 ἐξ
3260 5467 3437 5540 ἀρχῆς
3484 5464 3772 5533 ὲλάϐομεΨ

2195 5576 2271 5640 ὼς
2310 5575 2404 5628 νῦν
2444 5572 2590 5628 ἄλλοι
2624 5572 2742 5625 ἀντ’
2782 5568 2955 5624 ἀλλων
2995 5565 3298 5636 γενόμενοι,
3329 5560 3389 5613 οὐ
3435 5555 3770 5630 γνωρίζομεν

2197 5671 2450 5735 ἑαυτοὺς,
2479 5667 2667 5737 ὥσπερ
2707 5665 2870 5727 εἴτις
2903 5660 3060 5724 ἄλλος
3099 5657 3214 5713 ἀντ’
3240 5654 3403 5711 ἄλλον
3449 5649 3760 5722 γενόμενηί.
