  <div class='ocr_page' id='page_1' title='image "/cluster/home/n/w/nwhite01/storage/ocr_20150623/36/hvd.32044024464877/514.png"; bbox 0 0 4040 6282; ppageno 0'>
   <div class='ocr_carea' id='block_1_1' title="bbox 261 232 381 290">
    <p class='ocr_par' dir='ltr' id='par_1_1' title="bbox 261 232 381 290">
     <span class='ocr_line' id='line_1_1' title="bbox 261 232 381 290; baseline -0.033 0"><span class='ocrx_word' id='word_1_1' title='bbox 261 232 381 290; x_wconf 80' lang='lat'><strong>957</strong></span> 
     </span>
    </p>
   </div>
   <div class='ocr_carea' id='block_1_2' title="bbox 1496 235 2383 295">
    <p class='ocr_par' dir='ltr' id='par_1_2' title="bbox 1496 235 2383 295">
     <span class='ocr_line' id='line_1_2' title="bbox 1496 235 2383 295; baseline 0 -1"><span class='ocrx_word' id='word_1_2' title='bbox 1496 236 1581 295; x_wconf 72' lang='lat' dir='ltr'><strong>AD</strong></span> <span class='ocrx_word' id='word_1_3' title='bbox 1622 235 1680 295; x_wconf 88' lang='lat' dir='ltr'><strong>S.</strong></span> <span class='ocrx_word' id='word_1_4' title='bbox 1721 235 2049 295; x_wconf 77' lang='lat' dir='ltr'><strong>GREGORII</strong></span> <span class='ocrx_word' id='word_1_5' title='bbox 2086 237 2298 295; x_wconf 70' lang='lat' dir='ltr'><strong>ORAT.</strong></span> <span class='ocrx_word' id='word_1_6' title='bbox 2341 238 2383 294; x_wconf 86' lang='grc' dir='ltr'><strong>Ι.</strong></span> 
     </span>
    </p>
   </div>
   <div class='ocr_carea' id='block_1_3' title="bbox 3445 238 3551 298">
    <p class='ocr_par' dir='ltr' id='par_1_3' title="bbox 3445 238 3551 298">
     <span class='ocr_line' id='line_1_3' title="bbox 3445 238 3551 298; baseline -0.028 0"><span class='ocrx_word' id='word_1_7' title='bbox 3445 238 3551 298; x_wconf 74' lang='lat'><strong>958</strong></span> 
     </span>
    </p>
   </div>
   <div class='ocr_carea' id='block_1_4' title="bbox 256 352 1854 429">
    <p class='ocr_par' dir='ltr' id='par_1_4' title="bbox 256 352 1854 429">
     <span class='ocr_line' id='line_1_4' title="bbox 256 352 1854 429; baseline 0.005 -21"><span class='ocrx_word' id='word_1_8' title='bbox 256 354 443 424; x_wconf 68' lang='grc' dir='ltr'><strong>λέγει,</strong></span> <span class='ocrx_word' id='word_1_9' title='bbox 484 352 559 426; x_wconf 78' lang='grc' dir='ltr'><strong>μὴ</strong></span> <span class='ocrx_word' id='word_1_10' title='bbox 582 352 878 424; x_wconf 84' lang='grc' dir='ltr'><strong>γινώσκειν</strong></span> <span class='ocrx_word' id='word_1_11' title='bbox 905 353 1094 409; x_wconf 70' lang='grc' dir='ltr'><strong>ἑαυτὸν</strong></span> <span class='ocrx_word' id='word_1_12' title='bbox 1122 354 1214 410; x_wconf 73' lang='grc' dir='ltr'><strong>διὰ</strong></span> <span class='ocrx_word' id='word_1_13' title='bbox 1245 357 1341 429; x_wconf 78' lang='grc' dir='ltr'><strong>τὴν</strong></span> <span class='ocrx_word' id='word_1_14' title='bbox 1378 357 1685 415; x_wconf 86' lang='grc' dir='ltr'><strong>ἀλλοίωσιν.</strong></span> <span class='ocrx_word' id='word_1_15' title='bbox 1720 361 1854 416; x_wconf 79' lang='grc' dir='ltr'><strong>Γνῶ·</strong></span> 
     </span>
    </p>
   </div>
   <div class='ocr_carea' id='block_1_5' title="bbox 1958 352 3548 429">
    <p class='ocr_par' dir='ltr' id='par_1_5' title="bbox 1969 355 3548 428">
     <span class='ocr_line' id='line_1_5' title="bbox 1969 355 3548 428; baseline 0.004 -21"><span class='ocrx_word' id='word_1_16' title='bbox 1969 370 2111 422; x_wconf 89' lang='lat' dir='ltr'><strong>mus,</strong></span> <span class='ocrx_word' id='word_1_17' title='bbox 2144 356 2363 427; x_wconf 87' lang='lat' dir='ltr'><strong>qualem</strong></span> <span class='ocrx_word' id='word_1_18' title='bbox 2389 355 2623 425; x_wconf 85' lang='lat' dir='ltr'><strong>primum</strong></span> <span class='ocrx_word' id='word_1_19' title='bbox 2656 357 2998 428; x_wconf 78' lang='lat' dir='ltr'><strong>accepimus.</strong></span> <span class='ocrx_word' id='word_1_20' title='bbox 3019 355 3161 413; x_wconf 87' lang='lat' dir='ltr'><strong>Nam</strong></span> <span class='ocrx_word' id='word_1_21' title='bbox 3189 373 3338 415; x_wconf 87' lang='lat' dir='ltr'><strong>nunc</strong></span> <span class='ocrx_word' id='word_1_22' title='bbox 3362 358 3455 414; x_wconf 89' lang='lat' dir='ltr'><strong>alii</strong></span> <span class='ocrx_word' id='word_1_23' title='bbox 3478 374 3548 415; x_wconf 80' lang='lat' dir='ltr'><strong>ex</strong></span> 
     </span>
    </p>
   </div>
   <div class='ocr_carea' id='block_1_6' title="bbox 260 443 1859 524">
    <p class='ocr_par' dir='ltr' id='par_1_6' title="bbox 260 443 1859 524">
     <span class='ocr_line' id='line_1_6' title="bbox 260 443 1859 524; baseline 0.004 -24"><span class='ocrx_word' id='word_1_24' title='bbox 260 464 379 519; x_wconf 80' lang='grc' dir='ltr'><strong>μεν</strong></span> <span class='ocrx_word' id='word_1_25' title='bbox 404 443 520 511; x_wconf 87' lang='grc' dir='ltr'><strong>οὖν,</strong></span> <span class='ocrx_word' id='word_1_26' title='bbox 544 446 723 519; x_wconf 78' lang='grc' dir='ltr'><strong>ἡλίκοι</strong></span> <span class='ocrx_word' id='word_1_27' title='bbox 752 445 904 518; x_wconf 86' lang='grc' dir='ltr'><strong>παρά</strong></span> <span class='ocrx_word' id='word_1_28' title='bbox 929 446 1063 501; x_wconf 80' lang='grc' dir='ltr'><strong>Θεοῦ</strong></span> <span class='ocrx_word' id='word_1_29' title='bbox 1090 449 1394 521; x_wconf 81' lang='grc' dir='ltr'><strong>γεγόναμεν</strong></span> <span class='ocrx_word' id='word_1_30' title='bbox 1421 451 1515 505; x_wconf 77' lang='grc' dir='ltr'><strong>καὶ</strong></span> <span class='ocrx_word' id='word_1_31' title='bbox 1542 452 1602 504; x_wconf 90' lang='grc' dir='ltr'>τὸ</span> <span class='ocrx_word' id='word_1_32' title='bbox 1630 452 1859 524; x_wconf 86' lang='grc' dir='ltr'><strong>ἀρχέτυ-</strong></span> 
     </span>
    </p>
   </div>
   <div class='ocr_carea' id='block_1_7' title="bbox 257 539 1855 613">
    <p class='ocr_par' dir='ltr' id='par_1_7' title="bbox 257 539 1855 613">
     <span class='ocr_line' id='line_1_7' title="bbox 257 539 1855 613; baseline 0.004 -20"><span class='ocrx_word' id='word_1_33' title='bbox 257 556 376 593; x_wconf 81' lang='grc' dir='ltr'><strong>πον</strong></span> <span class='ocrx_word' id='word_1_34' title='bbox 406 540 726 610; x_wconf 63' lang='grc' dir='ltr'><strong>τιμὴσωμεν</strong></span> <span class='ocrx_word' id='word_1_35' title='bbox 752 542 810 594; x_wconf 82' lang='grc' dir='ltr'><strong>ὲν</strong></span> <span class='ocrx_word' id='word_1_36' title='bbox 847 539 927 611; x_wconf 84' lang='grc' dir='ltr'><strong>τῷ</strong></span> <span class='ocrx_word' id='word_1_37' title='bbox 958 542 1145 612; x_wconf 79' lang='grc' dir='ltr'><strong>τηρεῖν</strong></span> <span class='ocrx_word' id='word_1_38' title='bbox 1178 540 1275 612; x_wconf 78' lang='grc' dir='ltr'><strong>τὴν</strong></span> <span class='ocrx_word' id='word_1_39' title='bbox 1316 541 1503 595; x_wconf 83' lang='grc' dir='ltr'><strong>είκόνα</strong></span> <span class='ocrx_word' id='word_1_40' title='bbox 1532 542 1855 613; x_wconf 84' lang='grc' dir='ltr'><strong>ἀμόλυντον.</strong></span> 
     </span>
    </p>
   </div>
   <div class='ocr_carea' id='block_1_8' title="bbox 255 630 1860 706">
    <p class='ocr_par' dir='ltr' id='par_1_8' title="bbox 255 630 1860 706">
     <span class='ocr_line' id='line_1_8' title="bbox 255 630 1860 706; baseline 0.002 -22"><span class='ocrx_word' id='word_1_41' title='bbox 255 632 487 686; x_wconf 76' lang='grc' dir='ltr'><strong>Γίνεται</strong></span> <span class='ocrx_word' id='word_1_42' title='bbox 513 631 571 685; x_wconf 73' lang='grc' dir='ltr'><strong>δὲ</strong></span> <span class='ocrx_word' id='word_1_43' title='bbox 594 630 732 703; x_wconf 76' lang='grc' dir='ltr'><strong>αὕτη</strong></span> <span class='ocrx_word' id='word_1_44' title='bbox 763 633 797 703; x_wconf 87' lang='grc' dir='ltr'><strong>ἡ</strong></span> <span class='ocrx_word' id='word_1_45' title='bbox 826 631 981 704; x_wconf 80' lang='grc' dir='ltr'><strong>τιμὴ,</strong></span> <span class='ocrx_word' id='word_1_46' title='bbox 1009 632 1098 685; x_wconf 80' lang='grc' dir='ltr'><strong>διὰ</strong></span> <span class='ocrx_word' id='word_1_47' title='bbox 1132 632 1232 704; x_wconf 83' lang='grc' dir='ltr'><strong>τῆς</strong></span> <span class='ocrx_word' id='word_1_48' title='bbox 1261 632 1731 705; x_wconf 83' lang='grc' dir='ltr'><strong>ἀπηκριϐωμένης</strong></span> <span class='ocrx_word' id='word_1_49' title='bbox 1766 652 1860 706; x_wconf 86' lang='grc' dir='ltr'><strong>μι-</strong></span> 
     </span>
    </p>
   </div>
   <div class='ocr_carea' id='block_1_9' title="bbox 260 724 1858 797">
    <p class='ocr_par' dir='ltr' id='par_1_9' title="bbox 260 724 1858 797">
     <span class='ocr_line' id='line_1_9' title="bbox 260 724 1858 797; baseline 0 -19"><span class='ocrx_word' id='word_1_50' title='bbox 260 727 517 797; x_wconf 80' lang='grc' dir='ltr'><strong>μήσεως,</strong></span> <span class='ocrx_word' id='word_1_51' title='bbox 560 725 653 778; x_wconf 78' lang='grc' dir='ltr'><strong>καὶ</strong></span> <span class='ocrx_word' id='word_1_52' title='bbox 700 725 830 778; x_wconf 82' lang='grc' dir='ltr'><strong>ὅταν</strong></span> <span class='ocrx_word' id='word_1_53' title='bbox 861 724 923 777; x_wconf 82' lang='grc' dir='ltr'>τὸ</span> <span class='ocrx_word' id='word_1_54' title='bbox 958 724 1310 797; x_wconf 84' lang='grc' dir='ltr'><strong>παράδειγμα</strong></span> <span class='ocrx_word' id='word_1_55' title='bbox 1353 726 1540 796; x_wconf 84' lang='grc' dir='ltr'><strong>ὅμοιον</strong></span> <span class='ocrx_word' id='word_1_56' title='bbox 1579 724 1657 795; x_wconf 80' lang='grc' dir='ltr'><strong>τῷ</strong></span> <span class='ocrx_word' id='word_1_57' title='bbox 1689 726 1858 796; x_wconf 86' lang='grc' dir='ltr'><strong>ἀρχε-</strong></span> 
     </span>
    </p>
   </div>
   <div class='ocr_carea' id='block_1_10' title="bbox 254 817 1861 891">
    <p class='ocr_par' dir='ltr' id='par_1_10' title="bbox 254 817 1861 891">
     <span class='ocr_line' id='line_1_10' title="bbox 254 817 1861 891; baseline 0 -20"><span class='ocrx_word' id='word_1_58' title='bbox 254 820 430 889; x_wconf 69' lang='grc' dir='ltr'><strong>τύπῳ</strong></span> <span class='ocrx_word' id='word_1_59' title='bbox 485 818 766 889; x_wconf 75' lang='grc' dir='ltr'><strong>φαίνηται.</strong></span> <span class='ocrx_word' id='word_1_60' title='bbox 822 817 1048 889; x_wconf 84' lang='grc' dir='ltr'><strong>Γνῶμεν</strong></span> <span class='ocrx_word' id='word_1_61' title='bbox 1097 820 1193 872; x_wconf 74' lang='grc' dir='ltr'><strong>καὶ</strong></span> <span class='ocrx_word' id='word_1_62' title='bbox 1242 818 1336 872; x_wconf 81' lang='grc' dir='ltr'><strong>τοῦ</strong></span> <span class='ocrx_word' id='word_1_63' title='bbox 1402 820 1701 891; x_wconf 81' lang='grc' dir='ltr'><strong>μυστηρίου</strong></span> <span class='ocrx_word' id='word_1_64' title='bbox 1761 818 1861 889; x_wconf 81' lang='grc' dir='ltr'><strong>τὴν</strong></span> 
     </span>
    </p>
   </div>
   <div class='ocr_carea' id='block_1_11' title="bbox 254 909 1860 984">
    <p class='ocr_par' dir='ltr' id='par_1_11' title="bbox 254 909 1860 984">
     <span class='ocr_line' id='line_1_11' title="bbox 254 909 1860 984; baseline 0.001 -20"><span class='ocrx_word' id='word_1_65' title='bbox 254 909 543 984; x_wconf 54' lang='grc' dir='ltr'><strong>δύναμιν,</strong></span> <span class='ocrx_word' id='word_1_66' title='bbox 584 912 833 965; x_wconf 75' lang='grc' dir='ltr'><strong>τουτέστι</strong></span> <span class='ocrx_word' id='word_1_67' title='bbox 871 911 972 981; x_wconf 78' lang='grc' dir='ltr'><strong>τῆς</strong></span> <span class='ocrx_word' id='word_1_68' title='bbox 1021 912 1216 983; x_wconf 77' lang='grc' dir='ltr'><strong>ἑορτῆς</strong></span> <span class='ocrx_word' id='word_1_69' title='bbox 1258 912 1358 984; x_wconf 81' lang='grc' dir='ltr'><strong>τὴν</strong></span> <span class='ocrx_word' id='word_1_70' title='bbox 1406 913 1587 966; x_wconf 71' lang='grc' dir='ltr'><strong>αἰτίαν</strong></span> <span class='ocrx_word' id='word_1_71' title='bbox 1634 911 1728 967; x_wconf 77' lang='grc' dir='ltr'><strong>καὶ</strong></span> <span class='ocrx_word' id='word_1_72' title='bbox 1767 911 1860 966; x_wconf 77' lang='grc' dir='ltr'><strong>τὸν</strong></span> 
     </span>
    </p>
   </div>
   <div class='ocr_carea' id='block_1_12' title="bbox 259 1002 1858 1076">
    <p class='ocr_par' dir='ltr' id='par_1_12' title="bbox 259 1002 1858 1076">
     <span class='ocr_line' id='line_1_12' title="bbox 259 1002 1858 1076; baseline 0.001 -21"><span class='ocrx_word' id='word_1_73' title='bbox 259 1004 496 1060; x_wconf 74' lang='grc' dir='ltr'><strong>σκοπόν.</strong></span> <span class='ocrx_word' id='word_1_74' title='bbox 547 1004 626 1057; x_wconf 77' lang='lat' dir='ltr'><strong>At‘</strong></span> <span class='ocrx_word' id='word_1_75' title='bbox 681 1006 830 1075; x_wconf 77' lang='grc' dir='ltr'><strong>ἡμᾶς</strong></span> <span class='ocrx_word' id='word_1_76' title='bbox 881 1005 989 1075; x_wconf 85' lang='grc' dir='ltr'><strong>γὰρ</strong></span> <span class='ocrx_word' id='word_1_77' title='bbox 1036 1006 1185 1058; x_wconf 83' lang='grc' dir='ltr'><strong>πᾶσα</strong></span> <span class='ocrx_word' id='word_1_78' title='bbox 1238 1006 1272 1075; x_wconf 86' lang='grc' dir='ltr'><strong>ἡ</strong></span> <span class='ocrx_word' id='word_1_79' title='bbox 1333 1004 1715 1076; x_wconf 82' lang='grc' dir='ltr'><strong>φιλάνθρωπος</strong></span> <span class='ocrx_word' id='word_1_80' title='bbox 1764 1002 1858 1057; x_wconf 82' lang='grc' dir='ltr'><strong>τοῦ</strong></span> 
     </span>
    </p>
   </div>
   <div class='ocr_carea' id='block_1_13' title="bbox 256 1094 1860 1168">
    <p class='ocr_par' dir='ltr' id='par_1_13' title="bbox 256 1094 1860 1168">
     <span class='ocr_line' id='line_1_13' title="bbox 256 1094 1860 1168; baseline -0.001 -20"><span class='ocrx_word' id='word_1_81' title='bbox 256 1096 547 1149; x_wconf 71' lang='grc' dir='ltr'><strong>Δεσπότου</strong></span> <span class='ocrx_word' id='word_1_82' title='bbox 582 1096 867 1167; x_wconf 75' lang='grc' dir='ltr'><strong>οἰκονομία</strong></span> <span class='ocrx_word' id='word_1_83' title='bbox 902 1096 1117 1165; x_wconf 88' lang='grc' dir='ltr'><strong>γέγονε,</strong></span> <span class='ocrx_word' id='word_1_84' title='bbox 1167 1097 1262 1151; x_wconf 73' lang='grc' dir='ltr'><strong>καὶ</strong></span> <span class='ocrx_word' id='word_1_85' title='bbox 1297 1096 1438 1168; x_wconf 76' lang='grc' dir='ltr'><strong>ὑπὲρ</strong></span> <span class='ocrx_word' id='word_1_86' title='bbox 1487 1095 1644 1167; x_wconf 81' lang='grc' dir='ltr'><strong>ἡμῶν</strong></span> <span class='ocrx_word' id='word_1_87' title='bbox 1694 1094 1860 1166; x_wconf 77' lang='grc' dir='ltr'><strong>σαρκὶ</strong></span> 
     </span>
    </p>
   </div>
   <div class='ocr_carea' id='block_1_14' title="bbox 257 1186 1857 1260">
    <p class='ocr_par' dir='ltr' id='par_1_14' title="bbox 257 1186 1857 1260">
     <span class='ocr_line' id='line_1_14' title="bbox 257 1186 1857 1260; baseline 0.001 -22"><span class='ocrx_word' id='word_1_88' title='bbox 257 1186 506 1241; x_wconf 81' lang='grc' dir='ltr'><strong>θανάτου</strong></span> <span class='ocrx_word' id='word_1_89' title='bbox 540 1186 805 1254; x_wconf 71' lang='grc' dir='ltr'><strong>ἐγεύσατο</strong></span> <span class='ocrx_word' id='word_1_90' title='bbox 824 1189 852 1240; x_wconf 82' lang='grc' dir='ltr'>ὁ</span> <span class='ocrx_word' id='word_1_91' title='bbox 878 1187 1167 1252; x_wconf 88' lang='grc' dir='ltr'><strong>ἀθάνατος.</strong></span> <span class='ocrx_word' id='word_1_92' title='bbox 1192 1189 1230 1242; x_wconf 86' lang='grc' dir='ltr'><strong><em>Γ</em></strong></span> <span class='ocrx_word' id='word_1_93' title='bbox 1233 1186 1483 1259; x_wconf 85' lang='grc' dir='ltr'><strong>ενώμεθα</strong></span> <span class='ocrx_word' id='word_1_94' title='bbox 1507 1187 1583 1250; x_wconf 83' lang='grc' dir='ltr'><strong>ὡς</strong></span> <span class='ocrx_word' id='word_1_95' title='bbox 1602 1186 1857 1260; x_wconf 73' lang='grc' dir='ltr'><strong>Χριστος,</strong></span> 
     </span>
    </p>
   </div>
   <div class='ocr_carea' id='block_1_15' title="bbox 258 1277 1857 1351">
    <p class='ocr_par' dir='ltr' id='par_1_15' title="bbox 258 1277 1857 1351">
     <span class='ocr_line' id='line_1_15' title="bbox 258 1277 1857 1351; baseline 0.001 -21"><span class='ocrx_word' id='word_1_96' title='bbox 258 1278 392 1330; x_wconf 70' lang='grc' dir='ltr'><strong>ιπεὶ</strong></span> <span class='ocrx_word' id='word_1_97' title='bbox 427 1277 522 1332; x_wconf 79' lang='grc' dir='ltr'><strong>καὶ</strong></span> <span class='ocrx_word' id='word_1_98' title='bbox 552 1277 787 1348; x_wconf 85' lang='grc' dir='ltr'><strong>Χριστὸς</strong></span> <span class='ocrx_word' id='word_1_99' title='bbox 816 1277 892 1341; x_wconf 88' lang='grc' dir='ltr'><strong>ὡς</strong></span> <span class='ocrx_word' id='word_1_100' title='bbox 930 1279 1113 1350; x_wconf 85' lang='grc' dir='ltr'><strong>ἡμεῖς.</strong></span> <span class='ocrx_word' id='word_1_101' title='bbox 1159 1279 1217 1332; x_wconf 85' lang='grc'><strong>’0</strong></span> <span class='ocrx_word' id='word_1_102' title='bbox 1246 1278 1549 1351; x_wconf 79' lang='grc' dir='ltr'><strong>κορυφαῖὸς</strong></span> <span class='ocrx_word' id='word_1_103' title='bbox 1581 1296 1713 1348; x_wconf 80' lang='grc' dir='ltr'><strong>φησι</strong></span> <span class='ocrx_word' id='word_1_104' title='bbox 1752 1279 1857 1332; x_wconf 83' lang='grc' dir='ltr'><strong>Πέ-</strong></span> 
     </span>
    </p>
   </div>
   <div class='ocr_carea' id='block_1_16' title="bbox 260 1369 1860 1441">
    <p class='ocr_par' dir='ltr' id='par_1_16' title="bbox 260 1369 1860 1441">
     <span class='ocr_line' id='line_1_16' title="bbox 260 1369 1860 1441; baseline -0.001 -18"><span class='ocrx_word' id='word_1_105' title='bbox 260 1387 420 1441; x_wconf 81' lang='grc' dir='ltr'><strong>τρος,</strong></span> <span class='ocrx_word' id='word_1_106' title='bbox 466 1371 547 1423; x_wconf 81' lang='grc' dir='ltr'><strong>ὅτι</strong></span> <span class='ocrx_word' id='word_1_107' title='bbox 572 1370 828 1439; x_wconf 81' lang='grc' dir='ltr'><strong>Χριστὸς</strong></span> <span class='ocrx_word' id='word_1_108' title='bbox 864 1370 1086 1425; x_wconf 77' lang='grc' dir='ltr'><strong>ἔπαθεν</strong></span> <span class='ocrx_word' id='word_1_109' title='bbox 1115 1370 1267 1440; x_wconf 77' lang='grc' dir='ltr'><strong>ὑπὲρ</strong></span> <span class='ocrx_word' id='word_1_110' title='bbox 1300 1370 1490 1440; x_wconf 76' lang='grc' dir='ltr'><strong>ἡμῶν,</strong></span> <span class='ocrx_word' id='word_1_111' title='bbox 1522 1369 1667 1439; x_wconf 75' lang='grc' dir='ltr'><strong>ἡμῖν</strong></span> <span class='ocrx_word' id='word_1_112' title='bbox 1714 1373 1860 1425; x_wconf 61' lang='grc' dir='ltr'><strong>ὑπο-</strong></span> 
     </span>
    </p>
   </div>
   <div class='ocr_carea' id='block_1_17' title="bbox 258 1460 1861 1534">
    <p class='ocr_par' dir='ltr' id='par_1_17' title="bbox 258 1460 1861 1534">
     <span class='ocr_line' id='line_1_17' title="bbox 258 1460 1861 1534; baseline -0.002 -16"><span class='ocrx_word' id='word_1_113' title='bbox 258 1462 584 1533; x_wconf 74' lang='grc' dir='ltr'><strong>λιμπάνων</strong></span> <span class='ocrx_word' id='word_1_114' title='bbox 624 1463 1033 1533; x_wconf 78' lang='grc' dir='ltr'><strong>ὑπογραμμὸν.</strong></span> <span class='ocrx_word' id='word_1_115' title='bbox 1067 1463 1265 1531; x_wconf 81' lang='grc' dir='ltr'><strong>Γέγονε</strong></span> <span class='ocrx_word' id='word_1_116' title='bbox 1292 1462 1401 1534; x_wconf 78' lang='grc' dir='ltr'><strong>γὰρ</strong></span> <span class='ocrx_word' id='word_1_117' title='bbox 1434 1465 1462 1515; x_wconf 87' lang='grc' dir='ltr'><strong>ὁ</strong></span> <span class='ocrx_word' id='word_1_118' title='bbox 1503 1460 1697 1533; x_wconf 70' lang='grc' dir='ltr'><strong>Σωτὴρ</strong></span> <span class='ocrx_word' id='word_1_119' title='bbox 1727 1462 1861 1515; x_wconf 81' lang='grc' dir='ltr'><strong>ὑπο-</strong></span> 
     </span>
    </p>
   </div>
   <div class='ocr_carea' id='block_1_18' title="bbox 260 1553 1859 1627">
    <p class='ocr_par' dir='ltr' id='par_1_18' title="bbox 260 1553 1859 1627">
     <span class='ocr_line' id='line_1_18' title="bbox 260 1553 1859 1627; baseline -0.001 -19"><span class='ocrx_word' id='word_1_120' title='bbox 260 1554 530 1627; x_wconf 78' lang='grc' dir='ltr'><strong>γραμμδς</strong></span> <span class='ocrx_word' id='word_1_121' title='bbox 591 1558 705 1618; x_wconf 81' lang='grc' dir='ltr'><strong>τοῖς</strong></span> <span class='ocrx_word' id='word_1_122' title='bbox 758 1553 1089 1627; x_wconf 84' lang='grc' dir='ltr'><strong>ἀνθρώποις,</strong></span> <span class='ocrx_word' id='word_1_123' title='bbox 1145 1554 1486 1625; x_wconf 81' lang='grc' dir='ltr'><strong>τυπούμενος</strong></span> <span class='ocrx_word' id='word_1_124' title='bbox 1531 1555 1714 1617; x_wconf 82' lang='grc' dir='ltr'><strong>αὐτοῖς</strong></span> <span class='ocrx_word' id='word_1_125' title='bbox 1766 1554 1859 1607; x_wconf 74' lang='grc' dir='ltr'><strong>καὶ</strong></span> 
     </span>
    </p>
   </div>
   <div class='ocr_carea' id='block_1_19' title="bbox 261 1646 1855 1719">
    <p class='ocr_par' dir='ltr' id='par_1_19' title="bbox 261 1646 1855 1719">
     <span class='ocr_line' id='line_1_19' title="bbox 261 1646 1855 1719; baseline -0.001 -19"><span class='ocrx_word' id='word_1_126' title='bbox 261 1648 566 1719; x_wconf 81' lang='grc' dir='ltr'><strong>λαμϐάνων</strong></span> <span class='ocrx_word' id='word_1_127' title='bbox 600 1647 831 1712; x_wconf 84' lang='grc' dir='ltr'><strong>ἀπαθῶς</strong></span> <span class='ocrx_word' id='word_1_128' title='bbox 869 1647 938 1701; x_wconf 92' lang='grc' dir='ltr'><strong>τά</strong></span> <span class='ocrx_word' id='word_1_129' title='bbox 974 1650 1224 1719; x_wconf 81' lang='grc' dir='ltr'><strong>νοήματα</strong></span> <span class='ocrx_word' id='word_1_130' title='bbox 1252 1648 1347 1701; x_wconf 76' lang='grc' dir='ltr'><strong>τοῦ</strong></span> <span class='ocrx_word' id='word_1_131' title='bbox 1390 1648 1596 1718; x_wconf 82' lang='grc' dir='ltr'><strong>κόσμου</strong></span> <span class='ocrx_word' id='word_1_132' title='bbox 1642 1646 1855 1700; x_wconf 84' lang='grc' dir='ltr'><strong>τούτου.</strong></span> 
     </span>
    </p>
   </div>
   <div class='ocr_carea' id='block_1_20' title="bbox 1962 446 3548 521">
    <p class='ocr_par' dir='ltr' id='par_1_20' title="bbox 1962 446 3548 521">
     <span class='ocr_line' id='line_1_20' title="bbox 1962 446 3548 521; baseline 0.001 -20"><span class='ocrx_word' id='word_1_133' title='bbox 1962 447 2086 504; x_wconf 92' lang='lat' dir='ltr'><strong>aliis</strong></span> <span class='ocrx_word' id='word_1_134' title='bbox 2125 446 2258 504; x_wconf 78' lang='lat' dir='ltr'><strong>facti</strong></span> <span class='ocrx_word' id='word_1_135' title='bbox 2298 456 2516 504; x_wconf 91' lang='lat' dir='ltr'><strong>nosmet</strong></span> <span class='ocrx_word' id='word_1_136' title='bbox 2552 447 2974 520; x_wconf 74' lang='lat' dir='ltr'><strong>haudquaquam</strong></span> <span class='ocrx_word' id='word_1_137' title='bbox 3010 450 3386 521; x_wconf 72' lang='lat' dir='ltr'><strong>agnoscimus,</strong></span> <span class='ocrx_word' id='word_1_138' title='bbox 3419 464 3548 521; x_wconf 85' lang='lat' dir='ltr'><strong>per-</strong></span> 
     </span>
    </p>
   </div>
   <div class='ocr_carea' id='block_1_21' title="bbox 1960 538 3550 611">
    <p class='ocr_par' dir='ltr' id='par_1_21' title="bbox 1960 538 3550 611">
     <span class='ocr_line' id='line_1_21' title="bbox 1960 538 3550 611; baseline 0 -17"><span class='ocrx_word' id='word_1_139' title='bbox 1960 539 2090 596; x_wconf 86' lang='lat' dir='ltr'><strong>inde</strong></span> <span class='ocrx_word' id='word_1_140' title='bbox 2124 555 2260 597; x_wconf 85' lang='lat' dir='ltr'><strong>sane</strong></span> <span class='ocrx_word' id='word_1_141' title='bbox 2308 554 2372 596; x_wconf 89' lang='lat' dir='ltr'><strong>ac</strong></span> <span class='ocrx_word' id='word_1_142' title='bbox 2424 540 2470 596; x_wconf 92' lang='lat' dir='ltr'><strong>si</strong></span> <span class='ocrx_word' id='word_1_143' title='bbox 2521 541 2646 611; x_wconf 85' lang='lat' dir='ltr'><strong>quis</strong></span> <span class='ocrx_word' id='word_1_144' title='bbox 2693 539 2749 594; x_wconf 93' lang='lat' dir='ltr'><strong>in</strong></span> <span class='ocrx_word' id='word_1_145' title='bbox 2786 540 2954 595; x_wconf 87' lang='lat' dir='ltr'><strong>alium</strong></span> <span class='ocrx_word' id='word_1_146' title='bbox 3001 542 3276 597; x_wconf 82' lang='lat' dir='ltr'><strong>hominem</strong></span> <span class='ocrx_word' id='word_1_147' title='bbox 3311 538 3550 596; x_wconf 83' lang='lat' dir='ltr'><strong>transla-</strong></span> 
     </span>
    </p>
   </div>
   <div class='ocr_carea' id='block_1_22' title="bbox 1966 632 3551 705">
    <p class='ocr_par' dir='ltr' id='par_1_22' title="bbox 1966 632 3551 705">
     <span class='ocr_line' id='line_1_22' title="bbox 1966 632 3551 705; baseline 0 -18"><span class='ocrx_word' id='word_1_148' title='bbox 1966 640 2078 698; x_wconf 91' lang='lat' dir='ltr'><strong>tus,</strong></span> <span class='ocrx_word' id='word_1_149' title='bbox 2100 633 2336 689; x_wconf 77' lang='lat' dir='ltr'><strong>afﬁrmet</strong></span> <span class='ocrx_word' id='word_1_150' title='bbox 2362 649 2422 690; x_wconf 91' lang='lat' dir='ltr'><strong>se</strong></span> <span class='ocrx_word' id='word_1_151' title='bbox 2447 633 2552 689; x_wconf 86' lang='lat' dir='ltr'><strong>sibi</strong></span> <span class='ocrx_word' id='word_1_152' title='bbox 2586 634 2691 705; x_wconf 89' lang='lat' dir='ltr'><strong>ipsi</strong></span> <span class='ocrx_word' id='word_1_153' title='bbox 2717 633 2964 705; x_wconf 86' lang='lat' dir='ltr'><strong>ignotum</strong></span> <span class='ocrx_word' id='word_1_154' title='bbox 2982 649 3128 698; x_wconf 86' lang='lat' dir='ltr'><strong>esse,</strong></span> <span class='ocrx_word' id='word_1_155' title='bbox 3154 640 3381 705; x_wconf 90' lang='lat' dir='ltr'><strong>propter</strong></span> <span class='ocrx_word' id='word_1_156' title='bbox 3402 632 3551 702; x_wconf 45' lang='lat' dir='ltr'><strong>ejusq-</strong></span> 
     </span>
    </p>
   </div>
   <div class='ocr_carea' id='block_1_23' title="bbox 1961 724 3541 799">
    <p class='ocr_par' dir='ltr' id='par_1_23' title="bbox 1961 724 3541 799">
     <span class='ocr_line' id='line_1_23' title="bbox 1961 724 3541 799; baseline -0.003 -18"><span class='ocrx_word' id='word_1_157' title='bbox 1961 726 2107 781; x_wconf 87' lang='lat' dir='ltr'><strong>modi</strong></span> <span class='ocrx_word' id='word_1_158' title='bbox 2145 726 2600 781; x_wconf 79' lang='lat' dir='ltr'><strong>immutationem.</strong></span> <span class='ocrx_word' id='word_1_159' title='bbox 2649 725 3020 799; x_wconf 89' lang='lat' dir='ltr'><strong>lntelligamus</strong></span> <span class='ocrx_word' id='word_1_160' title='bbox 3067 726 3253 797; x_wconf 82' lang='lat' dir='ltr'><strong>igitur,</strong></span> <span class='ocrx_word' id='word_1_161' title='bbox 3271 724 3463 796; x_wconf 86' lang='lat' dir='ltr'><strong>quales</strong></span> <span class='ocrx_word' id='word_1_162' title='bbox 3510 739 3541 777; x_wconf 86' lang='lat' dir='ltr'><strong>a</strong></span> 
     </span>
    </p>
   </div>
   <div class='ocr_carea' id='block_1_24' title="bbox 1962 816 3541 889">
    <p class='ocr_par' dir='ltr' id='par_1_24' title="bbox 1962 816 3541 889">
     <span class='ocr_line' id='line_1_24' title="bbox 1962 816 3541 889; baseline -0.002 -16"><span class='ocrx_word' id='word_1_163' title='bbox 1962 817 2073 874; x_wconf 84' lang='lat' dir='ltr'><strong>Deo</strong></span> <span class='ocrx_word' id='word_1_164' title='bbox 2101 819 2272 873; x_wconf 83' lang='lat' dir='ltr'><strong>creati</strong></span> <span class='ocrx_word' id='word_1_165' title='bbox 2313 833 2523 883; x_wconf 85' lang='lat' dir='ltr'><strong>sumus,</strong></span> <span class='ocrx_word' id='word_1_166' title='bbox 2556 828 2720 889; x_wconf 84' lang='lat' dir='ltr'><strong>atque</strong></span> <span class='ocrx_word' id='word_1_167' title='bbox 2764 820 3043 889; x_wconf 73' lang='lat' dir='ltr'><strong>exemplar</strong></span> <span class='ocrx_word' id='word_1_168' title='bbox 3074 825 3325 874; x_wconf 89' lang='lat' dir='ltr'><strong>nostrum</strong></span> <span class='ocrx_word' id='word_1_169' title='bbox 3363 816 3541 870; x_wconf 88' lang='lat' dir='ltr'><strong>hono-</strong></span> 
     </span>
    </p>
   </div>
   <div class='ocr_carea' id='block_1_25' title="bbox 1961 909 3541 984">
    <p class='ocr_par' dir='ltr' id='par_1_25' title="bbox 1961 909 3541 984">
     <span class='ocr_line' id='line_1_25' title="bbox 1961 909 3541 984; baseline -0.002 -18"><span class='ocrx_word' id='word_1_170' title='bbox 1961 927 2169 974; x_wconf 86' lang='lat' dir='ltr'><strong>remus,</strong></span> <span class='ocrx_word' id='word_1_171' title='bbox 2201 911 2460 965; x_wconf 84' lang='lat' dir='ltr'><strong>nimirum</strong></span> <span class='ocrx_word' id='word_1_172' title='bbox 2497 912 2786 984; x_wconf 80' lang='lat' dir='ltr'><strong>imaginem</strong></span> <span class='ocrx_word' id='word_1_173' title='bbox 2811 929 2840 967; x_wconf 93' lang='lat' dir='ltr'><strong>a</strong></span> <span class='ocrx_word' id='word_1_174' title='bbox 2869 914 3125 967; x_wconf 91' lang='lat' dir='ltr'><strong>vitiorum</strong></span> <span class='ocrx_word' id='word_1_175' title='bbox 3151 910 3410 967; x_wconf 82' lang='lat' dir='ltr'><strong>sordibus</strong></span> <span class='ocrx_word' id='word_1_176' title='bbox 3438 909 3541 964; x_wconf 92' lang='lat' dir='ltr'><strong>im-</strong></span> 
     </span>
    </p>
   </div>
   <div class='ocr_carea' id='block_1_26' title="bbox 1962 1003 3546 1062">
    <p class='ocr_par' dir='ltr' id='par_1_26' title="bbox 1962 1003 3546 1062">
     <span class='ocr_line' id='line_1_26' title="bbox 1962 1003 3546 1062; baseline -0.003 -1"><span class='ocrx_word' id='word_1_177' title='bbox 1962 1021 2185 1061; x_wconf 91' lang='lat' dir='ltr'><strong>munem</strong></span> <span class='ocrx_word' id='word_1_178' title='bbox 2218 1005 2511 1062; x_wconf 79' lang='lat' dir='ltr'><strong>servando.</strong></span> <span class='ocrx_word' id='word_1_179' title='bbox 2552 1005 2731 1062; x_wconf 81' lang='lat' dir='ltr'><strong>Porro</strong></span> <span class='ocrx_word' id='word_1_180' title='bbox 2761 1008 2849 1062; x_wconf 89' lang='lat' dir='ltr'><strong>hic</strong></span> <span class='ocrx_word' id='word_1_181' title='bbox 2885 1007 3064 1062; x_wconf 82' lang='lat' dir='ltr'><strong>honor.</strong></span> <span class='ocrx_word' id='word_1_182' title='bbox 3100 1008 3169 1060; x_wconf 79' lang='lat' dir='ltr'><strong>in</strong></span> <span class='ocrx_word' id='word_1_183' title='bbox 3187 1003 3546 1060; x_wconf 88' lang='lat' dir='ltr'><strong>accuratissi-</strong></span> 
     </span>
    </p>
   </div>
   <div class='ocr_carea' id='block_1_27' title="bbox 1963 1094 3547 1169">
    <p class='ocr_par' dir='ltr' id='par_1_27' title="bbox 1963 1094 3547 1169">
     <span class='ocr_line' id='line_1_27' title="bbox 1963 1094 3547 1169; baseline 0 -17"><span class='ocrx_word' id='word_1_184' title='bbox 1963 1115 2049 1152; x_wconf 89' lang='lat' dir='ltr'><strong>ma</strong></span> <span class='ocrx_word' id='word_1_185' title='bbox 2076 1098 2382 1154; x_wconf 86' lang='lat' dir='ltr'><strong>imitatione</strong></span> <span class='ocrx_word' id='word_1_186' title='bbox 2413 1098 2691 1161; x_wconf 81' lang='lat' dir='ltr'><strong>consistit,</strong></span> <span class='ocrx_word' id='word_1_187' title='bbox 2715 1114 2839 1154; x_wconf 85' lang='lat' dir='ltr'><strong>cum</strong></span> <span class='ocrx_word' id='word_1_188' title='bbox 2873 1100 3191 1169; x_wconf 77' lang='lat' dir='ltr'><strong>exemplum.</strong></span> <span class='ocrx_word' id='word_1_189' title='bbox 3211 1094 3547 1166; x_wconf 78' lang='lat' dir='ltr'><strong>exemplaris</strong></span> 
     </span>
    </p>
   </div>
   <div class='ocr_carea' id='block_1_28' title="bbox 1963 1187 3542 1260">
    <p class='ocr_par' dir='ltr' id='par_1_28' title="bbox 1963 1187 3542 1260">
     <span class='ocr_line' id='line_1_28' title="bbox 1963 1187 3542 1260; baseline -0.003 -15"><span class='ocrx_word' id='word_1_190' title='bbox 1963 1191 2050 1245; x_wconf 88' lang='lat' dir='ltr'><strong>sui</strong></span> <span class='ocrx_word' id='word_1_191' title='bbox 2104 1190 2524 1247; x_wconf 72' lang='lat' dir='ltr'><strong>similitudinem</strong></span> <span class='ocrx_word' id='word_1_192' title='bbox 2583 1192 2858 1247; x_wconf 74' lang='lat' dir='ltr'><strong>retulerit.</strong></span> <span class='ocrx_word' id='word_1_193' title='bbox 2897 1190 3019 1246; x_wconf 77' lang='lat' dir='ltr'><strong>Vim</strong></span> <span class='ocrx_word' id='word_1_194' title='bbox 3066 1191 3243 1246; x_wconf 84' lang='lat' dir='ltr'><strong>etiam</strong></span> <span class='ocrx_word' id='word_1_195' title='bbox 3288 1187 3542 1260; x_wconf 81' lang='lat' dir='ltr'><strong>mysterii</strong></span> 
     </span>
    </p>
   </div>
   <div class='ocr_carea' id='block_1_29' title="bbox 1960 1280 3545 1353">
    <p class='ocr_par' dir='ltr' id='par_1_29' title="bbox 1960 1280 3545 1353">
     <span class='ocr_line' id='line_1_29' title="bbox 1960 1280 3545 1353; baseline -0.001 -16"><span class='ocrx_word' id='word_1_196' title='bbox 1960 1297 2382 1353; x_wconf 75' lang='lat' dir='ltr'><strong>cognoscamus,</strong></span> <span class='ocrx_word' id='word_1_197' title='bbox 2416 1283 2469 1338; x_wconf 89' lang='lat' dir='ltr'><strong>id</strong></span> <span class='ocrx_word' id='word_1_198' title='bbox 2495 1291 2598 1349; x_wconf 86' lang='lat' dir='ltr'><strong>est,</strong></span> <span class='ocrx_word' id='word_1_199' title='bbox 2651 1284 2775 1340; x_wconf 80' lang='lat' dir='ltr'><strong>festi</strong></span> <span class='ocrx_word' id='word_1_200' title='bbox 2820 1298 3041 1339; x_wconf 85' lang='lat' dir='ltr'><strong>causam</strong></span> <span class='ocrx_word' id='word_1_201' title='bbox 3068 1290 3129 1337; x_wconf 88' lang='lat' dir='ltr'><strong>et.</strong></span> <span class='ocrx_word' id='word_1_202' title='bbox 3152 1297 3400 1353; x_wconf 68' lang='lat' dir='ltr'><strong>scopum.</strong></span> <span class='ocrx_word' id='word_1_203' title='bbox 3436 1280 3545 1336; x_wconf 78' lang='lat' dir='ltr'><strong>No—</strong></span> 
     </span>
    </p>
   </div>
   <div class='ocr_carea' id='block_1_30' title="bbox 1960 1374 3546 1432">
    <p class='ocr_par' dir='ltr' id='par_1_30' title="bbox 1960 1374 3546 1432">
     <span class='ocr_line' id='line_1_30' title="bbox 1960 1374 3546 1432; baseline 0 -2"><span class='ocrx_word' id='word_1_204' title='bbox 1960 1382 2075 1430; x_wconf 91' lang='lat' dir='ltr'><strong>stra</strong></span> <span class='ocrx_word' id='word_1_205' title='bbox 2122 1376 2325 1431; x_wconf 89' lang='lat' dir='ltr'><strong>etenim</strong></span> <span class='ocrx_word' id='word_1_206' title='bbox 2371 1390 2538 1432; x_wconf 86' lang='lat' dir='ltr'><strong>causa</strong></span> <span class='ocrx_word' id='word_1_207' title='bbox 2587 1383 2759 1431; x_wconf 82' lang='lat' dir='ltr'><strong>totum</strong></span> <span class='ocrx_word' id='word_1_208' title='bbox 2799 1374 3201 1431; x_wconf 74' lang='lat' dir='ltr'><strong>incarnationis</strong></span> <span class='ocrx_word' id='word_1_209' title='bbox 3244 1374 3546 1430; x_wconf 68' lang='lat' dir='ltr'><strong>Dominicze</strong></span> 
     </span>
    </p>
   </div>
   <div class='ocr_carea' id='block_1_31' title="bbox 1961 1464 3543 1537">
    <p class='ocr_par' dir='ltr' id='par_1_31' title="bbox 1961 1464 3543 1537">
     <span class='ocr_line' id='line_1_31' title="bbox 1961 1464 3543 1537; baseline 0.001 -19"><span class='ocrx_word' id='word_1_210' title='bbox 1961 1464 2283 1537; x_wconf 71' lang='lat' dir='ltr'><strong>mysterium</strong></span> <span class='ocrx_word' id='word_1_211' title='bbox 2317 1465 2582 1536; x_wconf 82' lang='lat' dir='ltr'><strong>contigit,</strong></span> <span class='ocrx_word' id='word_1_212' title='bbox 2614 1474 2779 1537; x_wconf 86' lang='lat' dir='ltr'><strong>atque</strong></span> <span class='ocrx_word' id='word_1_213' title='bbox 2814 1465 3144 1521; x_wconf 85' lang='lat' dir='ltr'><strong>immortalis</strong></span> <span class='ocrx_word' id='word_1_214' title='bbox 3187 1465 3278 1520; x_wconf 82' lang='lat' dir='ltr'><strong>ille</strong></span> <span class='ocrx_word' id='word_1_215' title='bbox 3312 1473 3543 1521; x_wconf 86' lang='lat' dir='ltr'><strong>mortem</strong></span> 
     </span>
    </p>
   </div>
   <div class='ocr_carea' id='block_1_32' title="bbox 1961 1556 3544 1629">
    <p class='ocr_par' dir='ltr' id='par_1_32' title="bbox 1961 1556 3544 1629">
     <span class='ocr_line' id='line_1_32' title="bbox 1961 1556 3544 1629; baseline 0.002 -18"><span class='ocrx_word' id='word_1_216' title='bbox 1961 1572 2064 1628; x_wconf 90' lang='lat' dir='ltr'><strong>pro</strong></span> <span class='ocrx_word' id='word_1_217' title='bbox 2098 1557 2257 1613; x_wconf 84' lang='lat' dir='ltr'><strong>nobis</strong></span> <span class='ocrx_word' id='word_1_218' title='bbox 2307 1568 2571 1629; x_wconf 85' lang='lat' dir='ltr'><strong>quantum</strong></span> <span class='ocrx_word' id='word_1_219' title='bbox 2613 1558 2682 1613; x_wconf 85' lang='lat' dir='ltr'><strong>ad</strong></span> <span class='ocrx_word' id='word_1_220' title='bbox 2726 1574 2950 1612; x_wconf 86' lang='lat' dir='ltr'><strong>carnem</strong></span> <span class='ocrx_word' id='word_1_221' title='bbox 2988 1556 3319 1629; x_wconf 75' lang='lat' dir='ltr'><strong>degustavit.</strong></span> <span class='ocrx_word' id='word_1_222' title='bbox 3358 1556 3544 1614; x_wconf 81' lang='lat' dir='ltr'><strong>Simus</strong></span> 
     </span>
    </p>
   </div>
   <div class='ocr_carea' id='block_1_33' title="bbox 1961 1652 3541 1723">
    <p class='ocr_par' dir='ltr' id='par_1_33' title="bbox 1961 1652 3541 1723">
     <span class='ocr_line' id='line_1_33' title="bbox 1961 1652 3541 1723; baseline 0.001 -16"><span class='ocrx_word' id='word_1_223' title='bbox 1961 1660 2022 1707; x_wconf 91' lang='lat' dir='ltr'><strong>ut</strong></span> <span class='ocrx_word' id='word_1_224' title='bbox 2059 1652 2335 1717; x_wconf 86' lang='lat' dir='ltr'><strong>Christus,</strong></span> <span class='ocrx_word' id='word_1_225' title='bbox 2373 1652 2634 1722; x_wconf 83' lang='lat' dir='ltr'><strong>quoniam</strong></span> <span class='ocrx_word' id='word_1_226' title='bbox 2680 1652 2936 1708; x_wconf 73' lang='lat' dir='ltr'><strong>Christus</strong></span> <span class='ocrx_word' id='word_1_227' title='bbox 2972 1667 3196 1723; x_wconf 84' lang='lat' dir='ltr'><strong>quoque</strong></span> <span class='ocrx_word' id='word_1_228' title='bbox 3239 1653 3385 1707; x_wconf 88' lang='lat' dir='ltr'><strong>sicut</strong></span> <span class='ocrx_word' id='word_1_229' title='bbox 3415 1667 3541 1710; x_wconf 87' lang='lat' dir='ltr'><strong>nos.</strong></span> 
     </span>
    </p>
   </div>
   <div class='ocr_carea' id='block_1_34' title="bbox 262 1737 1854 1817">
    <p class='ocr_par' dir='ltr' id='par_1_34' title="bbox 262 1737 1854 1813">
     <span class='ocr_line' id='line_1_34' title="bbox 262 1737 1854 1813; baseline -0.001 -20"><span class='ocrx_word' id='word_1_230' title='bbox 262 1742 343 1795; x_wconf 76' lang='grc' dir='ltr'>Τὸ</span> <span class='ocrx_word' id='word_1_231' title='bbox 368 1737 484 1803; x_wconf 80' lang='grc' dir='ltr'><strong>οὖν,</strong></span> <span class='ocrx_word' id='word_1_232' title='bbox 524 1740 822 1813; x_wconf 81' lang='grc' dir='ltr'><strong>Γενὼμεθα</strong></span> <span class='ocrx_word' id='word_1_233' title='bbox 853 1741 929 1805; x_wconf 86' lang='grc' dir='ltr'><strong>ὡς</strong></span> <span class='ocrx_word' id='word_1_234' title='bbox 962 1742 1218 1812; x_wconf 80' lang='grc' dir='ltr'><strong>Χριστὸς,</strong></span> <span class='ocrx_word' id='word_1_235' title='bbox 1250 1741 1394 1795; x_wconf 72' lang='grc' dir='ltr'><strong>οὕτω</strong></span> <span class='ocrx_word' id='word_1_236' title='bbox 1420 1744 1652 1813; x_wconf 75' lang='grc' dir='ltr'><strong>νοήσεις·</strong></span> <span class='ocrx_word' id='word_1_237' title='bbox 1685 1739 1854 1793; x_wconf 75' lang='grc' dir='ltr'><strong>Γενώ-</strong></span> 
     </span>
    </p>
   </div>
   <div class='ocr_carea' id='block_1_35' title="bbox 1958 1737 3543 1817">
    <p class='ocr_par' dir='ltr' id='par_1_35' title="bbox 1962 1743 3543 1817">
     <span class='ocr_line' id='line_1_35' title="bbox 1962 1743 3543 1817; baseline -0.001 -17"><span class='ocrx_word' id='word_1_238' title='bbox 1962 1744 2160 1802; x_wconf 82' lang='lat' dir='ltr'><strong>Petrus</strong></span> <span class='ocrx_word' id='word_1_239' title='bbox 2206 1746 2579 1817; x_wconf 86' lang='lat' dir='ltr'><strong>apostolorum</strong></span> <span class='ocrx_word' id='word_1_240' title='bbox 2620 1745 2879 1816; x_wconf 77' lang='lat' dir='ltr'><strong>princeps</strong></span> <span class='ocrx_word' id='word_1_241' title='bbox 2915 1745 2992 1798; x_wconf 92' lang='lat' dir='ltr'><strong>ait</strong></span> <span class='ocrx_word' id='word_1_242' title='bbox 3028 1743 3314 1799; x_wconf 80' lang='lat' dir='ltr'><strong>:Christus</strong></span> <span class='ocrx_word' id='word_1_243' title='bbox 3350 1760 3543 1814; x_wconf 75' lang='lat' dir='ltr'><strong>passus</strong></span> 
     </span>
    </p>
   </div>
   <div class='ocr_carea' id='block_1_36' title="bbox 267 1833 1854 1906">
    <p class='ocr_par' dir='ltr' id='par_1_36' title="bbox 267 1833 1854 1906">
     <span class='ocr_line' id='line_1_36' title="bbox 267 1833 1854 1906; baseline -0.001 -19"><span class='ocrx_word' id='word_1_244' title='bbox 267 1834 412 1905; x_wconf 84' lang='grc' dir='ltr'><strong>μεθα</strong></span> <span class='ocrx_word' id='word_1_245' title='bbox 452 1835 685 1906; x_wconf 75' lang='grc' dir='ltr'><strong>καθαροὶ</strong></span> <span class='ocrx_word' id='word_1_246' title='bbox 721 1836 816 1888; x_wconf 77' lang='grc' dir='ltr'><strong>καὶ</strong></span> <span class='ocrx_word' id='word_1_247' title='bbox 867 1834 1135 1899; x_wconf 86' lang='grc' dir='ltr'><strong>ἀπαθεῖς,</strong></span> <span class='ocrx_word' id='word_1_248' title='bbox 1184 1835 1308 1887; x_wconf 71' lang='grc' dir='ltr'><strong>ἐπεὶ</strong></span> <span class='ocrx_word' id='word_1_249' title='bbox 1342 1834 1437 1888; x_wconf 74' lang='grc' dir='ltr'><strong>καὶ</strong></span> <span class='ocrx_word' id='word_1_250' title='bbox 1481 1833 1716 1905; x_wconf 82' lang='grc' dir='ltr'><strong>Χριστὸς</strong></span> <span class='ocrx_word' id='word_1_251' title='bbox 1754 1849 1854 1885; x_wconf 89' lang='grc' dir='ltr'><strong>τα-</strong></span> 
     </span>
    </p>
   </div>
   <div class='ocr_carea' id='block_1_37' title="bbox 261 1927 1854 1999">
    <p class='ocr_par' dir='ltr' id='par_1_37' title="bbox 261 1927 1854 1999">
     <span class='ocr_line' id='line_1_37' title="bbox 261 1927 1854 1999; baseline -0.002 -18"><span class='ocrx_word' id='word_1_252' title='bbox 261 1928 545 1991; x_wconf 80' lang='grc' dir='ltr'><strong>πεινώσας</strong></span> <span class='ocrx_word' id='word_1_253' title='bbox 586 1929 777 1982; x_wconf 80' lang='grc' dir='ltr'><strong>ἑαυτὸν</strong></span> <span class='ocrx_word' id='word_1_254' title='bbox 806 1930 901 1983; x_wconf 70' lang='grc' dir='ltr'><strong>καὶ</strong></span> <span class='ocrx_word' id='word_1_255' title='bbox 940 1928 1295 1997; x_wconf 80' lang='grc' dir='ltr'><strong>συγκαταϐὰς</strong></span> <span class='ocrx_word' id='word_1_256' title='bbox 1324 1930 1487 1999; x_wconf 82' lang='grc' dir='ltr'><strong>ἡμῖν,</strong></span> <span class='ocrx_word' id='word_1_257' title='bbox 1522 1927 1854 1998; x_wconf 81' lang='grc' dir='ltr'><strong>μεμένηκεν,</strong></span> 
     </span>
    </p>
   </div>
   <div class='ocr_carea' id='block_1_38' title="bbox 259 2016 1855 2091">
    <p class='ocr_par' dir='ltr' id='par_1_38' title="bbox 259 2016 1855 2091">
     <span class='ocr_line' id='line_1_38' title="bbox 259 2016 1855 2091; baseline -0.002 -17"><span class='ocrx_word' id='word_1_258' title='bbox 259 2021 404 2091; x_wconf 84' lang='grc' dir='ltr'><strong>ὅπερ</strong></span> <span class='ocrx_word' id='word_1_259' title='bbox 442 2016 531 2091; x_wconf 80' lang='grc' dir='ltr'><strong>ἦν,</strong></span> <span class='ocrx_word' id='word_1_260' title='bbox 562 2019 803 2091; x_wconf 77' lang='grc' dir='ltr'><strong>καθαρὸς</strong></span> <span class='ocrx_word' id='word_1_261' title='bbox 836 2022 931 2073; x_wconf 69' lang='grc' dir='ltr'><strong>καὶ</strong></span> <span class='ocrx_word' id='word_1_262' title='bbox 960 2019 1203 2089; x_wconf 85' lang='grc' dir='ltr'><strong>ἀπαθής·</strong></span> <span class='ocrx_word' id='word_1_263' title='bbox 1259 2019 1571 2089; x_wconf 81' lang='grc' dir='ltr'><strong>Ἃμαρτίαν</strong></span> <span class='ocrx_word' id='word_1_264' title='bbox 1610 2017 1715 2090; x_wconf 83' lang='grc' dir='ltr'><strong>γὰρ</strong></span> <span class='ocrx_word' id='word_1_265' title='bbox 1743 2019 1855 2071; x_wconf 79' lang='grc' dir='ltr'><strong>οὐκ</strong></span> 
     </span>
    </p>
   </div>
   <div class='ocr_carea' id='block_1_39' title="bbox 259 2109 1856 2181">
    <p class='ocr_par' dir='ltr' id='par_1_39' title="bbox 259 2109 1856 2181">
     <span class='ocr_line' id='line_1_39' title="bbox 259 2109 1856 2181; baseline -0.001 -15"><span class='ocrx_word' id='word_1_266' title='bbox 259 2114 580 2180; x_wconf 76' lang='grc' dir='ltr'><strong>ἐποίησεν,</strong></span> <span class='ocrx_word' id='word_1_267' title='bbox 610 2112 738 2166; x_wconf 82' lang='grc' dir='ltr'><strong>οὐδ’</strong></span> <span class='ocrx_word' id='word_1_268' title='bbox 762 2112 975 2181; x_wconf 79' lang='grc' dir='ltr'><strong>εὑρέθη</strong></span> <span class='ocrx_word' id='word_1_269' title='bbox 1015 2112 1198 2178; x_wconf 71' lang='grc' dir='ltr'><strong>δόλος</strong></span> <span class='ocrx_word' id='word_1_270' title='bbox 1238 2112 1307 2165; x_wconf 79' lang='grc' dir='ltr'><strong>ἐν</strong></span> <span class='ocrx_word' id='word_1_271' title='bbox 1345 2109 1425 2177; x_wconf 83' lang='grc' dir='ltr'><strong>τῷ</strong></span> <span class='ocrx_word' id='word_1_272' title='bbox 1465 2112 1715 2180; x_wconf 79' lang='grc' dir='ltr'><strong>στόματι</strong></span> <span class='ocrx_word' id='word_1_273' title='bbox 1746 2111 1856 2164; x_wconf 84' lang='grc' dir='ltr'><strong>αὑ-</strong></span> 
     </span>
    </p>
   </div>
   <div class='ocr_carea' id='block_1_40' title="bbox 260 2198 1856 2276">
    <p class='ocr_par' dir='ltr' id='par_1_40' title="bbox 260 2198 1856 2276">
     <span class='ocr_line' id='line_1_40' title="bbox 260 2198 1856 2276; baseline -0.003 -17"><span class='ocrx_word' id='word_1_274' title='bbox 260 2206 393 2261; x_wconf 70' lang='grc' dir='ltr'><strong>τοῦ.</strong></span> <span class='ocrx_word' id='word_1_275' title='bbox 440 2206 498 2260; x_wconf 86' lang='lat'><strong>&#39;0</strong></span> <span class='ocrx_word' id='word_1_276' title='bbox 535 2206 633 2276; x_wconf 84' lang='grc' dir='ltr'><strong>μὲν</strong></span> <span class='ocrx_word' id='word_1_277' title='bbox 666 2205 800 2269; x_wconf 84' lang='grc' dir='ltr'><strong>Θεὸς</strong></span> <span class='ocrx_word' id='word_1_278' title='bbox 823 2204 920 2268; x_wconf 83' lang='grc' dir='ltr'><strong>ὢν,</strong></span> <span class='ocrx_word' id='word_1_279' title='bbox 953 2204 1242 2276; x_wconf 83' lang='grc' dir='ltr'><strong>ἄνθρωπος</strong></span> <span class='ocrx_word' id='word_1_280' title='bbox 1265 2203 1482 2273; x_wconf 88' lang='grc' dir='ltr'><strong>γέγονε.</strong></span> <span class='ocrx_word' id='word_1_281' title='bbox 1510 2205 1604 2257; x_wconf 85' lang='grc' dir='ltr'><strong>Δεῖ</strong></span> <span class='ocrx_word' id='word_1_282' title='bbox 1635 2198 1730 2257; x_wconf 81' lang='grc' dir='ltr'><strong>οὖν</strong></span> <span class='ocrx_word' id='word_1_283' title='bbox 1762 2202 1856 2256; x_wconf 72' lang='grc' dir='ltr'><strong>καὶ</strong></span> 
     </span>
    </p>
   </div>
   <div class='ocr_carea' id='block_1_41' title="bbox 259 2295 1857 2370">
    <p class='ocr_par' dir='ltr' id='par_1_41' title="bbox 259 2295 1857 2370">
     <span class='ocr_line' id='line_1_41' title="bbox 259 2295 1857 2370; baseline -0.001 -19"><span class='ocrx_word' id='word_1_284' title='bbox 259 2301 452 2370; x_wconf 75' lang='grc' dir='ltr'><strong>ἡμᾶς,</strong></span> <span class='ocrx_word' id='word_1_285' title='bbox 489 2298 650 2363; x_wconf 72' lang='grc' dir='ltr'><strong>θεοὺς</strong></span> <span class='ocrx_word' id='word_1_286' title='bbox 694 2298 974 2368; x_wconf 86' lang='grc' dir='ltr'><strong>γενέσθαι.</strong></span> <span class='ocrx_word' id='word_1_287' title='bbox 1031 2298 1170 2351; x_wconf 78' lang='grc' dir='ltr'><strong>Ἀλλ’</strong></span> <span class='ocrx_word' id='word_1_288' title='bbox 1204 2298 1412 2360; x_wconf 75' lang='grc' dir='ltr'><strong>ἐκεῖνος</strong></span> <span class='ocrx_word' id='word_1_289' title='bbox 1448 2296 1546 2367; x_wconf 76' lang='grc' dir='ltr'><strong>μὲν</strong></span> <span class='ocrx_word' id='word_1_290' title='bbox 1589 2295 1657 2350; x_wconf 83' lang='grc' dir='ltr'><strong>δι’</strong></span> <span class='ocrx_word' id='word_1_291' title='bbox 1707 2297 1857 2367; x_wconf 77' lang='grc' dir='ltr'><strong>ἡμᾶς</strong></span> 
     </span>
    </p>
   </div>
   <div class='ocr_carea' id='block_1_42' title="bbox 259 2389 1856 2465">
    <p class='ocr_par' dir='ltr' id='par_1_42' title="bbox 259 2389 1856 2465">
     <span class='ocr_line' id='line_1_42' title="bbox 259 2389 1856 2465; baseline -0.002 -19"><span class='ocrx_word' id='word_1_292' title='bbox 259 2392 585 2465; x_wconf 83' lang='grc' dir='ltr'><strong>ἄνθρωπος,</strong></span> <span class='ocrx_word' id='word_1_293' title='bbox 619 2394 777 2462; x_wconf 81' lang='grc' dir='ltr'><strong>ἡμεῖς</strong></span> <span class='ocrx_word' id='word_1_294' title='bbox 809 2391 866 2444; x_wconf 80' lang='grc' dir='ltr'><strong>δὲ</strong></span> <span class='ocrx_word' id='word_1_295' title='bbox 899 2390 1038 2462; x_wconf 82' lang='grc' dir='ltr'><strong>ὑπὲρ</strong></span> <span class='ocrx_word' id='word_1_296' title='bbox 1069 2389 1279 2445; x_wconf 81' lang='grc' dir='ltr'><strong>ἑαυτῶν</strong></span> <span class='ocrx_word' id='word_1_297' title='bbox 1325 2389 1457 2443; x_wconf 88' lang='grc' dir='ltr'><strong>θεοί.</strong></span> <span class='ocrx_word' id='word_1_298' title='bbox 1508 2390 1619 2443; x_wconf 81' lang='grc' dir='ltr'><strong>Καὶ</strong></span> <span class='ocrx_word' id='word_1_299' title='bbox 1647 2390 1856 2452; x_wconf 74' lang='grc' dir='ltr'><strong>ἐκεῖνος</strong></span> 
     </span>
    </p>
   </div>
   <div class='ocr_carea' id='block_1_43' title="bbox 262 2482 1857 2555">
    <p class='ocr_par' dir='ltr' id='par_1_43' title="bbox 262 2482 1857 2555">
     <span class='ocr_line' id='line_1_43' title="bbox 262 2482 1857 2555; baseline -0.001 -18"><span class='ocrx_word' id='word_1_300' title='bbox 262 2485 368 2555; x_wconf 82' lang='grc' dir='ltr'><strong>μὲν</strong></span> <span class='ocrx_word' id='word_1_301' title='bbox 400 2484 521 2537; x_wconf 77' lang='grc' dir='ltr'><strong>ἀντὶ</strong></span> <span class='ocrx_word' id='word_1_302' title='bbox 555 2483 654 2553; x_wconf 73' lang='grc' dir='ltr'><strong>τῆς</strong></span> <span class='ocrx_word' id='word_1_303' title='bbox 688 2484 1000 2554; x_wconf 81' lang='grc' dir='ltr'><strong>ἀκροτάτης</strong></span> <span class='ocrx_word' id='word_1_304' title='bbox 1026 2482 1186 2554; x_wconf 80' lang='grc' dir='ltr'><strong>δόξης</strong></span> <span class='ocrx_word' id='word_1_305' title='bbox 1206 2526 1220 2548; x_wconf 89' lang='grc'><strong>,</strong></span> <span class='ocrx_word' id='word_1_306' title='bbox 1248 2482 1348 2553; x_wconf 85' lang='grc' dir='ltr'><strong>τὴν</strong></span> <span class='ocrx_word' id='word_1_307' title='bbox 1381 2482 1691 2555; x_wconf 77' lang='grc' dir='ltr'><strong>ἀκροτάτην</strong></span> <span class='ocrx_word' id='word_1_308' title='bbox 1727 2484 1857 2536; x_wconf 89' lang='grc' dir='ltr'><strong>ἀνα-</strong></span> 
     </span>
    </p>
   </div>
   <div class='ocr_carea' id='block_1_44' title="bbox 258 2574 1856 2647">
    <p class='ocr_par' dir='ltr' id='par_1_44' title="bbox 258 2574 1856 2647">
     <span class='ocr_line' id='line_1_44' title="bbox 258 2574 1856 2647; baseline 0 -19"><span class='ocrx_word' id='word_1_309' title='bbox 258 2576 564 2647; x_wconf 79' lang='grc' dir='ltr'><strong>).αϐὁμενος</strong></span> <span class='ocrx_word' id='word_1_310' title='bbox 599 2576 824 2645; x_wconf 79' lang='grc' dir='ltr'><strong>ἀτιμίαν</strong></span> <span class='ocrx_word' id='word_1_311' title='bbox 850 2593 861 2604; x_wconf 79' lang='grc'><em>’</em></span> <span class='ocrx_word' id='word_1_312' title='bbox 898 2577 1058 2645; x_wconf 76' lang='grc' dir='ltr'><strong>ἡμεῖς</strong></span> <span class='ocrx_word' id='word_1_313' title='bbox 1106 2574 1184 2640; x_wconf 77' lang='grc' dir='ltr'><strong>δὲ,</strong></span> <span class='ocrx_word' id='word_1_314' title='bbox 1224 2576 1346 2630; x_wconf 75' lang='grc' dir='ltr'><strong>ἀντὶ</strong></span> <span class='ocrx_word' id='word_1_315' title='bbox 1392 2575 1492 2646; x_wconf 83' lang='grc' dir='ltr'><strong>τῆς</strong></span> <span class='ocrx_word' id='word_1_316' title='bbox 1543 2575 1856 2647; x_wconf 83' lang='grc' dir='ltr'><strong>ἀκροτάτης</strong></span> 
     </span>
    </p>
   </div>
   <div class='ocr_carea' id='block_1_45' title="bbox 258 2667 1854 2741">
    <p class='ocr_par' dir='ltr' id='par_1_45' title="bbox 258 2667 1854 2741">
     <span class='ocr_line' id='line_1_45' title="bbox 258 2667 1854 2741; baseline -0.001 -17"><span class='ocrx_word' id='word_1_317' title='bbox 258 2670 513 2740; x_wconf 79' lang='grc' dir='ltr'><strong>ἀτιμίας,</strong></span> <span class='ocrx_word' id='word_1_318' title='bbox 545 2669 645 2741; x_wconf 76' lang='grc' dir='ltr'><strong>τὴν</strong></span> <span class='ocrx_word' id='word_1_319' title='bbox 685 2669 998 2740; x_wconf 78' lang='grc' dir='ltr'><strong>ἀκροτάτην</strong></span> <span class='ocrx_word' id='word_1_320' title='bbox 1035 2670 1222 2740; x_wconf 82' lang='grc' dir='ltr'><strong>τιμήν.</strong></span> <span class='ocrx_word' id='word_1_321' title='bbox 1260 2669 1529 2733; x_wconf 82' lang='grc' dir='ltr'><strong>Κάκεῖνος</strong></span> <span class='ocrx_word' id='word_1_322' title='bbox 1565 2669 1664 2740; x_wconf 85' lang='grc' dir='ltr'><strong>μὲν</strong></span> <span class='ocrx_word' id='word_1_323' title='bbox 1694 2667 1854 2737; x_wconf 79' lang='grc' dir='ltr'><strong>φύσει</strong></span> 
     </span>
    </p>
   </div>
   <div class='ocr_carea' id='block_1_46' title="bbox 257 2761 1853 2834">
    <p class='ocr_par' dir='ltr' id='par_1_46' title="bbox 257 2761 1853 2834">
     <span class='ocr_line' id='line_1_46' title="bbox 257 2761 1853 2834; baseline 0.001 -19"><span class='ocrx_word' id='word_1_324' title='bbox 257 2764 557 2833; x_wconf 84' lang='grc' dir='ltr'><strong>γενόμενος</strong></span> <span class='ocrx_word' id='word_1_325' title='bbox 603 2761 911 2834; x_wconf 84' lang='grc' dir='ltr'><strong>ἄνθρωπος,</strong></span> <span class='ocrx_word' id='word_1_326' title='bbox 964 2763 1128 2833; x_wconf 57' lang='lat' dir='ltr'><strong>misi;</strong></span> <span class='ocrx_word' id='word_1_327' title='bbox 1161 2761 1223 2814; x_wconf 64' lang='grc' dir='ltr'><strong>δε</strong></span> <span class='ocrx_word' id='word_1_328' title='bbox 1268 2761 1418 2816; x_wconf 87' lang='grc' dir='ltr'><strong>θέσει</strong></span> <span class='ocrx_word' id='word_1_329' title='bbox 1474 2762 1606 2817; x_wconf 84' lang='grc' dir='ltr'><strong>Θεοί.</strong></span> <span class='ocrx_word' id='word_1_330' title='bbox 1656 2762 1853 2831; x_wconf 79' lang='grc' dir='ltr'><strong>Γέγονε</strong></span> 
     </span>
    </p>
   </div>
   <div class='ocr_carea' id='block_1_47' title="bbox 258 2854 1849 2928">
    <p class='ocr_par' dir='ltr' id='par_1_47' title="bbox 258 2854 1849 2928">
     <span class='ocr_line' id='line_1_47' title="bbox 258 2854 1849 2928; baseline -0.002 -17"><span class='ocrx_word' id='word_1_331' title='bbox 258 2857 394 2928; x_wconf 79' lang='grc' dir='ltr'><strong>γάρ,</strong></span> <span class='ocrx_word' id='word_1_332' title='bbox 430 2858 459 2910; x_wconf 87' lang='grc' dir='ltr'><strong>ὃ</strong></span> <span class='ocrx_word' id='word_1_333' title='bbox 490 2859 678 2927; x_wconf 80' lang='grc' dir='ltr'><strong>ὲσμεν,</strong></span> <span class='ocrx_word' id='word_1_334' title='bbox 715 2854 836 2909; x_wconf 90' lang='grc' dir='ltr'><strong>κατ’</strong></span> <span class='ocrx_word' id='word_1_335' title='bbox 884 2854 1221 2926; x_wconf 68' lang='grc' dir='ltr'><strong>σίκονομίαν,</strong></span> <span class='ocrx_word' id='word_1_336' title='bbox 1253 2855 1322 2908; x_wconf 81' lang='grc' dir='ltr'><strong>ἵν’</strong></span> <span class='ocrx_word' id='word_1_337' title='bbox 1351 2856 1512 2927; x_wconf 88' lang='grc' dir='ltr'><strong>ἡμεῖς</strong></span> <span class='ocrx_word' id='word_1_338' title='bbox 1539 2854 1849 2926; x_wconf 87' lang='grc' dir='ltr'><strong>γενώμεθα,</strong></span> 
     </span>
    </p>
   </div>
   <div class='ocr_carea' id='block_1_48' title="bbox 259 2942 1851 3021">
    <p class='ocr_par' dir='ltr' id='par_1_48' title="bbox 259 2942 1851 3021">
     <span class='ocr_line' id='line_1_48' title="bbox 259 2942 1851 3021; baseline -0.001 -18"><span class='ocrx_word' id='word_1_339' title='bbox 259 2951 291 3003; x_wconf 82' lang='grc' dir='ltr'><strong>ὃ</strong></span> <span class='ocrx_word' id='word_1_340' title='bbox 318 2952 466 3003; x_wconf 77' lang='grc' dir='ltr'><strong>ἐστιν</strong></span> <span class='ocrx_word' id='word_1_341' title='bbox 499 2948 1034 3021; x_wconf 82' lang='grc' dir='ltr'><strong>ἀντιμετρουμένης,</strong></span> <span class='ocrx_word' id='word_1_342' title='bbox 1063 2948 1139 3012; x_wconf 85' lang='grc' dir='ltr'><strong>ὡς</strong></span> <span class='ocrx_word' id='word_1_343' title='bbox 1179 2942 1320 3001; x_wconf 72' lang='grc' dir='ltr'><strong>οἶδεν</strong></span> <span class='ocrx_word' id='word_1_344' title='bbox 1348 2948 1531 3012; x_wconf 79' lang='grc' dir='ltr'><strong>αὐτὸς,</strong></span> <span class='ocrx_word' id='word_1_345' title='bbox 1567 2950 1636 3020; x_wconf 78' lang='grc' dir='ltr'><strong>τῇ</strong></span> <span class='ocrx_word' id='word_1_346' title='bbox 1684 2948 1851 3002; x_wconf 74' lang='grc' dir='ltr'><strong>αὑτοῦ</strong></span> 
     </span>
    </p>
   </div>
   <div class='ocr_carea' id='block_1_49' title="bbox 262 3039 1849 3113">
    <p class='ocr_par' dir='ltr' id='par_1_49' title="bbox 262 3039 1849 3113">
     <span class='ocr_line' id='line_1_49' title="bbox 262 3039 1849 3113; baseline 0 -19"><span class='ocrx_word' id='word_1_347' title='bbox 262 3040 495 3095; x_wconf 82' lang='grc' dir='ltr'><strong>κενώσει</strong></span> <span class='ocrx_word' id='word_1_348' title='bbox 534 3042 635 3112; x_wconf 81' lang='grc' dir='ltr'><strong>τῆς</strong></span> <span class='ocrx_word' id='word_1_349' title='bbox 667 3041 775 3094; x_wconf 85' lang='grc' dir='ltr'><strong>τῶν</strong></span> <span class='ocrx_word' id='word_1_350' title='bbox 816 3041 1000 3113; x_wconf 85' lang='grc' dir='ltr'><strong>χάριτι</strong></span> <span class='ocrx_word' id='word_1_351' title='bbox 1036 3040 1362 3112; x_wconf 78' lang='grc' dir='ltr'><strong>σωζομένων</strong></span> <span class='ocrx_word' id='word_1_352' title='bbox 1391 3039 1663 3105; x_wconf 85' lang='grc' dir='ltr'><strong>θεώσεως,</strong></span> <span class='ocrx_word' id='word_1_353' title='bbox 1712 3041 1849 3095; x_wconf 80' lang='grc' dir='ltr'><strong>ὅλων</strong></span> 
     </span>
    </p>
   </div>
   <div class='ocr_carea' id='block_1_50' title="bbox 266 3132 1841 3207">
    <p class='ocr_par' dir='ltr' id='par_1_50' title="bbox 266 3132 1841 3207">
     <span class='ocr_line' id='line_1_50' title="bbox 266 3132 1841 3207; baseline 0.001 -21"><span class='ocrx_word' id='word_1_354' title='bbox 266 3132 516 3188; x_wconf 63' lang='grc' dir='ltr'><strong>ἓεοειδῶν</strong></span> <span class='ocrx_word' id='word_1_355' title='bbox 542 3134 638 3187; x_wconf 76' lang='grc' dir='ltr'><strong>καὶ</strong></span> <span class='ocrx_word' id='word_1_356' title='bbox 662 3133 802 3188; x_wconf 83' lang='grc' dir='ltr'><strong>ὅλων</strong></span> <span class='ocrx_word' id='word_1_357' title='bbox 836 3132 972 3187; x_wconf 78' lang='grc' dir='ltr'><strong>θεοῦ</strong></span> <span class='ocrx_word' id='word_1_358' title='bbox 999 3134 1324 3205; x_wconf 78' lang='grc' dir='ltr'><strong>χωρητικῶν</strong></span> <span class='ocrx_word' id='word_1_359' title='bbox 1363 3134 1460 3187; x_wconf 72' lang='grc' dir='ltr'><strong>καὶ</strong></span> <span class='ocrx_word' id='word_1_360' title='bbox 1491 3135 1650 3205; x_wconf 89' lang='grc' dir='ltr'><strong>μόνου</strong></span> <span class='ocrx_word' id='word_1_361' title='bbox 1685 3152 1841 3207; x_wconf 88' lang='grc' dir='ltr'><strong>γενη-</strong></span> 
     </span>
    </p>
   </div>
   <div class='ocr_carea' id='block_1_51' title="bbox 261 3225 1850 3299">
    <p class='ocr_par' dir='ltr' id='par_1_51' title="bbox 261 3225 1850 3299">
     <span class='ocr_line' id='line_1_51' title="bbox 261 3225 1850 3299; baseline 0.001 -18"><span class='ocrx_word' id='word_1_362' title='bbox 261 3226 532 3297; x_wconf 80' lang='grc' dir='ltr'><strong>σομένων.</strong></span> <span class='ocrx_word' id='word_1_363' title='bbox 561 3225 733 3280; x_wconf 77' lang='grc' dir='ltr'><strong>Τοῦτο</strong></span> <span class='ocrx_word' id='word_1_364' title='bbox 757 3225 920 3298; x_wconf 85' lang='grc' dir='ltr'><strong>γάρὴ</strong></span> <span class='ocrx_word' id='word_1_365' title='bbox 948 3226 1249 3291; x_wconf 88' lang='grc' dir='ltr'><strong>τελείωσις,</strong></span> <span class='ocrx_word' id='word_1_366' title='bbox 1277 3226 1413 3299; x_wconf 83' lang='grc' dir='ltr'><strong>πρὸς</strong></span> <span class='ocrx_word' id='word_1_367' title='bbox 1436 3227 1502 3298; x_wconf 80' lang='grc' dir='ltr'><strong>ἧν</strong></span> <span class='ocrx_word' id='word_1_368' title='bbox 1529 3228 1850 3283; x_wconf 79' lang='grc' dir='ltr'><strong>σπεύδουσιν</strong></span> 
     </span>
    </p>
   </div>
   <div class='ocr_carea' id='block_1_52' title="bbox 258 3317 1850 3389">
    <p class='ocr_par' dir='ltr' id='par_1_52' title="bbox 258 3317 1850 3389">
     <span class='ocr_line' id='line_1_52' title="bbox 258 3317 1850 3389; baseline 0.001 -18"><span class='ocrx_word' id='word_1_369' title='bbox 258 3321 314 3371; x_wconf 77' lang='lat' dir='ltr'><strong>oi</strong></span> <span class='ocrx_word' id='word_1_370' title='bbox 329 3318 532 3389; x_wconf 74' lang='grc' dir='ltr'><strong>ταύτην</strong></span> <span class='ocrx_word' id='word_1_371' title='bbox 556 3317 774 3389; x_wconf 81' lang='grc' dir='ltr'><strong>ἀληθῶς</strong></span> <span class='ocrx_word' id='word_1_372' title='bbox 799 3317 1020 3372; x_wconf 74' lang='grc' dir='ltr'><strong>ἔσεσθαι</strong></span> <span class='ocrx_word' id='word_1_373' title='bbox 1042 3318 1141 3388; x_wconf 77' lang='grc' dir='ltr'><strong>τὴν</strong></span> <span class='ocrx_word' id='word_1_374' title='bbox 1168 3319 1501 3387; x_wconf 83' lang='grc' dir='ltr'><strong>ἐπαγγελίαν</strong></span> <span class='ocrx_word' id='word_1_375' title='bbox 1526 3320 1850 3375; x_wconf 82' lang='grc' dir='ltr'><strong>πιστεύσαν-</strong></span> 
     </span>
    </p>
   </div>
   <div class='ocr_carea' id='block_1_53' title="bbox 258 3431 373 3477">
    <p class='ocr_par' dir='ltr' id='par_1_53' title="bbox 258 3431 373 3477">
     <span class='ocr_line' id='line_1_53' title="bbox 258 3431 373 3477; baseline 0 -10"><span class='ocrx_word' id='word_1_376' title='bbox 258 3431 373 3477; x_wconf 87' lang='grc' dir='ltr'><strong>τες.</strong></span> 
     </span>
    </p>
   </div>
   <div class='ocr_carea' id='block_1_54' title="bbox 1876 3092 1923 3154">
    <p class='ocr_par' dir='ltr' id='par_1_54' title="bbox 1876 3092 1923 3154">
     <span class='ocr_line' id='line_1_54' title="bbox 1876 3092 1923 3154; baseline 0 0"><span class='ocrx_word' id='word_1_377' title='bbox 1876 3092 1923 3154; x_wconf 91' lang='lat' dir='ltr'><strong>C</strong></span> 
     </span>
    </p>
   </div>
   <div class='ocr_carea' id='block_1_55' title="bbox 1957 1836 3545 1908">
    <p class='ocr_par' dir='ltr' id='par_1_55' title="bbox 1957 1836 3545 1908">
     <span class='ocr_line' id='line_1_55' title="bbox 1957 1836 3545 1908; baseline -0.002 -15"><span class='ocrx_word' id='word_1_378' title='bbox 1957 1848 2034 1893; x_wconf 77' lang='lat' dir='ltr'><strong>est</strong></span> <span class='ocrx_word' id='word_1_379' title='bbox 2056 1853 2151 1907; x_wconf 86' lang='lat' dir='ltr'><strong>pro</strong></span> <span class='ocrx_word' id='word_1_380' title='bbox 2187 1838 2356 1902; x_wconf 80' lang='lat' dir='ltr'><strong>nobis,</strong></span> <span class='ocrx_word' id='word_1_381' title='bbox 2390 1839 2685 1908; x_wconf 79' lang='lat' dir='ltr'><strong>relinquens</strong></span> <span class='ocrx_word' id='word_1_382' title='bbox 2716 1839 2864 1892; x_wconf 83' lang='lat' dir='ltr'><strong>nobis</strong></span> <span class='ocrx_word' id='word_1_383' title='bbox 2887 1836 3263 1904; x_wconf 76' lang='lat' dir='ltr'><strong>exemplum“.</strong></span> <span class='ocrx_word' id='word_1_384' title='bbox 3294 1836 3545 1890; x_wconf 72' lang='lat' dir='ltr'><strong>Salvator</strong></span> 
     </span>
    </p>
   </div>
   <div class='ocr_carea' id='block_1_56' title="bbox 1958 1924 3544 1998">
    <p class='ocr_par' dir='ltr' id='par_1_56' title="bbox 1958 1924 3544 1998">
     <span class='ocr_line' id='line_1_56' title="bbox 1958 1924 3544 1998; baseline -0.003 -14"><span class='ocrx_word' id='word_1_385' title='bbox 1958 1930 2102 1984; x_wconf 83' lang='lat' dir='ltr'><strong>enim</strong></span> <span class='ocrx_word' id='word_1_386' title='bbox 2138 1928 2462 1985; x_wconf 85' lang='lat' dir='ltr'><strong>mortalibus</strong></span> <span class='ocrx_word' id='word_1_387' title='bbox 2504 1927 2814 1998; x_wconf 81' lang='lat' dir='ltr'><strong>exemplum</strong></span> <span class='ocrx_word' id='word_1_388' title='bbox 2857 1927 3038 1980; x_wconf 78' lang='lat' dir='ltr'><strong>factus</strong></span> <span class='ocrx_word' id='word_1_389' title='bbox 3091 1935 3198 1989; x_wconf 75' lang='lat' dir='ltr'><strong>est,</strong></span> <span class='ocrx_word' id='word_1_390' title='bbox 3254 1924 3392 1995; x_wconf 90' lang='lat' dir='ltr'><strong>ipsis</strong></span> <span class='ocrx_word' id='word_1_391' title='bbox 3421 1939 3544 1979; x_wconf 89' lang='lat' dir='ltr'><strong>sese</strong></span> 
     </span>
    </p>
   </div>
   <div class='ocr_carea' id='block_1_57' title="bbox 1961 2014 3543 2087">
    <p class='ocr_par' dir='ltr' id='par_1_57' title="bbox 1961 2014 3543 2087">
     <span class='ocr_line' id='line_1_57' title="bbox 1961 2014 3543 2087; baseline -0.003 -13"><span class='ocrx_word' id='word_1_392' title='bbox 1961 2020 2290 2083; x_wconf 79' lang='lat' dir='ltr'><strong>informans,</strong></span> <span class='ocrx_word' id='word_1_393' title='bbox 2313 2034 2376 2073; x_wconf 89' lang='lat' dir='ltr'><strong>ac</strong></span> <span class='ocrx_word' id='word_1_394' title='bbox 2416 2017 2603 2075; x_wconf 83' lang='lat' dir='ltr'><strong>mundi</strong></span> <span class='ocrx_word' id='word_1_395' title='bbox 2636 2016 2801 2087; x_wconf 86' lang='lat' dir='ltr'><strong>hujus</strong></span> <span class='ocrx_word' id='word_1_396' title='bbox 2840 2014 3225 2086; x_wconf 76' lang='lat' dir='ltr'><strong>cogitationes.</strong></span> <span class='ocrx_word' id='word_1_397' title='bbox 3251 2016 3397 2069; x_wconf 78' lang='lat' dir='ltr'><strong>circa</strong></span> <span class='ocrx_word' id='word_1_398' title='bbox 3428 2022 3543 2069; x_wconf 90' lang='lat' dir='ltr'><strong>tur-</strong></span> 
     </span>
    </p>
   </div>
   <div class='ocr_carea' id='block_1_58' title="bbox 1958 2106 3542 2178">
    <p class='ocr_par' dir='ltr' id='par_1_58' title="bbox 1958 2106 3542 2178">
     <span class='ocr_line' id='line_1_58' title="bbox 1958 2106 3542 2178; baseline -0.007 -8"><span class='ocrx_word' id='word_1_399' title='bbox 1958 2115 2217 2170; x_wconf 81' lang='lat' dir='ltr'><strong>bulentos</strong></span> <span class='ocrx_word' id='word_1_400' title='bbox 2246 2120 2429 2167; x_wconf 88' lang='lat' dir='ltr'><strong>tamen</strong></span> <span class='ocrx_word' id='word_1_401' title='bbox 2474 2111 2641 2166; x_wconf 88' lang='lat' dir='ltr'><strong>animi</strong></span> <span class='ocrx_word' id='word_1_402' title='bbox 2694 2118 2898 2174; x_wconf 89' lang='lat' dir='ltr'><strong>motus,</strong></span> <span class='ocrx_word' id='word_1_403' title='bbox 2935 2108 3268 2178; x_wconf 87' lang='lat' dir='ltr'><strong>suscipiens.</strong></span> <span class='ocrx_word' id='word_1_404' title='bbox 3322 2106 3542 2161; x_wconf 79' lang='lat' dir='ltr'><strong>Efﬁcia-</strong></span> 
     </span>
    </p>
   </div>
   <div class='ocr_carea' id='block_1_59' title="bbox 1957 2199 3542 2274">
    <p class='ocr_par' dir='ltr' id='par_1_59' title="bbox 1957 2199 3542 2274">
     <span class='ocr_line' id='line_1_59' title="bbox 1957 2199 3542 2274; baseline -0.006 -11"><span class='ocrx_word' id='word_1_405' title='bbox 1957 2224 2082 2263; x_wconf 92' lang='lat' dir='ltr'><strong>mur</strong></span> <span class='ocrx_word' id='word_1_406' title='bbox 2117 2207 2470 2267; x_wconf 86' lang='lat' dir='ltr'><strong>utChristus.</strong></span> <span class='ocrx_word' id='word_1_407' title='bbox 2499 2204 2592 2274; x_wconf 87' lang='lat' dir='ltr'><strong>qui</strong></span> <span class='ocrx_word' id='word_1_408' title='bbox 2624 2218 2684 2259; x_wconf 93' lang='lat' dir='ltr'><strong>se</strong></span> <span class='ocrx_word' id='word_1_409' title='bbox 2715 2202 2891 2273; x_wconf 92' lang='lat' dir='ltr'><strong>ipsum</strong></span> <span class='ocrx_word' id='word_1_410' title='bbox 2918 2202 2989 2256; x_wconf 88' lang='lat' dir='ltr'><strong>ita</strong></span> <span class='ocrx_word' id='word_1_411' title='bbox 3016 2199 3343 2266; x_wconf 81' lang='lat' dir='ltr'><strong>humiliavit,</strong></span> <span class='ocrx_word' id='word_1_412' title='bbox 3378 2206 3542 2269; x_wconf 87' lang='lat' dir='ltr'><strong>atque</strong></span> 
     </span>
    </p>
   </div>
   <div class='ocr_carea' id='block_1_60' title="bbox 1958 2290 3536 2361">
    <p class='ocr_par' dir='ltr' id='par_1_60' title="bbox 1958 2290 3536 2361">
     <span class='ocr_line' id='line_1_60' title="bbox 1958 2290 3536 2361; baseline -0.008 -4"><span class='ocrx_word' id='word_1_413' title='bbox 1958 2302 2026 2357; x_wconf 88' lang='lat' dir='ltr'><strong>ad</strong></span> <span class='ocrx_word' id='word_1_414' title='bbox 2074 2300 2444 2356; x_wconf 80' lang='lat' dir='ltr'><strong>inﬁrmitatem</strong></span> <span class='ocrx_word' id='word_1_415' title='bbox 2484 2304 2732 2354; x_wconf 89' lang='lat' dir='ltr'><strong>nostram</strong></span> <span class='ocrx_word' id='word_1_416' title='bbox 2771 2295 3010 2358; x_wconf 90' lang='lat' dir='ltr'><strong>demisit,</strong></span> <span class='ocrx_word' id='word_1_417' title='bbox 3062 2302 3121 2347; x_wconf 92' lang='lat' dir='ltr'><strong>ut</strong></span> <span class='ocrx_word' id='word_1_418' title='bbox 3154 2300 3359 2353; x_wconf 89' lang='lat' dir='ltr'><strong>tamen.</strong></span> <span class='ocrx_word' id='word_1_419' title='bbox 3388 2290 3536 2361; x_wconf 90' lang='lat' dir='ltr'><strong>quod</strong></span> 
     </span>
    </p>
   </div>
   <div class='ocr_carea' id='block_1_61' title="bbox 1956 2381 3544 2464">
    <p class='ocr_par' dir='ltr' id='par_1_61' title="bbox 1956 2381 3544 2464">
     <span class='ocr_line' id='line_1_61' title="bbox 1956 2381 3544 2464; baseline -0.009 -13"><span class='ocrx_word' id='word_1_420' title='bbox 1956 2403 2107 2459; x_wconf 87' lang='lat' dir='ltr'><strong>erat,</strong></span> <span class='ocrx_word' id='word_1_421' title='bbox 2153 2399 2519 2464; x_wconf 85' lang='lat' dir='ltr'><strong>permaneret.</strong></span> <span class='ocrx_word' id='word_1_422' title='bbox 2566 2403 2759 2458; x_wconf 87' lang='lat' dir='ltr'><strong>nempe</strong></span> <span class='ocrx_word' id='word_1_423' title='bbox 2798 2402 2993 2457; x_wconf 86' lang='lat' dir='ltr'><strong>purus.</strong></span> <span class='ocrx_word' id='word_1_424' title='bbox 3038 2392 3091 2440; x_wconf 90' lang='lat' dir='ltr'><strong>et</strong></span> <span class='ocrx_word' id='word_1_425' title='bbox 3133 2383 3377 2453; x_wconf 87' lang='lat' dir='ltr'><strong>turpium</strong></span> <span class='ocrx_word' id='word_1_426' title='bbox 3411 2381 3544 2437; x_wconf 68' lang='grc' dir='ltr'><strong>ειπε-</strong></span> 
     </span>
    </p>
   </div>
   <div class='ocr_carea' id='block_1_62' title="bbox 1957 2478 3541 2557">
    <p class='ocr_par' dir='ltr' id='par_1_62' title="bbox 1957 2478 3541 2557">
     <span class='ocr_line' id='line_1_62' title="bbox 1957 2478 3541 2557; baseline -0.01 -12"><span class='ocrx_word' id='word_1_427' title='bbox 1957 2498 2143 2545; x_wconf 85' lang='lat' dir='ltr'><strong>ctuum</strong></span> <span class='ocrx_word' id='word_1_428' title='bbox 2167 2502 2384 2557; x_wconf 79' lang='lat' dir='ltr'><strong>expers.</strong></span> <span class='ocrx_word' id='word_1_429' title='bbox 2417 2482 2700 2539; x_wconf 84' lang='lat' dir='ltr'><strong>Peccatum</strong></span> <span class='ocrx_word' id='word_1_430' title='bbox 2726 2482 2863 2535; x_wconf 80' lang='lat' dir='ltr'><strong>enim</strong></span> <span class='ocrx_word' id='word_1_431' title='bbox 2887 2497 2990 2534; x_wconf 87' lang='lat' dir='ltr'><strong>non</strong></span> <span class='ocrx_word' id='word_1_432' title='bbox 3014 2480 3159 2548; x_wconf 72' lang='lat' dir='ltr'><strong>fecit,</strong></span> <span class='ocrx_word' id='word_1_433' title='bbox 3183 2493 3275 2530; x_wconf 82' lang='lat' dir='ltr'><strong>nec</strong></span> <span class='ocrx_word' id='word_1_434' title='bbox 3301 2478 3541 2531; x_wconf 78' lang='lat' dir='ltr'><strong>iuremus</strong></span> 
     </span>
    </p>
   </div>
   <div class='ocr_carea' id='block_1_63' title="bbox 1954 2570 3542 2647">
    <p class='ocr_par' dir='ltr' id='par_1_63' title="bbox 1954 2570 3542 2647">
     <span class='ocr_line' id='line_1_63' title="bbox 1954 2570 3542 2647; baseline -0.011 -10"><span class='ocrx_word' id='word_1_435' title='bbox 1954 2592 2033 2637; x_wconf 85' lang='lat' dir='ltr'><strong>est</strong></span> <span class='ocrx_word' id='word_1_436' title='bbox 2065 2580 2220 2636; x_wconf 80' lang='lat' dir='ltr'><strong>dolus</strong></span> <span class='ocrx_word' id='word_1_437' title='bbox 2273 2581 2326 2634; x_wconf 83' lang='lat' dir='ltr'><strong>in</strong></span> <span class='ocrx_word' id='word_1_438' title='bbox 2357 2595 2445 2633; x_wconf 89' lang='lat' dir='ltr'><strong>ore</strong></span> <span class='ocrx_word' id='word_1_439' title='bbox 2492 2578 2607 2647; x_wconf 79' lang='lat' dir='ltr'><strong>ejus</strong></span> <span class='ocrx_word' id='word_1_440' title='bbox 2639 2578 2705 2630; x_wconf 84' lang='lat'><strong>“.</strong></span> <span class='ocrx_word' id='word_1_441' title='bbox 2759 2575 2939 2645; x_wconf 81' lang='lat' dir='ltr'><strong>Atque</strong></span> <span class='ocrx_word' id='word_1_442' title='bbox 2988 2573 3080 2627; x_wconf 91' lang='lat' dir='ltr'><strong>ille</strong></span> <span class='ocrx_word' id='word_1_443' title='bbox 3121 2570 3364 2641; x_wconf 89' lang='lat' dir='ltr'><strong>quidem,</strong></span> <span class='ocrx_word' id='word_1_444' title='bbox 3415 2582 3542 2622; x_wconf 86' lang='lat' dir='ltr'><strong>cum</strong></span> 
     </span>
    </p>
   </div>
   <div class='ocr_carea' id='block_1_64' title="bbox 1957 2664 3539 2737">
    <p class='ocr_par' dir='ltr' id='par_1_64' title="bbox 1957 2664 3539 2737">
     <span class='ocr_line' id='line_1_64' title="bbox 1957 2664 3539 2737; baseline -0.008 -9"><span class='ocrx_word' id='word_1_445' title='bbox 1957 2675 2100 2731; x_wconf 87' lang='lat' dir='ltr'><strong>Deus</strong></span> <span class='ocrx_word' id='word_1_446' title='bbox 2139 2682 2307 2737; x_wconf 87' lang='lat' dir='ltr'><strong>esset,</strong></span> <span class='ocrx_word' id='word_1_447' title='bbox 2343 2672 2507 2727; x_wconf 89' lang='lat' dir='ltr'><strong>homo</strong></span> <span class='ocrx_word' id='word_1_448' title='bbox 2548 2669 2729 2724; x_wconf 82' lang='lat' dir='ltr'><strong>factus</strong></span> <span class='ocrx_word' id='word_1_449' title='bbox 2764 2676 2869 2724; x_wconf 89' lang='lat' dir='ltr'><strong>est.</strong></span> <span class='ocrx_word' id='word_1_450' title='bbox 2905 2664 3146 2720; x_wconf 89' lang='lat' dir='ltr'><strong>Proinde</strong></span> <span class='ocrx_word' id='word_1_451' title='bbox 3182 2679 3284 2719; x_wconf 90' lang='lat' dir='ltr'><strong>nos</strong></span> <span class='ocrx_word' id='word_1_452' title='bbox 3316 2675 3539 2732; x_wconf 88' lang='lat' dir='ltr'><strong>quoque</strong></span> 
     </span>
    </p>
   </div>
   <div class='ocr_carea' id='block_1_65' title="bbox 1954 2754 3540 2835">
    <p class='ocr_par' dir='ltr' id='par_1_65' title="bbox 1954 2754 3540 2835">
     <span class='ocr_line' id='line_1_65' title="bbox 1954 2754 3540 2835; baseline -0.011 -11"><span class='ocrx_word' id='word_1_453' title='bbox 1954 2767 2089 2823; x_wconf 91' lang='lat' dir='ltr'><strong>deos</strong></span> <span class='ocrx_word' id='word_1_454' title='bbox 2122 2766 2240 2821; x_wconf 82' lang='lat' dir='ltr'><strong>ﬁeri</strong></span> <span class='ocrx_word' id='word_1_455' title='bbox 2267 2770 2508 2835; x_wconf 85' lang='lat' dir='ltr'><strong>oportet.</strong></span> <span class='ocrx_word' id='word_1_456' title='bbox 2530 2761 2801 2817; x_wconf 66' lang='lat' dir='ltr'><strong>therum</strong></span> <span class='ocrx_word' id='word_1_457' title='bbox 2836 2759 2930 2814; x_wconf 93' lang='lat' dir='ltr'><strong>ille</strong></span> <span class='ocrx_word' id='word_1_458' title='bbox 2958 2765 3182 2828; x_wconf 66' lang='lat' dir='ltr'><strong>propter</strong></span> <span class='ocrx_word' id='word_1_459' title='bbox 3215 2770 3316 2810; x_wconf 88' lang='lat' dir='ltr'><strong>nos</strong></span> <span class='ocrx_word' id='word_1_460' title='bbox 3349 2754 3540 2815; x_wconf 87' lang='lat' dir='ltr'><strong>homo.</strong></span> 
     </span>
    </p>
   </div>
   <div class='ocr_carea' id='block_1_66' title="bbox 1955 2843 3544 2925">
    <p class='ocr_par' dir='ltr' id='par_1_66' title="bbox 1955 2843 3544 2925">
     <span class='ocr_line' id='line_1_66' title="bbox 1955 2843 3544 2925; baseline -0.011 -11"><span class='ocrx_word' id='word_1_461' title='bbox 1955 2874 2059 2914; x_wconf 86' lang='lat' dir='ltr'><strong>nos</strong></span> <span class='ocrx_word' id='word_1_462' title='bbox 2087 2863 2270 2912; x_wconf 90' lang='lat' dir='ltr'><strong>autem</strong></span> <span class='ocrx_word' id='word_1_463' title='bbox 2306 2860 2532 2925; x_wconf 89' lang='lat' dir='ltr'><strong>propter</strong></span> <span class='ocrx_word' id='word_1_464' title='bbox 2562 2850 2929 2919; x_wconf 88' lang='lat' dir='ltr'><strong>nosmetipsos</strong></span> <span class='ocrx_word' id='word_1_465' title='bbox 2963 2847 3038 2901; x_wconf 90' lang='lat' dir='ltr'><strong>dii</strong></span> <span class='ocrx_word' id='word_1_466' title='bbox 3075 2864 3091 2903; x_wconf 87' lang='lat'><strong><em>:</em></strong></span> <span class='ocrx_word' id='word_1_467' title='bbox 3138 2854 3303 2915; x_wconf 87' lang='lat' dir='ltr'><strong>atque</strong></span> <span class='ocrx_word' id='word_1_468' title='bbox 3331 2843 3419 2897; x_wconf 90' lang='lat' dir='ltr'><strong>ille</strong></span> <span class='ocrx_word' id='word_1_469' title='bbox 3444 2858 3544 2914; x_wconf 88' lang='lat' dir='ltr'><strong>pro</strong></span> 
     </span>
    </p>
   </div>
   <div class='ocr_carea' id='block_1_67' title="bbox 1955 2937 3544 3019">
    <p class='ocr_par' dir='ltr' id='par_1_67' title="bbox 1955 2937 3544 3019">
     <span class='ocr_line' id='line_1_67' title="bbox 1955 2937 3544 3019; baseline -0.009 -13"><span class='ocrx_word' id='word_1_470' title='bbox 1955 2964 2169 3006; x_wconf 80' lang='lat' dir='ltr'><strong>summa</strong></span> <span class='ocrx_word' id='word_1_471' title='bbox 2193 2947 2367 3019; x_wconf 89' lang='lat' dir='ltr'><strong>gloria</strong></span> <span class='ocrx_word' id='word_1_472' title='bbox 2390 2958 2661 3001; x_wconf 89' lang='lat' dir='ltr'><strong>summam</strong></span> <span class='ocrx_word' id='word_1_473' title='bbox 2690 2941 3046 3012; x_wconf 78' lang='lat' dir='ltr'><strong>ignominiam</strong></span> <span class='ocrx_word' id='word_1_474' title='bbox 3073 2937 3410 3015; x_wconf 85' lang='lat' dir='ltr'><strong>suscipiens,</strong></span> <span class='ocrx_word' id='word_1_475' title='bbox 3442 2950 3544 2991; x_wconf 83' lang='lat' dir='ltr'><strong>nos</strong></span> 
     </span>
    </p>
   </div>
   <div class='ocr_carea' id='block_1_68' title="bbox 1953 3027 3543 3112">
    <p class='ocr_par' dir='ltr' id='par_1_68' title="bbox 1953 3027 3543 3112">
     <span class='ocr_line' id='line_1_68' title="bbox 1953 3027 3543 3112; baseline -0.011 -14"><span class='ocrx_word' id='word_1_476' title='bbox 1953 3052 2133 3099; x_wconf 90' lang='lat' dir='ltr'><strong>autem</strong></span> <span class='ocrx_word' id='word_1_477' title='bbox 2151 3056 2249 3112; x_wconf 84' lang='lat' dir='ltr'><strong>pro</strong></span> <span class='ocrx_word' id='word_1_478' title='bbox 2260 3034 2809 3108; x_wconf 79' lang='lat' dir='ltr'><strong>extremaignominia</strong></span> <span class='ocrx_word' id='word_1_479' title='bbox 2827 3048 3099 3089; x_wconf 89' lang='lat' dir='ltr'><strong>summum</strong></span> <span class='ocrx_word' id='word_1_480' title='bbox 3121 3031 3407 3089; x_wconf 85' lang='lat' dir='ltr'><strong>honorem.</strong></span> <span class='ocrx_word' id='word_1_481' title='bbox 3428 3027 3543 3082; x_wconf 85' lang='lat' dir='ltr'><strong>lloc</strong></span> 
     </span>
    </p>
   </div>
   <div class='ocr_carea' id='block_1_69' title="bbox 1957 3121 3541 3209">
    <p class='ocr_par' dir='ltr' id='par_1_69' title="bbox 1957 3121 3541 3209">
     <span class='ocr_line' id='line_1_69' title="bbox 1957 3121 3541 3209; baseline -0.01 -19"><span class='ocrx_word' id='word_1_482' title='bbox 1957 3146 2217 3209; x_wconf 72' lang='lat' dir='ltr'><strong>praeterea</strong></span> <span class='ocrx_word' id='word_1_483' title='bbox 2238 3133 2490 3193; x_wconf 89' lang='lat' dir='ltr'><strong>interest,</strong></span> <span class='ocrx_word' id='word_1_484' title='bbox 2523 3126 2672 3199; x_wconf 92' lang='lat' dir='ltr'><strong>quod</strong></span> <span class='ocrx_word' id='word_1_485' title='bbox 2698 3127 2789 3182; x_wconf 85' lang='lat' dir='ltr'><strong>ille</strong></span> <span class='ocrx_word' id='word_1_486' title='bbox 2818 3135 3013 3180; x_wconf 85' lang='lat' dir='ltr'><strong>natura</strong></span> <span class='ocrx_word' id='word_1_487' title='bbox 3040 3123 3205 3178; x_wconf 87' lang='lat' dir='ltr'><strong>homo</strong></span> <span class='ocrx_word' id='word_1_488' title='bbox 3231 3121 3409 3177; x_wconf 80' lang='lat' dir='ltr'><strong>factus</strong></span> <span class='ocrx_word' id='word_1_489' title='bbox 3433 3128 3541 3185; x_wconf 90' lang='lat' dir='ltr'><strong>est,</strong></span> 
     </span>
    </p>
   </div>
   <div class='ocr_carea' id='block_1_70' title="bbox 1957 3210 3543 3294">
    <p class='ocr_par' dir='ltr' id='par_1_70' title="bbox 1957 3210 3543 3294">
     <span class='ocr_line' id='line_1_70' title="bbox 1957 3210 3543 3294; baseline -0.012 -10"><span class='ocrx_word' id='word_1_490' title='bbox 1957 3244 2061 3285; x_wconf 84' lang='lat' dir='ltr'><strong>nos</strong></span> <span class='ocrx_word' id='word_1_491' title='bbox 2087 3234 2273 3281; x_wconf 91' lang='lat' dir='ltr'><strong>autem</strong></span> <span class='ocrx_word' id='word_1_492' title='bbox 2298 3222 2595 3294; x_wconf 87' lang='lat' dir='ltr'><strong>adoptione</strong></span> <span class='ocrx_word' id='word_1_493' title='bbox 2614 3218 2715 3274; x_wconf 91' lang='lat' dir='ltr'><strong>dii.</strong></span> <span class='ocrx_word' id='word_1_494' title='bbox 2734 3216 2849 3272; x_wconf 83' lang='lat' dir='ltr'><strong>Hoc</strong></span> <span class='ocrx_word' id='word_1_495' title='bbox 2872 3216 3020 3272; x_wconf 90' lang='lat' dir='ltr'><strong>enim</strong></span> <span class='ocrx_word' id='word_1_496' title='bbox 3043 3215 3273 3270; x_wconf 87' lang='lat' dir='ltr'><strong>consilio</strong></span> <span class='ocrx_word' id='word_1_497' title='bbox 3310 3212 3363 3267; x_wconf 92' lang='lat' dir='ltr'><strong>id</strong></span> <span class='ocrx_word' id='word_1_498' title='bbox 3396 3210 3543 3282; x_wconf 90' lang='lat' dir='ltr'><strong>qttod</strong></span> 
     </span>
    </p>
   </div>
   <div class='ocr_carea' id='block_1_71' title="bbox 1956 3305 3545 3379">
    <p class='ocr_par' dir='ltr' id='par_1_71' title="bbox 1956 3305 3545 3379">
     <span class='ocr_line' id='line_1_71' title="bbox 1956 3305 3545 3379; baseline -0.01 -5"><span class='ocrx_word' id='word_1_499' title='bbox 1956 3334 2151 3375; x_wconf 87' lang='lat' dir='ltr'><strong>sumus</strong></span> <span class='ocrx_word' id='word_1_500' title='bbox 2182 3316 2362 3371; x_wconf 80' lang='lat' dir='ltr'><strong>factus</strong></span> <span class='ocrx_word' id='word_1_501' title='bbox 2390 3321 2497 3379; x_wconf 87' lang='lat' dir='ltr'><strong>est,</strong></span> <span class='ocrx_word' id='word_1_502' title='bbox 2536 3321 2593 3366; x_wconf 91' lang='lat' dir='ltr'><strong>ut</strong></span> <span class='ocrx_word' id='word_1_503' title='bbox 2630 3325 2734 3365; x_wconf 92' lang='lat' dir='ltr'><strong>uos</strong></span> <span class='ocrx_word' id='word_1_504' title='bbox 2755 3307 2829 3375; x_wconf 91' lang='lat' dir='ltr'><strong>id,</strong></span> <span class='ocrx_word' id='word_1_505' title='bbox 2862 3307 3009 3379; x_wconf 91' lang='lat' dir='ltr'><strong>quod</strong></span> <span class='ocrx_word' id='word_1_506' title='bbox 3042 3307 3160 3379; x_wconf 88' lang='lat' dir='ltr'><strong>ipse</strong></span> <span class='ocrx_word' id='word_1_507' title='bbox 3193 3314 3300 3370; x_wconf 92' lang='lat' dir='ltr'><strong>est,</strong></span> <span class='ocrx_word' id='word_1_508' title='bbox 3335 3305 3545 3361; x_wconf 74' lang='lat' dir='ltr'><strong>cilicia-</strong></span> 
     </span>
    </p>
   </div>
   <div class='ocr_carea' id='block_1_72' title="bbox 1955 3395 3546 3478">
    <p class='ocr_par' dir='ltr' id='par_1_72' title="bbox 1955 3395 3546 3478">
     <span class='ocr_line' id='line_1_72' title="bbox 1955 3395 3546 3478; baseline -0.01 -11"><span class='ocrx_word' id='word_1_509' title='bbox 1955 3427 2102 3474; x_wconf 88' lang='lat' dir='ltr'><strong>mur,</strong></span> <span class='ocrx_word' id='word_1_510' title='bbox 2135 3414 2490 3478; x_wconf 88' lang='lat' dir='ltr'><strong>compensata</strong></span> <span class='ocrx_word' id='word_1_511' title='bbox 2514 3402 2776 3458; x_wconf 66' lang='lat' dir='ltr'><strong>nimirum</strong></span> <span class='ocrx_word' id='word_1_512' title='bbox 2812 3401 2991 3472; x_wconf 83' lang='lat' dir='ltr'><strong>ipsius</strong></span> <span class='ocrx_word' id='word_1_513' title='bbox 3025 3395 3326 3453; x_wconf 88' lang='lat' dir='ltr'><strong>inanitione</strong></span> <span class='ocrx_word' id='word_1_514' title='bbox 3354 3412 3546 3468; x_wconf 87' lang='lat' dir='ltr'><strong>quem-</strong></span> 
     </span>
    </p>
   </div>
   <div class='ocr_carea' id='block_1_73' title="bbox 259 3492 3548 3583">
    <p class='ocr_par' dir='ltr' id='par_1_73' title="bbox 259 3492 3548 3583">
     <span class='ocr_line' id='line_1_73' title="bbox 259 3492 3548 3583; baseline -0.006 -19"><span class='ocrx_word' id='word_1_515' title='bbox 259 3510 561 3566; x_wconf 89' lang='lat' dir='ltr'><strong>admodum</strong></span> <span class='ocrx_word' id='word_1_516' title='bbox 625 3511 746 3581; x_wconf 80' lang='lat' dir='ltr'><strong>ipse</strong></span> <span class='ocrx_word' id='word_1_517' title='bbox 823 3509 996 3575; x_wconf 81' lang='lat' dir='ltr'><strong>novit,</strong></span> <span class='ocrx_word' id='word_1_518' title='bbox 1041 3525 1166 3565; x_wconf 84' lang='lat' dir='ltr'><strong>cum</strong></span> <span class='ocrx_word' id='word_1_519' title='bbox 1214 3525 1430 3575; x_wconf 80' lang='lat' dir='ltr'><strong>eorum,</strong></span> <span class='ocrx_word' id='word_1_520' title='bbox 1490 3511 1583 3581; x_wconf 91' lang='lat' dir='ltr'><strong>qui</strong></span> <span class='ocrx_word' id='word_1_521' title='bbox 1634 3527 1730 3581; x_wconf 84' lang='lat' dir='ltr'><strong>per</strong></span> <span class='ocrx_word' id='word_1_522' title='bbox 1799 3512 2032 3583; x_wconf 81' lang='lat' dir='ltr'><strong>gratiam</strong></span> <span class='ocrx_word' id='word_1_523' title='bbox 2080 3506 2314 3564; x_wconf 80' lang='lat' dir='ltr'><strong>salutent</strong></span> <span class='ocrx_word' id='word_1_524' title='bbox 2364 3506 2807 3569; x_wconf 87' lang='lat' dir='ltr'><strong>consequuntur,</strong></span> <span class='ocrx_word' id='word_1_525' title='bbox 2850 3494 3279 3559; x_wconf 82' lang='lat' dir='ltr'><strong>deiiicationem,</strong></span> <span class='ocrx_word' id='word_1_526' title='bbox 3343 3492 3417 3547; x_wconf 86' lang='lat' dir='ltr'><strong>ita</strong></span> <span class='ocrx_word' id='word_1_527' title='bbox 3486 3498 3548 3545; x_wconf 91' lang='lat' dir='ltr'><strong>ut</strong></span> 
     </span>
    </p>
   </div>
   <div class='ocr_carea' id='block_1_74' title="bbox 261 3583 3545 3671">
    <p class='ocr_par' dir='ltr' id='par_1_74' title="bbox 261 3583 3545 3671">
     <span class='ocr_line' id='line_1_74' title="bbox 261 3583 3545 3671; baseline -0.007 -13"><span class='ocrx_word' id='word_1_528' title='bbox 261 3604 367 3658; x_wconf 84' lang='lat' dir='ltr'><strong>toti</strong></span> <span class='ocrx_word' id='word_1_529' title='bbox 387 3601 705 3666; x_wconf 79' lang='lat' dir='ltr'><strong>deiiormes,</strong></span> <span class='ocrx_word' id='word_1_530' title='bbox 771 3609 825 3657; x_wconf 90' lang='lat' dir='ltr'><strong>et</strong></span> <span class='ocrx_word' id='word_1_531' title='bbox 856 3602 952 3656; x_wconf 82' lang='lat' dir='ltr'><strong>toti</strong></span> <span class='ocrx_word' id='word_1_532' title='bbox 992 3599 1086 3656; x_wconf 88' lang='lat' dir='ltr'><strong>Dei</strong></span> <span class='ocrx_word' id='word_1_533' title='bbox 1138 3615 1392 3669; x_wconf 86' lang='lat' dir='ltr'><strong>capaces,</strong></span> <span class='ocrx_word' id='word_1_534' title='bbox 1449 3600 1548 3655; x_wconf 90' lang='lat' dir='ltr'><strong>toti</strong></span> <span class='ocrx_word' id='word_1_535' title='bbox 1585 3602 1820 3671; x_wconf 85' lang='lat' dir='ltr'><strong>denique</strong></span> <span class='ocrx_word' id='word_1_536' title='bbox 1860 3601 2038 3671; x_wconf 86' lang='lat' dir='ltr'><strong>ipsius</strong></span> <span class='ocrx_word' id='word_1_537' title='bbox 2070 3596 2237 3652; x_wconf 88' lang='lat' dir='ltr'><strong>unius</strong></span> <span class='ocrx_word' id='word_1_538' title='bbox 2280 3594 2482 3650; x_wconf 86' lang='lat' dir='ltr'><strong>simus.</strong></span> <span class='ocrx_word' id='word_1_539' title='bbox 2557 3588 2673 3644; x_wconf 82' lang='lat' dir='ltr'><strong>Hoc</strong></span> <span class='ocrx_word' id='word_1_540' title='bbox 2715 3588 2866 3643; x_wconf 86' lang='lat' dir='ltr'><strong>enim</strong></span> <span class='ocrx_word' id='word_1_541' title='bbox 2922 3592 3008 3643; x_wconf 88' lang='lat' dir='ltr'><strong>est</strong></span> <span class='ocrx_word' id='word_1_542' title='bbox 3040 3601 3102 3641; x_wconf 88' lang='lat' dir='ltr'><strong>ea</strong></span> <span class='ocrx_word' id='word_1_543' title='bbox 3139 3584 3432 3655; x_wconf 82' lang='lat' dir='ltr'><strong>perfectio,</strong></span> <span class='ocrx_word' id='word_1_544' title='bbox 3476 3583 3545 3637; x_wconf 92' lang='lat' dir='ltr'><strong>ad</strong></span> 
     </span>
    </p>
   </div>
   <div class='ocr_carea' id='block_1_75' title="bbox 259 3694 2211 3767">
    <p class='ocr_par' dir='ltr' id='par_1_75' title="bbox 259 3694 2211 3767">
     <span class='ocr_line' id='line_1_75' title="bbox 259 3694 2211 3767; baseline -0.003 -18"><span class='ocrx_word' id='word_1_545' title='bbox 259 3710 430 3767; x_wconf 88' lang='lat' dir='ltr'><strong>quam</strong></span> <span class='ocrx_word' id='word_1_546' title='bbox 467 3701 746 3765; x_wconf 88' lang='lat' dir='ltr'><strong>properat,</strong></span> <span class='ocrx_word' id='word_1_547' title='bbox 773 3694 867 3764; x_wconf 92' lang='lat' dir='ltr'><strong>qui</strong></span> <span class='ocrx_word' id='word_1_548' title='bbox 898 3696 1038 3749; x_wconf 79' lang='lat' dir='ltr'><strong>hanc</strong></span> <span class='ocrx_word' id='word_1_549' title='bbox 1065 3694 1514 3763; x_wconf 83' lang='lat' dir='ltr'><strong>pollicitationem</strong></span> <span class='ocrx_word' id='word_1_550' title='bbox 1546 3704 1694 3749; x_wconf 89' lang='lat' dir='ltr'><strong>certa</strong></span> <span class='ocrx_word' id='word_1_551' title='bbox 1727 3694 1832 3750; x_wconf 85' lang='lat' dir='ltr'><strong>lide</strong></span> <span class='ocrx_word' id='word_1_552' title='bbox 1866 3698 2211 3764; x_wconf 79' lang='lat' dir='ltr'><strong>exspectant.</strong></span> 
     </span>
    </p>
   </div>
   <div class='ocr_carea' id='block_1_76' title="bbox 336 3783 1854 3857">
    <p class='ocr_par' dir='ltr' id='par_1_76' title="bbox 336 3783 1854 3857">
     <span class='ocr_line' id='line_1_76' title="bbox 336 3783 1854 3857; baseline -0.004 -14"><span class='ocrx_word' id='word_1_553' title='bbox 336 3786 456 3843; x_wconf 88' lang='lat' dir='ltr'><strong>Col.</strong></span> <span class='ocrx_word' id='word_1_554' title='bbox 488 3786 591 3842; x_wconf 77' lang='lat'><strong>397</strong></span> <span class='ocrx_word' id='word_1_555' title='bbox 614 3786 662 3842; x_wconf 82' lang='lat' dir='ltr'><strong><em>C</em></strong></span> <span class='ocrx_word' id='word_1_556' title='bbox 687 3787 738 3841; x_wconf 85' lang='lat'><strong>7.</strong></span> <span class='ocrx_word' id='word_1_557' title='bbox 767 3784 1180 3855; x_wconf 75' lang='grc' dir='ltr'><strong>Προσέλαϐε...</strong></span> <span class='ocrx_word' id='word_1_558' title='bbox 1208 3785 1493 3855; x_wconf 78' lang='grc' dir='ltr'><strong>πτώματι.</strong></span> <span class='ocrx_word' id='word_1_559' title='bbox 1519 3785 1641 3838; x_wconf 73' lang='grc' dir='ltr'><strong>Εἰσὶ</strong></span> <span class='ocrx_word' id='word_1_560' title='bbox 1666 3783 1735 3839; x_wconf 88' lang='grc' dir='ltr'><strong>τά</strong></span> <span class='ocrx_word' id='word_1_561' title='bbox 1758 3786 1854 3857; x_wconf 65' lang='grc' dir='ltr'><strong><em>ρἡ</em></strong></span> 
     </span>
    </p>
   </div>
   <div class='ocr_carea' id='block_1_77' title="bbox 266 3877 1851 3950">
    <p class='ocr_par' dir='ltr' id='par_1_77' title="bbox 266 3877 1851 3950">
     <span class='ocr_line' id='line_1_77' title="bbox 266 3877 1851 3950; baseline 0.001 -19"><span class='ocrx_word' id='word_1_562' title='bbox 266 3896 415 3950; x_wconf 85' lang='grc' dir='ltr'><strong>ματα</strong></span> <span class='ocrx_word' id='word_1_563' title='bbox 445 3877 617 3931; x_wconf 77' lang='grc' dir='ltr'><strong>ταῦτα</strong></span> <span class='ocrx_word' id='word_1_564' title='bbox 659 3877 805 3949; x_wconf 80' lang='grc' dir='ltr'><strong>σαφῆ</strong></span> <span class='ocrx_word' id='word_1_565' title='bbox 841 3878 937 3930; x_wconf 85' lang='grc' dir='ltr'><strong>καί</strong></span> <span class='ocrx_word' id='word_1_566' title='bbox 974 3877 1235 3948; x_wconf 80' lang='grc' dir='ltr'><strong>οὐδεμιᾶς</strong></span> <span class='ocrx_word' id='word_1_567' title='bbox 1262 3878 1562 3949; x_wconf 79' lang='grc' dir='ltr'><strong>ἑρμηνείας</strong></span> <span class='ocrx_word' id='word_1_568' title='bbox 1601 3878 1851 3949; x_wconf 88' lang='grc' dir='ltr'><strong>δεόμενα.</strong></span> 
     </span>
    </p>
   </div>
   <div class='ocr_carea' id='block_1_78' title="bbox 262 3968 1856 4043">
    <p class='ocr_par' dir='ltr' id='par_1_78' title="bbox 262 3968 1856 4043">
     <span class='ocr_line' id='line_1_78' title="bbox 262 3968 1856 4043; baseline -0.002 -17"><span class='ocrx_word' id='word_1_569' title='bbox 262 3969 587 4043; x_wconf 59' lang='grc' dir='ltr'><strong>Προσέλαϐεη</strong></span> <span class='ocrx_word' id='word_1_570' title='bbox 616 3970 735 4041; x_wconf 85' lang='grc' dir='ltr'><strong>γὰρ.</strong></span> <span class='ocrx_word' id='word_1_571' title='bbox 766 3972 796 4024; x_wconf 82' lang='grc' dir='ltr'><em>ὀ</em></span> <span class='ocrx_word' id='word_1_572' title='bbox 824 3968 1063 4041; x_wconf 77' lang='grc' dir='ltr'><strong>Χριστὸς</strong></span> <span class='ocrx_word' id='word_1_573' title='bbox 1096 3969 1157 4022; x_wconf 86' lang='grc' dir='ltr'><strong>τὸ</strong></span> <span class='ocrx_word' id='word_1_574' title='bbox 1194 3971 1398 4041; x_wconf 85' lang='grc' dir='ltr'><strong>χεῖρον,</strong></span> <span class='ocrx_word' id='word_1_575' title='bbox 1430 3970 1529 4041; x_wconf 80' lang='grc' dir='ltr'><strong>τὴν</strong></span> <span class='ocrx_word' id='word_1_576' title='bbox 1570 3968 1856 4041; x_wconf 84' lang='grc' dir='ltr'><strong>ἀνθρωπό-</strong></span> 
     </span>
    </p>
   </div>
   <div class='ocr_carea' id='block_1_79' title="bbox 259 4061 1857 4136">
    <p class='ocr_par' dir='ltr' id='par_1_79' title="bbox 259 4061 1857 4136">
     <span class='ocr_line' id='line_1_79' title="bbox 259 4061 1857 4136; baseline -0.003 -17"><span class='ocrx_word' id='word_1_577' title='bbox 259 4081 427 4136; x_wconf 86' lang='grc' dir='ltr'><strong>τητα,</strong></span> <span class='ocrx_word' id='word_1_578' title='bbox 457 4063 547 4117; x_wconf 83' lang='grc' dir='ltr'><strong>ἴνα</strong></span> <span class='ocrx_word' id='word_1_579' title='bbox 572 4062 646 4134; x_wconf 84' lang='grc' dir='ltr'><strong>δῷ</strong></span> <span class='ocrx_word' id='word_1_580' title='bbox 677 4062 740 4116; x_wconf 78' lang='grc' dir='ltr'><strong>τὸ</strong></span> <span class='ocrx_word' id='word_1_581' title='bbox 770 4061 1001 4133; x_wconf 85' lang='grc' dir='ltr'><strong>βέλτιον,</strong></span> <span class='ocrx_word' id='word_1_582' title='bbox 1034 4061 1133 4133; x_wconf 82' lang='grc' dir='ltr'><strong>τὴν</strong></span> <span class='ocrx_word' id='word_1_583' title='bbox 1176 4061 1425 4134; x_wconf 87' lang='grc' dir='ltr'><strong>θεότητα.</strong></span> <span class='ocrx_word' id='word_1_584' title='bbox 1459 4064 1570 4116; x_wconf 75' lang='grc' dir='ltr'><strong>Καὶ</strong></span> <span class='ocrx_word' id='word_1_585' title='bbox 1606 4062 1857 4127; x_wconf 81' lang='grc' dir='ltr'><strong>πλούσιος</strong></span> 
     </span>
    </p>
   </div>
   <div class='ocr_carea' id='block_1_80' title="bbox 259 4151 1850 4225">
    <p class='ocr_par' dir='ltr' id='par_1_80' title="bbox 259 4151 1850 4225">
     <span class='ocr_line' id='line_1_80' title="bbox 259 4151 1850 4225; baseline -0.001 -18"><span class='ocrx_word' id='word_1_586' title='bbox 259 4152 340 4207; x_wconf 82' lang='grc' dir='ltr'><strong>ὢν</strong></span> <span class='ocrx_word' id='word_1_587' title='bbox 369 4156 437 4225; x_wconf 81' lang='grc' dir='ltr'><strong>τῇ</strong></span> <span class='ocrx_word' id='word_1_588' title='bbox 463 4152 699 4223; x_wconf 88' lang='grc' dir='ltr'><strong>θεότητι,</strong></span> <span class='ocrx_word' id='word_1_589' title='bbox 742 4151 1059 4222; x_wconf 81' lang='grc' dir='ltr'><strong>ὲπτώχευσε</strong></span> <span class='ocrx_word' id='word_1_590' title='bbox 1092 4154 1159 4224; x_wconf 77' lang='grc' dir='ltr'><strong>τῇ</strong></span> <span class='ocrx_word' id='word_1_591' title='bbox 1193 4153 1377 4224; x_wconf 75' lang='grc' dir='ltr'><strong>σαρκὶ,</strong></span> <span class='ocrx_word' id='word_1_592' title='bbox 1408 4153 1471 4205; x_wconf 81' lang='grc' dir='ltr'><strong>ἵν’</strong></span> <span class='ocrx_word' id='word_1_593' title='bbox 1502 4153 1661 4223; x_wconf 81' lang='grc' dir='ltr'><strong>ἡμεῖς</strong></span> <span class='ocrx_word' id='word_1_594' title='bbox 1687 4153 1850 4206; x_wconf 81' lang='grc' dir='ltr'><strong>πλου-</strong></span> 
     </span>
    </p>
   </div>
   <div class='ocr_carea' id='block_1_81' title="bbox 259 4244 1848 4318">
    <p class='ocr_par' dir='ltr' id='par_1_81' title="bbox 259 4244 1848 4318">
     <span class='ocr_line' id='line_1_81' title="bbox 259 4244 1848 4318; baseline -0.001 -18"><span class='ocrx_word' id='word_1_595' title='bbox 259 4248 520 4318; x_wconf 82' lang='grc' dir='ltr'><strong>τήσωμεν</strong></span> <span class='ocrx_word' id='word_1_596' title='bbox 549 4246 648 4311; x_wconf 81' lang='grc' dir='ltr'><strong>τὴν</strong></span> <span class='ocrx_word' id='word_1_597' title='bbox 681 4245 927 4316; x_wconf 87' lang='grc' dir='ltr'><strong>θεότητα.</strong></span> <span class='ocrx_word' id='word_1_598' title='bbox 960 4245 1071 4299; x_wconf 69' lang='grc' dir='ltr'><strong>Καὶ</strong></span> <span class='ocrx_word' id='word_1_599' title='bbox 1101 4245 1289 4298; x_wconf 83' lang='grc' dir='ltr'><strong>δούλου</strong></span> <span class='ocrx_word' id='word_1_600' title='bbox 1323 4244 1537 4315; x_wconf 77' lang='grc' dir='ltr'><strong>μορφὴν</strong></span> <span class='ocrx_word' id='word_1_601' title='bbox 1567 4244 1848 4316; x_wconf 75' lang='grc' dir='ltr'><strong>ὲφόρεσεν,</strong></span> 
     </span>
    </p>
   </div>
   <div class='ocr_carea' id='block_1_82' title="bbox 2022 3768 3543 3849">
    <p class='ocr_par' dir='ltr' id='par_1_82' title="bbox 2022 3768 3543 3849">
     <span class='ocr_line' id='line_1_82' title="bbox 2022 3768 3543 3849; baseline -0.009 -13"><span class='ocrx_word' id='word_1_602' title='bbox 2022 3779 2325 3845; x_wconf 73' lang='lat' dir='ltr'><strong>Assumpst’l</strong></span> <span class='ocrx_word' id='word_1_603' title='bbox 2351 3778 2488 3849; x_wconf 83' lang='lat' dir='ltr'><strong>quod</strong></span> <span class='ocrx_word' id='word_1_604' title='bbox 2518 3776 2751 3831; x_wconf 77' lang='lat' dir='ltr'><strong>deterius</strong></span> <span class='ocrx_word' id='word_1_605' title='bbox 2780 3783 2919 3838; x_wconf 80' lang='lat' dir='ltr'><strong>erat,</strong></span> <span class='ocrx_word' id='word_1_606' title='bbox 2954 3782 3011 3826; x_wconf 85' lang='grc' dir='ltr'><strong>ιιι</strong></span> <span class='ocrx_word' id='word_1_607' title='bbox 3039 3772 3147 3837; x_wconf 84' lang='lat' dir='ltr'><strong>det,</strong></span> <span class='ocrx_word' id='word_1_608' title='bbox 3173 3779 3282 3826; x_wconf 91' lang='lat' dir='ltr'><strong>etc.</strong></span> <span class='ocrx_word' id='word_1_609' title='bbox 3319 3768 3543 3839; x_wconf 81' lang='lat' dir='ltr'><strong>Perspi-</strong></span> 
     </span>
    </p>
   </div>
   <div class='ocr_carea' id='block_1_83' title="bbox 1953 3866 3549 3938">
    <p class='ocr_par' dir='ltr' id='par_1_83' title="bbox 1953 3866 3549 3938">
     <span class='ocr_line' id='line_1_83' title="bbox 1953 3866 3549 3938; baseline -0.01 -7"><span class='ocrx_word' id='word_1_610' title='bbox 1953 3891 2054 3931; x_wconf 83' lang='lat' dir='ltr'><strong>Ctta</strong></span> <span class='ocrx_word' id='word_1_611' title='bbox 2092 3882 2221 3929; x_wconf 89' lang='lat' dir='ltr'><strong>sunt</strong></span> <span class='ocrx_word' id='word_1_612' title='bbox 2247 3873 2362 3927; x_wconf 60' lang='lat' dir='ltr'><strong>haec</strong></span> <span class='ocrx_word' id='word_1_613' title='bbox 2392 3871 2579 3936; x_wconf 90' lang='lat' dir='ltr'><strong>verba,</strong></span> <span class='ocrx_word' id='word_1_614' title='bbox 2615 3884 2714 3925; x_wconf 90' lang='lat' dir='ltr'><strong>nec</strong></span> <span class='ocrx_word' id='word_1_615' title='bbox 2755 3870 2864 3923; x_wconf 87' lang='lat' dir='ltr'><strong>ulla</strong></span> <span class='ocrx_word' id='word_1_616' title='bbox 2907 3866 3362 3938; x_wconf 87' lang='lat' dir='ltr'><strong>interpretatione</strong></span> <span class='ocrx_word' id='word_1_617' title='bbox 3407 3876 3549 3933; x_wconf 90' lang='lat' dir='ltr'><strong>opus</strong></span> 
     </span>
    </p>
   </div>
   <div class='ocr_carea' id='block_1_84' title="bbox 1954 3954 3546 4033">
    <p class='ocr_par' dir='ltr' id='par_1_84' title="bbox 1954 3954 3546 4033">
     <span class='ocr_line' id='line_1_84' title="bbox 1954 3954 3546 4033; baseline -0.009 -12"><span class='ocrx_word' id='word_1_618' title='bbox 1954 3965 2179 4021; x_wconf 85' lang='lat' dir='ltr'><strong>habent.</strong></span> <span class='ocrx_word' id='word_1_619' title='bbox 2223 3962 2451 4033; x_wconf 84' lang='lat' dir='ltr'><strong>Accepit</strong></span> <span class='ocrx_word' id='word_1_620' title='bbox 2485 3960 2630 4016; x_wconf 84' lang='lat' dir='ltr'><strong>enim</strong></span> <span class='ocrx_word' id='word_1_621' title='bbox 2675 3957 2934 4014; x_wconf 72' lang='lat' dir='ltr'><strong>Christus</strong></span> <span class='ocrx_word' id='word_1_622' title='bbox 2981 3957 3127 4027; x_wconf 88' lang='lat' dir='ltr'><strong>quod</strong></span> <span class='ocrx_word' id='word_1_623' title='bbox 3163 3954 3409 4010; x_wconf 82' lang='lat' dir='ltr'><strong>deterius</strong></span> <span class='ocrx_word' id='word_1_624' title='bbox 3441 3963 3546 4014; x_wconf 80' lang='lat' dir='ltr'><strong>est,</strong></span> 
     </span>
    </p>
   </div>
   <div class='ocr_carea' id='block_1_85' title="bbox 1953 4047 3546 4120">
    <p class='ocr_par' dir='ltr' id='par_1_85' title="bbox 1953 4047 3546 4120">
     <span class='ocr_line' id='line_1_85' title="bbox 1953 4047 3546 4120; baseline -0.009 -9"><span class='ocrx_word' id='word_1_625' title='bbox 1953 4058 2356 4112; x_wconf 89' lang='lat' dir='ltr'><strong>humanitatem</strong></span> <span class='ocrx_word' id='word_1_626' title='bbox 2386 4053 2621 4115; x_wconf 84' lang='lat' dir='ltr'><strong>scilicet,</strong></span> <span class='ocrx_word' id='word_1_627' title='bbox 2660 4058 2720 4105; x_wconf 92' lang='lat' dir='ltr'><strong>ut</strong></span> <span class='ocrx_word' id='word_1_628' title='bbox 2753 4051 2845 4106; x_wconf 90' lang='lat' dir='ltr'><strong>det</strong></span> <span class='ocrx_word' id='word_1_629' title='bbox 2875 4050 3020 4120; x_wconf 86' lang='lat' dir='ltr'><strong>quod</strong></span> <span class='ocrx_word' id='word_1_630' title='bbox 3046 4047 3403 4118; x_wconf 75' lang='lat' dir='ltr'><strong>praestantius</strong></span> <span class='ocrx_word' id='word_1_631' title='bbox 3436 4053 3546 4108; x_wconf 86' lang='lat' dir='ltr'><strong>est,</strong></span> 
     </span>
    </p>
   </div>
   <div class='ocr_carea' id='block_1_86' title="bbox 1956 4141 3547 4219">
    <p class='ocr_par' dir='ltr' id='par_1_86' title="bbox 1956 4141 3547 4219">
     <span class='ocr_line' id='line_1_86' title="bbox 1956 4141 3547 4219; baseline -0.01 -14"><span class='ocrx_word' id='word_1_632' title='bbox 1956 4164 2152 4219; x_wconf 86' lang='lat' dir='ltr'><strong>nempe</strong></span> <span class='ocrx_word' id='word_1_633' title='bbox 2186 4147 2534 4201; x_wconf 87' lang='lat' dir='ltr'><strong>Divinitatem</strong></span> <span class='ocrx_word' id='word_1_634' title='bbox 2573 4162 2586 4197; x_wconf 92' lang='lat'><strong><em>:</em></strong></span> <span class='ocrx_word' id='word_1_635' title='bbox 2628 4154 2682 4198; x_wconf 92' lang='lat' dir='ltr'><strong>et</strong></span> <span class='ocrx_word' id='word_1_636' title='bbox 2722 4158 2847 4197; x_wconf 91' lang='lat' dir='ltr'><strong>cum</strong></span> <span class='ocrx_word' id='word_1_637' title='bbox 2894 4141 3049 4196; x_wconf 83' lang='lat' dir='ltr'><strong>dives</strong></span> <span class='ocrx_word' id='word_1_638' title='bbox 3080 4146 3247 4203; x_wconf 74' lang='lat' dir='ltr'><strong>eSSl‘l,</strong></span> <span class='ocrx_word' id='word_1_639' title='bbox 3276 4145 3547 4208; x_wconf 88' lang='lat' dir='ltr'><strong>quantum</strong></span> 
     </span>
    </p>
   </div>
   <div class='ocr_carea' id='block_1_87' title="bbox 1959 4228 3547 4307">
    <p class='ocr_par' dir='ltr' id='par_1_87' title="bbox 1959 4228 3547 4307">
     <span class='ocr_line' id='line_1_87' title="bbox 1959 4228 3547 4307; baseline -0.008 -12"><span class='ocrx_word' id='word_1_640' title='bbox 1959 4242 2025 4295; x_wconf 90' lang='lat' dir='ltr'><strong>ad</strong></span> <span class='ocrx_word' id='word_1_641' title='bbox 2058 4240 2433 4301; x_wconf 84' lang='lat' dir='ltr'><strong>Divinitatem,</strong></span> <span class='ocrx_word' id='word_1_642' title='bbox 2461 4250 2687 4307; x_wconf 86' lang='lat' dir='ltr'><strong>pauper,</strong></span> <span class='ocrx_word' id='word_1_643' title='bbox 2713 4241 2980 4304; x_wconf 85' lang='lat' dir='ltr'><strong>quantum</strong></span> <span class='ocrx_word' id='word_1_644' title='bbox 3004 4231 3070 4285; x_wconf 82' lang='lat' dir='ltr'><strong>ad</strong></span> <span class='ocrx_word' id='word_1_645' title='bbox 3093 4246 3340 4295; x_wconf 87' lang='lat' dir='ltr'><strong>carnem,</strong></span> <span class='ocrx_word' id='word_1_646' title='bbox 3368 4228 3547 4283; x_wconf 82' lang='lat' dir='ltr'><strong>factus</strong></span> 
     </span>
    </p>
   </div>
   <div class='ocr_carea' id='block_1_88' title="bbox 260 4319 1854 4409">
    <p class='ocr_par' dir='ltr' id='par_1_88' title="bbox 260 4336 1851 4409">
     <span class='ocr_line' id='line_1_88' title="bbox 260 4336 1851 4409; baseline -0.002 -17"><span class='ocrx_word' id='word_1_647' title='bbox 260 4340 330 4392; x_wconf 66' lang='grc' dir='ltr'><strong>ἵν’</strong></span> <span class='ocrx_word' id='word_1_648' title='bbox 355 4340 522 4409; x_wconf 79' lang='grc' dir='ltr'><strong>ἡμεῖς</strong></span> <span class='ocrx_word' id='word_1_649' title='bbox 553 4336 651 4407; x_wconf 82' lang='grc' dir='ltr'><strong>τὴν</strong></span> <span class='ocrx_word' id='word_1_650' title='bbox 684 4336 794 4391; x_wconf 87' lang='grc' dir='ltr'><strong>ἀπὸ</strong></span> <span class='ocrx_word' id='word_1_651' title='bbox 824 4337 925 4406; x_wconf 77' lang='grc' dir='ltr'><strong>τῆς</strong></span> <span class='ocrx_word' id='word_1_652' title='bbox 949 4336 1197 4402; x_wconf 82' lang='grc' dir='ltr'><strong>δουλείας</strong></span> <span class='ocrx_word' id='word_1_653' title='bbox 1216 4336 1311 4392; x_wconf 74' lang='grc' dir='ltr'><strong>τοῦ</strong></span> <span class='ocrx_word' id='word_1_654' title='bbox 1342 4337 1587 4391; x_wconf 77' lang='grc' dir='ltr'><strong>διαϐόλου</strong></span> <span class='ocrx_word' id='word_1_655' title='bbox 1620 4337 1715 4391; x_wconf 79' lang='grc' dir='ltr'><strong>καὶ</strong></span> <span class='ocrx_word' id='word_1_656' title='bbox 1742 4336 1851 4390; x_wconf 80' lang='grc' dir='ltr'><strong>τῶν</strong></span> 
     </span>
    </p>
   </div>
   <div class='ocr_carea' id='block_1_89' title="bbox 1958 4319 3547 4409">
    <p class='ocr_par' dir='ltr' id='par_1_89' title="bbox 1958 4319 3547 4398">
     <span class='ocr_line' id='line_1_89' title="bbox 1958 4319 3547 4398; baseline -0.009 -10"><span class='ocrx_word' id='word_1_657' title='bbox 1958 4342 2067 4398; x_wconf 87' lang='lat' dir='ltr'><strong>est,</strong></span> <span class='ocrx_word' id='word_1_658' title='bbox 2101 4341 2162 4386; x_wconf 92' lang='lat' dir='ltr'><strong>ut</strong></span> <span class='ocrx_word' id='word_1_659' title='bbox 2208 4346 2311 4386; x_wconf 87' lang='lat' dir='ltr'><strong>nos</strong></span> <span class='ocrx_word' id='word_1_660' title='bbox 2357 4327 2672 4383; x_wconf 89' lang='lat' dir='ltr'><strong>Divinitatis</strong></span> <span class='ocrx_word' id='word_1_661' title='bbox 2713 4340 2847 4395; x_wconf 82' lang='lat' dir='ltr'><strong>opes</strong></span> <span class='ocrx_word' id='word_1_662' title='bbox 2913 4337 3341 4392; x_wconf 84' lang='lat' dir='ltr'><strong>consequamur.</strong></span> <span class='ocrx_word' id='word_1_663' title='bbox 3390 4319 3547 4374; x_wconf 79' lang='lat' dir='ltr'><strong>Servi</strong></span> 
     </span>
    </p>
   </div>
   <div class='ocr_carea' id='block_1_90' title="bbox 261 4398 1854 4501">
    <p class='ocr_par' dir='ltr' id='par_1_90' title="bbox 261 4398 1853 4501">
     <span class='ocr_line' id='line_1_90' title="bbox 261 4398 1853 4501; baseline -0.001 -17"><span class='ocrx_word' id='word_1_664' title='bbox 261 4398 458 4484; x_wconf 51' lang='grc' dir='ltr'><strong>παθξν</strong></span> <span class='ocrx_word' id='word_1_665' title='bbox 486 4398 801 4501; x_wconf 58' lang='grc' dir='ltr'><strong>ἐλευθερίαν</strong></span> <span class='ocrx_word' id='word_1_666' title='bbox 828 4398 1085 4499; x_wconf 76' lang='grc' dir='ltr'><strong>λάϐωμεν</strong></span> <span class='ocrx_word' id='word_1_667' title='bbox 1106 4445 1118 4457; x_wconf 84' lang='grc'><em>’</em></span> <span class='ocrx_word' id='word_1_668' title='bbox 1156 4398 1293 4499; x_wconf 78' lang='grc' dir='ltr'><strong>ϐπερ</strong></span> <span class='ocrx_word' id='word_1_669' title='bbox 1320 4427 1490 4499; x_wconf 85' lang='grc' dir='ltr'><strong>δηλοῖ,</strong></span> <span class='ocrx_word' id='word_1_670' title='bbox 1518 4428 1602 4481; x_wconf 73' lang='grc' dir='ltr'><strong>ὅτι</strong></span> <span class='ocrx_word' id='word_1_671' title='bbox 1632 4428 1853 4499; x_wconf 80' lang='grc' dir='ltr'><strong>εἴχομεν</strong></span> 
     </span>
    </p>
   </div>
   <div class='ocr_carea' id='block_1_91' title="bbox 1958 4398 3549 4501">
    <p class='ocr_par' dir='ltr' id='par_1_91' title="bbox 1958 4410 3549 4500">
     <span class='ocr_line' id='line_1_91' title="bbox 1958 4410 3549 4500; baseline -0.011 -16"><span class='ocrx_word' id='word_1_672' title='bbox 1958 4436 2217 4500; x_wconf 59' lang='lat' dir='ltr'><strong>praeterea</strong></span> <span class='ocrx_word' id='word_1_673' title='bbox 2251 4425 2481 4477; x_wconf 81' lang='lat' dir='ltr'><strong>formam</strong></span> <span class='ocrx_word' id='word_1_674' title='bbox 2522 4419 2780 4491; x_wconf 83' lang='lat' dir='ltr'><strong>gestavit,</strong></span> <span class='ocrx_word' id='word_1_675' title='bbox 2822 4425 2882 4470; x_wconf 93' lang='lat' dir='ltr'><strong>ut</strong></span> <span class='ocrx_word' id='word_1_676' title='bbox 2916 4432 3020 4470; x_wconf 85' lang='lat' dir='ltr'><strong>nos</strong></span> <span class='ocrx_word' id='word_1_677' title='bbox 3064 4430 3132 4469; x_wconf 78' lang='lat' dir='ltr'><strong>ex</strong></span> <span class='ocrx_word' id='word_1_678' title='bbox 3176 4413 3379 4467; x_wconf 84' lang='lat' dir='ltr'><strong>diaboli</strong></span> <span class='ocrx_word' id='word_1_679' title='bbox 3419 4410 3549 4467; x_wconf 79' lang='lat' dir='ltr'><strong>atl&#39;e-</strong></span> 
     </span>
    </p>
   </div>
   <div class='ocr_carea' id='block_1_92' title="bbox 260 4518 1855 4592">
    <p class='ocr_par' dir='ltr' id='par_1_92' title="bbox 260 4518 1855 4592">
     <span class='ocr_line' id='line_1_92' title="bbox 260 4518 1855 4592; baseline -0.001 -18"><span class='ocrx_word' id='word_1_680' title='bbox 260 4521 326 4586; x_wconf 79' lang='grc' dir='ltr'>ὲξ</span> <span class='ocrx_word' id='word_1_681' title='bbox 352 4521 524 4592; x_wconf 73' lang='grc' dir='ltr'><strong>ἀρχῆς</strong></span> <span class='ocrx_word' id='word_1_682' title='bbox 551 4519 648 4591; x_wconf 80' lang='grc' dir='ltr'><strong>τὴν</strong></span> <span class='ocrx_word' id='word_1_683' title='bbox 678 4518 991 4591; x_wconf 68' lang='grc' dir='ltr'><strong>ἐλευθερίαν</strong></span> <span class='ocrx_word' id='word_1_684' title='bbox 1018 4519 1386 4590; x_wconf 78' lang='grc' dir='ltr'><strong>ἀπωλέσαμεν</strong></span> <span class='ocrx_word' id='word_1_685' title='bbox 1412 4519 1469 4572; x_wconf 81' lang='grc' dir='ltr'><strong>δὲ</strong></span> <span class='ocrx_word' id='word_1_686' title='bbox 1501 4519 1727 4588; x_wconf 82' lang='grc' dir='ltr'><strong>ταύτην.</strong></span> <span class='ocrx_word' id='word_1_687' title='bbox 1761 4522 1855 4573; x_wconf 84' lang='grc' dir='ltr'><strong>Δεῖ</strong></span> 
     </span>
    </p>
   </div>
   <div class='ocr_carea' id='block_1_93' title="bbox 259 4612 1853 4685">
    <p class='ocr_par' dir='ltr' id='par_1_93' title="bbox 259 4612 1853 4685">
     <span class='ocr_line' id='line_1_93' title="bbox 259 4612 1853 4685; baseline -0.003 -16"><span class='ocrx_word' id='word_1_688' title='bbox 259 4612 359 4669; x_wconf 75' lang='grc' dir='ltr'><strong>οὖν</strong></span> <span class='ocrx_word' id='word_1_689' title='bbox 394 4614 712 4677; x_wconf 74' lang='grc' dir='ltr'><strong>ἀπολαϐεῖν,</strong></span> <span class='ocrx_word' id='word_1_690' title='bbox 736 4615 802 4684; x_wconf 82' lang='grc' dir='ltr'><strong>ἡν</strong></span> <span class='ocrx_word' id='word_1_691' title='bbox 826 4612 1040 4684; x_wconf 79' lang='grc' dir='ltr'><strong>ἔχοντες</strong></span> <span class='ocrx_word' id='word_1_692' title='bbox 1066 4613 1433 4684; x_wconf 83' lang='grc' dir='ltr'><strong>ἀπεϐάλομεν.</strong></span> <span class='ocrx_word' id='word_1_693' title='bbox 1473 4613 1691 4685; x_wconf 76' lang='grc' dir='ltr'><strong>Κατέϐη</strong></span> <span class='ocrx_word' id='word_1_694' title='bbox 1719 4614 1853 4685; x_wconf 85' lang='grc' dir='ltr'><strong>πρὸς</strong></span> 
     </span>
    </p>
   </div>
   <div class='ocr_carea' id='block_1_94' title="bbox 260 4704 1850 4777">
    <p class='ocr_par' dir='ltr' id='par_1_94' title="bbox 260 4704 1850 4777">
     <span class='ocr_line' id='line_1_94' title="bbox 260 4704 1850 4777; baseline -0.001 -17"><span class='ocrx_word' id='word_1_695' title='bbox 260 4708 415 4776; x_wconf 74' lang='grc' dir='ltr'><strong>ἡμᾶς</strong></span> <span class='ocrx_word' id='word_1_696' title='bbox 447 4708 476 4759; x_wconf 84' lang='grc' dir='ltr'>ὁ</span> <span class='ocrx_word' id='word_1_697' title='bbox 512 4704 798 4775; x_wconf 71' lang='grc' dir='ltr'><strong>’¹Υψιστος,</strong></span> <span class='ocrx_word' id='word_1_698' title='bbox 838 4706 906 4758; x_wconf 82' lang='grc' dir='ltr'><strong>ἵν’</strong></span> <span class='ocrx_word' id='word_1_699' title='bbox 932 4707 1093 4777; x_wconf 80' lang='grc' dir='ltr'><strong>ἡμεῖς</strong></span> <span class='ocrx_word' id='word_1_700' title='bbox 1132 4706 1182 4759; x_wconf 82' lang='grc' dir='ltr'><strong>οἱ</strong></span> <span class='ocrx_word' id='word_1_701' title='bbox 1225 4707 1474 4759; x_wconf 72' lang='grc' dir='ltr'><strong>ταπεινοὶ</strong></span> <span class='ocrx_word' id='word_1_702' title='bbox 1523 4705 1850 4777; x_wconf 76' lang='grc' dir='ltr'><strong>ὑψωθῶμεν,</strong></span> 
     </span>
    </p>
   </div>
   <div class='ocr_carea' id='block_1_95' title="bbox 263 4794 1854 4869">
    <p class='ocr_par' dir='ltr' id='par_1_95' title="bbox 263 4794 1854 4869">
     <span class='ocr_line' id='line_1_95' title="bbox 263 4794 1854 4869; baseline 0.001 -19"><span class='ocrx_word' id='word_1_703' title='bbox 263 4794 675 4867; x_wconf 74' lang='grc' dir='ltr'><strong>ὕπεραρθέντες</strong></span> <span class='ocrx_word' id='word_1_704' title='bbox 713 4796 811 4866; x_wconf 81' lang='grc' dir='ltr'><strong>τῆς</strong></span> <span class='ocrx_word' id='word_1_705' title='bbox 849 4796 956 4850; x_wconf 82' lang='grc' dir='ltr'><strong>τῶν</strong></span> <span class='ocrx_word' id='word_1_706' title='bbox 987 4795 1203 4869; x_wconf 81' lang='grc' dir='ltr'><strong>γεηρῶν</strong></span> <span class='ocrx_word' id='word_1_707' title='bbox 1236 4796 1473 4867; x_wconf 85' lang='grc' dir='ltr'><strong>σχέσεως</strong></span> <span class='ocrx_word' id='word_1_708' title='bbox 1516 4799 1611 4851; x_wconf 77' lang='grc' dir='ltr'><strong>καὶ</strong></span> <span class='ocrx_word' id='word_1_709' title='bbox 1644 4815 1854 4869; x_wconf 77' lang='grc' dir='ltr'><strong>πτερω-</strong></span> 
     </span>
    </p>
   </div>
   <div class='ocr_carea' id='block_1_96' title="bbox 263 4888 1856 4962">
    <p class='ocr_par' dir='ltr' id='par_1_96' title="bbox 263 4888 1856 4962">
     <span class='ocr_line' id='line_1_96' title="bbox 263 4888 1856 4962; baseline 0 -19"><span class='ocrx_word' id='word_1_710' title='bbox 263 4891 454 4953; x_wconf 84' lang='grc' dir='ltr'><strong>θέντες</strong></span> <span class='ocrx_word' id='word_1_711' title='bbox 497 4890 634 4961; x_wconf 82' lang='grc' dir='ltr'><strong>πρὸς</strong></span> <span class='ocrx_word' id='word_1_712' title='bbox 672 4888 742 4942; x_wconf 86' lang='grc' dir='ltr'><strong>τά</strong></span> <span class='ocrx_word' id='word_1_713' title='bbox 773 4889 1025 4961; x_wconf 77' lang='grc' dir='ltr'><strong>οὐράνια.</strong></span> <span class='ocrx_word' id='word_1_714' title='bbox 1076 4890 1410 4962; x_wconf 76' lang='grc' dir='ltr'><strong>Ἐπειράσθη</strong></span> <span class='ocrx_word' id='word_1_715' title='bbox 1452 4892 1511 4943; x_wconf 82' lang='grc' dir='ltr'><strong>ὲν</strong></span> <span class='ocrx_word' id='word_1_716' title='bbox 1555 4893 1631 4962; x_wconf 77' lang='grc' dir='ltr'><strong>τῇ</strong></span> <span class='ocrx_word' id='word_1_717' title='bbox 1662 4892 1856 4962; x_wconf 74' lang='grc' dir='ltr'><strong>ἐρήμῳ</strong></span> 
     </span>
    </p>
   </div>
   <div class='ocr_carea' id='block_1_97' title="bbox 264 4981 1856 5055">
    <p class='ocr_par' dir='ltr' id='par_1_97' title="bbox 264 4981 1856 5055">
     <span class='ocr_line' id='line_1_97' title="bbox 264 4981 1856 5055; baseline -0.001 -18"><span class='ocrx_word' id='word_1_718' title='bbox 264 4984 350 5046; x_wconf 84' lang='grc' dir='ltr'><strong>είς</strong></span> <span class='ocrx_word' id='word_1_719' title='bbox 384 4983 832 5055; x_wconf 83' lang='grc' dir='ltr'><strong>γαστριμαργίαν</strong></span> <span class='ocrx_word' id='word_1_720' title='bbox 851 5023 865 5048; x_wconf 85' lang='grc'><strong>,</strong></span> <span class='ocrx_word' id='word_1_721' title='bbox 898 4981 1227 5053; x_wconf 76' lang='grc' dir='ltr'><strong>φιλοδοξίαν.</strong></span> <span class='ocrx_word' id='word_1_722' title='bbox 1256 4983 1693 5055; x_wconf 62' lang='grc' dir='ltr'><strong>φιλοχρηματίαν</strong></span> <span class='ocrx_word' id='word_1_723' title='bbox 1713 5024 1727 5047; x_wconf 95' lang='grc'><strong>,</strong></span> <span class='ocrx_word' id='word_1_724' title='bbox 1761 4984 1856 5037; x_wconf 79' lang='grc' dir='ltr'><strong>καὶ</strong></span> 
     </span>
    </p>
   </div>
   <div class='ocr_carea' id='block_1_98' title="bbox 264 5074 1855 5149">
    <p class='ocr_par' dir='ltr' id='par_1_98' title="bbox 264 5074 1855 5149">
     <span class='ocr_line' id='line_1_98' title="bbox 264 5074 1855 5149; baseline 0 -20"><span class='ocrx_word' id='word_1_725' title='bbox 264 5076 556 5145; x_wconf 82' lang='grc' dir='ltr'><strong>νενίκηκεν</strong></span> <span class='ocrx_word' id='word_1_726' title='bbox 593 5076 652 5128; x_wconf 75' lang='grc' dir='ltr'><strong>ὲν</strong></span> <span class='ocrx_word' id='word_1_727' title='bbox 689 5077 757 5146; x_wconf 79' lang='grc' dir='ltr'><strong>τῇ</strong></span> <span class='ocrx_word' id='word_1_728' title='bbox 786 5074 946 5147; x_wconf 78' lang='grc' dir='ltr'><strong>τρίτῃ</strong></span> <span class='ocrx_word' id='word_1_729' title='bbox 962 5074 1132 5147; x_wconf 78' lang='grc' dir='ltr'>ταύτῃ</span> <span class='ocrx_word' id='word_1_730' title='bbox 1160 5076 1433 5147; x_wconf 79' lang='grc' dir='ltr'><strong>προσϐολῇ</strong></span> <span class='ocrx_word' id='word_1_731' title='bbox 1460 5076 1554 5130; x_wconf 83' lang='grc' dir='ltr'><strong>κα).</strong></span> <span class='ocrx_word' id='word_1_732' title='bbox 1576 5076 1745 5149; x_wconf 71' lang='grc' dir='ltr'><strong>πείρᾳ.</strong></span> <span class='ocrx_word' id='word_1_733' title='bbox 1763 5075 1855 5129; x_wconf 74' lang='grc' dir='ltr'><strong>τὸν</strong></span> 
     </span>
    </p>
   </div>
   <div class='ocr_carea' id='block_1_99' title="bbox 268 5166 1856 5239">
    <p class='ocr_par' dir='ltr' id='par_1_99' title="bbox 268 5166 1856 5239">
     <span class='ocr_line' id='line_1_99' title="bbox 268 5166 1856 5239; baseline 0 -17"><span class='ocrx_word' id='word_1_734' title='bbox 268 5166 598 5238; x_wconf 78' lang='grc' dir='ltr'><strong>πειραστὴν,</strong></span> <span class='ocrx_word' id='word_1_735' title='bbox 627 5166 759 5237; x_wconf 92' lang='grc' dir='ltr'><strong>ἡμῖν</strong></span> <span class='ocrx_word' id='word_1_736' title='bbox 792 5166 891 5238; x_wconf 82' lang='grc' dir='ltr'><strong>τὴν</strong></span> <span class='ocrx_word' id='word_1_737' title='bbox 920 5167 1079 5238; x_wconf 87' lang='grc' dir='ltr'><strong>νίκην</strong></span> <span class='ocrx_word' id='word_1_738' title='bbox 1107 5168 1650 5239; x_wconf 80' lang='grc' dir='ltr'><strong>πραγματευόμενος.</strong></span> <span class='ocrx_word' id='word_1_739' title='bbox 1694 5168 1856 5223; x_wconf 80' lang='grc' dir='ltr'><strong>Ἀλλά</strong></span> 
     </span>
    </p>
   </div>
   <div class='ocr_carea' id='block_1_100' title="bbox 263 5256 1854 5333">
    <p class='ocr_par' dir='ltr' id='par_1_100' title="bbox 263 5256 1854 5333">
     <span class='ocr_line' id='line_1_100' title="bbox 263 5256 1854 5333; baseline 0.001 -21"><span class='ocrx_word' id='word_1_740' title='bbox 263 5257 552 5329; x_wconf 75' lang='grc' dir='ltr'><strong>ἡτιμάσθη</strong></span> <span class='ocrx_word' id='word_1_741' title='bbox 577 5259 606 5311; x_wconf 85' lang='grc' dir='ltr'><strong>ό</strong></span> <span class='ocrx_word' id='word_1_742' title='bbox 633 5256 736 5327; x_wconf 84' lang='grc' dir='ltr'><strong>τῆς</strong></span> <span class='ocrx_word' id='word_1_743' title='bbox 762 5257 921 5329; x_wconf 79' lang='grc' dir='ltr'><strong>δόξης</strong></span> <span class='ocrx_word' id='word_1_744' title='bbox 953 5258 1178 5329; x_wconf 82' lang='grc' dir='ltr'><strong>Κύριος,</strong></span> <span class='ocrx_word' id='word_1_745' title='bbox 1216 5259 1301 5311; x_wconf 80' lang='grc' dir='ltr'><strong>ἵνα</strong></span> <span class='ocrx_word' id='word_1_746' title='bbox 1336 5258 1536 5333; x_wconf 80' lang='grc' dir='ltr'><strong>δοξάσῃ</strong></span> <span class='ocrx_word' id='word_1_747' title='bbox 1572 5259 1701 5324; x_wconf 79' lang='grc' dir='ltr'><strong>τοὺς</strong></span> <span class='ocrx_word' id='word_1_748' title='bbox 1733 5260 1854 5316; x_wconf 84' lang='grc' dir='ltr'><strong>ἀτί-</strong></span> 
     </span>
    </p>
   </div>
   <div class='ocr_carea' id='block_1_101' title="bbox 268 5348 1853 5423">
    <p class='ocr_par' dir='ltr' id='par_1_101' title="bbox 268 5348 1853 5423">
     <span class='ocr_line' id='line_1_101' title="bbox 268 5348 1853 5423; baseline 0 -20"><span class='ocrx_word' id='word_1_749' title='bbox 268 5367 410 5423; x_wconf 84' lang='grc' dir='ltr'><strong>μους</strong></span> <span class='ocrx_word' id='word_1_750' title='bbox 445 5351 596 5421; x_wconf 82' lang='grc' dir='ltr'><strong>ἡμᾶς</strong></span> <span class='ocrx_word' id='word_1_751' title='bbox 615 5366 628 5380; x_wconf 73' lang='grc'><strong>⁸</strong></span> <span class='ocrx_word' id='word_1_752' title='bbox 658 5349 952 5413; x_wconf 81' lang='grc' dir='ltr'><strong>ἀπέθανεν,</strong></span> <span class='ocrx_word' id='word_1_753' title='bbox 995 5350 1083 5406; x_wconf 83' lang='grc' dir='ltr'><strong>ἵνα</strong></span> <span class='ocrx_word' id='word_1_754' title='bbox 1110 5349 1189 5421; x_wconf 82' lang='grc' dir='ltr'>τῷ</span> <span class='ocrx_word' id='word_1_755' title='bbox 1221 5348 1438 5421; x_wconf 83' lang='grc' dir='ltr'><strong>θανάτῳ</strong></span> <span class='ocrx_word' id='word_1_756' title='bbox 1465 5351 1632 5403; x_wconf 82' lang='grc' dir='ltr'><strong>αὐτοῦ</strong></span> <span class='ocrx_word' id='word_1_757' title='bbox 1665 5349 1853 5405; x_wconf 85' lang='grc' dir='ltr'><strong>σωθῶ-</strong></span> 
     </span>
    </p>
   </div>
   <div class='ocr_carea' id='block_1_102' title="bbox 270 5439 1857 5516">
    <p class='ocr_par' dir='ltr' id='par_1_102' title="bbox 270 5439 1857 5516">
     <span class='ocr_line' id='line_1_102' title="bbox 270 5439 1857 5516; baseline 0 -19"><span class='ocrx_word' id='word_1_758' title='bbox 270 5458 402 5516; x_wconf 73' lang='grc' dir='ltr'><strong>μενο</strong></span> <span class='ocrx_word' id='word_1_759' title='bbox 450 5439 657 5512; x_wconf 83' lang='grc' dir='ltr'><strong>κατέϐη</strong></span> <span class='ocrx_word' id='word_1_760' title='bbox 700 5443 795 5496; x_wconf 79' lang='grc' dir='ltr'><strong>καὶ</strong></span> <span class='ocrx_word' id='word_1_761' title='bbox 837 5442 1028 5514; x_wconf 83' lang='grc' dir='ltr'><strong>ἀνέϐη,</strong></span> <span class='ocrx_word' id='word_1_762' title='bbox 1078 5442 1168 5498; x_wconf 75' lang='grc' dir='ltr'><strong>ἵνα</strong></span> <span class='ocrx_word' id='word_1_763' title='bbox 1207 5443 1369 5513; x_wconf 84' lang='grc' dir='ltr'><strong>ἡμεῖς</strong></span> <span class='ocrx_word' id='word_1_764' title='bbox 1402 5442 1857 5514; x_wconf 80' lang='grc' dir='ltr'><strong>ἀκολουθήσωμεν</strong></span> 
     </span>
    </p>
   </div>
   <div class='ocr_carea' id='block_1_103' title="bbox 268 5535 1859 5608">
    <p class='ocr_par' dir='ltr' id='par_1_103' title="bbox 268 5535 1859 5608">
     <span class='ocr_line' id='line_1_103' title="bbox 268 5535 1859 5608; baseline -0.001 -17"><span class='ocrx_word' id='word_1_765' title='bbox 268 5535 445 5607; x_wconf 74' lang='grc' dir='ltr'><strong>αὐτῷ,</strong></span> <span class='ocrx_word' id='word_1_766' title='bbox 486 5536 581 5590; x_wconf 72' lang='grc' dir='ltr'><strong>καὶ</strong></span> <span class='ocrx_word' id='word_1_767' title='bbox 606 5535 696 5590; x_wconf 77' lang='grc' dir='ltr'><strong>ινα</strong></span> <span class='ocrx_word' id='word_1_768' title='bbox 723 5538 876 5591; x_wconf 86' lang='grc' dir='ltr'><strong>κάτω</strong></span> <span class='ocrx_word' id='word_1_769' title='bbox 904 5536 1193 5607; x_wconf 82' lang='grc' dir='ltr'><strong>κειμένους</strong></span> <span class='ocrx_word' id='word_1_770' title='bbox 1236 5538 1293 5589; x_wconf 81' lang='grc' dir='ltr'><strong>ἐν</strong></span> <span class='ocrx_word' id='word_1_771' title='bbox 1339 5535 1418 5607; x_wconf 80' lang='grc' dir='ltr'><strong>τῷ</strong></span> <span class='ocrx_word' id='word_1_772' title='bbox 1455 5537 1555 5607; x_wconf 79' lang='grc' dir='ltr'><strong>τῆς</strong></span> <span class='ocrx_word' id='word_1_773' title='bbox 1584 5535 1859 5608; x_wconf 83' lang='grc' dir='ltr'><strong>ἁμαρτίας</strong></span> 
     </span>
    </p>
   </div>
   <div class='ocr_carea' id='block_1_104' title="bbox 274 5628 1856 5701">
    <p class='ocr_par' dir='ltr' id='par_1_104' title="bbox 274 5628 1856 5701">
     <span class='ocr_line' id='line_1_104' title="bbox 274 5628 1856 5701; baseline -0.003 -16"><span class='ocrx_word' id='word_1_774' title='bbox 274 5628 533 5701; x_wconf 74' lang='grc' dir='ltr'><strong>πτώματι</strong></span> <span class='ocrx_word' id='word_1_775' title='bbox 591 5629 727 5699; x_wconf 76' lang='grc' dir='ltr'><strong>πρὸς</strong></span> <span class='ocrx_word' id='word_1_776' title='bbox 781 5628 973 5682; x_wconf 63' lang='grc' dir='ltr'><strong>ἑαυτὸν</strong></span> <span class='ocrx_word' id='word_1_777' title='bbox 1033 5628 1265 5700; x_wconf 75' lang='grc' dir='ltr'><strong>ἑλκύση,</strong></span> <span class='ocrx_word' id='word_1_778' title='bbox 1327 5630 1403 5694; x_wconf 80' lang='grc' dir='ltr'><strong>ὡς</strong></span> <span class='ocrx_word' id='word_1_779' title='bbox 1458 5631 1490 5701; x_wconf 91' lang='grc' dir='ltr'><strong>ἡ</strong></span> <span class='ocrx_word' id='word_1_780' title='bbox 1545 5629 1856 5701; x_wconf 78' lang='grc' dir='ltr'><strong>ὑπόσχεσις.</strong></span> 
     </span>
    </p>
   </div>
   <div class='ocr_carea' id='block_1_105' title="bbox 352 5777 1226 5849">
    <p class='ocr_par' dir='ltr' id='par_1_105' title="bbox 352 5777 1226 5849">
     <span class='ocr_line' id='line_1_105' title="bbox 352 5777 1226 5849; baseline 0 -13"><span class='ocrx_word' id='word_1_781' title='bbox 352 5781 435 5836; x_wconf 76' lang='grc'><strong>⁸⁸1</strong></span> <span class='ocrx_word' id='word_1_782' title='bbox 466 5780 613 5838; x_wconf 83' lang='lat' dir='ltr'><strong>Petr.</strong></span> <span class='ocrx_word' id='word_1_783' title='bbox 658 5797 718 5849; x_wconf 86' lang='lat' dir='ltr'><strong>tt,</strong></span> <span class='ocrx_word' id='word_1_784' title='bbox 762 5782 815 5838; x_wconf 85' lang='grc'><strong>’5.</strong></span> <span class='ocrx_word' id='word_1_785' title='bbox 897 5783 936 5813; x_wconf 74' lang='grc'>⁸⁸</span> <span class='ocrx_word' id='word_1_786' title='bbox 975 5777 1102 5837; x_wconf 82' lang='lat' dir='ltr'><strong>ibid.</strong></span> <span class='ocrx_word' id='word_1_787' title='bbox 1138 5781 1226 5836; x_wconf 70' lang='lat'><strong>22.</strong></span> 
     </span>
    </p>
   </div>
   <div class='ocr_carea' id='block_1_106' title="bbox 1951 4503 3547 4588">
    <p class='ocr_par' dir='ltr' id='par_1_106' title="bbox 1951 4503 3547 4588">
     <span class='ocr_line' id='line_1_106' title="bbox 1951 4503 3547 4588; baseline -0.01 -13"><span class='ocrx_word' id='word_1_788' title='bbox 1951 4530 2251 4588; x_wconf 80' lang='lat' dir='ltr'><strong>ctuumque</strong></span> <span class='ocrx_word' id='word_1_789' title='bbox 2283 4514 2549 4570; x_wconf 82' lang='lat' dir='ltr'><strong>servitute</strong></span> <span class='ocrx_word' id='word_1_790' title='bbox 2601 4512 2657 4566; x_wconf 91' lang='lat' dir='ltr'><strong>in</strong></span> <span class='ocrx_word' id='word_1_791' title='bbox 2698 4512 3006 4566; x_wconf 83' lang='lat' dir='ltr'><strong>libertatem</strong></span> <span class='ocrx_word' id='word_1_792' title='bbox 3045 4521 3383 4562; x_wconf 87' lang='lat' dir='ltr'><strong>asseramur.</strong></span> <span class='ocrx_word' id='word_1_793' title='bbox 3428 4503 3547 4559; x_wconf 85' lang='lat' dir='ltr'><strong>Non</strong></span> 
     </span>
    </p>
   </div>
   <div class='ocr_carea' id='block_1_107' title="bbox 1951 4599 3551 4678">
    <p class='ocr_par' dir='ltr' id='par_1_107' title="bbox 1951 4599 3551 4678">
     <span class='ocr_line' id='line_1_107' title="bbox 1951 4599 3551 4678; baseline -0.011 -10"><span class='ocrx_word' id='word_1_794' title='bbox 1951 4613 2113 4678; x_wconf 79' lang='lat' dir='ltr'><strong>dixit,</strong></span> <span class='ocrx_word' id='word_1_795' title='bbox 2140 4611 2449 4665; x_wconf 79' lang='lat' dir='ltr'><strong>libertatem</strong></span> <span class='ocrx_word' id='word_1_796' title='bbox 2477 4605 2846 4676; x_wconf 87' lang='lat' dir='ltr'><strong>accipiamus,</strong></span> <span class='ocrx_word' id='word_1_797' title='bbox 2870 4602 2966 4660; x_wconf 89' lang='lat' dir='ltr'><strong>sed</strong></span> <span class='ocrx_word' id='word_1_798' title='bbox 2994 4600 3360 4669; x_wconf 87' lang='lat' dir='ltr'><strong>recipiamus;</strong></span> <span class='ocrx_word' id='word_1_799' title='bbox 3388 4606 3445 4651; x_wconf 93' lang='lat' dir='ltr'><strong>ut</strong></span> <span class='ocrx_word' id='word_1_800' title='bbox 3469 4599 3551 4651; x_wconf 88' lang='lat' dir='ltr'><strong>in-</strong></span> 
     </span>
    </p>
   </div>
   <div class='ocr_carea' id='block_1_108' title="bbox 1951 4691 3547 4770">
    <p class='ocr_par' dir='ltr' id='par_1_108' title="bbox 1951 4691 3547 4770">
     <span class='ocr_line' id='line_1_108' title="bbox 1951 4691 3547 4770; baseline -0.01 -10"><span class='ocrx_word' id='word_1_801' title='bbox 1951 4706 2095 4760; x_wconf 87' lang='lat' dir='ltr'><strong>dicet</strong></span> <span class='ocrx_word' id='word_1_802' title='bbox 2124 4718 2224 4757; x_wconf 85' lang='lat' dir='ltr'><strong>nns</strong></span> <span class='ocrx_word' id='word_1_803' title='bbox 2266 4717 2298 4756; x_wconf 92' lang='lat' dir='ltr'><strong>a</strong></span> <span class='ocrx_word' id='word_1_804' title='bbox 2336 4698 2609 4770; x_wconf 91' lang='lat' dir='ltr'><strong>principio</strong></span> <span class='ocrx_word' id='word_1_805' title='bbox 2640 4696 2861 4768; x_wconf 92' lang='lat' dir='ltr'><strong>quidem</strong></span> <span class='ocrx_word' id='word_1_806' title='bbox 2908 4696 3221 4750; x_wconf 87' lang='lat' dir='ltr'><strong>libertatem</strong></span> <span class='ocrx_word' id='word_1_807' title='bbox 3263 4691 3547 4756; x_wconf 84' lang='lat' dir='ltr'><strong>habuisse,</strong></span> 
     </span>
    </p>
   </div>
   <div class='ocr_carea' id='block_1_109' title="bbox 1951 4783 3547 4857">
    <p class='ocr_par' dir='ltr' id='par_1_109' title="bbox 1951 4783 3547 4857">
     <span class='ocr_line' id='line_1_109' title="bbox 1951 4783 3547 4857; baseline -0.012 -4"><span class='ocrx_word' id='word_1_808' title='bbox 1951 4813 2143 4855; x_wconf 89' lang='lat' dir='ltr'><strong>verum</strong></span> <span class='ocrx_word' id='word_1_809' title='bbox 2167 4793 2592 4850; x_wconf 82' lang='lat' dir='ltr'><strong>eamamisisse.</strong></span> <span class='ocrx_word' id='word_1_810' title='bbox 2620 4789 2802 4857; x_wconf 88' lang='lat' dir='ltr'><strong>Quare</strong></span> <span class='ocrx_word' id='word_1_811' title='bbox 2827 4788 2986 4843; x_wconf 86' lang='lat' dir='ltr'><strong>nobis</strong></span> <span class='ocrx_word' id='word_1_812' title='bbox 3012 4800 3083 4840; x_wconf 86' lang='lat' dir='ltr'><strong>ea</strong></span> <span class='ocrx_word' id='word_1_813' title='bbox 3099 4783 3415 4854; x_wconf 85' lang='lat' dir='ltr'><strong>recipienda</strong></span> <span class='ocrx_word' id='word_1_814' title='bbox 3440 4790 3547 4847; x_wconf 89' lang='lat' dir='ltr'><strong>est,</strong></span> 
     </span>
    </p>
   </div>
   <div class='ocr_carea' id='block_1_110' title="bbox 1953 4876 3545 4962">
    <p class='ocr_par' dir='ltr' id='par_1_110' title="bbox 1953 4876 3545 4962">
     <span class='ocr_line' id='line_1_110' title="bbox 1953 4876 3545 4962; baseline -0.009 -16"><span class='ocrx_word' id='word_1_815' title='bbox 1953 4906 2117 4962; x_wconf 85' lang='lat' dir='ltr'><strong>quam</strong></span> <span class='ocrx_word' id='word_1_816' title='bbox 2149 4889 2412 4944; x_wconf 87' lang='lat' dir='ltr'><strong>habentes</strong></span> <span class='ocrx_word' id='word_1_817' title='bbox 2431 4884 2790 4955; x_wconf 86' lang='lat' dir='ltr'><strong>perdidimus.</strong></span> <span class='ocrx_word' id='word_1_818' title='bbox 2818 4879 3107 4937; x_wconf 87' lang='lat' dir='ltr'><strong>Descendit</strong></span> <span class='ocrx_word' id='word_1_819' title='bbox 3148 4877 3215 4932; x_wconf 89' lang='lat' dir='ltr'><strong>ad</strong></span> <span class='ocrx_word' id='word_1_820' title='bbox 3249 4892 3349 4932; x_wconf 87' lang='lat' dir='ltr'><strong>nos</strong></span> <span class='ocrx_word' id='word_1_821' title='bbox 3376 4876 3545 4931; x_wconf 86' lang='lat' dir='ltr'><strong>Altis-</strong></span> 
     </span>
    </p>
   </div>
   <div class='ocr_carea' id='block_1_111' title="bbox 1955 4970 3551 5046">
    <p class='ocr_par' dir='ltr' id='par_1_111' title="bbox 1955 4970 3551 5046">
     <span class='ocr_line' id='line_1_111' title="bbox 1955 4970 3551 5046; baseline -0.013 -4"><span class='ocrx_word' id='word_1_822' title='bbox 1955 4985 2129 5042; x_wconf 88' lang='lat' dir='ltr'><strong>simus</strong></span> <span class='ocrx_word' id='word_1_823' title='bbox 2159 4982 2274 5045; x_wconf 91' lang='lat' dir='ltr'><strong>ille,</strong></span> <span class='ocrx_word' id='word_1_824' title='bbox 2310 4991 2366 5033; x_wconf 90' lang='lat' dir='ltr'><strong>ut</strong></span> <span class='ocrx_word' id='word_1_825' title='bbox 2403 4994 2505 5033; x_wconf 91' lang='lat' dir='ltr'><strong>nos</strong></span> <span class='ocrx_word' id='word_1_826' title='bbox 2532 4976 2733 5046; x_wconf 83' lang='lat' dir='ltr'><strong>abjecti</strong></span> <span class='ocrx_word' id='word_1_827' title='bbox 2764 4983 2817 5029; x_wconf 92' lang='lat' dir='ltr'><strong>et</strong></span> <span class='ocrx_word' id='word_1_828' title='bbox 2848 4973 3086 5028; x_wconf 84' lang='lat' dir='ltr'><strong>humiles</strong></span> <span class='ocrx_word' id='word_1_829' title='bbox 3123 4972 3176 5024; x_wconf 93' lang='lat' dir='ltr'><strong>in</strong></span> <span class='ocrx_word' id='word_1_830' title='bbox 3202 4970 3439 5025; x_wconf 88' lang='lat' dir='ltr'><strong>sublime</strong></span> <span class='ocrx_word' id='word_1_831' title='bbox 3476 4970 3551 5023; x_wconf 75' lang='lat' dir='ltr'><strong>fc-</strong></span> 
     </span>
    </p>
   </div>
   <div class='ocr_carea' id='block_1_112' title="bbox 1954 5062 3544 5144">
    <p class='ocr_par' dir='ltr' id='par_1_112' title="bbox 1954 5062 3544 5144">
     <span class='ocr_line' id='line_1_112' title="bbox 1954 5062 3544 5144; baseline -0.011 -13"><span class='ocrx_word' id='word_1_832' title='bbox 1954 5091 2168 5141; x_wconf 84' lang='lat' dir='ltr'><strong>ramur,</strong></span> <span class='ocrx_word' id='word_1_833' title='bbox 2193 5089 2361 5144; x_wconf 87' lang='lat' dir='ltr'><strong>supra</strong></span> <span class='ocrx_word' id='word_1_834' title='bbox 2387 5080 2736 5127; x_wconf 80' lang='lat' dir='ltr'><strong>terrenarum</strong></span> <span class='ocrx_word' id='word_1_835' title='bbox 2767 5082 2951 5122; x_wconf 84' lang='lat' dir='ltr'><strong>rerum</strong></span> <span class='ocrx_word' id='word_1_836' title='bbox 2976 5064 3317 5120; x_wconf 77' lang='lat' dir='ltr'><strong>aﬂeclionem</strong></span> <span class='ocrx_word' id='word_1_837' title='bbox 3347 5062 3544 5122; x_wconf 78' lang='lat' dir='ltr'><strong>evecti,</strong></span> 
     </span>
    </p>
   </div>
   <div class='ocr_carea' id='block_1_113' title="bbox 1954 5152 3544 5240">
    <p class='ocr_par' dir='ltr' id='par_1_113' title="bbox 1954 5152 3544 5240">
     <span class='ocr_line' id='line_1_113' title="bbox 1954 5152 3544 5240; baseline -0.013 -16"><span class='ocrx_word' id='word_1_838' title='bbox 1954 5179 2119 5240; x_wconf 89' lang='lat' dir='ltr'><strong>atque</strong></span> <span class='ocrx_word' id='word_1_839' title='bbox 2149 5168 2216 5223; x_wconf 91' lang='lat' dir='ltr'><strong>ad</strong></span> <span class='ocrx_word' id='word_1_840' title='bbox 2243 5165 2493 5223; x_wconf 74' lang='lat' dir='ltr'><strong>cmlestia</strong></span> <span class='ocrx_word' id='word_1_841' title='bbox 2527 5171 2789 5232; x_wconf 86' lang='lat' dir='ltr'><strong>tanquam</strong></span> <span class='ocrx_word' id='word_1_842' title='bbox 2827 5158 3027 5230; x_wconf 89' lang='lat' dir='ltr'><strong>pennis</strong></span> <span class='ocrx_word' id='word_1_843' title='bbox 3066 5154 3292 5212; x_wconf 89' lang='lat' dir='ltr'><strong>sublati.</strong></span> <span class='ocrx_word' id='word_1_844' title='bbox 3342 5152 3544 5205; x_wconf 84' lang='lat' dir='ltr'><strong>Tenta-</strong></span> 
     </span>
    </p>
   </div>
   <div class='ocr_carea' id='block_1_114' title="bbox 1957 5246 3543 5327">
    <p class='ocr_par' dir='ltr' id='par_1_114' title="bbox 1957 5246 3543 5327">
     <span class='ocr_line' id='line_1_114' title="bbox 1957 5246 3543 5327; baseline -0.013 -12"><span class='ocrx_word' id='word_1_845' title='bbox 1957 5268 2048 5317; x_wconf 91' lang='lat' dir='ltr'><strong>tus</strong></span> <span class='ocrx_word' id='word_1_846' title='bbox 2086 5268 2197 5324; x_wconf 84' lang='lat' dir='ltr'><strong>est,</strong></span> <span class='ocrx_word' id='word_1_847' title='bbox 2228 5273 2292 5313; x_wconf 88' lang='lat' dir='ltr'><strong>ac</strong></span> <span class='ocrx_word' id='word_1_848' title='bbox 2325 5256 2532 5327; x_wconf 90' lang='lat' dir='ltr'><strong>triplici</strong></span> <span class='ocrx_word' id='word_1_849' title='bbox 2564 5253 2927 5310; x_wconf 88' lang='lat' dir='ltr'><strong>tentationum</strong></span> <span class='ocrx_word' id='word_1_850' title='bbox 2969 5249 3079 5303; x_wconf 86' lang='lat' dir='ltr'><strong>telo</strong></span> <span class='ocrx_word' id='word_1_851' title='bbox 3107 5246 3163 5300; x_wconf 89' lang='lat' dir='ltr'><strong>in</strong></span> <span class='ocrx_word' id='word_1_852' title='bbox 3196 5246 3417 5300; x_wconf 87' lang='lat' dir='ltr'><strong>deserto</strong></span> <span class='ocrx_word' id='word_1_853' title='bbox 3448 5258 3543 5311; x_wconf 87' lang='lat' dir='ltr'><strong>pe-</strong></span> 
     </span>
    </p>
   </div>
   <div class='ocr_carea' id='block_1_115' title="bbox 1959 5336 3545 5412">
    <p class='ocr_par' dir='ltr' id='par_1_115' title="bbox 1959 5336 3545 5412">
     <span class='ocr_line' id='line_1_115' title="bbox 1959 5336 3545 5412; baseline -0.014 -4"><span class='ocrx_word' id='word_1_854' title='bbox 1959 5353 2092 5407; x_wconf 91' lang='lat' dir='ltr'><strong>titus</strong></span> <span class='ocrx_word' id='word_1_855' title='bbox 2132 5358 2223 5407; x_wconf 85' lang='lat' dir='ltr'><strong>est</strong></span> <span class='ocrx_word' id='word_1_856' title='bbox 2249 5349 2508 5405; x_wconf 79' lang='lat' dir='ltr'><strong>Christus</strong></span> <span class='ocrx_word' id='word_1_857' title='bbox 2536 5361 2566 5400; x_wconf 88' lang='lat' dir='ltr'><strong>a</strong></span> <span class='ocrx_word' id='word_1_858' title='bbox 2590 5344 2839 5408; x_wconf 90' lang='lat' dir='ltr'><strong>diabolo,</strong></span> <span class='ocrx_word' id='word_1_859' title='bbox 2862 5341 3002 5412; x_wconf 64' lang='lat' dir='ltr'><strong>gulae</strong></span> <span class='ocrx_word' id='word_1_860' title='bbox 3030 5354 3246 5408; x_wconf 86' lang='lat' dir='ltr'><strong>nempe,</strong></span> <span class='ocrx_word' id='word_1_861' title='bbox 3285 5336 3545 5389; x_wconf 84' lang='lat' dir='ltr'><strong>ambitio-</strong></span> 
     </span>
    </p>
   </div>
   <div class='ocr_carea' id='block_1_116' title="bbox 1956 5424 3545 5507">
    <p class='ocr_par' dir='ltr' id='par_1_116' title="bbox 1956 5424 3545 5507">
     <span class='ocr_line' id='line_1_116' title="bbox 1956 5424 3545 5507; baseline -0.012 -8"><span class='ocrx_word' id='word_1_862' title='bbox 1956 5443 2044 5499; x_wconf 90' lang='lat' dir='ltr'><strong>nis</strong></span> <span class='ocrx_word' id='word_1_863' title='bbox 2085 5449 2141 5498; x_wconf 92' lang='lat' dir='ltr'><strong>et</strong></span> <span class='ocrx_word' id='word_1_864' title='bbox 2188 5439 2440 5497; x_wconf 69' lang='lat' dir='ltr'><strong>avaritiae</strong></span> <span class='ocrx_word' id='word_1_865' title='bbox 2476 5456 2490 5493; x_wconf 90' lang='lat'><strong>:</strong></span> <span class='ocrx_word' id='word_1_866' title='bbox 2542 5445 2711 5507; x_wconf 90' lang='lat' dir='ltr'><strong>atque</strong></span> <span class='ocrx_word' id='word_1_867' title='bbox 2763 5434 2824 5489; x_wconf 81' lang='lat' dir='ltr'><strong>in</strong></span> <span class='ocrx_word' id='word_1_868' title='bbox 2855 5433 2961 5487; x_wconf 87' lang='lat' dir='ltr'><strong>hoc</strong></span> <span class='ocrx_word' id='word_1_869' title='bbox 2999 5428 3203 5500; x_wconf 90' lang='lat' dir='ltr'><strong>triplici</strong></span> <span class='ocrx_word' id='word_1_870' title='bbox 3238 5424 3545 5482; x_wconf 84' lang='lat' dir='ltr'><strong>certamine</strong></span> 
     </span>
    </p>
   </div>
   <div class='ocr_carea' id='block_1_117' title="bbox 1959 5517 3539 5601">
    <p class='ocr_par' dir='ltr' id='par_1_117' title="bbox 1959 5517 3539 5601">
     <span class='ocr_line' id='line_1_117' title="bbox 1959 5517 3539 5601; baseline -0.015 -11"><span class='ocrx_word' id='word_1_871' title='bbox 1959 5540 2290 5590; x_wconf 83' lang='lat' dir='ltr'><strong>tentatorem</strong></span> <span class='ocrx_word' id='word_1_872' title='bbox 2324 5529 2628 5601; x_wconf 78' lang='lat' dir='ltr'><strong>superavit,</strong></span> <span class='ocrx_word' id='word_1_873' title='bbox 2664 5525 2826 5582; x_wconf 89' lang='lat' dir='ltr'><strong>nobis</strong></span> <span class='ocrx_word' id='word_1_874' title='bbox 2853 5521 3109 5579; x_wconf 81' lang='lat' dir='ltr'><strong>videlicet</strong></span> <span class='ocrx_word' id='word_1_875' title='bbox 3127 5517 3416 5574; x_wconf 87' lang='lat' dir='ltr'><strong>victoriam</strong></span> <span class='ocrx_word' id='word_1_876' title='bbox 3452 5530 3539 5568; x_wconf 86' lang='lat' dir='ltr'><strong>ac-</strong></span> 
     </span>
    </p>
   </div>
   <div class='ocr_carea' id='block_1_118' title="bbox 1968 5606 3540 5699">
    <p class='ocr_par' dir='ltr' id='par_1_118' title="bbox 1968 5606 3540 5699">
     <span class='ocr_line' id='line_1_118' title="bbox 1968 5606 3540 5699; baseline -0.013 -18"><span class='ocrx_word' id='word_1_877' title='bbox 1968 5627 2216 5699; x_wconf 73' lang='lat' dir='ltr'><strong>quirens.</strong></span> <span class='ocrx_word' id='word_1_878' title='bbox 2249 5623 2391 5691; x_wconf 85' lang='lat' dir='ltr'><strong>Quin</strong></span> <span class='ocrx_word' id='word_1_879' title='bbox 2417 5622 2579 5679; x_wconf 90' lang='lat' dir='ltr'><strong>etiam</strong></span> <span class='ocrx_word' id='word_1_880' title='bbox 2613 5624 2966 5688; x_wconf 70' lang='lat' dir='ltr'><strong>contemptus</strong></span> <span class='ocrx_word' id='word_1_881' title='bbox 2994 5622 3079 5669; x_wconf 88' lang='lat' dir='ltr'><strong>est</strong></span> <span class='ocrx_word' id='word_1_882' title='bbox 3106 5611 3195 5667; x_wconf 88' lang='lat' dir='ltr'><strong>ille</strong></span> <span class='ocrx_word' id='word_1_883' title='bbox 3221 5609 3406 5681; x_wconf 79' lang='lat' dir='ltr'><strong>gloria:</strong></span> <span class='ocrx_word' id='word_1_884' title='bbox 3429 5606 3540 5675; x_wconf 77' lang='lat' dir='ltr'><strong>Do-</strong></span> 
     </span>
    </p>
   </div>
  </div>
