4040 6282
506 266 613 321 959

1798 262 2094 319 NICETAS
2131 261 2521 318 SERRONIUS

3663 269 3784 321 960‘

511 391 717 449 minus,
752 389 812 436 ut
839 395 940 435 nos
973 378 1206 434 infames
1233 385 1391 432 ornet
1432 386 1595 449 atque
1627 377 1883 433 illustret.
1932 377 2077 433 M-or-
2116 438 2121 448 ί

2223 377 2594 449 [ἐπηγγείλατο
2644 376 2749 448 γὰρ
2792 356 3225 443 λέγωνὊταν
3268 374 3501 445 ὑψωθῶ,
3549 378 3777 447 πάντας

512 484 642 530 tuus
670 480 775 537 est,
810 481 868 526 ut
904 484 1000 540 per
1028 468 1147 538 ejus
1169 476 1400 523 mortem
1436 470 1667 523 salutem
1695 482 2078 537 assequamur.

2189 470 2433 524 ἑλκύσω
2463 471 2614 539 πρὸς
2641 470 2920 539 ἐμαυτόν.

514 565 803 621 Descendit
837 568 1002 633 atque
1024 561 1293 627 ascendit,
1325 569 1385 615 ut
1428 576 1528 616 nos
1558 562 1735 632 ipsum
1766 574 2083 633 sequamur,
2126 572 2291 633 atque
2317 575 2372 617 ut
2404 563 2551 617 humi
2586 564 2830 632 jar-entes
2861 563 2915 615 in
2953 562 3160 632 peccati
3200 562 3411 631 lapsum
3478 561 3544 615 ad
3618 564 3768 633 seip-

517 668 638 711 sum
708 657 908 724 trahat,
951 655 1407 726 quemadmodum
1486 669 1545 709 se
1620 654 1895 709 facturum
1929 655 2156 724 recepit,
2228 655 2418 709 dicens
2472 654 2659 711 :Cunt
2694 657 2963 709 exaltatus
2989 654 3159 722 fuero,
3213 656 3391 708 omnia
3444 656 3650 709 traham
3710 657 3780 709 ad

517 753 767 820 meipsum
802 752 863 806 “.

592 845 783 901 Omnia
822 846 1085 915 quispiam
1137 844 1316 908 donet,
1359 846 1537 899 omnia
1573 844 1653 909 ei,
1699 850 1805 897 etc.
1861 841 2101 897 Enume-

519 936 661 989 ravit
691 950 752 990 ea
774 976 791 999 ,
822 951 945 1005 quae
972 934 1228 990 Christus
1290 950 1389 1005 pro
1431 936 1585 989 nobis
1625 948 1823 1003 passus
1869 941 1974 995 est,
2007 933 2102 987 be—

521 1028 829 1098 neliciaque
850 1027 905 1081 in
930 1042 1033 1082 nos
1063 1028 1287 1092 collata,
1312 1037 1370 1080 ut
1398 1027 1587 1097 probet
1616 1041 1716 1080 nos
1748 1040 1855 1079 non
1879 1039 1943 1080 ex
1979 1040 2103 1095 gra-

520 1123 661 1175 tuita
708 1119 1081 1175 munificentia
1134 1120 1190 1173 in
1238 1135 1362 1175 eum
1409 1120 1665 1173 liberales
1717 1133 1859 1182 esse,
1906 1119 1997 1172 sed
2035 1133 2102 1171 ex

523 1215 734 1269 debito.
773 1212 836 1266 Et
868 1212 1089 1283 quidem
1123 1217 1381 1281 superius
1402 1212 1691 1264 videbatur
1732 1225 1916 1264 rerum
1950 1225 2104 1265 cras-

526 1321 713 1361 sarum
750 1314 805 1359 et
836 1313 1179 1358 terrenarum
1222 1304 1554 1358 oblationem
1596 1316 1823 1372 prorsus
1856 1302 2106 1370 rejicere,

526 1411 650 1451 cum
687 1396 907 1451 dicebat
954 1412 968 1449 ε
1016 1395 1225 1448 Aurum
1260 1394 1498 1450 fortasse
1533 1394 1738 1464 putatis
1779 1410 1864 1448 me
1904 1394 2109 1458 dicere,

528 1498 624 1542 aut
651 1490 982 1559 argentum?
1018 1488 1127 1542 imo
1158 1489 1412 1558 nosipsos
1459 1487 1566 1542 ι)ρο
1605 1488 1923 1542 otl‘eramus.
1959 1486 2113 1543 Nunc

530 1590 710 1633 autem
743 1580 984 1635 ostendit
1031 1595 1089 1635 se
1121 1595 1231 1633 non
1265 1572 1491 1633 omnino
1540 1579 1857 1649 hujusmodi
1885 1596 2112 1635 munera

2279 843 2394 899 Col.
2424 845 2531 899 400
2558 845 2602 898 Α
2630 846 2682 900 5.
2727 844 2928 899 Πάντα
2969 886 2982 899 .
3024 885 3039 900 .
3079 884 3093 899 .
3132 846 3473 914 γενόμενον.
3549 846 3780 915 Ἀπηρι-

2200 935 2446 1008 θμήσατο
2474 936 2544 990 τὰ
2580 937 2646 990 δι’
2680 938 2824 1007 ἡμᾶς
2849 936 2996 1006 πάθη
3031 935 3126 989 τοῦ
3168 936 3405 1006 Χριστοῦ
3439 938 3531 991 καὶ
3562 938 3661 1000 τὰς
3694 938 3782 991 δο-

2201 1028 2387 1092 θείσας
2415 1030 2547 1099 ἡμῖν
2594 1029 2934 1099 εὐεργεσίας,
2985 1029 3071 1081 ἵνα
3118 1028 3267 1100 δείξῃ
3323 1028 3574 1099 μὴκατὰ
3622 1029 3785 1100 χάριν

2201 1119 2351 1190 αὐτῷ
2385 1120 2910 1191 καρποφοροῦντας,
2943 1120 3079 1173 ἀλλά
3120 1121 3262 1174 κατά
3295 1122 3472 1191 χρέος.
3518 1122 3627 1175 Καὶ
3673 1123 3788 1176 ἄνω

2207 1212 2305 1285 μὲν
2338 1212 2510 1266 ἐδόκει
2532 1212 2713 1266 τέλεον
2739 1211 3023 1267 ἐκϐάλλειν
3044 1213 3145 1284 τὴν
3171 1212 3258 1266 διὰ
3280 1212 3389 1265 τῶν
3412 1212 3554 1265 ύλῶν
3580 1228 3789 1284 καρπο-

2207 1304 2433 1374 φορίαν,
2462 1305 2520 1356 έν
2549 1298 2631 1367 οἷς
2676 1303 2858 1373 ἔλεγε·
2896 1304 3110 1375 Χρυσόν
3147 1319 3213 1374 με
3245 1305 3376 1366 ἴσως
3403 1302 3578 1356 οἴεσθε
3605 1303 3788 1372 λέγειν

2208 1393 2242 1465 ἢ
2291 1395 2551 1463 ἄργυρον,
2592 1394 3108 1463 καρποφορήσωμεν
3153 1394 3301 1463 ἡμᾶς
3344 1392 3574 1456 αύτούς·
3604 1394 3700 1447 νῦν
3730 1395 3788 1447 δὲ

2207 1484 2498 1549 δείκνυσιν,
2525 1484 2607 1537 ὅτι
2635 1484 2696 1536 ού
2720 1483 3001 1547 παντελῶς
3029 1483 3418 1554 ἀποδοκιμάζει
3446 1483 3515 1538 τὰ
3540 1485 3785 1548 τοιαῦτα,

2212 1576 2346 1630 ἀλλὰ
2374 1578 2613 1647 προτιμᾷ
2654 1576 2715 1629 τὸ
2755 1575 2957 1647 μεῖζον,
2997 1575 3241 1628 τουτέστι
3270 1576 3330 1628 τὸ
3369 1576 3595 1639 ἑαυτοὺς
3622 1595 3790 1648 προσ-

529 1671 863 1742 improbare,
912 1671 1005 1726 sed
1043 1671 1187 1741 quod
1236 1670 1415 1739 majus
1462 1680 1547 1725 est
1593 1670 1889 1735 anteferre,
1920 1688 2113 1742 nempe

2223 1668 2544 1738 άγειν.Φησι
2585 1665 2738 1735 γοῦν·
2772 1668 2955 1720 Πάντα
2994 1666 3181 1719 διδότω
3207 1684 3311 1731 τις,
3343 1669 3435 1721 καὶ
3465 1670 3666 1745 χρυσὸν
3697 1670 3793 1722 καὶ

530 1770 592 1814 ιιι
619 1763 877 1833 nosipsos
921 1762 1245 1816 offeramus.
1277 1762 1368 1815 Ait
1402 1762 1591 1831 igitur,
1621 1760 1817 1815 Omnia
1846 1760 1936 1815 det
1969 1765 2116 1831 quis-

531 1851 677 1921 piam
709 1894 723 1918 ,
756 1860 808 1906 et
842 1866 1033 1905 aurum
1062 1859 1116 1906 et
1138 1865 1382 1920 gemmas
1403 1859 1452 1905 el
1479 1858 1659 1905 vestes
1680 1895 1694 1917 ,
1726 1851 1817 1904 det
1839 1858 2020 1905 autem
2048 1867 2113 1906 ex

530 1947 717 2003 debito
747 1964 759 2000 :
791 1945 1235 2027 quandoquidem
1274 1945 1488 2014 priores
1519 1944 1893 1999 beneﬁcentia:
1933 1953 2114 2014 partes

532 2039 785 2094 Christus
817 2054 1120 2109 occupans,
1161 2046 1393 2092 mortem
1440 2053 1542 2107 pro
1583 2038 1741 2092 nobis
1784 2039 2018 2109 excepit,
2051 2054 2114 2092 ac

533 2131 776 2201 seipsum
804 2145 903 2202 pro
933 2130 1094 2185 nobis
1118 2131 1171 2184 in
1197 2129 1527 2186 sacriﬁcium
1562 2128 1711 2183 Patri
1738 2130 1951 2184 obtulit.
1980 2129 2112 2186 Nam

529 2222 609 2277 illi
642 2238 1086 2293 peccaveramus,
1119 2222 1415 2292 etproinde
1435 2222 1537 2290 ipsi
1565 2229 1765 2277 nostra:
1794 2223 2118 2294 redemptio-

530 2314 621 2369 nis
656 2317 895 2384 pretium
930 2315 1358 2385 pcrsolvendum
1393 2323 1534 2380 erat,
1567 2324 1625 2369 ut
1650 2332 1751 2371 nos
1784 2317 2116 2371 condemna-

533 2400 682 2453 tione
718 2404 1076 2456 solveremur.
1111 2402 1267 2456 Absit
1310 2404 1456 2457 enim
1504 2412 1564 2458 ut
1607 2412 1841 2475 tyranno
1895 2405 2115 2459 diabolo

512 2489 752 2543 Domini
787 2493 1011 2561 sanguis
1049 2492 1266 2547 oblatus
1314 2495 1497 2548 luerit.
1527 2494 1769 2549 Pretium
1803 2505 1985 2551 autem
2024 2511 2113 2551 re-

536 2582 870 2652 demptionis
898 2600 997 2654 pro
1026 2584 1182 2639 nobis
1213 2585 1471 2641 Christus
1504 2596 1610 2649 est,
1647 2596 1701 2642 et
1724 2589 1898 2658 culpae
1923 2590 2112 2644 succi-

537 2674 769 2736 daneus,
800 2683 987 2747 utpote
1008 2678 1103 2746 qui
1138 2685 1392 2732 naturam
1417 2688 1661 2736 nostram
1691 2682 1887 2738 salutis
1912 2694 2115 2737 nostra:

537 2779 707 2820 causa
749 2770 1076 2838 susceperit,
1117 2770 1344 2839 perinde
1395 2785 1458 2825 ac
1502 2772 1548 2826 si
1599 2772 1725 2841 quis
1768 2786 1867 2841 pro
1895 2787 1989 2827 reo
2019 2782 2115 2826 aut

538 2857 758 2927 captivo
772 2859 1023 2927 'seipsum
1052 2861 1371 2925 substituat,
1403 2862 1467 2915 ad
1490 2877 1551 2916 ea
1584 2864 1958 2932 perpetienda,
1993 2878 2115 2934 quae

2218 1759 2398 1822 λίθους
2426 1760 2521 1812 καὶ
2545 1760 2869 1830 ύφάσματα’
2893 1760 3081 1813 διδότω
3107 1761 3163 1812 δὲ
3193 1759 3332 1813 κατὰ
3354 1762 3593 1832 ὀφειλὴν.
3638 1763 3792 1815 Ἐπεί

2219 1850 2504 1922 προλαϐὼν
2534 1853 2562 1903 ὁ
2590 1851 2821 1923 Χριστὸς
2852 1852 2943 1904 τὸν
2973 1853 3113 1923 ὑπὲρ
3141 1852 3295 1923 ἡμῶν
3318 1852 3600 1918 ἀνεδέξατο
3627 1854 3791 1908 θάναο

2216 1962 2328 2008 τον,
2358 1946 2455 1998 καὶ
2484 1946 2676 1998 ἑαυτὸν
2712 1944 2790 2016 τῷ
2830 1946 3005 2016 Πατρὶ
3038 1946 3375 2017 προσέφερεν
3412 1946 3605 1999 θυσίαν
3652 1947 3793 2018 ὑπὲρ

2217 2037 2393 2108 ἡμῶν.
2431 2035 2588 2107 Αύτῷ
2616 2035 2725 2108 γὰρ
2760 2037 3343 2108 πεπλημμελήκαμεν,
3369 2037 3465 2089 καὶ
3495 2038 3654 2090 αὑτὸν
3686 2038 3792 2092 ἔδει

2216 2131 2277 2182 τὸ
2306 2129 2448 2200 ὑπὲρ
2476 2128 2631 2200 ἡμῶν
2660 2129 2853 2199 λύτρον
2883 2128 3135 2194 δέξασθαι
3183 2130 3279 2182 καί
3312 2129 3481 2193 ὅντως
3514 2131 3661 2200 ἡμᾶς
3699 2131 3793 2185 λυ-

2218 2219 2375 2290 θῆναι
2405 2221 2504 2289 τῆς
2526 2219 2924 2289 κατακρίσεως.
2949 2217 3041 2289 Μὴ
3068 2218 3176 2289 γάρ
3208 2218 3419 2286 γένοιτο
3446 2218 3524 2289 τῷ
3546 2220 3795 2290 τυράννῳ

2214 2314 2278 2368 τὸ
2310 2313 2403 2367 τοῦ
2434 2313 2707 2366 Δεσπότου
2753 2308 2891 2382 αἷμα
2936 2312 3382 2383 προσενεχθῆναι.
3424 2313 3635 2384 Λὸτρον
3682 2315 3738 2367 δὲ
3768 2317 3796 2367 ὁ

2216 2406 2451 2476 Χριστὸς
2476 2408 2569 2459 καὶ
2597 2405 2973 2474 ἀντάλλαγμα,
2990 2405 3066 2467 ὡς
3088 2405 3153 2458 τὰ
3175 2408 3206 2475 ἡ
3215 2405 3328 2475 μῶν
3347 2405 3486 2476 ὑπὲρ
3502 2406 3657 2476 ἡμῶν
3671 2410 3798 2459 ἀνει-

2215 2497 2524 2569 δεξάμενος·
2542 2498 2690 2551 ὥσπε
2698 2515 2729 2569 ρ
2748 2498 2842 2551 ὲάν
2862 2515 2943 2561 τις
2960 2497 3100 2568 ὑπὲρ
3113 2495 3205 2550 τοῦ
3229 2498 3527 2551 ὑπευθύνου
3544 2500 3579 2569 ἢ
3601 2502 3802 2569 αίχμαο

2215 2589 2385 2643 λώτου
2399 2588 2537 2659 ὲκδῷ
2554 2589 2767 2651 ἑαυτὸν,
2789 2587 2930 2641 ὥστε
2958 2587 3166 2655 παθεῖν,
3183 2588 3219 2642 ἃ.
3238 2591 3444 2643 ἐκεῖνον
3460 2589 3565 2643 ἔδει
3584 2592 3797 2645 παθεῖν.

2216 2686 2372 2757 Καλὴ
2411 2692 2508 2757 μὲν
2549 2682 2663 2749 οὖν,
2711 2686 2864 2757 φησι,
2900 2685 2992 2738 καὶ
3024 2686 3177 2739 πᾶσα
3216 2685 3585 2757 καρποφορία,
3632 2685 3704 2754 ἢν
3731 2682 3796 2736 ἄν

2215 2778 2359 2852 δώσῃ
2388 2796 2471 2842 τις
2501 2776 2578 2850 τῷ
2607 2778 2871 2851 εὐεργέτῃ
2900 2775 3141 2848 Χριστῷ·
3177 2777 3327 2830 οὐδὲν
3354 2776 3410 2829 δὲ
3432 2774 3672 2830 τοιοῦτον
3702 2774 3803 2826 δὼ-

2219 2887 2301 2923 σει
2347 2869 2510 2940 μέγα,
2552 2867 2662 2923 οἷον
2692 2871 2882 2924 ἑαυτὸν
2921 2871 3015 2925 τοῦ
3066 2870 3362 2941 μυστηρίου
3403 2868 3656 2922 συνιέντα
3682 2883 3802 2920 του-

538 2949 693 3003 illum
732 2951 842 3019 pati
878 2965 1105 3006 necesse
1134 2960 1274 3006 erat.
1317 2953 1639 3022 Quanquam
1678 2962 1880 3018 autem,
1909 2956 2110 3025 inquit,

2223 2960 2370 3013 τέστι
2418 2959 2663 3023 νοοῦντα,
2696 2962 2841 3033 τίςή
2876 2961 2975 3031 τῆς
3017 2961 3363 3025 ἀναστάσεως
3404 2961 3573 3025 αἰτία,
3616 2959 3713 3012 καὶ
3750 2957 3804 3011 τί

542 3039 684 3094 bona
719 3041 791 3095 sit
820 3043 1002 3097 omnis
1031 3045 1260 3109 oblatio,
1289 3060 1450 3114 quam
1483 3045 1755 3116 quispiam
1798 3046 1936 3102 bene
1968 3049 2035 3103 de
2061 3063 2119 3104 se

542 3133 738 3187 merito
775 3133 995 3190 Christo
1030 3134 1241 3202 fecerit,
1293 3137 1431 3192 nihil
1485 3148 1665 3193 tamen
1711 3147 1821 3193 tam
1861 3140 2125 3195 eximium

541 3220 771 3277 daturus
800 3231 907 3286 est,
940 3240 1104 3295 quam
1137 3228 1183 3283 si
1215 3228 1455 3298 seipsqu
1487 3230 1750 3285 obtulerit
1774 3231 1939 3301 hujus
1976 3248 2125 3303 mys-

545 3318 667 3373 terii
720 3323 990 3377 rationem
1054 3323 1475 3395 intelligentem,
1533 3328 1588 3382 id
1637 3335 1745 3391 est,
1791 3331 2125 3401 cogitantem

543 3425 664 3479 quae
694 3410 1136 3471 Resurrectionis
1176 3431 1343 3473 causa
1392 3420 1483 3481 sit,
1516 3420 1758 3490 quidque
1791 3424 2121 3480 mortalibus

547 3501 741 3557 atl'erre
765 3507 961 3574 possit,
995 3521 1226 3577 eamque
1270 3511 1643 3580 cognitionem
1684 3514 1994 3570 actionibus
2031 3515 2126 3571 de-

545 3594 855 3657 claravcrit,
909 3612 972 3650 ac
1015 3608 1240 3668 propter
1287 3601 1438 3655 illum
1488 3604 1669 3656 omnia
1718 3603 1894 3659 factus
1940 3606 2123 3675 fuerit,

546 3702 891 3757 quascunque
921 3691 1036 3759 ipse
1068 3702 1288 3762 propter
1306 3710 1407 3749 nos
1435 3694 1613 3751 factus
1646 3706 1751 3762 est,
1785 3697 1837 3751 id
1860 3709 1963 3765 est,
2004 3702 2125 3756 sine

548 3779 973 3849 reprehensione
997 3784 1258 3841 incedens
1291 3803 1388 3857 per
1420 3803 1610 3843 omnes
1639 3788 1843 3846 Christi
1858 3800 2047 3850 anates
2071 3806 2127 3851 et

2222 3055 2444 3108 δύναται
2484 3054 2807 3125 χαρίζεσθαι
2843 3058 2956 3118 τοῖς
2984 3052 3314 3126 ἀνθρώποις,
3354 3052 3449 3106 καὶ
3474 3052 3571 3122 τὴν
3603 3051 3805 3120 γνῶσιν

2221 3146 2427 3217 ταύτην
2463 3146 2749 3200 δεικνύντα
2782 3148 2876 3201 ἐπὶ
2909 3148 3016 3201 τῶν
3046 3146 3299 3218 πράξεων
3321 3185 3337 3208 ,
3367 3146 3457 3199 καὶ
3497 3146 3677 3198 πάντα
3714 3161 3803 3213 γε-

2222 3239 2448 3309 νόμενον
2475 3239 2562 3292 διὰ
2587 3239 2845 3311 Χριστὸν,
2876 3239 2976 3291 ὅσα
3002 3240 3208 3301 ἐκεῖνος
3237 3238 3305 3290 δι’
3335 3238 3503 3307 ἡμᾶς,
3531 3236 3805 3289 τουτέστιν

2224 3331 2530 3403 ἀμέμπτως
2556 3331 2807 3384 ὁδεύοντα
2826 3330 2914 3385 διά
2943 3330 3135 3384 πασῶν
3164 3330 3273 3384 τῶν
3302 3328 3535 3401 ἡλικιῶν
3564 3326 3804 3400 Χριστοῦ

2225 3426 2320 3478 καὶ
2338 3424 2644 3493 δυνάμεων,
2673 3422 3031 3495 ἀγνιζόμενον
3050 3440 3181 3476 πνευ
3192 3422 3454 3494 ματικῶς,
3481 3438 3546 3474 πε
3556 3438 3667 3493 ριτε
3677 3420 3805 3490 μνόο

2229 3536 2390 3590 μενον
2428 3519 2528 3588 τὴν
2566 3520 2623 3571 ὲν
2671 3516 2873 3589 καρδία
2920 3515 3222 3587 περιτομὴν
3267 3514 3587 3567 διδάσκοντα
3632 3514 3693 3564 ὲν
3729 3511 3809 3581 τῷ

2228 3613 2383 3685 ίερῷ,
2433 3613 2560 3675 τοὺς
2589 3609 2960 3680 θεοκαπήλους
3002 3606 3298 3661 ἐλαύνοντα
3330 3604 3702 3676 λιθαζόμενον,
3742 3603 3809 3656 τά

2227 3705 2362 3761 ἄλλα
2388 3702 2701 3772 ποιοῦνταῆ
2736 3702 3035 3771 πάσχοντα,
3061 3701 3161 3753 ὅσα
3183 3700 3277 3752 καὶ
3299 3699 3461 3762 αὐτὸς
3490 3697 3629 3769 ὑπὲρ
3650 3696 3810 3766 ἡμῶν

2229 3794 2483 3866 ἐποίησεν
2513 3792 2546 3864 ἢ
2577 3792 2794 3856 ἔπαθεν,
2832 3793 2965 3862 ἡμῖν
3002 3787 3393 3858 ὑπολιμπάνων
3422 3783 3805 3854 ὑπογραμμὸν.

550 3878 842 3945 potentias,
874 3880 1233 3949 spiritualiter
1257 3884 1596 3954 puriﬁcatus,
1630 3889 1796 3945 corde
1825 3890 2207 3956 circumcisus,
2258 3894 2315 3947 in
2376 3890 2579 3960 templo
2636 3888 2879 3952 docens,
2946 3884 3344 3939 nundinatores
3418 3880 3667 3950 ejiciens,
3737 3879 3811 3930 la-

551 3968 788 4041 pidatus,
822 3971 1036 4042 aliaque
1068 3976 1270 4040 omnia,
1300 3977 1496 4046 partim
1530 3981 1756 4047 faciens,
1797 3984 1995 4052 partim
2036 3987 2266 4054 patiens,
2316 3998 2439 4055 qum
2468 3983 2586 4053 ipse
2618 3987 2807 4036 nostra
2860 3992 3051 4041 causa,
3117 3975 3205 4031 vel
3272 3972 3419 4040 fecit,
3463 3972 3548 4026 vel
3614 3985 3813 4040 passus

551 4071 656 4125 est,
682 4065 843 4120 nobis
869 4069 1178 4138 exemplum
1221 4071 1577 4141 relinquens~

622 4159 699 4211 Ac
727 4159 868 4213 vobis
896 4160 1127 4230 quidem,
1150 4172 1208 4215 ut
1233 4166 1467 4231 cernitis,
1491 4175 1674 4235 pastor
1695 4168 1778 4223 hic
1803 4169 1992 4233 bonus,
2020 4180 2121 4226 etc.

2307 4166 2442 4223 Ibid.
2472 4165 2516 4219 B
2548 4167 2599 4219 1.
2636 4160 3012 4234 Καρποφορεῖ
3037 4200 3052 4215 .
3086 4199 3098 4212 .
3131 4200 3148 4215 .

552 4251 849 4307 Auditores
880 4253 946 4307 ad
973 4252 1186 4311 fructus
1212 4255 1324 4311 Deo
1348 4256 1655 4316 otl‘erendos
1682 4261 1931 4318 excitans
1952 4262 2121 4318 Theo-

2239 4279 2347 4334 ρων
2374 4260 2502 4323 τοὺς
2530 4256 2829 4319 ἀκούοντας
2868 4257 2947 4318 είς
2981 4253 3044 4306 τὸ
3073 4252 3443 4322 καρποφορεῖν
3474 4250 3504 4301 ὁ
3531 4247 3811 4315 Θεολόγος,

556 4344 743 4413 logus,
775 4344 877 4399 hoc
908 4344 1218 4401 faciendum
1247 4364 1371 4405 esse
1415 4350 1633 4420 probat,
1669 4360 1786 4407 tum
1821 4368 1851 4407 a
1900 4370 2121 4424 persona

2236 4349 2639 4415 κατασκευάζει
2672 4349 2734 4402 τὸ
2775 4348 2886 4401 δεῖν
2927 4345 3086 4399 τοῦτο
3126 4341 3379 4412 γενέσθαι
3429 4340 3524 4393 καὶ
3569 4338 3676 4392 ἀπὺ
3719 4336 3813 4391 τοῦ

555 4433 786 4503 Christi,
840 4453 965 4491 cum
1003 4437 1142 4493 dixit
1187 4455 1312 4495 eum
1375 4457 1473 4512 pro
1521 4443 1917 4514 redemptionis
1959 4446 2121 4515 pretic

2236 4444 2498 4516 Χριστοῦ,
2540 4440 2729 4503 εἰπὼν,
2752 4440 2835 4492 ὅτι
2870 4438 3119 4499 κάκεῖνος
3152 4434 3349 4503 λύτρον
3374 4431 3577 4484 ἔδωκεν
3621 4430 3812 4483 ἑαυτὸν

558 4525 801 4595 seipsum
844 4529 1003 4584 nobis
1042 4530 1277 4596 dedisse,
1307 4541 1423 4586 tum
1454 4549 1605 4588 nunc
1644 4538 1809 4590 etiam
1842 4551 1871 4590 a
1900 4552 2121 4607 persona

2232 4538 2368 4608 ὑπὲρ
2396 4535 2574 4606 ἡμῶν.
2605 4528 3023 4591 Κατασκευάζει
3060 4528 3117 4580 δὲ
3159 4526 3255 4579 νῦν
3287 4525 3380 4578 καὶ
3409 4523 3517 4577 ἀπὸ
3554 4522 3649 4575 τοῦ
3682 4521 3815 4575 ίδίου

3193 4159 3553 4227 πνεύματος.
3605 4156 3804 4223 Διεγεξο

557 4618 761 4684 Patris,
792 4620 1021 4686 addens,
1050 4621 1318 4688 Quoniam
1354 4624 1441 4679 hic
1471 4641 1689 4696 quoque
1719 4634 1992 4697 pastorem
2024 4628 2137 4683 sive

560 4712 877 4783 episcOpum
911 4728 996 4768 me
1016 4712 1318 4783 dispensat.
1350 4714 1639 4787 Presbyter
1660 4718 1862 4773 ctenim
1884 4718 1993 4788 jam
2016 4735 2136 4773 sum

564 4809 731 4871 atque
763 4801 867 4857 hoc
906 4811 1083 4872 pater,
1125 4819 1233 4858 non
1276 4811 1480 4873 sperat,
1525 4806 1621 4860 sed
1666 4808 1850 4862 videt:
1896 4808 2137 4863 nondum

567 4900 747 4946 autem
787 4908 907 4946 sum
937 4896 1253 4964 episcopus,
1284 4895 1380 4949 scd
1412 4911 1498 4950 me
1528 4906 1650 4967 post
1698 4910 1928 4953 mortem
1981 4914 2136 4955 suam

569 4981 816 5037 futurum
850 4993 1037 5053 sperat
1061 4992 1238 5054 pater,
1270 4994 1555 5055 Optatque,
1584 4998 1641 5040 ut
1672 4989 1988 5059 bujusmodi
2021 5008 2141 5045 mu-

568 5086 702 5126 nere
723 5072 925 5141 dignus
965 5077 1091 5139 sim,
1132 5083 1192 5128 ut
1232 5089 1341 5129 non
1375 5079 1748 5133 mercenarius
1791 5082 1917 5144 ειη),
1965 5096 2142 5150 neque

572 5162 687 5225 fur,
724 5164 818 5219 sed
873 5173 1064 5234 pastor
1093 5183 1106 5217 :
1141 5173 1305 5234 atque
1349 5181 1380 5220 a
1425 5168 1604 5233 vobis,
1636 5171 1728 5239 qui
1763 5172 1830 5225 ab
1863 5187 1930 5227 eo
1963 5173 2143 5243 pasci-

574 5256 729 5321 mini,
763 5259 917 5326 petit,
952 5266 1011 5311 ut
1044 5273 1131 5313 me
1172 5272 1299 5313 cum
1346 5274 1377 5314 a
1420 5263 1528 5316 vita
1559 5263 1826 5333 tnigrarit,
1868 5272 2142 5335 pastorem

577 5347 882 5418 accipiatis,
915 5350 1282 5421 morigerique
1324 5354 1492 5406 animi
1525 5356 1798 5425 specimen
1836 5358 2143 5427 praeheatis.

578 5439 821 5510 Aﬂquum
856 5448 942 5497 est
987 5450 1192 5507 autem,
1245 5452 1303 5498 ut
1339 5457 1579 5514 paterna
1633 5448 1881 5519 petitioni
1916 5449 2145 5505 cedatis.

580 5529 775 5586 Pastor
804 5532 1005 5586 etenim
1034 5532 1210 5589 bonus
1244 5542 1326 5589 est
1360 5536 1526 5607 (quod
1558 5537 1626 5594 de
1682 5539 1864 5609 seipse
1897 5538 2150 5595 Christus

588 5624 925 5696 praedicavit)
951 5624 1304 5697 animamque
1338 5645 1490 5686 suam
1516 5646 1614 5702 pro
1647 5632 1808 5689 nobis
1831 5633 2024 5689 ovibus
2055 5648 2152 5704 p0-

666 5772 709 5802 "
732 5767 892 5825 Joatt.
921 5782 1021 5832 ιιι,
1056 5766 1148 5821 52.

2233 4629 2469 4700 Πατρὸς,
2496 4625 2784 4698 προσθεὶς,
2810 4623 2893 4675 ὅτι
2929 4621 3024 4674 καὶ
3060 4613 3214 4682 οὗτος
3246 4618 3348 4689 ἐμὲ
3381 4617 3513 4686 ὑμῖν
3552 4614 3811 4685 ποιμένα,

2234 4721 2409 4774 εῐτουν
2430 4719 2749 4779 ἐπίσκοπον,
2786 4715 3279 4785 προμνηστεύεται.
3304 4707 3686 4779 Πρεσϐύτερος
3707 4708 3819 4777 γάρ

2237 4814 2338 4884 ήδη
2366 4810 2481 4882 είμί
2507 4828 2520 4841 ·
2552 4811 2645 4864 καὶ
2678 4807 2835 4861 τοῦτο
2860 4808 2888 4859 ὁ
2919 4803 3107 4875 Πατὴρ
3126 4803 3227 4855 οὐκ
3266 4800 3497 4865 ἐλπίζει,
3533 4799 3669 4853 ἀλλά
3697 4797 3817 4867 βλέ-

2236 4921 2354 4960 πει·
2387 4903 2541 4957 οῠπω
2569 4902 2626 4955 δέ
2654 4904 2769 4971 ειμι
2803 4899 3118 4959 ἐπίσκοπος,
3174 4892 3312 4947 ἀλλά
3348 4893 3510 4946 τοῦτο
3560 4893 3593 4944 ὁ
3625 4892 3816 4960 Πατὴρ

2240 4993 2449 5058 ἐλπίζει
2489 4990 2742 5059 γενέσθαι
2797 5005 2865 5058 με
2903 4985 3041 5056 μετά
3081 4984 3172 5037 τὸν
3207 4981 3373 5037 αὐτοῦ
3409 4982 3672 5043 θάνατον,
3725 4980 3819 5032 καὶ

2240 5086 2478 5158 εὔχεται,
2514 5083 2663 5148 ἄξιόν
2699 5098 2766 5153 με
2801 5078 3056 5148 γενέσθαι
3092 5076 3187 5129 τοῦ
3240 5074 3584 5146 πράγματος,
3632 5071 3707 5133 ὠς
3745 5072 3816 5140 μὴ

2246 5178 2513 5251 μισθωτὸν
2550 5171 2709 5237 εἶναι,
2756 5172 2889 5243 μηδὲ
2920 5170 3161 5239 κλέπτην
3212 5168 3349 5221 ἀλλά
3391 5165 3648 5234 ποιμένα.
3708 5163 3817 5215 Καὶ

2245 5271 2375 5342 παρ’
2403 5270 2558 5341 ὑμῶν
2597 5269 2738 5322 αἰτεῖ
2763 5264 2871 5318 τῶν
2917 5263 3010 5315 ὑπ’
3040 5258 3208 5314 αὐτοῦ
3242 5256 3700 5329 ποιμαινομένων,
3732 5255 3814 5306 ῖνα

2248 5380 2313 5434 με
2348 5364 2461 5433 μετ’
2502 5359 2663 5414 αὐτὸν
2704 5358 2797 5411 τὸν
2824 5354 3180 5423 ποιμαίνοντα
3211 5348 3435 5421 δέξησθε
3471 5351 3567 5403 καὶ
3600 5349 3696 5418 τὴν
3725 5346 3813 5399 εὖ·

2247 5454 2486 5508 πείθειαν
2514 5448 2874 5520 ὲπιδείξησθε.
2892 5447 3102 5499 Δίκαιοι
3122 5444 3166 5497 δ’
3199 5440 3265 5496 ἀν
3287 5443 3456 5512 εἷητε,
3481 5440 3714 5495 αἰτοῦντι
3736 5435 3810 5507 τῷ

2247 5544 2413 5613 πατρὶ
2436 5539 2736 5595 πείθεσθαι.
2765 5536 2977 5607 Ποιμὴν
2998 5535 3109 5607 γάρ
3141 5537 3257 5587 εστι
3285 5531 3453 5595 καλὸς
3488 5532 3537 5595 (δ
3566 5532 3691 5601 περὶ
3714 5530 3806 5581 ati-

2247 5635 2341 5689 τοῦ
2379 5639 2407 5690 ὁ
2436 5634 2625 5704 Σωτὴρ
2651 5627 2818 5697 εἷπε),
2846 5630 2939 5683 καὶ
2972 5628 3071 5699 τὴν
3099 5623 3276 5697 ψυχὴν
3303 5621 3471 5678 αὐτοῦ
3500 5621 3638 5695 ύάρ
3660 5620 3804 5689 ὑμύν
