4040 6282
241 224 345 282 913³1

1421 234 1510 288 Af)
1548 236 1609 289 S.
1655 232 1983 292 GREGORH
2024 234 2233 290 0R.\T.
2276 235 2315 288 1.

3395 250 3503 305 953

237 347 357 399 τῶν
382 346 668 417 προϐάτων
702 348 905 420 τίθησι.
949 352 1146 405 Δίδωσι
1170 350 1226 406 δὲ
1256 353 1348 405 καί⁵
1370 352 1568 406 ἑαυτὸν
1606 352 1825 407 διπλοῦν

1936 351 2031 403 nit.
2065 349 2206 416 Quin
2239 360 2292 404 et
2339 367 2436 420 pro
2470 351 2703 421 sinuplici
2752 353 3022 423 duplicem
3056 360 3209 415 Vobis
3257 364 3498 433 seipsum

236 438 377 509 ὑμῖν
408 438 523 491 ἀνθ’
551 440 743 494 ἁπλοῦ.
771 441 933 513 Κάμὲ
970 443 1078 516 γάρ
1105 445 1183 507 είς
1214 443 1310 514 τὴν
1336 445 1672 515 προστασίαν
1704 445 1822 517 μεθ’

237 527 443 580 ἑαυτοῦ
472 527 626 594 ἔταξε
656 545 669 558 ⁸
700 530 855 597 κάγὼ
882 532 1076 602 διπλῆν
1104 533 1252 604 αὐτῷ
1285 533 1462 605 μέλλω
1485 535 1673 606 χρείαν
1698 535 1826 605 πλη-

243 618 400 689 ροῦν,
434 621 528 672 καὶ
579 619 671 673 τοῦ
716 623 904 694 γήρως
946 622 1217 695 βακτηρία
1250 625 1537 695 γενόμενος
1590 626 1684 678 καὶ
1732 625 1824 678 τοῦ

238 711 580 778 πνεύματος.
618 712 999 786 ’Υποστηρίζω
1028 733 1087 768 τε
1111 716 1219 788 γὰρ
1245 717 1335 769 τὸν
1369 717 1584 787 πατέρα
1612 733 1825 786 κεκμη-

240 802 382 853 κότα
411 801 489 871 τῲ
520 802 717 874 χρόνῳ,
752 805 845 857 καὶ
874 805 973 868 τὰς
1008 809 1383 877 πνευματικὰς
1421 806 1570 878 αὐτῷ
1611 808 1705 862 καὶ
1737 810 1827 861 ὲκ-

240 892 641 963 κλησιαοτικάς
670 897 1066 965 συνεισενέγκω
1096 898 1402 969 φροντίδας.

322 985 439 1037 Col.
481 985 587 1040 400
619 984 661 1038 Β
688 986 742 1040 6.
776 987 883 1040 Καὶ
920 991 1279 1058 προστίθησι
1310 1032 1323 1045 .
1357 1032 1372 1046 .
1408 1032 1422 1047 .
1468 991 1662 1056 ἄξιον.
1714 994 1826 1046 Καὶ

232 1071 360 1135 δύο,
388 1071 539 1144 φησὶ,
571 1073 731 1137 ναοὺς
759 1074 887 1144 ὑμῖν
920 1078 947 1129 6
990 1078 1171 1148 πατὴρ
1204 1078 1514 1150 ἐχαρίσατο.
1557 1081 1693 1135 Ἕνα
1728 1081 1825 1151 μὲν

237 1163 477 1234 ἄψυχον,
503 1164 561 1217 ὃν
599 1165 658 1217 ἐν
690 1164 973 1237 Ναζιανςῴ
1020 1169 1317 1240 φιλοτίμως
1358 1172 1638 1244 ἀνήγειρε,
1672 1190 1823 1245 περιο

236 1256 421 1327 καλλῆ
461 1274 579 1310 τινα
619 1258 711 1311 καὶ
756 1259 1027 1329 οὐράνιον.
1058 1263 1319 1331 Οὐράνιον
1363 1265 1419 1317 δὲ
1449 1261 1601 1318 εἶπεν
1642 1266 1823 1330 αὐτὸν,

241 1351 390 1419 τάχα
426 1350 524 1420 μὲν
554 1350 641 1403 διὰ
670 1352 731 1404 τὸ
760 1351 912 1421 ὕψος.
954 1354 1092 1424 τάχα
1120 1354 1176 1407 δὲ
1228 1356 1316 1409 διὰ
1341 1357 1402 1409 τὸ
1437 1359 1826 1429 ὴμισφαιρικὸν

250 1444 443 1511 σχῆμα
483 1440 579 1512 τῆς
613 1442 817 1512 ὀροφῆς
840 1483 855 1506 ,
892 1443 1021 1507 ἴσως
1065 1444 1120 1497 δὲ
1152 1447 1246 1499 καὶ
1290 1448 1378 1500 διὰ
1407 1448 1469 1501 τὸ
1512 1450 1600 1502 τὸν
1650 1449 1827 1505 πάντα

236 1533 376 1585 ναὸν
402 1531 568 1586 τύπον
589 1533 894 1598 ἀποσώζειν
919 1534 1012 1587 τοῦ
1043 1536 1271 1607 ούρανοῦ
1308 1555 1321 1567 ·
1363 1541 1448 1595 ἓτε
1457 1557 1548 1610 ρον
1570 1540 1627 1593 δὲ
1654 1540 1825 1609 ἔμψυ-

244 1641 362 1693 χον.
400 1623 620 1676 Ἑαυτὸν
653 1624 707 1676 δὲ
736 1624 877 1678 οὕτω
906 1626 1055 1695 λέγει
1084 1630 1111 1681 6
1131 1627 1388 1697 Θεολόγος
1422 1634 1562 1684 κατὰ
1602 1632 1664 1684 τὸ
1696 1632 1828 1685 ἀπο·

1926 442 2084 496 offert
2119 460 2131 495 :
2168 457 2291 494 nam
2322 457 2407 497 me
2429 459 2647 513 quoque
2676 444 2740 498 ad
2773 462 2867 501 vos
2896 449 3160 518 regendos
3182 454 3389 510 socium
3412 472 3499 513 as-

1927 534 2089 591 ciscit
2128 553 2140 588 :
2172 543 2337 603 atque
2385 536 2501 604 ipse
2532 552 2632 605 ego
2661 536 2931 607 duplicem
2974 558 3132 597 usum
3163 553 3328 615 atque
3370 564 3500 619 epe-

1926 640 2042 679 ram
2064 624 2455 694 illiprazstabo.
2476 626 2737 681 nimirum
2773 636 2827 683 et
2861 633 3162 689 senectutis
3191 635 3497 709 subsidium

1925 715 2126 778 factus,
2174 726 2227 770 et
2261 716 2509 785 spiritus.
2550 716 2685 772 Nam
2723 726 2778 774 et
2815 728 3019 789 patrem
3064 734 3343 783 senectute
3388 729 3499 783 fra-

1925 814 2072 860 ctum
2103 815 2157 860 et
2192 806 2502 861 confectum
2539 808 2855 876 fulciam,et
2880 814 3194 883 spirituales
3219 826 3382 889 atque
3400 837 3498 877 ee-

1926 899 2262 954 clesiasticas
2292 914 2453 954 curas
2488 915 2611 953 cum
2644 900 2764 970 ipso
2796 906 3102 963 sustinebo.

1936 994 1964 1035 ι·
2006 979 2478 1049 Alqueimmimalo
2496 990 2684 1056 templo
2702 993 3016 1060 animatum,
3041 1000 3504 1075 ctc.Duotcmpl.i,

1935 1067 2131 1140 inquit,
2154 1081 2305 1140 pater
2325 1077 2476 1131 vobis
2494 1079 2634 1133 dnuo
2651 1082 2820 1149 dedit,
2840 1087 3067 1142 alterum
3087 1092 3303 1159 quidem
3326 1067 3504 1149 inani;

1935 1177 2020 1216 me
2049 1163 2191 1231 quod
2226 1163 2481 1220 Nazianzi
2525 1172 2807 1241 magnifice
2844 1182 3150 1243 exstruxit,
3186 1185 3501 1254 perelegans

1929 1251 2202 1322 quoddam
2230 1264 2283 1308 et
2303 1258 2543 1312 etnleste.
2562 1261 2799 1318 (Sceleste
2824 1274 3009 1321 autem
3036 1269 3210 1337 ipsum
3227 1251 3387 1336 dixit,
3413 1276 3497 1329 vel

1926 1345 2615 1412 pr0pteraltitudinein,vel
2633 1363 2855 1423 propter
2876 1358 3009 1411 semi
3024 1360 3344 1416 circularem
3365 1365 3492 1418 tecti

1929 1436 2175 1507 figuram,
2197 1440 2459 1493 veletiam
2491 1441 2721 1499 fortasse
2742 1447 2867 1515 quia
2901 1450 3159 1519 templum
3191 1466 3353 1508 omne
3370 1455 3496 1510 cmli

1926 1527 2148 1598 figuram
2174 1543 2373 1596 servat,
2392 1533 2620 1587 alterum
2642 1545 2820 1590 autem
2855 1540 3175 1605 animatum,
3212 1544 3291 1599 sic
3313 1553 3491 1601 autem

1923 1621 2162 1690 seipsum
2182 1623 2437 1692 appellat,
2460 1628 2758 1680 secundum
2781 1628 2911 1681 illud
2934 1630 3209 1699 Apostoli:
3236 1633 3493 1698 Nescitis,

248 1717 527 1770 στολικόν’
575 1720 695 1772 Οὐκ
729 1720 947 1784 οἴδατε,
991 1722 1080 1774 ὅτι
1120 1723 1266 1787 ναὸς
1304 1724 1451 1778 Θεοῦ
1494 1725 1671 1789 certe;
1715 1728 1825 1781 Καὶ

1936 1719 2060 1785 μισεῖ
2097 1717 2341 1783 templum
2374 1715 2467 1769 Dei
2484 1718 2702 1771 estis”?
2733 1719 2808 1771 Ae
2843 1720 3055 1789 cogitur
3088 1720 3329 1790 quidem,
3364 1734 3415 1776 ut
3447 1723 3501 1775 in

243 1810 618 1877 ἀναγκάζεται
662 1812 775 1881 μὲν.
827 1812 903 1877 ὡς
945 1816 1002 1866 ἐν
1045 1815 1363 1885 συγκρίσει,
1412 1819 1586 1870 εἰπεῖν
1637 1817 1827 1871 ἑαυτὸν

245 1903 431 1974 πολλῷ
483 1902 709 1973 μείζονα
762 1904 857 1956 καὶ
904 1905 1235 1978 ὑψηλότερον
1281 1907 1373 1960 τοῦ
1425 1908 1634 1979 ἀψύχου
1666 1908 1824 1963 ναοῦ’

246 1996 371 2047 ἐπεὶ
407 1994 464 2047 δὲ
500 1994 756 2065 φορτικόν
801 1996 916 2049 ἐστι
946 1997 1008 2049 τὸ
1056 1998 1247 2050 ἑαυτὸν
1290 2000 1549 2064 ὲπαινείν,
1592 2000 1827 2055 ἐκκλίνει

244 2088 349 2156 τὴν
382 2085 849 2157 περιαυτολογίαν,
890 2088 985 2141 καὶ
1012 2088 1190 2158 μέσως
1213 2106 1328 2154 πως
1354 2090 1520 2160 λέγει,
1547 2094 1627 2144 ὄτι
1658 2110 1825 2162 προσ·

243 2177 428 2249 τίθησι
467 2177 543 2248 τῷ
590 2178 781 2248 ἀψύχῳ
819 2178 939 2249 μὲν,
1000 2181 1317 2251 περικαλλεῖ
1350 2182 1405 2235 δὲ
1445 2182 1577 2253 ναῷ,
1612 2185 1710 2251 ἐμὲ
1740 2184 1829 2237 τὸν

238 2268 529 2322 ὁποιονοῦν
578 2269 670 2323 καὶ
709 2271 916 2341 ἡλίκον,
971 2272 1247 2326 τουτέστιν
1288 2269 1397 2327 οἷον
1442 2274 1507 2328 ἂν
1563 2277 1657 2329 καὶ
1705 2277 1828 2329 ὅσον

244 2359 425 2430 κρίνοι
449 2378 549 2423 τις.
573 2360 719 2432 Πλὴν
748 2364 931 2427 ὁποῖος
955 2362 1020 2418 ἂν
1050 2366 1145 2418 καὶ
1173 2366 1308 2437 εἵην,
1338 2364 1415 2435 τῷ
1447 2368 1614 2436 πατρὶ
1640 2366 1804 2435 τιμιώ

245 2468 416 2513 τατος
450 2452 654 2523 σφόδρα
688 2454 824 2524 εἰμί.
858 2455 1109 2509 Τοιοῦτον
1128 2453 1219 2511 οὖν
1243 2474 1307 2527 με
1336 2458 1464 2530 παρ’
1500 2457 1648 2528 αὐτῷ
1680 2459 1826 2519 ὄντα,

242 2542 378 2612 ὑμῖν
407 2544 719 2599 ἐπιδέδωκε.
756 2545 862 2598 Καὶ
886 2547 986 2599 οὐκ
1016 2548 1163 2600 ἐστιν
1194 2549 1387 2610 εἰπεῖν,
1417 2548 1497 2601 ὅτι
1526 2550 1606 2611 είς
1644 2550 1743 2619 μὲν
1770 2551 1831 2602 τὸ

240 2635 527 2706 ἀνεγεῖραι
562 2635 652 2689 τὸν
681 2636 887 2708 ἄψυχον
915 2637 1044 2691 ναὺν
1071 2637 1266 2691 πολλοῦ
1307 2638 1471 2691 πόνου
1504 2640 1599 2692 καὶ
1624 2639 1832 2692 ἀναλω-

246 2727 437 2796 μάτων
467 2727 653 2798 ὲδέησε
682 2727 757 2798 τῷ
787 2730 975 2799 πατρὶ,
1004 2733 1083 2793 είς
1110 2731 1210 2800 ἐμὲ
1233 2731 1289 2784 δὲ
1314 2731 1453 2801 οὐχί·
1480 2731 1694 2793 πολλοῖς
1722 2730 1831 2801 γὰρ

240 2815 405 2884 κάγὼ
452 2818 633 2888 ἱδρῶσι
670 2819 765 2872 καὶ
807 2819 1008 2884 πόνοις,
1041 2823 1151 2885 τοῖς
1202 2820 1309 2875 τῶν
1364 2821 1725 2892 μαθημάτων,
1758 2821 1825 2874 δι’

242 2908 535 2979 ἀσκήσεως
561 2910 799 2973 τοιοῦτος
848 2911 1250 2982 συνετελέσθην.
1308 2912 1461 2965 Ἐπεὶ
1489 2912 1544 2965 δὲ
1574 2912 1832 2976 πολλάκις

247 2998 375 3052 τινὰ
408 2999 518 3052 τῶν
559 3001 901 3071 πραγμάτων
939 3004 1039 3055 οὐκ
1072 3002 1194 3067 ἄξια
1227 3003 1336 3056 τῶν
1383 3005 1562 3058 πόνων
1603 3004 1833 3057 ἀποϐαί-

246 3109 456 3155 νουσιν,
482 3094 509 3145 ό
538 3092 798 3161 Θεολόγος
828 3093 990 3164 μέσος
1012 3094 1223 3165 χωρῶν,
1247 3093 1370 3147 οὔτε
1396 3095 1629 3167 κρύπτει
1651 3096 1828 3159 τοῦτο,

243 3185 333 3237 ὅτι
358 3183 505 3247 ἄξιος
544 3184 726 3253 ἀπέϐη
760 3185 865 3237 τῶν
890 3185 1088 3251 πόνων,
1117 3184 1238 3239 οὔτε
1266 3187 1427 3239 πάλιν
1461 3186 1830 3241 ἁπαυθαδειά·

248 3273 423 3339 ζεται,
464 3274 578 3329 ἀλλ’
612 3275 900 3346 ἐπεύχεται
942 3276 1135 3347 μόνον’
1181 3277 1267 3349 εἴη
1298 3277 1354 3330 δὲ
1387 3278 1581 3345 εἰπεῖν,
1622 3279 1702 3331 ὅτι
1738 3279 1830 3332 καὶ

246 3367 359 3419 τῶν
396 3368 572 3420 πόνων
597 3366 769 3430 ἀξιον.

1930 1822 2116 1876 compa
2128 1809 2531 1873 ratione,multo
2544 1810 2802 1878 majorem
2814 1819 2866 1863 et
2880 1811 3245 1866 sublimiorem
3263 1815 3503 1883 seipsum

1930 1899 2229 1953 inanimato
2257 1901 2460 1970 templo
2496 1902 2698 1956 dicere.
2732 1901 2923 1957 Verum
2952 1906 3208 1972 quoniam
3233 1922 3395 1976 grave
3422 1915 3507 1961 est

1900 1990 2256 2060 .iiividimque
2318 1992 2534 2062 plenum
2583 1997 2832 2064 proprias
2864 1994 3051 2049 Iaudes
3086 1995 3400 2064 przedieare,
3438 1998 3505 2051 ad

1928 2080 2208 2134 vitandam
2251 2083 2632 2137 ostentationis
2665 2084 2899 2152 speciem
2932 2085 3109 2138 medio
3134 2085 3369 2155 quodam
3391 2102 3507 2139 mo-

1930 2171 1998 2225 do
2040 2172 2116 2224 ait
2152 2192 2165 2224 ε
2199 2173 2428 2225 lnanimi
2465 2175 2682 2243 quidem
2717 2176 2859 2249 huic,
2898 2185 3155 2230 castorum
3193 2183 3506 2249 peregregio

1931 2266 2135 2334 templo
2196 2265 2444 2336 adjungit
2504 2283 2609 2329 me,
2673 2269 3115 2339 qualemcunque
3171 2271 3387 2325 tandem
3453 2281 3507 2325 et

1930 2358 2492 2427 quantulumcunque.
2526 2359 2575 2412 id
2605 2369 2709 2423 est,
2743 2361 2959 2429 qualem
2989 2370 3041 2415 et
3064 2368 3328 2429 quantum
3355 2362 3506 2431 judi-

1930 2448 2211 2503 caveritis.
2274 2448 2475 2504 Verum
2528 2450 2927 2522 qualiscunque
2977 2452 3103 2515 sim,
3146 2453 3284 2522 patri
3331 2467 3509 2508 tamen

1934 2557 2052 2595 sum
2080 2542 2467 2605 charissimus,
2506 2551 2557 2596 et
2583 2542 3173 2598 commen.latis~iiuus.
3208 2541 3393 2598 Talem
3426 2561 3511 2600 me

1935 2634 2101 2703 igitur
2129 2644 2282 2704 pater
2321 2635 2568 2704 tantique
2594 2634 2737 2704 apud
2766 2651 2825 2690 se
2856 2636 3034 2707 pretii.
3060 2638 3213 2691 vobis
3239 2640 3506 2707 porrexit.

1932 2724 2041 2778 Nec
2071 2740 2198 2778 vero
2225 2726 2327 2780 hoc
2355 2725 2462 2780 dici
2497 2727 2687 2795 possit,
2726 2726 2792 2779 ad
2820 2726 3138 2795 erigendum
3177 2727 3393 2797 quidem
3431 2729 3515 2781 in-

1936 2818 2233 2872 animatum
2279 2819 2540 2887 templum
2578 2818 2748 2872 multo
2802 2817 2987 2873 labore
3037 2819 3331 2889 multisque
3364 2836 3515 2874 sum-

1937 2911 2122 2982 ptibus
2163 2926 2301 2980 Opus
2352 2910 2523 2965 fuisse
2575 2912 2752 2979 patri;
2782 2910 2846 2962 ad
2884 2925 2970 2963 me
2997 2919 3176 2965 autem
3212 2927 3318 2964 non
3362 2911 3510 2967 item.

1942 3004 2123 3058 Multis
2148 3004 2292 3058 enim
2317 3003 2435 3073 ipse
2465 3018 2683 3072 quoque
2707 3002 3022 3069 sudoribus,
3054 3010 3165 3056 tum
3198 3003 3517 3073 disciplina-

1937 3111 2081 3156 rum,
2118 3103 2233 3147 tum
2295 3095 2396 3163 piae
2432 3093 2870 3158 exercitationis,
2922 3094 3046 3147 talis
3092 3093 3321 3151 effectus
3368 3110 3511 3150 sum.

1935 3185 2204 3253 Quoniam
2236 3193 2415 3240 autem
2446 3186 2765 3255 plerumque
2795 3184 3014 3249 accidit,
3050 3196 3105 3239 ut
3139 3187 3385 3254 quaedam
3418 3203 3516 3242 ne-

1904 3298 1907 3299 ν
1934 3292 2205 3348 quaquam
2229 3292 2323 3347 pro
2351 3278 2596 3331 laborum
2615 3277 2822 3330 ratione
2848 3280 3169 3340 succedant,
3198 3278 3515 3351 Theologus

1939 3368 2178 3423 medium
2213 3368 2315 3421 iter
2346 3374 2562 3432 tenens,
2596 3382 2696 3421 nec
2733 3366 2836 3421 hoc
2876 3368 3095 3431 reticet,
3127 3369 3272 3438 quod
3311 3370 3519 3424 labori-

248 3465 357 3519 bus
400 3478 427 3515 ιι
463 3471 614 3533 patre
660 3463 938 3533 susceptis
970 3465 1335 3535 responderit,
1375 3481 1475 3521 nec
1520 3482 1718 3522 rursus
1747 3466 1851 3520 hoc
1892 3471 2211 3533 arroganter
2235 3460 2487 3526 affirmat,
2528 3477 2716 3516 verum
2753 3476 2866 3515 rem
2899 3462 3080 3532 potius
3128 3462 3350 3531 optandi
3406 3462 3519 3518 for-

250 3569 338 3607 ma
372 3555 647 3625 exprimit.
685 3556 862 3624 Atque
900 3557 1108 3609 utinam
1146 3557 1424 3611 laboribus
1457 3574 1677 3628 quoque
1713 3558 1935 3630 dignum
1973 3555 2170 3609 addere
2209 3552 2388 3606 liccat.

325 3645 461 3702 Ibid.
507 3647 591 3700 il.
631 3648 739 3702 Καὶ
773 3690 786 3703 .
821 3691 834 3705 .
865 3689 878 3702 .
920 3652 1397 3719 μεγαλοψυχίας.
1450 3654 1570 3707 Ἔτι
1607 3655 1828 3725 ἐμφιλο-

249 3740 421 3808 χωρεί
449 3740 477 3790 6
503 3738 762 3806 Θεολόγος
794 3738 870 3808 τῷ
899 3739 1043 3811 λόγῳ
1078 3741 1154 3810 τῷ
1186 3742 1313 3813 περὶ
1343 3744 1441 3814 τῆς
1484 3745 1579 3799 τοῦ
1626 3748 1832 3818 πατρὸς

247 3829 545 3894 ἐπιδόσεως
572 3845 584 3859 ⁸
621 3831 714 3882 καὶ
746 3830 936 3893 εἰπὼν,
966 3832 1048 3883 ὅτι
1089 3833 1274 3887 Πάντα
1309 3836 1665 3907 προστίθησιν
1705 3838 1832 3906 ὑμῖν

249 3922 322 3973 τὰ
367 3922 595 3987 ἑαυτοῦ,
656 3923 785 3994 πρὶν
840 3921 1014 3977 ταῦτα
1070 3926 1587 3997 ἁπαριθμήσασθαι,
1633 3927 1835 3997 μεταξὺ

248 4013 536 4084 ἐθαύμασε
576 4016 671 4067 καὶ
712 4015 1115 4085 ἀνεφθέγξατο,
1164 4019 1225 4068 Ὢ
1262 4018 1362 4087 τῆς
1398 4018 1833 4087 μεγαλοψυχίαςῐ

250 4108 353 4176 τῆς
385 4106 518 4175 πρὸς
546 4105 645 4177 τὴν
674 4107 1049 4178 καρποφορίαν
1068 4108 1266 4180 δηλαδὴ
1294 4109 1616 4179 ἁπλότητος.
1643 4113 1703 4163 Οί
1738 4109 1836 4180 μὲν

254 4199 365 4270 γὰρ
400 4199 504 4262 ἔξω
545 4199 699 4268 σοφοὶ
735 4197 1139 4268 μεγαλοψυχίαν
1171 4200 1465 4271 ὁρίζονται,
1497 4201 1673 4272 ψυχῆς
1704 4201 1835 4272 ἀρε-

251 4293 378 4361 τὴν,
420 4291 540 4346 καθ’
589 4292 655 4364 ἦν
703 4306 845 4355 τινες
890 4289 949 4346 εὖ
980 4293 1237 4345 δύνανται
1274 4293 1458 4363 φέρειν
1496 4293 1564 4346 τὰ
1604 4282 1834 4362 συμϐαί-

1999 3649 2207 3719 Suaque
2226 3649 2401 3701 omnia
2428 3646 2569 3701 vobis
2598 3647 2861 3717 proponit,
2905 3656 3009 3702 etc.
3041 3647 3232 3704 Adhuc
3253 3648 3306 3704 in
3329 3648 3517 3705 eodem

1933 3756 2184 3797 sermone
2210 3740 2276 3793 de
2322 3742 2493 3810 patris
2543 3741 2823 3796 oblatione
2874 3742 3240 3797 immoratur:
3285 3756 3522 3811 cumque

1933 3835 2183 3897 dixisset,
2214 3831 2406 3886 Omnia
2437 3848 2533 3887 sua
2560 3832 2713 3887 vobis
2740 3834 3019 3902 proponit,
3066 3836 3385 3902 priusquam
3407 3834 3520 3889 haec

1937 3932 2245 3990 recenseat,
2284 3925 2491 3979 interea
2522 3940 2647 3978 cum
2694 3924 3057 3981 admiratione
3109 3926 3189 3987 sic
3233 3926 3518 3996 loquitur:

1944 4020 1987 4073 Ο
2019 4019 2210 4071 miram
2247 4017 2412 4070 animi
2464 4017 2921 4086 magnitudinem,
2956 4018 3007 4072 id
3038 4030 3141 4080 est,
3183 4036 3214 4072 o
3257 4021 3522 4090 insignem

1941 4108 1994 4161 in
2022 4107 2301 4162 olTerendo
2331 4122 2555 4161 munere
2576 4107 2997 4176 simplicitatem.
3021 4108 3237 4164 Externi
3260 4109 3406 4164 enim
3436 4126 3525 4163 sa-

1941 4199 2148 4267 pientes
2196 4197 2622 4268 μεγαλοψυχίαν,
2664 4197 2715 4251 id
2750 4207 2833 4252 est
2878 4202 3395 4269 magnanimitatem,
3425 4203 3520 4257 de-

1943 4290 2137 4347 finiunt
2169 4290 2363 4343 animae
2390 4290 2667 4353 virtutem,
2694 4304 2790 4358 per
2815 4305 2978 4358 quam
3012 4291 3259 4345 nouuulli
3289 4308 3409 4362 quae
3434 4308 3524 4347 ac-

250 4399 418 4435 νοντα
437 4397 452 4413 ο
484 4382 532 4434 oi
566 4381 623 4433 δὲ
664 4381 923 4453 ἡμέτεροι
950 4382 1281 4448 διδάσκαλοι,
1318 4382 1393 4445 ὠς
1422 4380 1713 4433 ἑπιτοπολὺ
1740 4381 1831 4451 τὴν

1948 4379 2159 4442 cidunt,
2193 4387 2340 4433 recte
2377 4377 2521 4432 ferre
2565 4384 2816 4446 possunt.
2865 4377 2933 4430 At
2968 4380 3141 4433 nostri
3171 4381 3425 4437 ductores
3468 4393 3526 4438 ut

256 4473 675 4543 ἐλευθεριότητα
707 4474 800 4526 καὶ
830 4473 1257 4546 μεγαλοδωρίαν,
1294 4473 1699 4543 μεγαλοψυχίαν
1730 4474 1845 4525 ὀνο-

260 4561 547 4634 μάζουσιν.
579 4563 789 4633 Ὥσπερ
819 4559 912 4616 οὖν
937 4563 1029 4615 καὶ
1055 4564 1149 4615 νῦν
1175 4565 1203 4615 ὁ
1230 4564 1490 4631 Θεολόγος
1522 4563 1612 4616 τὸν
1646 4564 1841 4616 ἑαυτοῦ

260 4653 479 4725 πατέρα
507 4651 902 4723 μεγαλόψυχον,
939 4654 1113 4705 είτουν
1140 4654 1533 4725 μεγαλόδωρον,
1562 4653 1839 4706 ὲκάλεσεψ

256 4745 427 4797 οἱονεὶ
448 4744 504 4795 δὲ
535 4742 1030 4813 ὲπιδιορθούμενος,
1062 4745 1090 4797 δ
1116 4741 1287 4811 εἶπεν,
1322 4746 1381 4797 ού
1415 4744 1840 4815 μεγαλοψυχίαν,

257 4837 399 4891 ἀλλά
430 4837 629 4905 μᾶλλον
658 4836 1021 4903 φιλοτεκνίαν,
1054 4836 1114 4889 τὸ
1146 4838 1376 4907 πρᾶγμα
1417 4838 1836 4909 προσαγορεύει.

259 4929 364 4982 Διά
397 4928 505 4998 γὰρ
533 4928 630 4999 τὴν
662 4928 901 4996 ἀγάπην,
940 4930 1124 4999 φησὶν,
1167 4928 1342 4999 ὑμῶν,
1377 4930 1486 4983 τῶν
1538 4945 1841 5000 πνευματι-

258 5021 379 5075 κῶν
408 5019 576 5073 αὑτοῦ
606 5020 835 5085 τέκνων,
878 5021 1148 5090 τοσαύτην
1192 5021 1505 5086 ἐπεδείξατο
1530 5021 1628 5093 τὴν
1672 5022 1841 5075 ἀπλό·

257 5130 421 5183 τητα.
454 5113 608 5165 Ἐπεὶ
635 5110 728 5166 οὖν
753 5116 785 5183 ἠ
817 5114 1126 5183 φιλοτεκνία
1147 5113 1294 5166 αίτία
1316 5114 1506 5181 γέγονε
1532 5114 1630 5185 τῆς
1669 5129 1837 5184 μεγα⁶

258 5203 526 5275 λοψυχίας
559 5206 653 5257 καὶ
682 5206 780 5275 τῆς
811 5205 1132 5274 ἁπλότητος,
1166 5204 1502 5275 κυριώτερον
1539 5205 1604 5258 ἂν
1644 5206 1751 5276 εἴη,
1784 5205 1841 5258 τὸ

260 5299 375 5352 πᾶν
402 5296 742 5364 φιλοτεκνίαν
771 5296 970 5364 λέγειν,
1005 5298 1112 5350 ἀπὸ
1136 5298 1234 5368 τῆς
1263 5297 1440 5359 αἰτίας
1463 5297 1554 5350 καὶ
1575 5297 1636 5349 τδ
1663 5298 1839 5349 αἰτια-

258 5392 358 5443 τὸν
390 5387 776 5460 ὀνομάζοντας.
810 5390 963 5460 Τάχα
994 5391 1038 5442 δ’
1062 5391 1127 5443 ἄν
1160 5409 1241 5454 τις
1271 5390 1364 5442 καὶ
1392 5390 1533 5443 κατὰ
1577 5391 1702 5452 τοὺς
1737 5387 1840 5452 ἔξω

262 5481 367 5551 τὴ)
396 5481 806 5550 μεγαλοψυχίαν
844 5484 1040 5551 νοήσας
1066 5481 1319 5539 ἐνταῦθα.
1355 5482 1462 5535 οὐδ’
1488 5481 1629 5534 οὕτω
1658 5480 1841 5542 κακῶς

261 5569 539 5626 ἐπιῦαλεί.
586 5572 802 5645 Ἐπειδὴ
838 5576 948 5646 γὰρ
976 5576 1105 5647 παρ’
1144 5576 1373 5639 ἐκείνοις
1412 5576 1440 5628 6
1474 5573 1846 5646 μεγαλόψυχος

339 5721 388 5756 ⁸³
412 5721 431 5773 ι
454 5720 585 5775 Cor.
615 5737 697 5788 ιιι,
744 5721 829 5776 ili.

1950 4472 2246 4541 plurimum
2283 4469 2605 4523 Iiberalitem
2649 4478 2703 4523 et
2745 4470 3206 4539 magnificentiam
3244 4475 3526 4543 magnani-

1944 4562 2192 4617 mitatem
2222 4562 2524 4615 nominant.
2547 4560 3015 4627 Quemadmodum
3040 4562 3139 4615 hoc
3165 4578 3381 4632 quoque
3405 4564 3526 4619 loro

1942 4654 2253 4723 Theologus
2290 4662 2496 4725 patrem
2518 4655 2955 4724 magnanimum,
2980 4653 3031 4707 id
3064 4666 3168 4720 est,
3208 4656 3525 4710 munificum

1942 4747 2176 4800 vocavit.
2220 4745 2486 4800 Caeterum
2522 4746 2679 4814 quasi
2714 4749 2995 4815 corrigens
3030 4745 3177 4815 quod
3208 4746 3382 4816 dixit,
3406 4761 3527 4800 eam
3606 4780 3607 4783 η

1949 4854 2061 4893 rem
2116 4854 2225 4892 non
2277 4839 2804 4909 magnanimitatem,
2863 4839 2955 4892 sed
3013 4847 3297 4908 paternum
3344 4840 3528 4909 potius

1948 4943 2188 4983 amorem
2232 4931 2487 5005 appellat.
2528 4928 2608 4983 0b
2648 4944 2886 4984 amorem
2922 4928 3065 4981 enim
3101 4928 3286 4992 vestri,
3326 4929 3525 4999 inquit,

1950 5022 2052 5076 hoc
2088 5030 2193 5085 est,
2227 5023 2595 5093 spiritualium
2635 5038 2858 5076 suorum
2903 5021 3160 5085 filiorum,
3199 5030 3360 5076 tantze
3390 5024 3526 5076 sim—

1948 5114 2211 5182 plicitatis
2233 5114 2512 5184 specimen
2553 5112 2742 5168 edidit.
2770 5110 3035 5179 Quoniam
3070 5113 3234 5181 igitur
3268 5122 3529 5182 paternus

1946 5219 2102 5258 amor
2133 5205 2558 5274 magnanimitati
2589 5211 2641 5259 et
2667 5204 3000 5273 simplicitati
3024 5218 3244 5258 causam
3278 5206 3527 5273 prmbuit,

1949 5296 2155 5352 rectius
2178 5296 2341 5351 fuerit
2376 5305 2546 5350 totum
2574 5295 2675 5350 hoc
2708 5303 2990 5365 paternam
3018 5296 3410 5366 indulgentiam
3444 5298 3530 5350 di-

1949 5405 2099 5451 cere,
2155 5389 2415 5443 nimirum
2470 5404 2653 5442 eausae
2706 5404 2902 5442 nomen
2957 5388 3149 5444 affecto
3198 5389 3525 5445 tribuentes.

1950 5480 2106 5548 Quod
2138 5482 2181 5535 si
2225 5481 2348 5550 quis
2390 5481 2550 5535 etiam
2590 5481 2746 5549 juxta
2780 5490 3130 5537 externorum
3167 5480 3527 5553 philosopho-

1956 5589 2075 5627 rum
2097 5571 2447 5639 sententiam,
2469 5572 2570 5626 hoc
2590 5573 2709 5627 loco
2731 5572 3228 5643 magnanimitatem
3250 5572 3529 5629 intellexe-
