4018 6296
555 221 650 280 ὶΰῦ

546 336 639 398 rit,
673 348 741 388 ne
783 331 864 388 sic
914 330 1140 401 quidem
1184 328 1419 384 fortasse
1461 327 1821 382 aberravcrit.
1862 327 2131 394 Quoniam
2163 335 2208 392 Α

545 428 692 481 enim
717 424 862 495 apud
902 424 1049 486 illos,
1091 422 1184 492 qui
1236 422 1433 476 animae
1463 420 1835 491 magnitudine
1864 422 2131 491 praeditus

545 526 655 580 est,
697 518 821 571 vitae
851 530 964 570 suae
991 529 1098 568 non
1141 512 1332 583 parcit,
1367 513 1467 566 hac
1498 528 1719 582 quoque.
1743 513 1901 567 laude
1922 520 2132 583 patrem

546 617 800 663 ornatum
827 622 949 662 esse
979 606 1292 675 Theologus
1319 613 1573 659 testatur.
1599 606 1690 658 Ait
1720 605 1865 659 enim
1895 624 1908 657 ε
1942 605 2135 660 Pastor

543 708 629 755 est
657 701 855 761 bonus,
886 699 1239 766 animamque
1271 712 1427 751 suam
1455 712 1553 766 pro
1577 696 1773 750 ovibus
1799 696 1972 765 ponit.
1996 695 2133 749 Illud

543 796 706 846 etiam
743 792 982 861 adjecit:
1021 790 1103 846 Me
1134 805 1355 861 quoque
1384 790 1553 844 tilium
1598 806 1760 845 suum
1799 798 1951 859 optat
1972 790 2134 843 talem

546 893 822 952 pastorem
846 885 984 946 lieri,
1002 896 1291 953 ponentem
1312 883 1565 938 videlicet
1580 886 1817 940 animam
1843 901 1943 955 pro
1954 887 2132 941 vobis.

545 973 725 1037 Quam
771 973 844 1028 ob
871 989 1098 1029 causam
1140 974 1257 1044 ipse
1287 974 1650 1029 admiratione
1692 978 2040 1030 exclamavit.
2092 977 2135 1032 0

547 1068 744 1119 miram
773 1066 939 1119 animi
982 1066 1448 1135 magnitudinem!
1488 1065 1626 1120 Tum
1673 1083 1740 1122 ne
1767 1071 1894 1139 quis
1937 1069 2133 1123 existi-

545 1165 739 1221 maret,
765 1158 913 1226 quod
940 1166 1115 1227 pater,
1140 1167 1198 1210 ut
1229 1156 1632 1226 magnanimus.
1674 1158 1844 1212 filium
1871 1162 2137 1229 periculis

545 1248 814 1316 objiciens
844 1250 1026 1303 minus
1058 1257 1308 1304 amanter
1333 1251 1388 1304 in
1423 1250 1602 1318 ipsum
1635 1250 1863 1306 allectus
1888 1253 1979 1319 sit,
2007 1255 2136 1310 huic

546 1342 848 1411 suspicioni
887 1343 1154 1407 occurrit,
1182 1344 1372 1399 dicens
1400 1363 1413 1399 :
1448 1345 1577 1409 Ant,
1609 1354 1665 1399 ut
1702 1348 1886 1403 verius
1919 1349 2131 1419 loquar,

546 1443 832 1504 paternum
866 1450 1131 1491 amorem.
1182 1435 1316 1490 Nam
1365 1437 1469 1502 sic,
1504 1445 1669 1509 atque
1706 1442 1775 1492 ob
1819 1439 2134 1510 huiusmodi

546 1542 770 1591 causas,
805 1529 975 1582 tilium
1009 1530 1278 1598 periculis
1315 1546 1608 1601 exponere,
1640 1548 1750 1588 non
1780 1542 1887 1597 est,
1932 1535 2130 1606 inquit,

548 1619 787 1674 hominis
850 1621 1050 1676 lihcros
1111 1621 1239 1675 odio
1294 1622 1570 1690 habentis,
1637 1640 1824 1679 verum
1891 1627 2135 1697 impense

545 1714 813 1769 amantis.
866 1711 1234 1779 Quamobrem
1293 1714 1397 1769 etsi
1449 1716 1959 1786 magnanimitatem
2013 1735 2132 1775 eam

546 1820 662 1860 rem
721 1805 1047 1866 nominavit,
1102 1805 1361 1875 quoniam
1406 1820 1532 1860 cum
1594 1808 1783 1863 multis
1831 1808 2133 1875 laboribus,

545 1897 718 1958 curis,
750 1903 803 1951 et
836 1898 1096 1965 periculis
1132 1897 1234 1967 ipsi
1268 1896 1589 1952 luctandum
1612 1906 1752 1965 erat,
1784 1907 1968 1954 tamen
1999 1902 2130 1972 quia

547 1994 771 2058 pr0pter
800 2003 896 2041 vos
920 1988 1322 2057 utilitatemque
1347 1998 1608 2055 vestram,
1637 1998 1690 2044 et
1719 2001 1943 2061 prepter
1965 1990 2132 2047 Deum
2166 1986 2171 1989 ’

546 2096 633 2135 res
667 2079 941 2149 ejusmodi
987 2079 1323 2150 perferendae
1352 2091 1500 2143 sunt.
1531 2082 1583 2136 id
1633 2092 1830 2148 totmn,
1874 2094 2135 2154 paternus

544 2188 700 2226 amor
724 2173 991 2227 dicendus
1030 2181 1134 2227 est.
1170 2172 1293 2228 llaze
1333 2174 1549 2229 locutus
1581 2173 1913 2246 Theologus,
1948 2178 2132 2232 statim

544 2280 606 2318 ea
637 2280 759 2333 qua:
793 2280 824 2318 a
864 2272 1018 2335 patre
1064 2264 1397 2327 oll’eruntur,
1440 2274 1749 2321 enumerat.
1802 2265 1926 2320 Haec
1972 2284 2135 2338 porro

545 2365 675 2410 sunt
710 2356 835 2409 tria.
867 2359 945 2409 Ac
981 2356 1027 2411 si
1061 2356 1282 2425 quidem
1321 2371 1434 2409 rem
1473 2356 1801 2426 simpliciter
1840 2360 2132 2429 complecti

544 2446 832 2509 voluisset,
868 2446 944 2499 ita
972 2446 1237 2500 dixisset:
1258 2445 1528 2512 Quoniam
1555 2447 1799 2517 seipsum
1830 2447 1943 2513 dat,
1971 2458 2023 2505 et
2050 2466 2136 2506 me

544 2544 600 2591 et
639 2538 925 2603 templum.
961 2535 1119 2591 Nunc
1152 2552 1280 2590 vero
1310 2537 1658 2607 magniﬁcam
1686 2546 1741 2593 et
1772 2541 2133 2597 excellentem

544 2627 882 2680 oblationem
913 2642 1123 2696 augens
1178 2635 1229 2680 et
1282 2627 1649 2696 atnplillcans,
1686 2636 1803 2683 tum
1864 2647 1983 2695 sua,
2018 2641 2132 2685 tum

548 2724 773 2785 paterna
789 2716 1114 2779 subdividit,
1165 2717 1385 2772 varians
1404 2731 1467 2771 ac
1488 2719 1865 2789 multiplicans
1889 2724 2130 2777 nomina.

544 2806 681 2863 Nam
713 2808 970 2862 canitiem
1002 2820 1213 2878 patrem
1250 2814 1430 2871 vocat,
1462 2808 1808 2877 juventutem
1838 2812 2085 2882 seipsum
2114 2831 2129 2867 :

546 2907 602 2953 et
650 2914 843 2953 rursus
882 2907 1090 2968 patrem
1135 2907 1473 2961 testatorem.
1514 2902 1755 2972 seipsum
1796 2912 1977 2960 autent
2025 2907 2134 2961 ha:—

548 2996 755 3055 redem,
793 3000 976 3060 utpote
1006 2992 1302 3062 episc0pali
1354 2992 1553 3047 throno
1579 3010 1988 3052 successurum.
2029 2998 2106 3053 lla
2162 3013 2206 3071 (ι

2169 1677 2208 1731 Β

545 3082 685 3139 betis
713 3091 916 3145 autem,
954 3083 1153 3153 inquit,
1188 3099 1400 3138 meeum
1445 3100 1729 3142 sermones
1760 3104 1934 3154 meos,
1968 3100 2133 3161 atque

542 3190 611 3229 ex
669 3175 755 3231 his
788 3176 1111 3230 utilissimos
1169 3192 1420 3247 quosque
1460 3185 1509 3233 et
1565 3179 1973 3239 sanctissimos.
2012 3182 2131 3239 Non

543 3267 690 3321 enim
715 3266 781 3320 ad
814 3268 1048 3338 gratiam
1082 3267 1417 3331 docebo,sed
1440 3271 1507 3324 ad
1545 3271 1862 3339 utilitatem,
1903 3292 2012 3331 non
2042 3293 2134 3333 os-

544 3357 901 3422 tentabunde,
933 3357 1029 3413 sed
1075 3358 1458 3428 spiritualiter.
1497 3376 1677 3431 neque
1721 3378 1807 3424 ea.
1849 3380 1973 3434 qua:
2002 3382 2130 3420 ora-

544 3448 686 3501 toria
716 3447 1030 3518 suppeditat
1058 3450 1400 3515 exercitatio,
1431 3453 1525 3506 sed
1570 3469 1693 3523 quae
1727 3454 1923 3510 inserit
1955 3457 2131 3528 Spiri-

543 3548 633 3594 tus
674 3550 924 3595 sanctus.
961 3539 1176 3596 Etenim
1222 3541 1446 3596 humani
1479 3559 1766 3601 sermones
1808 3563 1973 3603 aures
2004 3557 2130 3604 tan-

543 3641 658 3686 tum
702 3631 1051 3701 permulcent
1086 3646 1150 3685 ac
1185 3631 1482 3700 delinittnt,
1511 3651 1611 3690 nec
1643 3637 1875 3695 ulterius
1910 3656 2132 3712 progre—

542 3724 767 3779 diuntur
815 3743 829 3779 :
885 3731 942 3777 at
1018 3724 1335 3794 spirituales
1398 3727 1465 3782 ad
1520 3729 1757 3784 animam
1825 3744 2127 3802 permeant.

545 3813 655 3868 Eos
680 3813 829 3868 enim
866 3813 1131 3885 insculpit
1172 3813 1414 3884 Spiritus
1456 3816 1510 3870 in
1557 3816 1816 3873 humanis
1848 3821 2129 3889 cordibus,

544 3914 807 3974 tanquam
835 3904 890 3958 in
927 3904 1151 3962 tabulis.
1186 3905 1437 3977 Cumque
1461 3906 1716 3976 dixisset,
1742 3910 1994 3981 lapideis,
2022 3921 2131 3967 tro-

546 4013 676 4069 pum
718 3997 866 4053 hunc
898 3998 1188 4067 explicuit,
1217 3999 1545 4071 adiungens,
1573 3998 1666 4056 Vel
1695 4001 1860 4057 etiam
1892 4006 2128 4061 carneis.

548 4090 734 4146 Solida
759 4092 903 4147 enim
938 4100 1069 4147 sunt
1102 4101 1156 4148 et
1188 4093 1355 4165 lapis,
1386 4103 1441 4150 et
1472 4111 1604 4150 caro
1633 4113 1648 4150 ε
1690 4104 1856 4168 atque
1890 4114 1975 4162 ea,
2012 4116 2133 4171 quae

542 4184 599 4240 in
630 4185 748 4240 haec
792 4185 1135 4256 inciduntur,
1184 4203 1305 4243 eam
1359 4189 1625 4244 rationem
1665 4190 1889 4257 habent,
1935 4202 1995 4247 ut
2042 4196 2132 4250 vix

541 4276 713 4334 deleri
763 4287 986 4349 queant.
1033 4278 1146 4335 lloc
1184 4292 1366 4338 autem
1413 4284 1484 4339 ab
1532 4284 1799 4355 Apostolo
1849 4294 2129 4358 sumptum

543 4379 649 4437 est,
681 4374 775 4441 qui
817 4374 898 4428 sic
932 4373 998 4427 ad
1042 4373 1366 4432 Corinthius
1402 4377 1669 4447 scripsit:
1706 4379 1971 4446 Quoniam
2000 4384 2125 4437 estis
2159 4361 2201 4416 ί)

542 4465 766 4534 epistola
796 4465 1017 4530 Christi,
1065 4468 1370 4522 ministrata
1419 4485 1451 4521 α
1496 4469 1669 4535 nobis,
1706 4473 1981 4541 inscripta,
2023 4492 2129 4530 non

544 4568 866 4622 atramento,
905 4559 995 4613 sed
1050 4558 1258 4624 Spiritu
1294 4560 1389 4616 Dei
1425 4565 1665 4627 viventis.
1710 4582 1811 4620 non
1847 4567 1899 4621 in
1931 4567 2126 4624 tabulis

542 4651 785 4720 lapideis.
800 4651 892 4706 sed
913 4653 965 4706 in
988 4652 1183 4706 tabulis
1202 4651 1377 4707 cordis
1396 4657 1772 4713 carnalibus“.
1792 4659 1946 4726 Quod
1962 4660 2124 4715 etiam

544 4744 615 4798 ab
647 4743 932 4798 Ezechiele
963 4752 1246 4800 mutuatus
1281 4754 1363 4800 est
1386 4747 1705 4818 Apostolus.
1741 4768 1835 4822 per
1861 4770 2022 4824 quem
2052 4755 2127 4809 ait

546 4836 729 4893 Deus:
788 4836 934 4890 Dabo
978 4836 1053 4890 eis
1092 4853 1183 4890 cor
1233 4839 1479 4904 alterum,
1533 4852 1584 4898 et
1634 4845 1882 4913 spiritum
1934 4863 2123 4902 novum

541 4928 678 4982 dabo
709 4929 805 4989 eis,
840 4938 890 4981 et
933 4928 1152 4982 evellam
1182 4947 1272 4985 cor
1321 4948 1503 4988 eorum
1550 4936 1817 5005 lapideum
1864 4952 1930 4991 ea:
1964 4955 2123 4994 carne

543 5019 797 5087 ipsorum,
836 5027 885 5071 et
927 5017 1064 5071 dabo
1090 5019 1165 5075 eis
1211 5038 1301 5075 cor
1343 5040 1615 5088 corneum,
1662 5037 1718 5079 ut
1760 5028 1814 5080 in
1851 5031 2121 5099 prmaeptis

544 5111 674 5164 meis
703 5109 1055 5163 ambulent".
1095 5111 1237 5169 Dixit
1266 5118 1431 5170 etiam
1478 5117 1677 5172 alicubi
1719 5118 1911 5173 Sirach
1942 5140 1954 5174 :
1990 5123 2121 5176 Om-

544 5202 628 5256 nis
659 5200 813 5255 homo
861 5201 926 5255 ab
957 5202 1311 5260 adolescentia
1359 5210 1522 5276 vergit
1570 5210 1641 5261 ad
1676 5209 1895 5275 malum,
1925 5222 1976 5265 et
2018 5230 2123 5268 non

542 5292 759 5359 potuisti
785 5291 948 5345 corda
977 5310 1157 5348 eorum
1188 5312 1252 5349 ea:
1285 5296 1511 5365 lapideis
1542 5315 1733 5353 carnea
1767 5301 1960 5369 facere.
1990 5304 2127 5361 Pro-

543 5382 671 5440 inde
700 5399 870 5449 nunc,
910 5400 1033 5439 cum
1074 5385 1212 5440 dixit
1246 5387 1559 5458 Theologus
1591 5409 1605 5445 :
1637 5391 1866 5452 Tabulis
1898 5398 2129 5469 lapideis

544 5478 660 5532 sive
700 5476 942 5539 carneis,
978 5476 1197 5531 videtur
1237 5477 1372 5531 mihi
1424 5495 1532 5535 non
1583 5482 2011 5555 interpretanda:
2055 5491 2129 5546 di-

542 5567 745 5622 ctionis
767 5581 933 5623 causa
978 5565 1083 5622 hoc
1124 5566 1354 5631 dixisse,
1382 5571 1475 5624 sed
1509 5574 1681 5645 magis
1729 5586 1784 5629 ut
1817 5577 2127 5639 distinctio-

617 5708 662 5739 ⁸⁵
689 5705 730 5760 ll
762 5707 889 5764 Cor.
930 5723 1014 5773 ιιι,
1045 5709 1101 5764 2.
1175 5710 1217 5740 ¹⁸
1250 5706 1454 5765 Ezech.
1488 5727 1675 5781 χχιιι,
1701 5714 1895 5773 26-27.

1783 211 2080 269 NICETAS
2118 211 2512 269 SERRONIUS

3668 220 3754 275 θοι

2236 329 2336 381 οὑκ
2353 327 2469 380 ἔστι
2498 326 2777 396 φιλόζωος,
2806 326 2963 380 τοῦτο
2990 331 3398 399 προσμαρτυρεῖ
3421 331 3510 383 καὶ
3527 331 3598 402 τῷ
3620 336 3757 405 πατρὶ

2236 421 2400 475 αὑτοῦ
2428 424 2454 475 ό
2479 421 2761 489 Θεολδγος.
2788 417 2931 473 Eius
2962 422 3089 492 γὰρ,
3112 423 3194 475 ὅτι
3225 422 3434 494 Ποιμήν
3469 425 3578 477 ἐστι
3605 426 3759 492 καλὸς,

2237 515 2331 567 καὶ
2369 514 2469 583 τὴν
2505 513 2683 584 ψυχὴν
2714 512 2877 566 αὑτοῦ
2909 513 3123 583 τίθησιν
3167 513 3305 585 ὑπὲρ
3344 514 3446 567 τών
3491 517 3760 587 προδιὴων.

2237 605 2550 676 Προσέθηκε
2590 606 2677 666 δὲ,
2708 607 2789 658 ὅτι
2822 605 2929 658 Καὶ
2964 606 3062 674 ἐμὲ
3105 606 3195 657 τὸν
3239 606 3352 658 υἱὸν
3395 606 3550 659 αὑτοῦ
3581 608 3765 679 εὑχιται

2235 697 2477 750 τοιοῦτον
2509 697 2743 767 ποιμένα
2771 694 3048 763 γενέσθαι,
3078 695 3297 749 τιθέντα
3331 696 3524 767 δηλαδὴ
3567 698 3653 770 τὴν
3683 701 3768 771 ψυ-

2237 790 2336 862 χὴν
2368 792 2508 862 ὑπὲρ
2532 789 2706 861 ὑμῶν.
2749 791 2872 843 Ἐπὶ
2894 788 3104 853 τούτοις
3136 788 3330 860 ὲὸόησε
3363 791 3496 859 μετὰ
3523 790 3768 861 θαύματος

2236 886 2315 947 τὸ,
2345 885 2408 936 Ὢ
2431 885 2528 954 τῆς
2557 882 2997 952 μεγαλοψυχίαςε
3024 876 3179 944 Εἶτα,
3212 882 3298 935 ἵνα
3324 883 3396 952 μή
3427 900 3508 945 τις
3535 884 3767 957 ὑπολάϐῃ,

2236 977 2317 1030 ὃτι
2350 976 2439 1028 τὸν
2470 976 2582 1029 υἱὸν
2619 978 2647 1029 ό
2676 975 2884 1046 Πατὴρ,
2922 974 2997 1037 ὡς
3029 973 3402 1044 μεγαλόψυχος
3426 976 3503 1037 εἰς
3530 976 3772 1042 κινδύνους

2237 1068 2526 1130 ἐπιδιδοὺς,
2550 1067 2609 1119 οὑ
2639 1066 2879 1135 φείδεται
2901 1066 3086 1131 αὑτοῦ,
3108 1065 3413 1136 διορθοῦται
3436 1067 3530 1137 τὴν
3553 1068 3773 1124 ὑπόνοιαν

2235 1161 2441 1231 ταύτην
2492 1158 2684 1214 εἰπών’
2731 1162 2833 1221 Ἢ,
2875 1161 2936 1211 τό
2969 1176 3033 1227 γε
3075 1159 3434 1230 ἀληθέστερον
3476 1161 3658 1225 εἰπεῖν,
3692 1163 3775 1232 τῆς

2238 1250 2580 1321 φιλοτεχνίας
2612 1290 2626 1304 .
2671 1291 2683 1304 .
2721 1250 2794 1303 Τὸ
2825 1250 2933 1324 γὰρ
2962 1249 3134 1315 οὕτως
3164 1251 3257 1304 καὶ
3290 1251 3381 1304 ἐπὶ
3414 1253 3660 1315 τοιούτοις
3703 1256 3775 1304 sx-

2236 1344 2435 1397 διδόναι
2476 1343 2567 1395 τὸν
2602 1343 2739 1405 υίδν,
2786 1343 2886 1395 οὑκ
2914 1342 3052 1405 ἔστι,
3091 1344 3245 1415 φησὶ,
3300 1344 3632 1414 μισοτέκνου,
3660 1344 3774 1398 ἀλλὰ

2240 1436 2473 1507 μάλιστα
2510 1436 2845 1504 φιλοτέκνου.
2878 1436 3041 1488 Ὥστε
3085 1438 3133 1489 εί
3165 1437 3260 1488 καὶ
3311 1435 3698 1507 μεγαλοψυχίαν
3729 1438 3777 1490 τδ

2238 1532 2470 1601 πρᾶγμα
2490 1528 2767 1598 ὡνόμασα,
2790 1527 2877 1582 διὰ
2896 1528 2957 1581 τὸ
2985 1527 3198 1599 μέλλειν
3227 1529 3407 1591 πόνοις
3429 1528 3519 1581 καὶ
3542 1528 3775 1593 κινδύνοις

2236 1621 2465 1691 ὁμιλεῖν,
2502 1620 2617 1673 ἀλλ’
2670 1616 2762 1673 οὖν
2800 1621 2922 1674 ἐπεὶ
2970 1620 3035 1673 δι’
3075 1621 3219 1691 ὑμᾶς
3260 1622 3354 1674 καὶ
3386 1621 3485 1691 τὴν
3537 1621 3777 1692 ὑμετέραν

2237 1711 2503 1779 ὠφέλειαν
2552 1712 2645 1764 καὶ
2676 1710 2762 1764 διὰ
2788 1710 2920 1764 Θεὸν
2957 1711 3025 1765 τὰ
3054 1712 3280 1765 τοιαῦτα
3311 1713 3421 1783 χρὴ
3465 1712 3685 1766 διαθλεῖν
3714 1731 3777 1781 φι-

2238 1802 2484 1855 λοτεκνία
2515 1801 2575 1855 ἰδ
2605 1803 2713 1855 πᾶν
2738 1803 2875 1856 ἐστι.
2907 1797 3092 1856 Ταῦτα
3114 1802 3280 1856 εἰπὼν
3304 1805 3332 1855 ό
3359 1803 3634 1872 Θεολόγος,
3659 1805 3777 1858 ἀπα-

2240 1897 2514 1967 ριθμεῖται
2555 1894 2718 1959 εὐθὺς
2751 1897 2844 1949 καὶ
2872 1896 2938 1948 τὰ
2978 1895 3129 1968 παρὰ
3159 1896 3254 1949 τοῦ
3294 1897 3503 1967 πατρὸς
3537 1914 3779 1967 καρποφο-

2238 1988 2498 2059 ρούμενα.
2542 1987 2624 2040 Τὰ
2662 1987 2719 2040 δέ
2758 1989 2871 2039 ἐστι
2914 1987 3055 2057 τρία.
3101 1987 3218 2040 Κᾶν
3267 1988 3364 2058 μὲν
3408 1988 3597 2053 ἁπλῶς
3630 1991 3778 2041 εἰπεῖν

2236 2077 2517 2140 ἐϐούλετο,
2549 2074 2699 2132 εἶπεν
2750 2078 2837 2140 ἂν,
2873 2080 2957 2131 ὅτι
2991 2079 3209 2131 Ἑαυτὸν
3238 2079 3425 2132 δίδωσι
3460 2080 3554 2132 καὶ
3590 2080 3679 2149 ἐμὲ
3704 2082 3777 2133 xal

2234 2170 2327 2224 τὸν
2350 2170 2495 2226 ναόν.
2529 2170 2643 2223 Νῦν
2664 2170 2720 2222 δὲ
2746 2169 2843 2240 τὴν
2862 2170 3141 2241 φιλότιμον
3165 2170 3543 2242 καρποφορίαν
3564 2171 3778 2236 ὲπαύξων

2236 2264 2331 2317 καὶ
2360 2262 2702 2334 μεγαλύνων,
2737 2262 3040 2333 ὑποδιαιρεῖ
3069 2263 3161 2314 καὶ
3182 2263 3251 2316 τὰ
3280 2261 3480 2316 ἑαυτοῦ
3509 2264 3598 2315 καὶ
3619 2262 3679 2315 τὰ
3703 2261 3777 2314 τοῦ

2236 2355 2464 2426 πατρὸς,
2502 2354 2792 2407 ποικίλλων
2818 2354 2913 2408 καὶ
2945 2354 3400 2419 πολυπλασιιπων
3444 2354 3512 2407 τὰ
3549 2354 3777 2424 ὀνόματα.

2237 2449 2346 2504 Καὶ
2385 2445 2574 2499 πολιὰν
2607 2445 2705 2516 μὲν
2733 2445 2902 2514 λέγει,
2933 2445 3022 2498 τὸν
3044 2446 3253 2516 πατέρα
3274 2463 3288 2477 ·
3320 2447 3556 2516 νεότητα
3579 2446 3651 2508 δὲ,
3678 2448 3782 2499 tua.

2233 2542 2345 2596 τόν.
2377 2540 2490 2593 Καὶ
2518 2534 2674 2603 αὖθις
2707 2538 3035 2610 κληροδότην
3071 2541 3169 2609 μὲν
3202 2539 3293 2592 τὸν
3332 2540 3584 2611 πατέρα·
3620 2538 3781 2592 ἑαυτὸν

2233 2635 2309 2696 δὲ,
2348 2633 2704 2704 κληρονόμον,
2732 2630 2808 2694 ὡς
2843 2631 3108 2702 μέλλοντα
3135 2632 3225 2684 τὸν
3248 2632 3444 2703 θρόνον
3469 2632 3567 2703 τῆς
3594 2634 3783 2686 ἐπισκο-

2235 2726 2345 2797 πῆς
2370 2723 2707 2796 διαδέχεσθαι
2756 2723 2849 2779 καὶ
2881 2724 3260 2796 κληρονομεῖν.
3299 2725 3501 2795 Ἔχετε
3534 2724 3588 2777 δὲ
3610 2765 3623 2786 ,
3650 2725 3779 2795 φησι,

2204 2830 2205 2837 ‘
2238 2818 2368 2888 μετ’
2391 2815 2528 2887 ἐμοῦ
2560 2816 2655 2869 καὶ
2689 2815 2818 2879 τοὺς
2847 2814 3014 2885 ἐμοὺς
3052 2815 3243 2883 λόγους
3263 2858 3277 2876 ,
3308 2816 3401 2870 καὶ
3441 2817 3641 2869 τούτων
3680 2816 3783 2878 τοὺς

2235 2911 2559 2982 ίερωτέρους
2589 2910 2682 2962 καὶ
2721 2908 3193 2981 ὠφελιμωτέρους.
3234 2910 3307 2962 Ού
3344 2910 3459 2981 γὰρ
3491 2911 3622 2981 πρὸς
3651 2910 3782 2982 χάριν

2237 3004 2473 3070 διδάξω,
2520 3002 2657 3057 ἀλλὰ
2708 3003 2842 3074 πρὸς
2886 3002 3185 3072 ὠφέλειαν·
3239 3003 3345 3056 οὐδ’
3395 3004 3780 3066 ἐπιδεικτικῶς.

2235 3094 2369 3148 ἀλλὰ
2404 3093 2793 3165 πνευματικῶς
2816 3110 2831 3126 ’
2867 3094 2976 3147 οὐδ’
3009 3093 3153 3165 ἅπερ
3177 3095 3209 3165 ἡ
3233 3092 3342 3147 τῶν
3376 3093 3555 3163 λόγων
3582 3096 3782 3165 ἄσκησις

2232 3186 2469 3252 δίδωσιν,
2499 3185 2615 3240 ἀλλ’
2652 3186 2795 3257 ἅπερ
2821 3185 3062 3255 ἐντίθησι
3092 3185 3152 3239 τὸ
3181 3185 3411 3257 Πνεῦμα
3449 3187 3512 3240 τὸ
3544 3186 3705 3254 ἅγιον.
3733 3187 3779 3239 Οἱ

2238 3277 2335 3347 μὲν
2364 3275 2473 3347 γὰρ
2506 3275 2831 3347 ἀνθρώπινοι
2861 3276 3028 3345 λόγοι,
3064 3276 3161 3339 τὰς
3192 3277 3360 3341 ἀκοὰς
3393 3278 3554 3345 μόνον
3590 3276 3782 3345 θέλγοφο

2235 3388 2341 3435 σιν,
2370 3371 2431 3424 οὑ
2474 3370 2791 3441 παραιτέρω
2824 3371 3104 3443 προϊόντες
3123 3386 3137 3400 ⁸
3163 3374 3213 3424 οἱ
3242 3371 3299 3425 δὲ
3331 3372 3783 3444 πνευματικοὶ,είς

2232 3462 2331 3533 τὴν
2376 3462 2555 3534 ψυχὴν
2602 3462 2988 3518 διαϐαίνουσιν.
3055 3464 3307 3518 Ἐντυποῖ
3350 3465 3460 3536 γὰρ
3511 3467 3699 3529 αὑτοὺς
3735 3463 3783 3514 τὸ

2244 3555 2489 3627 Πνεῦμα,
2523 3557 2712 3629 ὥσπερ
2758 3557 2941 3626 πλαξὶ,
2971 3561 3093 3622 ταῖς
3124 3559 3507 3631 ἀνθρωπίναις
3537 3560 3781 3632 καρδίαις.

2234 3651 2343 3703 Καὶ
2379 3650 2606 3714 λιθίναις
2638 3650 2694 3704 δὲ
2720 3649 2909 3715 εἰπὼν,
2950 3653 3261 3723 ἡρμήνευσε
3307 3654 3410 3724 τὴν
3456 3654 3677 3724 τροπὴν,
3706 3653 3785 3703 ἐπ-

2232 3740 2477 3811 αγαγὼν,
2497 3742 2688 3796 Είτουν
2712 3744 3011 3816 σαρκίναις.
3057 3746 3268 3799 Ἀντιτυ
3281 3748 3371 3811 at;
3407 3749 3519 3820 γὰρ
3547 3748 3637 3801 καὶ
3662 3745 3785 3806 λίθος

2233 3833 2327 3887 καὶ
2356 3833 2511 3904 σὰρξ,
2544 3834 2637 3888 καὶ
2677 3834 2746 3888 τὰ
2776 3835 3223 3907 ὲγκολαπτόμενα
3261 3838 3614 3894 δυσέκνιπτα.
3651 3837 3786 3908 Em;-

2233 3944 2364 3981 πται
2398 3927 2455 3981 δὲ
2484 3930 2512 3981 ό
2540 3927 2697 3996 λόγος
2735 3930 2800 3982 ὲκ
2828 3928 2922 3981 τοῦ
2965 3929 3312 3998 Ἀποστόλου,
3352 3935 3662 4004 γράφοντος
3696 3934 3786 3985 Κο-

2235 4020 2459 4092 ρινθίοις
2482 4060 2495 4085 ,
2529 4021 2611 4074 δτι
2650 4022 2823 4074 Ἐστὲ
2865 4021 3164 4091 ἐπιστολὴ
3201 4025 3482 4093 Χριστοῦ,
3528 4027 3784 4091 διακονη-

2233 4112 2405 4167 θεῖσα
2436 4113 2538 4181 ὐφ⁹
2570 4111 2765 4182 ἡμῶν,
2803 4114 3246 4185 ἐγγεγραμμένη
3275 4119 3347 4173 οὐ
3376 4120 3618 4188 μέλανι,
3648 4118 3788 4174 ἀλλὰ

2232 4205 2535 4274 Πνεύματι
2575 4204 2721 4259 Θεοῦ
2749 4203 2998 4273 ζῶντοςο
3038 4210 3151 4261 οὐκ
3180 4208 3251 4261 ἐν
3296 4209 3487 4275 πλαξὶ
3529 4210 3784 4272 λιθίναις,

2231 4298 2371 4351 ἀλλ’
2414 4297 2484 4350 ἐν
2512 4298 2695 4362 πλαξὶ
2741 4298 2988 4367 καρδίας
3015 4301 3349 4368 σαρκίναις.
3390 4302 3590 4356 Ἐλαὸε
3628 4299 3786 4354 δὲκαὶ

2230 4390 2259 4442 ὁ
2300 4389 2617 4453 ’Δπόστολος
2656 4390 2755 4461 τὴν
2805 4390 3003 4463 χρῆσιν
3032 4393 3144 4447 ἀπὸ
3175 4393 3267 4446 τοῦ
3311 4392 3601 4466 Ἰεζεκιὴλ,
3642 4393 3703 4446 δι’
3735 4386 3785 4444 οὗ

2227 4498 2391 4551 φησιν
2418 4483 2446 4535 ό
2475 4480 2605 4545 Θεός
2627 4498 2640 4512 ·
2688 4481 2866 4537 Δώσω
2908 4484 3116 4550 αὐτοῖς
3142 4484 3395 4554 καρδίαν
3434 4486 3661 4555 ἑτέραν,
3702 4482 3785 4537 καὶ

2226 4574 2460 4644 πνεῦμα
2483 4575 2694 4629 καινὸν
2715 4575 2886 4631 δώσω
2913 4578 2983 4632 ἐν
3002 4580 3201 4645 αὐτοῖς
3217 4597 3229 4611 ·
3262 4580 3360 4633 καὶ
3380 4579 3670 4634 excarde
3688 4578 3786 4644 τὴν

2226 4667 2479 4736 καρδίαν
2498 4668 2698 4723 αὐτῶν
2720 4668 2834 4738 τὴν
2858 4672 3098 4739 λιθίνην
3108 4673 3225 4727 ἀπὸ
3244 4671 3347 4741 τῆς
3363 4673 3592 4742 σαρκὸς
3609 4669 3786 4727 αὐτῶν

2226 4760 2319 4814 καί
2350 4759 2522 4814 δώσω
2544 4762 2745 4830 αὐτοῖς
2769 4763 3021 4833 καρδίαν
3051 4766 3371 4834 σαρκίνην,
3408 4768 3571 4832 ὅπως
3595 4766 3663 4819 ἐν
3680 4762 3785 4827 τοῖς

2228 4853 2652 4925 προστάγμασι
2684 4874 2805 4926 μου
2835 4859 3266 4925 πορεύσωνται.
3300 4860 3462 4927 Λέγει
3490 4860 3550 4913 δέ
3579 4876 3677 4913 που
3704 4856 3784 4911 καὶ

2227 4946 2255 4998 ὁ
2300 4945 2601 5017 θαυμάσιος
2650 4947 2822 5020 Σιράχ
2844 4965 2857 4979 ⁸
2889 4948 3016 5015 Πᾶς
3059 4949 3371 5019 ἄνθρωπος
3404 4953 3477 5006 ἐκ
3525 4952 3785 5016 νεότητος

2227 5037 2325 5092 ἐπὶ
2377 5038 2443 5092 τὸ
2472 5041 2772 5110 πονηρὸν,
2807 5043 2904 5096 καί
2954 5044 3066 5098 οὐκ
3101 5044 3374 5113 ἴσχυσαν
3413 5046 3523 5110 τὰς
3558 5042 3784 5111 καρδίας

2226 5128 2423 5185 αὐτῶν
2436 5131 2567 5185 ἀντὶ
2582 5133 2828 5187 λιθίνων
2845 5134 3098 5204 ποιῆσαι
3120 5137 3430 5205 σαρκίνας.
3462 5138 3571 5191 Καὶ
3593 5135 3685 5189 νῦν
3705 5129 3784 5187 οὖν

2227 5221 2394 5276 εἰπὼν
2420 5226 2447 5277 ό
2475 5224 2756 5295 Θεολόγος,
2804 5227 2973 5293 Πλαξι
3004 5227 3254 5293 λιθίναις,
3282 5231 3456 5283 εἷτουν
3498 5230 3780 5300 σαρκίναις.

2223 5313 2370 5368 δοκεῖ
2411 5333 2500 5386 μοι
2542 5318 2616 5388 μὴ
2665 5318 3060 5389 ὲφερμηνεύειν
3091 5323 3191 5392 τὴν
3224 5320 3387 5387 λέξιν,
3434 5322 3572 5375 ἀλλὰ
3601 5319 3780 5391 μᾶλλον

2225 5407 2676 5462 ἀντιδιαστέλλειν
2696 5412 2761 5480 τῇ
2791 5408 2970 5485 λιθίνῃ
2989 5412 3210 5483 καρδία,
3229 5413 3473 5467 τουτέστι
3500 5415 3566 5482 τῇ
3590 5407 3778 5478 σκληρᾷ

2226 5499 2319 5551 καὶ
2353 5498 2617 5559 ἁνενδότω
2645 5500 2737 5554 καὶ
2765 5502 3135 5575 ἀντιτυπούσῃ
3167 5504 3265 5576 τὴν
3301 5504 3564 5577 σαρκίνην
3584 5545 3600 5569 ,
3628 5504 3654 5556 δ
3677 5504 3777 5552 ἐστι

2227 5592 2327 5662 τὴν
2365 5592 2615 5665 μαλακὴν
2644 5594 2735 5647 καὶ
2773 5595 2970 5666 ῥᾳδίως
3011 5597 3364 5668 ὑπείκουσαν,
3390 5598 3484 5651 καὶ
3505 5593 3775 5667 δεχομένην
