4018 6296
222 286 323 341 965

1406 284 1498 341 AD
1526 287 1596 342 οδ.
1637 283 1967 343 GREGORII
2004 284 2210 341 ORAT.
2258 282 2300 336 l.

3384 278 3488 333 906

223 403 290 457 τὰ
315 403 454 458 καλὰ
482 405 809 476 γράμματα.
837 404 911 459 Οὐ
939 404 1045 477 γάρ
1070 403 1257 467 ἁπλῶς
1301 404 1452 477 πάσῃ
1481 403 1679 475 καρδίᾳ
1718 405 1795 456 ἐν·

1934 417 2034 456 tem
2078 407 2245 470 ponat
2291 400 2435 454 inter
2485 397 2759 469 lapideum
2798 411 2919 462 cor,
2970 394 3023 449 id
3056 403 3162 459 est,
3204 392 3405 448 durum
3437 399 3495 446 ct

222 499 384 550 τυποῖ
410 500 535 559 τοὺς
578 496 757 560 θείους
789 484 983 565 λόγους
1020 496 1079 548 τὸ
1110 492 1333 567 Πνεῦμα
1370 497 1431 549 τὸ
1461 497 1634 564 ἆγιον,
1669 495 1805 550 ἀλλὰ

222 592 288 660 τῇ
322 589 557 662 σαρκίνῃ
579 630 592 651 ,
629 590 877 643 τουτέστι
909 592 974 659 τῇ
1007 588 1335 660 εὐαισθήτῳ.
1370 588 1580 660 Σαρκος
1607 588 1715 660 γὰρ
1745 586 1807 639 τὸ

223 680 577 734 αίσθάνεσθαι
598 697 610 709 ·
645 678 794 733 λίθου
827 678 883 731 δὲ
921 678 1051 731 ἴδιον
1084 678 1146 731 τὸ
1186 677 1531 747 ἀναίσθητον.
1564 678 1633 729 ’Ἡ
1666 676 1807 744 τάχα

226 773 318 825 καὶ
354 770 564 834 λιθίνας
590 773 686 824 καὶ
731 771 993 842 σαρκίνας
1027 769 1179 838 λέγει
1208 769 1306 833 τὰς
1354 770 1585 841 καρδίας
1617 769 1645 820 ὁ
1678 768 1809 821 Θεοί

224 864 380 931 λόγος
407 879 420 892 ·
454 862 664 927 λιθίνας
697 863 818 935 μὲν,
845 864 934 917 διὰ
977 865 1038 917 τὸ
1077 863 1305 935 στερρὸν
1341 863 1435 914 καὶ
1478 862 1541 914 τὸ
1564 859 1810 913 δυσαπά-

227 954 421 1008 λειπτα
449 951 587 1008 εἶναι
621 954 690 1008 τὰ
731 957 787 1007 ἐν
820 956 1009 1020 αὖταῖς
1049 955 1355 1026 γράμματα
1377 970 1389 984 ·
1437 952 1700 1024 σαρκίνοις
1730 951 1806 1013 δὲ,

225 1040 315 1094 διὰ
344 1042 405 1094 τὸ
438 1041 775 1113 αἰσθητικόν.
812 1044 903 1096 Διὸ
936 1044 1153 1112 ἐπάγει,
1187 1044 1267 1097 ὅτι
1295 1046 1352 1097 ἐν
1378 1037 1498 1107 ταῖς
1532 1041 1811 1104 τοιαύταις

226 1135 276 1185 οἱ
323 1132 473 1202 λόγοι
519 1134 619 1187 οὐκ
654 1135 713 1199 ἐξ
746 1135 1010 1206 ἐπιπολῆς
1042 1135 1501 1207 χαραχθήσονται,
1540 1133 1660 1186 οὐδὲ
1702 1129 1811 1185 οἷον

226 1225 434 1279 ἄνωθεν
480 1227 1010 1298 ἐπιχρωσθήσονται,
1055 1228 1144 1281 ἵνα
1194 1228 1287 1281 καὶ
1336 1220 1535 1298 ῥᾳδίως
1587 1223 1812 1278 ἀπαλεί-

228 1335 414 1389 φοιντο
436 1336 449 1350 ⁸
489 1319 603 1373 ἀλλ’
631 1322 710 1384 εἰς
736 1320 897 1391 βάθος
929 1321 1456 1392 ἐνσημανθήσονται,
1489 1312 1629 1377 ὥστε
1641 1340 1817 1395 παραυ

228 1413 425 1486 μένειν.
490 1413 598 1466 Καὶ
615 1413 1118 1485 ἐνσημανθήσονται
1138 1412 1198 1468 οὗ
1220 1414 1432 1480 μέλανι,
1457 1414 1594 1468 ἀλλὰ
1611 1414 1812 1485 χάριτι.

240 1503 304 1554 Ἢ
339 1503 437 1572 μὲν
471 1504 578 1575 γὰρ
622 1504 731 1557 τῶν
760 1505 985 1559 δικαίων
1014 1506 1240 1578 καρδία,
1274 1504 1350 1569 ὦς
1384 1523 1549 1576 φησιν
1586 1508 1614 1558 ὁ
1644 1504 1816 1576 μέγας

230 1595 543 1659 Βασίλειος,
585 1597 863 1668 Πνεύματι
912 1598 1044 1652 Θεοῦ
1094 1597 1294 1663 ζῶντος
1328 1599 1811 1671 καταγεγραπται·

230 1691 264 1756 η
300 1688 355 1740 δέ
386 1690 495 1741 τῶν
529 1689 727 1743 ἀδίκων
764 1690 982 1759 καρδία,
1012 1691 1072 1744 οὐ
1099 1691 1398 1761 Πνεύματι,
1434 1692 1569 1745 ἀλλὰ
1604 1692 1815 1762 μέλανι,

229 1782 311 1853 τῷ
337 1786 590 1851 συγγενεῖ
626 1783 720 1836 τοῦ
757 1784 983 1847 σκότους
1012 1784 1105 1837 καὶ
1144 1783 1324 1856 ἐχθρῷ
1358 1785 1451 1837 τοῦ
1478 1785 1675 1854 φωτός.

1911 490 2149 546 inﬂexile
2204 505 2269 545 ac
2316 490 2581 561 rigidum,
2637 500 2691 544 et
2740 490 2883 545 inter
2936 501 3221 549 earncum,
3275 486 3326 538 id
3384 493 3494 549 est,

1911 583 2073 637 molle
2090 583 2360 654 facileque
2384 583 2605 650 cedens,
2636 584 2919 651 bonasque
2948 582 3163 634 litteras
3188 576 3490 647 excipiens.

1913 673 2101 743 Neque
2134 675 2280 728 enim
2319 675 2456 728 citra
2484 674 2782 729 discrimen
2814 676 2870 727 in
2903 672 3051 727 omni
3082 669 3245 724 corde
3276 668 3495 722 divinos

1912 782 2197 821 sermones
2240 767 2506 836 insculpit
2560 764 2801 836 Spiritus
2836 773 3085 829 sanctus,
3138 764 3232 819 sed
3275 763 3328 817 in
3376 778 3498 817 car-

1914 875 2039 927 nco,
2081 860 2133 914 id
2164 868 2271 924 est,
2310 869 2459 914 recte
2502 868 2557 915 et
2593 859 2750 914 facile
2785 860 3077 915 sentiente.
3110 858 3309 912 Cal‘ttis
3348 857 3494 911 enim

1912 960 2017 1016 cst,
2060 954 2300 1019 sentire;
2340 953 2579 1022 lapidum
2626 963 2808 1007 autem
2852 952 3154 1023 proprium.
3206 966 3373 1006 sensu
3406 964 3499 1002 ca-

1912 1058 2056 1099 rere.
2094 1042 2185 1098 Vel
2241 1045 2408 1099 etiam
2465 1046 2676 1115 lapidea
2733 1056 2788 1100 et
2828 1061 3037 1100 carnea
3090 1056 3314 1115 pectora
3365 1043 3500 1097 dicit

1914 1133 2264 1206 Tlieologus,
2327 1137 2537 1206 lapidea
2595 1138 2813 1206 quidem
2868 1138 2940 1191 ob
3002 1137 3375 1198 soliditatem,
3446 1139 3501 1187 et

1914 1227 2043 1297 quia
2071 1244 2214 1299 aegre
2242 1229 2634 1294 obliterantur,
2672 1245 2793 1300 qua:
2824 1231 2877 1283 in
2912 1231 3047 1300 ipsis
3078 1229 3499 1291 inscribuntur;

1915 1337 2114 1376 carnea
2173 1334 2360 1379 autem
2408 1326 2479 1379 ob
2526 1326 2633 1378 vim
2694 1325 3037 1381 suusibilem.
3112 1322 3267 1378 Unde
3332 1324 3500 1378 etiam

1917 1414 2202 1484 subjungit
2239 1435 2252 1469 :
2289 1416 2443 1481 Quod
2480 1419 2534 1470 in
2579 1418 2892 1485 huiusmodi
2925 1417 3184 1473 cordibus
3213 1428 3502 1471 sermones

1918 1522 2028 1559 non
2058 1507 2251 1561 leviter
2283 1518 2337 1561 et
2362 1510 2653 1578 superficie
2680 1518 2842 1564 ten-us
2874 1510 3277 1581 insculpenlur,
3305 1523 3368 1561 ac
3388 1508 3502 1562 vel-

1920 1606 1977 1650 ut
2011 1614 2250 1668 superne
2292 1600 2597 1668 illinentur,
2632 1610 2692 1654 ut
2725 1603 2882 1656 facile
2900 1617 3122 1672 quoque
3147 1599 3352 1655 aboleri
3378 1614 3505 1669 pos—

1920 1691 2051 1754 sint,
2099 1692 2192 1746 sed
2244 1692 2591 1763 penitissime
2622 1696 3121 1764 consigualmntur,
3174 1704 3235 1748 ut
3284 1707 3507 1762 perma-

1852 1779 1893 1834 B
1923 1793 2089 1839 neant
2112 1803 2134 1837 ε
2162 1793 2216 1839 et
2248 1785 2473 1856 quidem
2500 1788 3006 1859 consignabuntur,
3038 1805 3150 1842 non
3176 1795 3507 1849 atramento,

232 1874 327 1929 sed
363 1876 559 1944 gratia.
592 1874 873 1931 Justornm
908 1878 1050 1930 enim
1086 1884 1298 1947 pectus,
1334 1886 1393 1932 ut
1418 1885 1503 1933 est
1537 1878 1680 1946 apud
1722 1891 1978 1948 magnum
2015 1875 2301 1942 Basilium,
2348 1880 2548 1948 spiritu
2584 1880 2675 1935 Dei
2705 1882 2941 1936 viventis
2975 1882 3342 1951 perscriptum
3383 1895 3506 1939 CSt:

234 1969 569 2039 injustorum
608 1978 816 2031 autem,
852 1986 961 2024 non
1006 1971 1205 2040 spiritu
1260 1972 1354 2026 sed
1416 1981 1725 2026 atramento
1750 1971 2101 2026 tenebrarum
2134 1983 2389 2041 cognato,
2424 1981 2480 2028 et
2513 1975 2651 2028 lucis
2685 1974 2862 2029 hoste.

306 2064 426 2117 Col.
464 2062 569 2115 400
606 2062 646 2115 C
683 2063 731 2116 7.
790 2062 980 2116 Ταῦτα
1019 2063 1203 2131 μὲν...
1255 2063 1640 2134 ἐπαγγελίας.
1690 2063 1819 2115 Ἑπ-

235 2159 540 2229 εσιρράγισε
568 2158 636 2211 τὰ
668 2158 902 2230 ρηθέντα
924 2152 1013 2210 τοῦ
1048 2158 1253 2229 πατρὸς
1283 2159 1556 2230 ἐγκώμια.
1578 2160 1679 2212 καὶ
1703 2160 1823 2211 δευ-

236 2252 414 2325 τέρων
449 2246 603 2314 αὖθις
632 2249 855 2321 ἤρξατο,
905 2249 1166 2320 ἐξομοιῶν
1198 2248 1359 2303 αὑτὸν
1397 2252 1474 2321 τῷ
1530 2250 1781 2323 Ἀϐραὰμ
1804 2287 1818 2310 .

236 2344 442 2414 ὁμοίως
470 2341 664 2413 ἐκείνῳ
702 2342 801 2413 τὴν
830 2342 1023 2415 πρώην
1058 2342 1270 2414 πλάνην
1298 2344 1691 2397 καταλιπόντα.
1729 2344 1825 2398 Ἐκ

237 2434 351 2504 γὰρ
379 2433 476 2504 τῆς
514 2431 620 2487 τῶν
669 2432 1036 2504 ’Υψισταρίων
1071 2432 1370 2503 λεγομένης
1410 2434 1704 2505 αἱρέσεως,
1745 2436 1826 2498 είς

238 2527 341 2596 τὴν
381 2525 665 2579 εὐσέδειαν
708 2524 1095 2595 μετελήλυθεν.
1138 2524 1215 2579 Οὐ
1251 2526 1411 2596 μόνον
1453 2526 1510 2579 δὲ
1552 2526 1640 2580 διὰ
1670 2526 1828 2581 τοῦτο

258 2616 518 2689 Ἀϐραάμ
545 2616 803 2687 ὀνομάζει
852 2616 944 2669 τὸν
974 2616 1165 2670 ἑαυτοῦ
1199 2618 1430 2690 πατέρα,
1458 2618 1593 2672 ἀλλὰ
1623 2620 1717 2673 καὶ
1753 2619 1828 2683 ὡς

240 2711 492 2782 γηραιὸν,
526 2709 620 2763 καὶ
648 2708 723 2773 ὡς
767 2708 1062 2777 φιλόξενον,
1096 2711 1191 2763 καὶ
1220 2710 1295 2774 ὡς
1341 2710 1689 2782 προσάγοντα
1740 2710 1829 2764 τὸν

240 2805 361 2858 υἱὸν
389 2803 467 2873 τῷ
492 2803 634 2874 Θεῷ,
665 2805 714 2857 εί
738 2805 833 2858 καὶ
865 2802 1113 2868 ἑκούσιος
1141 2799 1209 2875 ἦν
1232 2802 1374 2873 αὕτη
1397 2807 1429 2875 ὴ
1467 2806 1827 2878 προσαγωγὴ,

243 2899 340 2951 καὶ
379 2897 499 2967 οὐχὶ
544 2895 685 2949 κατὰ
728 2897 829 2967 τὴν
874 2896 969 2949 τοῦ
1029 2896 1281 2969 Ἀϐραὰμ
1329 2896 1388 2962 ἐξ
1436 2899 1830 2969 ἐπιτάγματος.

246 2990 603 3061 Πατριάρχην
634 2987 690 3042 δὲ
736 2988 896 3041 αὐτὸν
932 2988 1105 3053 καλεῖ,
1136 2989 1213 3053 ὡς
1251 2990 1462 3062 πατέρα
1485 2991 1579 3044 καὶ
1598 2991 1833 3062 ἄρχοντα

246 3082 350 3152 τῆς
378 3082 608 3146 πόλεως,
627 3082 751 3134 ὅσον
772 3081 863 3133 ἐπὶ
882 3083 993 3145 τοῖς
1021 3081 1498 3151 ἐκκλησιαστικαῖς
1516 3084 1829 3156 πράγμασι.

247 3172 468 3226 Κανόνα
495 3172 551 3225 δὲ
580 3172 678 3243 τῆς
714 3169 949 3243 ἀρετῆς,
978 3171 1054 3234 ὡς
1096 3172 1276 3225 πᾶσαν
1315 3173 1372 3225 ἐν
1417 3172 1596 3244 ἐαυτῷ
1630 3173 1832 3226 συλλα-

249 3265 417 3319 ϐόντα
440 3266 539 3337 τὴν
566 3263 768 3335 ἀρετὴν
798 3264 899 3318 καὶ
925 3264 1052 3329 τοὺς
1093 3263 1287 3328 ἄλλους
1315 3265 1453 3337 πρὸς
1497 3266 1702 3339 ταύτην
1741 3266 1833 3319 eti--

251 3357 501 3421 θύνοντα,
546 3356 643 3411 καὶ
681 3357 743 3409 τὸ
785 3357 881 3427 μὲν
924 3356 1112 3427 ἄρτιον
1145 3355 1510 3427 δοκιμάζοντα
1538 3359 1634 3411 καὶ
1696 3376 1832 3412 κατ-

252 3452 470 3525 έχοντα,
507 3452 761 3523 καθάπερ
790 3455 818 3506 ὁ
852 3450 1057 3518 κανὼν,
1083 3452 1143 3506 τὺ
1170 3452 1227 3506 δέ
1259 3453 1512 3525 περιττὸν
1541 3452 1633 3507 καὶ
1666 3453 1835 3507 ἐλλεῖ-

251 3564 381 3611 πον,
409 3546 484 3608 ὠς
528 3545 749 3609 κακίαν,
778 3544 967 3611 ξέοντα
993 3545 1085 3598 καὶ
1120 3545 1614 3616 ἀποδοκιμάζοντα.
1647 3547 1757 3617 Τῆς
1783 3546 1838 3599 δὲ

255 3637 559 3710 ἱερωσύνης
600 3637 899 3701 τελείωσιν,
950 3638 1025 3701 ὼς
1074 3639 1252 3693 πάντα
1282 3640 1349 3693 τὰ
1392 3640 1492 3710 τῆς
1540 3640 1839 3713 ἱερωσύνης

252 3727 491 3791 ἐντελῶς
528 3727 734 3798 ἔχοντα.
780 3726 1002 3780 Ἑαυτὸν
1035 3727 1217 3798 μέντοι
1247 3729 1511 3800 μονογενῆ
1555 3730 1839 3801 ὠνόμασεν

252 3823 284 3874 ὸ
309 3820 593 3888 Θεολόγος,
626 3819 953 3890 βιασάμενος
974 3821 1065 3875 τὸν
1096 3822 1274 3891 λόγον,
1305 3823 1392 3876 ἵνα
1423 3823 1547 3895 μηδ’
1580 3827 1638 3877 ἐν
1667 3823 1841 3895 τούτῳ

254 3912 361 3983 τῆς
383 3912 524 3965 κατὰ
549 3911 642 3964 τδν
682 3911 866 3964 Ἰσαὰκ
899 3911 1227 3986 ἐλαττωθείη
1268 3914 1486 3979 θυσίας’
1522 3916 1844 3989 παρεμυθή-

260 4021 395 4058 σατο
427 4003 483 4056 δέ
524 4003 621 4074 τὴν
659 4004 884 4074 τόλμαν,
928 4006 1225 4074 ἐπαγαγὼν
1257 4006 1349 4059 τὸν
1386 4006 1444 4073 ἐξ
1484 4008 1838 4077 ἐπαγγελίας.

258 4095 327 4149 Et
354 4094 465 4165 γὰρ
488 4093 582 4147 καὶ
610 4093 684 4165 μὴ
713 4096 1008 4164 μονογενὴς
1028 4090 1097 4166 ἦν
1127 4094 1268 4148 κατὰ
1294 4096 1394 4166 τὴν
1422 4096 1694 4167 γέννησιν,
1724 4099 1845 4152 ἐπεὶ

266 4187 390 4260 μετ’
428 4186 591 4240 αὑτὸν
619 4186 713 4239 καὶ
743 4185 1003 4257 Γοργονία
1053 4186 1147 4239 καὶ
1190 4187 1496 4258 Καισάριος
1541 4188 1843 4259 ἐγεννήθη,

260 4280 384 4335 ἀλλ’
425 4273 518 4333 οὖν
543 4278 686 4332 κατὰ
716 4276 814 4349 τὴν
848 4278 1182 4347 ἐπαγγελίαν
1214 4278 1508 4350 μονογενὴς
1539 4276 1627 4349 ἦν.
1679 4279 1849 4343 Μόνος

261 4372 378 4443 γὰρ
402 4373 515 4434 τοῖς
547 4368 795 4437 γονεῦσιν
825 4370 883 4437 ἐξ
927 4370 1257 4439 ἐπαγγελίας
1283 4371 1502 4444 ἐτέχθη,
1538 4371 1728 4443 ὥσπερ
1756 4374 1849 4426 καὶ

263 4469 296 4520 ὁ
345 4465 533 4519 Ἰσαὰκ
560 4466 627 4535 τῇ
658 4463 847 4536 Σάρῤᾳ
879 4465 972 4517 καὶ
1009 4465 1084 4536 τῷ
1111 4465 1385 4535 Ἀϐραάμ.
1418 4467 1487 4519 Ἦ
1521 4467 1662 4536 τάχα
1696 4484 1849 4537 μονο-

263 4557 403 4628 γενῆ
435 4557 627 4610 ἑαυτὸν
647 4556 815 4624 λέγει,
847 4556 921 4618 ὡς
952 4556 1109 4626 μόνον
1139 4556 1532 4626 ὑπολειφθέντα
1552 4558 1630 4630 τῷ
1657 4561 1845 4633 πατρὶ.

264 4650 380 4703 τῶν
398 4649 575 4702 ἄλλων
607 4649 707 4718 ἤδη
743 4650 950 4701 τέκνων
980 4648 1464 4719 τετελευτηκότων.

1998 2065 2165 2133 Atque
2202 2066 2312 2119 haec
2344 2067 2493 2119 vobis
2527 2067 2679 2135 oﬁ'ert
2730 2066 3051 2121 venerandus
3077 2068 3183 2135 hic,
3212 2076 3316 2122 etc.
3352 2066 3512 2123 Post-

1922 2170 2086 2224 quam
2133 2160 2448 2225 superiores
2483 2160 2656 2227 patris
2708 2159 2896 2215 laudes
2929 2161 3188 2224 absolvn,
3240 2160 3513 2215 secundas

1919 2247 2031 2316 jam
2071 2249 2381 2311 exorditur,
2427 2251 2659 2304 similem
2701 2267 2824 2305 eum
2855 2268 2979 2306 esse
3014 2254 3204 2308 dicens
3254 2252 3511 2313 Abrahze.

1926 2346 1987 2393 ut
2022 2340 2115 2409 qui
2150 2355 2259 2394 non
2292 2358 2453 2397 secus
2483 2350 2647 2413 atque
2678 2344 2787 2409 ille,
2826 2344 3117 2415 pristinum
3148 2360 3388 2399 errorem
3429 2363 3516 2400 re-

1926 2430 2171 2499 liquerit.
2191 2428 2333 2484 Nam
2369 2448 2435 2487 ex
2468 2447 2530 2487 ea
2564 2442 2739 2497 secta,
2774 2450 2895 2504 quae
2930 2433 3397 2505 Hypsistariorum
3428 2437 3513 2489 di-

1928 2522 2094 2585 citur,
2138 2523 2205 2576 ad
2254 2538 2394 2578 verte
2441 2525 2661 2595 pietatis
2698 2525 3008 2580 doctrinam
3065 2528 3342 2597 migravit.
3404 2526 3517 2581 Nec

1928 2627 2047 2668 eam
2083 2621 2297 2668 tantum
2328 2616 2399 2670 ob
2437 2632 2658 2671 causam
2694 2627 2902 2685 patrem
2951 2633 3113 2672 suum
3149 2619 3383 2673 Abrahae
3415 2633 3517 2672 uo-

1931 2708 2076 2761 mine
2107 2709 2366 2777 appellat,
2400 2710 2494 2764 sed
2523 2711 2690 2763 etiam
2730 2719 2788 2763 ut
2828 2724 3036 2774 senem,
3067 2719 3128 2765 ut
3167 2711 3514 2781 hospitalem,

1933 2808 1991 2853 ut
2024 2798 2136 2854 Deo
2175 2802 2343 2855 lilium
2387 2800 2703 2855 offerentem
2744 2819 2756 2854 :
2797 2802 3013 2857 tametsi
3054 2802 3363 2857 voluntaria
3404 2806 3520 2856 fue-

1933 2892 2006 2945 rit
2037 2892 2151 2946 htec
2177 2893 2406 2955 oblatio,
2449 2906 2557 2945 non
2605 2901 2787 2946 autem
2830 2894 3121 2963 imperata,
3164 2894 3521 2964 quemadmo-

1934 2984 2063 3038 dum
2115 2985 2207 3038 illa
2260 2984 2513 3039 Abrahae.
2572 2983 2950 3040 Patriarcham
2975 2994 3155 3040 autem
3181 3002 3303 3041 eum
3336 2996 3516 3050 vocat,

1938 3090 1995 3136 ut
2028 3091 2237 3152 patrem
2278 3090 2331 3138 et
2373 3084 2674 3154 principem
2698 3084 2961 3150 civitatis,
2999 3094 3266 3155 quantum
3296 3086 3516 3155 quidem

1937 3176 2004 3228 ad
2043 3190 2132 3229 res
2177 3176 2588 3231 ecclesiasticas
2635 3176 2852 3233 attinet.
2887 3175 3121 3231 Virtutis
3170 3185 3351 3231 autem
3392 3193 3525 3231 nor-

1941 3282 2084 3320 mam
2135 3276 2194 3322 ut
2226 3269 2318 3339 qui
2361 3284 2552 3325 omnes
2580 3270 2801 3325 virtutis
2838 3278 3023 3340 partes
3062 3273 3386 3341 c0mplexus
3427 3272 3521 3333 sit,

1939 3359 2183 3430 aliosque
2226 3362 2291 3415 ad
2321 3377 2446 3417 eam
2481 3363 2701 3432 dirigat,
2736 3370 2791 3418 et
2835 3370 3039 3417 rectum
3071 3364 3290 3432 quidem
3326 3365 3525 3435 regula;

1939 3450 2113 3504 instar
2141 3453 2391 3522 exploret
2442 3467 2506 3507 ac
2555 3454 2809 3517 retineat,
2861 3452 3197 3522 superﬂuum
3239 3463 3417 3509 autem
3470 3463 3526 3508 ct

1939 3549 2202 3604 deficiens
2247 3546 2478 3601 abradat
2520 3555 2684 3617 atque
2733 3546 3028 3616 improbet.
3064 3545 3182 3601 Jam
3230 3549 3526 3602 sacerdotii

1942 3659 2163 3713 quoque
2204 3641 2599 3713 perfectionem
2644 3656 2768 3695 eum
2807 3647 2987 3705 vocat,
3036 3648 3097 3694 ut
3140 3640 3400 3695 omnibus
3441 3655 3526 3693 re-

1942 3737 2067 3799 bus,
2100 3751 2221 3806 quie
2253 3736 2319 3788 ad
2356 3733 2728 3789 sacerdotium
2773 3734 3151 3803 requiruntur.
3195 3733 3409 3787 aliunde
3445 3735 3528 3786 in-

1943 3837 2237 3884 structum.
2295 3826 2551 3897 Seipsum
2601 3834 2785 3879 tamen
2834 3825 3173 3895 unigenitum
3215 3824 3529 3887 Theologus

1946 3921 2270 3983 nominavit,
2303 3919 2413 3973 vim
2442 3919 2676 3973 orationi
2710 3916 2966 3981 afferens,
2996 3928 3145 3972 utne
3176 3918 3278 3972 hac
3310 3933 3529 3989 quoque

1946 4020 2100 4082 parte
2137 4010 2371 4065 inferius
2400 4010 2701 4079 quidquam
2737 4018 2892 4081 pater
2926 4008 3201 4063 sacrificio
3229 4009 3322 4063 illo
3358 4007 3528 4063 lsaari

1948 4104 2165 4158 habeat.
2204 4101 2405 4157 Verum
2444 4102 2547 4157 hoc
2574 4102 2861 4171 aliquanto
2891 4101 3157 4155 audacius
3186 4102 3389 4155 dictum
3428 4101 3530 4154 mi-

1949 4196 2162 4267 tigavit,
2196 4195 2427 4254 addens.
2467 4211 2530 4250 ex
2574 4194 2990 4265 pollicitatione.
3023 4192 3157 4247 Nam
3190 4193 3291 4249 etsi
3340 4194 3529 4262 unige-

1950 4290 2101 4344 nitus
2131 4305 2242 4342 non
2285 4296 2425 4349 erat,
2461 4298 2725 4357 quantum
2772 4285 2839 4339 ad
2890 4285 3250 4345 nativitatem,
3287 4285 3531 4353 quando-

1950 4380 2167 4450 quidem
2194 4384 2316 4447 post
2350 4393 2473 4431 eum
2499 4386 2553 4432 et
2576 4374 2848 4445 Gorgonia
2882 4384 2933 4429 et
2963 4374 3241 4429 Caesarius
3274 4390 3532 4444 procrea-

1955 4471 1993 4524 ti
2030 4477 2201 4526 sunt:
2239 4478 2442 4532 tamen,
2489 4468 2534 4522 si
2576 4467 2835 4538 promissi
2874 4465 3144 4521 rationem
3195 4475 3530 4536 spectemus,

1955 4561 2273 4632 unigenitus
2301 4569 2440 4614 erat.
2477 4562 2642 4616 Solus
2673 4560 2818 4615 enim
2852 4575 2917 4617 ex
2948 4561 3345 4629 pollicitatione
3376 4578 3403 4616 a
3439 4580 3535 4634 pa-

1884 4674 1927 4727 υ
1958 4654 2206 4708 rentibus
2258 4656 2579 4723 progenitus
2627 4661 2732 4716 est,
2776 4655 3236 4723 quemadmodum
3280 4654 3430 4711 Isaac
3467 4656 3535 4709 ab

278 4769 610 4824 Aliraliamo
647 4777 701 4822 et
733 4767 892 4821 Sara.
932 4766 1022 4821 Vel
1072 4766 1309 4823 fortasse
1356 4768 1696 4839 unigenitum
1756 4789 1816 4828 se
1852 4775 2009 4838 dicit,
2062 4770 2207 4844 quod
2258 4770 2410 4825 solus
2445 4770 2586 4839 patri
2618 4771 2863 4843 reliquus
2890 4782 3035 4828 esset
3063 4773 3187 4827 aliis
3216 4771 3401 4827 liberis
3419 4770 3534 4842 jam

267 4870 520 4919 extremo
551 4862 674 4915 vita:
701 4860 788 4915 die
823 4859 1143 4930 perfunctis.

341 5076 484 5132 Ibid.
521 5075 608 5130 12.
668 5073 867 5145 ’Υμεῖς
895 5115 908 5128 .
1048 5075 1397 5141 ἐπιϐούλως.
1442 5076 1679 5150 Τοιαύτη
1736 5081 1856 5149 μὲν,

269 5169 464 5241 φησιν,
507 5168 541 5236 ἠ
567 5166 663 5219 τοῦ
708 5164 915 5236 πατρὸς
960 5164 1325 5236 καρποφορία.
1367 5166 1459 5217 Δεῖ
1498 5164 1554 5217 δέ.
1586 5166 1680 5219 καὶ
1714 5166 1856 5236 ὑμᾶς

268 5260 648 5333 καρποφορεῖν
687 5256 767 5326 τῷ
811 5254 931 5325 Θεῷ
970 5256 1064 5308 καὶ
1108 5257 1241 5326 ἡμῖν
1286 5255 1384 5321 τὴν
1418 5255 1728 5309 εὐπείθειαν
1765 5261 1858 5311 καὶ

268 5361 334 5405 τὸ
369 5349 551 5411 καλῶς
593 5346 997 5417 ποιμαίνεσθαι.
1042 5344 1437 5416 Ποιμανθείητε
1487 5345 1533 5398 δ’
1559 5346 1625 5399 ἂν
1658 5347 1857 5411 καλῶς,

269 5448 357 5507 εἰς
399 5443 498 5513 μὲν
530 5441 629 5513 τὴν
673 5440 983 5511 πρακτικὴν
1019 5437 1239 5511 ἀρετὴν,
1271 5436 1460 5507 ὥσπερ
1492 5439 1571 5501 εἰς
1612 5438 1861 5508 μαλακήν

272 5553 399 5590 τινα
443 5535 536 5587 καὶ
575 5532 805 5604 χλοερὰν
844 5530 1067 5585 πεδιάδα
1104 5529 1608 5601 κατασκηνούμενοι
1630 5570 1643 5592 ,
1679 5529 1772 5582 καὶ
1801 5529 1860 5581 τὸ

274 5628 382 5697 τῆς
416 5626 595 5696 ψυχῆς
630 5625 933 5685 πιαίνοντες
968 5623 1276 5692 πρόσωπον.
1309 5622 1385 5692 Τῇ
1430 5621 1484 5675 δὲ
1526 5620 1725 5689 γνώσει
1765 5620 1858 5673 καὶ

275 5723 347 5790 τῇ
382 5717 586 5788 θεωρίᾳ
624 5716 716 5770 καὶ
763 5715 839 5786 τῷ
886 5715 1100 5785 ποτίμῳ
1146 5715 1255 5767 τῶν
1301 5712 1459 5766 θείων
1501 5711 1754 5784 Γραφῶν,
1784 5711 1859 5775 ὡς

279 5798 438 5868 ὕδατι
470 5810 829 5873 ἀναπαύσεως
858 5808 1267 5880 ἐκτρεφὸμενοι.
1300 5806 1375 5862 Οὐ
1418 5806 1575 5878 μόνον
1619 5805 1695 5872 δὲ,
1728 5803 1860 5859 ἀλλᾶ

2045 5061 2147 5116 Vos
2187 5071 2382 5127 autem,
2429 5070 2478 5114 et
2518 5058 2651 5124 Deo,
2705 5074 2753 5114 et
2808 5060 2977 5120 nobis,
3027 5061 3081 5113 id
3126 5062 3379 5125 muneris,
3427 5069 3533 5117 etc.

1955 5157 2134 5227 Atque
2179 5154 2519 5226 liujusmodi,
2569 5156 2767 5225 inquit,
2803 5163 2888 5210 est
2932 5158 3104 5227 patris
3151 5158 3260 5211 mei
3308 5157 3534 5211 oblatio.

1960 5246 2128 5303 Vobis
2167 5258 2346 5301 autem
2390 5246 2699 5302 faciendum
2743 5247 2908 5302 etiam
2946 5256 3051 5313 est,
3086 5257 3141 5302 ut
3187 5248 3316 5313 Dea,
3346 5260 3397 5302 et
3440 5264 3538 5302 no-

1958 5342 2066 5404 bis,
2111 5340 2439 5396 obedicntia:
2475 5356 2679 5395 munus
2724 5342 2988 5404 oﬂ'eratis,
3046 5352 3302 5410 recteque
3346 5357 3540 5411 pasca-

1962 5448 2103 5489 mus.
2136 5432 2192 5487 ld
2225 5448 2388 5502 porro
2426 5434 2865 5504 consequemini,
2900 5437 2945 5487 si
2986 5433 3040 5487 in
3068 5448 3130 5487 ca
3168 5434 3384 5494 virtute,
3414 5448 3539 5500 quae

1969 5528 2022 5582 in
2070 5527 2285 5581 actione
2318 5535 2590 5590 versatur,
2638 5537 2898 5597 tanquam
2933 5527 2986 5581 in
3031 5526 3178 5580 molli
3215 5525 3452 5596 quodam
3484 5533 3540 5578 et

1966 5621 2124 5675 viridi
2150 5636 2345 5691 campo
2370 5619 2651 5678 habitetis.
2676 5622 3024 5690 animamque
3051 5620 3334 5691 saginetis.
3354 5608 3540 5674 scien-

1968 5712 2040 5764 tia
2071 5721 2251 5766 autem
2283 5720 2337 5765 et
2368 5710 2743 5780 speculatione
2780 5725 2844 5764 ac
2877 5709 3187 5765 divinarum
3223 5708 3538 5777 Scriptura-

1969 5819 2091 5859 rnm
2148 5802 2403 5875 dulcibus
2448 5801 2670 5860 fluentis
2718 5811 2977 5877 tanquam
3030 5818 3169 5871 aqua
3226 5800 3540 5858 refectiouis
