4018 6296
505 269 612 324 9-67
1760 253 2062 310 NICETAS
2099 247 2499 306 SERBONIUS
3651 232 3749 287 968

504 385 842 450 eduoemin'i,
899 389 1153 452 recteque
1199 386 1476 450 pastorem
1532 374 1884 447 cognoscatis
1923 373 2018 443 (ne
2062 386 2133 436 a,

2234 371 2290 422 αὶ
2327 372 2417 422 τὸν
2444 365 2678 438 ποιμένα
2709 363 2889 424 καλῶς
2929 360 3310 431 γινώσκοντες,
3351 353 3491 407 ὥστε
3530 351 3603 420 μὴ
3627 352 3750 403 ἀπα.⁸

513 444 672 536 falsis
701 444 981 548 magistris
1028 444 1406 541 decipi-amitti,
1445 444 1622 537 atque
1651 468 1705 520 in
1747 465 1898 536 ipsos
1938 462 2094 532 quasi

2234 460 2392 512 ᾶσθαι
2425 457 2577 530 παρὰ
2639 455 2748 508 τῶν
2812 448 3330 524 ψευδοδιδασκάλων,
3379 444 3516 517 μηδὲ
3557 445 3758 512 περιπε-

515 575 572 626 in
616 537 865 643 pastores
908 565 1189 627 incidatis,
1227 577 1351 618 cum
1403 561 1553 615 fures
1591 558 1702 614 sint
1742 565 1796 612 et
1833 554 2097 621 latrones)

2234 570 2300 606 ττε
2311 570 2357 605 ιν
2397 552 2598 616 αὐτοῖς,
2617 551 2692 613 ὼς
2718 547 2960 620 ποιμέσι,
2988 545 3248 606 κλέπταις
3280 537 3398 596 οῦσι
3424 541 3520 594 καὶ
3533 539 3759 612 λῃσταῖς.

519 633 684 735 atque
729 678 760 716 a
811 671 1035 732 pastore
1080 652 1517 726 cognoscamiui,
1569 665 1682 704 non
1732 647 2101 702 admiscentes

2234 645 2314 698 ἰαὶ
2338 643 2726 713 γινωσκόμενοι
2758 637 2913 704 αὖθις
2937 639 3043 692 ὑπὸ
3067 637 3160 691 τοῦ
3193 635 3471 706 ποιμένος,
3504 633 3578 706 μὴ
3604 649 3763 703 πορσ-

518 727 733 812 εοίὶὶοθι
754 727 850 810 vos
881 751 1078 807 alienis
1112 747 1372 820 gregibus
1397 745 1548 815 (qua:
1580 757 1668 796 res
1699 738 2100 810 ignorationem

2234 736 2492 805 ιιγνύντες
2513 735 2752 806 δηλονότι
2770 735 2994 796 ἑαυτοὺς
3009 735 3118 796 τοῖς
3135 730 3437 800 ἀλλοτρίοις
3450 727 3767 800 θρέμμασιν,

517 858 576 903 et
602 860 844 902 errorem
879 843 1194 915 pastoribus
1233 836 1416 909 parit),
1447 849 1634 890 verum
1673 832 1826 902 signa
1859 838 1914 885 et
1945 837 2105 884 notas

2235 829 2264 897 ξ
2300 822 2374 882 ὧν
2401 831 2433 900 ἡ
2464 828 2655 896 ἄγνοια
2680 829 2792 888 τοῖς
2830 825 3053 895 ποιμέσι
3089 823 3317 892 γίνεται.
3362 820 3529 874 ’Λλλὰ
3567 820 3632 872 τά
3659 820 3770 872 sni-

517 935 978 991 circumferentes
1013 947 1152 1002 quas
1185 944 1350 983 verus
1385 934 1577 997 pastor
1613 924 1771 978 vobis
1810 920 1998 991 injecit
2026 928 2108 972 at-

522 1045 636 1100 que
674 1026 976 1097 impressit.
1025 1024 1100 1078 Ex
1145 1023 1444 1090 Evangelio
1484 1027 1664 1073 autem
1724 1017 1838 1070 haec
1892 1028 2109 1084 quoque

525 1119 942 1192 paraphrastice
975 1115 1284 1170 transtulit.
1326 1111 1596 1182 Cognosco
1648 1110 1788 1162 enim
1829 1123 1992 1169 meas,
2027 1105 2111 1158 in-

526 1213 645 1281 quit
687 1211 941 1265 Christus
969 1210 1035 1272 ¹“,
1081 1218 1129 1262 et
1165 1220 1452 1275 coguoscor
1480 1220 1512 1256 a
1559 1203 1686 1256 meis
1728 1215 1746 1252 :
1784 1215 1882 1269 per
1925 1197 2112 1268 cogni—

531 1302 736 1356 tionem
773 1299 1010 1354 fortasse
1036 1296 1350 1352 allinitatem
1379 1302 1433 1349 et
1453 1291 1916 1348 necessitudinem
1954 1288 2112 1342 intel-

533 1395 733 1462 ligens,
779 1391 940 1461 quasi
989 1391 1245 1445 diceret:
1297 1385 1412 1456 Ego
1457 1383 1868 1440 necessitudine
1910 1380 2115 1450 jungar

482 1545 486 1550 ,
528 1485 733 1539 ovibus
772 1483 931 1544 meis,
973 1489 1028 1537 et
1074 1481 1208 1550 ipsae
1255 1478 1388 1531 mihi
1427 1477 1744 1547 iungentur.
1797 1472 2112 1543 Sequamini

534 1582 820 1630 vocantem
853 1570 1198 1640 pastoralitcr
1227 1575 1281 1622 et
1315 1566 1504 1627 libere,
1541 1562 1594 1616 id
1622 1569 1728 1627 est,
1755 1561 1896 1614 citra
1930 1559 2116 1614 fucum

527 1675 590 1723 et
636 1672 861 1736 aperte,
924 1677 987 1716 ac
1027 1675 1126 1732 pro
1165 1665 1469 1730 potestate,
1517 1662 1578 1710 ut
1621 1663 1897 1725 pastorem
1940 1651 2116 1706 decet.

2209 939 2359 992 σημα
2389 921 2646 992 φέροντες
2667 919 2760 971 καὶ
2784 917 2910 981 τοὺς
2939 915 3316 988 χαρακτῆρας,
3346 911 3441 976 οῦς
3473 914 3502 965 ὁ
3539 910 3774 981 ἀληθινὸς

2209 1015 2412 1087 ποιμὴν
2460 1013 2588 1084 ὑμῖν
2634 1010 2964 1080 ἐπιϐέϐληκε
3000 1009 3094 1062 καὶ
3135 1005 3500 1060 ἐνετύπωσεν.
3556 1005 3648 1057 Ἐκ
3691 1003 3775 1058 τοῦ

2213 1105 2551 1176 Εὑαγγελίου
2574 1103 2631 1158 δὲ
2672 1103 2765 1158 καὶ
2793 1100 2967 1155 ταῦτα
2994 1099 3483 1171 παραπὲφρασται.
3510 1096 3780 1150 Γινὼσλω

2211 1198 2345 1269 γὰρ,
2399 1197 2562 1269 φησὶν
2607 1197 2640 1248 ὁ
2685 1194 2948 1268 Χριστὸς,
3005 1194 3077 1248 τὰ
3113 1193 3244 1263 ἐμὰ,
3286 1193 3383 1245 καὶ
3433 1190 3782 1260 γινώσκομαι

2213 1292 2330 1344 ὑπὸ
2363 1289 2482 1344 τῶν
2505 1289 2680 1360 ἐμῶν.
2734 1287 2940 1341 Γνῶσιν
2972 1286 3100 1352 ἴσως
3133 1285 3330 1354 λέγων,
3371 1284 3470 1356 τὴν
3501 1283 3782 1350 οἰκείωσιν,

2215 1384 2460 1436 τουτέστι
2479 1379 3045 1453 προσοικειωθήσομαι
3061 1381 3172 1441 τοῖς
3185 1375 3482 1447 προΰάτοις
3494 1377 3605 1437 τοῖς
3622 1374 3780 1442 ἐμοῖς,

2217 1477 2311 1530 καὶ
2337 1475 2475 1529 αὐτὰ
2510 1475 2632 1546 ἐμοὶ
2661 1472 3130 1544 οἱκειωθήσονται.
3172 1470 3468 1540 Ἑπόμενοι
3499 1468 3556 1520 δὲ
3591 1469 3682 1520 καὶ
3715 1467 3786 1538 τῷ

2219 1568 2473 1623 καλοῦντι
2510 1567 2844 1638 ποιμενικῶς
2874 1565 2968 1618 καλ.
3001 1563 3341 1634 ἐλευθερίως,
3375 1560 3654 1614 τουτέστιν
3673 1560 3785 1613 ἀδό-

2220 1662 2328 1725 λως
2359 1661 2454 1715 καὶ
2484 1661 2739 1731 φανερῶς
2765 1659 2859 1712 καὶ
2893 1656 3316 1724 ὲξουσιαστικῶς
3344 1655 3442 1708 καὶ
3476 1655 3554 1717 ὡς
3599 1653 3788 1707 ἐλευθέ-

535 1759 639 1814 Per
671 1732 890 1813 vostium
925 1764 1130 1816 autem,
1165 1754 1216 1808 id
1253 1760 1365 1815 est,
1415 1745 1512 1821 per
1543 1748 1871 1804 catholicam
1909 1745 2084 1799 doctri

2234 1771 2339 1824 ροις
2378 1753 2609 1824 πρέπον.
2645 1751 2742 1805 Διὰ
2771 1751 2872 1821 τῆς
2908 1749 3080 1821 Θύρας
3116 1749 3171 1802 δὲ
3192 1793 3206 1814 ,
3238 1750 3406 1818 ἤγουν
3456 1746 3546 1801 διὰ
3574 1747 3678 1799 τῶν
3702 1764 3790 1799 κα-

535 1869 688 1916 nam,
745 1867 866 1922 quae
912 1849 1169 1904 ﬁdelibus
1213 1846 1474 1900 omnibus
1521 1850 1709 1914 aperta
1755 1851 1859 1904 est,
1916 1853 1980 1892 ac
2027 1852 2123 1908 per

539 1947 712 2016 ipsam
751 1942 1116 2013 Scripturam,
1156 1956 1252 2010 per
1299 1954 1461 2012 quam
1505 1937 1573 1991 ad
1621 1935 1780 1990 ﬁdem
1817 1931 2124 1987 introduci-

543 2056 665 2096 mur
695 2058 710 2096 :
746 2039 829 2092 vel
865 2037 1028 2092 eliam
1064 2049 1159 2104 per
1187 2033 1492 2095 Christum,
1524 2029 1618 2100 qui
1647 2027 1827 2084 dixit:
1861 2024 1971 2096 Ego
2007 2040 2124 2078 sum

533 2131 736 2184 ostium
761 2129 826 2183 ".
875 2127 1131 2182 Alienum
1193 2133 1374 2180 autem
1427 2130 1481 2177 et
1531 2122 1848 2176 mendacem
1901 2118 2128 2172 minime

541 2216 869 2288 sequamini,
922 2215 1016 2285 qui
1073 2228 1183 2268 non
1232 2228 1329 2283 per
1374 2210 1650 2282 Evangelii
1700 2212 1840 2263 viam
1897 2208 2127 2272 incedit,

541 2327 644 2367 nec
694 2326 791 2380 per
835 2311 1077 2370 ostium,
1135 2308 1239 2361 hoc
1292 2314 1408 2369 est,
1463 2303 1746 2359 Christum
1799 2301 2126 2372 ingreditur,

543 2405 640 2460 sed
674 2403 991 2475 praedonum
1036 2414 1189 2454 more
1217 2413 1314 2468 per
1357 2397 1573 2452 caulam
1606 2394 1845 2466 prosilit.
1877 2392 2131 2464 Praeceps

545 2497 692 2552 enim
737 2504 790 2550 et
823 2497 1096 2549 violentus
1126 2502 1210 2548 est
1241 2491 1626 2546 hereticorum
1676 2490 1921 2544 omnium
1966 2488 2134 2558 impe-

549 2597 662 2651 tus,
705 2602 826 2649 uec,
875 2594 934 2639 ut
982 2584 1287 2654 disciplinae
1337 2584 1482 2638 ratio
1516 2581 1783 2653 postulat,
1816 2597 1914 2652 per
1955 2580 2134 2651 legiti-

549 2695 699 2735 mum
741 2682 942 2734 ostium
978 2678 1044 2732 ad
1099 2677 1258 2732 ﬁdem
1292 2685 1346 2732 et
1383 2675 1685 2730 Ecclesiam
1723 2673 2131 2745 ingrediuntur.

624 2769 737 2834 Nec
769 2781 1041 2824 externam
1076 2785 1249 2824 uocem
1301 2765 1557 2830 audiatis,
1605 2765 1980 2834 stt/furantem,
2025 2770 2131 2817 etc.

549 2864 700 2919 Dixit
733 2863 987 2920 Christus
1023 2862 1079 2916 in
1111 2860 1405 2931 Evangelio
1435 2877 1450 2914 :
1500 2858 1636 2914 Oves
1673 2873 1800 2912 mete
1837 2857 2136 2911 alienorum

550 2973 724 3011 vocem
755 2973 859 3011 non
893 2962 1088 3009 norunt
1114 2953 1182 3006 ¹⁸.
1218 2952 1338 3006 Illic
1377 2951 1545 3022 igitur
1573 2955 1857 3004 mutuatus
1899 2947 2138 3004 Theolo—

553 3067 677 3122 gus.
733 3054 837 3104 hoc
879 3050 1002 3104 loco
1031 3048 1128 3114 ait,
1162 3063 1264 3103 nec
1304 3054 1588 3102 externam
1619 3060 1812 3100 vocem
1854 3045 2090 3099 audiatis
2119 3061 2134 3097 :

2225 1844 2452 1898 θολικῶν
2467 1841 2886 1914 δογμάτων,τῶν
2903 1841 3073 1894 ἅπασι
3088 1842 3297 1902 πιστοῖς
3310 1839 3788 1908 ἀναπεπταμένων,

2225 1937 2320 1990 καὶ
2345 1935 2410 1988 δι’
2427 1936 2596 2006 αὐτῆς
2613 1936 2712 2006 τῆς
2738 1933 2980 2006 Γραφῆς,
3003 1932 3068 1986 δι’
3087 1929 3155 2004 ἧς
3179 1935 3258 1995 εἰς
3270 1930 3369 2003 τὴν
3385 1931 3571 1984 πίστιν
3591 1931 3788 1999 εἰσαγό-

2231 2027 2390 2100 μεθα.
2423 2027 2493 2080 Ἢ
2531 2028 2627 2080 καὶ
2668 2025 2756 2080 διὰ
2788 2025 2880 2078 τοῦ
2911 2022 3147 2096 Χριστοῦ
3190 2023 3285 2077 τοῦ
3322 2024 3609 2087 εἰπόντος·
3661 2023 3791 2093 Ἐγώ

2225 2123 2340 2190 εἰμι
2365 2120 2402 2187 ἠ
2421 2121 2588 2188 θύρα.
2633 2117 2920 2189 ’Λλλοτρίῳ
2947 2117 3004 2170 δὲ
3035 2119 3128 2171 καὶ
3151 2116 3544 2188 ψευδοποιμένι
3585 2117 3656 2188 μὴ
3677 2117 3789 2170 ἀκο-

2227 2213 2564 2277 λουθοῦντες,
2614 2213 2762 2275 ὅστις
2808 2211 2869 2265 οὐ
2906 2210 2992 2265 διὰ
3023 2211 3125 2282 τῆς
3164 2209 3258 2263 τοῦ
3311 2210 3652 2282 Εύαγγελίου
3686 2211 3792 2265 ὁδοῦ

2231 2304 2544 2377 πορεύεται,
2588 2303 2710 2356 οὐδὲ
2735 2301 2826 2355 διὰ
2853 2303 2951 2374 τῆς
2993 2301 3160 2374 θύρας
3198 2301 3438 2374 Χριστοῦ
3475 2303 3791 2374 εἰσέρχεται,

2231 2397 2366 2451 ἀλλά
2401 2395 2708 2470 λῃστρικῶς
2750 2395 2840 2448 διὰ
2893 2393 3062 2464 αύλῆς
3112 2395 3424 2466 ὑπερπηδᾷ.
3476 2395 3656 2449 Βίαιον
3700 2393 3793 2466 γάρ

2235 2488 2380 2543 ἅπαν
2410 2487 2520 2540 τῶν
2550 2485 2874 2558 ἑτεροδόξων
2898 2485 2959 2538 τὸ
2987 2487 3130 2558 ὄρμη
3140 2504 3236 2557 μα,
3264 2488 3360 2542 καὶ
3390 2488 3452 2542 ού
3492 2487 3634 2542 κατὰ
3661 2485 3793 2551 τάξιν

2229 2578 2322 2632 διὰ
2364 2579 2464 2649 τῆς
2502 2579 2736 2650 νομίμου
2781 2577 2952 2650 θύρας
2983 2579 3018 2648 ἡ
3063 2577 3199 2648 πρὸς
3231 2577 3329 2650 τὴν
3364 2579 3552 2634 πίστιν
3585 2580 3674 2632 καὶ
3710 2579 3793 2651 τὴν

2247 2673 2572 2744 Ἐκκλησίαν
2597 2672 2822 2738 εἴσοδος,

2305 2766 2426 2820 Col.
2474 2765 2573 2820 401
2621 2766 2664 2820 Α
2699 2767 2749 2822 l.
2798 2765 2967 2836 Μηδέ
3019 2765 3480 2836 ξένης...ἀμήν.
3530 2768 3794 2840 Εἴρηκενὸ

2237 2857 2472 2930 Χριστὸς
2501 2859 2558 2912 ὲν
2584 2856 2663 2928 τῷ
2709 2858 3049 2929 Εύαγγελίῳ,
3083 2859 3165 2913 ὃτι
3206 2860 3280 2914 Τὰ
3314 2862 3584 2927 πρόϐατα
3612 2863 3679 2913 τὰ
3703 2859 3795 2928 ἐμὰ

2238 2952 2350 3004 οὐκ
2379 2950 2576 3004 οἴδασι
2600 2951 2718 3004 τῶν
2759 2951 3092 3021 ἀλλοτρίων
3140 2951 3252 3021 τὴν
3293 2952 3530 3022 φωνήν.
3587 2951 3794 3006 Ἐκεῖθεν

2240 3038 2333 3097 οὖν
2360 3043 2539 3097 λαὸὼν
2576 3044 2605 3096 ὁ
2636 3043 2894 3112 Θωλὸγος
2929 3045 3090 3115 φησὶν
3135 3044 3392 3111 ἐνταῦθα,
3434 3047 3518 3100 ὅτι
3547 3046 3689 3116 Μηδὲ
3715 3044 3796 3113 τῆς

548 3103 678 3213 ἦ.ιῶ
721 3141 939 3213 quidem
995 3103 1214 3194 furatur
1259 3145 1314 3194 et
1359 3137 1586 3209 decipit,
1640 3145 1808 3208 atque
1837 3138 1907 3192 ah
1937 3152 2045 3190 una
2089 3145 2133 3192 et

2245 3135 2403 3206 ξένης
2443 3137 2628 3206 φωνῆς
2679 3103 3077 3209 datadata-ﬁet;
3126 3139 3461 3194 ὑποκλέπτει
3503 3140 3597 3194 καὶ
3623 3103 3796 3208 ,ἀπατᾷ

555 3235 782 3289 uniente
826 3233 1055 3286 veritate
1106 3231 1161 3286 in
1212 3231 1462 3288 diversas
1511 3230 1802 3300 opiniones
1851 3230 2139 3300 dispergit,

553 3343 679 3398 qua:
708 3325 924 3396 quidem
965 3323 1035 3378 ob
1089 3323 1452 3394 acclivitalem
1505 3331 1721 3378 montes
1767 3322 2145 3392 metaphorice

550 3419 842 3482 dicuntur,
909 3417 982 3472 ob
1026 3417 1370 3472 sterilitatem
1416 3423 1600 3470 autem
1666 3415 2015 3478 solitudines,
2073 3415 2144 3469 ob

556 3507 856 3578 praecipitia
885 3513 1062 3560 autem
1101 3506 1380 3562 barathra.
1421 3504 1554 3560 Illud
1593 3520 1739 3570 vero,
1770 3504 1966 3566 Locos,
2007 3520 2145 3575 quos

556 3615 670 3654 non
713 3599 899 3653 risitat
933 3597 1224 3662 Dominus,
1255 3597 1439 3652 omnia
1477 3613 1602 3668 quae
1633 3599 1778 3653 dicta
1810 3605 1940 3652 sunt
1969 3596 2146 3668 expli-

556 3699 670 3746 cat.
712 3689 809 3744 liic
843 3699 1023 3744 autem
1058 3690 1210 3745 locus
1245 3689 1477 3744 habetur
1530 3689 1584 3744 in
1631 3689 1944 3744 Proverbiis
1991 3689 2146 3742 Salo-

560 3783 743 3836 monis
773 3800 787 3835 :
825 3782 930 3847 Qui
955 3782 1095 3834 enim
1123 3780 1332 3834 oberrat
1363 3782 1416 3835 in
1465 3781 1652 3849 portis,
1693 3781 2054 3840 demorabitur
2089 3781 2146 3834 in

561 3873 715 3935 locis,
749 3889 878 3943 quos
906 3889 1008 3925 non
1043 3873 1220 3926 viritat
1244 3870 1521 3928 .Eternus.
1551 3869 1670 3924 Jam
1697 3871 2011 3940 liujnsmodi
2042 3887 2145 3925 vox

565 3965 946 4020 haereticorum
985 3964 1238 4018 homines
1287 3979 1318 4018 a
1357 3979 1487 4018 sana
1525 3963 1776 4018 doctrina
1815 3972 1870 4018 et
1895 3963 2002 4020 ﬁde
2047 3964 2147 4019 ab-

565 4059 741 4118 ducit,
769 4072 891 4126 quze
919 4063 1006 4110 est
1055 4056 1109 4111 in
1152 4065 1400 4112 sanctam
1434 4055 1760 4111 Trinitatem
1798 4075 1810 4110 :
1848 4073 2012 4127 quam
2046 4073 2146 4111 vo—

567 4164 687 4203 cem
724 4163 873 4204 sanaa
921 4149 1188 4203 doctrinae
1225 4164 1357 4204 oves
1391 4164 1524 4206 meae
1569 4165 1792 4220 semper
1833 4150 2146 4210 audierunt.

565 4249 734 4308 atque
767 4240 972 4294 utinam
1003 4241 1250 4294 audiant.
1296 4238 1646 4310 Depraadatur
1674 4242 1804 4296 item
1842 4256 1941 4294 vox
1973 4240 2147 4294 haere-

569 4335 700 4393 tica,
742 4330 797 4385 id
822 4342 925 4394 est,
957 4334 1104 4388 velut
1147 4332 1320 4403 spolia
1350 4332 1558 4402 diripit,
1591 4347 1656 4386 ac
1683 4348 1779 4402 per
1809 4332 2148 4388 adulterinos

2245 3228 2338 3279 xui.
2363 3227 2731 3298 διασκορπίζει
2765 3227 2871 3281 ἀπὸ
2896 3228 2992 3300 τῆς
3025 3229 3154 3299 μιᾶς
3171 3229 3269 3282 καὶ
3298 3229 3548 3285 ὲνοποιοῦ
3572 3230 3801 3302 ἀληθείας

2245 3322 2324 3384 είς
2344 3319 2632 3391 διαφόρους
2651 3319 2808 3386 δόξας
2825 3337 2839 3350 ⁸
2866 3322 3065 3384 αἵτινες
3092 3322 3236 3390 δόξαι
3251 3322 3338 3375 διὰ
3369 3325 3469 3394 μὲν
3496 3325 3555 3378 τὸ
3580 3326 3797 3388 ἄναντες,

2243 3414 2346 3483 ὅρη
2373 3412 2619 3482 λέγονται
2649 3413 2923 3484 τροπικῶς
2942 3431 2954 3444 ·
2984 3413 3069 3468 διὰ
3103 3414 3158 3468 δὲ
3187 3415 3246 3467 τὸ
3266 3415 3542 3487 ἄκαρπον,
3564 3417 3795 3488 ἐρημίαιο

2241 3503 2332 3557 διὰ
2367 3503 2422 3558 δὲ
2473 3503 2533 3558 τὸ
2581 3505 2917 3576 κρημνῶδες,
2955 3505 3226 3578 βάραθρα.
3253 3508 3325 3561 Τὸ
3355 3509 3434 3575 δὲ,
3469 3512 3578 3565 Καὶ
3605 3511 3797 3575 τόπους,

2245 3594 2338 3660 οῦς
2366 3599 2467 3650 οὐκ
2492 3597 2782 3650 ἐπισκοπεῖ
2808 3597 3030 3669 Κύριος,
3055 3599 3163 3650 τῶν
3192 3599 3468 3670 ῥηθέντων
3486 3605 3798 3673 ἑφερμηνευ-

2245 3688 2396 3742 τικόν
2425 3690 2588 3741 ἐστιν.
2621 3688 2889 3760 Εϊληπται
2920 3689 2977 3742 δὲ
3015 3689 3077 3741 τὸ
3124 3692 3288 3762 ῥητὸν
3329 3693 3439 3748 ἀπὸ
3475 3694 3580 3747 τῶν
3625 3695 3799 3765 Παροι-

2250 3780 2388 3851 μιῶν
2437 3779 2798 3851 Σολομῶντος.
2865 3781 2929 3835 ὀ
2987 3781 3378 3852 πλανώμενος
3429 3785 3575 3855 γὰρ,
3629 3787 3799 3858 φησὶν,

2245 3875 2316 3927 ἐν
2352 3875 2593 3940 πύλαις,
2623 3876 3058 3940 αὑλισθήσεται
3080 3875 3150 3930 ἐν
3182 3877 3407 3945 τόποις,
3448 3877 3538 3945 οἷς
3563 3882 3668 3933 οὐκ
3697 3879 3801 3932 tiat-

2247 3966 2558 4020 σκοπεῑται
2597 3969 2629 4020 ό
2681 3965 2944 4032 Αίὼνιος.
2989 3968 3052 4020 'll
3091 3969 3312 4042 τοιαύτη
3359 3971 3468 4025 τῶν
3513 3971 3800 4044 ἑτεροδόξων

2249 4058 2420 4128 φωνὴ,
2471 4060 2672 4126 ἀπάγει
2709 4059 2806 4127 μὲν
2833 4060 2942 4114 ἀπὸ
2977 4061 3076 4132 τῆς
3112 4062 3299 4129 ὑγιοῦς
3339 4064 3594 4128 πίστεως,
3623 4065 3711 4136 τῆς
3735 4065 3798 4126 εἰς

2247 4149 2346 4218 τὴν
2371 4149 2531 4216 ἁγίαν
2557 4149 2782 4220 Τριάδα,
2814 4145 2883 4222 ἦς
2925 4151 3158 4222 ἤκουσεν
3193 4153 3279 4205 ἀεὶ
3329 4155 3532 4227 φωνῆς,
3564 4155 3658 4226 τῆς
3694 4153 3800 4223 περὶ

2247 4239 2347 4307 τῆς
2373 4237 2560 4306 ὑγιοῦς
2596 4239 2794 4310 δηλαδὴ
2825 4240 3081 4304 πίστεως,
3112 4241 3180 4296 τὰ
3207 4243 3316 4313 ἐμὰ
3341 4246 3800 4316 πρόδατα.Γένοιτο

2247 4328 2421 4382 δὲκαὶ
2456 4330 2694 4384 ἀκούειν.
2743 4331 3054 4402 Συλαγωγεί
3098 4333 3172 4406 (1)
3219 4335 3277 4388 δὲ
3319 4337 3352 4406 ἠ
3391 4337 3502 4390 τῶν
3541 4335 3798 4410 αἱρετικὼν

566 4429 625 4476 et
654 4422 932 4492 improbos
983 4438 1290 4491 sermones,
1322 4439 1418 4480 eos
1447 4425 1540 4494 qui
1578 4425 1948 4495 simpliciores
1996 4435 2133 4480 sunt.

2254 4421 2424 4494 φωνὴ,
2457 4424 2734 4477 τουτέστιν
2781 4425 2856 4490 ὡς
2887 4425 3102 4497 λάφυρα
3148 4427 3436 4500 διαρπάζει
3489 4431 3581 4485 καὶ
3625 4430 3796 4496 ἀπάγει

569 4531 602 4568 a
632 4513 857 4569 Christo
895 4516 1093 4570 avertit
1134 4525 1188 4572 et
1225 4529 1463 4588 separat,
1509 4519 1602 4588 qui
1644 4534 1805 4573 verus
1839 4525 1895 4573 et
1938 4519 2133 4588 primus

2254 4517 2381 4580 τοὺς
2414 4517 2833 4590 ἁπλουστέρους,
2898 4517 3075 4588 λόγοις
3130 4523 3478 4592 παρασήμοις
3527 4523 3616 4577 καὶ
3645 4519 3796 4574 ἀδοκί-

568 4615 658 4662 cst
703 4617 933 4676 pastor:
985 4610 1199 4679 primus
1234 4611 1479 4680 quidem,
1528 4611 1658 4680 quia
1707 4611 1815 4664 dux
1867 4619 1921 4666 et
1966 4622 2133 4665 ant-Io

2259 4625 2380 4679 μοις
2418 4609 2679 4675 (τοιοῦτον
2718 4610 2827 4680 γὰρ
2880 4612 2940 4664 τὸ
2987 4611 3260 4682 κίϐδηλον)
3283 4653 3297 4676 ,
3350 4615 3443 4667 καὶ
3471 4614 3679 4686 χωρίζει
3712 4609 3798 4663 ἀπὸ

575 4698 698 4754 ﬁdei
733 4712 935 4755 nostrae
965 4700 1149 4755 dictus
1179 4710 1265 4755 est
1290 4701 1354 4766 ",

1411 4701 1819 4771 perfectamque
1851 4704 2133 4758 doelrinan

2256 4701 2492 4772 Χριστοῦ
2521 4703 2616 4756 τοῦ
2648 4702 2902 4772 ἀληθινοῦ
2923 4705 3019 4756 καὶ
3049 4704 3267 4778 πρώτου
3297 4708 3577 4778 ποιμένοςο
3613 4705 3795 4777 πρῶτον

575 4793 896 4862 auspicatus
923 4803 1008 4848 est
1036 4812 1048 4847 :
1087 4809 1253 4848 verus
1298 4801 1502 4854 autem,
1529 4795 1602 4846 oh
1637 4795 2133 4850 excellentissiman

2262 4796 2382 4866 μὲν,
2413 4796 2494 4848 ὅτι
2533 4796 2696 4858 αὐτὸς
2733 4796 2973 4866 ἀρχηγὸς
3011 4797 3112 4868 τῆς
3153 4797 3386 4861 πίστεως
3425 4801 3554 4871 ἡμῖν
3587 4795 3798 4868 ἐχρημά-

578 4885 998 4955 perfectionem.
1033 4885 1210 4956 Atque
1236 4901 1301 4940 ex
1333 4885 1595 4956 Apostolo
1627 4886 1738 4940 haec
1767 4902 1988 4957 quoque
2018 4904 2164 4944 sum-

2259 4906 2374 4942 τισε
2398 4889 2490 4942 καὶ
2523 4889 2621 4960 τῆς
2657 4890 2870 4953 τελείας
2907 4889 3143 4961 κατῆρξε
3173 4890 3546 4956 διδασκαλίας·
3580 4882 3797 4958 ἀληθινοῦ

581 4989 674 5047 pta
713 4985 863 5032 sunt.
901 4977 1108 5033 Scribit
1141 4981 1286 5033 enim
1329 4979 1392 5031 ad
1428 4979 1828 5036 Colossenses:
1871 4981 2052 5036 Videte
2101 4999 2132 5034 η

2258 4980 2335 5042 δὲ,
2364 4979 2451 5033 διὰ
2480 4981 2539 5034 τὸ
2555 4982 2756 5052 κυρίως
2777 4981 2870 5034 καὶ
2895 4980 3018 5035 καθ’
3038 4983 3332 5054 ὑπεροχήν.
3366 4984 3458 5037 Ἐκ
3472 4983 3526 5036 δὲ
3552 4982 3634 5036 τοῦ
3668 4983 3796 5034 Ἀπο-

579 5071 698 5140 quis
725 5087 812 5124 vos
835 5071 1161 5138 depm’detur
1188 5072 1716 5142 per'pliilosopltfam,
1742 5085 1790 5128 et
1819 5075 2029 5128 inanem
2059 5074 2165 5144 [al-

2263 5071 2450 5124 στόλου
2484 5071 2579 5126 καὶ
2613 5071 2788 5126 ταῦτα
2820 5071 3049 5144 ἐλήφθη.
3080 5073 3286 5145 Γράφει
3313 5074 3423 5147 γὰρ
3451 5069 3791 5128 Κολοσσαεῦσν

581 5161 778 5216 iaciam
795 5162 864 5214 ‘°.
886 5161 1174 5215 Externum
1195 5163 1358 5232 igitur
1377 5165 1773 5236 philosophiam
1791 5176 2016 5220 sanctus
2035 5165 2133 5218 l’at

2263 5163 2543 5229 Βλέπετε,
2562 5163 2744 5233 μήτις
2767 5162 2917 5234 ὑμᾶς
2944 5165 3116 5219 ἕσται
3148 5170 3180 5220 ό
3207 5165 3567 5236 συλαγωγῶν
3594 5163 3681 5217 διὰ
3709 5159 3795 5225 τῆς

583 5255 912 5310 lusinanem
945 5253 1216 5308 fallaciam
1251 5258 1552 5310 nominavit
1582 5275 1595 5310 :
1623 5256 1936 5328 Theologus
1960 5269 2161 5324 autem,

2263 5256 2629 5326 φιλοσοφίας
2649 5256 2747 5310 καὶ
2765 5256 2950 5324 κενῆς
2961 5256 3217 5324 ἀπάτης.
3243 5259 3354 5330 Τὴν
3381 5259 3484 5325 ἔξω
3499 5253 3586 5310 οὗν
3620 5252 3796 5323 otioso-

585 5363 870 5404 sermones
918 5347 1258 5404 adulterinos
1305 5359 1359 5403 et
1411 5356 1722 5416 corruptos.
1789 5349 1985 5406 Postea
2037 5363 2133 5405 τοι.

2269 5350 2396 5418 φίαν
2427 5352 2456 5402 ὁ
2487 5351 2583 5420 μὲν
2643 5351 2796 5419 ἅγιος
2850 5349 3062 5415 Παῦλος
3089 5350 3250 5422 κενὴν
3293 5353 3504 5423 ἀπάτην
3530 5349 3791 5418 ὠνόμασεν·

585 5439 889 5493 orationem
920 5439 1220 5493 concludit.
1262 5439 1425 5510 Optat
1451 5438 1592 5493 enim
1629 5449 1686 5492 ut
1721 5450 1968 5509 pastoies
1999 5451 2125 5510 atqu

2267 5443 2296 5494 ὁ
2343 5443 2402 5496 δὲ
2434 5442 2710 5512 Θεολόγος,
2739 5443 2932 5512 λόγους
2961 5446 3552 5518 παρακεχαραγμένους
3590 5441 3670 5496 καὶ
3703 5437 3792 5489 διε·

663 5585 704 5614 ¹⁶
731 5583 888 5641 Joan.
933 5602 995 5650 x,
1031 5586 1116 5642 Η.
1195 5587 1234 5617 ’⁷
1271 5585 1404 5640 ibid.
1455 5585 1504 5637 7.
1585 5587 1626 5617 "'
1660 5587 1793 5640 ihid.
1965 5591 2005 5622 ’ί
2039 5589 2200 5645 Hebr.
2237 5607 2333 5657 xu,
2357 5592 2411 5646 9..
2491 5593 2536 5624 ²⁶
2571 5593 2689 5650 Col.
2717 5599 2776 5661 il,
2805 5594 2858 5650 8.
2926 5629 2928 5631 -

660 5696 941 5783 (Aliiithic
969 5707 1018 5753 cl
1069 5699 1229 5770 paulo
1259 5696 1489 5754 inferius
1537 5699 1588 5754 iu
1640 5701 1758 5755 loco
1789 5701 2017 5757 Paulino
2083 5707 2520 5778 suprastriptum
2579 5708 2851 5781 reperitur
2914 5710 3103 5780 primae
3155 5711 3374 5783 syllaba:
3420 5713 3632 5767 alterum
3682 5706 3706 5758 λ
3747 5701 3788 5756 in

590 5773 714 5824 τού.
751 5782 801 5822 ι.
