4018 6296
163 330 267 387 9‘73

1319 327 1407 381 AD
1437 326 1498 383 ε.
1539 326 1868 385 GBEGORII
1905 328 2109 385 ORAT.
2142 327 2229 384 XI.

3291 331 3395 386 971

161 442 231 509 ὡς
271 444 389 497 ἐκεῖ
445 441 651 511 Ἀαρών
706 440 799 512 (1).
848 443 957 495 Καὶ
1006 444 1034 496 ὀ
1086 443 1184 514 μὲν
1225 444 1396 515 μέγας
1432 443 1728 509 Βασίλειος,

1843 445 1898 499 ad
1931 462 2052 500 eum
2081 447 2284 500 dictum
2308 452 2392 500 est
2417 463 2428 499 :
2454 444 2587 498 Ecre
2616 445 2736 498 dedi
2761 454 2810 498 te
2842 443 3005 498 Deum
3033 442 3305 498 Pharaoni
3324 447 3393 507 ³⁸,

163 535 288 599 Θεὸς
315 534 409 588 τοῦ
436 532 628 605 νοητοῦ
662 533 878 604 Φαραὼ,
916 534 991 597 ὡς
1015 534 1044 586 6
1070 534 1307 605 Μωῦσῆς
1330 534 1422 588 τοῦ
1451 535 1731 605 αἰσθητοῦ.

164 629 361 701 Εἴρητο
411 628 485 694 (9.)
534 626 640 698 γὰρ
678 627 813 699 πρὸς
864 628 1022 681 αὐτὸν
1069 629 1126 679 ἐν
1162 631 1227 698 τῇ
1275 626 1468 698 Ἐξόδῳ
1493 645 1507 659 ο
1555 627 1733 692 Ἰδοὺ,

162 718 387 773 δέδωκά
428 734 502 772 σε
552 716 700 770 Θεὸν
763 717 990 785 Φαραὼ,
1041 719 1207 788 ἤγουν
1245 719 1626 790 ἐχειροτόνησα
1654 735 1734 772 σε.

175 808 233 864 Ὀ
284 811 360 879 (3)
401 809 616 880 Ἰσραὴλ
645 809 699 862 δὲ
740 810 954 878 νοητὸς,
989 810 1016 861 6
1047 809 1273 881 εὐσεϐὴς
1305 809 1450 872 λαὸς,
1488 804 1548 863 οὐ
1583 810 1738 879 προῖ-

165 918 325 953 στατο
372 902 400 954 6
454 898 593 962 θεῖος
645 899 937 963 Βασίλειος,
968 901 1059 953 καὶ
1106 894 1150 968 ᾧ
1191 900 1515 968 ἐνομοθέτει.
1557 899 1735 969 Νεφέ-

162 992 225 1063 λη
274 992 353 1053 δὲ,
386 994 418 1060 ἡ
454 990 548 1043 τοῦ
578 990 804 1062 νομικοῦ
850 992 1176 1062 γράμματος
1211 989 1489 1060 παχύτης,
1549 984 1610 1044 οὐ
1654 990 1730 1061 (4)

163 1082 299 1135 είσω
342 1081 537 1153 χωρῶν
586 1082 663 1153 (5)
719 1085 782 1153 τῇ
826 1082 1035 1152 διανοίᾳ
1068 1081 1353 1135 ἐπώπτευε
1383 1080 1453 1134 τὰ
1479 1080 1597 1135 θεῖα
1631 1098 1735 1152 μυ-

167 1174 386 1243 στήρια,
431 1173 499 1226 τὰ
552 1174 837 1246 ἀπόρρητα
875 1176 989 1236 τοῖς
1036 1173 1249 1237 ἄλλοις,
1279 1174 1373 1226 κα).
1417 1172 1737 1244 ἐμυσταγώ-

163 1276 297 1328 γησε
338 1260 417 1331 (6)
464 1260 633 1313 ταῦτα
665 1261 963 1314 διδάσκωνο
1002 1261 1034 1332 ἢ
1060 1262 1136 1326 ὡς
1168 1263 1248 1323 είς
1280 1262 1529 1333 νεφέλην,
1560 1264 1640 1326 είς
1667 1262 1736 1316 τὰ

164 1351 331 1405 ἄδυτα
377 1351 470 1404 τοῦ
512 1352 828 1424 Πνεύματος
884 1353 1056 1424 εἰσῄει
1110 1354 1202 1406 καὶ
1257 1353 1429 1406 ταῦτα
1488 1352 1733 1424 ἐθεώρει.

166 1443 345 1513 Σκηνὴ
366 1443 424 1495 δὲ
447 1444 480 1513 ἡ
502 1444 599 1514 μὲν
615 1444 832 1515 νομικὴ,
860 1446 1063 1515 τυπική
1087 1462 1171 1508 τις
1197 1441 1286 1513 ἦν,
1308 1446 1374 1515 ἢν
1400 1445 1737 1515 ἐτεχνίτευσε

169 1534 266 1604 μὲν
323 1534 618 1604 Βεσελεὴλ,
673 1535 911 1606 ἐπήξατο
958 1535 1014 1588 δέ
1048 1536 1307 1604 Μωῦσῆς.
1373 1535 1622 1607 ’Λληθινὴ
1680 1536 1738 1589 δὲ

165 1625 361 1696 σκηνὴ,
398 1625 541 1679 καθά
571 1643 733 1695 φησιν
766 1630 793 1680 6
839 1627 1186 1690 Ἀπόστολος,
1228 1630 1261 1697 ἡ
1308 1628 1600 1698 Ἐκκλησία
1629 1628 1737 1681 τῶν

168 1714 524 1787 Χριστιανῶν.
556 1719 746 1794 Ἰερεῖς
766 1717 822 1769 δὲ
868 1718 1165 1789 ἀμφότεροι
1185 1737 1198 1750 ο
1232 1719 1329 1772 καὶ
1355 1720 1384 1770 6
1434 1720 1532 1790 μὲν
1562 1719 1735 1790 μέγας

1838 537 2049 592 scilicet
2079 536 2325 592 ordiuavi
2359 543 2431 591 te.
2490 537 2654 592 Israel
2706 544 2885 591 autem
2921 536 3245 606 spiritualis,
3275 540 3400 608 pius

1836 630 2091 700 populus,
2125 630 2211 685 cui
2243 640 2472 700 prmerat
2501 644 2734 699 magnus
2768 627 3023 695 Basilius,
3050 637 3104 684 et
3139 631 3297 700 cujus
3323 632 3400 685 Ie-

1835 719 2059 789 gislator
2111 727 2252 775 erat.
2304 717 2530 781 Nubes,
2579 717 2767 786 legalis
2824 718 3019 772 litterae
3070 718 3399 780 crassitudo,

1835 825 1997 880 quam
2051 810 2324 865 intellectu
2367 810 2674 880 ingrediens
2704 809 2886 863 divina
2918 810 3151 879 inspexit
3194 820 3399 880 myste-

1837 900 1939 962 ria,
1987 901 2110 955 aliis
2169 898 2427 963 nefanda,
2465 899 2810 968 initiavitque
2861 897 2976 953 htec
3024 898 3264 964 docens;
3318 899 3401 952 vcl

1836 991 1978 1046 sicut
2013 991 2068 1045 in
2098 991 2321 1055 nubem,
2355 992 2410 1044 in
2437 989 2593 1060 adyta
2614 988 2855 1058 Spiritus
2872 990 3196 1059 penetravit,
3231 1004 3405 1058 eaque

1835 1083 2241 1152 contemplatus
2294 1089 2399 1137 est.
2452 1079 2888 1135 Tabernaculum
2934 1081 3151 1150 quidem
3209 1080 3399 1149 legale,

1836 1175 2184 1244 allegoricum
2212 1174 2483 1244 quoddam
2506 1181 2645 1238 erat,
2673 1171 2819 1243 quod
2850 1172 3121 1227 exstruxit
3142 1170 3402 1233 Beseleel,

1837 1264 2144 1334 direxitque
2174 1264 2387 1335 Moyses
2426 1264 2490 1316 ³⁸.
2520 1262 2722 1317 Verum
2758 1273 2936 1317 autem
2971 1262 3403 1324 tabernaculum,

1838 1363 1897 1409 ut
1933 1357 2010 1410 ait
2034 1356 2332 1426 Apostolus
2366 1356 2431 1421 ³⁷,
2469 1354 2913 1410 Christianorum
2939 1352 3209 1408 Ecclesia.
3233 1354 3408 1407 Ambo

1838 1456 2016 1502 autem
2051 1447 2363 1503 sacerdotes
2398 1468 2409 1503 :
2443 1463 2673 1518 magnus
2698 1447 2911 1517 quidem
2943 1446 3179 1500 Basilius
3227 1460 3411 1500 sacer-

1838 1537 2025 1591 dotum
2079 1537 2354 1607 princeps,
2394 1547 2455 1592 et
2493 1546 2721 1591 caeteros
2776 1552 2872 1605 per
2917 1534 3223 1606 Nyssenum
3275 1532 3408 1587 diri-

1838 1644 1990 1699 gens,
2027 1629 2431 1698 propitiumque
2480 1629 2558 1683 ris
2618 1626 2785 1681 Deum
2825 1625 3097 1690 eﬂiciens;
3126 1622 3409 1695 Nyssenus

1840 1728 2016 1773 autem
2053 1730 2175 1789 post
2224 1735 2478 1789 magnum
2508 1718 2765 1772 Basilium
2811 1718 3037 1787 primus.
3076 1715 3139 1771 Et
3176 1715 3321 1785 quod
3354 1715 3410 1768 in

167 1808 444 1873 Βασίλειος
473 1793 702 1879 ἔξαρχος
733 1809 842 1862 τῶν
870 1810 1083 1881 ἱερέων,
1115 1810 1207 1863 καὶ¹
1234 1810 1616 1879 μυσταγωγῶν
1646 1810 1736 1864 διὰ

1843 1809 2025 1871 Exodo
2058 1812 2263 1865 dictum
2312 1819 2395 1865 est
2428 1811 2494 1865 ad
2525 1812 2749 1880 Moysen
2803 1809 2868 1863 de
2896 1810 3100 1869 Aaron,
3148 1807 3409 1877 quoniam

163 1899 257 1952 τοῦ
287 1899 511 1970 Νύσσης
539 1899 758 1969 ἐτέρους
786 1900 877 1952 καὶ
912 1899 1066 1953 ίλεῶν
1097 1900 1280 1963 αὐτοῖς
1306 1899 1397 1952 τὸν
1427 1900 1590 1953 Θεόν·
1622 1902 1649 1954 6
1680 1900 1737 1953 δέ

166 1993 393 2061 Νύσσης
436 1991 574 2060 μετὰ
608 1991 698 2043 τὸν
730 1991 903 2061 μέγαν
933 1990 1210 2044 Βασίλειον
1239 1991 1420 2053 εὐθύς.
1456 1992 1566 2044 Καὶ
1600 1992 1738 2063 ὅπερ

165 2085 228 2135 ὲ.)
251 2085 316 2153 τῇ
348 2082 542 2153 Ἐξόδῳ
562 2083 775 2154 εἴρηται
806 2083 942 2153 πρὸς
969 2082 1211 2152 Μωῦσῆν
1232 2084 1360 2154 περ).
1381 2083 1473 2135 τοῦ
1507 2082 1737 2153 Ἀαρὼν,

167 2175 246 2225 ἔτι
272 2172 466 2239 Αὐτὸς
519 2173 690 2226 ἔσται
723 2189 821 2227 σοι
858 2175 944 2238 εἷς
980 2174 1173 2241 στόμα
1217 2174 1325 2242 (7),
1352 2173 1433 2226 σὺ
1466 2172 1535 2225 δὲ
1574 2171 1738 2237 αὐτῷ

163 2264 281 2331 ἔσῃ
316 2261 389 2315 τὰ
425 2262 575 2328 πρὸς
616 2262 690 2331 (8)
736 2262 905 2324 Θεὸν,
935 2261 1091 2316 τοῦτο
1115 2264 1208 2316 καὶ
1229 2255 1374 2317 οὗτοι
1402 2258 1541 2333 ἦσαν
1569 2262 1739 2333 ἀλλή-

166 2352 299 2416 λοις.
341 2354 453 2407 Καὶ
488 2353 610 2406 τότε
649 2354 749 2424 μὲν
800 2356 996 2407 ἐκεῖνοι
1029 2356 1149 2417 ταῖς
1182 2353 1315 2407 δέκα
1355 2353 1595 2424 πληγαῖς
1642 2356 1741 2424 τὴν

165 2446 446 2514 Δῖγυπτον
473 2444 803 2499 ἐϐασάνισαν
852 2445 929 2513 (9)
951 2463 963 2475 ·
1015 2445 1108 2500 νῦν
1139 2444 1194 2498 δὲ
1221 2440 1367 2499 οὗτοι
1399 2446 1499 2515 τὴν
1534 2462 1743 2499 σκοτει-

166 2535 263 2606 νὴν
292 2536 389 2589 καὶ
415 2534 709 2607 διώκτριαν
731 2536 1030 2607 ἁμαρτίαν.
1077 2531 1308 2592 Ἐκεῖνοι
1336 2536 1433 2607 τὴν
1478 2536 1743 2609 Ἐρυθρὰν

168 2627 381 2696 ἔτεμον,
416 2626 511 2678 κα)⁸
532 2619 678 2679 οὗτοι
701 2626 800 2696 τὴν
833 2625 1108 2679 Θάλασσαν
1130 2626 1239 2679 τῶν
1269 2626 1478 2681 παθῶν.
1515 2628 1742 2679 Ἐκεῖνοι

163 2718 258 2773 τὸν
299 2718 516 2788 Ἰσραὴλ
556 2717 789 2780 ἔσωσαν,
831 2718 925 2771 καὶ
971 2719 1097 2782 τοὺς
1130 2718 1465 2786 Αίγυπτίους
1509 2719 1742 2772 ἀπέπνι-

167 2809 300 2874 ξαν·
331 2804 477 2863 οὗτοι
510 2809 637 2872 τοὺς
668 2809 913 2872 εὐσεϐεῖς
937 2808 1280 2877 διεφύλαξαν,
1316 2811 1442 2873 τοὺς
1478 2810 1535 2863 δὲ
1564 2809 1743 2881 δαίμο-

166 2917 265 2963 νας
306 2900 341 2971 ἢ
398 2900 526 2963 τοὺς
566 2900 881 2971 αίρετικούς
929 2901 1342 2954 κατεπόντισαν.
1413 2902 1639 2955 Ἐκεῖνοι
1683 2901 1743 2954 τὸ

173 2992 350 3063 μάννα
385 2990 447 3058 ἐξ
471 2992 707 3065 οὐρανοῦ
749 2995 1005 3048 εἵλκυσαν
1039 2994 1133 3046 κα³ι
1169 2991 1315 3065 ὕδωρ
1346 2992 1481 3047 πολὺ
1516 2995 1606 3048 καὶ
1638 3012 1742 3047 πα-

1840 1901 1962 1972 Ipse
1996 1904 2095 1956 erit
2141 1903 2237 1956 tibi
2271 1903 2568 1968 in.corpus.
2601 1914 2655 1953 tu
2687 1909 2863 1954 autent
2908 1916 2952 1953 et
2987 1900 3093 1952 eris
3146 1900 3200 1952 in
3254 1896 3408 1952 rebus

1838 2005 1954 2059 qum
1993 1989 2061 2042 ad
2110 1989 2274 2042 Deum
2323 1989 2663 2059 pertinent”.
2716 1988 2873 2055 Quod
2908 1998 2962 2042 et
3003 1988 3040 2041 ii
3085 1987 3189 2043 sibi
3254 1994 3413 2042 erant

1841 2079 2096 2133 invicem.
2130 2079 2288 2135 Tunc
2318 2081 2395 2133 illi
2431 2081 2649 2150 quidem
2684 2080 2869 2134 decem
2904 2080 3078 2150 pfagis
3112 2077 3407 2149 .Egyptum

1840 2179 2209 2238 vexaverunt;
2276 2171 2329 2225 hi
2393 2186 2521 2226 vero
2569 2173 2915 2227 tenebrosam
2969 2170 3415 2239 vexatricemque

1842 2261 2206 2332 iniquitatem.
2239 2260 2408 2317 Primi
2439 2263 2685 2319 Rubrum
2718 2264 3023 2325 sciderunt,
3053 2263 3105 2316 hi
3140 2277 3268 2316 vero
3290 2277 3416 2331 pas-

1843 2354 2058 2410 sionum
2090 2369 2271 2421 mare;
2310 2356 2470 2425 primi
2501 2354 2666 2411 Israel
2698 2355 2907 2409 salvum
2942 2353 3208 2417 fecerunt,
3247 2352 3416 2422 Egy-

1846 2445 2102 2514 ptiosque
2137 2444 2549 2513 demerserunt;
2597 2446 2649 2499 hi
2690 2460 2819 2501 vero
2872 2445 2992 2515 pios
3035 2452 3413 2507 servaverunt,

1850 2536 2236 2607 damonesque
2265 2538 2350 2592 vel
2395 2539 2680 2595 hatreticos
2718 2538 3037 2593 obruerunt.
3066 2536 3234 2591 Primi
3264 2551 3420 2590 man-

1842 2644 1912 2683 na
1941 2629 2008 2684 de
2036 2630 2174 2685 caelo
2203 2638 2509 2695 traxerunt,
2544 2638 2597 2685 et
2620 2645 2814 2702 aquam
2846 2631 3072 2684 multam
3098 2630 3417 2684 hominum-

1843 2735 1950 2790 que
1976 2719 2135 2775 [idem
2181 2730 2554 2792 superantem,
2585 2723 2782 2792 partim
2837 2738 2902 2776 ex
2940 2731 3216 2791 praerupta
3267 2730 3418 2789 pctra

1842 2811 2157 2879 elicientes,
2197 2813 2392 2882 partim
2411 2812 2752 2874 edulcantes,
2790 2812 2842 2866 in
2881 2811 3093 2866 Merrha
3139 2812 3414 2867 videlicet.

1843 2893 1939 2949 Est
1966 2904 2144 2951 autem
2178 2906 2232 2952 et
2251 2898 2305 2952 in
2332 2898 2398 2953 iis
2424 2899 2580 2968 panis
2606 2899 2825 2967 quidem
2851 2900 3113 2963 caelestis,
3160 2900 3417 2969 spiritua-

1845 2988 1914 3042 lis
1944 2988 2136 3050 cibus;
2171 3002 2314 3059 aqua
2349 2999 2554 3051 autem,
2583 2986 2866 3043 viviﬁcans
2905 2996 3123 3044 torrens
3154 2989 3419 3043 doctrina:

174 3085 413 3155 ράδοξον,
444 3085 503 3138 τὸ
544 3086 644 3155 μὲν
671 3086 729 3154 ἐξ
763 3087 1071 3157 ἀκροτόμου
1109 3086 1309 3156 πέτρας
1338 3084 1656 3155 ἐξήνεγκαν,
1682 3086 1739 3138 τὸ

1845 3077 2073 3144 Christi,
2096 3080 2190 3149 qui
2222 3089 2308 3134 est
2342 3088 2497 3150 petra
2532 3079 2691 3149 juxta
2731 3080 3051 3150 Apostolum
3085 3079 3152 3134 ν’.
3184 3078 3422 3133 Edulca-

167 3176 226 3230 δὲ
253 3174 582 3244 ἐγλύκαναν,
614 3176 676 3229 τὺ
708 3180 765 3231 ἐν
800 3179 866 3248 τῇ
906 3178 1100 3248 Μερῤᾷ
1124 3175 1346 3247 δηλαδή.
1381 3176 1617 3231 Ἔστιδέ
1651 3176 1739 3229 καὶ

1848 3177 1958 3224 tam
1991 3185 2118 3225 vero
2139 3186 2334 3240 aquam
2357 3170 2444 3225 hic
2473 3170 2834 3235 existimabis,
2865 3186 2931 3226 ex
2958 3171 3180 3226 ethnica
3204 3172 3421 3242 sapien-

166 3266 228 3320 ἐν
268 3266 481 3331 τούτοις
516 3267 629 3337 (10)
692 3268 855 3339 ἄρτος
892 3267 990 3338 μὲν
1032 3267 1301 3337 οὐράνιος,
1339 3269 1373 3338 ἡ
1407 3266 1750 3339 πνευματικὴ

168 3358 380 3429 τροφή·
421 3357 532 3427 (Il)
568 3356 713 3429 ὕδωρ
737 3357 815 3422 δὲ,
850 3357 910 3410 τὸ
945 3357 1154 3427 ζωηρὸν
1191 3359 1342 3426 νᾶμα
1369 3357 1470 3427 τῆς
1492 3356 1752 3410 διδασκα-

1846 3262 1921 3315 tia
1954 3262 2022 3316 ad
2052 3260 2333 3317 Christum
2366 3277 2723 3329 conversum,
2769 3273 2825 3318 et
2868 3263 2957 3334 pie
3003 3272 3291 3318 mutatum.
3339 3262 3417 3318 Illi

1846 3352 1983 3408 scite
2008 3361 2065 3409 et
2096 3354 2397 3426 symbolice
2445 3370 2708 3409 manuum
2750 3356 3065 3411 extentione
3098 3371 3319 3410 crucem
3356 3354 3420 3410 6—

170 3446 294 3513 λίας
320 3447 421 3501 τοῦ
454 3449 711 3519 Χριστοῦ,
742 3449 801 3512 ὃς
825 3449 1028 3518 ἐστινὴ
1061 3448 1234 3518 πέτρα
1259 3446 1401 3500 κατὰ
1467 3447 1557 3500 τὸν
1595 3447 1739 3501 Ἀπὰ

1849 3452 2129 3515 gurautes,
2166 3444 2387 3500 Amalec
2413 3444 2668 3501 fuderunt
2696 3464 2715 3515 ς
2765 3446 2819 3500 hi
2851 3461 2979 3501 vero
3006 3446 3305 3502 diabolum.
3338 3446 3421 3500 Illi

169 3540 379 3593 στολον.
406 3540 828 3610 Γλυκαινόμενον
854 3538 908 3591 δὲ
935 3539 1044 3609 (12)
1079 3537 1222 3610 ὕδωρ
1252 3538 1484 3592 ἐνταῦθα
1515 3540 1745 3609 νοήσεις.

165 3629 231 3684 τὸ
259 3631 370 3683 ἀπὸ
398 3630 505 3683 τῶν
556 3628 884 3701 Ἑλληνικῶν
914 3628 1087 3697 λόγων
1117 3630 1196 3691 εἰς
1242 3628 1475 3699 Χριστὸν
1517 3628 1747 3699 μεταγό-

1852 3535 1920 3590 ad
1982 3534 2365 3605 promissionis
2419 3544 2620 3590 terram
2671 3536 3037 3607 properabant
3084 3545 3423 3607 cteterosque

1853 3628 2159 3693 ducebant;
2196 3628 2249 3681 hi
2288 3644 2416 3683 vero
2447 3628 2513 3683 ad
2543 3645 2766 3699 regnum
2797 3630 3084 3686 cmlorum.

169 3742 334 3797 μενον
364 3727 459 3779 καὶ
479 3727 716 3792 εὐσεϐῶς
743 3725 1312 3798 μεταλαμϐανόμενον.
1360 3727 1585 3781 Ἐκεῖνοι
1650 3726 1926 3797 μυστικῶς
1986 3727 2082 3781 καὶ
2149 3726 2491 3797 συμϐολικῶς
2556 3730 2622 3801 τῇ
2669 3727 2779 3780 τῶν
2826 3727 3023 3798 χειρῶν
3064 3728 3282 3782 ἐκτάσει
3331 3729 3425 3782 τὸν

165 3825 407 3893 οταυρδν
436 3824 749 3887 τυποῦντες,
779 3824 870 3878 τὸν
922 3823 1167 3894 Ἀμαλὴκ
1207 3821 1605 3895 ἐτροπώσαντο,
1636 3822 1729 3876 καὶ
1766 3814 1911 3876 οὗτοι
1943 3822 2034 3875 τὸν
2061 3822 2324 3876 διάϐολον.
2367 3823 2594 3876 Ἐκεῖνοι
2631 3822 2766 3895 ’πρὸς
2832 3822 2928 3894 τὴν
2973 3823 3078 3893 γῆν
3098 3826 3196 3895 τῆς
3251 3825 3425 3891 ἐπαγ-

165 3918 360 3987 γελίας
386 3916 642 3970 ἔσπευδον
672 3917 764 3969 καὶ
792 3918 917 3980 τούς
938 3917 1125 3979 ἄλλους
1149 3916 1390 3987 ὡδήγουν
1407 3936 1419 3947 ι
1452 3918 1545 3970 καί
1577 3908 1721 3972 οὗτοι
1751 3916 1830 3980 είς
1856 3916 1951 3987 τὴν
1988 3915 2261 3987 βασιλείαν
2288 3915 2397 3970 τῶν
2424 3916 2683 3988 οὐρανῶν.

241 4012 364 4066 Col.
399 4011 506 4065 855
534 4010 575 4065 C
606 4010 659 4066 2.
701 4010 935 4066 Τούτων
958 4015 991 4065 ό
1011 4010 1146 4079 μὲν.
1176 4050 1191 4064 .
1222 4052 1234 4063 .
1266 4053 1280 4067 .
1330 4011 1739 4081 φοϐερώτερον.

1926 4011 2125 4066 Horum
2156 4014 2383 4067 allen...
2450 4030 2775 4084 summopere
2839 4015 3207 4084 reformidant.
3240 4047 3308 4057 —
3346 4018 3426 4072 Et

181 4101 321 4155 Ἀπὸ
354 4101 463 4154 τῶν
492 4101 583 4153 δύο
617 4101 749 4171 φησὶ
782 4099 984 4154 τούτων
1013 4101 1147 4171 (15),
1176 4103 1204 4153 6
1245 4100 1343 4169 μὲν
1377 4100 1548 4171 μέγας
1592 4100 1739 4153 Βασί-

1853 4104 2068 4159 duobus
2099 4105 2225 4170 illis,
2260 4107 2456 4174 inquit,
2488 4107 2627 4161 alter
2658 4121 2889 4177 magnus
2927 4107 3158 4163 Basilius
3189 4124 3273 4163 me
3306 4113 3427 4167 abs-

165 4195 316 4254 λειος
365 4194 740 4266 κρυπτόμενόν
795 4210 861 4265 με
909 4193 1002 4247 καὶ
1051 4193 1410 4264 ἡσυχάζοντα,
1457 4195 1537 4257 εἰς
1591 4193 1739 4263 μέσοι

1855 4196 2137 4250 conditum
2175 4208 2228 4251 et
2251 4198 2510 4252 otiantem
2547 4198 2599 4250 in
2631 4198 2868 4252 medium
2913 4202 3166 4269 produxit
3192 4210 3245 4255 et
3278 4203 3426 4255 ordi-

166 4290 353 4359 ἦγαγε
397 4288 489 4339 καὶ
527 4288 954 4359 ἐχειροτόνησεν,
996 4287 1226 4351 ἀναξίως
1272 4286 1511 4356 κινηθεὶς
1556 4286 1649 4340 τοῦ
1696 4288 1739 4339 ἐι

1860 4286 2032 4348 navit,
2072 4286 2342 4355 impulsus
2380 4302 2487 4340 nou
2513 4295 2573 4341 ut
2603 4288 2826 4357 dignum
2863 4290 3202 4358 eratSpiritu
3238 4292 3329 4361 qui
3368 4292 3425 4346 in

169 4381 329 4451 αὐτῷ
383 4380 719 4449 Πνεύματος.
755 4380 925 4434 Τοῦτο
952 4380 1011 4434 δέ
1040 4397 1205 4451 φημι,
1251 4378 1339 4432 διὰ
1364 4378 1463 4449 τὴν
1497 4378 1635 4449 βίαν,
1662 4378 1739 4431 κα¹

1860 4379 1978 4448 ipso
2007 4387 2112 4434 est.
2158 4377 2273 4433 Hoc
2321 4388 2502 4433 autem
2539 4380 2699 4444 dico,
2742 4389 2962 4450 pmpter
2994 4383 3132 4445 vim,
3165 4384 3424 4452 quoniam

167 4473 265 4526 διὰ
292 4474 359 4524 τὸ
388 4471 644 4543 ἐμϐαλεῖν
679 4490 746 4542 με
777 4475 856 4536 εἰς
876 4472 1136 4545 θορύϐους
1159 4473 1251 4525 καὶ
1277 4470 1539 4542 ταραχάς.
1570 4468 1739 4524 Τοιοῦ-

1859 4472 1914 4524 in
1946 4472 2216 4527 tumultus
2247 4479 2301 4526 et
2331 4473 2669 4527 turbationes
2694 4473 2929 4541 injectus
2953 4488 3097 4528 sum.
3124 4473 3253 4528 Tale
3279 4476 3426 4529 enim

166 4580 264 4617 τον
295 4563 408 4633 γὰρ
433 4563 494 4616 τὸ
517 4564 715 4635 χωρίον
737 4563 807 4616 τὰ
831 4564 1062 4634 Σὰσιμα.
1092 4563 1249 4632 Λέγω
1266 4563 1396 4633 γὰρ,
1419 4562 1500 4614 ὃτι
1523 4561 1739 4627 ἀναξίως

1855 4560 2192 4618 Sasimorum
2216 4564 2498 4634 Oppidum.
2542 4564 2671 4619 Dico
2694 4567 2839 4620 enim
2884 4565 3028 4635 quod
3070 4566 3290 4637 indigne
3320 4567 3425 4621 im—

166 4655 428 4725 ἐκινήθη,
466 4655 569 4709 κᾶν
591 4655 923 4727 τραχύτερος
968 4656 998 4708 6
1042 4654 1217 4724 λόγος.
1248 4654 1473 4715 Πάντως
1504 4652 1561 4705 δὲ
1586 4655 1613 4706 6
1656 4653 1739 4724 μέ-

1855 4652 2045 4721 pulsus
2075 4661 2195 4717 est,
2233 4654 2339 4709 etsi
2390 4654 2634 4723 asperior
2661 4669 2844 4709 sermo
2886 4658 2976 4710 sit.
3011 4654 3246 4711 Omnino
3282 4658 3425 4713 enim

166 4765 281 4816 γας
302 4747 604 4812 Βασίλειος,
628 4747 780 4816 φίλος
800 4746 899 4812 ὢν,
928 4747 1191 4818 ὑπομενεῖ
1212 4745 1390 4799 πάντα
1414 4744 1509 4798 καὶ
1532 4744 1739 4814 πάσχω1

1856 4758 2088 4813 magnus
2114 4743 2377 4808 Basilius,
2402 4760 2525 4799 cum
2560 4746 2634 4800 sit
2665 4747 2896 4812 amicus,
2934 4749 3116 4802 omnia
3150 4748 3285 4803 feret
3311 4756 3424 4802 tum

168 4841 271 4893 καὶ
321 4838 557 4893 ἀκούων.
606 4839 668 4891 Ἠ
712 4839 821 4910 γὰρ
869 4838 1059 4907 ἀγάπη
1100 4837 1276 4889 πάντα
1328 4835 1529 4904 στέγει,
1579 4836 1739 4889 πάντα

1857 4833 2185 4903 perpetiens,
2211 4842 2327 4887 tum
2350 4837 2603 4896 audiens.
2629 4836 2908 4909 Nyssenus
2930 4847 3109 4894 autem
3131 4838 3429 4910 Gregorius

168 4929 464 5000 ὑπομένει.
527 4930 587 4983 '0
619 4929 675 4982 δὲ
714 4929 935 4999 Νύσσης
965 4928 1262 4999 Γρηγόριος
1282 4967 1297 4991 ,
1329 4921 1459 4996 ἦλθε
1493 4942 1739 4995 παραμυι

1862 4924 2012 4977 venit
2038 4926 2425 4983 consolaturus
2446 4968 2460 4991 ,
2486 4937 2540 4982 et
2570 4930 2964 4995 auxiliaturus,
3012 4940 3067 4985 ct
3118 4932 3430 4988 mansuefa-

165 5018 483 5089 θησόμενος
530 5020 625 5072 καὶ
670 5018 1019 5085 καταλλάξων
1050 5017 1143 5070 καὶ
1176 5014 1620 5087 προσημερὼσων
1667 5015 1739 5069 διὰ

1861 5024 2052 5072 cturus
2092 5029 2315 5089 propter
2363 5019 2624 5091 Spiritum
2655 5024 2747 5093 qui
2793 5032 2880 5080 est
2909 5025 2961 5078 in
3009 5027 3152 5096 ipso.
3184 5025 3252 5081 Et
3294 5027 3428 5084 mihi

244 5150 297 5182 ³⁸
327 5148 498 5204 Exod.
530 5167 625 5212 vn,
655 5151 705 5206 1.
784 5151 829 5182 ³⁸
864 5149 1033 5203 Exod.
1073 5164 1258 5213 xxxw,
1292 5147 1341 5203 1.
1418 5148 1461 5180 ³⁷
1493 5146 1656 5203 Hebr.
1686 5165 1734 5203 v1

1843 5149 1885 5203 Ξ.
1964 5152 2009 5183 ³³
2034 5151 2206 5208 Exod.
2243 5170 2317 5215 tv,
2346 5156 2431 5211 16.
2511 5156 2555 5189 ³⁸
2580 5157 2600 5211 l
2625 5157 2748 5213 Cor.
2791 5176 2844 5224 ι,
2877 5160 2930 5215 6.

248 5305 332 5378 (1)
362 5305 437 5378 _'O
479 5306 687 5378 Ἀαρών
720 5307 769 5359 11.

271 5377 333 5443 2)
360 5376 588 5447 Εἴρηται
618 5378 673 5431 11.

271 5380 333 5443 2)
360 5380 588 5447 Εἴρηται
618 5380 673 5431 11.

243 5380 332 5586 (ὃ)
370 5445 429 5535 '70
459 5449 611 5500 abest
646 5448 698 5500 11.

274 5517 307 5568 4
372 5517 448 5586 ΔΗ
484 5517 539 5569 11.

162 5559 177 5567 -
243 5511 332 5569 (4)
372 5511 448 5568 Ἥ
484 5517 539 5569 11.

276 5583 334 5654 5)
371 5584 471 5640 Hic
501 5586 649 5640 addit
677 5587 731 5657 11.
771 5586 935 5655 ἤγουν
971 5587 1106 5657 πρὸς
1130 5585 1191 5638 τὸ
1233 5583 1393 5655 βάθος
1430 5584 1705 5638 εἶσδυνων.

276 5596 334 5654 5)
374 5596 471 5640 Hic
501 5596 649 5640 addit
678 5596 731 5644 11.
771 5596 935 5655 ⁴ῆγουν
971 5596 1106 5657 πρὸς
1130 5596 1191 5638 τὸ
1233 5596 1255 5655 μ

245 5596 337 5723 (6)
391 5655 799 5726 Ἐμυσταγώγει
831 5656 884 5708 11,
1246 5700 1255 5713 ,

252 5727 333 5797 (Ἰ)
376 5725 462 5779 Τὰ
486 5727 621 5797 πρὸς
654 5726 895 5797 τὸνλαόν
930 5725 1079 5780 addit
1114 5726 1168 5779 lt.

246 5796 332 5868 (8)
375 5797 515 5870 Πρὸς
543 5799 629 5850 τὸν
661 5796 792 5850 Θεόν
818 5798 873 5853 lt.

1924 5305 2001 5375 (9)
2052 5307 2400 5374 Ἐϐασὰνιζον
2435 5310 2483 5364 11.

1925 5378 2053 5459 (lii).
2177 5380 2327 5459 παρὰ
2356 5381 2560 5445 τούτοις
2597 5382 2651 5435 11.
2686 5382 2805 5437 Mox
2847 5384 2986 5439 idem
3027 5395 3151 5457 post
3181 5387 3430 5459 οὐράνιος

1854 5444 2004 5518 addit
2022 5444 2059 5499 '6
2085 5444 2337 5518 Χριστός.

1926 5516 2037 5599 (ll)
2058 5516 2357 5599 _llic‘atidit
2396 5522 2458 5599 11,
2490 5521 2811 5599 ,Ἐγὼηγὰμ
2854 5527 3038 5599 φησὶν,
3073 5529 3100 5579 6
3130 5527 3289 5597 ἄρτος
3317 5525 3435 5599 εἰμὶ

1851 5587 1950 5664 τῆς
1978 5587 2158 5664 ζωῆς,Δ
2184 5592 2211 5643 6
2239 5591 2303 5643 ἐκ
2331 5592 2424 5664 τοῦ
2452 5593 2509 5645 οὐ
2521 5587 2680 5664 ρανοῦ
2697 5587 2972 5660 καταϐάς.

1924 5659 2042 5725 (x2)
2080 5659 2194 5713 Μέν
2225 5676 2323 5728 pro
2349 5663 2407 5715 δέ
2443 5664 2495 5717 11.

1932 5729 2044 5800 (15)
2098 5731 2230 5784 Ἀπὸ
2263 5732 2485 5802 τούτων,
2529 5736 2681 5807 φησὶ,
2706 5735 2813 5790 τῶν
2833 5735 2923 5793 δύο
2949 5736 3003 5792 11.
