4018 6296
649 324 759 379 9‘5
1913 316 2209 373 NICETAS
2247 317 2640 375 SERRONIUS
3733 320 3812 375 976

650 436 866 508 quidem
892 446 1146 505 magnum
1176 439 1259 487 est
1280 430 1426 501 quod
1450 438 1504 486 et
1532 444 1677 485 nunc
1702 430 1867 485 venit.
1894 428 2010 484 lloc
2031 439 2217 484 tamen

2248 438 2289 496 Α
2322 431 2414 485 τοῦ
2454 432 2512 484 ἐν
2541 430 2691 501 αὑτῷ
2738 428 3076 499 Πνεύματος.
3109 426 3220 481 Καὶ
3262 426 3381 495 ἐμοὶ
3417 426 3506 496 μὲν
3539 426 3657 496 μέγα
3684 429 3811 494 ἐστὶν,

652 529 942 585 molestum
981 534 1100 589 est,
1147 523 1294 594 quod
1344 524 1525 577 serius
1561 537 1725 592 quam
1773 536 1861 576 res
1898 524 2222 592 postularet,

2327 523 2407 575 ὅτι
2439 522 2532 575 καὶ⁸
2566 520 2661 573 νῦν
2687 516 2817 591 ἦλθε
2838 536 2853 549 °
2889 520 3177 589 μέμφομαι
3206 516 3284 578 δὲ,
3306 516 3388 569 ὅτι
3422 515 3546 585 μετὰ
3567 516 3651 588 τὴν
3671 520 3818 589 χρείαν

574 612 579 613 ί
652 619 971 680 accesserit,
995 624 1049 671 et
1080 623 1369 686 postquam
1409 631 1494 668 me
1531 628 1824 685 aggressus
1852 620 1935 669 est
1962 612 2161 682 vicitqu

2325 609 2459 683 ἦλθε
2486 613 2580 667 καὶ
2608 611 2740 683 μεθὸ
2762 610 3070 681 κατέδραμέ
3100 625 3201 679 μου
3237 606 3535 678 καί-ἥττησέ
3563 620 3643 676 ps;
3666 608 3823 663 ἄκοντα

652 711 882 766 invitum
944 707 1284 778 persuadens
1356 706 1603 760 ordinari
1666 721 1896 775 magnus
1962 703 2220 760 Basilius.

2328 704 2522 767 πείσας
2558 702 3002 773 χειροτονηθῆναι
3042 701 3070 751 ὁ
3118 699 3289 770 μέγας
3336 698 3609 759 Βασίλειος.
3653 699 3824 769 Ἐριιπῶ

651 800 803 871 Rogo
830 810 885 855 te
919 800 1109 869 igitur,
1146 797 1531 866 cognominem
1565 810 1783 856 meum,
1833 810 1954 858 cur,
1995 809 2119 847 cum
2170 801 2224 848 te

2325 792 2417 850 οὖν
2447 797 2539 849 τὸν
2569 794 2859 865 ὁμώνυμόν
2891 811 2981 865 μοι
3008 811 3020 823 ·
3057 792 3231 855 Διατί,
3266 792 3355 844 ὅτε
3391 807 3480 842 σου
3512 789 3727 862 ἔχρῃζον,
3751 791 3825 843 οὒκ

649 894 781 946 mihi
810 908 951 962 opus
974 900 1139 953 esset,
1167 904 1275 942 non
1300 888 1541 950 veneris,
1566 886 1632 939 ad
1666 886 1797 939 mihi
1827 881 2220 945 auxiliandum,

2325 883 2508 959 ἦλθες,
2548 888 2637 940 ἵνα
2673 904 2762 957 μοι
2808 886 3198 956 συμμαχήσῃς,
3229 881 3341 936 ἀλλ’
3388 880 3595 951 ὕστερος
3624 880 3704 933 τοῦ
3743 898 3829 933 και-

651 983 746 1039 scd
796 983 1012 1037 serius?
1064 980 1319 1049 Nunquid
1372 988 1445 1044 te,
1479 986 1533 1031 ut
1586 976 1772 1031 fratris
1811 984 2105 1038 amantem,
2140 975 2223 1028 vis

2327 978 2422 1050 ροῦ
2446 995 2460 1043 ;
2487 973 2635 1050 ’Ἄρα
2670 978 2745 1041 ὡς
2786 976 3104 1047 φιλάδελφος
3145 974 3416 1045 ᾐσχύνθης
3443 973 3537 1043 τὴν
3577 972 3826 1043 τυραννίδα,

650 1078 811 1131 nobis
838 1090 866 1129 a
906 1076 1075 1130 fratre
1109 1083 1204 1128 tuo
1240 1075 1400 1127 illatae
1424 1071 1657 1140 puduit?
1681 1070 1761 1123 An
1794 1078 1850 1122 tu
1884 1085 2101 1138 quoque
2124 1106 2137 1128 ,
2163 1076 2222 1121 ut

2324 1072 2390 1141 ἣν
2416 1068 2751 1140 ἐτυράννησε
2784 1086 2849 1139 με
2882 1068 2910 1119 ὀ
2938 1066 3166 1135 ἁδελφός
3197 1082 3323 1130 σου;
3352 1064 3384 1134 ἦ
3412 1064 3505 1117 καὶ
3530 1064 3588 1116 σὺ
3612 1063 3677 1126 ὡς
3707 1063 3829 1115 δυνά-

651 1170 940 1240 imperium
982 1182 1210 1238 gerens,
1255 1166 1446 1233 iniquo
1496 1161 1679 1215 animo
1724 1162 1899 1216 tulisti
1929 1158 2072 1230 quod
2113 1173 2221 1212 non

2325 1179 2458 1232 στης
2486 1162 2870 1233 ἐδυσχέρανας,
2904 1160 3038 1212 διότι
3065 1159 3324 1228 ἠπείθουν
3356 1156 3497 1227 αύτῷ
3534 1157 3656 1240 πρὸς
3681 1158 3732 1240 τὸ
3751 1174 3831 1226 χει-

648 1262 878 1317 audiens
938 1260 1134 1314 fuerim
1186 1257 1287 1327 ipsi
1352 1261 1477 1326 post
1535 1254 1942 1307 ordinationem
2001 1250 2223 1306 meam?

2326 1246 2715 1317 ροτονηθῆναις
2752 1246 3058 1315 Φθέγξομάι
3096 1262 3150 1297 τι
3187 1243 3321 1315 πρὸς
3354 1242 3434 1305 σὲ,
3466 1243 3552 1311 ἀφ’
3582 1235 3650 1294 ὧν
3670 1237 3831 1294 εἷπενό

649 1352 910 1421 clamabo
939 1351 1006 1404 ad
1032 1358 1106 1414 te,
1141 1349 1334 1404 iisdem
1359 1363 1493 1401 usus
1515 1346 1715 1415 quibus
1736 1344 1838 1399 Joh
1867 1345 2072 1409 verbis,
2105 1344 2222 1413 ipse

2337 1337 2476 1401 Ἰὼϐ,
2507 1338 2689 1407 ἀλγῶν
2709 1336 2884 1407 κάγὼ,
2916 1338 2991 1400 ὡς
3018 1338 3227 1399 ἐκεῖνος
3253 1336 3350 1387 καὶ
3382 1335 3512 1407 πρὸς
3538 1334 3673 1403 φίλον
3696 1334 3831 1387 διαλε-

649 1456 866 1511 qooque
896 1440 1085 1494 dolore
1107 1438 1352 1500 affectus,
1385 1445 1441 1491 ut
1475 1438 1562 1492 ille
1595 1436 1663 1490 ad
1700 1438 1935 1490 amicum
1965 1436 2217 1505 loquens,

2323 1431 2577 1501 γόμενος,
2610 1431 2659 1483 εἰ
2691 1433 2780 1483 καὶ
2813 1429 2889 1499 μὴ
2921 1429 3144 1499 φαῦλον,
3192 1424 3293 1481 οἷοι
3336 1422 3473 1496 ἦσαν
3515 1428 3560 1478 οἱ
3599 1425 3681 1478 τοῦ
3723 1426 3830 1489 Ἰὼϐ,

648 1548 760 1587 non
816 1532 1036 1603 quidem
1087 1532 1380 1600 iniquum,
1425 1530 1617 1597 quales
1669 1534 1827 1583 erant
1873 1526 1976 1582 Job
2031 1528 2218 1593 amici,

2327 1528 2459 1598 μηδὲ
2488 1527 2571 1593 ἐφ’
2609 1526 2815 1596 ὁμοίοις
2845 1528 2964 1589 ταῖς
2991 1527 3315 1595 συμφοραῖς.
3350 1524 3415 1575 Τί
3441 1519 3528 1577 οὖν
3556 1520 3691 1576 εἶπεν
3715 1525 3832 1575 ἐκεῖ·

650 1639 831 1694 neque
871 1624 938 1678 de
994 1622 1189 1677 iisdem
1245 1620 1675 1675 calamitatibus.
1728 1619 1871 1685 Quid
1926 1618 2092 1689 igitur
2143 1620 2222 1674 ait

2322 1635 2442 1682 νος;
2478 1617 2595 1669 Τίνι
2619 1618 2969 1688 πρόσκεισαι,
3001 1616 3034 1687 ἦ
3070 1616 3177 1668 τίνι
3208 1616 3420 1685 μέλλεις
3450 1615 3677 1686 βοηθεῖν;
3715 1616 3831 1668 πότε-

651 1714 785 1770 ille?
830 1714 926 1769 Cui
963 1712 1241 1767 adlaturos?
1270 1712 1361 1765 cui
1404 1727 1562 1781 opem
1608 1710 1751 1765 ferre
1794 1711 1995 1780 paras?
2026 1712 2215 1765 Annon

2274 1777 2290 1785 κ
2326 1728 2416 1782 ρον
2440 1714 2558 1785 οὐχ,
2607 1686 2852 1780 ᾦήπολλὴ
2905 1686 3077 1777 ἰσχὺς,
3134 1710 3228 1761 καὶ
3277 1701 3321 1775 ᾧ
3362 1706 3591 1778 βραχίων
3627 1686 3861 1776 κραταιόξ

648 1805 724 1866 ei,
756 1805 841 1858 cui
893 1804 1059 1857 robur
1092 1803 1326 1855 multum
1349 1841 1366 1864 ,
1408 1811 1462 1854 et
1498 1801 1788 1855 brachium
1825 1800 2064 1855 validum
2101 1802 2221 1856 est?

2252 1777 2293 1830 Β
2323 1777 2691 1872 εστινξ-Ἕχὼ
2731 1802 2788 1855 δὲ
2821 1777 3142 1871 προσθείην,
3191 1799 3285 1852 καῒ
3400 1777 3563 1867 πολλὴ
3592 1797 3729 1864 σοφία
3765 1795 3832 1846 καὶ

643 1894 915 1965 Equidem
938 1893 1152 1956 addam,
1178 1900 1231 1947 et
1261 1893 1348 1946 cui
1388 1893 1556 1945 multa
1590 1892 1858 1961 sapientia
1890 1901 1943 1947 el
1966 1893 2216 1947 scientia.

2321 1897 2617 1967 ἐπιστήμη.
2656 1894 2817 1956 Ἔθος
2850 1892 2959 1961 γὰρ
2996 1892 3108 1953 τοῖς
3139 1890 3371 1953 πολλοῖς,
3418 1889 3503 1942 ἀεὶ
3531 1887 3657 1958 πρὸς
3689 1886 3740 1937 τὸ
3770 1885 3833 1937 δυ-

648 1986 804 2040 Μιιιῑί
824 1984 968 2040 enim
993 1995 1403 2038 consueverunt
1424 1999 1639 2053 semper
1664 1984 1731 2037 ad
1754 1985 2074 2039 validiorem
2098 2001 2220 2040 sese

2318 1988 2477 2041 νατὸν
2512 1984 2894 2057 μετατίθεσθαι
2937 1972 3122 2053 μέρος,
3154 1982 3247 2033 καὶ
3274 1984 3403 2044 τοὺς
3445 1981 3541 2049 μὲν
3579 1978 3833 2031 ἀσθενεστέ-

640 2087 966 2132 convertere
1003 2083 1214 2145 partem
1240 2114 1255 2138 ,
1290 2080 1344 2128 et
1376 2074 1679 2125 amicorum
1712 2073 2046 2128 inﬁrmiores
2087 2089 2220 2126 con-

2323 2097 2445 2151 ρους
2468 2078 2577 2132 τῶν
2642 2078 2811 2149 φίλων
2863 2079 3233 2140 καταπατεῖν,
3275 2074 3597 2145 θεραπεύειν
3642 2072 3690 2123 δὲ
3739 2071 3832 2131 τοὺς

636 2171 900 2234 culcare,
950 2167 1264 2238 potentibus
1313 2173 1494 2219 autem
1529 2164 1671 2221 ferre
1724 2166 2009 2219 auxilium.
2061 2165 2217 2231 Quod

2320 2169 2678 2241 κρατοῦντας.
2704 2168 2873 2221 Τοῦτο
2929 2167 3027 2237 μὲν
3061 2162 3151 2220 οὖν
3197 2167 3260 2219 σὺ
3288 2160 3457 2229 οἶδας,
3504 2162 3724 2217 τουτέστι
3755 2162 3832 2213 τίνι

647 2261 865 2332 quidem
902 2261 1069 2331 igitur
1124 2265 1187 2312 tu
1236 2257 1469 2317 novisti,
1516 2273 1715 2326 nempe
1745 2256 1832 2311 cui
1882 2272 2041 2324 opem
2077 2257 2220 2313 ferre

2324 2258 2539 2329 μέλλεις
2567 2257 2803 2328 βοηθεῖν.
2847 2256 3000 2325 Ἐμοὶ
3027 2257 3134 2328 γάρ
3159 2257 3218 2309 οὐ
3244 2257 3453 2308 δίκαιον
3484 2255 3607 2325 περὶ
3631 2251 3710 2306 σοῦ
3734 2254 3830 2305 ἁπο-

643 2351 912 2408 νοιυοιὶε.
952 2349 1081 2405 Mihi
1118 2347 1266 2403 enim
1310 2346 1468 2402 nefas
1513 2346 1583 2402 de
1612 2354 1668 2401 te
1699 2348 2000 2417 quidquam
2027 2386 2043 2412 ,
2074 2349 2219 2418 quod

2322 2350 2598 2421 φαντικῶς
2623 2350 2803 2418 λέγειν
2827 2366 2880 2401 τι
2905 2348 3011 2402 τῶν
3041 2349 3101 2401 οὐ
3132 2347 3331 2401 καλῶν.
3362 2348 3438 2400 Τὸ
3464 2348 3580 2417 μὲν,
3609 2347 3681 2399 ὅτι
3709 2341 3830 2396 καλθῦ

647 2443 718 2497 ab
751 2442 986 2495 honesto
1017 2438 1261 2492 alienum
1314 2436 1426 2499 sit,
1469 2438 1862 2505 pronuntiare;
1893 2445 2008 2491 tum
2029 2479 2044 2503 ,
2079 2453 2219 2508 quo-

2323 2442 2525 2506 παντὸς
2558 2441 2727 2495 τύπον
2764 2457 2823 2493 σε
2851 2440 2945 2493 καὶ
2979 2438 3181 2493 κανόνα
3213 2440 3430 2510 ἥγημαι
3453 2455 3467 2469 ’
3503 2438 3562 2491 τὸ
3584 2438 3655 2501 δὲ,
3682 2437 3747 2489 ὅτι
3768 2435 3833 2490 καὶ

650 2532 800 2588 niam
840 2528 1067 2584 virtutis
1100 2528 1280 2582 omnis
1330 2528 1611 2595 exemplar
1634 2536 1689 2582 te
1740 2539 1795 2582 et
1824 2543 2072 2582 normam
2104 2529 2221 2585 exi-

2323 2536 2427 2589 ὑπὸ
2472 2535 2572 2605 τῆς
2606 2532 2827 2604 Γραφῆς
2871 2529 3248 2600 νουθετοῦμαι,
3296 2530 3375 2601 μὴ
3427 2530 3592 2600 ταχὺς
3622 2525 3739 2580 εἶναι
3779 2528 3832 2587 είς

650 2624 838 2686 stimo,
858 2628 1000 2685 tum,
1035 2619 1293 2689 quoniam
1322 2617 1457 2671 mihi
1487 2615 1794 2689 Scriptura:
1834 2619 1951 2688 lege
1993 2619 2223 2674 interdi-

2324 2628 2528 2699 κρίσιν,
2554 2626 2669 2696 Ιἢτοι
2697 2624 2777 2687 είς
2806 2623 3106 2691 ἀπόφασιν,
3128 2623 3161 2693 ἢ
3188 2623 3268 2685 είς
3289 2621 3618 2692 κατάκρισιν
3638 2635 3652 2650 ο
3674 2618 3833 2689 τοῦμὲν

648 2715 816 2777 citur,
852 2727 921 2767 ne
952 2718 1238 2782 promptus
1270 2709 1372 2763 sim
1404 2707 1471 2762 ad
1502 2708 1880 2777 judicandum,
1919 2710 2033 2766 sive
2064 2712 2222 2765 dam-

2326 2719 2492 2790 σοφοῦ
2524 2715 2869 2788 Σολομῶντος
2901 2714 3176 2783 λέγοντος*
3202 2713 3299 2783 Μὴ
3338 2714 3465 2769 ἴσθι
3497 2713 3672 2782 ταχὺς
3693 2713 3749 2764 έν
3772 2711 3836 2763 λίς.

652 2820 811 2870 nans,
861 2802 977 2859 sive
1017 2802 1176 2871 culpa
1212 2801 1471 2855 liberans.
1521 2799 1666 2853 Dixit
1705 2802 1851 2855 enim
1911 2800 2170 2857 Salomon
2205 2822 2219 2858 :

2322 2800 2449 2885 γοιζ·
2470 2829 2482 2842 ·
2535 2811 2628 2865 τοῦ
2662 2810 2718 2863 δὲ
2773 2808 3126 2861 Ἀποστόλου’
3160 2808 3254 2874 Μὴ
3289 2807 3406 2875 πρὸ
3452 2806 3648 2876 καιροῦ
3674 2823 3717 2858 τι
3751 2803 3837 2870 κρί-

650 2895 735 2951 Ne
763 2898 835 2950 sis
872 2904 1143 2965 promptus
1181 2894 1237 2947 in
1274 2892 1444 2947 verbis
1471 2892 1536 2947 ⁸ο.
1582 2891 1725 2947 Idem
1782 2901 1833 2948 et
1875 2894 2173 2965 Apostolus
2205 2916 2219 2953 ;

2322 2920 2476 2959 τετε.
2540 2900 2680 2970 Ἐγὼ
2709 2900 2767 2953 δὲ
2813 2900 3030 2970 ἕτοιμός
3059 2901 3171 2968 εἰμι
3198 2899 3284 2952 διά
3328 2898 3535 2967 φιλίαν,
3569 2899 3654 2951 καὶ
3684 2896 3750 2949 σοὶ
3773 2894 3836 2946 καὶ

649 2984 834 3042 Nolite
887 2996 1005 3041 ante
1053 2995 1252 3052 tempus
1289 2984 1539 3054 judicare
1567 2984 1633 3038 “.
1688 2983 1801 3055 Ego
1838 3000 1968 3042 vero
2001 2996 2224 3058 paratus

2328 2995 2490 3048 παντὶ
2509 2992 2691 3046 δοῦναι
2721 2990 2879 3058 λόγον
2920 2990 3017 3059 τῆς
3048 2990 3187 3060 ὲμῆς
3221 2989 3567 3060 προμηθείας
3594 2987 3678 3041 καὶ
3709 2986 3836 3051 ἀσφα-

646 3096 769 3135 sum
811 3086 1031 3149 propter
1069 3076 1390 3139 amicitiam,
1423 3083 1477 3131 et
1508 3076 1604 3131 tibi
1649 3084 1701 3132 et
1748 3078 1927 3134 cuivis
1954 3081 2221 3135 rationem

2250 3117 2292 3175 ο
2325 3087 2497 3150 λείας,
2528 3085 2631 3140 κάν
2659 3100 2806 3147 τινες
2843 3081 3012 3150 αὐτὴν
3059 3080 3340 3135 ἀπείθειαν
3381 3081 3716 3151 ὀνομάζουσιν
3760 3076 3835 3141 (4)·

647 3171 879 3229 reddere.
899 3178 953 3226 et
987 3169 1288 3240 prudentiae
1327 3183 1479 3232 mete,
1514 3179 1568 3225 ct
1606 3171 1903 3236 cautionis,
1931 3172 2038 3227 etsi
2082 3188 2223 3226 non-

2361 3194 2414 3230 ta
2453 3176 2651 3246 μάθῃς,
2686 3175 2768 3227 ὅτι
2798 3174 2860 3227 οὐ
2893 3172 3032 3226 πάνυ
3087 3172 3162 3241 (2)
3212 3171 3419 3241 φαῦλον
3444 3172 3584 3242 ἔχεις
3618 3170 3748 3239 φίλον
3774 3165 3838 3217 καὶ

648 3263 786 3319 nulli
867 3276 988 3317 eam
1042 3260 1466 3315 inohedientiam
1531 3263 1873 3326 vocaverint;
1928 3270 1986 3317 ut
2044 3262 2227 3321 discas

2326 3270 2430 3323 ἀπε
2440 3267 2752 3339 ρίσκεπτον,
2780 3263 3245 3335 άλλάθαρροῦντα
3270 3265 3395 3334 μὲν,
3421 3264 3455 3317 ἃ
3480 3264 3688 3334 θαρρεῖν
3714 3258 3837 3323 ἄξιον.

647 3354 795 3426 quod
820 3370 929 3409 non
959 3354 1186 3408 omnino
1210 3352 1497 3423 indignum
1527 3354 1732 3409 habeas
1753 3355 2013 3421 amicum,
2046 3372 2226 3427 neque

2322 3362 2439 3413 ἐκεῖ
2466 3359 2523 3413 δὲ
2565 3357 2920 3428 φοϐούμενον,
2973 3355 3117 3410 κατὰ
3156 3357 3255 3428 τὴν
3304 3354 3643 3425 ψαλμῳδίαν,
3683 3345 3734 3403 οὗ
3760 3348 3837 3399 ἔστι

648 3447 1138 3507 inconsideratum,
1170 3445 1266 3499 sed
1294 3445 1347 3497 in
1368 3444 1573 3514 quibus
1604 3446 1703 3499 niti
1730 3460 1854 3500 cum
1876 3446 2076 3502 fiducia
2095 3462 2226 3503 con-

2322 3452 2507 3523 φόὸος.
2531 3452 2766 3523 Φοϐερὸν
2794 3450 2924 3520 γὰρ,
2963 3448 3023 3502 τὸ
3050 3449 3123 3519 μὴ
3151 3447 3437 3518 φοϐεῖσθαι
3471 3447 3532 3499 τὸ
3557 3446 3648 3517 τῆς
3671 3447 3838 3498 ἐπισκο-

648 3540 797 3595 venit
834 3537 1225 3602 conﬁdentem,
1258 3536 1675 3607 timentemque,
1718 3540 2026 3594 secundum
2069 3538 2225 3597 Psal-

1500 3553 1675 3607 mque,
1718 3540 2026 3594 secundum
2069 3538 2225 3597 Psal-
2328 3548 2436 3616 πῆς
2460 3545 2680 3616 ἀξίωμα
2712 3544 2806 3597 καὶ
2842 3542 3087 3615 μέγεθος.

647 3648 799 3686 mum
828 3634 893 3693 δ’,
926 3631 1017 3685 ubi
1049 3641 1133 3685 est
1167 3631 1330 3685 timor
1370 3648 1384 3685 :
1421 3631 1623 3703 quippe
1655 3632 2122 3691 reformidandum
2151 3646 2239 3693 est
2270 3656 2379 3696 non
2419 3643 2768 3712 episcopatus
2801 3639 3120 3711 dignitatem
3161 3644 3215 3693 et
3253 3636 3680 3709 magnitudinem
3714 3630 3843 3686 refor-

648 3727 877 3781 midare.

720 3818 986 3883 Quidnam
1024 3818 1190 3888 igitur
1222 3818 1419 3886 placet.
1448 3858 1461 3872 .
1487 3856 1501 3871 .
1528 3858 1542 3873 .
1567 3858 1581 3871 .
1634 3835 1806 3874 rerum
1866 3824 2111 3892 impetus.
2150 3856 2217 3865 —

2378 3826 2500 3882 Col.
2537 3824 2641 3881 856
2687 3826 2728 3879 Β
2766 3827 2849 3880 ll.
2903 3827 2966 3880 Τί
2990 3822 3104 3880 οὖν
3131 3825 3311 3879 δοκεῖ.
3336 3866 3350 3877 .
3377 3866 3391 3879 .
3434 3819 3840 3877 ἐπαναστάσεις·

648 3909 1004 3979 Apologiam,
1057 3912 1154 3972 ait,
1214 3910 1268 3963 in
1329 3916 1539 3977 tempus
1593 3908 1740 3963 aliud
1801 3912 2217 3968 transferamus.

2363 3916 2426 3987 ὴν
2469 3917 2565 3987 μὲν
2598 3915 2920 3984 ἀπολογίαν,
2957 3915 3141 3985 φησιν,
3190 3916 3269 3978 εἰς
3304 3914 3466 3969 ἄλλον
3502 3912 3683 3982 καιρὸν
3712 3909 3840 3974 ὑπερ·

647 3999 807 4054 Nunc
839 4014 970 4054 vero
1000 3998 1250 4054 dicamus
1277 3998 1509 4069 aliquid,
1552 3999 1698 4070 quod
1724 4002 1827 4055 hoc
1855 4004 2221 4061 solemnitatis

2316 4008 2534 4079 θώμεθα
2553 4022 2566 4036 ⁸
2600 4006 2691 4060 νῦν
2721 4008 2777 4060 δὲ
2804 4007 3046 4076 εἴπωμέν
3068 4024 3119 4058 τι
3150 4005 3361 4077 πρέπον
3394 4006 3475 4077 τῷ
3505 4001 3674 4075 καιρῷ
3708 3996 3837 4063 τούτῳ

648 4098 866 4160 tempus
908 4091 1121 4147 deceat.
1174 4089 1449 4146 Immunes
1494 4106 1595 4145 nos
1633 4092 1926 4150 reddamus
1952 4136 1967 4159 ,
2002 4095 2220 4160 fratres,

2316 4102 2415 4171 τῆς
2463 4101 2842 4171 πανηγύρεως.
2904 4098 3416 4170 Ἐλευθερωθῶμεν,
3473 4097 3700 4165 ἀδελφοὶ,
3742 4088 3840 4144 κατᾶ

642 4182 802 4254 juxta
838 4181 989 4237 Pauli
1022 4182 1459 4238 adhortationem
1490 4222 1505 4244 ,
1534 4186 1716 4239 omnis
1746 4187 1932 4242 carnis
1966 4196 2021 4243 et
2053 4191 2218 4259 spiri-

2320 4192 2418 4263 τὴν
2453 4193 2665 4244 Παύλου
2710 4191 3050 4263 παραίνεσιν.
3093 4192 3200 4243 ἀπὸ
3230 4192 3433 4254 παντὸς
3471 4186 3729 4262 μολυσμοῦ
3760 4201 3843 4236 σω-

646 4286 737 4332 tus
773 4276 1173 4346 inquinamenti
1202 4276 1266 4329 ⁸³.
1306 4276 1610 4334 Audiamus
1652 4277 1846 4334 Isaiam
1901 4281 2170 4337 dicentem
2202 4303 2214 4338 :

2326 4282 2554 4354 ματικοῦ
2589 4285 2679 4336 καὶ
2693 4283 2945 4353 ψυχικοῦ.
2978 4282 3322 4353 Ἀκούσωμεν
3366 4284 3587 4336 Ἡσαΐου
3615 4280 3821 4346 λέγοντος
3832 4268 3864 4297 ”’

643 4365 927 4421 Lavamini
951 4405 966 4431 ,
998 4366 1182 4420 mundi
1214 4368 1358 4435 ﬁalis
1389 4367 1453 4422 “.
1491 4367 1761 4423 Lavemur
1781 4386 1921 4440 aqua
1950 4373 2217 4441 pmniten-

2321 4375 2658 4438 Λούσασθε,
2714 4372 2958 4441 καθαροί
3016 4373 3288 4441 γίνεσθε·
3344 4374 3442 4426 καὶ
3493 4369 3755 4442 νιψώμεθα
3789 4362 3842 4430 τῷ

646 4460 735 4513 tia:
775 4468 830 4512 et
861 4459 1232 4529 lacrymarum
1258 4500 1271 4525 ,
1303 4468 1358 4513 et
1397 4460 1541 4515 sicut
1576 4462 1644 4515 ad
1691 4460 1972 4519 Romanos
2018 4464 2214 4519 scribit

2361 4464 2469 4517 Ξατι
2507 4464 2609 4533 τῆς
2652 4465 2937 4535 μετανοίας
2980 4466 3074 4517 καὶ
3115 4465 3223 4518 τῶν
3255 4464 3540 4536 δακρύων·
3577 4464 3666 4516 καὶ
3707 4454 3843 4514 καθὼς

641 4550 944 4621 Apostolus
981 4569 993 4605 :
1030 4548 1389 4606 Exhibeamus
1441 4568 1666 4621 corpora
1725 4563 1930 4618 nostra,
1988 4555 2215 4610 hostiam

2332 4556 2624 4628 Ῥωμαίοις
2670 4558 2870 4628 γράφει
2919 4558 2947 4608 ὁ
3004 4556 3353 4621 Ἀπόστολος·
3411 4552 3843 4625 Παραστήσωμεν

642 4645 910 4705 viventem,
941 4652 1209 4705 sanctam,
1244 4642 1352 4696 Deo
1392 4644 1682 4711 placentem
1704 4684 1719 4707 ,
1750 4646 2072 4699 rationabile
2116 4647 2207 4699 ob-

2318 4648 2389 4701 τὰ
2421 4647 2665 4717 σώματα
2710 4648 2899 4717 ἡμῶν,
2935 4651 3159 4704 θυσίαν
3202 4648 3424 4710 ζῶσαν,
3461 4650 3653 4718 ἁγίαν,
3680 4642 3842 4709 εὐάρε-

640 4734 879 4804 sequium
917 4741 1157 4786 nostrum
1188 4732 1255 4785 “.
1293 4733 1680 4789 Animadverte
1717 4744 1895 4791 autem
1932 4737 2077 4791 verbi
2115 4754 2215 4792 eu—

2317 4756 2468 4793 στον
2512 4738 2592 4805 τῷ
2625 4740 2766 4805 Θεῷ,
2795 4740 2910 4809 τὴν
2936 4742 3191 4812 λογικὴν
3218 4741 3388 4812 ἡμῶν
3434 4742 3710 4810 ἰατρείαν.
3738 4736 3843 4803 Ὅρι

636 4824 837 4895 jusque
876 4824 1327 4878 concinnitatem.
1370 4822 1488 4880 Non
1517 4825 1663 4879 enim
1692 4825 1873 4881 dixit:
1922 4827 2213 4885 Faciamus

2318 4832 2375 4884 δὲ
2416 4832 2514 4903 τὴν
2567 4833 2852 4904 ἀκρίὸειαν
2906 4835 3141 4907 ἑκάστης
3185 4834 3405 4902 λέξεως.
3444 4835 3519 4888 Ού
3570 4833 3674 4903 γὰρ
3724 4824 3840 4881 εἴτε

640 4917 891 4972 membra
946 4923 1133 4971 nostra
1181 4916 1451 4981 hostiam,
1485 4919 1580 4973 sed
1623 4919 1998 4986 exhibeamus;
2053 4923 2211 4992 quasi

2320 4926 2642 4997 Ποιήσωμεν
2674 4926 2742 4979 τὰ
2773 4927 2908 4997 μέλη
2938 4928 3095 4998 ἡμῶν
3142 4927 3352 4992 θυσίαν,
3387 4927 3546 4993 ἀλλὰ,
3580 4916 3843 4993 Παραστή-

639 5008 865 5073 diceret,
897 5008 1033 5062 nihil
1060 5022 1350 5062 commune
1388 5008 1689 5066 habeamus
1727 5013 1996 5083 reliquum
2024 5015 2090 5069 ad
2114 5030 2207 5080 ea,

2313 5034 2515 5086 σωμεν
2533 5035 2546 5048 ·
2587 5018 2663 5082 ὡς
2690 5018 2755 5072 ἂν
2786 5021 2832 5071 εί
2873 5019 3047 5087 ἔλεγε,
3074 5019 3239 5091 μηδὲν
3266 5020 3448 5073 κοινὸν
3470 5020 3675 5088 ἔχωμεν
3701 5008 3844 5065 λοιπὸν

638 5113 820 5168 neque
868 5098 1237 5154 distrahamus
1272 5099 1338 5154 ad
1392 5104 1611 5172 propria
1653 5103 1864 5171 ofﬁcia,
1917 5115 2205 5176 postquam

2318 5107 2451 5178 πρὸς
2479 5106 2639 5169 αὐτὰ,
2681 5108 2813 5179 μηδὲ
2864 5108 3214 5179 καθέλκωμεν
3247 5108 3386 5180 πρὸς
3427 5105 3690 5166 ἰδιωτικὰς
3710 5102 3844 5153 διακο·

634 5192 895 5246 universa
933 5206 993 5246 ea
1040 5189 1150 5245 Deo
1194 5194 1681 5261 consecravimus;
1719 5194 1814 5251 sed
1849 5211 2067 5252 omnem
2112 5197 2213 5250 im-

2308 5198 2452 5262 νίας,
2498 5197 2575 5267 τῷ
2623 5197 2742 5267 Θεῴ
2789 5197 3043 5262 καθάπαξ
3090 5198 3230 5251 αὐτὰ
3265 5197 3685 5269 ἀφιερώσαντες.
3723 5186 3844 5243 Ἀλλὰ

639 5283 962 5339 munditiam
997 5284 1261 5353 reliquam
1300 5301 1331 5339 a
1359 5287 1653 5352 membris,
1689 5304 1813 5358 qum
1842 5297 1972 5343 sunt
1998 5289 2207 5352 hostia,

2309 5289 2402 5340 καὶ
2435 5286 2613 5340 πάντα
2650 5286 2842 5358 μῶμον
2883 5288 3066 5342 λοιπὸν
3117 5288 3462 5359 περιέλωμεν
3510 5286 3615 5340 ἀπὸ
3655 5281 3750 5336 τῶν
3775 5292 3843 5347 με·

638 5376 1033 5447 praacidamus,
1071 5376 1247 5431 hostia
1273 5379 1417 5432 enim
1450 5379 1681 5433 aliorum
1707 5388 1792 5436 est
1818 5381 2036 5436 initium
2062 5421 2076 5443 ,
2113 5397 2213 5436 nec

2308 5376 2437 5440 λῶν,
2464 5377 2649 5448 ἐπειδὴ
2680 5376 2840 5431 θυσία
2870 5376 3045 5432 ταῦτά
3071 5380 3207 5433 ἐστι.
3250 5379 3312 5431 Ἦ
3333 5379 3448 5448 γὰρ
3470 5377 3645 5437 θυσία,
3666 5364 3842 5436 ἀπαρχὴ

636 5466 933 5537 quidquam
973 5466 1194 5535 prodest
1227 5466 1428 5523 habere
1477 5468 1845 5526 immundum.
1880 5471 2003 5527 Ideo
2047 5487 2210 5542 opor-

2309 5468 2415 5522 τῶν
2444 5467 2619 5522 ἄλλων
2668 5469 2805 5533 ἐστὶ,
2836 5470 2930 5523 καὶ
2967 5470 3118 5523 οὐδὲν
3150 5470 3351 5539 ὀφείλει
3389 5469 3538 5540 ἔχειν
3564 5465 3838 5533 ἀκάθαρτονι

704 5620 748 5651 ’⁸ο
779 5620 939 5676 Prov.
970 5638 1094 5688 xxv,
1130 5622 1214 5676 ll.
1292 5624 1335 5654 “
1368 5622 1388 5678 ι
1419 5623 1545 5680 Cor.
1584 5640 1657 5696 Iv,
1694 5628 1745 5683 5.
1827 5628 1869 5660 δ’
1904 5627 2049 5683 Psal.
2089 5645 2211 5696 xm,
2248 5632 2291 5686 5.

2248 5632 2298 5686 5.
2380 5632 2425 5662 ⁸³
2461 5631 2499 5683 ll
2529 5631 2656 5687 Cor.
2691 5649 2783 5699 vn,
2822 5634 2869 5686 l.
2955 5634 2999 5665 “
3033 5633 3136 5689 lsa.
3174 5652 3211 5700 l,
3246 5635 3332 5689 16.
3416 5636 3461 5667 ⁸⁸
3492 5634 3643 5687 Rom.
3680 5645 3745 5689 ιι,
3778 5625 3812 5675 ί.

699 5796 781 5868 (1)
817 5796 1031 5864 Quarta:
1061 5800 1282 5871 syllabae
1317 5802 1371 5857 in
1398 5803 1518 5859 cod.
1543 5820 1572 5860 a
1597 5805 1915 5877 inscriptum
1944 5814 2025 5863 est
2050 5824 2113 5860 ω.

2350 5807 2425 5880 (2)
2450 5806 2729 5865 Vocabulo
2749 5810 2890 5867 πάνυ
2919 5812 2973 5867 in
2999 5811 3120 5867 cod.
3144 5828 3173 5867 a
3202 5813 3527 5882 inscriptum
3551 5816 3628 5867 est
3649 5805 3814 5861 πάντη·
