4018 6296
164 223 275 285 977

1312 200 1430 273 an
1471 219 1527 274 s.
1564 214 1891 275 caecos"
1925 214 2136 273 ORAT.
2174 217 2263 271 x1.

3326 216 3433 275 978

162 341 248 396 διὸ
293 338 400 412 χρὴ
450 337 716 392 πάντοθεν
765 337 999 408 ἄμωμον
1044 336 1329 407 τηρεῖσθαι
1383 337 1443 389 τὸ
1486 337 1644 407 σῶμα
1693 335 1794 394 τδλ

1898 342 1933 388 ει
1955 335 2182 389 omnino
2204 334 2614 388 immaculatum
2637 347 2836 403 corpus
2857 341 3107 387 nostrum
3126 347 3430 401 servemus,

165 435 469 504 ἡμέτερον,
506 431 595 485 ἴνα
637 431 786 495 ἀξιον
828 430 915 500 εἴη
959 429 1057 485 τοῦ
1092 428 1442 492 θυσιάζεσθαι
1493 428 1569 499 τῷ
1614 426 1752 496 Θεῷ.

178 520 406 593 Ἐπειδὴ
435 521 493 574 δὲ
512 517 654 583 εἷπε,
688 521 1080 591 Παραστήσατε
1108 519 1319 582 θυσίαν,
1348 520 1435 573 ἵνα
1470 522 1541 590 μή
1567 536 1649 581 τις
1673 535 1758 570 νο-

171 615 334 688 μίσῃ,
368 614 450 667 ὃτι
493 611 841 681 κατασφάξαι
886 610 1096 665 κελεύει
1141 611 1209 666 τά
1253 611 1503 682 σώματα,
1548 611 1760 680 ταχέως

168 707 444 777 ἐπήγαγε,
480 703 696 765 ζῶσαν.
728 704 838 757 Καὶ
870 702 1229 774 προσέθηκεν,
1265 703 1445 771 ἁγίαν
1481 702 1577 755 καὶ
1621 699 1760 754 ebd-

165 811 416 867 ρεστον,
466 794 690 865 διαιρῶν
717 794 886 864 αὐτὴν
918 794 1026 847 ἀπὸ
1051 793 1152 863 τῆς
1194 794 1511 862 Ἰουδαϊκῆς.
1558 793 1621 845 Ἦ
1652 809 1762 844 τοι-

174 891 320 958 αύτη
343 888 454 958 γάρ
489 886 671 949 θυσία,
703 887 1113 958 εύαρεστήσεως
1132 903 1146 916 ο
1176 888 1208 956 ή
1250 886 1307 939 δὲ
1329 885 1435 939 τῶν
1474 884 1759 949 Ἰουδαίων,

175 980 512 1049 ἀκάθαρτος.
561 977 773 1048 Ἑκείνη
804 978 864 1031 τὸ
895 978 1189 1049 τεθυμένον
1228 979 1416 1049 νεκρὸν
1450 979 1726 1050 ἀπέφηνεν
1746 993 1762 1008 ο

179 1070 325 1141 αὕτη
350 1071 412 1124 τὸ
442 1069 759 1140 τεθυμένον,
789 1069 899 1133 ζῶν
934 1069 1253 1141 ἐργάζεται·
1292 1071 1378 1123 ὅτε
1425 1068 1532 1139 γὰρ
1564 1067 1768 1136 νεκρώ-

184 1177 355 1229 σομεν
387 1161 543 1230 ἡμῶν
569 1159 636 1211 τά
672 1159 830 1229 μέλη,
862 1160 984 1212 τότε
1003 1158 1343 1230 δυνησόμεθα
1373 1157 1492 1227 ζῇν.
1524 1157 1766 1227 Κάκείνη

185 1252 291 1322 μὲν
339 1251 651 1321 σωματικὴ,
708 1249 846 1321 αῦτη
897 1250 954 1303 δὲ
1005 1250 1216 1321 λογικὴ,
1278 1249 1557 1302 τουτέστιν
1616 1248 1769 1301 οὐδὲν

182 1349 386 1416 ἔχουσα
405 1344 572 1415 παχὺ,
599 1343 720 1397 οὐδὲ
742 1343 1018 1413 αἰσθητόν.
1044 1342 1251 1410 Λογικὴ
1269 1341 1324 1393 δὲ
1354 1340 1578 1411 λατρεία
1602 1340 1769 1407 ἐστὶν,

184 1442 219 1509 ἡ
261 1435 609 1507 πνευματικὴ
649 1435 916 1500 διακονία,
967 1436 1001 1505 ή
1047 1433 1189 1487 κατὰ
1226 1432 1461 1503 Χριστὸν
1504 1430 1770 1485 πολιτεία.

186 1532 464 1601 Καθάπερ
508 1527 599 1584 οῦν
633 1532 661 1582 ό
691 1531 749 1581 ὲν
775 1527 854 1597 τῷ
881 1528 1015 1598 οἴκῳ
1036 1526 1129 1579 τοῦ
1162 1526 1295 1579 Θεοῦ
1337 1524 1769 1594 διακονούμενος,

186 1617 304 1685 οἶος
330 1622 398 1675 ἂν
434 1618 493 1692 ᾖ,
527 1620 874 1673 συστέλλεται
899 1616 1019 1671 τότε
1064 1617 1158 1671 καὶ
1202 1616 1492 1688 ἱερώτερος
1530 1615 1771 1684 γίνεται’

1862 434 1922 481 ut
1954 426 2179 498 dignum
2216 425 2449 495 sitquod
2483 425 2591 481 Deo
2621 425 2903 481 oll‘eratur.
2928 423 3225 494 Postquam
3251 433 3433 479 autem

1860 517 2020 582 dixit,
2047 518 2355 573 exhibeatis
2382 519 2640 583 hostiam,
2670 533 2740 573 ne
2771 518 2897 589 quis
2925 518 3267 573 existimaret
3290 515 3434 587 quod

1863 612 2135 667 immolari
2191 612 2378 681 jubeat
2411 627 2664 683 corpora,
2723 614 2977 683 protinus
3021 611 3230 679 adjicit,
3265 612 3438 665 viven-

1866 713 2003 768 tem;
2050 711 2104 758 et
2134 703 2351 769 deinde,
2395 715 2637 758 sanctam
2671 714 2721 758 et
2764 704 2874 759 Deo
2913 704 3240 773 placentem,
3271 717 3302 756 a
3343 698 3439 755 Ju-

1865 797 2022 852 daica
2072 812 2367 853 secernens
2401 814 2543 852 eam.
2598 798 2723 852 Htee
2779 798 2924 852 enim
2962 794 3302 866 beneplacita
3358 802 3457 848 est.

1868 891 2068 954 hostia,
2105 888 2420 943 Judteorum
2466 905 2595 943 vero
2646 889 2961 952 immunda;
3013 889 3117 944 ista
3162 888 3305 941 enim
3338 886 3445 939 im-

1868 981 2132 1035 molatum
2183 987 2461 1033 mortuum
2512 978 2788 1043 ostendit;
2817 978 2931 1032 haec
2976 984 3156 1031 autem
3196 974 3445 1029 immola-

1869 1080 1987 1127 tum
2039 1072 2309 1126 viventem
2365 1069 2545 1125 ellicit.
2602 1069 2735 1122 Nam
2795 1070 3037 1125 membra
3083 1076 3272 1123 nostra
3317 1081 3445 1121 cum

1871 1162 2428 1227 mortificaverimus,
2499 1168 2631 1214 tunc
2698 1161 2883 1215 vivere
2953 1161 3275 1231 poterimus.
3337 1157 3445 1213 Ista

1872 1255 2093 1326 quidem
2133 1253 2462 1324 corporalis,
2500 1253 2615 1307 hate
2660 1260 2839 1306 autem
2898 1252 3279 1313 rationabilis,
3311 1252 3447 1306 nihil

1874 1348 2086 1403 scilicet
2122 1346 2320 1416 pingue
2343 1346 2425 1398 vel
2455 1345 2657 1400 sensile
2701 1345 2930 1400 habens.
2962 1342 3309 1399 Rationabile
3350 1360 3450 1398 au-

1874 1450 1983 1495 tem
2021 1442 2345 1509 obsequium
2377 1448 2495 1506 est,
2531 1439 2817 1508 spirituale
2846 1438 3219 1493 ministerium
3246 1475 3261 1502 ,
3294 1437 3453 1506 juxta

1876 1532 2156 1587 Christum
2204 1530 2633 1584 administratio.
2690 1529 2843 1583 Sicut
2894 1528 3062 1599 igitur
3108 1528 3203 1598 qui
3261 1528 3314 1581 in
3358 1526 3455 1582 Dei

1879 1624 2042 1678 domo
2068 1624 2365 1687 ministrat,
2416 1622 2595 1692 qualis
2641 1630 2808 1683 esset.
2852 1628 2984 1675 tunc
3039 1628 3355 1675 coarctatur
3404 1628 3455 1675 ct

186 1713 336 1769 οὕτω
369 1716 466 1768 καὶ
500 1716 649 1785 ἡμᾶς
678 1714 770 1767 τὸν
804 1712 1019 1766 ἅπαντα
1050 1710 1163 1781 βίον
1200 1709 1503 1763 διακεῖσθαι
1537 1707 1662 1779 χρὴ,
1702 1707 1778 1769 ὡς

1898 1715 2125 1770 sanctior
2157 1714 2252 1780 ﬁt,
2282 1714 2365 1770 sic
2399 1722 2453 1768 et
2495 1713 2861 1781 nosmetipsos
2909 1727 3006 1781 per
3041 1726 3256 1765 omnem
3288 1711 3459 1765 vitam

186 1804 557 1877 λατρεύοντας
603 1803 698 1857 καὶ
746 1801 1230 1873 ἱερωμένους.Τὴν
1276 1800 1460 1871 μέντοι
1498 1797 1776 1869 λατρείαν,

192 1897 443 1963 ἔντευξιν
473 1898 502 1949 ὁ
526 1895 788 1964 Θεολόγος
815 1893 1088 1964 ὠνόμασε.
1115 1892 1194 1944 Δι’
1231 1890 1401 1960 αὐτῆς
1441 1888 1550 1961 γὰρ
1580 1890 1777 1955 ἐντυγ-

193 1989 437 2060 χάνομεν
478 1985 571 2039 καὶ
612 1983 909 2055 ὁμιλοῦμεν
963 1981 1101 2052 Θεῷ.
1154 1981 1321 2033 Οὐδὲν
1365 1979 1471 2050 γάρ
1519 1978 1661 2032 οῦτω
1704 1975 1782 2047 τῷ

193 2078 428 2151 καθαρῷ
454 2077 572 2147 Θεῷ
591 2076 791 2146 τίμιον,
817 2074 891 2137 ώς
918 2073 1225 2145 καθαρότης
1251 2072 1283 2143 ῆ
1316 2071 1601 2143 κάθαρσις.
1626 2068 1782 2123 Ἐστι

193 2172 255 2226 δὲ
282 2168 596 2240 καθαρότης
629 2168 748 2238 μὲν,
785 2166 846 2219 τὸ
877 2166 976 2236 ήδη
1005 2164 1345 2236 καθαρθῆναι
1367 2180 1381 2195 ο
1412 2163 1676 2232 κάθαρσις
1702 2161 1780 2227 δὲ,

193 2264 259 2319 τὺ
300 2262 380 2315 ἔτι
419 2258 798 2331 καθαίρεσθαιο
832 2257 865 2329 ἢ
897 2257 1209 2328 καθαρότης
1247 2257 1365 2327 μὲν,
1401 2258 1461 2309 τὸ
1494 2255 1568 2326 μὴ
1609 2255 1785 2324 ἐμπε-

198 2358 314 2408 σεῖν
345 2356 426 2417 είς
459 2352 778 2423 μολύσματα
798 2367 811 2381 σ
851 2350 1118 2421 κάθαρσις
1158 2348 1236 2413 δὲ,
1265 2349 1326 2401 τὸ
1358 2347 1495 2419 μετά
1525 2346 1583 2400 τὸ
1615 2349 1784 2416 ὲμπευ

198 2449 316 2501 σεῖν
348 2443 765 2499 ἀπονίπτεσθαι.
802 2441 928 2494 Ἐὰν
957 2440 1134 2494 τοίνυν
1157 2439 1473 2511 βουλώμεθα
1500 2437 1786 2511 ἑορτάζον-

198 2557 293 2604 τες
344 2536 672 2610 θεραπεύειν
724 2535 850 2597 τοὺς
900 2534 1202 2605 μάρτυρας,
1247 2532 1407 2586 τοῦτο
1451 2533 1560 2594 τοῖς
1607 2529 1788 2591 ἄθλοις

199 2632 385 2686 αὐτῶν
413 2627 793 2701 χαρισώμεθα,
823 2626 883 2679 τὸ
912 2626 1007 2679 καὶ
1047 2626 1200 2679 αὐτοὶ
1242 2623 1671 2693 στεφανωθῆναι,
1712 2621 1790 2685 ώς

201 2724 427 2796 νικηταὶ
457 2722 556 2791 τῆς
584 2720 859 2792 ἁμαρτίας
897 2718 990 2770 καὶ
1029 2717 1140 2771 τῶν
1162 2716 1453 2787 δαιμόνων,
1475 2715 1571 2768 καὶ
1597 2714 1658 2767 τὸ
1676 2715 1791 2765 ἐπι·

201 2822 392 2890 τυχεῖν
422 2816 524 2887 τῆς
553 2814 723 2884 αὐτῆς
748 2815 926 2883 δόξης,
956 2813 1017 2866 ού
1050 2812 1209 2883 μόνον
1252 2812 1351 2881 τῆς
1389 2811 1539 2882 παρά
1569 2809 1678 2863 τῶν
1704 2809 1793 2860 ἀν·
1836 2818 1839 2823 ·

205 2910 465 2984 θρώπων,
509 2907 645 2961 ἀλλά
685 2907 781 2960 καὶ
818 2906 919 2975 τῆς
961 2904 1282 2976 μελλούσης,
1323 2898 1391 2974 ἧς
1437 2903 1613 2973 μικρά
1655 2903 1792 2953 εἰσιν

1881 1806 2039 1879 quasi
2068 1809 2366 1861 adorantes
2391 1813 2445 1860 et
2472 1804 2840 1860 sanctilicatos
2871 1804 3210 1873 przebeamus
3231 1817 3427 1857 necess
3448 1826 3463 1857 -.

1880 1907 1985 1955 est.
2035 1898 2192 1964 Quod
2232 1897 2453 1968 quidem
2495 1896 2819 1965 obsequium
2861 1896 3232 1964 precationem
3281 1892 3460 1947 Theo-

1883 1991 2040 2061 logus
2073 1990 2385 2059 appellavit.
2430 1987 2677 2057 Namque
2721 2003 2815 2056 per
2854 1986 2985 2041 illud
3025 1986 3181 2055 quasi
3213 1984 3462 2038 adhaere-

1885 2098 2009 2136 mus
2049 2080 2181 2136 Deo.
2220 2079 2407 2150 Neque
2445 2080 2588 2135 enim
2625 2093 2798 2149 purus
2834 2077 2976 2133 Deus
3012 2084 3163 2131 tanto
3203 2077 3255 2130 in
3287 2076 3463 2145 pretio

1885 2173 2188 2244 quidquam
2250 2172 2433 2234 habet,
2480 2186 2647 2242 quam
2706 2171 2998 2239 puritatem
3060 2177 3150 2221 aut
3186 2167 3461 2239 purgatio-

1888 2279 2034 2319 nem.
2075 2262 2294 2317 Puritas
2337 2271 2515 2315 autem
2550 2260 2661 2329 jam
2690 2258 2963 2328 puriﬁcati
3002 2263 3107 2319 est,
3136 2264 3190 2309 et
3218 2254 3467 2324 purgatio

1888 2357 2067 2412 adhuc
2098 2371 2158 2413 se
2203 2354 2575 2425 puriﬁcantis.
2621 2350 2841 2405 Puritas
2874 2351 3095 2420 quippe,
3130 2364 3238 2402 non
3277 2348 3331 2400 in
3386 2347 3471 2398 in-

1889 2451 2252 2521 quinamenta
2288 2446 2532 2501 incidere
2557 2448 2587 2512 ;'
2614 2445 2866 2515 purgatio
2894 2453 3099 2506 autem,
3134 2448 3258 2512 post
3290 2440 3471 2507 inqui-

1892 2542 2174 2598 natiouem
2203 2540 2480 2596 mundari.
2516 2538 2573 2593 Si
2604 2539 2769 2609 igitur
2802 2538 3001 2591 festum
3050 2542 3273 2605 agentes
3327 2547 3472 2587 mar-

1892 2641 2043 2705 tyres
2084 2633 2297 2688 honore
2338 2631 2602 2703 prosequi
2655 2630 3015 2693 voluerimus,
3050 2626 3155 2681 hoc
3190 2624 3474 2679 laboribus

1894 2743 2083 2783 eorum
2115 2726 2522 2797 indulgeamus,
2561 2725 2771 2779 scilicet
2806 2732 2864 2777 ut
2898 2731 2951 2777 et
2991 2721 3091 2792 ipsi
3121 2732 3472 2783 coronemur,

1896 2820 2053 2890 quasi
2096 2820 2305 2890 peccati
2354 2818 2774 2887 daemonnmque
2817 2816 3056 2869 victores
3082 2853 3096 2878 ,
3126 2822 3180 2867 et
3228 2810 3474 2865 eamdem

1898 2926 2311 2982 consequamur
2338 2912 2594 2983 gloriam,
2630 2925 2737 2964 non
2777 2924 2896 2963 eam
2936 2906 3098 2960 tundo
3128 2920 3250 2975 qua:
3281 2919 3347 2959 ex
3379 2903 3476 2956 ho-

208 3002 604 3073 ὑπομνήματα,
636 3002 691 3051 αἱ
721 2997 993 3069 ὁρώμεναι
1034 2996 1209 3067 τιμαὶ,
1239 2997 1296 3048 αἱ
1328 2996 1458 3066 παρ’
1483 2994 1643 3065 ἡμῶν
1679 2995 1793 3058 τοῖς

1901 3005 2148 3060 minibus
2180 3004 2364 3068 venit,
2408 3005 2504 3058 sed
2534 3011 2585 3057 et
2636 3017 2755 3057 eam
2796 3016 2918 3070 qua:
2951 2999 3133 3053 futura
3168 3006 3251 3051 est
3273 3036 3286 3059 ,
3320 2994 3477 3061 cuqu

212 3098 455 3171 μάρτυσι
501 3092 935 3165 προσαγόμεναι.
977 3092 1099 3144 οὐκ
1134 3089 1301 3142 ἐστιν
1332 3088 1478 3157 ἡμῖν
1520 3088 1558 3155 ἠ
1605 3086 1791 3154 πάλη,

209 3186 358 3242 κατά
386 3184 478 3238 τὸν
530 3181 873 3244 Ἀπόστολον,
910 3178 1060 3247 πρὸς
1088 3176 1232 3248 αἷμα
1270 3179 1368 3232 καὶ
1388 3176 1604 3246 σάρκα,
1630 3178 1797 3248 ἧγουν

212 3280 354 3353 πρὸς
383 3276 705 3348 ἀνθρώπους
732 3312 746 3336 ,
807 3274 944 3328 ἀλλά
995 3270 1133 3342 πρὸς
1177 3270 1301 3333 τοὺς
1357 3270 1630 3339 ἁσάρκους
1674 3265 1799 3320 δαί-

215 3389 410 3443 μονας,
456 3369 654 3433 οἵτινες
737 3363 916 3433 ἀρχαί
972 3362 1069 3432 μὲν
1120 3360 1386 3428 λέγονται,
1435 3360 1511 3424 ώς
1557 3360 1792 3430 ἀρχηγοὶ

212 3465 326 3518 τῶν
394 3460 608 3523 παθῶν,
674 3452 757 3521 οἷς
813 3458 862 3509 οί
901 3455 1240 3525 ταλαίπωροι
1280 3452 1496 3517 ἑκόντες
1556 3452 1803 3506 δουλεύο-

220 3571 362 3628 μενο
428 3551 706 3616 ἐξουσίαι
771 3549 850 3612 δὲ,
920 3547 994 3613 ώς
1062 3545 1150 3600 διά
1197 3546 1371 3617 μέσων
1450 3546 1560 3599 τῶν
1615 3544 1803 3599 παθῶν

216 3642 740 3712 κατεξουσιάζοντες
799 3638 991 3711 ἡμῶν
1054 3637 1535 3708 κοσμοκράτορες
1590 3638 1685 3700 δὲ,
1728 3639 1804 3704 ὡς

221 3734 703 3806 κατακρατοῦντες
749 3731 858 3785 τῶν
903 3732 971 3784 τὰ
1014 3730 1256 3801 κοσμικά
1306 3731 1670 3803 φρονούντων.
1734 3731 1808 3783 Τὰ

222 3828 536 3896 πνεύματα
566 3824 677 3891 τῆς
710 3821 1021 3891 πονηρίας,
1050 3820 1122 3874 τὰ
1159 3821 1229 3873 ἐν
1254 3820 1378 3886 τοῖς
1404 3820 1805 3889 ἐπουρανίοις,

223 3924 395 3991 ἤγουν
423 3918 491 3971 τά
528 3919 586 3970 ὲν
626 3915 703 3985 τῷ
745 3914 867 3986 ἀέρι
912 3912 1274 3984 στρεφόμενα.
1322 3913 1554 3980 Λέγεται
1584 3912 1692 3982 γάρ
1716 3913 1811 3966 καὶ

223 4018 255 4069 ό
296 4015 430 4084 ἀὴρ,
476 4010 723 4080 ούρανὸς,
769 4008 906 4077 ὅπερ
935 4005 1254 4077 ἑρμηνεύων
1294 4007 1322 4058 ὁ
1355 4005 1638 4073 Θεολόγος,
1675 4006 1811 4075 ἐπήν

227 4122 395 4174 γαγε.
424 4105 516 4159 καὶ
550 4099 784 4172 περὶ.τὰ
816 4098 1063 4171 οὐράνια.
1112 4095 1532 4165 Ἀγωνισώμεθα
1560 4092 1651 4151 οῦν
1678 4098 1813 4169 πρὸς

156 4234 163 4239 ~
227 4201 324 4253 τὸν
372 4195 634 4268 ἐμφύλιον
720 4195 779 4245 ἐν
848 4194 980 4263 ἡμῖν
1050 4191 1307 4261 πόλεμον
1368 4192 1515 4259 λέγει
1590 4192 1697 4263 γὰρ
1786 4192 1814 4243 ὁ

243 4290 592 4352 Ἀπόστολος,
636 4282 773 4340 εἷναί
798 4302 921 4338 τινα
969 4286 1027 4337 ὲν
1074 4287 1187 4346 τοῖς
1217 4283 1433 4354 μέλεσιν
1463 4284 1622 4354 ἡμῶν
1651 4283 1815 4354 νόμον

1901 3100 2237 3156 monimenta
2276 3100 2471 3169 exigua
2515 3104 2645 3153 sunt
2672 3097 2764 3166 qui
2797 3093 2973 3149 oculis
3006 3099 3312 3146 cernuntur
3357 3087 3481 3157 qui-

1901 3208 2009 3263 que
2044 3207 2074 3245 a
2112 3191 2272 3247 nobis
2322 3189 2657 3259 martyribus
2701 3186 3027 3240 tribuuntur
3069 3181 3330 3235 honores.
3362 3180 3482 3231 Non

1901 3293 1978 3339 est
2030 3283 2179 3338 nobis
2230 3281 2535 3335 colluctatio
2562 3320 2576 3344 ,
2617 3278 2772 3348 juxta
2820 3274 3145 3346 Apostolum
3175 3310 3188 3336 ,
3232 3269 3482 3323 adversus

1905 3391 2119 3431 carnem
2143 3384 2193 3429 et
2217 3374 2528 3444 sanguinem
2558 3371 2624 3435 “,
2655 3371 2868 3426 scilicet
2897 3368 3167 3422 adversus
3205 3362 3482 3425 homines,

1906 3471 2000 3526 sed
2044 3468 2310 3523 adversus
2344 3467 2531 3520 carnis
2563 3470 2819 3535 expertes
2857 3462 3133 3517 daemones
3159 3496 3171 3520 ,
3210 3454 3301 3526 qui
3335 3454 3485 3522 prin-

1908 3563 2111 3631 cipatus
2146 3558 2435 3624 dicuntur,
2468 3558 2628 3628 quasi
2675 3556 2997 3627 passionum
3035 3547 3329 3622 principes,
3366 3546 3488 3617 qui-

1909 3653 2012 3707 bus
2041 3650 2229 3706 miseri
2263 3650 2410 3703 ultro
2437 3648 2711 3704 servimus
2738 3665 2751 3713 ;
2788 3653 3071 3715 potestates
3100 3655 3253 3706 vero,
3287 3637 3489 3708 quippe

1909 3744 2001 3816 qui
2031 3758 2125 3815 per
2155 3745 2442 3813 passiones
2469 3741 2895 3796 dominationem
2929 3738 2982 3790 in
3012 3735 3171 3790 nobis
3198 3738 3488 3793 exercent;

1914 3848 2135 3893 rectores
2172 3834 2379 3901 mundi,
2413 3842 2471 3888 ut
2496 3835 2562 3889 iis
2596 3834 2927 3903 imperantes
2948 3830 3043 3899 qui
3082 3825 3365 3883 terrestria
3404 3837 3495 3878 sa-

1912 3932 2088 4002 piunt.
2126 3928 2359 3998 Spiritus
2390 3936 2571 3981 autem
2623 3926 2865 3994 nequitiw
2888 3966 2902 3990 ,
2948 3924 2999 3975 in
3028 3920 3352 3979 cmlestibus.
3383 3916 3492 3971 sci-

1916 4026 2048 4080 licet
2089 4024 2144 4078 in
2177 4039 2301 4077 aere
2338 4022 2657 4076 volitantes.
2703 4017 2912 4072 Dicitur
2942 4018 3088 4072 enim
3134 4021 3189 4070 et
3231 4027 3346 4074 aer,
3379 4028 3492 4068 (rte-

1916 4120 2053 4181 lum,
2082 4116 2229 4187 quod
2253 4116 2652 4184 interpretatus
2679 4111 2989 4180 Theologus
3016 4106 3252 4177 adjecit,
3293 4111 3346 4157 et
3375 4116 3497 4171 quae

1915 4212 2064 4266 circa
2104 4209 2351 4264 coelestia
2386 4206 2658 4262 feruntur.
2704 4203 2994 4258 Certamen
3043 4200 3211 4270 igitur
3248 4198 3497 4251 ineamus

1922 4302 2190 4357 adversus
2217 4300 2467 4353 innatmn
2491 4296 2651 4351 nobis
2703 4294 2931 4349 bellum.
2964 4292 3055 4344 Ait
3092 4289 3237 4344 enim
3266 4287 3499 4355 Aposto-

231 4383 535 4455 ἁμαρτίας,
588 4380 678 4433 τὸν
701 4376 1253 4447 ἀντιστρατευόμενον
1290 4374 1364 4445 τῷ
1384 4375 1534 4446 νόμῳ
1552 4374 1645 4429 τοῦ
1678 4375 1793 4439 νοὸς

1898 4393 2013 4447 ιΙιιε
2044 4391 2090 4421 ⁸⁷
2133 4403 2257 4445 esse
2289 4386 2579 4456 quamdam
2623 4384 2678 4438 in
2731 4379 2994 4437 membris
3040 4378 3244 4432 nostris
3288 4372 3498 4445 peccati

229 4479 403 4545 ἤγουν
447 4472 525 4542 τῷ
578 4469 825 4540 φυσικῷ,
882 4468 970 4521 καὶ
1033 4465 1282 4519 ποιοῦντα
1334 4465 1589 4531 πολλάκις
1641 4465 1818 4536 ἐαυτῷ

232 4566 316 4638 (1)
384 4565 475 4619 τὸν
517 4562 641 4617 νοῦν
685 4560 1029 4632 αἰχμάλωτον
1066 4559 1160 4610 καὶ
1194 4558 1527 4628 ὑποχείριον.
1577 4558 1821 4610 Ἀντιπα-

237 4656 604 4738 ραταξώμεθα
645 4655 701 4709 δὲ
757 4651 1017 4722 καὶπρὸς
1068 4649 1167 4714 τὰς
1214 4649 1411 4714 ἔξωθεν
1450 4651 1822 4721 ἐπερχομένας

232 4751 658 4811 ἐπαναστάσεις.

309 4844 431 4898 Col.
479 4842 584 4896 837
634 4839 675 4893 Β
721 4840 771 4892 1.
839 4837 1367 4907 Ἐνέγκωμεν.....
1416 4836 1821 4905 μετριώτερον.

248 4935 613 5005 ’Υπέμειναν,
666 4929 851 4999 φησὶν,
900 4928 950 4980 οἱ
1003 4928 1276 5000 μάρτυρες
1316 4926 1480 4997 θηρία
1528 4926 1622 4979 καὶ
1676 4926 1830 4994 ξίφος

238 5033 339 5084 καὶ
385 5029 516 5097 πῦρ·
565 5026 950 5094 ὑπομείνωμεν
991 5021 1084 5074 καὶ
1133 5021 1315 5089 ἡμεῖς,
1349 5018 1424 5081 ώς
1472 5018 1569 5089 μὲν
1618 5017 1828 5089 θηρίον,

238 5124 335 5176 τὸν
389 5119 590 5190 θυμόν·
643 5117 719 5179 ὡς
761 5115 817 5168 δὲ
871 5112 1021 5181 ξίφος
1069 5111 1351 5181 τμητικὸν,
1400 5110 1497 5181 τὴν
1542 5108 1829 5178 γλῶσσαν*

208 5252 209 5255 η
242 5218 320 5279 ὡς
366 5214 423 5267 δὲ
461 5213 592 5282 πῦρ,
639 5211 737 5279 τὴν
788 5204 980 5276 ἡδονὴν
1007 5202 1457 5273 κατασϐέσωμεν.
1512 5203 1697 5265 Πάσας
1733 5200 1833 5265 τὰς

242 5308 530 5379 αἰσθήσεις
549 5302 1075 5371 δουλαγωγήσωμεν·
1095 5295 1277 5367 θῶμεν
1297 5294 1461 5366 θύρας
1482 5297 1600 5358 ταῖς
1621 5295 1829 5357 ἀκοαῖς,

243 5399 523 5470 εὐκαίρως
553 5392 909 5463 ἀνοιγομένας
944 5389 1079 5460 πρὸς
1108 5388 1177 5441 τὰ
1209 5387 1327 5440 θεῖα
1365 5388 1585 5457 ῥήματα
1623 5387 1716 5440 καὶ
1744 5387 1833 5440 εύ.

245 5488 458 5561 καίρως
490 5484 812 5557 κλειομένας
837 5480 976 5554 πρὸς
1002 5480 1071 5534 τὰ
1104 5478 1362 5547 θὲλγοντα
1395 5478 1490 5531 καὶ
1526 5477 1832 5548 βλάπτοντα

330 5629 377 5659 ιι
408 5626 609 5697 Ephes.
644 5639 720 5690 vl,
755 5623 841 5678 1'2.
918 5622 960 5652 ⁸⁷
988 5620 1147 5676 Rom.
1182 5636 1279 5687 vn,
1314 5622 1403 5675 ‘23.

334 5752 413 5820 (l)
450 5747 896 5821 Suprascriplum
922 5743 1083 5799 αὐτόν
1124 5758 1175 5797 a.

1928 4484 2098 4552 legem
2156 4480 2261 4549 legi
2320 4476 2520 4533 mentis
2552 4475 2956 4534 adversantem,
3009 4477 3220 4525 naturae
3269 4464 3499 4530 scilicet,

1928 4573 2365 4639 efﬁcientemque
2410 4569 2731 4639 plerumque
2780 4565 2884 4619 sibi
2932 4569 3172 4617 mentem
3225 4558 3501 4628 captivam

1929 4663 2362 4734 subjectamque.
2422 4658 2534 4714 Nos
2579 4672 2800 4728 quoque
2847 4655 3187 4709 instruamus
3240 4647 3504 4701 adversus

1929 4772 2140 4819 earum,
2173 4770 2293 4825 qua:
2322 4760 2548 4808 exterae
2575 4749 2852 4810 accidunt,
2886 4760 3068 4801 rerum
3103 4742 3362 4811 impetus.

2003 4847 2455 4904 Sustineamus....
2514 4854 2571 4898 ut
2631 4843 2812 4896 mitius
2862 4840 3067 4909 loquar.
3110 4865 3181 4876 —
3218 4831 3509 4887 Sustinue-

1929 4950 2078 5002 runt.
2118 4941 2215 5004 ait,
2253 4948 2521 5010 martyres
2558 4936 2787 4998 belluas,
2830 4939 2884 4985 et
2925 4928 3191 5001 gladium,
3222 4932 3277 4979 et
3303 4925 3505 4994 ignem.

1936 5032 2320 5087 Sustineamus
2359 5038 2413 5085 et
2446 5044 2568 5093 nos,
2625 5027 2775 5082 velut
2822 5023 3079 5082 helluam,
3141 5018 3314 5082 iram;
3344 5013 3501 5067 velut

1937 5134 2271 5197 praeacutum
2309 5122 2585 5189 gladium,
2620 5119 2892 5188 linguam;
2930 5115 3076 5169 velut
3108 5111 3325 5181 ignem,
3356 5105 3511 5159 volu-

1937 5227 2142 5291 ptatem
2184 5218 2621 5286 exstinguamus.
2647 5210 2851 5267 Omnes
2883 5222 3081 5263 sensus
3102 5204 3157 5258 in
3186 5198 3511 5258 servitutem

1944 5312 2286 5366 addicamus.
2336 5309 2690 5379 Apponamus
2747 5302 2977 5357 auribus
3033 5295 3239 5353 nostris
3289 5291 3512 5361 januas,

1946 5420 2067 5473 quae
2114 5403 2180 5458 ad
2225 5378 2407 5456 divina
2440 5400 2602 5455 verba
2639 5395 2962 5467 tempestive
2995 5388 3332 5461 aperiantur,
3363 5386 3419 5473 et
3446 5378 3516 5432 ad

1950 5496 2268 5554 illecebrosa
2301 5495 2573 5566 noxiaque
2614 5488 2981 5573 modulamina
3010 5478 3332 5553 tempestivo
3366 5472 3520 5529 σιω.
