4018 6296
554 186 661 245 973

1800 193 2092 255 NICETAS
2128 196 2518 257 SERRONIUS

3703 201 3804 263 930

555 304 779 359 dantur.
833 303 1106 376 Regamus
1160 308 1398 375 oculum,
1433 325 1498 365 ne
1534 326 1630 381 per
1675 327 1801 370 eum
1849 316 1903 370 in
1958 318 2117 371 nobis

2248 320 2459 388 ισματα.
2512 318 2951 390 Κυϐερνήσωμεν
2994 319 3086 372 τὸν
3132 318 3429 391 ὀφθαλμόν,
3481 323 3692 393 μήποτε
3740 322 3801 378 δι’

557 414 814 469 niagnum
871 398 1075 454 incidat
1118 402 1442 472 cupiditatis
1491 420 1711 470 semcn;
1764 407 2032 480 linguam,
2063 425 2134 465 ne

558 490 687 561 quid
720 491 947 544 vetitum
990 492 1316 563 loquamur;
1360 504 1567 552 tactum
1610 500 1763 554 rabie
1792 500 2133 557 laborantem

558 583 624 637 ad
652 583 874 639 inutiles
911 591 967 639 et
1002 586 1199 641 noxios
1236 597 1511 655 attactus;
1552 599 1774 660 gustum
1808 593 2134 649 deliciarum

558 683 906 746 appetentem
941 687 995 730 et
1046 678 1412 734 vellicantem.
1451 678 1707 752 Undique
1762 684 1907 738 enim
1964 684 2139 739 refre-

556 767 777 822 nandus
809 774 892 822 est
921 769 1193 838 petulans,
1234 778 1288 823 et
1318 772 1373 824 in
1412 786 1560 833 esca,
1587 782 1641 827 et
1678 774 1731 827 in
1776 781 1971 841 strato,
1998 784 2052 830 et
2081 777 2137 830 in

559 860 844 922 societate.
877 868 933 916 et
972 862 1027 916 in
1078 863 1252 918 oculis
1278 906 1292 927 ,
1324 874 1379 919 et
1421 866 1474 919 in
1506 866 1733 922 auribus
1755 907 1773 931 ,
1821 876 1874 922 et
1908 869 1960 922 in
1987 869 2134 939 gula,

559 959 724 1021 atque
752 953 917 1006 etiam
953 952 1007 1007 in
1043 955 1293 1011 naribus.
1348 955 1414 1009 Et
1460 958 1915 1026 quemadmodum
1970 961 2138 1017 boves

560 1044 783 1098 annulis
812 1055 866 1098 et
899 1044 1142 1111 funibus,
1193 1048 1273 1102 sic
1321 1056 1375 1102 et
1430 1048 1747 1105 luxuriosus
1794 1051 2048 1108 thuribus
2089 1064 2141 1109 et

559 1137 861 1207 unguentis
899 1146 953 1193 et
979 1139 1133 1193 suavi
1165 1154 1495 1194 coronarum
1522 1140 1691 1197 odore
1733 1142 1990 1198 trahitur.
2026 1144 2140 1200 Hoc

561 1241 644 1287 est
674 1233 820 1303 quod
867 1235 943 1288 ait
990 1233 1255 1291 Jeremias
1291 1236 1357 1299 ⁸⁸,
1413 1237 1670 1306 quoniam
1707 1240 1955 1293 Ascendit
1997 1256 2139 1295 mors

560 1337 652 1389 per
685 1322 963 1390 fenestras.
998 1323 1101 1378 Per
1129 1339 1325 1380 sensus
1355 1327 1521 1392 enim,
1546 1327 1691 1381 sicut
1717 1344 1812 1397 per
1847 1327 2137 1397 fenestras,

563 1413 617 1465 in
652 1414 886 1467 animam
913 1414 1219 1485 ingreditur
1247 1420 1456 1485 peccati
1496 1434 1662 1474 mors.
1696 1418 1898 1475 Praeter
1922 1430 2137 1487 caetera,

562 1504 734 1558 risum
770 1505 936 1559 etiam
987 1504 1282 1575 fugiamus.
1324 1507 1387 1561 Et
1427 1510 1569 1563 sicut
1620 1511 1672 1564 in
1705 1512 1867 1566 tertio
1913 1510 2122 1582 Regum

2238 410 2402 464 αὐτοῦ
2437 411 2469 480 ἡ
2480 411 2569 479 μίν
2596 409 2794 482 λαῦρον
2815 410 3031 482 ἐμπέσῃ
3050 410 3150 481 τῆς
3181 412 3474 482 ἐπιθυμίας
3502 414 3564 467 τὸ
3586 414 3805 485 κύημασ

2234 502 2332 573 τὴν
2362 502 2627 570 γλῶτταν,
2661 501 2735 573 μὴ
2758 500 3115 573 φθεγξώμεθα
3139 502 3304 573 μηδὲν
3331 504 3802 574 ἀπηγορευμένον·

2235 597 2332 667 τὴν
2364 596 2506 668 ἁφὴν
2537 595 2813 649 λυττῶσαν
2834 595 2969 666 πρὸς
2998 594 3096 658 τὰς
3130 595 3456 666 περιέργους
3492 596 3586 648 καὶ
3617 594 3806 666 {51:62-

2241 690 2338 763 ρὰς
2394 688 2643 756 ὲπαφά;’
2697 686 2793 758 τὴν
2855 686 3076 755 γεῦσιν,
3127 685 3511 758 λιχνευομιένην
3560 687 3688 758 περὶ
3743 688 3808 739 τὰ

2237 780 2521 854 ἡδύσματα
2554 779 2647 832 καὶ
2691 779 3128 850 σπαράττουσαν·
3164 775 3428 830 πάντοθεν
3468 777 3575 849 γὰρ
3618 777 3809 846 ἀγώγισ

2248 870 2347 940 μός
2398 871 2545 923 ἐστιν
2586 870 2615 921 6
2656 867 2971 929 ἀκόλαστος,
3024 868 3116 919 καί¹
3155 867 3263 918 ἀπὸ
3309 866 3531 935 ἐδωδῆς,
3581 867 3676 921 καὶ
3706 869 3811 920 ἀπὸ

2242 958 2564 1031 στρωμνῆς,
2607 959 2699 1011 καὶ
2740 956 2849 1011 ἀπὸ
2905 957 3365 1027 συναναστροφῆς,
3414 958 3507 1010 καὶ
3556 958 3665 1011 ἀπὸ
3704 959 3807 1010 τῶν

2238 1048 2548 1119 ὀφθαλμῶν,
2572 1049 2665 1100 καὶ
2699 1048 2807 1100 ἀπὸ
2828 1046 2933 1099 τῶν
2968 1045 3139 1111 ὤτων,
3163 1046 3255 1098 καὶ
3290 1045 3401 1099 τῶν
3423 1046 3655 1115 γνάθων,
3679 1046 3807 1100 ἀλλὰ

2239 1145 2334 1197 καὶ
2376 1144 2440 1195 ὲκ
2484 1141 2593 1194 τῶν
2643 1142 2951 1212 μυκτήρων.
2992 1141 3102 1194 Καὶ
3144 1140 3395 1211 καθάπερ
3436 1141 3486 1193 οί
3530 1139 3651 1209 βόες

2239 1237 2453 1308 κρίκοις
2487 1236 2580 1288 καὶ
2612 1237 2724 1298 τοῖς
2745 1235 3017 1304 σχοινίοις,
3054 1233 3195 1286 οὕτω
3224 1236 3317 1286 καὶ
3346 1236 3374 1286 6
3398 1233 3693 1296 ἀκόλαστος
3721 1232 3807 1285 θυ-

2245 1328 2480 1399 μιάμασι
2528 1324 2622 1379 καὶ
2673 1325 2866 1396 μύροις
2916 1326 3010 1377 καὶ
3058 1328 3175 1387 ταῖς
3220 1324 3329 1377 ἀπὸ
3381 1324 3488 1376 τῶν
3539 1325 3808 1392 στεφάνων

2242 1417 2485 1481 εἰωόίαις
2524 1417 2895 1489 περιέλκεται*
2923 1417 3017 1469 καὶ
3042 1415 3198 1469 τοῦτό
3231 1417 3399 1477 ἐστιν,
3432 1415 3461 1467 ὃ
3499 1432 3665 1486 φησιν
3715 1415 3807 1469 Ἱε-

2245 1510 2453 1581 ρεμίας,
2490 1512 2573 1563 ὅτι
2617 1509 2814 1577 Ἀνέϐη
2858 1509 3111 1574 θάνατος
3137 1508 3235 1561 διὰ
3262 1506 3379 1560 τῶν
3413 1507 3688 1575 θυρίδων·
3725 1508 3806 1561 διὰ

3702 1142 3807 1204 τοῖς

562 1594 723 1657 libro,
757 1593 886 1651 Elia:
921 1597 986 1651 ad
1028 1596 1197 1654 Deum
1237 1602 1516 1655 accedenti
1555 1604 1820 1659 adversus
1860 1605 2049 1673 Israel,
2088 1618 2140 1663 et

2248 1602 2349 1671 γαρ
2375 1600 2483 1653 τῶν
2522 1600 2843 1671 αίσθήσεων,
2882 1598 2957 1662 ὡς
2994 1598 3082 1651 διὰ
3112 1597 3363 1669 θυρίδων,
3393 1599 3696 1668 εἰσέρχεται
3735 1601 3805 1661 είς

562 1684 768 1740 dicenti
800 1688 843 1719 ⁴⁹
874 1708 886 1742 :
924 1688 1167 1753 Domine,
1191 1694 1470 1761 prophetas
1511 1705 1626 1750 tuas
1659 1698 2058 1767 interfecerunt,
2087 1710 2135 1755 et

2361 1692 2538 1765 ψυχὴν
2567 1696 2595 1746 6
2619 1694 2716 1762 τῆς
2738 1692 3007 1763 ἁμαρτίας
3030 1690 3276 1753 θάνατος.
3308 1691 3449 1762 Πρὸς
3477 1695 3586 1754 τοῖς
3615 1692 3808 1755 ἄλλοις,

562 1774 760 1830 altaria
793 1786 882 1831 tua
905 1790 1229 1845 everterunt,
1264 1792 1315 1838 et
1349 1800 1442 1854 ego
1490 1786 1706 1841 relictus
1735 1805 1852 1843 sum
1881 1791 2046 1855 solus,
2087 1802 2139 1845 et

561 1879 801 1936 qua'runt
830 1872 1062 1925 animam
1089 1890 1279 1938 meam,
1320 1878 1601 1947 resp0ndit
1634 1881 1920 1936 oraculum
1949 1900 1963 1935 :
1996 1882 2140 1937 Reli-

561 1958 651 2025 qui
688 1960 816 2013 mihi
864 1974 1057 2031 septem
1101 1966 1273 2020 millia
1313 1969 1568 2034 virorum,
1606 1972 1697 2040 qui
1741 1988 1843 2025 non
1876 1972 2138 2041 ﬂexerunt

558 2067 693 2119 genu
724 2062 844 2107 ante
876 2054 1015 2109 Baal
1046 2057 1271 2125 (idolum
1320 2068 1501 2116 autem
1533 2070 1653 2116 erat
1694 2062 1821 2117 Baal
1852 2066 1997 2135 quod
2044 2065 2140 2121 Ju-

560 2145 663 2198 daei
704 2154 833 2201 tunc
867 2148 1175 2220 colebant).
1223 2149 1411 2223 Neque
1462 2169 1563 2209 nos
1591 2163 1816 2225 peccato
1855 2157 2140 2230 indulgea-

448 2256 457 2265 ε
564 2251 687 2291 mus
714 2250 940 2309 prepter
965 2244 1249 2310 penuriam
1272 2262 1291 2311 ;
1322 2244 1415 2299 sed
1442 2245 1588 2300 sicut
1610 2254 1721 2301 tres
1742 2249 1892 2317 pueri
1916 2263 2138 2305 auream

562 2328 889 2402 imaginem,
952 2350 1115 2404 quam
1182 2337 1375 2391 statuit
1438 2336 1980 2410 Nabuchodonosor,
2028 2359 2138 2398 non

560 2421 952 2491 adoraverunt,
1008 2428 1086 2483 sic
1110 2436 1163 2483 et
1216 2445 1316 2485 nos
1359 2432 1738 2489 turbulentam
1768 2438 1978 2505 peccati
2004 2437 2142 2492 ima-

561 2514 767 2584 ginem,
792 2530 827 2569 a
854 2516 1076 2573 diabolo
1110 2530 1345 2576 erectam
1373 2562 1386 2587 ,
1424 2540 1490 2579 ne
1522 2524 1834 2581 adoremus.
1873 2527 1977 2594 Qui
2013 2545 2141 2583 ven-

563 2615 701 2661 trem
754 2624 855 2677 pro
909 2608 1017 2664 Deo
1058 2610 1217 2665 habet
1258 2615 1558 2686 voluptatis
1599 2632 1800 2682 causa,
1853 2620 2140 2674 avaritiam

562 2715 783 2769 quoque
820 2702 995 2757 ventri
1038 2705 1480 2776 suppeditantem
1531 2725 1630 2779 pro
1675 2708 1787 2766 Deo
1819 2711 2015 2767 habeat
2046 2728 2143 2768 nec

563 2808 719 2848 cesse
740 2803 843 2849 est.
878 2794 981 2861 Qui
1006 2797 1148 2852 enim
1186 2807 1313 2855 ante
1352 2799 1480 2854 Baal
1511 2817 1653 2872 genu
1683 2801 1833 2858 ﬂexit
1861 2806 1932 2859 ob
1971 2820 2144 2875 penu-

564 2884 729 2947 riam,
750 2887 964 2943 scilicet
992 2889 1312 2960 ingluviem,
1330 2906 1553 2949 auream
1583 2910 1802 2967 quoque
1827 2898 2139 2970 imaginem,

563 2980 849 3033 avaritiam
878 2979 1022 3045 dico,
1047 2982 1121 3038 ob
1142 2992 1349 3039 metum
1365 2985 1653 3055 adoraret;
1681 2990 1882 3060 quippe
1911 2992 2005 3060 qui
2032 3006 2139 3046 non
2172 3026 2217 3087 ε

565 3070 727 3125 aliam
760 3074 1046 3143 praesentis
1067 3075 1192 3130 vitae
1231 3091 1455 3132 causam
1495 3086 1617 3150 post
1644 3094 1838 3135 aurum
1875 3084 2141 3140 novisset.

564 3157 644 3215 Ne
685 3162 948 3232 probrum
994 3162 1298 3220 inferamus
1331 3167 1530 3222 animae
1574 3184 1672 3238 per
1696 3169 2018 3241 improbam
2064 3173 2147 3228 vi»

565 3253 727 3307 vendi
758 3255 1051 3323 rationem,
1089 3256 1185 3312 sed
1213 3257 1375 3326 juxta
1413 3262 1771 3330 apostolicam
1808 3263 2147 3321 adhortatio-

565 3363 693 3403 nem
719 3347 790 3414 '°,
817 3363 1171 3406 assumamus
1210 3360 1434 3407 scutum
1480 3354 1626 3422 fidei,
1661 3372 1770 3427 quo
1802 3359 1984 3412 omnia
2026 3358 2149 3415 dia-

565 3437 675 3493 boli
723 3438 888 3509 ignita
927 3441 1035 3495 tela
1086 3442 1427 3512 restinguere
1474 3446 1795 3514 poterimus.
1850 3446 1965 3504 Hoc
2020 3465 2148 3506 vero

567 3530 802 3597 bellum,
850 3531 1063 3587 scilicet
1114 3532 1381 3589 adversus
1428 3536 1756 3604 passiones,
1808 3553 1974 3609 grave
2025 3549 2146 3608 est,

568 3622 716 3676 sicut
744 3620 1009 3677 adversus
1047 3633 1343 3695 tyrannos;
1398 3631 1451 3680 et
1490 3637 1777 3695 peccatum
1831 3629 2145 3695 dcvincere,

570 3728 829 3783 magnum
866 3722 1151 3785 tropmum,
1204 3718 1348 3773 sicut
1394 3726 1449 3772 et
1488 3728 1789 3792 martyrum
1822 3722 1915 3793 qui
1971 3738 2129 3793 perse

573 3814 796 3861 cutorcs
827 3815 1248 3875 superaverunt.
1280 3808 1436 3875 Quod
1466 3811 1511 3866 si
1538 3814 1618 3868 sic
1650 3813 1891 3884 undique
1917 3829 2150 3871 concur'

573 3898 749 3953 rimus
782 3897 848 3952 ad
880 3908 1196 3955 sanctorum
1223 3900 1381 3969 festa,
1417 3918 1545 3959 vere
1577 3913 1846 3976 martyres
1877 3907 2146 3977 colimus;

573 3990 621 4044 si
668 3990 1063 4061 congredimur
1115 3999 1176 4046 ut
1223 3994 1542 4051 carnalibus
1596 4003 1653 4051 et
1690 3997 1841 4053 brevi
1888 4001 2150 4069 perituris

571 4082 786 4139 deliciis
828 4084 1098 4152 fruamur,
1141 4094 1310 4157 utque
1361 4088 1642 4153 alimenta,
1688 4105 1811 4160 qua!
1852 4106 1980 4146 mox
2025 4107 2152 4147 eva-

570 4184 839 4241 cuantur,
886 4176 1227 4247 inferamus,
1263 4187 1320 4235 et
1350 4186 1409 4234 ut
1443 4192 1744 4253 martyrum
1785 4183 1982 4254 templa
2027 4199 2150 4239 cra-

572 4272 715 4341 pula:
738 4279 793 4328 et
819 4272 1105 4330 ebrietatis
1130 4274 1250 4330 loca
1276 4274 1609 4343 elliciamus;
1644 4276 1689 4333 si
1722 4276 1984 4334 festorum
2011 4289 2150 4336 tem-

2247 1787 2339 1838 καὶ
2378 1785 2469 1838 τὸν
2517 1785 2729 1852 γέλωτα
2766 1784 3042 1855 φύγωμεν·
3081 1783 3175 1837 καὶ
3219 1782 3409 1854 ὥσπερ
3457 1784 3514 1835 ὲν
3555 1785 3619 1853 τῇ
3658 1784 3810 1856 τρίτῃ

2244 1878 2352 1931 τῶν
2374 1876 2669 1932 Βασιλειῶν
2705 1876 2784 1947 τῷ
2819 1876 2973 1947 Ἠλίᾳ
3010 1875 3384 1946 ἐντυγχάνοντι
3403 1874 3481 1945 τῷ
3521 1875 3639 1945 Θεῷ
3677 1876 3812 1928 κατὰ

2245 1970 2338 2023 τοῦ
2399 1969 2637 2040 Ἰσραὴλ,
2678 1969 2770 2021 καὶ
2809 1968 3044 2036 λέγοντι,
3088 1969 3282 2035 Κύριε,
3322 1966 3463 2032 τοὺς
3508 1969 3812 2037 προφήτας

2247 2080 2363 2117 σου
2410 2060 2785 2122 ἀπέκτειναν,
2822 2059 2918 2113 καὶ
2971 2060 3042 2113 τὰ
3088 2055 3484 2127 θυσιαστήριὰ
3521 2072 3637 2112 σου
3681 2076 3812 2112 κατ-

2246 2155 2570 2223 έστρεψαν,
2602 2150 2760 2221 κάγὼ
2806 2150 3177 2219 ἀπελείφθην
3210 2149 3417 2218 μόνος,
3450 2149 3545 2201 καὶ
3576 2147 3812 2216 ζητοῦσι

2247 2241 2363 2309 τὴν
2391 2240 2603 2311 ψυχήν
2625 2257 2745 2309 μου
2767 2257 2780 2270 ·
2816 2239 2963 2308 λέγει
2994 2241 3022 2292 6
3057 2237 3457 2310 χρηματισμὸς.
3484 2238 3813 2292 Κατέλιπον

2246 2331 2478 2402 ἐμαυτῷ
2556 2330 3051 2399 ἑπτακισχιλίους
3113 2328 3336 2397 ἄνδρας
3358 2368 3373 2390 ,
3420 2328 3641 2393 οἵτινες
3708 2329 3811 2382 οὐκ

2248 2424 2528 2494 ἔκαμψαν
2553 2425 2700 2494 γόνυ
2729 2421 2808 2489 τῷ
2834 2421 3000 2476 Βάαλ
3032 2421 3265 2491 (εἴδωλον
3294 2420 3348 2474 δὲ
3386 2415 3453 2490 ἦν
3485 2421 3518 2491 ἡ
3552 2420 3700 2473 Βάαλ
3716 2418 3813 2473 ὑπὸ

2246 2518 2356 2571 τῶν
2415 2516 2680 2571 Ἰουδαίων
2725 2514 2845 2568 τότε
2885 2512 3251 2585 τιμώμενον)·
3301 2512 3443 2566 οὕτω
3485 2512 3619 2583 μηδὲ
3663 2514 3815 2584 lipsi;

2249 2609 2617 2681 ύποκύψωμεν
2639 2610 2704 2679 τῇ
2729 2605 2971 2678 ἁμαρτία
2996 2606 3083 2659 διὰ
3115 2604 3213 2676 τὴν
3239 2604 3427 2676 χρείαν
3446 2621 3459 2634 ο
3490 2604 3603 2656 ἀλλ’
3633 2604 3814 2677 ὥσπερ

2248 2706 2297 2757 οἱ
2326 2705 2474 2774 τρεῖς
2523 2700 2711 2764 παῖδες
2742 2701 2807 2771 τῇ
2848 2697 3017 2751 εἰκόνι
3066 2700 3132 2768 τῇ
3185 2699 3380 2767 χρυσῇ.
3427 2696 3493 2767 ἢν
3541 2695 3813 2765 ἔστησενὸ

2249 2793 2742 2865 Ναϐουχοδονόσορ,
2773 2791 2834 2844 ού
2863 2788 3274 2862 προσεκύνησαν
3294 2805 3308 2820 ⁶
3338 2787 3480 2841 οὕτω
3528 2787 3620 2841 καὶ
3665 2786 3816 2859 ἡμεῖς

2248 2890 2327 2960 τῷ
2368 2887 2605 2959 ὲμπαθεῖ
2652 2884 2852 2956 εἰδώλῳ
2900 2883 3000 2954 τῆς
3043 2881 3337 2954 ἁμαρτίας,
3371 2881 3505 2952 ὅπερ
3539 2880 3750 2952 ἵστησιν
3787 2881 3813 2934 ι

2249 2978 2510 3044 διαὸολος,
2542 2978 2616 3049 μὴ
2644 2975 3205 3048 προσκυνήσωμεν.’0
3228 2973 3327 3043 τὴν
3362 2971 3569 3025 κοιλίαν
3602 2971 3811 3042 φιληδο-

2249 3074 2368 3138 νίας
2398 3074 2559 3126 ἒνεκα
2595 3070 2940 3139 θεοποιήσας,
2979 3067 3038 3133 ἐξ
3083 3066 3326 3137 ἀνάγκης
3355 3066 3453 3137 τὴν
3481 3063 3687 3136 ταύτης
3732 3081 3814 3117 συ-

2251 3165 2501 3221 στατικὸν
2525 3163 2759 3217 θεοποιεῖ
2783 3159 3144 3234 φιλαργυρίαν
3172 3176 3184 3188 ·
3236 3161 3264 3212 6
3303 3157 3410 3228 γὰρ
3441 3158 3813 3228 προσκυνήσας

2248 3262 2313 3330 τῇ
2348 3257 2496 3312 Βάαλ
2540 3256 2628 3310 διὰ
2664 3254 2763 3327 τὴν
2792 3254 3002 3325 χρείαν,
3053 3251 3297 3305 τουτέστι
3339 3249 3437 3319 τὴν
3476 3264 3811 3320 γαστριμαρ-

2248 3351 2394 3422 γίαν.
2426 3350 2521 3405 καὶ
2554 3352 2622 3421 τῇ
2661 3348 2828 3401 εἰκόνι
2859 3348 2925 3417 τῇ
2957 3346 3154 3417 χρυσῇ,
3184 3346 3250 3413 τῇ
3279 3342 3626 3413 φυλαργυρία
3661 3341 3810 3411 φημὶ,

2247 3439 2336 3494 διὰ
2380 3439 2470 3496 τὸν
2519 3439 2682 3507 φόϐον
2733 3435 3184 3507 προσκυνήσειεν,
3238 3432 3414 3484 αἰτίαν
3460 3431 3626 3502 ἄλλην
3674 3447 3815 3500 περιρ

2253 3532 2541 3603 ποιητικὴν
2577 3530 2676 3601 τῆς
2710 3527 2991 3599 παρούσης
3031 3524 3177 3595 ζωῆς
3211 3523 3348 3595 μετὰ
3377 3523 3469 3575 τὸν
3499 3523 3699 3594 χρυσὸν
3725 3522 3816 3574 οὐκ

2250 3625 2426 3689 εἰδώς.
2463 3623 2549 3694 Μὴ
2605 3619 3031 3691 καθυϐρίσωμεν
3088 3618 3188 3687 τὴν
3234 3614 3411 3687 ψυχὴν
3461 3614 3550 3668 διὰ
3607 3614 3815 3675 κακίας,

2252 3717 2386 3773 ἀλλὰ
2420 3715 2561 3770 κατὰ
2579 3713 2677 3785 τὴν
2706 3709 3065 3780 ἀποστολικὴν
3089 3708 3443 3779 παραίνεσιν,
3470 3705 3817 3774 ἁναλὰὅωμεν

2250 3812 2343 3866 τὸν
2382 3808 2574 3881 θυρεὸν
2599 3806 2699 3877 τῆς
2726 3804 2980 3865 πίστεως,
3017 3804 3073 3854 ὲν
3100 3792 3144 3867 ᾦ
3171 3798 3512 3869 δυνησόμεθα
3553 3797 3731 3851 πάντα
3756 3796 3815 3848 τὰ

2253 3904 2381 3977 βέλη
2412 3900 2513 3956 τοῦ.
2540 3896 2780 3968 Πονηροῦ
2809 3895 2876 3948 τὰ
2902 3891 3269 3964 πεπυρωμένα
3301 3890 3509 3943 σϐέσαι.
3537 3888 3646 3941 Καὶ
3674 3881 3817 3947 οὗτος

2249 4000 2280 4052 6
2319 3996 2576 4066 πόλεμος.
2627 3994 2656 4045 6
2700 3988 2834 4061 πρὸς
2886 3987 2954 4040 τὰ
3002 3984 3174 4055 πάθη,
3223 3983 3385 4053 φημὶ,
3435 3982 3608 4045 δεινός
3654 3982 3815 4041 ἐστιν,

2251 4090 2440 4159 ὥσπερ
2473 4085 2503 4137 ὁ
2546 4083 2681 4155 πρὸς
2725 4082 2852 4143 τοὺς
2879 4077 3204 4151 τυράννους⁸
3242 4076 3333 4128 καὶ
3372 4075 3434 4127 τὸ
3462 4074 3687 4144 νικῆσαι
3730 4072 3819 4143 τὴν

2251 4180 2548 4253 ἁμαρτίαν,
2592 4176 2734 4247 μέγα
2767 4172 3045 4244 τρόπαιον,
3079 4170 3166 4232 ὡς’
3190 4168 3255 4221 τὸ
3291 4167 3677 4239 περιγενέσθαι
3720 4164 3821 4218 τῶν

2251 4273 2556 4329 διωκόντων
2584 4271 2632 4322 οἱ
2659 4267 2954 4339 μάρτυρες.
2998 4261 3124 4316 Ἐὰν
3160 4261 3301 4315 οὓτω
3335 4261 3562 4315 πάντοτε
3603 4258 3819 4329 συντρέ-

570 4382 675 4436 pus
699 4376 917 4437 tempus
950 4369 1386 4439 negotiationum
1418 4367 1695 4435 ducimus.
1733 4379 2145 4443 conventusque

2252 4380 2435 4439 χωμεν
2466 4365 2545 4426 είς
2578 4360 2677 4424 τὰς
2716 4357 2826 4412 τῶν
2858 4358 3026 4426 ἁγίων
3072 4354 3287 4426 ἑορτὰς,
3327 4351 3540 4423 ἀληθῶς
3580 4351 3823 4422 τιμῶμεν

571 4456 732 4512 nobis
779 4458 871 4510 fiat
908 4465 968 4512 ut
1022 4459 1295 4514 venalium
1341 4462 1803 4530 permutationem
1848 4460 2147 4531 faciamus,

570 4565 689 4605 non
718 4559 777 4604 ut
809 4551 1156 4608 divinitatem
1191 4567 1575 4623 assequamur,
1622 4554 1782 4624 cujus
1823 4556 2150 4614 mediatores

572 4653 703 4699 sunt
737 4644 915 4698 sancti
969 4654 1260 4716 martyres,
1310 4646 1589 4701 hortando
1622 4648 1842 4718 quidem
1888 4650 2151 4719 populum

572 4743 634 4790 ut
668 4736 950 4799 ascendat,
983 4752 1047 4790 ac
1074 4738 1239 4792 veluti
1273 4736 1415 4793 Deus
1440 4738 1738 4805 efﬁciatur;
1776 4742 1941 4795 Deum
1968 4750 2148 4796 autem

574 4828 843 4897 regando,
879 4839 939 4883 ut
963 4830 1193 4884 inclinet
1224 4845 1283 4884 se
1318 4837 1482 4899 atque
1514 4845 1673 4900 opem
1707 4831 1846 4886 ferat
1873 4851 1884 4886 :
1913 4833 2150 4902 primum

576 4920 821 4990 quidem,
870 4922 1016 4991 quod
1072 4921 1124 4975 id
1172 4920 1302 4975 huic
1368 4922 1597 4990 tempori
1647 4923 1958 4989 conveniat,
2009 4924 2150 4979 haud

578 5029 843 5083 agnosco.
878 5014 1019 5080 Quid
1069 5015 1204 5069 enim
1253 5014 1420 5084 palea:
1462 5030 1581 5067 cum
1618 5015 1834 5069 tritico?
1859 5017 1936 5069 ait
1968 5016 2155 5072 Domi-

578 5120 685 5160 nus
718 5121 817 5175 per
846 5104 1139 5161 Jercmiam
1163 5107 1233 5162 ⁸¹.
1287 5105 1429 5172 Quid
1479 5105 1661 5162 carnis
1704 5107 1969 5176 voluptati
2003 5122 2159 5162 com-

578 5212 742 5251 mune
779 5212 903 5251 cum
940 5204 1241 5267 martyrum
1284 5198 1719 5253 certaminibus?
1753 5197 1958 5254 Deinde
1993 5200 2150 5269 equi-

576 5287 703 5343 dem
734 5290 858 5343 volo
893 5289 1158 5345 audacius
1190 5289 1397 5361 aliquid
1444 5290 1649 5346 dicere.
1687 5289 1983 5348 Reveritus
2027 5307 2156 5347 vero

581 5380 776 5436 festam
802 5383 943 5436 hanc
976 5382 1145 5445 diem,
1175 5382 1571 5452 blasphemiam
1602 5384 1829 5439 reticeo.
1863 5383 2151 5449 Caeterum,

581 5487 691 5527 non
727 5471 956 5529 delicias
988 5482 1043 5530 et
1083 5473 1403 5529 ebrietatem
1440 5489 1470 5528 a
1501 5475 1659 5531 nobis
1692 5484 1961 5548 martyres
1991 5491 2156 5546 expo-

583 5572 762 5631 scunt,
813 5574 871 5620 ut
913 5565 1102 5621 mitius
1137 5566 1349 5636 loquar.
1400 5563 1505 5622 Sed
1554 5566 1643 5621 hic
1690 5564 1999 5637 Theologus
2035 5566 2153 5621 bla-

2250 4461 2387 4523 τοὺς·
2410 4458 2697 4529 μάρτυρας
2716 4470 2729 4483 ·
2768 4452 2863 4505 ἐὰν
2891 4450 2946 4503 δὲ
2983 4447 3393 4520 συνερχώμεθα.
3426 4446 3515 4499 ἴνα
3539 4445 3802 4516 τρυφήσω

2257 4570 2356 4623 μεν
2384 4547 2662 4621 σαρκικῶς
2682 4546 2775 4599 καὶ
2798 4542 3168 4613 προσκαίρως,
3201 4539 3295 4592 καὶ
3323 4539 3408 4591 ἵνα
3427 4537 3495 4591 τὰ
3526 4537 3825 4607 κενούμενα

2255 4643 2523 4714 βρώματα
2568 4638 2989 4706 είσενέγκωμεν,
3042 4635 3136 4686 καὶ
3193 4633 3279 4685 ἵνα
3336 4632 3653 4701 ποιήσωμεν
3704 4630 3826 4689 τοὺς

2253 4737 2415 4799 ναοὺς
2455 4733 2564 4786 τῶν
2596 4728 2908 4802 μαρτύρων,
2951 4725 3128 4796 χωρία
3165 4722 3477 4795 κραιπάλης
3511 4723 3604 4775 καὶ
3636 4721 3826 4792 μέθης.

2252 4829 2347 4884 καὶ
2373 4827 2466 4880 ἐὰν
2497 4826 2586 4878 τὸν
2608 4821 2801 4893 καιρὸν
2827 4819 2935 4872 τῶν
2966 4817 3185 4888 ἑορτῶν,
3225 4815 3414 4884 καιρὸν
3447 4812 3826 4881 συναλλαγμά-

2252 4939 2358 4975 των
2403 4914 2898 4985 ύπολαμϐἀνωμεν,
2949 4911 3043 4964 καὶ
3090 4910 3129 4980 ἡ
3157 4906 3371 4969 σύνοδος
3412 4905 3543 4974 ἡμῖν
3578 4904 3823 4974 γένηται,

2251 5013 2336 5065 ἵνα
2363 5010 2537 5063 ὠνίων
2558 5004 2846 5077 διάμειψιν.
2880 4999 3255 5072 ποιησώμεθα,
3291 4999 3387 5067 ούχ
3429 4998 3516 5050 ἵνα
3546 4996 3647 5066 τῆς
3694 4994 3823 5046 Osci»

2253 5119 2390 5165 σεως
2429 5098 2794 5168 ἐπιτύχωμεν,
2824 5088 2891 5165 ἦς
2920 5095 3137 5163 μεσῖται
3170 5090 3411 5158 γίνονται
3446 5089 3497 5141 οἱ
3534 5087 3705 5155 ἅγιοι,
3734 5084 3820 5135 τὸν

2259 5196 2356 5266 μὲν
2397 5195 2523 5247 λαὸν
2573 5187 3018 5262 παρακαλοῦντες
3053 5182 3367 5238 ἀναϐαίνειν
3408 5184 3504 5233 καὶ
3550 5177 3816 5234 θεοῦσοαι,

2255 5289 2344 5342 τὸν
2387 5287 2443 5340 δὲ
2476 5285 2608 5338 Θεὸν
2658 5280 2991 5341 ἱκετεύοντες
3042 5272 3409 5329 ἐπικλίνεσθαι
3448 5273 3543 5327 καὶ
3590 5268 3815 5341 βοηθεῖν,

2256 5377 2468 5450 πρῶτον
2522 5376 2638 5445 μὲν,
2686 5371 2805 5425 οὐδὲ
2841 5371 2931 5423 τὸν
2978 5367 3167 5438 καιρὸν
3216 5364 3583 5433 ὲπιγινώσκω,
3636 5356 3815 5450 καιρίαν

2256 5444 2467 5541 ἑορτῆς.
2504 5444 2563 5520 Τί
2602 5465 2711 5534 γὰρ
2743 5463 2809 5516 τὸ
2841 5461 3069 5530 ἄχυρον
3112 5457 3261 5525 πρὸς
3290 5456 3397 5508 τὸν
3434 5454 3626 5513 σῖτον,
3659 5444 3815 5541 φησίν

2254 5564 2282 5615 ὁ
2317 5534 2517 5632 Κύριος
2557 5559 2643 5611 διὰ
2683 5554 2975 5628 Ἰερεμίου’
3012 5553 3063 5605 τί
3096 5553 3152 5606 δὲ
3186 5551 3362 5605 κοινὸν
3399 5552 3464 5621 τῇ
3498 5548 3594 5619 τῆς
3627 5534 3821 5611 supra;

654 5696 700 5736 "
733 5695 927 5752 lcrcm.
964 5714 1039 5764 ix,
1079 5697 1171 5752 21.
1248 5699 1291 5731 ‘9
1322 5695 1387 5751 lli
1422 5695 1553 5771 Reg.
1589 5714 1702 5763 xix,
1737 5696 1802 5753 10
1840 5712 1962 5764 sqq.
2042 5700 2086 5730 ⁸ο
2121 5694 2317 5760 Eplies.
2354 5710 2429 5760 νι,
2470 5692 2553 5749 l6.
2630 5691 2671 5723 ³⁸
2704 5689 2904 5744 lerem.
2940 5702 3098 5753 xxiii,
3126 5685 3214 5751 28.

2066 5864 2095 5887 ο
