4018 6296
183 194 283 251 981

1354 193 1446 247 AD
1486 192 1543 249 ὃ.
1581 192 1908 251 CRECOB“
1947 193 2151 249 ORAT.
2194 193 2288 249 XI.

3350 192 3456 248 981

191 314 375 383 τρυφῇ
424 309 560 383 πρὸς
601 312 728 374 τοὺς
774 310 989 379 ἀγῶνας
1029 311 1137 363 τῶν
1177 312 1505 382 μαρτύρων;
1548 313 1779 368 Ἔπειτα

1895 316 2187 385 sphemiam
2216 316 2467 370 obticuit.
2512 314 2581 369 In
2608 315 2813 371 divinis
2844 322 3026 372 autem
3064 314 3238 386 ipsius
3278 317 3459 376 verbis

192 404 335 458 θέλω
366 406 466 476 μὲν
491 405 668 458 εἰπεῖν
696 421 748 457 τι
774 402 1043 474 τολμηρόν
1065 416 1080 445 ν
1108 401 1424 472 αἰδούμενος
1450 402 1505 456 δὲ
1533 403 1630 474 τὴν
1664 404 1785 473 ἑόρ-

186 514 307 551 τιον
352 496 558 568 ταύτην
590 496 827 568 ἡμέραν,
877 494 1067 550 σιωπῶ
1112 494 1174 547 τὸ
1217 493 1564 566 βλάσφημον’
1623 496 1783 567 πλὴν,

185 588 252 642 οὐ
279 588 493 660 τρυφὴν
524 587 619 640 καὶ
650 586 824 657 μέθην
854 586 985 657 παρ’
1016 584 1175 656 ήμῶν
1209 586 1532 641 ἀπαιτοῦσιν
1562 589 1611 640 οἱ
1649 589 1789 659 μάρ-

183 697 374 753 τυρες,
409 679 496 733 ἵνα
530 679 766 750 μετρίως
794 678 952 733 εἴπω.
972 677 1111 730 Ἀλλ’
1140 676 1374 731 ἐνταῦθα
1408 679 1506 748 μὲν
1536 682 1564 732 6
1592 679 1787 734 Θεολό-

190 784 286 835 γος
318 767 420 838 τὴν
448 765 798 837 βλασφημίαν
830 766 1087 836 ἐσίγησεν
1107 781 1120 794 ·
1157 767 1216 819 ἐν
1246 766 1303 819 δὲ
1343 769 1454 830 τοῖς
1484 766 1650 833 θείοις
1683 771 1781 822 αύ-

187 856 284 910 τοῦ
312 857 523 920 ἔπεσιν,
567 855 734 927 αὐτὴν
765 856 1111 928 ἑξελόιλησεν,
1137 857 1325 922 εἰπὼν,
1349 859 1431 911 ὅτι
1456 862 1568 923 τοῖς
1595 861 1783 932 δαίμο-

192 967 278 1001 σιν
308 951 357 1002 οἱ
385 948 554 1002 πάλαι
581 948 1001 1021 γαστριζόμενοι
1030 950 1124 1003 καὶ
1148 950 1463 1021 τρυφῶντες
1491 951 1745 1022 ἐόρταζον
1766 969 1779 982 ·

187 1044 235 1095 οἱ
268 1042 330 1095 δὲ
370 1043 699 1112 Xptmtavot
720 1043 925 1097 τούτων
969 1042 1449 1114 ἐλευθερωθέντες,
1487 1062 1783 1117 πνευματι-

1884 420 2003 460 eam
2052 404 2303 474 protulit,
2353 404 2544 460 dicens
2591 406 2736 475 quod
2792 406 2922 459 olim
2966 406 3145 460 ventri
3196 405 3364 460 dediti
3408 416 3459 461 et

1887 494 2251 555 luxuriantes.
2298 492 2605 548 daemonum
2659 494 2794 549 festa
2844 494 3111 563 agebant;
3159 491 3459 548 Christiani

1886 600 2051 650 vero,
2110 584 2182 640 iis
2236 585 2487 649 liberati,
2544 585 2859 655 spirituales
2904 594 3211 641 conventus
3254 586 3461 640 sanctis

1889 677 2112 733 athletis
2177 677 2586 732 constituimus.
2631 676 2789 732 Nunc
2834 689 3014 732 autem
3066 675 3276 739 audite,
3330 676 3460 745 quid

1890 771 2074 836 timeo,
2109 786 2142 825 ο
2171 769 2359 823 mundi
2383 769 2701 824 vel'ventris
2731 775 3027 831 amatores,
3055 767 3117 821 ad
3159 768 3463 823 daemonica

1890 862 2238 933 transfugitis
2264 862 2615 932 exemplaria,
2654 862 2706 916 id
2733 870 2841 926 est,
2873 862 2918 917 si
2951 861 3128 916 ventri
3169 860 3463 931 indulgetis

1890 957 1946 1011 in
1979 965 2296 1012 sanctorum
2330 954 2484 1010 festis
2512 962 2567 1009 et
2601 953 3065 1013 solemnitatibus.
3096 968 3205 1006 non
3239 958 3464 1007 sanctos

1889 1048 2093 1115 colitis,
2123 1047 2218 1103 scd
2251 1047 2547 1102 daemones.

188 1138 296 1200 κὶς
326 1138 578 1201 συνόδους
609 1140 720 1200 τοῖς
746 1137 1065 1207 ἀθλοφόροις
1097 1137 1583 1209 συνεστησάμεθα*
1631 1139 1725 1193 νῦν
1758 1141 1814 1194 δὲ
1843 1142 2132 1206 ἀκούσατε,
2164 1141 2218 1194 τί
2266 1140 2559 1210 φοϐοῦμαι,
2591 1134 2639 1193 ὧ
2670 1138 3112 1209 φιλόκοσμοι-«καὶ
3145 1138 3465 1208 φιλογάστο-

191 1249 286 1302 ρες
309 1247 322 1260 ·
373 1230 510 1301 πρὸς
553 1232 675 1291 τοὺς
717 1229 1062 1298 δαιμονικοὺς
1094 1229 1441 1296 αύτομολεῖτε
1470 1229 1692 1297 τύπους,
1726 1233 2004 1288 τουτέστιν
2034 1232 2130 1287 ἐάν
2158 1229 2526 1303 γαστρίζησθε
2562 1233 2619 1285 ἑν
2642 1234 2762 1294 ταῖς
2793 1232 3004 1302 ἑορταῖς
3026 1228 3133 1283 τῶν
3169 1231 3341 1296 ἁγίων
3371 1231 3466 1285 καὶ

187 1328 316 1388 ταῖς
350 1322 741 1394 πανηγύρεσιν,
781 1322 842 1375 ού
871 1323 997 1386 τοὺς
1030 1322 1219 1391 ἁγίους
1241 1325 1456 1394 τιμᾶτε,
1491 1324 1626 1379 ἀλλὰ
1653 1327 1781 1390 τοὺς
1808 1328 2086 1398 δαίμονας.

263 1417 388 1472 Col.
420 1416 526 1471 860
553 1415 595 1468 Α
624 1414 676 1469 ϐ.
710 1415 807 1483 Μὴ
840 1414 1138 1469 (atrurn...
1178 1414 1294 1482 τὴν
1323 1415 1656 1471 εὐσέϐειαν.
1688 1418 1779 1488 Μὴ

191 1508 474 1577 ἀνάγνως,
505 1507 690 1577 φησὶν,
720 1507 1067 1577 ἑορτάζωμεν
1102 1506 1199 1571 τάς
1233 1507 1427 1579 ἑορτὰς
1445 1509 1552 1561 τῶν
1582 1509 1780 1577 ἀγίωψ

190 1600 316 1654 ἀλλ’
347 1597 539 1671 ὥσπερ
578 1599 755 1652 πάντα
794 1600 925 1668 ἡμῖν
953 1598 1071 1652 ἐστι
1107 1598 1471 1668 πνευματικὰ,
1524 1600 1618 1654 καὶ
1645 1600 1788 1655 κατὰ

193 1694 295 1745 τὸν
346 1690 539 1762 Σιράχ,
582 1689 917 1759 Στολισμὸς
964 1690 1206 1760 ἀνδρὸς,
1246 1691 1343 1746 καὶ
1378 1692 1567 1762 γέλως
1616 1693 1788 1748 ὀδόν-

194 1802 343 1848 των,
381 1785 480 1838 καί
517 1783 693 1853 ,βῆμα
723 1783 910 1849 ποδὸς
952 1784 1276 1854 ἀναγγελεῖ
1298 1785 1430 1853 περὶ
1472 1786 1676 1846 αὑτοῦ.
1709 1790 1789 1851 είς

192 1876 382 1930 πάντα
424 1875 721 1945 φθάνοντος
772 1874 868 1927 τοῦ
901 1874 1082 1943 λόγου,
1118 1875 1237 1945 ἦτοι
1277 1874 1371 1928 τοῦ
1401 1876 1784 1944 εύαγγελικοῦ,

192 1969 227 2040 ἢ
261 1969 360 2023 τοῦ
392 1967 534 2022 κατά
564 1968 625 2021 τὸ
656 1966 928 2037 καθῆκον·
961 1966 1103 2020 οὕτω
1146 1968 1240 2020 καὶ
1272 1968 1305 2037 ὴ
1337 1968 1395 2020 ἐν
1429 1971 1548 2032 ταῖς
1574 1970 1790 2039 ἑορταῖς

192 2062 344 2115 ἔστω
378 2060 691 2131 φαιδρότης.
735 2060 809 2115 Οὐ
836 2059 944 2129 γὰρ
972 2058 1167 2112 κωλύω
1190 2058 1288 2130 τὴν
1314 2062 1372 2112 ἐν
1409 2060 1635 2125 ταύταις
1664 2060 1788 2113 ἄνευ

192 2172 311 2221 σιν,
360 2153 501 2206 ὥστε
549 2152 646 2207 καὶ
689 2150 1081 2223 δαψιλεστέραν
1127 2152 1228 2222 τῆς
1282 2151 1544 2223 συνήθους
1614 2168 1790 2223 παρα-

192 2247 395 2299 θέσθαι
453 2244 768 2317 τράπεζαν,
827 2245 924 2298 καὶ
972 2245 1297 2316 διαχυθῆναι
1344 2246 1599 2316 μετρίως,
1654 2245 1791 2300 ἀλλά

194 2339 420 2403 κολάζω
447 2338 544 2410 τὴν
574 2336 865 2409 ἀμετρίαν,
887 2337 1009 2407 ἥτις
1030 2335 1308 2405 πανταχοῦ
1330 2336 1591 2409 βλαϐερόν
1618 2338 1785 2393 ἐστιν.

198 2432 303 2484 Ἂν
328 2429 473 2483 οὕτω
507 2428 898 2501 συνερχὼμεθα
928 2431 1023 2482 καὶ
1048 2428 1221 2492 οὕτως
1240 2430 1615 2502 ἑορτάζωμεν,
1648 2432 1789 2501 μέγα

198 2523 307 2593 μέν
335 2525 486 2577 ἑστιν
513 2523 712 2586 εἰπεῖν,
739 2522 821 2575 ὃτι
865 2522 959 2576 καὶ
989 2523 1149 2593 ἡμεῖς
1187 2522 1294 2576 τῶν
1324 2523 1502 2577 αὐτῶν
1539 2523 1789 2579 ἐπάθλων

193 2617 315 2679 τοῖς
346 2616 615 2686 μάρτυσιν
646 2612 1013 2685 ἑτὲιτύχωμεν.
1047 2614 1269 2678 Τούτοις
1300 2615 1408 2688 γὰρ
1439 2619 1623 2672 ἐκεῖνα
1657 2617 1789 2672 ἀπό-

196 2708 477 2768 κειται,Ἃ
495 2705 648 2774 μήτε
672 2705 982 2775 ὀφθαλμὸς
1004 2701 1143 2769 εἶδε,
1168 2705 1352 2770 καθώς
1379 2724 1546 2777 φησιν
1576 2710 1604 2761 6
1635 2708 1792 2760 ’Λπό-

197 2797 417 2860 στολος,
440 2795 592 2865 μήτε
612 2792 721 2862 οὖς
738 2796 993 2864 ἤκουσε,
1012 2796 1165 2866 μήτε
1184 2797 1282 2850 ἐπὶ
1308 2797 1561 2867 καρδίαν
1580 2799 1792 2868 ἀνθρώσ

195 2902 324 2943 που
343 2887 551 2956 ἀνέϐη.
581 2887 716 2941 Οὐδὲ
735 2887 844 2960 γὰρ
867 2887 1206 2959 ἀνθρώπινος
1225 2888 1349 2953 νοῦς
1362 2892 1430 2960 τῇ
1455 2890 1675 2963 εὐκολίᾳ
1699 2892 1791 2945 ἐπὶ

1962 1419 2045 1475 Ne
2073 1422 2398 1491 igitur.......
2428 1419 2676 1489 pietatem
2714 1418 3006 1487 e/ferentes.
3030 1449 3095 1457 —
3118 1414 3198 1473 Ne
3225 1417 3462 1487 impure,

1892 1514 1986 1575 ait,
2020 1520 2337 1570 sanctorum
2375 1510 2512 1566 festa
2546 1509 2917 1575 celebremus;
2966 1509 3060 1565 sed
3095 1510 3239 1564 sicut
3284 1512 3467 1564 omnia

1819 1632 1865 1693 Β
1894 1607 2054 1662 nobis
2100 1604 2407 1676 spiritualia
2456 1610 2606 1693 sunt,
2643 1602 2886 1693 et‘juxta
2939 1600 3134 1656 Sirach
3186 1600 3359 1656 ﬁlium
3382 1601 3466 1656 “:

1893 1697 2269 1751 Indumentum
2303 1695 2423 1758 viri,
2454 1702 2506 1747 et
2535 1692 2773 1746 dentium
2801 1691 2961 1754 risus,
2989 1699 3038 1744 et
3064 1690 3208 1760 pedis
3236 1691 3469 1746 incessus

1889 1788 1952 1840 de
1978 1787 2088 1855 ipso
2112 1784 2455 1847 annuntiant,
2481 1782 2649 1836 verbo
2673 1779 2738 1834 ad
2762 1780 2945 1834 omnia
2968 1780 3331 1851 pertingente,
3356 1781 3471 1837 sive

1891 1880 2233 1949 evangelica,
2269 1878 2386 1932 sive
2430 1876 2495 1930 ad
2534 1875 2587 1929 id
2623 1874 2770 1945 quod
2806 1873 2962 1929 decet
2999 1880 3314 1943 spectante:
3345 1873 3472 1930 talis

1893 1974 1967 2028 sit
1994 1981 2051 2028 et
2079 1974 2136 2027 in
2184 1971 2345 2026 festis
2372 1970 2581 2024 laetitia.
2616 1966 2742 2022 Non
2774 1966 2921 2021 enim
2972 1966 3140 2020 animi
3172 1966 3471 2020 relaxatio~

1892 2080 2016 2119 nem
2048 2063 2106 2118 in
2137 2061 2216 2118 eis
2254 2060 2605 2116 interdictam
2633 2058 2784 2122 volo,
2804 2057 2951 2112 adeo
2978 2066 3039 2110 ut
3067 2056 3271 2111 lautior
3309 2056 3473 2111 solito

1896 2158 2207 2211 instruatur
2258 2166 2472 2215 mensa,
2505 2157 2562 2204 et
2602 2148 2881 2204 moderata
2926 2146 3251 2202 adhibeatur
3289 2146 3472 2201 hilari-

1892 2254 2017 2311 tas;
2064 2244 2159 2301 sed
2209 2258 2353 2305 eam,
2392 2256 2515 2313 qua:
2564 2239 2785 2294 modum
2825 2237 3061 2303 excedit,
3105 2236 3471 2308 reprehendo,

1891 2340 2039 2394 velut
2066 2338 2214 2392 omni
2244 2334 2407 2390 modo
2441 2333 2681 2389 noxiam.
2732 2330 2789 2386 Si
2836 2346 2937 2386 nos
2973 2331 3045 2384 ita
3081 2330 3473 2385 conveniamus

1896 2445 1959 2484 ac
1992 2430 2132 2484 festa
2168 2427 2534 2491 celebremus,
2566 2440 2824 2495 magnum
2857 2422 3078 2494 quidem
3121 2422 3288 2477 fuerit
3332 2421 3473 2476 amr-

1892 2537 2043 2577 mare
2081 2537 2184 2576 nus
2218 2520 2407 2575 eadem
2458 2533 2525 2572 ac
2569 2524 2843 2587 martyres
2888 2514 3108 2585 praemia
3144 2519 3477 2569 consecutu-

1892 2630 2005 2669 ros.
2041 2614 2193 2681 Quos
2224 2614 2369 2668 enim
2402 2612 2518 2666 haec
2552 2616 2795 2671 manent,
2824 2624 2942 2678 quin
2963 2623 3054 2663 nec
3094 2606 3280 2661 oculus
3325 2606 3475 2673 vidit,

1894 2718 1954 2764 ut
2002 2713 2079 2764 ait
2123 2707 2510 2779 Apostolus”,
2568 2722 2661 2759 nec
2698 2705 2844 2759 auris
2887 2704 3110 2765 audivit,
3149 2720 3241 2757 nec
3282 2704 3339 2756 in
3384 2718 3477 2756 cor

1892 2799 2117 2855 hominis
2145 2796 2401 2851 ascendit.
2444 2795 2639 2865 Neque
2668 2794 2814 2849 enim
2859 2793 3132 2848 humanus
3164 2792 3477 2848 intellectus

1895 2891 2058 2947 facile
2087 2889 2157 2945 ad
2188 2889 2372 2945 omnia
2404 2903 2728 2951 conversus,
2764 2894 2819 2942 et
2866 2902 2966 2956 pro
3001 2892 3271 2957 potestate
3298 2886 3478 2941 beati-

199 2978 388 3031 πάντα
411 2978 714 3049 φερόμενος
742 2979 836 3032 καὶ
876 2978 1233 3033 ἀναπλάττων
1274 2982 1333 3035 ἐν
1361 2981 1579 3052 ἐξουσίᾳ
1614 2999 1792 3054 μακα-

1899 2983 2143 3039 tudinem
2202 2996 2266 3035 ac
2322 2980 2638 3035 felicitatem
2698 2979 2929 3050 (ingens,
2982 2977 3127 3031 bona
3170 2975 3260 3030 illa
3304 2974 3475 3030 infor-

198 3070 433 3140 ριότητα
473 3070 569 3123 καὶ
602 3070 973 3141 εὐδαιμονίαν,
1004 3072 1185 3125 ἐκεῖνα
1236 3072 1305 3124 τὰ
1355 3072 1538 3141 ἀγαθά
1568 3072 1792 3127 δύναται

198 3160 693 3225 ἁνατυπώσασθαι,
711 3160 749 3215 ἃ
771 3162 1100 3231 ἡτοίμασεν
1121 3163 1153 3216 ὀ
1176 3161 1319 3227 Θεὸς
1344 3162 1467 3229 τοῖς
1482 3162 1795 3233 ἀγαπῶσιν

197 3253 419 3317 αὑτὸν,
451 3255 565 3316 τοῖς
598 3253 665 3306 δι’
695 3254 927 3324 αἵματος
957 3252 1288 3308 τελειωθεῖσι
1323 3253 1416 3307 καὶ
1437 3253 1535 3325 τὴν
1558 3255 1794 3326 Χριστοῦ

205 3344 619 3416 μιμησαμένοις
654 3345 889 3415 σφαγήν.
912 3344 1061 3407 Τέως
1087 3344 1145 3398 δὲ
1172 3347 1221 3398 εί
1244 3345 1339 3398 καὶ
1367 3345 1473 3398 τῶν
1506 3346 1635 3401 ῐσων
1664 3347 1795 3419 βρα-

202 3434 374 3489 6είων
400 3436 513 3498 τοῖς
540 3435 800 3506 ἀθληταῖς
836 3434 910 3506 μὴ
945 3435 1314 3506 ἐπιτύχωμεν,
1343 3434 1457 3489 ἀλλ’
1474 3431 1569 3489 οὖν
1590 3437 1687 3503 τὴν
1712 3438 1798 3492 δό-

204 3528 308 3593 ξαν
338 3528 521 3581 αὐτῶν
559 3526 799 3598 ὀψόμεθα
824 3527 916 3579 καὶ
945 3527 1292 3597 ἀκουσόμεθα
1321 3529 1414 3581 καὶ
1442 3529 1625 3599 ἡμεῖς’
1654 3528 1795 3581 Εἴσ-

202 3625 353 3677 ελθε
404 3623 493 3687 εὶς
539 3621 655 3687 τὴν
700 3620 895 3689 χαρὰν
940 3618 1047 3673 τοῦ
1096 3621 1322 3687 Κυρίου
1368 3635 1520 3684 σου,
1574 3620 1668 3673 καὶ
1720 3619 1798 3690 τῷ

205 3714 355 3784 φωτὶ
403 3713 505 3783 τῆς
551 3712 715 3780 ἀγίας
766 3712 997 3782 Τριάδος
1043 3711 1365 3783 τελεώτερον
1422 3711 1800 3784 ἐλλαμφθησό-

209 3805 379 3876 μεθα,
411 3807 477 3876 ἣν
524 3803 899 3876 ὁμολογοῦμεν
949 3805 1265 3877 παρρησίᾳ·
1319 3806 1413 3859 καλ⁸
1455 3806 1566 3860 εἴθε
1611 3806 1801 3876 ὁμολο-

204 3899 447 3970 γοίημεν
482 3898 613 3968 ἄχρι
643 3895 924 3965 τελευτῆς,
960 3896 1059 3967 τὴν
1101 3897 1271 3969 καλὴν
1305 3899 1799 3972 παρακαταθήκην,

207 3994 281 4062 ἦν
310 3989 465 4060 παρά
491 3988 600 4042 τῶν
640 3989 810 4057 ἁγίων
852 3988 1113 4060 Πατέρων
1144 3990 1433 4061 ἐλάϐομεν,
1471 3992 1580 4046 τῶν
1608 3993 1667 4047 ἐν
1698 3994 1799 4046 Νι-

1894 3088 2044 3129 mare
2082 3078 2285 3142 potest,
2318 3086 2435 3140 quae
2482 3069 2801 3139 prwparavit
2835 3067 2972 3122 Deus
3012 3065 3358 3138 diligentibus
3396 3082 3470 3130 se,

1896 3165 2165 3236 sanguine
2195 3161 2453 3234 perfectis
2487 3161 2805 3231 Christique
2837 3160 3175 3216 occisionem
3222 3158 3471 3215 imitatis.

1896 3258 2053 3324 Quod
2086 3256 2133 3312 si
2162 3271 2273 3311 non
2301 3254 2490 3310 eadem
2515 3260 2681 3323 atque
2711 3261 2985 3322 martyres
3017 3251 3240 3321 praemia
3277 3248 3476 3305 refera-

1896 3367 2043 3414 mus,
2076 3348 2306 3420 gloriam
2347 3363 2477 3402 vero
2510 3361 2700 3401 eorum
2743 3345 3052 3402 videbimus
3086 3352 3142 3400 et
3188 3344 3475 3399 audiemus

1897 3456 1999 3496 nos
2045 3454 2286 3509 quoque,
2348 3436 2526 3491 Venite
2566 3436 2621 3489 in
2669 3436 2925 3505 gaudium
2983 3434 3197 3489 Domini
3238 3434 3374 3498 mei;
3420 3443 3476 3487 et

1898 3540 2101 3588 sancta:
2145 3529 2433 3585 Trinitatis
2468 3528 2671 3582 lumine
2704 3527 3468 3600 perfectiuscollustrahimur,

1898 3640 2059 3696 quam
2098 3623 2267 3679 libere
2324 3621 2670 3676 conﬁtemur.
2724 3617 2903 3690 Atque
2951 3618 3160 3673 utinam
3206 3634 3382 3689 usque
3417 3618 3472 3672 in

1902 3717 2064 3772 ﬁnem
2124 3714 2485 3770 conﬁteamur
2540 3712 2867 3783 praeclarum
2932 3710 3065 3765 illud
3126 3710 3477 3782 depositum,

1898 3809 2043 3881 quod
2069 3822 2100 3861 a
2123 3807 2331 3863 sanctis
2357 3803 2613 3859 Patribus
2647 3803 2983 3873 accepimus,
3029 3801 3221 3857 Nicaea:
3248 3818 3478 3873 congre-

1901 3901 2063 3972 gatis,
2094 3897 2303 3954 Christi
2350 3894 2655 3966 praesentia:
2704 3894 3065 3963 nascentique
3101 3893 3223 3948 lidei
3262 3903 3481 3965 aposto-

1902 3995 2020 4050 licae
2052 3992 2428 4064 propioribus!
2456 3987 2715 4043 Fortasse
2742 3994 2925 4045 autem
2972 3986 3251 4042 Christum
3291 3986 3479 4041 lncar-

206 4083 349 4155 καίᾳ
387 4082 883 4155 συνηθροισμένων,
935 4083 1042 4135 τῶν
1086 4083 1367 4155 ἐγγυτέρω
1418 4084 1520 4155 τῆς
1563 4085 1792 4157 Χριστοῐ

1903 4087 2145 4141 nationis
2180 4081 2529 4153 mysterium
2579 4078 2897 4148 Thcologus
2947 4077 3192 4143 vocavit;
3246 4077 3477 4146 primam

209 4172 519 4245 παρουσίας
548 4173 643 4226 καὶ
671 4172 771 4243 τῆς
802 4172 1027 4245 πρώτης
1058 4174 1291 4237 πίστεως
1326 4175 1433 4229 τῶν
1462 4175 1792 4230 ἀποστόλων.

1902 4192 2034 4233 vero
2066 4177 2250 4236 ﬁdem,
2290 4172 2668 4242 'l‘benlogiam.
2702 4169 2805 4235 Qui
2835 4170 2981 4223 enim
3023 4185 3132 4224 non
3174 4167 3328 4237 prius
3358 4183 3483 4224 esse

207 4265 457 4327 Εἰκότως
485 4264 540 4319 δὲ
573 4265 808 4336 Χριστὸν
841 4265 938 4336 μὲν
967 4266 1028 4319 τὸ
1065 4266 1363 4337 μυστήριον
1400 4267 1497 4337 τῆς
1530 4267 1792 4339 ἐνανθρω-

1906 4268 2076 4324 Deum
2121 4262 2438 4327 crediderit,
2489 4276 2666 4329 neque
2692 4275 2817 4314 eum
2853 4273 2951 4328 pro
2991 4258 3151 4312 nobis
3187 4257 3360 4311 fuisse
3394 4257 3482 4310 in-

208 4358 439 4428 πὴσεως
464 4358 493 4411 6
524 4356 782 4425 Θεολόγος
826 4356 1054 4411 ἐκάλεσε
1075 4374 1089 4388 ·
1125 4355 1348 4428 πρώτην
1378 4358 1435 4412 δὲ
1467 4359 1672 4421 πίστιν,
1695 4337 1792 4429 τὴν.

1908 4365 2191 4410 carnatum
2228 4352 2436 4409 credet.
2486 4350 2893 4419 Namqueuerga
2946 4363 3048 4401 nos
3075 4346 3482 4401 Providentiam

210 4445 517 4513 θεολογίαν.
584 4446 641 4499 'O
668 4445 775 4518 γὰρ
839 4445 914 4517 μὴ
973 4448 1269 4511 πιστεύσας
1320 4448 1584 4519 πρότερον
1665 4444 1792 4502 εἶναι

1910 4450 2086 4519 primo
2121 4449 2171 4502 in
2205 4447 2326 4501 loco
2360 4444 2513 4521 ponit
2538 4458 2664 4497 vera
2694 4441 2987 4511 theologia.

209 4540 371 4603 Θεὸν,
402 4540 504 4593 οὐκ
535 4540 602 4594 ἂν
627 4539 749 4593 ούδὲ
794 4540 1210 4613 ὲνανθρωπῆσαι
1251 4542 1437 4595 τοῦτον
1469 4542 1534 4597 δι’
1563 4545 1709 4615 ἡμᾶς
1743 4544 2073 4597 πιστεύσειε.
2116 4543 2447 4615 Προηγεῖται
2478 4536 2584 4608 γὰρ
2618 4535 2715 4606 τῆς
2762 4538 2888 4607 περὶ
2932 4537 3080 4609 ἡμᾶς
3117 4535 3424 4606 οἰκονομίας
3452 4536 3484 4606 ἡ

210 4633 426 4705 ἀληθὴς
458 4632 724 4702 θεολογία.

286 4727 409 4782 Col.
450 4725 555 4781 840
594 4725 635 4778 ῐ)
668 4726 715 4780 1.
776 4726 839 4779 '0
870 4724 939 4779 δὲ
970 4726 1129 4791 Θεὸς.
1162 4764 1176 4777 .
1203 4763 1220 4779 .
1248 4768 1260 4781 .
1307 4727 1556 4783 αίώνων.
1606 4728 1800 4798 Ἀμήν.

216 4822 314 4885 Εἰς
345 4819 511 4890 εὐχὴν
529 4817 842 4872 κατακλείει
872 4817 962 4871 τὸν
982 4818 1139 4887 λόγον
1171 4818 1199 4871 6
1216 4820 1495 4888 Θεολόγος.
1524 4820 1725 4875 Ἕλαϐε
1748 4820 1803 4874 δὲ

215 4919 282 4967 τὸ
321 4914 456 4984 μὲν,
489 4913 518 4965 6
548 4911 680 4976 Θεὸς
712 4911 822 4979 τῆς
854 4910 1118 4981 εὶρήνης,
1147 4913 1212 4965 ἐκ
1238 4912 1337 4965 τοῦ⁶
1369 4914 1527 4982 ἀγίου
1556 4913 1766 4967 Παύλου
1787 4930 1801 4944 ·

216 5004 422 5076 ὁμοίως
467 5004 561 5057 καὶ
606 5002 687 5066 τὸ,
733 5006 763 5056 6
800 5003 1138 5071 καταλλάξας
1184 5005 1330 5075 ἡμᾶς
1363 5004 1538 5076 ἐαυτῷ
1582 5004 1669 5059 διὰ
1710 5004 1805 5058 τοῦ

220 5095 482 5168 σταυροῦ,
518 5095 744 5167 ἐχθροὺς
789 5094 947 5157 ὄντας
991 5095 1078 5149 διὰ
1122 5096 1219 5164 τῆς
1270 5097 1562 5168 ἁμαρτίας.
1594 5099 1705 5152 Καὶ
1747 5097 1807 5151 τὸ

220 5188 718 5259 εὐαγγελισάμενος
765 5190 985 5259 εἰρήνην
1030 5190 1139 5251 τοῖς
1188 5190 1355 5258 ἐγγὺς
1403 5188 1494 5242 καὶ
1545 5190 1657 5253 τοῖς
1706 5207 1798 5260 μα-

223 5282 400 5354 κράν·
444 5283 582 5354 ὅπερ
607 5282 653 5339 ,ὁ
691 5283 847 5350 ἅγιος
879 5279 1089 5344 Παῦλος
1130 5282 1195 5334 ἐκ
1242 5281 1335 5334 τοῦ
1373 5280 1596 5336 Ἡσαῒου
1630 5282 1808 5335 λαϐὼν

222 5378 592 5451 ἡρμήνευσεν,
640 5376 807 5443 ἐγγὺς
856 5374 955 5445 μὲν
1000 5374 1234 5437 καλέσας
1295 5376 1418 5439 τοὺς
1467 5374 1568 5428 ὑπὸ
1622 5375 1805 5444 νόμον,

230 5470 449 5543 μακρὰν
487 5472 565 5536 δὲ,
609 5472 735 5533 τοὺς
786 5468 891 5536 ἔξω
935 5469 1120 5543 νόμου.
1164 5454 1237 5521 Τὸ
1278 5468 1355 5532 δὲ,
1396 5470 1423 5521 6
1464 5469 1559 5536 τῆς
1590 5467 1809 5537 ἀγάπης

1987 4728 2122 4783 Deus
2172 4738 2512 4781 autem.......
2570 4726 2904 4779 macularum.
2953 4723 3137 4777 Amen.
3187 4751 3255 4763 —
3286 4719 3487 4777 Preca-

1911 4823 2061 4876 tione
2091 4819 2371 4875 concludit
2405 4819 2708 4875 orationem
2739 4815 3076 4886 Theologus.
3113 4811 3361 4884 Sumpsit
3385 4829 3483 4869 au-

1913 4926 2019 4970 tem
2064 4913 2179 4969 haec
2218 4914 2405 4975 verba,
2460 4910 2605 4969 Deus
2657 4911 2827 4980 pacis,
2862 4925 2925 4964 ex
2981 4915 3174 4962 sancto
3224 4906 3484 4973 Paulo“;

1913 5006 2230 5078 pariterque
2276 5005 2368 5060 illa
2390 5006 2459 5069 ",
2492 5004 2586 5075 qui
2624 5019 2728 5059 nos
2771 5001 2875 5057 sibi
2920 5015 3017 5072 per
3045 5015 3262 5055 crucem
3294 5014 3488 5055 recon-

1914 5098 2142 5163 ciliavit,
2204 5112 2327 5151 cum
2383 5106 2605 5166 peccato
2674 5092 2885 5147 inimici
2940 5105 3209 5145 essemus.
3264 5087 3486 5144 Necnon

1909 5190 2043 5245 illud
2063 5190 2127 5253 “,
2158 5189 2398 5244 faustum
2430 5187 2583 5257 pacis
2608 5184 2885 5245 nuntium,
2910 5189 3023 5235 lum
3061 5182 3147 5237 bis
3174 5182 3268 5251 qui
3321 5197 3487 5251 prope

1910 5289 2091 5348 erant,
2136 5293 2249 5336 tum
2300 5281 2385 5335 his
2430 5279 2521 5349 qui
2570 5278 2752 5348 longe,
2809 5275 3012 5329 attulit.
3052 5273 3205 5339 Quod
3263 5273 3484 5344 quidem

1914 5385 2139 5431 sanctus
2193 5374 2400 5428 Paulus
2454 5389 2520 5427 ex
2574 5370 2712 5426 Isaia
2759 5376 3036 5438 sumptum
3093 5366 3486 5435 interpretatus

1913 5478 2016 5531 est,
2068 5469 2351 5539 propiores
2396 5465 2614 5537 quidem
2668 5476 2875 5517 vocans
2930 5475 3025 5514 eos
3076 5458 3172 5528 qui
3228 5456 3331 5512 sub
3367 5457 3486 5527 lege

300 5657 345 5687 "
383 5653 546 5709 Eccli.
579 5671 693 5713 nx,
720 5653 808 5724 Ἡ.
840 5722 849 5724 Α
905 5652 952 5683 ⁵³
984 5651 1150 5724 lCur.
1190 5671 1248 5721 ιι,
1286 5656 1336 5711 9.
1418 5655 1462 5686 ⁸⁵
1494 5652 1650 5710 Rom.
1692 5669 1778 5724 xv,

1895 5671 1909 5722 ς
1949 5669 2057 5721 xvi,
2094 5652 2194 5720 ΞΟ,
2243 5650 2285 5705 ιι
2326 5650 2451 5706 Cor.
2493 5662 2616 5715 xm,
2656 5645 2739 5712 ll,
2773 5653 2877 5699 etc.
2960 5642 3003 5673 "
3039 5639 3237 5711 Ephes.
3289 5655 3347 5705 ιι,
3388 5638 3480 5707 16;

233 5723 395 5781 Rom.
425 5742 476 5785 v.
514 5725 597 5781 lO.
673 5725 721 5757 "
757 5722 953 5781 Enbes.
988 5739 1049 5789 ιι,
1078 5723 1162 5781 l7.
