4018 6296
441 185 545 241 937

1820 186 2102 249 NONNUS
2138 190 2361 246 ABBAS

3602 192 3701 250 981

445 294 743 353 indeorum
769 292 1163 350 immortalium
1193 310 1484 349 numerum
1512 297 1723 355 ascitus
1753 308 1806 355 et
1825 316 2024 359 conse-

2130 305 2413 377 οὐρανοὺς,
2443 302 2634 356 έϐαλεν
2659 302 2848 356 ἑαυτὸν
2879 303 2938 356 ἐν
2960 303 3039 374 τῷ
3060 302 3426 374 ἀναδιδομένῳ
3454 306 3587 375 πυρὶ
3611 306 3704 376 τῆς

445 399 632 448 cratus
653 395 822 450 esset,
841 387 893 441 in
913 384 1089 441 IEtnae
1118 386 1296 457 ignem
1321 402 1442 442 sese
1460 389 1720 459 conjecit.
1738 392 1837 447 Hic
1860 408 2024 463 porro

445 481 593 553 ignis
637 479 865 535 Vulcani
902 485 1145 533 crateres
1167 464 1321 545 ,'boc
1351 487 1436 535 est
1482 480 1752 537 foramina
1784 485 2026 556 appella-

445 582 556 628 tur.
592 571 685 627 Sic
719 572 885 626 miser
912 572 965 624 vi
1015 569 1248 627 ﬂammae
1304 573 1629 643 absumptus
1673 575 1899 631 interiit.
1957 579 2025 633 At

420 680 575 721 -vero
606 663 750 719 Deus
785 663 1102 740 huiusmodi
1130 663 1355 719 exitium
1405 664 1588 721 inanis
1632 667 1820 736 gloriaa
1876 669 2025 725 desi-

444 755 597 809 derio
611 763 953 809 contractum
975 756 1028 809 in
1052 755 1328 825 publicum
1351 754 1598 825 proferre
1612 757 1820 821 volens,
1840 758 2023 813 eﬂ‘ecit

445 854 505 899 ut
546 846 614 900 ad
645 845 1081 901 convincendam
1111 861 1326 909 eorum,
1388 848 1485 916 qui
1521 862 1663 902 vano
1693 848 1852 903 fama?
1899 859 2017 904 stu-

442 938 536 994 dio
565 938 886 1010 ﬂagrarent,
926 940 1242 1004 stultitiam,
1295 940 1520 996 calceus
1570 940 1744 1010 ipsius
1779 957 1846 996 ex
1898 942 2022 1012 igne

444 1032 739 1087 incolumis
794 1041 1133 1101 egereretur.
1179 1031 1360 1101 Atque
1404 1030 1476 1083 ita
1512 1032 1866 1101 perspicuum
1901 1047 2022 1086 om-

446 1124 612 1179 nibus
639 1123 843 1179 factum
870 1133 977 1188 est,
1024 1140 1149 1179 eum
1196 1124 1538 1179 divinitatem
1598 1124 2019 1196 haudquaquam

445 1216 700 1287 adeptum
734 1217 926 1282 fuisse,
956 1233 1143 1272 verum
1188 1232 1284 1288 per
1315 1218 1531 1272 inanem
1563 1217 1752 1288 gloriae
1779 1233 2019 1273 amorem

444 1310 671 1362 omnino
701 1310 1000 1364 exarsisse.
1072 1307 1423 1379 Trophonius
1454 1320 1657 1375 autem,
1729 1310 2017 1376 Aristaeus,

439 1410 495 1455 et
533 1400 946 1471 Empedotimus
984 1401 1219 1456 Lebadia
1272 1401 1493 1455 Bmotize
1534 1401 1670 1457 urbe
1717 1401 1822 1455 orti
1866 1409 2016 1466 sunt,

442 1494 892 1565 vaticinandique
927 1502 1101 1549 artem
1132 1495 1465 1549 coluerunt:
1496 1496 1590 1563 qui
1625 1494 1790 1549 etiam
1839 1494 2020 1549 inanis

440 1584 601 1642 famae
631 1586 816 1641 studio
846 1587 1078 1649 incensi,
1112 1602 1177 1640 ac
1205 1585 1509 1640 divinitatis
1542 1586 1858 1655 opinionem
1910 1585 2016 1641 sibi

442 1682 585 1748 apud
609 1677 861 1735 homines
893 1680 1190 1734 conciliare
1208 1678 1517 1747 cupientes,
1545 1678 1599 1732 in
1624 1695 1823 1749 specus
1846 1694 2017 1748 quaso
2054 1658 2093 1712 Β

442 1771 566 1825 dam
598 1787 658 1827 se
686 1772 994 1842 prarcipites
1029 1770 1319 1836 dederunt,
1357 1779 1418 1824 ut
1462 1786 1694 1840 prorsus
1732 1770 1800 1824 de
1837 1770 2018 1825 medio

445 1863 793 1929 tollerentur,
818 1879 920 1919 nec
949 1863 1250 1934 quidquam
1280 1879 1345 1919 ex
1374 1863 1626 1933 corporis
1663 1878 1851 1918 eorum
1898 1862 2023 1916 reli-

441 1956 585 2025 quiis
610 1955 846 2011 inveniri
874 1965 1083 2026 posset.
1119 1955 1219 2010 Hic
1244 1971 1438 2015 eorum
1470 1955 1795 2011 fuitexitus.
1844 1954 2018 2010 Caete-

440 2062 564 2102 rum
594 2049 875 2118 cognitum
907 2056 991 2104 est
1013 2064 1111 2104 eos
1144 2048 1258 2102 illic
1303 2056 1533 2103 mortem
1588 2047 1816 2111 obiisse,
1870 2048 2017 2118 quod

439 2142 589 2196 circa
617 2142 763 2196 hunc
787 2143 967 2196 locum
1013 2142 1298 2196 oraculum
1334 2141 1631 2196 exstiterit.
1686 2139 1783 2194 Est
1825 2148 2008 2195 autem

441 2235 818 2303 proverbium,
879 2236 934 2290 in
967 2233 1272 2305 Trophonii
1332 2250 1558 2304 specum
1602 2234 1811 2291 oraculi
1845 2248 2013 2289 causa

441 2326 734 2395 proﬁcisci,
772 2327 839 2383 de
873 2327 1190 2383 hominibus
1221 2326 1441 2395 pallidis
1478 2334 1642 2395 atque
1691 2341 1722 2379 a
1765 2325 1883 2380 risu
1920 2324 2018 2380 ab-

440 2418 816 2475 horrentibus.
857 2420 1124 2490 Quisquis
1159 2421 1304 2475 enim
1341 2420 1410 2474 ad
1464 2419 1747 2475 oraculum
1795 2419 1927 2473 illud
1959 2435 2019 2475 se

2127 399 2341 468 Ᾱῐτνης.
2368 396 2611 450 Τοῦτοδέ
2633 396 2693 449 τὸ
2714 394 2825 466 πῦρ
2862 395 3100 465 λέγεται,
3133 399 3185 450 οἱ
3230 396 3334 451 τοῦ
3379 395 3704 467 Ἡφαίστου

2127 490 2433 559 κρατῆρες.
2462 489 2571 543 Καὶ
2595 489 2758 552 αὐτὸς
2788 489 2885 559 μὲν
2913 486 3162 541 ἀπώλετο
3183 489 3288 541 ὑπὸ
3306 488 3401 541 τοῦ
3431 490 3622 555 πυρός.
3649 489 3705 544 ’0

2126 583 2182 637 δὲ
2202 582 2333 646 Θεὸς
2352 581 2675 653 βουλόμενος
2700 582 3062 653 δημοσιεῦσαι
3088 581 3254 635 αὐτοῦ
3269 578 3366 651 τὴν
3377 581 3699 648 κενοδοξίαν,

2124 676 2186 729 τὸ
2215 676 2471 731 σάνδαλον
2497 674 2661 729 αὑτοῦ
2689 673 3097 744 ἀποπτυσθῆναι
3132 673 3270 726 σῶον
3299 676 3363 726 ἐκ
3390 671 3485 725 τοῦ
3540 672 3706 741 πυρὸς

2126 765 2375 836 ἐποίησε.
2402 765 2512 818 Καὶ
2540 763 2712 827 οὕτως
2738 762 2982 833 ἐγνώσθη
3026 765 3212 827 πᾶσιν,
3247 763 3330 815 ὅτι
3359 762 3495 825 Θεὸς
3528 763 3624 832 μὲν
3644 761 3705 813 οὐ

2124 857 2341 926 γέγονε,
2367 856 2611 926 κατεκάη
2635 855 2692 909 δέ
2718 856 2797 917 είς
2824 853 2976 917 τέλος
3013 853 3180 920 ἀξίως
3197 853 3300 924 τῆς
3321 854 3529 917 οἰκείας
3559 870 3707 905 κενο-

2123 949 2322 1015 δοξίας.
2354 950 2417 1003 Οἱ
2440 948 2497 1001 δὲ
2538 947 2665 1017 περὶ⁵
2693 946 2784 999 τὸν
2835 945 3143 1017 Τροφώνιον
3184 945 3277 999 καὶ
3315 944 3705 1016 Ἑμπεδότιμον

2125 1041 2221 1094 καὶ
2252 1041 2556 1111 Ἀρισταῖον
2582 1038 2826 1108 ὑπῆρχον
2851 1037 2949 1107 μὲν
2978 1038 3043 1090 ἐκ
3072 1037 3170 1107 τῆς
3192 1037 3471 1100 Βοιωτίας,
3504 1037 3708 1100 πόλεως

2122 1132 2409 1194 Λεϐαδίας,
2438 1130 2660 1201 μάντεις
2683 1131 2737 1183 δὲ
2761 1134 2880 1194 ταῖς
2902 1129 3116 1201 τέχναις
3132 1150 3145 1163 ο
3171 1132 3264 1184 καὶ⁸
3290 1127 3432 1186 οὗτοι
3452 1132 3707 1203 βουλόμε-

2122 1242 2201 1278 νοι
2232 1224 2578 1293 κενοδοξῆσαι
2601 1224 2694 1276 καὶ⁵
2715 1206 2906 1288 δεῖξαι,
2938 1224 3021 1276 ὅτι
3048 1223 3455 1294 ἀνελήφθησαν,
3484 1225 3707 1285 ἑαυτοὺς

2121 1315 2178 1369 ἓν
2203 1331 2344 1367 τισιν
2370 1314 2718 1386 ὑποϐρυχίοις
2747 1314 3029 1385 σπηλαίοις
3056 1314 3265 1376 ἔϐαλον,
3290 1316 3382 1368 ἐπὶ
3407 1315 3486 1387 τῷ
3513 1316 3705 1373 τεθνά-

2121 1425 2230 1470 ναι,
2280 1408 2372 1460 καὶ
2426 1407 2501 1477 μὴ
2532 1406 2823 1476 εὑρεθῆναι
2867 1408 3044 1459 αὐτῶν
3089 1407 3159 1459 τά
3193 1406 3436 1476 λείψανα.
3462 1403 3620 1462 Οὗτοι
3647 1409 3707 1462 δὲ

2120 1499 2445 1569 τεθνήκασιν
2465 1514 2478 1529 ’
2504 1497 2855 1568 ἐγνώσθησαν
2880 1497 2938 1550 δὲ
2968 1495 3053 1550 ὅτι
3093 1497 3268 1549 ἐκεῖσε
3297 1496 3585 1562 ἀπέθανον,
3619 1498 3708 1552 διὰ

2120 1590 2181 1644 τὸ
2199 1593 2449 1661 μαντεῖον
2472 1590 2705 1659 φανῆναι
2732 1588 2862 1660 περὶ¹
2883 1588 2974 1642 τὸν
2995 1589 3180 1643 τόπον.
3204 1590 3359 1643 Ἔστι
3382 1591 3439 1644 δέ
3463 1609 3546 1654 τις
3564 1609 3704 1663 παρ-

2120 1682 2275 1753 οιμία
2313 1686 2347 1754 ή
2400 1683 2631 1751 λέγουσα
2663 1698 2680 1715 ·
2720 1682 2824 1749 Εἰς
2880 1684 3214 1750 Τροφωνίου
3271 1682 3701 1751 pendi-revoca.

2121 1776 2352 1845 Λέγεται
2374 1776 2431 1829 δὲ
2452 1776 2543 1828 ἐπὶ
2570 1774 2677 1828 τῶν
2717 1771 3062 1845 ὼχριώντων,
3089 1774 3181 1826 καὶ
3207 1774 3476 1844 μηδέποτε
3508 1774 3705 1843 γελών-

2121 1886 2245 1922 των.
2279 1870 2395 1932 Πᾶς
2435 1869 2542 1940 γὰρ
2582 1869 2610 1920 6
2643 1865 2990 1920 καταϐαίνων
3030 1868 3109 1929 είς
3135 1866 3195 1918 τὸ
3228 1871 3474 1937 μαντεῖον
3507 1869 3701 1929 ἐκεῖνο,

2122 1960 2419 2029 ἀγέλαστος
2449 1960 2603 2031 ἀνῄει
2624 1959 2718 2012 καὶ
2741 1958 2957 2030 ὼχριῶν
2974 1958 3253 2029 διηνεκῶς.
3272 1959 3533 2029 Ἔλεγχος
3563 1958 3619 2011 δὲ
3637 1954 3705 2030 ἦν

2119 2046 2274 2116 οὗτος
2307 2053 2485 2106 αὐτῶν
2508 2052 2732 2116 τούτων,
2762 2053 2843 2105 ὅτι
2872 2050 3265 2122 ὠχριάσαντες,
3302 2051 3398 2104 καὶ
3436 2051 3703 2121 μηδέποτε

2121 2146 2179 2198 ἐν
2204 2144 2283 2215 τῷ
2299 2143 2614 2215 ὑποϐρυχίῳ
2644 2143 2970 2212 γελάσαντες
2988 2142 3331 2213 τεθνήκασιν.
3370 2141 3707 2212 Ἠξιώθησαν

2118 2237 2176 2291 δὲ
2203 2238 2231 2290 6
2259 2234 2570 2307 Τροφώνιος
2602 2236 2696 2288 καὶ
2742 2233 3057 2305 Ἀγαμήδης
3079 2236 3107 2288 6
3136 2233 3361 2302 ἀδελφὸς
3384 2232 3550 2287 αὐτοῦ
3570 2250 3703 2304 μαν-

2119 2326 2395 2391 τεύεσθαι,
2430 2324 2519 2379 διά
2562 2325 2621 2379 τὸ
2666 2326 2847 2379 κτίσαι
2875 2324 3073 2387 αὐτοὺς
3106 2325 3214 2378 ἀπὸ
3244 2323 3459 2377 οἰκείων
3486 2324 3700 2394 χρημά-

2122 2437 2232 2473 των
2262 2419 2322 2472 τὸ
2348 2418 2495 2489 ἱερὸν
2518 2417 2579 2470 τὸ
2607 2419 2666 2471 ἐν
2691 2417 2913 2478 Δελφοῖς
2945 2416 3040 2469 τοῦ
3066 2416 3419 2480 Ἀπόλλωνος.

437 2508 778 2574 conferebat,
809 2512 981 2567 tristis
1034 2520 1404 2581 perpetuoque
1441 2512 1645 2581 pallore
1708 2508 1935 2565 aﬂ'ectus
1978 2508 2287 2565 recedebat.
2335 2508 2489 2575 Quod
2559 2508 2777 2579 quidem
2838 2517 3159 2578 argumento
3227 2517 3345 2563 erat
3395 2506 3499 2561 hos
3561 2514 3709 2562 vates

439 2606 644 2676 pallore
676 2605 956 2661 confectos
1010 2622 1111 2660 nec
1161 2606 1215 2661 in
1262 2608 1624 2661 subterraneo
1679 2605 1995 2675 hujusmodi
2037 2606 2157 2661 loco
2191 2605 2244 2659 in
2298 2606 2475 2660 risum
2527 2618 2769 2673 unquam
2816 2604 3029 2657 solutos
3097 2601 3390 2656 interiisse.
3462 2598 3710 2670 Tropho-

438 2698 564 2752 nius
586 2712 751 2766 porro
788 2705 841 2750 et
873 2697 1196 2767 Agamedes,
1232 2697 1406 2767 ipsius
1432 2712 1751 2764 germanus,
1777 2693 2063 2750 divinandi
2140 2705 2260 2751 arte
2324 2695 2514 2751 donati
2557 2702 2709 2761 sunt,
2754 2693 2901 2764 quod
2977 2693 3227 2763 pecuniis
3286 2692 3402 2747 suis
3451 2694 3709 2763 templum

438 2788 712 2859 Apollinis
735 2787 1061 2859 Delphicum
1091 2790 1522 2845 cxstruxisscnt.

1001 2898 1055 2952 2.
1100 2897 1179 2954 De
1224 2896 1439 2954 Proteo.

508 2993 609 3049 Hic
644 2991 876 3048 Proteus
902 3008 1102 3064 genere
1129 2992 1313 3047 Thrax
1339 3001 1477 3057 erat,
1516 2992 1771 3064 liliosque
1815 2993 2010 3048 habuit

438 3083 639 3141 Molum
672 3093 726 3140 et
759 3084 1092 3155 Telegonum
1132 3103 1145 3139 :
1188 3087 1279 3155 qui
1328 3101 1450 3138 cum
1486 3085 1603 3138 loca
1636 3086 1819 3138 omnia
1846 3085 2016 3139 latro-

438 3177 604 3231 ciniis
631 3176 833 3230 infesta
871 3183 1146 3238 tenerent,
1187 3177 1255 3230 ab
1292 3174 1525 3230 llercule
1560 3184 1779 3247 pr0ptcr
1808 3176 2018 3247 Geryo-

439 3270 528 3323 nis
555 3269 724 3323 boves
756 3268 885 3323 illac
915 3269 1019 3323 iter
1064 3266 1298 3322 faciente
1320 3269 1631 3339 interempti
1686 3278 1838 3324 sunt.
1888 3268 2020 3323 Pro-

439 3373 559 3418 teus
581 3363 747 3434 igitur
776 3362 847 3419 ob
876 3362 1113 3418 liliorum
1145 3361 1499 3418 amissionem
1565 3363 1715 3417 luctu
1773 3363 2019 3433 perditus

441 3471 508 3510 ac
532 3455 920 3525 desperatione
956 3455 1168 3511 fractus
1204 3455 1259 3509 in
1296 3470 1448 3509 mare
1480 3455 1813 3526 praecipitem
1852 3471 1911 3512 se
1932 3454 2021 3511 de-

439 3551 543 3612 dit,
597 3566 662 3603 ac
716 3530 947 3604 deorum
1006 3549 1357 3604 miseratione
1412 3549 1880 3603 immortalitatem
1936 3554 2022 3604 est

440 3648 794 3701 consecutus,
826 3640 1186 3711 marinusque
1213 3641 1426 3695 daamon
1457 3639 1683 3696 eﬂ'ectus
1710 3648 1816 3705 est,
1856 3649 2021 3711 atque

440 3733 494 3788 in
530 3731 727 3787 Pharia
763 3733 939 3786 insula
971 3733 1311 3787 domicilium
1367 3733 1470 3788 sibi
1516 3733 1655 3787 ﬁxit.
1706 3731 1807 3787 llic.
1852 3733 2019 3787 etiam

441 3840 565 3879 cum
601 3824 794 3895 phocis
826 3824 1040 3878 versari
1077 3824 1302 3878 dicitur.
1346 3823 1488 3877 Idem
1525 3822 1824 3876 Alexandri
1854 3822 2017 3877 Hele-

441 3933 594 3983 nam,
627 3932 753 3970 cum
809 3933 838 3969 a
888 3914 1097 3971 Gracia
1148 3915 1370 3985 Trojam
1418 3916 1723 3986 navigaret,
1786 3917 2021 3986 accepit,

442 4009 657 4080 irsique
694 4009 855 4063 inane
903 4006 1121 4062 Helena:
1176 4007 1534 4062 simulacrum
1598 4004 1770 4060 dedit.
1827 4004 2022 4061 Postea

445 4092 628 4158 au'tem
663 4118 788 4155 cum
827 4102 1104 4157 Menelaus
1135 4100 1388 4155 confecto
1419 4100 1562 4155 bello
1598 4097 1838 4166 Trojano
1868 4099 2026 4155 Hele-

444 4208 570 4248 nam
605 4194 658 4247 in
696 4192 934 4263 Egypto
956 4208 1081 4251 esse
1110 4193 1452 4255 rescivisset,
1473 4203 1638 4262 atque
1661 4191 1731 4246 ad
1764 4190 2024 4247 Proteum

446 4302 506 4341 se
532 4286 879 4351 contulisset,
910 4300 1028 4340 eam
1055 4285 1123 4339 ab
1145 4300 1210 4340 eo
1234 4284 1466 4355 accepit.
1505 4283 1618 4339 Hac
1654 4299 1819 4355 porro
1852 4283 2026 4338 lacul-

2551 2895 2616 2969 β’.
2657 2895 2796 2964 Περὶ
2836 2893 2944 2949 τοῦ
2986 2891 3283 2962 Πρωτέως.

2190 2984 2358 3056 Οὗτος
2392 2993 2421 3045 6
2448 2991 2708 3062 Πρωτεὺς
2734 2988 3031 3058 Αίγῦπτιος
3065 2986 3161 3056 μὲν
3190 2980 3258 3057 ἦν
3288 2984 3349 3037 τὸ
3383 2984 3540 3052 γένος
3559 3003 3571 3016 ο
3598 2980 3708 3056 εἶχε

2121 3088 2180 3141 δὲ
2211 3084 2305 3140 δύο
2335 3084 2504 3149 υἱοὺς,
2538 3080 2731 3137 Μῶλον
2762 3079 2856 3133 καὶ
2891 3077 3214 3149 Τηλέγονον.
3249 3077 3485 3141 Τούτους
3512 3078 3709 3149 λῃστὰς

2122 3182 2280 3245 ὄντας
2308 3181 2336 3233 6
2372 3177 2649 3249 Ἡρακλῆς
2673 3174 2842 3229 ἐλθὼν
2868 3174 3188 3227 ἀπέκτεινεν
3224 3171 3599 3242 ἀπερχόμενος
3627 3171 3712 3226 διὰ

2121 3276 2247 3339 τοὺς
2270 3272 2541 3344 Γηρυόνου
2571 3267 2717 3341 βοῦς.
2749 3266 2949 3320 Τοῦτον
2980 3260 3073 3319 οὗν
3102 3265 3412 3337 ἀθυμοῦντα
3436 3264 3526 3318 τὸν
3559 3265 3713 3334 Πρω-

2123 3367 2221 3421 τέα
2253 3366 2341 3420 διὰ
2365 3365 2464 3436 τὴν
2489 3362 2761 3433 ἀποϐολὴν
2792 3360 2903 3413 τῶν
2934 3359 3161 3423 τέκνων,
3198 3356 3295 3411 καὶ
3330 3357 3558 3430 ῥίψαντα
3588 3359 3711 3411 ἐαυ-

2124 3460 2215 3513 τὸν
2249 3461 2327 3523 είς
2350 3458 2646 3522 θάλασσαν,
2680 3458 2729 3510 οί
2768 3454 2882 3510 θεοὶ
2919 3454 3239 3526 ἐλεήσαντες
3278 3452 3707 3522 ἀπηθανάτισαν·

2125 3552 2220 3605 καὶ
2242 3551 2431 3620 γέγονε
2449 3550 2656 3621 δαίμων
2683 3547 2965 3611 θαλάττιος
2995 3546 3088 3600 καὶ
3104 3546 3321 3618 ἔρχεται
3352 3548 3445 3600 καὶ
3461 3549 3599 3599 οἰκεῖ
3616 3548 3711 3617 τὴν

2125 3640 2333 3715 Φαρίαν
2363 3642 2539 3712 νῆσον.
2561 3633 2730 3704 Οὗτος
2754 3639 2969 3708 λέγεται
2989 3637 3080 3691 καὶ¹
3114 3637 3255 3707 μετά
3290 3637 3397 3689 τῶν
3426 3634 3623 3705 φωκῶν
3638 3640 3712 3690 ἐν.

2124 3733 2450 3788 διαιτᾶσθαι.
2484 3727 2654 3795 Οὗτος
2701 3732 2796 3785 καὶ
2825 3728 2917 3783 τοῦ
2965 3728 3318 3799 Ἀλεξάνδρου
3360 3728 3456 3798 τὴν
3496 3727 3711 3799 Ἑλένην

2127 3825 2319 3880 ἔλαϐεν
2351 3824 2597 3888 ἐλθόντος
2618 3822 2725 3876 ἀπὸ
2748 3824 2847 3890 τῆς
2882 3820 3152 3884 Ἑλλάδος,
3184 3819 3277 3872 καὶ
3300 3817 3532 3872 δέδωκεν
3567 3819 3711 3889 αὐτῷ

2127 3918 2187 3971 τὺ
2225 3915 2439 3970 εἴδωλον
2465 3916 2565 3987 τῆς
2605 3913 2843 3985 Ἑλένης.
2882 3911 3149 3983 ’Υστερον
3176 3910 3233 3963 δὲ
3261 3910 3537 3964 Μενελάου
3575 3911 3713 3982 μετά

2128 4009 2218 4064 τὸν
2242 4007 2490 4080 Τρωϊκὸν
2516 4006 2752 4077 πόλεμον
2776 4004 3057 4077 μαθόντος,
3079 4001 3153 4065 ὡς
3177 4003 3256 4065 εἰς
3280 4002 3549 4071 Αἴγυπτόν
3570 4004 3715 4055 ἐστιν

2128 4103 2160 4172 ἡ
2206 4099 2549 4173 Ἐλένηίκαὶ
2596 4097 2844 4160 ἐλθόντος
2887 4094 3037 4166 παρά
3085 4093 3177 4146 τὸν
3208 4094 3465 4164 Πρωτέα,
3489 4094 3715 4148 δέδωκεν

2130 4192 2300 4266 αὐτὴν
2333 4192 2501 4264 αὐτῷ.
2536 4190 2767 4260 Λέγεται
2806 4188 2863 4241 δὲ
2891 4181 3044 4250 οὗτος
3081 4186 3109 4237 6
3136 4185 3393 4256 Πρωτεὺς
3441 4202 3714 4258 μεταμορ-

2134 4285 2365 4355 φοῦσθαι
2394 4286 2531 4356 πρὸς
2562 4286 2690 4347 τοὺς
2719 4281 3165 4351 ἐντυγχάνοντας,
3187 4279 3287 4331 καὶ¹
3312 4279 3434 4333 ποτὲ
3468 4278 3566 4350 μὲν
3598 4277 3717 4349 φαί-

446 4385 555 4433 tate
583 4378 843 4457 praeditus
874 4395 997 4435 esse
1032 4377 1266 4434 Proteus
1294 4377 1649 4441 credebatur,
1714 4387 1773 4433 ut
1808 4376 2024 4447 quoties

2132 4378 2318 4433 νεσθαι
2347 4376 2573 4442 τοιόσδε,
2604 4375 2734 4428 ποτέ
2760 4373 2817 4427 δὲ
2835 4370 3063 4428 τοιόσδε.

447 4488 477 4526 a
508 4452 837 4541 quibusda‘m
862 4471 1125 4535 adiretur,
1162 4485 1285 4525 sese
1310 4469 1757 4536 transformaret,
1794 4485 1857 4524 ac
1882 4484 2027 4522 nunc

447 4564 571 4627 hoc,
598 4579 744 4618 nunc
774 4562 904 4616 illud
932 4561 1258 4616 elliccretnr.

821 4677 873 4730 3.
916 4674 993 4728 De
1037 4673 1266 4728 Hercule
1306 4683 1355 4727 et
1395 4673 1659 4728 incendio.

519 4768 726 4823 Crebro
758 4781 1013 4822 sermone
1037 4766 1302 4834 jactatur,
1340 4764 1626 4820 llcrculem
1657 4763 1809 4819 Jovis
1839 4772 1894 4819 et
1937 4765 2030 4818 Al-

448 4875 657 4915 cmenae
692 4860 857 4912 lilium
897 4858 1181 4928 praBSlanli
1229 4856 1433 4912 virtute
1474 4858 1695 4913 heroem
1739 4856 2029 4913 duodecim

457 4951 762 5006 certamina
796 4948 1126 5005 confecisse.
1168 4948 1242 5003 De
1277 4950 1453 5019 ipsius
1483 4956 1661 5003 autem
1695 4950 1950 5007 incendio
1979 4961 2033 5006 et

450 5043 878 5113 conﬂagratione
909 5041 1022 5096 haec
1058 5042 1336 5097 memoria:
1371 5040 1582 5110 prodita
1617 5051 1764 5097 sunt.
1795 5040 2030 5097 Uxorem

456 5134 693 5188 habebat
731 5131 952 5187 nomine
992 5131 1327 5203 Dejaniram,
1363 5149 1528 5202 quam
1574 5142 1834 5205 superato
1873 5135 2030 5188 rivali

452 5211 696 5281 Acheloo
734 5225 804 5281 ab
832 5224 1020 5281 OEneo
1041 5235 1349 5298 acceperat,
1376 5243 1443 5281 ex
1470 5243 1641 5296 eaque
1665 5227 1879 5299 Hyllum
1906 5244 2033 5299 pro-

454 5318 679 5373 creavit.
708 5316 858 5373 Hanc
887 5334 1019 5389 ergo
1046 5319 1353 5388 Dejaniram
1378 5335 1502 5373 cum
1536 5321 1589 5373 in
1613 5322 1845 5389 patriam
1875 5339 2029 5376 suum

455 5410 703 5475 duceret,
724 5409 932 5467 Nessus
960 5410 1438 5481 Hippocentaurus
1455 5408 1522 5461 ad
1550 5408 1724 5478 ipsius
1751 5418 2030 5481 aspectum

457 5517 646 5556 amore
688 5505 917 5568 exarsit,
968 5513 1132 5573 atque
1179 5504 1232 5557 iu
1279 5502 1505 5558 ﬂumine
1538 5503 1773 5572 quodam
1816 5518 1941 5557 cum
1971 5518 2032 5558 ea

455 5595 718 5663 cungredi
755 5597 1004 5650 tentavit.
1056 5594 1209 5661 Quod
1252 5610 1375 5647 cum
1419 5593 1682 5650 l’lerculcs
1730 5594 2033 5650 intellexis-

462 5695 567 5747 sct,
604 5686 815 5758 sagitta:
848 5688 960 5742 ictu
992 5702 1117 5743 cum
1148 5686 1440 5757 Oppressit.
1469 5685 1709 5743 Moriens
1740 5694 1919 5742 autem
1942 5686 2032 5744 illc

2244 4681 2313 4743 γ’.
2350 4673 2489 4742 Περὶ
2522 4673 2877 4741 Ἡρακλέους
2906 4672 3003 4725 καί
3031 4670 3139 4740 τῆς
3173 4670 3370 4739 πυρᾶς
3405 4672 3611 4727 αὐτοῦ.

2218 4766 2395 4828 Πολὺς
2424 4764 2523 4835 μὲν
2561 4766 2588 4817 6
2616 4763 2771 4831 λόγος
2803 4761 3025 4833 θρυλλεῖ
3043 4761 3133 4816 τὸν
3170 4760 3465 4833 Ἡρακλέα,
3500 4763 3581 4816 ὅτι
3609 4761 3721 4826 υίδς

2137 4859 2214 4913 ὣν
2235 4856 2329 4911 τοῦ
2361 4856 2480 4918 Διὸς
2506 4854 2600 4907 καὶ⁸
2640 4852 2968 4925 Ἀλκμήνης,
2987 4853 3137 4924 ἥρως
3150 4869 3210 4906 τε
3244 4852 3339 4917 ὢν,
3360 4852 3488 4917 τοὺς
3519 4852 3724 4907 δώδεκα

2139 4951 2332 5013 ἄθλους
2357 4947 2635 5018 ἐξήνυσεν.
2663 4938 2730 5000 Ἦ
2743 4944 2798 4998 δὲ
2814 4943 2908 4998 νῦν
2931 4946 2987 4997 ἐν
3010 4943 3144 5013 τῷδε
3166 4943 3242 5015 τῷ
3262 4945 3449 5016 χωρίῳ
3474 4945 3600 5017 περὶ
3622 4943 3723 5013 τῆς

2140 5042 2318 5113 πυρᾶς
2368 5037 2578 5108 ἱστορία
2614 5037 2760 5090 ἐστὶν
2793 5035 2933 5107 αὕτη
2968 5052 2984 5066 ’
3017 5027 3187 5099 Οὗτος
3217 5037 3245 5089 6
3286 5035 3565 5106 Ἡρακλῆς
3609 5030 3722 5105 εἶχε

2136 5133 2371 5201 γυναῖκα
2406 5129 2628 5199 ὀνόματι
2674 5127 3029 5198 Δηϊάνειραν,
3064 5127 3129 5197 ἢν
3176 5126 3365 5180 ἔλαϐεν
3408 5127 3470 5191 ἐξ
3502 5125 3720 5187 Οἰνέως,

2139 5223 2474 5296 ἀντεραστὴς
2504 5220 2793 5291 γενόμενος
2847 5217 3095 5289 Ἀχελώῳ
3135 5216 3214 5289 τῷ
3254 5217 3487 5288 ποταμῷ
3511 5216 3608 5283 ’ἐξ
3655 5210 3721 5287 ἧς

2139 5321 2292 5373 ἔτεκε
2314 5318 2403 5371 καὶ
2431 5317 2523 5369 τὸν
2544 5314 2760 5367 Ὕλλον.
2788 5312 3004 5383 Ταύτην
3030 5311 3209 5365 τοίνυν
3244 5311 3343 5382 τὴν
3376 5310 3719 5381 Δηϊάνειοαν,

2141 5414 2257 5483 ἅμα
2278 5410 2356 5480 τῷ
2383 5408 2569 5463 λαϐεῖν
2599 5407 2693 5460 καὶ
2718 5404 3015 5475 ἀποφέρειν
3066 5406 3124 5457 ἐν
3150 5407 3216 5475 τῇ
3256 5404 3434 5473 οἰκείᾳ
3466 5402 3716 5473 πατριδι,

2145 5502 2265 5557 ἰδὼν
2290 5505 2318 5556 6
2348 5502 2554 5562 Νέσσος
2578 5496 2656 5563 εἷς
2702 5498 2812 5551 τῶν
2863 5493 3353 5565 Ἱπποκενταύρων,
3381 5491 3590 5564 ἠράσθη
3619 5489 3718 5543 αὒ-

2140 5595 2262 5663 τῆς,
2299 5594 2391 5647 καὶ
2416 5592 2560 5646 κατά
2592 5608 2710 5642 τινα
2749 5589 2991 5659 ποταμὸν
3032 5586 3310 5659 ἠϐουλήθη
3355 5586 3494 5654 αὐτῇ
3522 5597 3713 5650 συγγερ

2141 5687 2347 5742 νὲσθαι.
2388 5688 2446 5739 '0
2499 5680 2590 5741 οὖν
2630 5680 2906 5754 Ἡρακλῆς
2968 5679 3176 5751 μαθὼν,
3227 5674 3573 5744 κατατοξεύει
3624 5673 3717 5725 τὸν
