4018 6296
285 213 389 277 989

1146 214 1239 270 AD
1282 213 1322 269 S
1384 211 1710 271 GllEGORll
1742 212 1951 274 ORAT.
1992 216 2012 271 Ι
2049 210 2329 273 CONTRA
2364 212 2730 271 JULIANUM.

3435 205 3543 263 M0

281 329 514 385 Νέσσον.
575 314 959 400 Ἀποθνῆσκων
1009 329 1066 382 δέ
1100 331 1339 395 ἐκεῖνος,
1376 339 1442 384 εκ
1488 330 1580 384 τοῦ
1634 331 1865 403 αἵματος

1970 347 2221 389 cruorem
2253 344 2412 385 suum
2447 326 2716 398 Deianira:
2746 322 3011 394 impertit,
3044 319 3393 376 fraudulento
3418 323 3539 377 ani‘o

280 421 479 478 ἑαυτοῦ
508 422 693 475 δίδωσι
722 424 785 494 τῇ
812 421 1123 494 Δηϊανείρα,
1159 421 1407 476 ὑπειπών
1435 440 1492 476 τε
1522 422 1615 477 καὶ
1652 425 1863 496 ἀπατή-

285 531 403 578 σας,
427 515 510 567 ὅτι
538 514 730 567 Ἔσται
755 530 836 567 σοι
865 512 1022 567 τοῦτο
1059 513 1119 567 τὸ
1166 508 1306 585 αἷμα
1349 514 1486 585 πρὸς
1518 515 1740 587 φίλτρον
1766 514 1861 569 τοῦ

293 605 628 677 Ἡρακλέους
651 621 667 637 ·
702 604 809 668 ἵνα,
837 604 1000 675 φησὶν
1021 644 1036 669 ,
1072 604 1167 657 ἐὰν
1198 603 1395 675 μάθῃς,
1428 605 1509 657 ὅτι
1543 603 1706 675 ἄλλης
1739 606 1859 676 ἐρᾷ,

280 696 479 769 χρίσῃς
522 698 587 749 ἐκ
621 695 715 749 τοῦ
762 697 993 766 αἵματος
1021 694 1211 748 τούτου
1240 694 1301 747 τὸ
1343 695 1544 766 ἔνδυμα
1567 696 1662 750 τοῦ
1696 696 1864 768 Ἦρα-

281 787 505 852 κλέους,
541 786 637 840 καὶ
674 786 933 858 μεθιστᾷς
974 786 1136 839 αὐτὸν
1185 787 1266 850 εἰς
1303 786 1396 839 τὸν
1435 786 1635 857 ἑαυτῆς
1676 785 1859 841 πόθον.

280 875 454 933 Τοῦτο
480 875 574 932 οὖν
599 883 660 933 τὸ
696 874 836 949 αἷμα
863 874 1007 950 εἶχεν
1032 882 1065 950 ἡ
1092 879 1403 950 Δηϊάνειρα.
1433 877 1541 931 Τοῦ
1567 874 1662 932 οὖν
1698 878 1863 949 Ἦρα-

278 970 475 1034 κλέους
514 970 615 1039 τῆς
655 970 823 1042 Ἰόλης
858 970 959 1040 τῆς
1003 969 1097 1023 τοῦ
1135 969 1375 1041 Εὐρύτου
1420 968 1687 1041 θυγατρὸς
1738 972 1865 1040 ἐρα-

280 1063 504 1126 σθέντος
542 1063 636 1115 καὶ
681 1062 957 1128 λαϐόντος,
992 1063 1086 1116 καλ⁸
1130 1062 1219 1116 διά
1260 1060 1353 1115 τοῦ
1383 1061 1524 1131 Λίχα
1550 1060 1863 1132 πέμψαντος

277 1153 453 1226 αὐτὴν
486 1154 562 1218 ὼς
604 1154 948 1225 αἰχμάλωτον
997 1155 1132 1227 πρὸς
1162 1154 1261 1225 τὴν
1290 1154 1631 1225 Δηϊάνειραν,
1666 1154 1743 1216 είς
1779 1152 1866 1208 έν-

275 1262 429 1299 νοιαν
454 1245 549 1298 καὶ
581 1244 910 1316 ζηλοτυπίαν
939 1245 1163 1318 ἐκινήθη
1200 1248 1233 1316 ἡ
1262 1244 1573 1317 Δηϊάνειρα,
1611 1244 1707 1299 καὶ
1746 1244 1865 1316 βου-

275 1337 505 1409 ληθεῖσα
522 1338 614 1391 τὸν
640 1337 818 1409 ἔρωτα
854 1338 1189 1408 μεταστῆσαι
1218 1338 1296 1401 είς
1316 1334 1535 1408 ἐαυτὴν,
1551 1336 1644 1406 τὸν
1664 1334 1864 1406 χιτῶνα

274 1430 375 1485 τοῦ
410 1430 742 1502 Ἡρακλέους
777 1430 917 1501 χρίει
949 1429 1029 1500 τῷ
1058 1430 1253 1500 αἵματι
1275 1429 1369 1483 τοῦ
1404 1429 1635 1493 Νέσσου,
1671 1429 1764 1481 καὶ
1795 1427 1867 1481 δί-

274 1524 443 1578 δωσιν
471 1522 897 1591 ἐνδύσασθαιτῷ
938 1521 1197 1593 Ἠρακλεῖ
1220 1539 1235 1553 ·
1266 1520 1328 1574 τὸ
1358 1520 1415 1574 δὲ
1446 1515 1517 1591 ἦν
1543 1518 1866 1590 ἀνδροφόνον

274 1615 341 1668 τὺ
366 1608 528 1686 αἷμα.
574 1602 968 1684 Ἐνδυσαμένου
1000 1612 1110 1684 γὰρ
1136 1612 1229 1666 τοῦ
1266 1611 1618 1683 Ἡρακλέους,
1653 1609 1865 1681 ὑφῆψεν

1967 441 2059 481 mo
2082 422 2355 488 subfatus,
2384 424 2435 477 ei
2470 421 2537 476 ad
2570 419 2655 475 sui
2693 432 2880 472 amore
2910 413 3356 470 inﬂammandum
3400 413 3537 469 Her-

1964 515 2142 569 culem
2175 512 2323 568 hunc
2356 524 2607 566 cruorem
2641 506 2955 577 adiumento
2994 504 3129 569 fore,
3165 511 3223 556 ut
3270 504 3316 560 si
3357 519 3540 573 quan-

1964 606 2058 672 do,
2115 606 2315 675 inquit,
2355 617 2481 659 eum
2527 599 2773 656 mulieris
2802 596 3029 653 alterius
3077 611 3264 652 amore
3306 596 3539 666 ﬂagrare

1963 696 2226 761 senseris,
2255 697 2357 750 hoc
2386 693 2650 764 sanguine
2690 698 2894 746 vestem
2929 688 3102 759 ipsius
3122 689 3320 757 tingas,
3373 697 3540 756 atque

1969 792 2047 845 ita
2093 790 2267 860 ipsius
2314 801 2554 842 amorem
2599 784 2665 838 ad
2715 792 2765 838 te
2815 795 3061 837 revoces.
3118 778 3370 849 Deianira
3408 795 3538 848 ergo

1966 883 2112 937 hunc
2141 894 2393 936 cruorem
2423 876 2760 934 asservabat.
2790 874 3036 943 Cumque
3072 869 3336 926 Hercules
3371 870 3536 924 lolam

1971 991 2137 1046 quam
2186 974 2387 1029 misere
2434 970 2737 1042 deperibat,
2785 966 3117 1036 accepisset,
3168 978 3398 1033 eamque
3440 977 3540 1033 per

1970 1067 2177 1123 Lichen
2211 1066 2357 1121 velut
2387 1068 2679 1134 captivam,
2709 1059 2776 1114 ad
2818 1057 3120 1128 Deianiram
3159 1055 3425 1119 misisset,
3452 1070 3542 1109 ze-

1968 1161 2172 1233 lotypia
2199 1159 2426 1231 percita,
2458 1156 2814 1225 Herculisque
2833 1167 3072 1208 amorem
3095 1150 3162 1205 ad
3193 1167 3253 1207 se
3283 1164 3541 1205 revocare

1969 1253 2223 1323 cupiens,
2275 1251 2449 1321 ipsius
2488 1256 2692 1304 vestem
2727 1245 2883 1301 Nessi
2936 1244 3201 1314 sanguine
3241 1241 3540 1298 delibut’am

1968 1345 2073 1416 ipsi
2129 1343 2459 1415 indpendam
2525 1341 2693 1396 dedit.
2747 1339 3023 1393 Exitiosus
3067 1350 3232 1407 porro
3287 1340 3405 1389 erat
3452 1334 3542 1387 hic

1967 1451 2154 1492 cruor.
2199 1434 2334 1490 Cum
2374 1448 2505 1499 ergo
2543 1430 2852 1502 huiusmodi
2908 1437 3111 1483 vestem
3147 1425 3409 1481 Hercules
3452 1424 3541 1479 in-

1969 1526 2203 1593 duisset,
2242 1526 2425 1581 statim
2452 1538 2753 1579 succensus
2783 1529 2944 1591 atque
2976 1524 3206 1574 exustus
3224 1526 3329 1571 est.
3352 1512 3410 1569 In
3441 1514 3544 1570 hac

1974 1627 2156 1675 autem
2195 1618 2622 1689 conﬂagratione
2665 1631 2788 1671 cum
2836 1616 2891 1669 in
2930 1612 3294 1683 pr0pinqnum
3329 1623 3543 1664 amnem

272 1708 309 1763 ὁ
348 1685 513 1779 χιτὼν
531 1750 547 1775 ,
577 1708 672 1761 καὶ
715 1706 1038 1776 κατέφλεξεν
1078 1706 1239 1760 αὐτόν
1266 1722 1280 1737 ο
1320 1708 1350 1759 ὁ
1376 1704 1432 1758 δέ
1454 1705 1743 1773 καιόμενος
1771 1702 1866 1756 καὶ

1970 1728 2030 1769 se
2058 1685 2406 1783 coniecisset,
2437 1710 2665 1765 calidam
2700 1722 2894 1778 aquam
2923 1704 3120 1762 eﬂ'eeit.
3151 1702 3229 1757 Ex
3260 1717 3369 1773 quo
3388 1701 3545 1756 dein-

278 1801 445 1873 ρίψας
465 1799 656 1853 ἑαυτὸν
684 1800 742 1852 ἐν
764 1798 843 1870 τῷ
878 1798 1105 1870 πλησίον
1130 1797 1382 1868 ποταμῷ,
1412 1794 1614 1868 θερμὸν
1634 1795 1694 1848 τὸ
1718 1794 1863 1865 ὕδωρ

274 1894 538 1963 ἐποίησεν
570 1909 585 1924 ·
626 1891 687 1957 ἐξ
732 1886 795 1946 οῦ
841 1892 1029 1944 λοιπὸν
1071 1891 1361 1960 γεγόνασιν
1393 1891 1448 1944 αί
1482 1887 1860 1961 Θερμοπύλαι,

280 1981 490 2054 μεταξύ
520 1980 817 2044 Θετταλίας
844 1980 940 2034 καὶ
970 1979 1228 2043 Φωκίδος.

472 2069 532 2124 δ’.
567 2067 711 2137 Περί
741 2066 852 2134 τῆς
884 2066 1161 2133 Πέλοπος
1188 2067 1542 2135 κρεουργίας
1569 2065 1667 2137 (l).

347 2160 621 2225 Τάνταλος
669 2159 911 2233 Φρυγίας
941 2154 1009 2230 ἦν
1060 2157 1342 2229 βασιλεύς’
1376 2148 1532 2220 οὗτος
1564 2157 1725 2228 γεννᾷ
1772 2155 1864 2209 τὸν

275 2254 515 2309 Πέλοπα.
546 2253 733 2325 Τούτῳ
769 2250 844 2323 τῷ
868 2251 1124 2322 Ταντάλῳ
1156 2251 1286 2304 ποτέ
1315 2251 1363 2304 οἱ
1394 2249 1506 2304 θεοὶ
1530 2247 1868 2319 ἐπεξενώθη-

276 2364 397 2403 σαν.
430 2345 627 2403 Λαϐὼν
660 2342 753 2402 οῦν
778 2346 870 2400 τὸν
908 2345 1127 2399 Πέλοπα
1157 2344 1249 2397 τὸν
1289 2344 1418 2397 ῐδιον
1451 2343 1563 2396 υἱὸν
1592 2343 1621 2395 ὁ
1659 2342 1868 2397 Τάντα-

273 2443 389 2506 λος,
414 2438 804 2509 κατασφάττει,
841 2440 936 2494 καὶ
967 2439 1279 2511 κρεουργεῖ,
1298 2437 1391 2490 καὶ
1416 2436 1554 2506 ἐψεῖ,
1579 2436 1673 2490 καὶ
1694 2453 1868 2507 παρα-

271 2533 491 2605 τίθησιν
519 2532 752 2603 εὐωχίαν
797 2533 909 2595 τοῖς
954 2530 1117 2594 θεοῖς.
1148 2528 1372 2583 Τούτων
1408 2528 1464 2581 δὲ
1496 2528 1605 2580 τῶν
1651 2528 1862 2600 κρεῶν,

271 2626 313 2697 ἡ
345 2625 613 2696 Δημήτηρ
653 2622 890 2693 βαλοῦσα
929 2624 1088 2693 χεῖρα
1113 2661 1128 2686 ,
1159 2621 1318 2674 ἔλαϐε
1372 2620 1468 2674 καὶ
1504 2620 1707 2689 ἔφαγεν
1757 2619 1866 2673 ἀπὸ

271 2717 372 2773 τοῦ
398 2716 552 2788 ὤμου
579 2732 594 2747 ’
624 2717 672 2770 οί
700 2716 758 2770 δὲ
779 2715 927 2770 ἄλλοι
955 2714 1070 2767 θεοὶ
1109 2714 1428 2784 ἐλεήσαντες
1451 2712 1543 2765 τὸν
1570 2710 1863 2778 Τάνταλον,

275 2807 374 2862 καὶ
403 2805 780 2877 θαυμάσαντες
816 2807 899 2860 ὅτι
928 2803 1023 2859 τοῦ
1059 2804 1249 2866 παιδὸς
1279 2802 1443 2856 αὐτοῦ
1470 2802 1863 2874 κατεφρόνησε,

1968 1821 2100 1875 ceps
2140 1805 2469 1859 exstiterunt
2517 1800 2897 1872 ThermOpyla:
2938 1800 3081 1854 inter
3109 1797 3448 1852 Thessaliam
3487 1803 3546 1851 et

1968 1897 2287 1953 Phocidem.

2350 2074 2405 2131 4.
2453 2074 2527 2129 De
2564 2073 2781 2143 Pelopis
2819 2071 3131 2125 (uitiatione.

2041 2166 2307 2223 Tantalus
2340 2183 2433 2222 rex
2465 2176 2582 2222 erat
2613 2166 2877 2237 Phrygiae.
2926 2163 3177 2233 Pelopem
3223 2160 3428 2232 genuit.
3462 2160 3547 2216 Ab

1970 2262 2081 2318 hoc
2127 2260 2360 2316 Tantalo
2408 2259 2484 2314 dii
2535 2258 2811 2330 quondam
2866 2256 3102 2327 hospitio
3149 2255 3354 2324 recepti
3393 2262 3544 2309 sunt.

1972 2355 2207 2411 Sumens
2241 2368 2374 2424 ergo
2407 2352 2575 2407 lilium
2611 2366 2771 2407 suum
2808 2348 3059 2419 Pelopem
3090 2346 3374 2411 Tantalus,
3427 2360 3546 2400 ma-

1971 2456 2104 2513 ctat,
2149 2446 2339 2514 laniat,
2383 2445 2571 2517 coquit
2603 2443 2933 2515 apponitque
2961 2440 3067 2495 diis
3099 2442 3153 2493 in
3186 2438 3394 2494 cibum.
3430 2435 3539 2507 Ce-

1969 2557 2060 2597 res
2091 2556 2215 2595 cum
2258 2555 2424 2595 manu
2450 2554 2512 2593 ex
2542 2537 2646 2593 hoc
2678 2536 2802 2592 cibo
2841 2535 3194 2606 sumpsisset,
3224 2547 3292 2587 ex
3320 2531 3549 2585 humero

1976 2632 2233 2689 comedit.
2283 2629 2475 2686 Caneri
2513 2639 2691 2693 autem
2723 2628 2821 2693 dii,
2872 2622 3250 2681 misericordia
3283 2619 3548 2677 commoti

1979 2724 2349 2795 admiratique
2388 2721 2534 2793 quod
2566 2718 2828 2775 Tantalus
2877 2717 3100 2788 proprio
3147 2714 3261 2769 (ilio
3310 2728 3417 2767 non
3451 2726 3548 2779 pe-

1972 2814 2261 2885 percisset,
2302 2827 2496 2868 carnes
2548 2810 2893 2880 coniungunt
2934 2809 3259 2875 salvumque
3292 2802 3546 2873 Pelopem

277 2892 592 2948 συντιθέασι
611 2893 681 2947 τὰ
704 2893 861 2965 κρέα,
881 2895 975 2947 καὶ
991 2893 1313 2948 ἀποτελοῦσι
1341 2891 1479 2946 σῶον
1506 2891 1599 2947 τὸν
1624 2891 1861 2948 Πέλοπα.

1970 2906 2197 2961 faciunt.
2229 2904 2424 2961 Deerat
2452 2911 2633 2959 autem
2658 2904 2761 2957 hoe
2792 2900 3028 2956 frustum
3050 2915 3113 2953 ex
3142 2898 3371 2951 humero
3399 2893 3548 2965 quod

273 2981 387 3039 Ἦν
416 2986 472 3040 δὲ
500 2986 683 3041 λεῖπον
716 2988 891 3040 ἐκεῖνο
922 2986 951 3040 δ
980 2986 1179 3055 ἔφαγεν
1209 2988 1273 3040 ἐκ
1305 2984 1401 3039 τοῦ
1439 2983 1589 3057 ὤμου
1621 2986 1653 3055 ἡ
1680 2984 1865 3057 Δημή-

272 3093 404 3149 τηρ.
433 3078 771 3149 Προσθέντες
801 3076 894 3134 οὖν
935 3079 1279 3151 ὲλεφάντινόν
1302 3096 1353 3133 τι
1391 3077 1534 3133 κατὰ
1569 3078 1661 3132 τὸν
1690 3072 1861 3149 ὦμον,

275 3169 605 3240 ἐπλήρωσαν
639 3170 778 3224 σῶον
798 3172 895 3224 τὸν
936 3172 1173 3225 Πέλοπα.
1204 3170 1360 3223 Οὕτω
1391 3164 1483 3224 οὖν
1506 3169 1690 3223 λοιπὸν
1718 3168 1863 3222 ἅπαν

273 3261 336 3315 τὸ
374 3262 682 3316 Πελοπιδῶν
711 3262 866 3333 γένος
890 3265 955 3318 ἐκ
988 3263 1181 3318 τούτου
1212 3259 1281 3334 ἦν
1307 3262 1595 3333 ἐπίσημον,
1632 3261 1864 3333 ἐχόντων

274 3355 498 3408 πάντων
535 3355 593 3407 ἐν
630 3358 742 3418 τοῖς
777 3353 949 3425 ὤμοις
974 3354 1065 3408 τὸν
1096 3354 1445 3422 ἐλεφάντινον
1473 3352 1655 3407 τόπον.

507 3451 569 3499 ε’.
594 3445 737 3513 Περὶ
778 3442 887 3516 τῆς
918 3445 1037 3499 τῶν
1078 3444 1326 3514 Φρυγῶν
1356 3443 1635 3513 enea-13¢.

346 3535 507 3589 Κατὰ
530 3536 628 3607 τὴν
655 3537 897 3608 Φρυγίαν
927 3536 1180 3590 ἐσέϐοντο
1208 3535 1308 3607 τὴν
1337 3535 1552 3606 μητέρα
1582 3534 1691 3587 τῶν
1725 3533 1863 3587 θεῶν

270 3628 375 3701 τὴν
421 3628 576 3682 Ῥέαν
604 3629 745 3699 ὑπὲρ
787 3627 963 3682 πάντα
995 3626 1136 3682 θεόν.
1165 3625 1353 3700 Ταύτῃ
1387 3622 1479 3680 οῦν
1519 3625 1617 3689 τὰς
1643 3625 1865 3690 τελετάς

274 3720 559 3785 ποιοῦντες
582 3723 633 3774 oi.
656 3719 886 3793 Φρύγες,
916 3720 1252 3791 κατέτεμνον
1284 3719 1511 3783 ἑαυτοὺς
1543 3718 1861 3791 μαχαίραις,

271 3814 377 3869 οὐκ
400 3816 719 3869 ἀποκτεῖναι
740 3813 1036 3879 ἐθέλοντες,
1054 3812 1194 3867 ἀλλὰ
1222 3812 1380 3883 μόνον
1408 3812 1659 3884 αἱμάξαι.
1692 3811 1863 3865 Τοῦτο

271 3907 330 3963 δὲ
365 3908 580 3961 ἐποίουν
633 3906 962 3979 κηλούμενοι
1010 3906 1213 3970 αὐλοῖς,
1255 3905 1343 3959 ἵνα
1392 3906 1608 3969 ἀπόνως
1654 3903 1862 3975 φέρωσι

272 4000 657 4073 πληττόμενοι.
698 4001 853 4055 Μετὰ
898 3999 954 4053 δὲ
996 3998 1098 4062 τὰς
1150 3997 1401 4069 πληγὰς.
1434 3997 1571 4071 πρὸς
1611 3997 1860 4069 ἀκαθάρ-

270 4107 401 4154 τους
445 4089 616 4160 μίξεις
667 4088 939 4162 ἐχώρουν,
974 4087 1252 4158 γυναικῶν
1291 4088 1356 4159 δὴ
1408 4088 1581 4156 λέγω,
1616 4089 1716 4141 οὐκ
1766 4087 1861 4141 ἀν-

272 4181 441 4254 δρῶν.

728 4258 801 4317 ς’.
827 4251 970 4321 Περὶ
1014 4251 1121 4307 τοῦ
1158 4251 1407 4321 Μίθρου.

349 4343 500 4415 (ΞΥΟ
525 4346 705 4399 τοίνυν
737 4345 952 4416 Μίθρας
983 4344 1263 4416 νομίζεται
1285 4343 1435 4412 παρὰ
1463 4343 1700 4415 Πέρσαις
1723 4338 1860 4396 εἶναι

272 4438 303 4491 ὁ
331 4437 500 4509 ἥλιος,
528 4438 621 4491 καὶ
651 4438 997 4503 θυσιάζουσιν
1028 4436 1193 4508 αὐτῷ,
1223 4437 1315 4490 καὶ¹
1354 4435 1567 4489 τελοῦσι
1598 4453 1749 4499 τινας
1769 4452 1859 4488 τε-

272 4528 437 4594 λετάς
468 4534 548 4595 εἰς
578 4531 757 4586 αὐτόν.
793 4532 867 4584 Ού
898 4532 1121 4585 δύναται
1157 4526 1251 4584 οῦν
1285 4548 1367 4595 τις
1400 4531 1479 4593 εἰς
1520 4529 1682 4583 αὐτὸν
1720 4530 1862 4583 τελε-

273 4623 493 4694 σθῆναι,
524 4624 573 4677 εί
620 4624 694 4695 μὴ
734 4625 999 4695 πρότερον
1036 4623 1123 4677 διὰ
1165 4622 1274 4677 τῶν
1304 4622 1528 4694 βαθμῶν
1558 4623 1664 4675 τῶν
1698 4621 1859 4676 κολά-

273 4730 415 4766 σεων
446 4713 727 4784 παρέλθοι.
771 4713 979 4785 Βαθμοὶ
1013 4713 1071 4767 δέ
1111 4714 1217 4767 εἰσι
1264 4712 1572 4777 κολάσεων,
1609 4711 1702 4766 τόν
1761 4714 1860 4782 μὲν

268 4802 507 4875 ἀριθμὸν
537 4804 887 4876 ὁγδοήκοντα,
912 4803 1126 4876 ἔχοντες
1148 4805 1207 4858 δὲ
1236 4803 1502 4857 ὑπόϐασιν
1535 4804 1629 4857 καὶ
1653 4803 1857 4859 ἀνάϐα-

271 4912 381 4949 σιν.
412 4895 746 4960 Κολάζονται
783 4897 892 4968 γάρ
926 4894 1141 4966 πρῶτον
1174 4895 1273 4959 τὰς
1311 4895 1699 4968 ἐλαφροτέρας,
1741 4889 1859 4947 εἶτα

269 4985 372 5048 τὰς
401 4986 839 5057 δραστικωτέρας
858 5003 872 5018 ο
900 4987 995 5039 καὶ
1018 4982 1116 5040 εἷθ’
1138 4985 1279 5040 οὕτω
1314 4986 1451 5057 μετὰ
1482 4986 1542 5039 τὸ
1571 4985 1861 5055 παρελθεῖν

234 5152 237 5153 ν
270 5076 360 5129 διὰ
386 5077 575 5129 πασῶν
599 5078 705 5131 τῶν
733 5078 1025 5141 κολάσεων,
1057 5077 1176 5132 τότε
1207 5078 1436 5130 τελεῖται
1463 5079 1491 5130 ὁ
1521 5076 1857 5147 τελούμενος.

270 5168 341 5219 Δί
385 5167 442 5220 δέ
478 5169 729 5233 κολάσεις
759 5170 885 5234 εἰσὶ,
914 5169 975 5223 τὸ
1001 5168 1091 5223 διὰ
1134 5169 1305 5240 πυρὸς
1334 5169 1642 5239 παρελθεῖν,
1676 5169 1736 5221 τὸ
1771 5168 1859 5221 διὰ

270 5258 498 5332 κρύους,
520 5259 607 5314 διὰ
638 5262 827 5332 πείνης
860 5263 953 5317 καὶ
979 5261 1156 5333 δίψης,
1188 5261 1276 5315 διά
1298 5261 1606 5332 ὁδοιπορίας
1636 5260 1855 5332 πολλῆς,

271 5351 370 5405 καὶ
403 5350 591 5415 ἁπλῶς
623 5351 712 5405 διὰ
742 5352 931 5406 πασῶν
958 5352 1066 5406 τῶν
1097 5351 1373 5408 τοιούτων.

452 5443 518 5506 ζ’.
552 5444 689 5511 Περὶ
719 5442 830 5511 τῆς
862 5443 932 5498 ἐν
958 5445 1200 5514 Ταύροις
1239 5443 1643 5508 ξενοκτονίας.

346 5532 550 5605 Ταῦροι
586 5533 741 5599 ἔθνος
777 5537 901 5589 ἐστὶι
926 5538 1054 5609 περὶ.
1088 5536 1187 5607 τὴν
1233 5535 1487 5591 Σκυθίαν.
1526 5535 1613 5588 Ἐν
1644 5533 1855 5600 τούτοις

275 5624 545 5697 μετετέθη
569 5624 678 5683 ὑπὸ
699 5627 799 5698 τῆς
835 5626 1146 5699 Ἀρτέμιδος
1172 5628 1206 5698 ή
1226 5626 1473 5696 θυγάτηρ
1519 5625 1855 5697 Ἀγαμέμνο-

351 5736 431 5808 (1)
464 5734 745 5794 Seholium
777 5738 878 5799 hoc
901 5740 1173 5798 omittitur
1203 5741 1270 5799 in
1288 5740 1528 5799 editione
1551 5737 1713 5797 Billii.

1966 2996 2279 3052 comederat
2330 2996 2517 3052 Ceres.
2552 2993 2825 3049 Addentes
2863 3006 2994 3060 ergo
3024 2989 3097 3044 dii
3128 2985 3333 3058 aliquid
3363 2986 3547 3041 eboris

1968 3092 2198 3147 humero
2235 3089 2484 3160 Pelopem
2520 3090 2789 3157 integrum
2832 3087 3214 3141 restituerunt.
3244 3080 3370 3136 Ideo
3400 3095 3548 3135 nunc

1964 3199 2147 3255 genus
2193 3182 2517 3253 Pelopidum
2547 3195 2609 3235 ex
2642 3180 2746 3233 hoc
2776 3177 3036 3247 deinceps
3075 3175 3175 3230 fuit
3208 3174 3546 3244 insignitum,

1966 3275 2226 3330 omnibus
2273 3274 2326 3328 in
2362 3274 2595 3328 humero
2644 3268 2976 3325 habentibus
3008 3267 3187 3322 locum
3220 3266 3547 3320 eburneum.

2352 3433 2406 3488 5.
2453 3431 2527 3485 De
2551 3429 2819 3500 Phrygum
2848 3427 3159 3483 exsectione.

2037 3531 2097 3586 In
2128 3528 2364 3600 Phrygia
2394 3542 2503 3597 pra:
2534 3524 2749 3580 caeteris
2781 3521 2889 3578 diis
2922 3521 3206 3575 colebatur
3237 3516 3389 3573 Rhea
3429 3531 3548 3571 ma-

1965 3634 2048 3679 ter
2076 3624 2333 3678 deorum.
2388 3622 2446 3674 In
2495 3618 2660 3688 huius
2690 3632 2821 3686 ergo
2866 3614 3041 3670 sacris
3076 3612 3320 3684 Phryges
3354 3609 3550 3666 cultris

1965 3718 2177 3786 seipsos
2228 3711 2569 3775 incidebant,
2622 3724 2731 3764 non
2764 3716 2824 3763 ut
2868 3707 2974 3762 sibi
3026 3720 3216 3761 necem
3264 3702 3546 3768 afferrent,

1966 3806 2059 3861 sed
2094 3812 2150 3858 ut
2174 3803 2499 3875 sanguinem
2529 3800 2799 3856 duntaxat
2820 3797 3190 3854 extraherent.
3220 3793 3333 3849 Hoc
3367 3801 3547 3848 autem

1966 3913 2092 3952 cum
2145 3897 2443 3961 faciebant,
2494 3893 2645 3949 tibiis
2679 3891 3110 3955 deliniebantur,
3142 3896 3204 3944 ut
3251 3888 3393 3944 ictus
3432 3888 3551 3944 sine

1962 3989 2171 4045 doloris
2206 4004 2368 4045 sensu
2398 3986 2724 4058 perferrent.
2749 3983 2878 4040 Post
2912 3984 3099 4054 plagas
3130 3995 3262 4036 vero
3278 3981 3343 4034 ad
3368 3980 3547 4049 itnpu-

1965 4100 2056 4140 ros
2091 4091 2145 4139 ct
2177 4082 2419 4137 nefarios
2443 4080 2773 4136 concubitus
2796 4078 3052 4143 ruebant,
3077 4076 3368 4131 mulierum
3398 4075 3547 4141 dico,

1967 4191 2076 4230 non
2103 4175 2371 4229 virorum.

2527 4240 2581 4295 6.
2628 4240 2709 4293 De
2750 4236 2973 4292 Mithra.

2033 4334 2135 4390 Hic
2167 4333 2362 4389 Mithra
2390 4334 2531 4404 apud
2558 4332 2757 4387 Persas
2788 4333 2870 4386 sol
2901 4346 3027 4387 esse
3057 4331 3429 4396 existimatur,
3463 4330 3543 4386 ei-

1966 4443 2072 4497 que
2102 4426 2353 4480 victimas
2382 4424 2688 4491 immolant,
2718 4438 2782 4477 ac
2815 4438 2971 4477 sacra
3005 4421 3255 4493 quaedam
3289 4422 3342 4476 in
3371 4423 3546 4493 ipsius

1962 4521 2227 4575 honorem
2272 4517 2502 4572 faciunt.
2541 4516 2734 4571 Nullus
2769 4530 2931 4587 porro
2983 4515 3161 4586 ipsius
3210 4516 3385 4571 sacris
3434 4516 3543 4570 ini-

1966 4613 2091 4667 tiari
2124 4619 2324 4683 potest,
2360 4610 2462 4664 nisi
2497 4608 2651 4680 prius
2683 4623 2778 4679 per
2816 4608 3089 4679 quasdam
3140 4608 3535 4679 suppliciorum

1964 4706 2165 4776 gradus
2198 4704 2498 4759 transierit.
2549 4700 2688 4756 Sunt
2736 4709 2920 4756 autem
2962 4708 3360 4755 tormentorum
3404 4717 3536 4771 gra-

1964 4798 2066 4853 dus
2093 4797 2397 4868 octoginta,
2447 4794 2647 4867 partim
2697 4792 3068 4856 remissiores,
3106 4792 3302 4862 partim
3357 4792 3542 4847 inten-

1964 4892 2156 4945 tiores.
2190 4888 2438 4944 Primum
2482 4887 2627 4943 enim
2662 4885 2958 4942 levioribus
3007 4884 3314 4955 suppliciis,
3345 4883 3544 4939 deinde

1963 4982 2278 5038 acrioribus
2307 4981 2638 5045 aﬂiciuntur,
2664 4986 2829 5049 atque
2852 4979 2924 5032 ita
2958 4986 3082 5049 post
3104 4977 3337 5033 decursa
3358 4978 3542 5032 omnia

1966 5085 2238 5132 tormenta
2284 5077 2461 5147 ipsius
2496 5075 2675 5130 sacris
2720 5073 3059 5128 imbuuntur.
3111 5072 3225 5142 Igni
3256 5071 3457 5141 quippe
3487 5081 3541 5125 et

1967 5186 2107 5242 aqua
2138 5177 2302 5241 atque
2329 5167 2649 5239 huiusmodi
2686 5166 3079 5238 suppliciorum
3113 5166 3410 5238 generibus
3440 5181 3538 5220 cs-

1961 5274 2300 5317 crucnantur.

2204 5443 2253 5498 7.
2300 5443 2376 5497 De
2410 5443 2672 5511 hospitum
2705 5442 2852 5498 cwdc
2877 5442 3017 5511 apud
3050 5440 3263 5495 Tauros

2032 5533 2195 5589 Tauri
2233 5535 2415 5605 populi
2455 5542 2583 5588 sunt
2614 5534 2764 5589 circa
2811 5532 3117 5603 Scythiam.
3164 5528 3325 5600 Apud
3369 5543 3466 5586 eos
3500 5541 3536 5584 8

1962 5625 2131 5680 Diana
2171 5626 2434 5681 translata
2475 5633 2559 5680 est
2599 5623 2875 5694 Iphigenia
2918 5620 3345 5693 Agamemnonis
3397 5620 3532 5684 tilia,

2032 5739 2111 5813 (ἓ)
2137 5738 2345 5797 Similia
2377 5755 2529 5795 num.
2558 5738 2626 5794 47
2659 5738 2823 5794 intra.
