4018 6296
474 218 571 275 99!

1843 223 2127 281 NONNUS
2164 222 2386 277 .\BBAS

3626 220 3731 278 992

479 355 605 396 cum
655 338 711 394 in
759 337 949 394 Aulide
995 338 1113 409 jam
1165 339 1390 410 jamque
1435 356 1466 395 a
1515 341 1724 400 Graecis
1770 342 2057 398 mactanda

2167 360 2249 407 νος
2288 344 2321 413 ἡ
2364 341 2671 411 Ἰφιγένεια,
2704 342 2764 395 ἐν
2786 339 2866 411 τῷ
2897 339 3108 411 μέλλειν
3138 338 3305 409 αὐτὴν
3336 337 3558 394 θύεσθαι
3595 340 3728 409 ὑπὲρ

482 437 649 495 esset,
689 432 797 487 nisi
844 431 951 501 ipsi
981 432 1082 487 dea
1126 434 1392 487 vicarium
1428 448 1647 488 cervum
1703 451 1803 507 pro
1834 437 2054 491 victima

482 524 887 594 supposuisset.
914 524 1049 579 Cum
1079 539 1209 595 ergo
1237 523 1517 595 lpbigenia
1548 525 1691 595 apud
1728 526 1943 583 Tauros
1969 543 2057 583 es-

484 622 591 679 set,
635 629 706 670 ne
750 615 821 669 ab
866 615 1198 686 hospitibus,
1228 618 1322 686 qui
1370 632 1437 672 eo
1482 616 1848 687 appellebant,
1885 633 2054 688 agno-

484 714 754 769 sceretur,
784 706 993 761 idcirco
1033 721 1131 762 eos
1163 707 1349 763 Dianas
1373 710 1644 765 immolari
1685 711 2049 781 permittebat.

483 790 662 860 Atque
704 791 818 847 hac
855 802 938 848 est
966 793 1245 864 hospitum
1279 797 1477 863 caedes,
1522 798 1683 867 cujus
1726 799 2055 853 mentionem

484 881 782 954 Gregorius
827 884 975 939 facit.
1039 885 1237 943 Postea
1290 899 1470 945 autem
1528 906 1653 944 cum
1712 888 1937 944 Orestes
1986 889 2057 944 ab

484 972 795 1046 Erynnibus
824 977 1244 1057 perterrefactus
1275 989 1433 1048 atque
1464 982 1702 1053 agitatus
1737 982 1802 1035 ad
1845 980 2058 1035 Tauros

484 1067 837 1135 perrexisset.
870 1076 1033 1139 atque
1063 1071 1128 1124 ad
1162 1086 1349 1125 necem
1384 1073 1530 1127 velut
1560 1074 1755 1142 hospes
1782 1080 2054 1141 arreptus,

481 1159 884 1231 lpbigeniaaque
950 1170 1008 1215 ut
1059 1164 1331 1218 sacerdoti
1391 1165 1607 1219 oblatus
1664 1165 1881 1227 fuisset,
1958 1180 2053 1233 per

484 1252 787 1307 eburneum
838 1253 1129 1308 humerum
1185 1256 1253 1309 ab
1300 1272 1362 1309 ea
1392 1259 1611 1328 agnitus
1652 1265 1758 1319 est,
1810 1258 2056 1326 liberque

485 1342 773 1401 dimissus.
814 1346 993 1415 Atque
1033 1347 1150 1415 ipse
1188 1348 1448 1419 deinceps
1493 1355 1773 1419 acceptam
1810 1364 2055 1404 sororem

485 1434 541 1488 in
572 1431 838 1490 Graciam
860 1437 1099 1493 reduxit.

589 1544 643 1599 8.
688 1544 763 1599 De
793 1549 1112 1601 mactatione
1140 1548 1293 1617 regia!
1322 1547 1513 1614 puella:
1540 1548 1680 1617 apud
1709 1547 1751 1602 Τ
1756 1549 1948 1620 rojam.

2156 433 2265 486 τῶν
2308 431 2576 502 Ἐλλήνων
2600 432 2658 484 ἐν
2689 434 2753 501 τῇ
2789 430 2971 484 Αὐλίδι
3002 446 3014 458 ·
3047 429 3186 499 ὑπὲρ
3212 424 3279 501 ἧς
3316 429 3510 497 ἔλαφον
3539 430 3573 498 ἠ
3612 427 3727 491 θεδς

2158 525 2460 594 ἀμείψασα,
2481 523 2677 577 δέδωκε
2706 521 2884 576 θῦσαι.
2913 521 3058 593 Αὕτη
3082 516 3174 576 οὖν
3205 524 3237 592 ἡ
3276 521 3581 590 Ἰφιγένεια,
3599 517 3728 575 οὖσα

2158 619 2215 671 ὲν
2253 620 2364 680 τοῖς
2395 614 2648 685 Ταύροις,
2676 614 2764 668 διὰ
2807 614 2870 666 τὸ
2906 614 2980 683 μὴ
3031 612 3429 682 ἐπιγνωσθῆναι
3452 611 3602 683 παρὰ
3623 611 3727 665 τῶν

2158 707 2608 777 ὲπιξενουμένων,
2632 705 2715 769 τίς
2743 706 2920 771 ἔστιν,
2944 704 3202 776 ὲτέτρεπε
3247 704 3394 758 θύειν
3437 703 3633 765 αὐτοὺς
3662 706 3725 773 τῇ

2170 797 2445 868 Ἀρτέμιδι
2482 812 2497 828 ο
2532 797 2626 850 καὶ
2661 795 2799 866 αὕτη
2845 791 2913 867 ἦν
2945 797 2977 866 ή
3031 794 3358 860 ξενοκτονία,
3395 795 3467 865 ἢν
3513 794 3657 862 λέγει
3700 796 3729 847 ὁ

2158 888 2298 951 θεῖος
2333 886 2650 959 Γρηγόριος.
2677 887 2943 957 ’Ὕστερον
2966 885 3022 937 δὲ
3041 885 3069 936 ὁ
3108 884 3367 956 Ὀρέστης
3381 882 3732 955 δειματούμε-

2157 995 2245 1040 νος
2287 977 2391 1030 ὑπὸ
2436 976 2545 1028 τῶν
2586 974 2873 1046 Ἐριννύων
2894 1014 2907 1037 ,
2939 975 3031 1026 καὶ
3063 973 3233 1027 ἐλθὼν
3266 976 3418 1045 παρὰ
3445 976 3559 1036 τοῖς
3587 973 3729 1025 Tati—

2161 1086 2293 1141 ροις,
2325 1068 2419 1122 καὶ
2470 1068 2792 1137 συλληφθεὶς
2847 1066 2920 1130 ὡς
2960 1066 3105 1132 ξένος
3153 1068 3240 1120 ἐπ’
3290 1066 3606 1137 ἀναιρέσει,
3640 1067 3731 1120 καὶ

2157 1161 2535 1233 προσενεχθεὶς
2555 1160 2631 1224 ὡς
2658 1160 2826 1230 ἱερείᾳ
2860 1164 2926 1230 τῇ
2961 1160 3243 1230 Ἰφιγενείᾳ
3262 1202 3276 1224 ,
3305 1159 3619 1230 ἐπεγνώσθη
3643 1160 3727 1213 διὰ

2155 1253 2251 1306 τοῦ
2286 1251 2631 1320 ἐλεφαντίνου
2665 1250 2815 1321 ὤμου
2846 1252 2939 1304 καὶ
2971 1251 3166 1321 ἀφείθη
3188 1251 3288 1321 τῆς
3336 1251 3554 1313 θυσίας’
3588 1250 3732 1304 οὕτω

2156 1344 2343 1398 λοιπὸν
2377 1342 2559 1396 λαϐὼν
2587 1345 2616 1395 ό
2654 1343 2913 1413 Ὀρέστης
2960 1342 3059 1414 τὴν
3107 1342 3242 1397 ἰδίαν
3288 1344 3521 1414 ἀδελφὴν
3545 1384 3560 1407 ,
3588 1344 3732 1413 λέγω

2156 1436 2218 1507 δὴ
2250 1436 2348 1507 τὴν
2394 1436 2735 1504 Ἰφιγένειαν,
2772 1433 2986 1505 κομίζει
3020 1436 3097 1499 εἰς
3131 1435 3231 1505 τὴν
3275 1435 3519 1489 Ἐλλάδα.

2155 1547 2371 1618 η⁹.Περὶ
2388 1546 2492 1614 τῆς
2505 1547 2601 1599 ἐπὶ
2622 1546 2830 1613 Τροίαν
2843 1547 3058 1612 θυσίας
3070 1546 3517 1615 τῆςβασιλικῆς
3530 1550 3729 1615 κόρης.

553 1653 694 1709 Cum
729 1656 996 1723 Achilles,
1039 1657 1368 1729 Polyxenam
1402 1657 1607 1712 Priami
1654 1659 1818 1713 ﬁliam
1854 1659 1909 1713 in
1937 1673 2055 1712 ma-

2232 1659 2502 1729 Πολυξένη
2538 1660 2653 1711 ἐστὶ
2684 1658 2934 1729 Θυγάτηρ
2966 1659 3237 1730 Πριάμου,
3287 1660 3351 1728 ἦν
3384 1660 3411 1711 ὁ
3459 1658 3733 1729 Ἀχιλλεὺς

482 1745 810 1800 trimoninm
846 1750 1094 1818 accipere
1123 1750 1374 1818 cupiens,
1402 1750 1623 1820 Trojam
1659 1750 1942 1818 ingressus
1968 1766 2056 1805 es-

485 1847 591 1904 set,
631 1854 662 1893 a
705 1839 900 1895 Paride
949 1842 1002 1895 in
1049 1843 1315 1912 Apollinis
1349 1844 1549 1913 templo
1597 1859 1661 1897 ex
1699 1843 1916 1899 insidiis
1960 1843 2056 1897 ob-

486 1942 779 1989 truncatus
820 1944 922 1990 est.
960 1934 1313 1992 Postmodum
1350 1945 1531 1992 autem
1573 1936 1779 2006 Pyrrho
1817 1936 1928 1990 ﬁlio
1958 1950 2058 1991 suo

488 2027 556 2081 ad
599 2028 809 2081 virilem
862 2037 1075 2083 aetatem
1128 2038 1382 2099 pervecto
1430 2031 1484 2083 in
1536 2030 1747 2085 somnis
1786 2028 2055 2098 apparuit,

485 2117 837 2187 ostenditque
873 2134 1101 2173 necesse
1131 2135 1254 2174 esse
1280 2120 1639 2190 Polyxenam,
1672 2136 1792 2189 qua:
1820 2120 1870 2173 ei
1906 2132 2053 2171 rnor—

482 2210 560 2264 tis
592 2226 815 2264 causam
842 2212 1123 2275 attulerat,
1154 2212 1256 2266 sibi
1286 2213 1577 2265 immolari.
1608 2211 1849 2283 Pyrrhus
1879 2211 2060 2280 itaque

483 2316 601 2355 eam
631 2309 784 2371 parta
812 2302 1039 2356 victoria
1070 2311 1346 2373 acceptam
1374 2303 1440 2357 ad
1479 2304 1709 2359 Achillis
1757 2304 1933 2374 patris
1960 2313 2049 2357 tu-

486 2394 695 2447 mulum
731 2392 1018 2463 jugulavit.

1033 2504 1086 2561 9.
1130 2506 1207 2561 De
1237 2505 1288 2559 Μ
1296 2524 1518 2562 ena'ceo.

556 2619 865 2675 Menoeceus
902 2617 1154 2674 Creontis
1190 2617 1498 2675 Thebarum
1550 2621 1693 2691 regis
1736 2621 1879 2676 ﬁlius
1920 2632 2057 2678 erat.

488 2712 627 2765 Cum
662 2727 791 2781 ergo
820 2722 1024 2781 septem
1053 2711 1222 2766 duces
1254 2710 1457 2768 Thebis
1487 2713 1687 2767 bellum
1724 2714 2057 2781 intulissent,

486 2804 770 2858 oraculum
805 2804 975 2858 edidit
1006 2801 1249 2860 Tiresias
1288 2812 1459 2867 vates,
1501 2804 1617 2860 fore
1650 2816 1706 2860 ut
1738 2808 1921 2860 statim
1954 2808 2065 2863 bel-

487 2895 599 2949 lum
635 2895 1025 2961 conﬁceretur,
1065 2911 1129 2950 ac
1177 2896 1410 2952 victoria
1456 2913 1624 2969 penes
1656 2900 1943 2955 Thebanos
1974 2916 2056 2955 es-

2162 1752 2443 1823 βουληθεὶς
2485 1750 2684 1821 γῆμαι,
2719 1750 2970 1820 εἰσῆλθεν
3006 1753 3063 1803 ὲν
3105 1754 3171 1821 τῇ
3206 1751 3412 1821 Τροίᾳ’
3462 1750 3557 1803 καὶ
3592 1751 3733 1803 κατὰ

2160 1847 2315 1917 λόχον
2368 1845 2490 1899 τινὰ
2525 1843 2804 1911 τοξεύεται
2834 1843 2936 1896 ὑπὸ
2970 1843 3201 1914 Πάριδος
3235 1844 3293 1895 έν
3345 1841 3423 1913 τῷ
3480 1841 3593 1911 ναῷ
3638 1841 3734 1895 τοῦ

2173 1936 2527 2001 Ἀπόλλωνος,
2579 1936 2673 1987 καὶ
2708 1932 3040 2004 ἀποθνήσκει
3062 1949 3076 1962 ο
3112 1935 3170 1986 ὲν
3217 1932 3427 2002 ὑστέρῳ
3462 1933 3519 1984 δὲ
3557 1932 3733 2005 χρόνῳ

2162 2027 2489 2099 ἀνδρωθέντι
2521 2026 2723 2098 Πύρρῳ
2749 2026 2829 2096 τῷ
2855 2025 2955 2095 υίῷ
2982 2026 3167 2090 αὐτοῦ,
3198 2026 3395 2095 ὲφαίνη
3428 2026 3548 2079 κατ’
3576 2026 3733 2096 δναρ,

2161 2119 2272 2173 δεῖν
2306 2118 2455 2189 αὐτῷ
2504 2117 2733 2187 τυθῆναι
2778 2117 2880 2188 τὴν
2911 2116 3219 2187 Πολυξένην
3242 2117 3308 2170 δι’
3357 2119 3421 2185 ἣν
3465 2117 3730 2171 ἀπώλετο.

2162 2212 2274 2264 Καὶ
2332 2213 2360 2263 ὁ
2396 2210 2612 2283 Πύρρος
2657 2208 2732 2263 ὢν
2790 2211 2847 2263 ὲν
2893 2209 3085 2281 Τροίᾳ,
3126 2211 3219 2262 καὶ
3269 2209 3626 2280 πυρπολήσας
3673 2209 3737 2261 τὸ

2165 2303 2347 2369 Ἴλιον,
2370 2302 2569 2372 ταύτην
2604 2301 2741 2372 μετά
2762 2300 2859 2372 τὴν
2888 2301 3041 2372 νίκην
3071 2299 3271 2364 λαϐὼν,
3301 2301 3523 2369 σφάττει
3547 2301 3639 2353 ἐπὶ
3658 2299 3735 2371 τῷ

2162 2395 2318 2467 τάφῳ
2343 2395 2439 2449 τοῦ
2487 2394 2771 2465 Ἀχιλλέως
2798 2393 2893 2447 τοῦ
2923 2394 3125 2447 οίκείου
3156 2392 3377 2463 πατρός.

2575 2508 2639 2563 θ’.
2678 2507 2813 2576 Περὶ
2840 2508 2945 2561 τοῦ
2973 2505 3327 2573 Μενοικέως.

2246 2623 2305 2676 '0
2345 2624 2648 2686 Μενοικεὺς
2677 2622 2952 2693 Κρέοντος
2973 2616 3042 2691 ἦν
3066 2619 3201 2683 υἱὸς,
3235 2619 3500 2690 βασιλέως
3521 2618 3739 2687 Θηϐῶν.

2165 2712 2593 2783 Πολεμουμένης
2626 2706 2718 2764 οὖν
2749 2712 2846 2781 τῆς
2885 2711 3022 2773 ίδίας
3053 2708 3316 2780 πατρίδος
3367 2710 3475 2762 τῶν
3518 2707 3738 2779 Θηϐῶν,

2167 2804 2272 2857 ὑπὸ
2300 2803 2411 2856 τῶν
2443 2802 2584 2856 ἑπτὰ
2623 2801 2972 2874 στρατηγῶν,
3022 2802 3417 2872 ἐχρησμῴδησε
3457 2800 3735 2871 Τειρεσίας

2174 2897 2368 2968 μάντις
2405 2896 2482 2949 ῶν
2504 2895 2822 2966 παραυτίκα
2866 2894 3171 2947 παύσεσθαι
3198 2894 3290 2946 τὸν
3324 2892 3589 2963 πόλεμον,
3644 2894 3737 2946 καὶ

486 2996 592 3051 set,
644 2986 689 3040 si
742 2986 1019 3056 quispiam
1070 2988 1204 3057 regii
1253 2990 1542 3059 sanguinis
1582 3000 1747 3060 atque
1783 2990 2062 3061 indigena-

2168 2990 2389 3043 ἔσεσθαι
2416 2990 2602 3051 αὐτοῖς
2643 2989 2820 3059 νίκην,
2867 2988 2916 3040 εί
2960 2986 3055 3040 τοῦ
3095 2985 3374 3057 βασιλικοῦ
3414 2986 3601 3053 γένους
3631 2985 3737 3039 τῶν

488 3092 609 3131 rum
650 3093 714 3131 ex
769 3080 1043 3148 serpentis
1093 3081 1351 3137 dentibus
1403 3092 1689 3137 enatorum
1741 3098 1863 3139 sese
1918 3085 2064 3138 ultro

488 3168 650 3221 morti
684 3167 922 3223 offerret.
962 3168 1231 3235 Quocirca
1275 3172 1365 3226 ille
1418 3172 1591 3226 inscio
1618 3183 1771 3243 patre
1816 3190 1879 3228 ac
1915 3182 2065 3229 veste

489 3269 695 3314 mutata
730 3262 785 3315 in
819 3263 1123 3316 confertam
1157 3265 1398 3319 hostium
1426 3267 1596 3320 aciem
1624 3268 1884 3339 impetum
1915 3268 2061 3335 fecit,

487 3352 557 3407 ab
586 3353 764 3423 iisque
798 3356 1164 3425 interemptus
1195 3364 1303 3412 est.

909 3558 997 3611 10.
1043 3558 1119 3612 De
1152 3558 1368 3627 ﬁliabus
1401 3558 1638 3615 Sccdasi.

558 3664 1023 3736 Peloponnesiaco
1076 3668 1217 3721 bello
1278 3684 1402 3721 cum
1450 3669 1849 3727 Laredwmonii
1901 3676 2067 3731 Athe-

489 3759 711 3813 nienses
740 3760 791 3813 vi
822 3769 989 3828 atque
1024 3759 1195 3815 armis
1233 3771 1611 3830 superassent,
1637 3764 1815 3819 sorios
1848 3781 2068 3837 quoque

491 3864 624 3905 suos
654 3850 794 3905 bello
822 3851 1179 3907 lacessendos
1210 3853 1314 3907 sibi
1362 3861 1646 3922 putarunt.
1692 3855 1868 3927 Atque
1893 3873 2061 3929 expe-

2169 3078 2533 3150 αὐτοχθόνων,
2576 3078 2685 3133 τῶν
2727 3078 3099 3132 ἀναδοθέντων
3141 3080 3206 3132 ὲκ
3243 3077 3353 3130 τῶν
3387 3076 3616 3131 ὀδόντων
3643 3077 3735 3129 τοῦ

2165 3170 2481 3242 δράκοντος,
2535 3171 2618 3234 τὶς
2670 3169 2863 3224 ἑαυτὸν
2892 3168 2967 3239 δῷ
3009 3169 3145 3240 πρὸς
3193 3169 3494 3238 ἀναίρεσιν.
3537 3168 3733 3221 Μαθὼν

2166 3263 2326 3317 τοῦτο
2352 3265 2380 3316 δ
2410 3264 2733 3326 Μενοικεὺς,
2777 3263 2871 3316 καὶ
2909 3262 3077 3316 θέλων
3111 3259 3477 3331 ἐλευθερῶσαι
3508 3260 3608 3330 τῆς
3642 3279 3736 3315 πο-

2166 3356 2411 3427 λιορκίας
2438 3354 2540 3425 τὴν
2567 3356 2744 3421 πόλιν,
2780 3355 3011 3408 δέδωκεν
3042 3354 3237 3408 ἑαυτὸν
3266 3354 3405 3425 πρὸς
3436 3356 3733 3426 ἀναίρεσιν,

2165 3447 2286 3518 δίχα
2312 3446 2405 3501 τοῦ
2434 3448 2639 3520 πατρὸς
2668 3448 2834 3502 αὐτοῦ
2861 3447 3150 3517 Κρέοντος.

2401 3567 2452 3615 ι’.
2495 3560 2638 3628 Περὶ
2676 3560 2790 3614 τῶν
2818 3559 3129 3615 Σκεδάσου
3163 3562 3520 3630 θυγατέρων.

2237 3674 2301 3727 Οἱ
2333 3672 2753 3742 Λακεδαιμόνιοι
2778 3675 2836 3725 έν
2869 3672 2947 3743 τῷ
2972 3673 3462 3744 Πελοποννησιακῷ
3499 3671 3735 3755 πολέμῳ,

2172 3766 2309 3837 μετά
2334 3766 2395 3819 τὸ
2420 3765 2761 3837 κατακράτος
2795 3765 3013 3835 νικῆσαι
3046 3764 3172 3828 τοὺς
3214 3765 3549 3835 Ἀθηναίους,
3580 3762 3738 3831 ἠϐουο

2168 3858 2411 3929 λήθησαν
2446 3858 2541 3911 καὶ
2567 3859 2693 3921 τοὺς
2739 3858 2902 3920 ἰδίους
2928 3857 3253 3928 συμμάχους
3284 3856 3617 3927 πολεμῆσαι·
3651 3856 3739 3907 καὶ

489 3944 701 3999 ditione
747 3944 1015 3999 adversus
1064 3945 1363 4000 Thebanos
1413 3954 1690 4017 suscepta,
1745 3949 2062 4019 priusquam

2168 3954 2511 4023 ὁρμήσαντες
2559 3950 2701 4004 κατὰ
2740 3950 3023 4021 Θηϐαίων,
3071 3951 3203 4022 πρὶν
3258 3950 3621 4021 πμσεγγίσαι
3672 3950 3738 4017 τῇ

492 4044 675 4091 castra
701 4036 822 4090 urbi
860 4036 1255 4101 admovissent,
1289 4036 1345 4090 in
1395 4036 1646 4093 Leuctris
1683 4038 2062 4095 Thebanorum

2172 4044 2347 4107 πόλει,
2389 4042 2674 4114 γενόμενοι
2717 4043 2775 4095 ὲν
2810 4041 3110 4114 Λεύκτροις
3146 4044 3161 4109 (
3195 4043 3346 4104 πόλις
3381 4041 3437 4095 δὲ
3467 4040 3601 4111 αὓτη
3637 4038 3737 4109 Θη-

490 4129 626 4185 ttrbe
656 4130 789 4184 inito
825 4128 1011 4199 praelio
1042 4129 1149 4184 fusi
1187 4144 1248 4183 ac
1278 4129 1547 4200 proﬂigati
1591 4142 1752 4198 sunt,
1805 4149 1928 4186 cum
1959 4133 2062 4187 dux

2173 4135 2327 4204 ϐῶν),
2368 4132 2739 4203 συμϐαλόντες
2762 4131 3097 4202 ἡττήθησαν,
3143 4132 3546 4203 Ἐπαμινώνδου
3579 4149 3740 4203 στραο

493 4221 876 4276 Tbebanorum
930 4222 1339 4291 Epaminondas
1387 4223 1656 4293 insignem
1706 4225 1858 4280 ineo
1894 4236 2071 4279 certa-

493 4313 640 4368 mine
666 4329 888 4383 operam
920 4324 1195 4369 navasset.
1228 4313 1354 4369 llaac
1388 4324 1569 4369 autem
1605 4316 1787 4370 clades
1816 4315 2069 4370 Lacedae-

494 4406 696 4460 moniis
735 4406 807 4461 ob
842 4406 1158 4475 huiusmodi
1190 4423 1413 4460 causam
1454 4408 1506 4460 in
1555 4406 1806 4462 Leuctris
1839 4408 2065 4461 accidit:

498 4500 772 4555 Scedasus
810 4499 1161 4554 Leuctreusis
1200 4509 1313 4555 tres
1352 4502 1489 4555 ﬁlias
1536 4502 1788 4555 habebat.
1838 4500 2069 4568 Quidam

493 4601 677 4647 autem
709 4591 1103 4647 Lacedaemonii
1136 4593 1264 4647 olim
1307 4596 1376 4647 ab
1414 4596 1549 4665 ipsis
1578 4596 1814 4664 hospitio
1850 4596 2067 4665 excepti

495 4687 707 4755 puellas
750 4693 1201 4755 constuprarunt.
1228 4688 1305 4739 Ac
1337 4695 1663 4751 metuentes,
1701 4703 1769 4741 ne
1800 4688 1938 4755 patri
1967 4702 2070 4741 suo

494 4777 603 4832 illa:
627 4785 902 4847 acceptam
931 4778 1184 4847 llljlll‘la'll
1212 4787 1528 4839 narrarent.
1580 4795 1774 4834 manus
1818 4780 1952 4849 ipsis
1982 4782 2069 4834 in-

497 4869 763 4922 tulerunt.
810 4866 1084 4923 Reversus
1127 4884 1259 4939 ergo
1305 4869 1358 4922 in
1390 4871 1621 4940 patriam
1669 4869 1963 4935 Scedasus,
2014 4890 2072 4928 re

495 4960 736 5030 cognita,
792 4960 929 5015 diris
974 4962 1229 5016 omnibus
1282 4961 1721 5019 Lacedaunonios
1772 4964 1836 5018 ad
1894 4965 2072 5034 ipsum

499 5053 733 5107 ﬁliarum
779 5053 1089 5121 sepulcrum
1138 5055 1373 5121 devovit,
1422 5056 1732 5125 miseraque
1763 5059 1945 5111 omnia
1976 5059 2077 5111 imo

499 5151 756 5214 precatus
787 5153 890 5199 est.
934 5146 1008 5199 Ac
1036 5147 1263 5215 proinde
1304 5146 1705 5203 Lacedzemonii
1753 5149 1895 5220 apud
1931 5149 2074 5204 Leu-

499 5248 616 5293 ctra
643 5254 755 5293 rem
793 5238 1088 5294 infeliciter
1112 5250 1423 5311 gesserunt.

784 5354 871 5409 Η.
916 5353 993 5408 De
1032 5356 1310 5409 Laconicis
1353 5355 1791 5408 adolescentibus.

573 5465 974 5524 Lacedaemonii
1006 5483 1132 5522 cum
1172 5468 1323 5522 cives
1355 5483 1485 5523 suos
1516 5482 1580 5519 ac
1616 5467 1821 5523 liberos
1852 5468 2076 5523 fortitu-

501 5557 633 5616 dine
672 5574 735 5615 ac
765 5560 1058 5616 tolerantia
1095 5558 1366 5614 excellere
1411 5567 1675 5627 cuperent
1714 5578 1726 5611 ε
1762 5561 2079 5615 verberibus

505 5666 606 5708 eos
632 5653 981 5716 exercebant,
1013 5652 1177 5721 eique
1203 5652 1296 5721 qui
1330 5651 1552 5708 dolores
1590 5652 1788 5709 fortius
1822 5653 2079 5722 pertulis-

515 5752 620 5811 set,
656 5741 937 5812 prmmium
974 5742 1381 5813 persolvebant.

2170 4226 2339 4299 τηγοῦ
2390 4224 2643 4296 Θηϐαίων
2674 4227 3156 4297 εὐδοκιμήσαντος.
3201 4226 3275 4279 Τὸ
3314 4227 3370 4279 δὲ
3417 4227 3587 4290 πάθος
3632 4227 3741 4289 τοῖς

2173 4319 2620 4390 Λακεδαιμονίοις
2686 4318 2907 4387 γέγονεν
2964 4320 3022 4371 ὲν
3083 4317 3382 4389 Λεύκτροις
3440 4319 3498 4384 ὲξ
3569 4316 3740 4379 αἰτίας

2175 4412 2460 4482 τοιαύτης’
2489 4410 2757 4473 Σκέδασος
2787 4411 3122 4481 Λευκτραῖος
3146 4409 3243 4474 ὢν,
3268 4407 3381 4481 εἶχε
3410 4413 3558 4481 τρεῖς
3588 4410 3739 4476 θυγα-

2176 4503 2358 4574 τέρας.
2395 4499 2552 4563 Τινὲς
2585 4499 2642 4552 δὲ
2676 4499 2784 4553 τῶν
2820 4499 3264 4569 Λακεδαιμονίων
3298 4500 3467 4553 πάλαι
3494 4500 3621 4570 παρ’
3652 4501 3741 4551 αύ-

2174 4600 2295 4661 ταῖς
2361 4593 2812 4660 ὲπιξενωθέντες,
2876 4593 3019 4665 μίξει
3064 4594 3161 4656 τὰς
3210 4593 3378 4664 κόρας
3426 4592 3737 4664 ὲνύϐρισαν·

2176 4688 2507 4759 φοϐηθέντες
2541 4683 2634 4741 οὖν
2664 4688 2713 4739 οἱ
2746 4686 3187 4756 Λακεδαιμόνιοι,
3229 4686 3428 4756 μήπως
3462 4685 3739 4755 δημοσιεύ-

2178 4797 2310 4835 σωσι
2339 4779 2416 4852 τῷ
2456 4779 2571 4849 ἰδίῳ
2605 4779 2774 4850 πατρὶ
2809 4776 2908 4848 τὴν
2940 4777 3251 4846 ἀσέλγειαν,
3286 4776 3605 4849 ἀναιροῦσιν
3648 4778 3740 4829 αὖ-

2176 4874 2293 4936 τάς.
2340 4868 2687 4926 Ἐπανελθὼν
2720 4870 2777 4922 δὲ
2813 4870 2870 4922 ὲν
2896 4871 2962 4938 τῇ
3000 4869 3105 4941 ἰδίᾳ
3128 4868 3281 4921 πόλει
3309 4871 3423 4931 τοῖς
3452 4868 3743 4939 Λεύκτροις

2175 4967 2203 5018 ὁ
2231 4965 2516 5027 Σκέδασος,
2541 4965 2633 5016 καὶ
2669 4960 2857 5033 μαθὼν
2878 4962 2937 5016 τὸ
2965 4962 3210 5031 γεγονὸς,
3240 4962 3592 5032 κατηράσατο
3615 4964 3742 5016 πᾶσι

2177 5055 2647 5126 Λακεδαιμονίοις,
2676 5053 2982 5125 παράὑτὸν
3008 5051 3100 5107 τὸν
3120 5055 3289 5122 τάφον
3306 5054 3415 5106 τῶν
3434 5054 3741 5123 θυγατέρων

2177 5147 2367 5210 αὐτοῦ,
2409 5147 2698 5217 ἀτυχῆσαι.
2730 5145 2823 5198 Διὸ
2850 5147 2942 5198 καὶ
2973 5146 3005 5215 ή
3039 5144 3235 5215 ἀτυχία
3264 5143 3499 5213 ἔφθασεν
3530 5147 3587 5198 ὲν
3613 5142 3739 5198 Λεύο

2179 5256 2364 5310 κτροις
2391 5239 2519 5301 τοὺς
2541 5235 3022 5307 Λακεδαιμονίους.

2435 5354 2522 5401 ια’.
2554 5346 2694 5415 Περὶ
2717 5345 2833 5400 τῶν
2862 5346 3223 5400 Λακωνικῶν
3245 5344 3504 5415 ἐφήϐων.

2248 5468 2307 5520 Οἱ
2340 5463 2761 5535 Λακεδαιμόνιοι
2794 5463 3111 5535 βουλόμενοι
3138 5461 3498 5533 καρτερικοὺς
3526 5459 3616 5513 καὶ
3643 5458 3729 5510 dv-

2177 5558 2389 5628 δρείους
2420 5553 2560 5609 εἶναι
2594 5558 2719 5618 τοὺς
2742 5556 2952 5608 ἑαυτῶν
2993 5554 3215 5616 πολίτας
3246 5552 3341 5606 καὶ
3364 5551 3577 5614 παῖδας,
3615 5547 3729 5628 hu}:

2188 5649 2388 5719 μναζον
2420 5650 2543 5710 ταῖς
2575 5646 2970 5717 μαστιγώσεσι,
3008 5646 3100 5701 καὶ
3130 5643 3206 5715 τῷ
3237 5643 3329 5698 ἐπὶ
3355 5640 3515 5698 πλέον
3542 5654 3727 5712 καρτιο

2181 5742 2361 5812 ροῦντι
2394 5736 2554 5797 ἆθλον
2580 5739 2798 5797 ἐδίδοτο.
