  <div class='ocr_page' id='page_1' title='image "/cluster/home/n/w/nwhite01/storage/ocr_20150623/36/hvd.32044024464877/532.png"; bbox 0 0 4018 6296; ppageno 0'>
   <div class='ocr_carea' id='block_1_1' title="bbox 277 242 374 303">
    <p class='ocr_par' dir='ltr' id='par_1_1' title="bbox 277 242 374 303">
     <span class='ocr_line' id='line_1_1' title="bbox 277 242 374 303; baseline -0.062 0"><span class='ocrx_word' id='word_1_1' title='bbox 277 242 374 303; x_wconf 73' lang='lat'><strong>995</strong></span> 
     </span>
    </p>
   </div>
   <div class='ocr_carea' id='block_1_2' title="bbox 668 343 1442 415">
    <p class='ocr_par' dir='ltr' id='par_1_2' title="bbox 668 343 1442 415">
     <span class='ocr_line' id='line_1_2' title="bbox 668 343 1442 415; baseline 0.001 -18"><span class='ocrx_word' id='word_1_2' title='bbox 668 344 754 415; x_wconf 74' lang='grc' dir='ltr'><strong>ιβ’.</strong></span> <span class='ocrx_word' id='word_1_3' title='bbox 796 346 933 413; x_wconf 81' lang='grc' dir='ltr'>Περὶ</span> <span class='ocrx_word' id='word_1_4' title='bbox 960 343 1069 413; x_wconf 82' lang='grc' dir='ltr'><strong>τῆς</strong></span> <span class='ocrx_word' id='word_1_5' title='bbox 1106 345 1442 415; x_wconf 72' lang='grc' dir='ltr'>Ἀρτέμιδος.</span> 
     </span>
    </p>
   </div>
   <div class='ocr_carea' id='block_1_3' title="bbox 344 432 1857 509">
    <p class='ocr_par' dir='ltr' id='par_1_3' title="bbox 344 432 1857 509">
     <span class='ocr_line' id='line_1_3' title="bbox 344 432 1857 509; baseline 0 -19"><span class='ocrx_word' id='word_1_6' title='bbox 344 437 418 490; x_wconf 70' lang='grc' dir='ltr'><strong>Τὸ</strong></span> <span class='ocrx_word' id='word_1_7' title='bbox 437 436 493 490; x_wconf 76' lang='grc' dir='ltr'><strong>δὲ</strong></span> <span class='ocrx_word' id='word_1_8' title='bbox 522 435 662 490; x_wconf 72' lang='grc' dir='ltr'>κατὰ</span> <span class='ocrx_word' id='word_1_9' title='bbox 690 436 789 507; x_wconf 77' lang='grc' dir='ltr'>τὴν</span> <span class='ocrx_word' id='word_1_10' title='bbox 823 438 988 507; x_wconf 77' lang='grc' dir='ltr'>Ἀρτε</span> <span class='ocrx_word' id='word_1_11' title='bbox 999 454 1113 507; x_wconf 87' lang='grc' dir='ltr'>μιν,</span> <span class='ocrx_word' id='word_1_12' title='bbox 1145 437 1282 509; x_wconf 68' lang='grc' dir='ltr'>αὕτη</span> <span class='ocrx_word' id='word_1_13' title='bbox 1308 438 1577 509; x_wconf 76' lang='grc' dir='ltr'><strong>παρθένος</strong></span> <span class='ocrx_word' id='word_1_14' title='bbox 1605 432 1738 491; x_wconf 73' lang='grc' dir='ltr'>οὖσα</span> <span class='ocrx_word' id='word_1_15' title='bbox 1763 438 1857 492; x_wconf 75' lang='grc' dir='ltr'><strong>καὶ</strong></span> 
     </span>
    </p>
   </div>
   <div class='ocr_carea' id='block_1_4' title="bbox 274 525 1859 600">
    <p class='ocr_par' dir='ltr' id='par_1_4' title="bbox 274 525 1859 600">
     <span class='ocr_line' id='line_1_4' title="bbox 274 525 1859 600; baseline -0.001 -20"><span class='ocrx_word' id='word_1_16' title='bbox 274 527 510 600; x_wconf 76' lang='grc' dir='ltr'>σώφρων</span> <span class='ocrx_word' id='word_1_17' title='bbox 543 527 576 595; x_wconf 78' lang='grc' dir='ltr'>ἠ</span> <span class='ocrx_word' id='word_1_18' title='bbox 599 526 741 591; x_wconf 85' lang='grc' dir='ltr'>θεὸς,</span> <span class='ocrx_word' id='word_1_19' title='bbox 773 526 960 598; x_wconf 83' lang='grc' dir='ltr'>ἔχαιρε</span> <span class='ocrx_word' id='word_1_20' title='bbox 1003 530 1115 589; x_wconf 85' lang='grc' dir='ltr'>τοῖς</span> <span class='ocrx_word' id='word_1_21' title='bbox 1158 528 1356 598; x_wconf 77' lang='grc' dir='ltr'>αἵμασι</span> <span class='ocrx_word' id='word_1_22' title='bbox 1386 528 1485 598; x_wconf 79' lang='grc' dir='ltr'><strong>τῆς</strong></span> <span class='ocrx_word' id='word_1_23' title='bbox 1518 525 1859 593; x_wconf 81' lang='grc' dir='ltr'>ξενοκτονίας</span> 
     </span>
    </p>
   </div>
   <div class='ocr_carea' id='block_1_5' title="bbox 269 620 559 691">
    <p class='ocr_par' dir='ltr' id='par_1_5' title="bbox 269 620 559 691">
     <span class='ocr_line' id='line_1_5' title="bbox 269 620 559 691; baseline -0.003 -17"><span class='ocrx_word' id='word_1_24' title='bbox 269 620 559 691; x_wconf 79' lang='grc' dir='ltr'>τιμᾶσθαι.</span> 
     </span>
    </p>
   </div>
   <div class='ocr_carea' id='block_1_6' title="bbox 460 709 1643 779">
    <p class='ocr_par' dir='ltr' id='par_1_6' title="bbox 460 709 1643 779">
     <span class='ocr_line' id='line_1_6' title="bbox 460 709 1643 779; baseline -0.001 -16"><span class='ocrx_word' id='word_1_25' title='bbox 460 717 544 779; x_wconf 86' lang='grc' dir='ltr'><strong>ιγ’.</strong></span> <span class='ocrx_word' id='word_1_26' title='bbox 576 710 715 778; x_wconf 85' lang='grc' dir='ltr'>Περὶ</span> <span class='ocrx_word' id='word_1_27' title='bbox 739 709 845 763; x_wconf 87' lang='grc' dir='ltr'><strong>τοῦ</strong></span> <span class='ocrx_word' id='word_1_28' title='bbox 868 711 1117 763; x_wconf 77' lang='grc' dir='ltr'><strong>κωνείου</strong></span> <span class='ocrx_word' id='word_1_29' title='bbox 1148 710 1252 764; x_wconf 83' lang='grc' dir='ltr'><strong>τοῦ</strong></span> <span class='ocrx_word' id='word_1_30' title='bbox 1279 710 1643 777; x_wconf 73' lang='grc' dir='ltr'><strong>Σωκράτους.</strong></span> 
     </span>
    </p>
   </div>
   <div class='ocr_carea' id='block_1_7' title="bbox 347 797 1860 875">
    <p class='ocr_par' dir='ltr' id='par_1_7' title="bbox 347 797 1860 875">
     <span class='ocr_line' id='line_1_7' title="bbox 347 797 1860 875; baseline -0.001 -20"><span class='ocrx_word' id='word_1_31' title='bbox 347 804 650 875; x_wconf 81' lang='grc' dir='ltr'><strong>Σωκράτης</strong></span> <span class='ocrx_word' id='word_1_32' title='bbox 686 802 746 854; x_wconf 85' lang='grc' dir='ltr'>τὸ</span> <span class='ocrx_word' id='word_1_33' title='bbox 790 802 890 871; x_wconf 83' lang='grc' dir='ltr'><strong>μὲν</strong></span> <span class='ocrx_word' id='word_1_34' title='bbox 923 802 1079 870; x_wconf 81' lang='grc' dir='ltr'>γένος</span> <span class='ocrx_word' id='word_1_35' title='bbox 1111 797 1178 874; x_wconf 78' lang='grc' dir='ltr'>ἦν</span> <span class='ocrx_word' id='word_1_36' title='bbox 1223 803 1523 872; x_wconf 71' lang='grc' dir='ltr'>Ἀθηναῖος,</span> <span class='ocrx_word' id='word_1_37' title='bbox 1572 802 1860 871; x_wconf 80' lang='grc' dir='ltr'>φιλόσοφος</span> 
     </span>
    </p>
   </div>
   <div class='ocr_carea' id='block_1_8' title="bbox 271 895 1861 967">
    <p class='ocr_par' dir='ltr' id='par_1_8' title="bbox 271 895 1861 967">
     <span class='ocr_line' id='line_1_8' title="bbox 271 895 1861 967; baseline -0.001 -18"><span class='ocrx_word' id='word_1_38' title='bbox 271 897 329 951; x_wconf 83' lang='grc' dir='ltr'>δὲ</span> <span class='ocrx_word' id='word_1_39' title='bbox 364 898 464 967; x_wconf 76' lang='grc' dir='ltr'><strong>τὴν</strong></span> <span class='ocrx_word' id='word_1_40' title='bbox 494 895 801 950; x_wconf 87' lang='grc' dir='ltr'>παίδευσιν.</span> <span class='ocrx_word' id='word_1_41' title='bbox 834 895 1037 947; x_wconf 79' lang='grc' dir='ltr'>Τοῦτον</span> <span class='ocrx_word' id='word_1_42' title='bbox 1068 895 1143 958; x_wconf 84' lang='grc' dir='ltr'>ὡς</span> <span class='ocrx_word' id='word_1_43' title='bbox 1166 895 1419 966; x_wconf 86' lang='grc' dir='ltr'>δαιμόνια</span> <span class='ocrx_word' id='word_1_44' title='bbox 1442 896 1605 949; x_wconf 82' lang='grc' dir='ltr'>καινὰ</span> <span class='ocrx_word' id='word_1_45' title='bbox 1636 912 1861 967; x_wconf 84' lang='grc' dir='ltr'>παρεισ-</span> 
     </span>
    </p>
   </div>
   <div class='ocr_carea' id='block_1_9' title="bbox 273 988 1856 1063">
    <p class='ocr_par' dir='ltr' id='par_1_9' title="bbox 273 988 1856 1063">
     <span class='ocr_line' id='line_1_9' title="bbox 273 988 1856 1063; baseline -0.002 -19"><span class='ocrx_word' id='word_1_46' title='bbox 273 992 514 1063; x_wconf 73' lang='grc' dir='ltr'>φέροντα</span> <span class='ocrx_word' id='word_1_47' title='bbox 541 992 605 1059; x_wconf 78' lang='grc' dir='ltr'><strong>τῇ</strong></span> <span class='ocrx_word' id='word_1_48' title='bbox 634 988 880 1059; x_wconf 73' lang='grc' dir='ltr'>πολιτεία</span> <span class='ocrx_word' id='word_1_49' title='bbox 904 989 1198 1059; x_wconf 67' lang='grc' dir='ltr'>ᾐτιάσαντο</span> <span class='ocrx_word' id='word_1_50' title='bbox 1232 990 1457 1051; x_wconf 76' lang='grc' dir='ltr'>Ἄνυτος</span> <span class='ocrx_word' id='word_1_51' title='bbox 1477 990 1569 1042; x_wconf 70' lang='grc' dir='ltr'><strong>καὶ</strong></span> <span class='ocrx_word' id='word_1_52' title='bbox 1598 988 1856 1051; x_wconf 72' lang='grc' dir='ltr'>Μέλιτοςο</span> 
     </span>
    </p>
   </div>
   <div class='ocr_carea' id='block_1_10' title="bbox 271 1081 1860 1153">
    <p class='ocr_par' dir='ltr' id='par_1_10' title="bbox 271 1081 1860 1153">
     <span class='ocr_line' id='line_1_10' title="bbox 271 1081 1860 1153; baseline -0.002 -15"><span class='ocrx_word' id='word_1_53' title='bbox 271 1083 580 1153; x_wconf 78' lang='grc' dir='ltr'><strong>κατεκρίθη</strong></span> <span class='ocrx_word' id='word_1_54' title='bbox 615 1081 709 1136; x_wconf 81' lang='grc' dir='ltr'>οὖν</span> <span class='ocrx_word' id='word_1_55' title='bbox 737 1082 812 1146; x_wconf 79' lang='grc' dir='ltr'>ὡς</span> <span class='ocrx_word' id='word_1_56' title='bbox 851 1082 1181 1153; x_wconf 77' lang='grc' dir='ltr'><strong>διαφθείρων</strong></span> <span class='ocrx_word' id='word_1_57' title='bbox 1212 1084 1338 1146; x_wconf 79' lang='grc' dir='ltr'>τοὺς</span> <span class='ocrx_word' id='word_1_58' title='bbox 1379 1083 1531 1146; x_wconf 82' lang='grc' dir='ltr'>νέους</span> <span class='ocrx_word' id='word_1_59' title='bbox 1571 1082 1860 1137; x_wconf 75' lang='grc' dir='ltr'>ἀποθανεῖν</span> 
     </span>
    </p>
   </div>
   <div class='ocr_carea' id='block_1_11' title="bbox 272 1176 1385 1234">
    <p class='ocr_par' dir='ltr' id='par_1_11' title="bbox 272 1176 1385 1234">
     <span class='ocr_line' id='line_1_11' title="bbox 272 1176 1385 1234; baseline 0 -2"><span class='ocrx_word' id='word_1_60' title='bbox 272 1180 471 1234; x_wconf 78' lang='grc' dir='ltr'><strong>πιόντα</strong></span> <span class='ocrx_word' id='word_1_61' title='bbox 506 1177 765 1231; x_wconf 79' lang='grc' dir='ltr'>κώνειονο</span> <span class='ocrx_word' id='word_1_62' title='bbox 801 1178 895 1231; x_wconf 76' lang='grc' dir='ltr'><strong>καὶ</strong></span> <span class='ocrx_word' id='word_1_63' title='bbox 920 1176 1059 1231; x_wconf 83' lang='grc' dir='ltr'>πιὼν</span> <span class='ocrx_word' id='word_1_64' title='bbox 1092 1178 1385 1232; x_wconf 82' lang='grc' dir='ltr'>ἀπέθανεν.</span> 
     </span>
    </p>
   </div>
   <div class='ocr_carea' id='block_1_12' title="bbox 510 1356 1645 1426">
    <p class='ocr_par' dir='ltr' id='par_1_12' title="bbox 510 1356 1645 1426">
     <span class='ocr_line' id='line_1_12' title="bbox 510 1356 1645 1426; baseline -0.004 -14"><span class='ocrx_word' id='word_1_65' title='bbox 510 1361 592 1412; x_wconf 83' lang='grc' dir='ltr'>ιδ’.</span> <span class='ocrx_word' id='word_1_66' title='bbox 633 1358 771 1426; x_wconf 76' lang='grc' dir='ltr'>Περὶ</span> <span class='ocrx_word' id='word_1_67' title='bbox 806 1358 914 1412; x_wconf 86' lang='grc' dir='ltr'><strong>τοῦ</strong></span> <span class='ocrx_word' id='word_1_68' title='bbox 967 1356 1323 1422; x_wconf 78' lang='grc' dir='ltr'><em>Ἐπικτήτου</em></span> <span class='ocrx_word' id='word_1_69' title='bbox 1360 1357 1645 1422; x_wconf 71' lang='grc' dir='ltr'>σκέλους.</span> 
     </span>
    </p>
   </div>
   <div class='ocr_carea' id='block_1_13' title="bbox 362 1446 1864 1522">
    <p class='ocr_par' dir='ltr' id='par_1_13' title="bbox 362 1446 1864 1522">
     <span class='ocr_line' id='line_1_13' title="bbox 362 1446 1864 1522; baseline -0.005 -15"><span class='ocrx_word' id='word_1_70' title='bbox 362 1456 687 1522; x_wconf 75' lang='grc' dir='ltr'>Ἐπίκτητος</span> <span class='ocrx_word' id='word_1_71' title='bbox 720 1452 1009 1520; x_wconf 76' lang='grc' dir='ltr'>φιλόσοφος</span> <span class='ocrx_word' id='word_1_72' title='bbox 1035 1446 1101 1521; x_wconf 75' lang='grc' dir='ltr'>ἦν</span> <span class='ocrx_word' id='word_1_73' title='bbox 1122 1468 1135 1481; x_wconf 87' lang='grc'><strong>·</strong></span> <span class='ocrx_word' id='word_1_74' title='bbox 1166 1446 1317 1515; x_wconf 73' lang='grc' dir='ltr'>οὗτος</span> <span class='ocrx_word' id='word_1_75' title='bbox 1341 1450 1497 1520; x_wconf 81' lang='grc' dir='ltr'><strong>ἐδέθη</strong></span> <span class='ocrx_word' id='word_1_76' title='bbox 1531 1450 1637 1501; x_wconf 83' lang='grc' dir='ltr'><strong>ὑπὸ</strong></span> <span class='ocrx_word' id='word_1_77' title='bbox 1664 1447 1864 1519; x_wconf 79' lang='grc' dir='ltr'>τυράν-</span> 
     </span>
    </p>
   </div>
   <div class='ocr_carea' id='block_1_14' title="bbox 275 1540 1863 1615">
    <p class='ocr_par' dir='ltr' id='par_1_14' title="bbox 275 1540 1863 1615">
     <span class='ocr_line' id='line_1_14' title="bbox 275 1540 1863 1615; baseline -0.007 -11"><span class='ocrx_word' id='word_1_78' title='bbox 275 1568 373 1605; x_wconf 79' lang='grc' dir='ltr'><strong>νου</strong></span> <span class='ocrx_word' id='word_1_79' title='bbox 406 1550 468 1602; x_wconf 80' lang='grc' dir='ltr'>τὸ</span> <span class='ocrx_word' id='word_1_80' title='bbox 515 1548 731 1609; x_wconf 77' lang='grc' dir='ltr'>σκέλος·</span> <span class='ocrx_word' id='word_1_81' title='bbox 779 1543 1006 1615; x_wconf 75' lang='grc' dir='ltr'>ὕστερον</span> <span class='ocrx_word' id='word_1_82' title='bbox 1034 1544 1090 1597; x_wconf 82' lang='grc' dir='ltr'>δὲ</span> <span class='ocrx_word' id='word_1_83' title='bbox 1120 1543 1397 1613; x_wconf 72' lang='grc' dir='ltr'>ἠϐουλήθη</span> <span class='ocrx_word' id='word_1_84' title='bbox 1438 1542 1598 1595; x_wconf 81' lang='grc' dir='ltr'>λῦσαι</span> <span class='ocrx_word' id='word_1_85' title='bbox 1642 1541 1804 1594; x_wconf 79' lang='grc' dir='ltr'>αὐτὸν</span> <span class='ocrx_word' id='word_1_86' title='bbox 1835 1540 1863 1592; x_wconf 83' lang='grc' dir='ltr'>ὁ</span> 
     </span>
    </p>
   </div>
   <div class='ocr_carea' id='block_1_15' title="bbox 272 1632 1859 1713">
    <p class='ocr_par' dir='ltr' id='par_1_15' title="bbox 272 1632 1859 1713">
     <span class='ocr_line' id='line_1_15' title="bbox 272 1632 1859 1713; baseline -0.007 -17"><span class='ocrx_word' id='word_1_87' title='bbox 272 1642 561 1713; x_wconf 76' lang='grc' dir='ltr'>τύραννος.</span> <span class='ocrx_word' id='word_1_88' title='bbox 597 1636 814 1709; x_wconf 78' lang='grc' dir='ltr'>Ἠρὼτα</span> <span class='ocrx_word' id='word_1_89' title='bbox 846 1632 940 1689; x_wconf 80' lang='grc' dir='ltr'>οὖν</span> <span class='ocrx_word' id='word_1_90' title='bbox 961 1636 1123 1689; x_wconf 75' lang='grc' dir='ltr'>αὑτὸν</span> <span class='ocrx_word' id='word_1_91' title='bbox 1152 1634 1294 1688; x_wconf 76' lang='grc' dir='ltr'>οὕτω</span> <span class='ocrx_word' id='word_1_92' title='bbox 1313 1651 1326 1666; x_wconf 91' lang='grc'><strong>·</strong></span> <span class='ocrx_word' id='word_1_93' title='bbox 1356 1635 1563 1698; x_wconf 83' lang='grc' dir='ltr'><strong>Θέλεις,</strong></span> <span class='ocrx_word' id='word_1_94' title='bbox 1620 1632 1664 1686; x_wconf 80' lang='grc' dir='ltr'>ὦ</span> <span class='ocrx_word' id='word_1_95' title='bbox 1708 1632 1830 1686; x_wconf 85' lang='grc' dir='ltr'>Ἐπί</span> <span class='ocrx_word' id='word_1_96' title='bbox 1842 1661 1859 1670; x_wconf 89' lang='lat'><strong>-</strong></span> 
     </span>
    </p>
   </div>
   <div class='ocr_carea' id='block_1_16' title="bbox 279 1726 1859 1806">
    <p class='ocr_par' dir='ltr' id='par_1_16' title="bbox 279 1726 1859 1806">
     <span class='ocr_line' id='line_1_16' title="bbox 279 1726 1859 1806; baseline -0.007 -18"><span class='ocrx_word' id='word_1_97' title='bbox 279 1751 471 1806; x_wconf 77' lang='grc' dir='ltr'>κτητε,</span> <span class='ocrx_word' id='word_1_98' title='bbox 498 1731 646 1784; x_wconf 84' lang='grc' dir='ltr'>λύσω</span> <span class='ocrx_word' id='word_1_99' title='bbox 672 1747 730 1783; x_wconf 90' lang='grc' dir='ltr'><strong>σε</strong></span> <span class='ocrx_word' id='word_1_100' title='bbox 755 1746 769 1794; x_wconf 90' lang='lat'><strong>;</strong></span> <span class='ocrx_word' id='word_1_101' title='bbox 815 1729 873 1781; x_wconf 81' lang='grc' dir='ltr'><em>ὐ</em></span> <span class='ocrx_word' id='word_1_102' title='bbox 897 1728 954 1781; x_wconf 85' lang='grc' dir='ltr'>δὲ</span> <span class='ocrx_word' id='word_1_103' title='bbox 986 1728 1341 1799; x_wconf 77' lang='grc' dir='ltr'>ἀπεκρίνατοο</span> <span class='ocrx_word' id='word_1_104' title='bbox 1373 1726 1859 1798; x_wconf 72' lang='grc' dir='ltr'>Τίγὰρ,δέδεμαι;</span> 
     </span>
    </p>
   </div>
   <div class='ocr_carea' id='block_1_17' title="bbox 270 1817 1861 1895">
    <p class='ocr_par' dir='ltr' id='par_1_17' title="bbox 270 1817 1861 1895">
     <span class='ocr_line' id='line_1_17' title="bbox 270 1817 1861 1895; baseline -0.005 -16"><span class='ocrx_word' id='word_1_105' title='bbox 270 1824 354 1889; x_wconf 81' lang='grc' dir='ltr'><strong>ὡς</strong></span> <span class='ocrx_word' id='word_1_106' title='bbox 388 1825 489 1895; x_wconf 82' lang='grc' dir='ltr'>τῆς</span> <span class='ocrx_word' id='word_1_107' title='bbox 522 1823 702 1894; x_wconf 74' lang='grc' dir='ltr'>ψυχῆς</span> <span class='ocrx_word' id='word_1_108' title='bbox 733 1820 898 1874; x_wconf 79' lang='grc' dir='ltr'>αὑτοῦ</span> <span class='ocrx_word' id='word_1_109' title='bbox 942 1818 1104 1889; x_wconf 84' lang='grc' dir='ltr'>δῆθεν</span> <span class='ocrx_word' id='word_1_110' title='bbox 1158 1819 1233 1890; x_wconf 82' lang='grc' dir='ltr'>μὴ</span> <span class='ocrx_word' id='word_1_111' title='bbox 1276 1819 1586 1890; x_wconf 82' lang='grc' dir='ltr'>δεδεμένης.</span> <span class='ocrx_word' id='word_1_112' title='bbox 1627 1817 1861 1887; x_wconf 82' lang='grc' dir='ltr'><strong>Λέγεται</strong></span> 
     </span>
    </p>
   </div>
   <div class='ocr_carea' id='block_1_18' title="bbox 275 1911 1673 1991">
    <p class='ocr_par' dir='ltr' id='par_1_18' title="bbox 275 1911 1673 1991">
     <span class='ocr_line' id='line_1_18' title="bbox 275 1911 1673 1991; baseline -0.006 -17"><span class='ocrx_word' id='word_1_113' title='bbox 275 1915 373 1974; x_wconf 78' lang='grc' dir='ltr'><strong>οὖν</strong></span> <span class='ocrx_word' id='word_1_114' title='bbox 399 1920 474 1991; x_wconf 75' lang='grc' dir='ltr'>μὴ</span> <span class='ocrx_word' id='word_1_115' title='bbox 502 1918 563 1971; x_wconf 79' lang='grc' dir='ltr'>τὸ</span> <span class='ocrx_word' id='word_1_116' title='bbox 587 1917 745 1988; x_wconf 83' lang='grc' dir='ltr'>σῶμα</span> <span class='ocrx_word' id='word_1_117' title='bbox 776 1911 915 1968; x_wconf 86' lang='grc' dir='ltr'>εἶναι</span> <span class='ocrx_word' id='word_1_118' title='bbox 950 1913 1258 1985; x_wconf 84' lang='grc' dir='ltr'>ἄνθρωπος,</span> <span class='ocrx_word' id='word_1_119' title='bbox 1291 1912 1405 1965; x_wconf 83' lang='grc' dir='ltr'><strong>ἀλλ’</strong></span> <span class='ocrx_word' id='word_1_120' title='bbox 1441 1914 1474 1983; x_wconf 79' lang='grc' dir='ltr'><strong>ἡ</strong></span> <span class='ocrx_word' id='word_1_121' title='bbox 1505 1912 1673 1983; x_wconf 64' lang='grc' dir='ltr'><strong>ψυχῦ.</strong></span> 
     </span>
    </p>
   </div>
   <div class='ocr_carea' id='block_1_19' title="bbox 726 2090 1413 2162">
    <p class='ocr_par' dir='ltr' id='par_1_19' title="bbox 726 2090 1413 2162">
     <span class='ocr_line' id='line_1_19' title="bbox 726 2090 1413 2162; baseline -0.006 -13"><span class='ocrx_word' id='word_1_122' title='bbox 726 2102 805 2149; x_wconf 89' lang='grc' dir='ltr'><strong>ιε’.</strong></span> <span class='ocrx_word' id='word_1_123' title='bbox 846 2092 987 2162; x_wconf 76' lang='grc' dir='ltr'>Περὶ</span> <span class='ocrx_word' id='word_1_124' title='bbox 1022 2090 1413 2160; x_wconf 78' lang='grc' dir='ltr'><strong>Ἀναξάρχου.</strong></span> 
     </span>
    </p>
   </div>
   <div class='ocr_carea' id='block_1_20' title="bbox 362 2199 1865 2285">
    <p class='ocr_par' dir='ltr' id='par_1_20' title="bbox 362 2199 1865 2285">
     <span class='ocr_line' id='line_1_20' title="bbox 362 2199 1865 2285; baseline -0.009 -16"><span class='ocrx_word' id='word_1_125' title='bbox 362 2214 694 2285; x_wconf 71' lang='grc' dir='ltr'>Ἀνάξαρχος</span> <span class='ocrx_word' id='word_1_126' title='bbox 742 2211 1033 2280; x_wconf 79' lang='grc' dir='ltr'>φιλόσοφος</span> <span class='ocrx_word' id='word_1_127' title='bbox 1073 2203 1161 2279; x_wconf 82' lang='grc' dir='ltr'><strong>ἦν,</strong></span> <span class='ocrx_word' id='word_1_128' title='bbox 1200 2199 1370 2270; x_wconf 72' lang='grc' dir='ltr'>Οὗτος</span> <span class='ocrx_word' id='word_1_129' title='bbox 1426 2204 1711 2276; x_wconf 73' lang='grc' dir='ltr'><strong>συσχεθεὶς</strong></span> <span class='ocrx_word' id='word_1_130' title='bbox 1758 2204 1865 2259; x_wconf 77' lang='grc' dir='ltr'>ὑπὸ</span> 
     </span>
    </p>
   </div>
   <div class='ocr_carea' id='block_1_21' title="bbox 293 2296 1867 2380">
    <p class='ocr_par' dir='ltr' id='par_1_21' title="bbox 293 2296 1867 2380">
     <span class='ocr_line' id='line_1_21' title="bbox 293 2296 1867 2380; baseline -0.01 -17"><span class='ocrx_word' id='word_1_131' title='bbox 293 2308 589 2380; x_wconf 82' lang='grc' dir='ltr'><strong>Ἀρχελάου</strong></span> <span class='ocrx_word' id='word_1_132' title='bbox 609 2304 702 2358; x_wconf 79' lang='grc' dir='ltr'>τοῦ</span> <span class='ocrx_word' id='word_1_133' title='bbox 724 2303 1012 2374; x_wconf 87' lang='grc' dir='ltr'>τυράννου,</span> <span class='ocrx_word' id='word_1_134' title='bbox 1043 2301 1137 2353; x_wconf 76' lang='grc' dir='ltr'><strong>καὶ</strong></span> <span class='ocrx_word' id='word_1_135' title='bbox 1170 2298 1384 2371; x_wconf 77' lang='grc' dir='ltr'>βληθεὶς</span> <span class='ocrx_word' id='word_1_136' title='bbox 1410 2299 1467 2350; x_wconf 85' lang='grc' dir='ltr'>ὲν</span> <span class='ocrx_word' id='word_1_137' title='bbox 1491 2297 1662 2369; x_wconf 82' lang='grc' dir='ltr'><strong>ὅλμῳ,</strong></span> <span class='ocrx_word' id='word_1_138' title='bbox 1681 2296 1867 2350; x_wconf 84' lang='grc' dir='ltr'>ὲπτίσ-</span> 
     </span>
    </p>
   </div>
   <div class='ocr_carea' id='block_1_22' title="bbox 280 2390 1864 2472">
    <p class='ocr_par' dir='ltr' id='par_1_22' title="bbox 280 2390 1864 2472">
     <span class='ocr_line' id='line_1_22' title="bbox 280 2390 1864 2472; baseline -0.009 -15"><span class='ocrx_word' id='word_1_139' title='bbox 280 2421 409 2457; x_wconf 86' lang='grc' dir='ltr'>σετο</span> <span class='ocrx_word' id='word_1_140' title='bbox 453 2400 633 2472; x_wconf 81' lang='grc' dir='ltr'>μοχλῷ</span> <span class='ocrx_word' id='word_1_141' title='bbox 690 2398 904 2465; x_wconf 79' lang='grc' dir='ltr'><strong>ξυλίνῳ.</strong></span> <span class='ocrx_word' id='word_1_142' title='bbox 944 2392 1274 2448; x_wconf 86' lang='grc' dir='ltr'>Πτίσσεσθαι</span> <span class='ocrx_word' id='word_1_143' title='bbox 1314 2392 1373 2445; x_wconf 82' lang='grc' dir='ltr'>δέ</span> <span class='ocrx_word' id='word_1_144' title='bbox 1422 2394 1559 2455; x_wconf 77' lang='grc' dir='ltr'>ἐστι,</span> <span class='ocrx_word' id='word_1_145' title='bbox 1602 2391 1662 2443; x_wconf 87' lang='grc' dir='ltr'>τὸ</span> <span class='ocrx_word' id='word_1_146' title='bbox 1705 2390 1864 2461; x_wconf 84' lang='grc' dir='ltr'>δίκην</span> 
     </span>
    </p>
   </div>
   <div class='ocr_carea' id='block_1_23' title="bbox 278 2482 1865 2565">
    <p class='ocr_par' dir='ltr' id='par_1_23' title="bbox 278 2482 1865 2565">
     <span class='ocr_line' id='line_1_23' title="bbox 278 2482 1865 2565; baseline -0.01 -14"><span class='ocrx_word' id='word_1_147' title='bbox 278 2494 589 2565; x_wconf 84' lang='grc' dir='ltr'>πτισσάνης</span> <span class='ocrx_word' id='word_1_148' title='bbox 614 2488 950 2545; x_wconf 81' lang='grc' dir='ltr'>τύπτεσθαι·</span> <span class='ocrx_word' id='word_1_149' title='bbox 992 2487 1145 2540; x_wconf 75' lang='grc' dir='ltr'>ἐνθεν</span> <span class='ocrx_word' id='word_1_150' title='bbox 1173 2486 1230 2539; x_wconf 84' lang='grc' dir='ltr'><strong>δὲ</strong></span> <span class='ocrx_word' id='word_1_151' title='bbox 1272 2485 1369 2538; x_wconf 79' lang='grc' dir='ltr'>καὶ</span> <span class='ocrx_word' id='word_1_152' title='bbox 1399 2483 1674 2553; x_wconf 86' lang='grc' dir='ltr'>πτισσάνη</span> <span class='ocrx_word' id='word_1_153' title='bbox 1710 2482 1865 2554; x_wconf 82' lang='grc' dir='ltr'>παρὰ</span> 
     </span>
    </p>
   </div>
   <div class='ocr_carea' id='block_1_24' title="bbox 276 2575 1864 2651">
    <p class='ocr_par' dir='ltr' id='par_1_24' title="bbox 276 2575 1864 2651">
     <span class='ocr_line' id='line_1_24' title="bbox 276 2575 1864 2651; baseline -0.012 -5"><span class='ocrx_word' id='word_1_154' title='bbox 276 2607 343 2646; x_wconf 76' lang='grc' dir='ltr'>ἰο</span> <span class='ocrx_word' id='word_1_155' title='bbox 377 2586 719 2643; x_wconf 86' lang='grc' dir='ltr'>πτίσσεσθαι.</span> <span class='ocrx_word' id='word_1_156' title='bbox 759 2581 1131 2651; x_wconf 87' lang='grc' dir='ltr'>Πτισσόμενος</span> <span class='ocrx_word' id='word_1_157' title='bbox 1162 2580 1220 2633; x_wconf 83' lang='grc' dir='ltr'>δὲ</span> <span class='ocrx_word' id='word_1_158' title='bbox 1249 2578 1423 2641; x_wconf 77' lang='grc' dir='ltr'>οὕτως</span> <span class='ocrx_word' id='word_1_159' title='bbox 1451 2576 1557 2646; x_wconf 81' lang='grc' dir='ltr'>ἔφη</span> <span class='ocrx_word' id='word_1_160' title='bbox 1577 2595 1589 2609; x_wconf 75' lang='grc'><em>’</em></span> <span class='ocrx_word' id='word_1_161' title='bbox 1635 2575 1864 2637; x_wconf 80' lang='grc' dir='ltr'><strong>Πτίσσε,</strong></span> 
     </span>
    </p>
   </div>
   <div class='ocr_carea' id='block_1_25' title="bbox 279 2667 1867 2744">
    <p class='ocr_par' dir='ltr' id='par_1_25' title="bbox 279 2667 1867 2744">
     <span class='ocr_line' id='line_1_25' title="bbox 279 2667 1867 2744; baseline -0.012 -7"><span class='ocrx_word' id='word_1_162' title='bbox 279 2683 481 2738; x_wconf 78' lang='grc' dir='ltr'>πτίσσε</span> <span class='ocrx_word' id='word_1_163' title='bbox 523 2680 614 2732; x_wconf 83' lang='grc' dir='ltr'>τὸν</span> <span class='ocrx_word' id='word_1_164' title='bbox 665 2675 999 2744; x_wconf 81' lang='grc' dir='ltr'><strong>Ἀναξάρχου</strong></span> <span class='ocrx_word' id='word_1_165' title='bbox 1052 2672 1309 2733; x_wconf 84' lang='grc' dir='ltr'><strong>θύλακον,</strong></span> <span class='ocrx_word' id='word_1_166' title='bbox 1358 2670 1427 2724; x_wconf 73' lang='grc' dir='ltr'>οὐ</span> <span class='ocrx_word' id='word_1_167' title='bbox 1460 2670 1570 2740; x_wconf 84' lang='grc' dir='ltr'>γὰρ</span> <span class='ocrx_word' id='word_1_168' title='bbox 1618 2667 1867 2730; x_wconf 76' lang='grc' dir='ltr'><strong>πτίσσεις</strong></span> 
     </span>
    </p>
   </div>
   <div class='ocr_carea' id='block_1_26' title="bbox 293 2758 1867 2845">
    <p class='ocr_par' dir='ltr' id='par_1_26' title="bbox 293 2758 1867 2845">
     <span class='ocr_line' id='line_1_26' title="bbox 293 2758 1867 2845; baseline -0.013 -14"><span class='ocrx_word' id='word_1_169' title='bbox 293 2774 627 2845; x_wconf 66' lang='grc' dir='ltr'>Ἀνάξαρχον</span> <span class='ocrx_word' id='word_1_170' title='bbox 646 2788 658 2801; x_wconf 90' lang='grc'><strong>·</strong></span> <span class='ocrx_word' id='word_1_171' title='bbox 691 2768 1089 2838; x_wconf 78' lang='grc' dir='ltr'>αἰνιττόμενος,</span> <span class='ocrx_word' id='word_1_172' title='bbox 1125 2760 1214 2819; x_wconf 79' lang='grc' dir='ltr'>οἷα</span> <span class='ocrx_word' id='word_1_173' title='bbox 1244 2762 1533 2833; x_wconf 77' lang='grc' dir='ltr'>φιλόσοφος</span> <span class='ocrx_word' id='word_1_174' title='bbox 1562 2760 1741 2832; x_wconf 76' lang='grc' dir='ltr'>δῆθεν,</span> <span class='ocrx_word' id='word_1_175' title='bbox 1773 2758 1867 2812; x_wconf 74' lang='grc' dir='ltr'><strong>τοῦ</strong></span> 
     </span>
    </p>
   </div>
   <div class='ocr_carea' id='block_1_27' title="bbox 283 2857 1267 2939">
    <p class='ocr_par' dir='ltr' id='par_1_27' title="bbox 283 2857 1267 2939">
     <span class='ocr_line' id='line_1_27' title="bbox 283 2857 1267 2939; baseline -0.012 -17"><span class='ocrx_word' id='word_1_176' title='bbox 283 2868 539 2939; x_wconf 72' lang='grc' dir='ltr'>σώματος</span> <span class='ocrx_word' id='word_1_177' title='bbox 564 2862 768 2935; x_wconf 79' lang='grc' dir='ltr'>μηδένα</span> <span class='ocrx_word' id='word_1_178' title='bbox 799 2859 954 2926; x_wconf 87' lang='grc' dir='ltr'>λόγον</span> <span class='ocrx_word' id='word_1_179' title='bbox 978 2857 1267 2911; x_wconf 87' lang='grc' dir='ltr'>ποιεῖσθαι.</span> 
     </span>
    </p>
   </div>
   <div class='ocr_carea' id='block_1_28' title="bbox 445 2945 1711 3035">
    <p class='ocr_par' dir='ltr' id='par_1_28' title="bbox 445 2945 1711 3035">
     <span class='ocr_line' id='line_1_28' title="bbox 445 2945 1711 3035; baseline -0.011 -25"><span class='ocrx_word' id='word_1_180' title='bbox 445 2964 541 3024; x_wconf 83' lang='grc' dir='ltr'><strong>ις’.</strong></span> <span class='ocrx_word' id='word_1_181' title='bbox 580 2956 719 3024; x_wconf 79' lang='grc' dir='ltr'>Περὶ</span> <span class='ocrx_word' id='word_1_182' title='bbox 755 2952 861 3007; x_wconf 87' lang='grc' dir='ltr'><strong>τοῦ</strong></span> <span class='ocrx_word' id='word_1_183' title='bbox 893 2950 1303 3020; x_wconf 75' lang='grc' dir='ltr'><strong>Κλεομϐρότου</strong></span> <span class='ocrx_word' id='word_1_184' title='bbox 1343 2945 1711 3035; x_wconf 54' lang='grc' dir='ltr'>πηδήματος.</span> 
     </span>
    </p>
   </div>
   <div class='ocr_carea' id='block_1_29' title="bbox 356 3067 1542 3150">
    <p class='ocr_par' dir='ltr' id='par_1_29' title="bbox 356 3067 1542 3150">
     <span class='ocr_line' id='line_1_29' title="bbox 356 3067 1542 3150; baseline -0.015 -15"><span class='ocrx_word' id='word_1_185' title='bbox 356 3079 740 3150; x_wconf 81' lang='grc' dir='ltr'>Κλεόμόροτος</span> <span class='ocrx_word' id='word_1_186' title='bbox 801 3070 1224 3144; x_wconf 80' lang='grc' dir='ltr'>Ἀμϐρακιώτης</span> <span class='ocrx_word' id='word_1_187' title='bbox 1260 3068 1321 3121; x_wconf 85' lang='grc' dir='ltr'>τὸ</span> <span class='ocrx_word' id='word_1_188' title='bbox 1367 3067 1542 3134; x_wconf 80' lang='grc' dir='ltr'>γένος.</span> 
     </span>
    </p>
   </div>
   <div class='ocr_carea' id='block_1_30' title="bbox 281 3149 1866 3243">
    <p class='ocr_par' dir='ltr' id='par_1_30' title="bbox 281 3149 1866 3243">
     <span class='ocr_line' id='line_1_30' title="bbox 281 3149 1866 3243; baseline -0.018 -15"><span class='ocrx_word' id='word_1_189' title='bbox 281 3173 428 3243; x_wconf 70' lang='grc' dir='ltr'>αὕτη</span> <span class='ocrx_word' id='word_1_190' title='bbox 460 3172 553 3225; x_wconf 77' lang='grc' dir='ltr'><strong>ἐπὶ</strong></span> <span class='ocrx_word' id='word_1_191' title='bbox 582 3169 681 3238; x_wconf 81' lang='grc' dir='ltr'>τῆς</span> <span class='ocrx_word' id='word_1_192' title='bbox 710 3165 947 3227; x_wconf 83' lang='grc' dir='ltr'>παλαιᾶς</span> <span class='ocrx_word' id='word_1_193' title='bbox 991 3159 1271 3231; x_wconf 86' lang='grc' dir='ltr'>Ἠπείρου.</span> <span class='ocrx_word' id='word_1_194' title='bbox 1314 3152 1579 3225; x_wconf 86' lang='grc' dir='ltr'>Ἐντυχὼν</span> <span class='ocrx_word' id='word_1_195' title='bbox 1608 3151 1687 3223; x_wconf 84' lang='grc' dir='ltr'>τῷ</span> <span class='ocrx_word' id='word_1_196' title='bbox 1725 3149 1866 3243; x_wconf 62' lang='grc' dir='ltr'>φαί-</span> 
     </span>
    </p>
   </div>
   <div class='ocr_carea' id='block_1_31' title="bbox 284 3240 1867 3330">
    <p class='ocr_par' dir='ltr' id='par_1_31' title="bbox 284 3240 1867 3330">
     <span class='ocr_line' id='line_1_31' title="bbox 284 3240 1867 3330; baseline -0.017 -11"><span class='ocrx_word' id='word_1_197' title='bbox 284 3240 452 3325; x_wconf 70' lang='grc' dir='ltr'>εωνὶ,</span> <span class='ocrx_word' id='word_1_198' title='bbox 476 3260 557 3330; x_wconf 80' lang='grc' dir='ltr'>τῷ</span> <span class='ocrx_word' id='word_1_199' title='bbox 581 3259 709 3328; x_wconf 76' lang='grc' dir='ltr'>περὶ</span> <span class='ocrx_word' id='word_1_200' title='bbox 734 3254 915 3326; x_wconf 74' lang='grc' dir='ltr'>ψυχῆς</span> <span class='ocrx_word' id='word_1_201' title='bbox 933 3252 1171 3321; x_wconf 85' lang='grc' dir='ltr'><strong>διαλόγῳ</strong></span> <span class='ocrx_word' id='word_1_202' title='bbox 1193 3249 1500 3310; x_wconf 87' lang='grc' dir='ltr'>Πλάτωνος,</span> <span class='ocrx_word' id='word_1_203' title='bbox 1526 3246 1622 3298; x_wconf 71' lang='grc' dir='ltr'><strong>καὶ</strong></span> <span class='ocrx_word' id='word_1_204' title='bbox 1656 3240 1867 3314; x_wconf 86' lang='grc' dir='ltr'>μαθὼν,</span> 
     </span>
    </p>
   </div>
   <div class='ocr_carea' id='block_1_32' title="bbox 285 3336 1867 3424">
    <p class='ocr_par' dir='ltr' id='par_1_32' title="bbox 285 3336 1867 3424">
     <span class='ocr_line' id='line_1_32' title="bbox 285 3336 1867 3424; baseline -0.015 -15"><span class='ocrx_word' id='word_1_205' title='bbox 285 3357 364 3419; x_wconf 85' lang='grc' dir='ltr'>ὡς</span> <span class='ocrx_word' id='word_1_206' title='bbox 412 3352 636 3424; x_wconf 82' lang='grc' dir='ltr'>ἄμεινόν</span> <span class='ocrx_word' id='word_1_207' title='bbox 671 3352 788 3402; x_wconf 80' lang='grc' dir='ltr'><strong>ἐστι</strong></span> <span class='ocrx_word' id='word_1_208' title='bbox 818 3349 884 3417; x_wconf 78' lang='grc' dir='ltr'><strong>τῇ</strong></span> <span class='ocrx_word' id='word_1_209' title='bbox 916 3346 1062 3416; x_wconf 71' lang='grc' dir='ltr'>ψυχῇ</span> <span class='ocrx_word' id='word_1_210' title='bbox 1090 3346 1119 3396; x_wconf 87' lang='grc' dir='ltr'><strong>ό</strong></span> <span class='ocrx_word' id='word_1_211' title='bbox 1162 3340 1441 3413; x_wconf 80' lang='grc' dir='ltr'>χωρισμὸς</span> <span class='ocrx_word' id='word_1_212' title='bbox 1464 3337 1559 3392; x_wconf 81' lang='grc' dir='ltr'><strong>τοῦ</strong></span> <span class='ocrx_word' id='word_1_213' title='bbox 1596 3336 1867 3407; x_wconf 83' lang='grc' dir='ltr'>σώματος,</span> 
     </span>
    </p>
   </div>
   <div class='ocr_carea' id='block_1_33' title="bbox 285 3425 1872 3519">
    <p class='ocr_par' dir='ltr' id='par_1_33' title="bbox 285 3425 1872 3519">
     <span class='ocr_line' id='line_1_33' title="bbox 285 3425 1872 3519; baseline -0.015 -19"><span class='ocrx_word' id='word_1_214' title='bbox 285 3446 514 3519; x_wconf 67' lang='grc' dir='ltr'>ἔρριψεν</span> <span class='ocrx_word' id='word_1_215' title='bbox 549 3442 742 3496; x_wconf 82' lang='grc' dir='ltr'>ἑαυτὸν</span> <span class='ocrx_word' id='word_1_216' title='bbox 790 3438 899 3492; x_wconf 72' lang='grc' dir='ltr'><strong>ἀπὸ</strong></span> <span class='ocrx_word' id='word_1_217' title='bbox 922 3434 1019 3490; x_wconf 83' lang='grc' dir='ltr'>τοῦ</span> <span class='ocrx_word' id='word_1_218' title='bbox 1060 3435 1295 3503; x_wconf 81' lang='grc' dir='ltr'><strong>τείχους,</strong></span> <span class='ocrx_word' id='word_1_219' title='bbox 1334 3431 1427 3484; x_wconf 59' lang='grc' dir='ltr'><strong>καὶ⁹</strong></span> <span class='ocrx_word' id='word_1_220' title='bbox 1455 3429 1715 3494; x_wconf 82' lang='grc' dir='ltr'>τέθνηκεν</span> <span class='ocrx_word' id='word_1_221' title='bbox 1740 3442 1754 3457; x_wconf 88' lang='grc'><strong>·</strong></span> <span class='ocrx_word' id='word_1_222' title='bbox 1784 3425 1872 3477; x_wconf 81' lang='grc' dir='ltr'><strong>ἵνα</strong></span> 
     </span>
    </p>
   </div>
   <div class='ocr_carea' id='block_1_34' title="bbox 284 3518 1867 3610">
    <p class='ocr_par' dir='ltr' id='par_1_34' title="bbox 284 3518 1867 3610">
     <span class='ocr_line' id='line_1_34' title="bbox 284 3518 1867 3610; baseline -0.012 -18"><span class='ocrx_word' id='word_1_223' title='bbox 284 3518 449 3610; x_wconf 68' lang='grc' dir='ltr'>δῆθεν</span> <span class='ocrx_word' id='word_1_224' title='bbox 471 3539 505 3608; x_wconf 76' lang='grc' dir='ltr'><strong>ἡ</strong></span> <span class='ocrx_word' id='word_1_225' title='bbox 528 3533 674 3606; x_wconf 70' lang='grc' dir='ltr'>ψυχὴ</span> <span class='ocrx_word' id='word_1_226' title='bbox 700 3530 866 3585; x_wconf 79' lang='grc' dir='ltr'>αὐτοῦ</span> <span class='ocrx_word' id='word_1_227' title='bbox 891 3526 1185 3596; x_wconf 72' lang='grc' dir='ltr'>ἐξελθοῦσα</span> <span class='ocrx_word' id='word_1_228' title='bbox 1208 3522 1451 3595; x_wconf 84' lang='grc' dir='ltr'>χωρισθῇ</span> <span class='ocrx_word' id='word_1_229' title='bbox 1469 3521 1562 3574; x_wconf 79' lang='grc' dir='ltr'><strong>τοῦ</strong></span> <span class='ocrx_word' id='word_1_230' title='bbox 1596 3518 1867 3590; x_wconf 79' lang='grc' dir='ltr'>σώματος.</span> 
     </span>
    </p>
   </div>
   <div class='ocr_carea' id='block_1_35' title="bbox 717 3700 1422 3771">
    <p class='ocr_par' dir='ltr' id='par_1_35' title="bbox 717 3700 1422 3771">
     <span class='ocr_line' id='line_1_35' title="bbox 717 3700 1422 3771; baseline -0.004 -14"><span class='ocrx_word' id='word_1_231' title='bbox 717 3706 801 3769; x_wconf 78' lang='grc' dir='ltr'><strong>ιζ’.</strong></span> <span class='ocrx_word' id='word_1_232' title='bbox 842 3702 979 3771; x_wconf 80' lang='grc' dir='ltr'>Περὶ</span> <span class='ocrx_word' id='word_1_233' title='bbox 1009 3702 1129 3756; x_wconf 77' lang='grc' dir='ltr'><strong>τῶν</strong></span> <span class='ocrx_word' id='word_1_234' title='bbox 1158 3700 1422 3771; x_wconf 77' lang='grc' dir='ltr'><strong>κυάμων.</strong></span> 
     </span>
    </p>
   </div>
   <div class='ocr_carea' id='block_1_36' title="bbox 362 3812 1871 3892">
    <p class='ocr_par' dir='ltr' id='par_1_36' title="bbox 362 3812 1871 3892">
     <span class='ocr_line' id='line_1_36' title="bbox 362 3812 1871 3892; baseline -0.007 -17"><span class='ocrx_word' id='word_1_235' title='bbox 362 3820 727 3892; x_wconf 82' lang='grc' dir='ltr'>Πυθαγόρειοι</span> <span class='ocrx_word' id='word_1_236' title='bbox 761 3818 915 3888; x_wconf 77' lang='grc' dir='ltr'>γένος</span> <span class='ocrx_word' id='word_1_237' title='bbox 962 3818 1290 3888; x_wconf 73' lang='grc' dir='ltr'>φιλοσόφων,</span> <span class='ocrx_word' id='word_1_238' title='bbox 1327 3817 1391 3869; x_wconf 79' lang='grc' dir='ltr'><strong>ἐκ</strong></span> <span class='ocrx_word' id='word_1_239' title='bbox 1421 3814 1740 3885; x_wconf 83' lang='grc' dir='ltr'>Πυθαγόρου</span> <span class='ocrx_word' id='word_1_240' title='bbox 1777 3812 1871 3866; x_wconf 80' lang='grc' dir='ltr'>τοῦ</span> 
     </span>
    </p>
   </div>
   <div class='ocr_carea' id='block_1_37' title="bbox 288 3904 1874 3985">
    <p class='ocr_par' dir='ltr' id='par_1_37' title="bbox 288 3904 1874 3985">
     <span class='ocr_line' id='line_1_37' title="bbox 288 3904 1874 3985; baseline -0.009 -14"><span class='ocrx_word' id='word_1_241' title='bbox 288 3914 525 3985; x_wconf 85' lang='grc' dir='ltr'>Σαμίου.</span> <span class='ocrx_word' id='word_1_242' title='bbox 574 3906 738 3967; x_wconf 70' lang='grc' dir='ltr'>Οὗτοι</span> <span class='ocrx_word' id='word_1_243' title='bbox 785 3912 850 3965; x_wconf 83' lang='grc' dir='ltr'><strong>δι’</strong></span> <span class='ocrx_word' id='word_1_244' title='bbox 906 3910 1245 3981; x_wconf 82' lang='grc' dir='ltr'>αἰνιγμάτων</span> <span class='ocrx_word' id='word_1_245' title='bbox 1274 3908 1346 3961; x_wconf 81' lang='grc' dir='ltr'><strong>τὰ</strong></span> <span class='ocrx_word' id='word_1_246' title='bbox 1394 3909 1493 3979; x_wconf 86' lang='grc' dir='ltr'>τῆς</span> <span class='ocrx_word' id='word_1_247' title='bbox 1548 3904 1874 3975; x_wconf 81' lang='grc' dir='ltr'>φολοσοφίας</span> 
     </span>
    </p>
   </div>
   <div class='ocr_carea' id='block_1_38' title="bbox 291 3996 1874 4078">
    <p class='ocr_par' dir='ltr' id='par_1_38' title="bbox 291 3996 1874 4078">
     <span class='ocr_line' id='line_1_38' title="bbox 291 3996 1874 4078; baseline -0.009 -16"><span class='ocrx_word' id='word_1_248' title='bbox 291 4006 600 4078; x_wconf 78' lang='grc' dir='ltr'>ἐμάνθανον</span> <span class='ocrx_word' id='word_1_249' title='bbox 630 4005 896 4074; x_wconf 83' lang='grc' dir='ltr'>δόγματα.</span> <span class='ocrx_word' id='word_1_250' title='bbox 944 4001 1263 4073; x_wconf 88' lang='grc' dir='ltr'>Παρεδίδοτο</span> <span class='ocrx_word' id='word_1_251' title='bbox 1291 4000 1349 4053; x_wconf 82' lang='grc' dir='ltr'>δὲ</span> <span class='ocrx_word' id='word_1_252' title='bbox 1395 3999 1533 4070; x_wconf 81' lang='grc' dir='ltr'>μετὰ</span> <span class='ocrx_word' id='word_1_253' title='bbox 1562 3998 1671 4051; x_wconf 83' lang='grc' dir='ltr'><strong>τῶν</strong></span> <span class='ocrx_word' id='word_1_254' title='bbox 1699 3996 1874 4051; x_wconf 81' lang='grc' dir='ltr'>ἄλλων</span> 
     </span>
    </p>
   </div>
   <div class='ocr_carea' id='block_1_39' title="bbox 291 4092 1876 4165">
    <p class='ocr_par' dir='ltr' id='par_1_39' title="bbox 291 4092 1876 4165">
     <span class='ocr_line' id='line_1_39' title="bbox 291 4092 1876 4165; baseline -0.009 -12"><span class='ocrx_word' id='word_1_255' title='bbox 291 4098 580 4153; x_wconf 72' lang='grc' dir='ltr'>καὶτοῦτο</span> <span class='ocrx_word' id='word_1_256' title='bbox 626 4097 686 4149; x_wconf 69' lang='grc' dir='ltr'><strong>τὸ</strong></span> <span class='ocrx_word' id='word_1_257' title='bbox 721 4096 972 4165; x_wconf 85' lang='grc' dir='ltr'>αἴνιγμα,</span> <span class='ocrx_word' id='word_1_258' title='bbox 1004 4092 1283 4162; x_wconf 80' lang='grc' dir='ltr'>Κυάμους</span> <span class='ocrx_word' id='word_1_259' title='bbox 1325 4092 1408 4161; x_wconf 81' lang='grc' dir='ltr'>μὴ</span> <span class='ocrx_word' id='word_1_260' title='bbox 1454 4092 1709 4145; x_wconf 78' lang='grc' dir='ltr'>ἐσθίειν·</span> <span class='ocrx_word' id='word_1_261' title='bbox 1754 4105 1876 4141; x_wconf 86' lang='grc' dir='ltr'>του-</span> 
     </span>
    </p>
   </div>
   <div class='ocr_carea' id='block_1_40' title="bbox 291 4180 1872 4260">
    <p class='ocr_par' dir='ltr' id='par_1_40' title="bbox 291 4180 1872 4260">
     <span class='ocr_line' id='line_1_40' title="bbox 291 4180 1872 4260; baseline -0.008 -16"><span class='ocrx_word' id='word_1_262' title='bbox 291 4193 481 4255; x_wconf 73' lang='grc' dir='ltr'>τέστι,</span> <span class='ocrx_word' id='word_1_263' title='bbox 537 4190 611 4260; x_wconf 74' lang='grc' dir='ltr'>μὴ</span> <span class='ocrx_word' id='word_1_264' title='bbox 660 4188 1012 4259; x_wconf 85' lang='grc' dir='ltr'>προδιδόντας</span> <span class='ocrx_word' id='word_1_265' title='bbox 1062 4186 1125 4238; x_wconf 85' lang='grc' dir='ltr'>τὸ</span> <span class='ocrx_word' id='word_1_266' title='bbox 1187 4185 1395 4237; x_wconf 87' lang='grc' dir='ltr'>δίκαιον</span> <span class='ocrx_word' id='word_1_267' title='bbox 1458 4180 1872 4254; x_wconf 85' lang='grc' dir='ltr'>δωροδοκεῖσθαι</span> 
     </span>
    </p>
   </div>
   <div class='ocr_carea' id='block_1_41' title="bbox 293 4273 1873 4355">
    <p class='ocr_par' dir='ltr' id='par_1_41' title="bbox 293 4273 1873 4355">
     <span class='ocr_line' id='line_1_41' title="bbox 293 4273 1873 4355; baseline -0.007 -19"><span class='ocrx_word' id='word_1_268' title='bbox 293 4285 595 4355; x_wconf 78' lang='grc' dir='ltr'>χρήμασιν.</span> <span class='ocrx_word' id='word_1_269' title='bbox 654 4283 715 4334; x_wconf 83' lang='lat' dir='ltr'><strong>Ol</strong></span> <span class='ocrx_word' id='word_1_270' title='bbox 763 4280 872 4350; x_wconf 76' lang='grc' dir='ltr'><strong>γὰρ</strong></span> <span class='ocrx_word' id='word_1_271' title='bbox 920 4279 1219 4348; x_wconf 86' lang='grc' dir='ltr'>Ἀθηναίων</span> <span class='ocrx_word' id='word_1_272' title='bbox 1252 4277 1421 4330; x_wconf 89' lang='grc' dir='ltr'>πάλαι</span> <span class='ocrx_word' id='word_1_273' title='bbox 1462 4276 1715 4329; x_wconf 78' lang='grc' dir='ltr'>δικασταὶ</span> <span class='ocrx_word' id='word_1_274' title='bbox 1753 4273 1873 4327; x_wconf 75' lang='grc' dir='ltr'>ἀντὶ</span> 
     </span>
    </p>
   </div>
   <div class='ocr_carea' id='block_1_42' title="bbox 1118 230 2690 290">
    <p class='ocr_par' dir='ltr' id='par_1_42' title="bbox 1118 230 2690 290">
     <span class='ocr_line' id='line_1_42' title="bbox 1118 230 2690 290; baseline -0.003 0"><span class='ocrx_word' id='word_1_275' title='bbox 1118 234 1210 290; x_wconf 82' lang='lat' dir='ltr'><strong>AD</strong></span> <span class='ocrx_word' id='word_1_276' title='bbox 1251 233 1308 289; x_wconf 90' lang='lat' dir='ltr'><strong>S.</strong></span> <span class='ocrx_word' id='word_1_277' title='bbox 1346 231 1676 288; x_wconf 78' lang='lat' dir='ltr'><strong>GRECOllll</strong></span> <span class='ocrx_word' id='word_1_278' title='bbox 1711 230 1918 287; x_wconf 79' lang='lat' dir='ltr'><strong>ORAT.</strong></span> <span class='ocrx_word' id='word_1_279' title='bbox 1961 230 1978 285; x_wconf 91' lang='grc'><strong>1</strong></span> <span class='ocrx_word' id='word_1_280' title='bbox 2014 232 2293 288; x_wconf 74' lang='lat' dir='ltr'><strong>CONTRA</strong></span> <span class='ocrx_word' id='word_1_281' title='bbox 2327 232 2690 290; x_wconf 77' lang='lat' dir='ltr'><strong>JULIANUM.</strong></span> 
     </span>
    </p>
   </div>
   <div class='ocr_carea' id='block_1_43' title="bbox 3431 225 3537 281">
    <p class='ocr_par' dir='ltr' id='par_1_43' title="bbox 3431 225 3537 281">
     <span class='ocr_line' id='line_1_43' title="bbox 3431 225 3537 281; baseline 0.009 -1"><span class='ocrx_word' id='word_1_282' title='bbox 3431 225 3537 281; x_wconf 64' lang='lat'><strong>99!</strong></span> 
     </span>
    </p>
   </div>
   <div class='ocr_carea' id='block_1_44' title="bbox 2311 339 3182 409">
    <p class='ocr_par' dir='ltr' id='par_1_44' title="bbox 2311 339 3182 409">
     <span class='ocr_line' id='line_1_44' title="bbox 2311 339 3182 409; baseline -0.007 -12"><span class='ocrx_word' id='word_1_283' title='bbox 2311 345 2398 398; x_wconf 75' lang='grc'><strong>12.</strong></span> <span class='ocrx_word' id='word_1_284' title='bbox 2441 344 2517 399; x_wconf 86' lang='lat' dir='ltr'><strong>De</strong></span> <span class='ocrx_word' id='word_1_285' title='bbox 2542 358 2728 397; x_wconf 78' lang='lat' dir='ltr'><strong><em>cruore</em></strong></span> <span class='ocrx_word' id='word_1_286' title='bbox 2747 341 2819 396; x_wconf 85' lang='lat' dir='ltr'><strong>ad</strong></span> <span class='ocrx_word' id='word_1_287' title='bbox 2844 340 3016 395; x_wconf 77' lang='lat' dir='ltr'><strong>altare</strong></span> <span class='ocrx_word' id='word_1_288' title='bbox 3045 339 3182 409; x_wconf 73' lang='lat' dir='ltr'><strong>fusa.</strong></span> 
     </span>
    </p>
   </div>
   <div class='ocr_carea' id='block_1_45' title="bbox 2029 426 3537 507">
    <p class='ocr_par' dir='ltr' id='par_1_45' title="bbox 2029 426 3537 507">
     <span class='ocr_line' id='line_1_45' title="bbox 2029 426 3537 507; baseline -0.005 -18"><span class='ocrx_word' id='word_1_289' title='bbox 2029 436 2223 500; x_wconf 87' lang='lat' dir='ltr'><strong>Diana,</strong></span> <span class='ocrx_word' id='word_1_290' title='bbox 2260 439 2513 507; x_wconf 83' lang='lat' dir='ltr'><strong>quamvis</strong></span> <span class='ocrx_word' id='word_1_291' title='bbox 2550 438 2727 507; x_wconf 81' lang='lat' dir='ltr'><strong>virgo,</strong></span> <span class='ocrx_word' id='word_1_292' title='bbox 2765 450 2827 488; x_wconf 89' lang='lat' dir='ltr'><strong>ac</strong></span> <span class='ocrx_word' id='word_1_293' title='bbox 2864 432 3144 504; x_wconf 76' lang='lat' dir='ltr'><strong>pudicitia:</strong></span> <span class='ocrx_word' id='word_1_294' title='bbox 3176 426 3338 484; x_wconf 84' lang='lat' dir='ltr'><strong>laude</strong></span> <span class='ocrx_word' id='word_1_295' title='bbox 3367 426 3537 491; x_wconf 87' lang='lat' dir='ltr'><strong>clara,</strong></span> 
     </span>
    </p>
   </div>
   <div class='ocr_carea' id='block_1_46' title="bbox 1957 522 3541 597">
    <p class='ocr_par' dir='ltr' id='par_1_46' title="bbox 1957 522 3541 597">
     <span class='ocr_line' id='line_1_46' title="bbox 1957 522 3541 597; baseline -0.007 -11"><span class='ocrx_word' id='word_1_296' title='bbox 1957 532 2251 586; x_wconf 90' lang='lat' dir='ltr'><strong>cruoribus</strong></span> <span class='ocrx_word' id='word_1_297' title='bbox 2287 540 2472 585; x_wconf 90' lang='lat' dir='ltr'><strong>tamen</strong></span> <span class='ocrx_word' id='word_1_298' title='bbox 2504 532 2614 587; x_wconf 89' lang='lat' dir='ltr'><strong>illis</strong></span> <span class='ocrx_word' id='word_1_299' title='bbox 2660 529 3063 593; x_wconf 66' lang='lat' dir='ltr'><strong>oblectabatur,</strong></span> <span class='ocrx_word' id='word_1_300' title='bbox 3104 524 3201 597; x_wconf 85' lang='lat' dir='ltr'><strong>qui</strong></span> <span class='ocrx_word' id='word_1_301' title='bbox 3252 524 3306 577; x_wconf 93' lang='lat' dir='ltr'><strong>in</strong></span> <span class='ocrx_word' id='word_1_302' title='bbox 3355 522 3541 593; x_wconf 78' lang='lat' dir='ltr'><strong>hospi-</strong></span> 
     </span>
    </p>
   </div>
   <div class='ocr_carea' id='block_1_47' title="bbox 1960 622 2739 683">
    <p class='ocr_par' dir='ltr' id='par_1_47' title="bbox 1960 622 2739 683">
     <span class='ocr_line' id='line_1_47' title="bbox 1960 622 2739 683; baseline 0.003 -6"><span class='ocrx_word' id='word_1_303' title='bbox 1960 632 2074 677; x_wconf 92' lang='lat' dir='ltr'><strong>tum</strong></span> <span class='ocrx_word' id='word_1_304' title='bbox 2104 624 2252 678; x_wconf 66' lang='lat' dir='ltr'><strong>caede</strong></span> <span class='ocrx_word' id='word_1_305' title='bbox 2285 622 2439 677; x_wconf 82' lang='lat' dir='ltr'><strong>fundi</strong></span> <span class='ocrx_word' id='word_1_306' title='bbox 2470 624 2739 683; x_wconf 89' lang='lat' dir='ltr'><strong>solebant.</strong></span> 
     </span>
    </p>
   </div>
   <div class='ocr_carea' id='block_1_48' title="bbox 2413 713 3101 770">
    <p class='ocr_par' dir='ltr' id='par_1_48' title="bbox 2413 713 3101 770">
     <span class='ocr_line' id='line_1_48' title="bbox 2413 713 3101 770; baseline -0.006 -1"><span class='ocrx_word' id='word_1_307' title='bbox 2413 717 2498 770; x_wconf 78' lang='grc'><strong>15.</strong></span> <span class='ocrx_word' id='word_1_308' title='bbox 2540 715 2618 769; x_wconf 83' lang='lat' dir='ltr'><strong>De</strong></span> <span class='ocrx_word' id='word_1_309' title='bbox 2648 714 2883 769; x_wconf 84' lang='lat' dir='ltr'><strong>Socratis</strong></span> <span class='ocrx_word' id='word_1_310' title='bbox 2908 713 3101 767; x_wconf 81' lang='lat' dir='ltr'><strong>cicuta.</strong></span> 
     </span>
    </p>
   </div>
   <div class='ocr_carea' id='block_1_49' title="bbox 2033 804 3541 877">
    <p class='ocr_par' dir='ltr' id='par_1_49' title="bbox 2033 804 3541 877">
     <span class='ocr_line' id='line_1_49' title="bbox 2033 804 3541 877; baseline -0.001 -17"><span class='ocrx_word' id='word_1_311' title='bbox 2033 805 2294 862; x_wconf 86' lang='lat' dir='ltr'><strong>Socrates</strong></span> <span class='ocrx_word' id='word_1_312' title='bbox 2342 808 2523 877; x_wconf 87' lang='lat' dir='ltr'><strong>patria</strong></span> <span class='ocrx_word' id='word_1_313' title='bbox 2557 808 2912 862; x_wconf 73' lang='lat' dir='ltr'><strong>Atheniensis</strong></span> <span class='ocrx_word' id='word_1_314' title='bbox 2952 812 3092 868; x_wconf 85' lang='lat' dir='ltr'><strong>erat,</strong></span> <span class='ocrx_word' id='word_1_315' title='bbox 3126 805 3251 858; x_wconf 78' lang='lat' dir='ltr'><strong>vitae</strong></span> <span class='ocrx_word' id='word_1_316' title='bbox 3287 804 3541 859; x_wconf 67' lang='lat' dir='ltr'><strong>instituto</strong></span> 
     </span>
    </p>
   </div>
   <div class='ocr_carea' id='block_1_50' title="bbox 1962 897 3542 970">
    <p class='ocr_par' dir='ltr' id='par_1_50' title="bbox 1962 897 3542 970">
     <span class='ocr_line' id='line_1_50' title="bbox 1962 897 3542 970; baseline -0.001 -19"><span class='ocrx_word' id='word_1_317' title='bbox 1962 899 2351 970; x_wconf 90' lang='lat' dir='ltr'><strong>philos0phus.</strong></span> <span class='ocrx_word' id='word_1_318' title='bbox 2409 899 2567 954; x_wconf 80' lang='lat' dir='ltr'><strong>Hunc</strong></span> <span class='ocrx_word' id='word_1_319' title='bbox 2602 899 2752 953; x_wconf 88' lang='lat' dir='ltr'><strong>velut</strong></span> <span class='ocrx_word' id='word_1_320' title='bbox 2803 900 3104 951; x_wconf 83' lang='lat' dir='ltr'><strong>daemonem</strong></span> <span class='ocrx_word' id='word_1_321' title='bbox 3152 897 3443 967; x_wconf 81' lang='lat' dir='ltr'><strong>quemdam</strong></span> <span class='ocrx_word' id='word_1_322' title='bbox 3488 898 3542 950; x_wconf 92' lang='lat' dir='ltr'><strong>in</strong></span> 
     </span>
    </p>
   </div>
   <div class='ocr_carea' id='block_1_51' title="bbox 1962 988 3547 1059">
    <p class='ocr_par' dir='ltr' id='par_1_51' title="bbox 1962 988 3547 1059">
     <span class='ocr_line' id='line_1_51' title="bbox 1962 988 3547 1059; baseline 0.001 -18"><span class='ocrx_word' id='word_1_323' title='bbox 1962 989 2375 1059; x_wconf 73' lang='lat' dir='ltr'><strong>Rempublicam</strong></span> <span class='ocrx_word' id='word_1_324' title='bbox 2421 989 2725 1059; x_wconf 72' lang='lat' dir='ltr'><strong>perniciose</strong></span> <span class='ocrx_word' id='word_1_325' title='bbox 2765 988 3201 1043; x_wconf 85' lang='lat' dir='ltr'><strong>introducentem</strong></span> <span class='ocrx_word' id='word_1_326' title='bbox 3231 988 3444 1059; x_wconf 82' lang='lat' dir='ltr'><strong>Anytus</strong></span> <span class='ocrx_word' id='word_1_327' title='bbox 3492 998 3547 1042; x_wconf 89' lang='lat' dir='ltr'><strong>et</strong></span> 
     </span>
    </p>
   </div>
   <div class='ocr_carea' id='block_1_52' title="bbox 1964 1080 3544 1150">
    <p class='ocr_par' dir='ltr' id='par_1_52' title="bbox 1964 1080 3544 1150">
     <span class='ocr_line' id='line_1_52' title="bbox 1964 1080 3544 1150; baseline 0.001 -17"><span class='ocrx_word' id='word_1_328' title='bbox 1964 1080 2179 1135; x_wconf 86' lang='lat' dir='ltr'><strong>Melitus</strong></span> <span class='ocrx_word' id='word_1_329' title='bbox 2236 1082 2288 1135; x_wconf 92' lang='lat' dir='ltr'><strong>in</strong></span> <span class='ocrx_word' id='word_1_330' title='bbox 2337 1082 2607 1150; x_wconf 84' lang='lat' dir='ltr'><strong>judicium</strong></span> <span class='ocrx_word' id='word_1_331' title='bbox 2652 1089 2937 1135; x_wconf 77' lang='lat' dir='ltr'><strong>vocarunt.</strong></span> <span class='ocrx_word' id='word_1_332' title='bbox 2989 1082 3168 1149; x_wconf 82' lang='lat' dir='ltr'><strong>Atque</strong></span> <span class='ocrx_word' id='word_1_333' title='bbox 3225 1081 3343 1150; x_wconf 91' lang='lat' dir='ltr'><strong>ipse</strong></span> <span class='ocrx_word' id='word_1_334' title='bbox 3393 1081 3544 1135; x_wconf 88' lang='lat' dir='ltr'><strong>velut</strong></span> 
     </span>
    </p>
   </div>
   <div class='ocr_carea' id='block_1_53' title="bbox 1965 1173 3545 1243">
    <p class='ocr_par' dir='ltr' id='par_1_53' title="bbox 1965 1173 3545 1243">
     <span class='ocr_line' id='line_1_53' title="bbox 1965 1173 3545 1243; baseline -0.001 -16"><span class='ocrx_word' id='word_1_335' title='bbox 1965 1189 2165 1243; x_wconf 87' lang='lat' dir='ltr'><strong>pueros</strong></span> <span class='ocrx_word' id='word_1_336' title='bbox 2206 1188 2571 1243; x_wconf 84' lang='lat' dir='ltr'><strong>corrumpens</strong></span> <span class='ocrx_word' id='word_1_337' title='bbox 2620 1174 2684 1225; x_wconf 88' lang='lat' dir='ltr'><strong>ad</strong></span> <span class='ocrx_word' id='word_1_338' title='bbox 2715 1173 2912 1226; x_wconf 72' lang='lat' dir='ltr'><strong>cicuta:</strong></span> <span class='ocrx_word' id='word_1_339' title='bbox 2949 1174 3203 1241; x_wconf 90' lang='lat' dir='ltr'><strong>poculum</strong></span> <span class='ocrx_word' id='word_1_340' title='bbox 3253 1173 3545 1227; x_wconf 88' lang='lat' dir='ltr'><strong>damnatus</strong></span> 
     </span>
    </p>
   </div>
   <div class='ocr_carea' id='block_1_54' title="bbox 1962 1266 2932 1336">
    <p class='ocr_par' dir='ltr' id='par_1_54' title="bbox 1962 1266 2932 1336">
     <span class='ocr_line' id='line_1_54' title="bbox 1962 1266 2932 1336; baseline -0.001 -17"><span class='ocrx_word' id='word_1_341' title='bbox 1962 1274 2065 1330; x_wconf 89' lang='lat' dir='ltr'><strong>est,</strong></span> <span class='ocrx_word' id='word_1_342' title='bbox 2097 1280 2206 1336; x_wconf 91' lang='lat' dir='ltr'><strong>quo</strong></span> <span class='ocrx_word' id='word_1_343' title='bbox 2235 1266 2435 1321; x_wconf 90' lang='lat' dir='ltr'><strong>hausto</strong></span> <span class='ocrx_word' id='word_1_344' title='bbox 2462 1282 2490 1319; x_wconf 93' lang='lat' dir='ltr'><strong>e</strong></span> <span class='ocrx_word' id='word_1_345' title='bbox 2525 1268 2636 1319; x_wconf 85' lang='lat' dir='ltr'><strong>vita</strong></span> <span class='ocrx_word' id='word_1_346' title='bbox 2665 1267 2932 1321; x_wconf 83' lang='lat' dir='ltr'><strong>excessit.</strong></span> 
     </span>
    </p>
   </div>
   <div class='ocr_carea' id='block_1_55' title="bbox 2414 1356 3086 1426">
    <p class='ocr_par' dir='ltr' id='par_1_55' title="bbox 2414 1356 3086 1426">
     <span class='ocr_line' id='line_1_55' title="bbox 2414 1356 3086 1426; baseline 0.001 -15"><span class='ocrx_word' id='word_1_347' title='bbox 2414 1360 2492 1411; x_wconf 76' lang='lat' dir='ltr'><strong>H.</strong></span> <span class='ocrx_word' id='word_1_348' title='bbox 2537 1358 2613 1411; x_wconf 86' lang='lat' dir='ltr'><strong>De</strong></span> <span class='ocrx_word' id='word_1_349' title='bbox 2656 1356 2880 1426; x_wconf 79' lang='lat' dir='ltr'><strong>Epicteti</strong></span> <span class='ocrx_word' id='word_1_350' title='bbox 2917 1375 3086 1412; x_wconf 82' lang='lat' dir='ltr'><strong>crure.</strong></span> 
     </span>
    </p>
   </div>
   <div class='ocr_carea' id='block_1_56' title="bbox 2034 1450 3547 1521">
    <p class='ocr_par' dir='ltr' id='par_1_56' title="bbox 2034 1450 3547 1521">
     <span class='ocr_line' id='line_1_56' title="bbox 2034 1450 3547 1521; baseline 0.003 -19"><span class='ocrx_word' id='word_1_351' title='bbox 2034 1450 2312 1520; x_wconf 83' lang='lat' dir='ltr'><strong>Epictetus</strong></span> <span class='ocrx_word' id='word_1_352' title='bbox 2365 1451 2725 1521; x_wconf 85' lang='lat' dir='ltr'><strong>philosophus</strong></span> <span class='ocrx_word' id='word_1_353' title='bbox 2772 1459 2912 1506; x_wconf 87' lang='lat' dir='ltr'><strong>erat.</strong></span> <span class='ocrx_word' id='word_1_354' title='bbox 2971 1451 3111 1506; x_wconf 86' lang='lat' dir='ltr'><strong>lluic</strong></span> <span class='ocrx_word' id='word_1_355' title='bbox 3166 1467 3198 1505; x_wconf 90' lang='lat' dir='ltr'><strong>a</strong></span> <span class='ocrx_word' id='word_1_356' title='bbox 3253 1451 3547 1507; x_wconf 82' lang='lat' dir='ltr'><strong>Macedone</strong></span> 
     </span>
    </p>
   </div>
   <div class='ocr_carea' id='block_1_57' title="bbox 1964 1542 3545 1613">
    <p class='ocr_par' dir='ltr' id='par_1_57' title="bbox 1964 1542 3545 1613">
     <span class='ocr_line' id='line_1_57' title="bbox 1964 1542 3545 1613; baseline 0.001 -18"><span class='ocrx_word' id='word_1_357' title='bbox 1964 1550 2201 1613; x_wconf 84' lang='lat' dir='ltr'><strong>tyranno</strong></span> <span class='ocrx_word' id='word_1_358' title='bbox 2231 1559 2359 1599; x_wconf 87' lang='lat' dir='ltr'><strong>crus</strong></span> <span class='ocrx_word' id='word_1_359' title='bbox 2389 1544 2629 1598; x_wconf 73' lang='lat' dir='ltr'><strong>vinculis</strong></span> <span class='ocrx_word' id='word_1_360' title='bbox 2660 1543 2950 1597; x_wconf 86' lang='lat' dir='ltr'><strong>astrictum</strong></span> <span class='ocrx_word' id='word_1_361' title='bbox 2984 1552 3088 1600; x_wconf 89' lang='lat' dir='ltr'><strong>est.</strong></span> <span class='ocrx_word' id='word_1_362' title='bbox 3125 1542 3321 1598; x_wconf 87' lang='lat' dir='ltr'><strong>Postea</strong></span> <span class='ocrx_word' id='word_1_363' title='bbox 3362 1551 3545 1597; x_wconf 89' lang='lat' dir='ltr'><strong>autem</strong></span> 
     </span>
    </p>
   </div>
   <div class='ocr_carea' id='block_1_58' title="bbox 1966 1637 3550 1707">
    <p class='ocr_par' dir='ltr' id='par_1_58' title="bbox 1966 1637 3550 1707">
     <span class='ocr_line' id='line_1_58' title="bbox 1966 1637 3550 1707; baseline -0.001 -18"><span class='ocrx_word' id='word_1_364' title='bbox 1966 1651 2089 1689; x_wconf 90' lang='lat' dir='ltr'><strong>cum</strong></span> <span class='ocrx_word' id='word_1_365' title='bbox 2128 1651 2252 1690; x_wconf 91' lang='lat' dir='ltr'><strong>eum</strong></span> <span class='ocrx_word' id='word_1_366' title='bbox 2286 1637 2498 1690; x_wconf 85' lang='lat' dir='ltr'><strong>solvere</strong></span> <span class='ocrx_word' id='word_1_367' title='bbox 2532 1648 2797 1707; x_wconf 84' lang='lat' dir='ltr'><strong>tyrannus</strong></span> <span class='ocrx_word' id='word_1_368' title='bbox 2824 1638 3009 1700; x_wconf 83' lang='lat' dir='ltr'><strong>vellet,</strong></span> <span class='ocrx_word' id='word_1_369' title='bbox 3038 1654 3103 1690; x_wconf 86' lang='lat' dir='ltr'><strong>ex</strong></span> <span class='ocrx_word' id='word_1_370' title='bbox 3135 1652 3312 1707; x_wconf 83' lang='lat' dir='ltr'><strong>eoque</strong></span> <span class='ocrx_word' id='word_1_371' title='bbox 3342 1651 3550 1706; x_wconf 85' lang='lat' dir='ltr'><strong>quaere-</strong></span> 
     </span>
    </p>
   </div>
   <div class='ocr_carea' id='block_1_59' title="bbox 1968 1722 3546 1796">
    <p class='ocr_par' dir='ltr' id='par_1_59' title="bbox 1968 1722 3546 1796">
     <span class='ocr_line' id='line_1_59' title="bbox 1968 1722 3546 1796; baseline 0.002 -19"><span class='ocrx_word' id='word_1_372' title='bbox 1968 1733 2088 1778; x_wconf 76' lang='lat' dir='ltr'><strong>ret:</strong></span> <span class='ocrx_word' id='word_1_373' title='bbox 2128 1722 2318 1790; x_wconf 81' lang='lat' dir='ltr'><strong>Visne,</strong></span> <span class='ocrx_word' id='word_1_374' title='bbox 2352 1723 2613 1794; x_wconf 84' lang='lat' dir='ltr'><strong>Epictete,</strong></span> <span class='ocrx_word' id='word_1_375' title='bbox 2664 1736 2714 1780; x_wconf 89' lang='lat' dir='ltr'><strong>te</strong></span> <span class='ocrx_word' id='word_1_376' title='bbox 2748 1727 2995 1781; x_wconf 75' lang='lat' dir='ltr'><strong>solvam?</strong></span> <span class='ocrx_word' id='word_1_377' title='bbox 3040 1727 3204 1793; x_wconf 80' lang='lat' dir='ltr'><strong>Quid.</strong></span> <span class='ocrx_word' id='word_1_378' title='bbox 3252 1728 3446 1796; x_wconf 87' lang='lat' dir='ltr'><strong>inquit,</strong></span> <span class='ocrx_word' id='word_1_379' title='bbox 3479 1742 3546 1780; x_wconf 89' lang='lat' dir='ltr'><strong>an</strong></span> 
     </span>
    </p>
   </div>
   <div class='ocr_carea' id='block_1_60' title="bbox 1965 1816 3551 1889">
    <p class='ocr_par' dir='ltr' id='par_1_60' title="bbox 1965 1816 3551 1889">
     <span class='ocr_line' id='line_1_60' title="bbox 1965 1816 3551 1889; baseline 0.002 -19"><span class='ocrx_word' id='word_1_380' title='bbox 1965 1833 2085 1870; x_wconf 88' lang='lat' dir='ltr'><strong>sum</strong></span> <span class='ocrx_word' id='word_1_381' title='bbox 2141 1818 2454 1871; x_wconf 85' lang='lat' dir='ltr'><strong>astrictus?</strong></span> <span class='ocrx_word' id='word_1_382' title='bbox 2492 1816 2702 1883; x_wconf 84' lang='lat' dir='ltr'><strong>Quibus</strong></span> <span class='ocrx_word' id='word_1_383' title='bbox 2736 1818 2987 1874; x_wconf 73' lang='lat' dir='ltr'><strong>videlicet</strong></span> <span class='ocrx_word' id='word_1_384' title='bbox 3017 1821 3197 1874; x_wconf 79' lang='lat' dir='ltr'><strong>verbis</strong></span> <span class='ocrx_word' id='word_1_385' title='bbox 3241 1821 3343 1875; x_wconf 88' lang='lat' dir='ltr'><strong>hoc</strong></span> <span class='ocrx_word' id='word_1_386' title='bbox 3375 1819 3516 1889; x_wconf 80' lang='lat' dir='ltr'><strong>signi</strong></span> <span class='ocrx_word' id='word_1_387' title='bbox 3548 1853 3551 1861; x_wconf 75' lang='grc' dir='ltr'><strong>ι</strong></span> 
     </span>
    </p>
   </div>
   <div class='ocr_carea' id='block_1_61' title="bbox 1964 1908 3546 1982">
    <p class='ocr_par' dir='ltr' id='par_1_61' title="bbox 1964 1908 3546 1982">
     <span class='ocr_line' id='line_1_61' title="bbox 1964 1908 3546 1982; baseline 0.004 -22"><span class='ocrx_word' id='word_1_388' title='bbox 1964 1908 2182 1970; x_wconf 86' lang='lat' dir='ltr'><strong>ticabat,</strong></span> <span class='ocrx_word' id='word_1_389' title='bbox 2210 1909 2448 1963; x_wconf 89' lang='lat' dir='ltr'><strong>animam</strong></span> <span class='ocrx_word' id='word_1_390' title='bbox 2487 1926 2641 1965; x_wconf 91' lang='lat' dir='ltr'><strong>suam</strong></span> <span class='ocrx_word' id='word_1_391' title='bbox 2689 1927 3033 1982; x_wconf 83' lang='lat' dir='ltr'><strong>nequaquam</strong></span> <span class='ocrx_word' id='word_1_392' title='bbox 3080 1913 3319 1967; x_wconf 76' lang='lat' dir='ltr'><strong>vinctam</strong></span> <span class='ocrx_word' id='word_1_393' title='bbox 3353 1913 3546 1968; x_wconf 77' lang='lat' dir='ltr'><strong>fuisse.</strong></span> 
     </span>
    </p>
   </div>
   <div class='ocr_carea' id='block_1_62' title="bbox 1965 1998 3511 2071">
    <p class='ocr_par' dir='ltr' id='par_1_62' title="bbox 1965 1998 3511 2071">
     <span class='ocr_line' id='line_1_62' title="bbox 1965 1998 3511 2071; baseline 0.006 -20"><span class='ocrx_word' id='word_1_394' title='bbox 1965 1998 2155 2071; x_wconf 79' lang='lat' dir='ltr'><strong>Itaque</strong></span> <span class='ocrx_word' id='word_1_395' title='bbox 2188 2015 2297 2056; x_wconf 89' lang='lat' dir='ltr'><strong>non</strong></span> <span class='ocrx_word' id='word_1_396' title='bbox 2323 2017 2524 2071; x_wconf 89' lang='lat' dir='ltr'><strong>corpus</strong></span> <span class='ocrx_word' id='word_1_397' title='bbox 2559 2002 2722 2057; x_wconf 87' lang='lat' dir='ltr'><strong>homo</strong></span> <span class='ocrx_word' id='word_1_398' title='bbox 2763 2019 2886 2059; x_wconf 84' lang='lat' dir='ltr'><strong>esse</strong></span> <span class='ocrx_word' id='word_1_399' title='bbox 2916 2006 3141 2069; x_wconf 77' lang='lat' dir='ltr'><strong>dicitur,</strong></span> <span class='ocrx_word' id='word_1_400' title='bbox 3177 2006 3269 2061; x_wconf 89' lang='lat' dir='ltr'><strong>sed</strong></span> <span class='ocrx_word' id='word_1_401' title='bbox 3306 2007 3511 2060; x_wconf 90' lang='lat' dir='ltr'><strong>anima.</strong></span> 
     </span>
    </p>
   </div>
   <div class='ocr_carea' id='block_1_63' title="bbox 2460 2092 3043 2149">
    <p class='ocr_par' dir='ltr' id='par_1_63' title="bbox 2460 2092 3043 2149">
     <span class='ocr_line' id='line_1_63' title="bbox 2460 2092 3043 2149; baseline 0.003 -3"><span class='ocrx_word' id='word_1_402' title='bbox 2460 2092 2549 2147; x_wconf 82' lang='grc'><strong>15.</strong></span> <span class='ocrx_word' id='word_1_403' title='bbox 2592 2092 2668 2148; x_wconf 87' lang='lat' dir='ltr'><strong>De</strong></span> <span class='ocrx_word' id='word_1_404' title='bbox 2703 2096 3043 2149; x_wconf 76' lang='lat' dir='ltr'><strong>Anaxarcho.</strong></span> 
     </span>
    </p>
   </div>
   <div class='ocr_carea' id='block_1_64' title="bbox 2036 2181 3552 2257">
    <p class='ocr_par' dir='ltr' id='par_1_64' title="bbox 2036 2181 3552 2257">
     <span class='ocr_line' id='line_1_64' title="bbox 2036 2181 3552 2257; baseline 0.007 -22"><span class='ocrx_word' id='word_1_405' title='bbox 2036 2181 2399 2239; x_wconf 85' lang='lat' dir='ltr'><strong>Anaxarchus</strong></span> <span class='ocrx_word' id='word_1_406' title='bbox 2452 2186 2852 2256; x_wconf 67' lang='lat' dir='ltr'><strong>philosophiam</strong></span> <span class='ocrx_word' id='word_1_407' title='bbox 2910 2188 3285 2257; x_wconf 82' lang='lat' dir='ltr'><strong>proﬁtebatur.</strong></span> <span class='ocrx_word' id='word_1_408' title='bbox 3340 2188 3436 2244; x_wconf 88' lang='lat' dir='ltr'><strong>llic</strong></span> <span class='ocrx_word' id='word_1_409' title='bbox 3483 2192 3552 2246; x_wconf 86' lang='lat' dir='ltr'><strong>ab</strong></span> 
     </span>
    </p>
   </div>
   <div class='ocr_carea' id='block_1_65' title="bbox 1967 2273 3551 2351">
    <p class='ocr_par' dir='ltr' id='par_1_65' title="bbox 1967 2273 3551 2351">
     <span class='ocr_line' id='line_1_65' title="bbox 1967 2273 3551 2351; baseline 0.007 -25"><span class='ocrx_word' id='word_1_410' title='bbox 1967 2273 2238 2330; x_wconf 81' lang='lat' dir='ltr'><strong>Archelao</strong></span> <span class='ocrx_word' id='word_1_411' title='bbox 2280 2284 2512 2347; x_wconf 89' lang='lat' dir='ltr'><strong>tyranno</strong></span> <span class='ocrx_word' id='word_1_412' title='bbox 2558 2289 2851 2350; x_wconf 90' lang='lat' dir='ltr'><strong>correptus</strong></span> <span class='ocrx_word' id='word_1_413' title='bbox 2895 2290 3061 2351; x_wconf 88' lang='lat' dir='ltr'><strong>atque</strong></span> <span class='ocrx_word' id='word_1_414' title='bbox 3114 2282 3167 2335; x_wconf 87' lang='lat' dir='ltr'><strong>in</strong></span> <span class='ocrx_word' id='word_1_415' title='bbox 3222 2284 3551 2337; x_wconf 88' lang='lat' dir='ltr'><strong>mortarium</strong></span> 
     </span>
    </p>
   </div>
   <div class='ocr_carea' id='block_1_66' title="bbox 1968 2364 3552 2438">
    <p class='ocr_par' dir='ltr' id='par_1_66' title="bbox 1968 2364 3552 2438">
     <span class='ocr_line' id='line_1_66' title="bbox 1968 2364 3552 2438; baseline 0.008 -21"><span class='ocrx_word' id='word_1_416' title='bbox 1968 2364 2254 2433; x_wconf 88' lang='lat' dir='ltr'><strong>conjectus</strong></span> <span class='ocrx_word' id='word_1_417' title='bbox 2284 2367 2461 2438; x_wconf 84' lang='lat' dir='ltr'><strong>lignea</strong></span> <span class='ocrx_word' id='word_1_418' title='bbox 2491 2370 2628 2426; x_wconf 89' lang='lat' dir='ltr'><strong>sude</strong></span> <span class='ocrx_word' id='word_1_419' title='bbox 2652 2373 3005 2429; x_wconf 88' lang='lat' dir='ltr'><strong>tundebatur.</strong></span> <span class='ocrx_word' id='word_1_420' title='bbox 3041 2374 3370 2426; x_wconf 83' lang='grc' dir='ltr'>Πτίσσεσθαι</span> <span class='ocrx_word' id='word_1_421' title='bbox 3402 2376 3552 2429; x_wconf 85' lang='lat' dir='ltr'><strong>enim</strong></span> 
     </span>
    </p>
   </div>
   <div class='ocr_carea' id='block_1_67' title="bbox 1967 2456 3554 2535">
    <p class='ocr_par' dir='ltr' id='par_1_67' title="bbox 1967 2456 3554 2535">
     <span class='ocr_line' id='line_1_67' title="bbox 1967 2456 3554 2535; baseline 0.006 -25"><span class='ocrx_word' id='word_1_422' title='bbox 1967 2466 2053 2510; x_wconf 89' lang='lat' dir='ltr'><strong>est</strong></span> <span class='ocrx_word' id='word_1_423' title='bbox 2084 2456 2349 2526; x_wconf 68' lang='lat' dir='ltr'><strong>ptissana:</strong></span> <span class='ocrx_word' id='word_1_424' title='bbox 2398 2460 2575 2514; x_wconf 89' lang='lat' dir='ltr'><strong>instar</strong></span> <span class='ocrx_word' id='word_1_425' title='bbox 2607 2464 2790 2535; x_wconf 81' lang='lat' dir='ltr'><strong>atteri,</strong></span> <span class='ocrx_word' id='word_1_426' title='bbox 2835 2465 2982 2519; x_wconf 88' lang='lat' dir='ltr'><strong>unde</strong></span> <span class='ocrx_word' id='word_1_427' title='bbox 3030 2474 3083 2519; x_wconf 91' lang='lat' dir='ltr'><strong>et</strong></span> <span class='ocrx_word' id='word_1_428' title='bbox 3123 2467 3369 2534; x_wconf 79' lang='lat' dir='ltr'><strong>ptissana</strong></span> <span class='ocrx_word' id='word_1_429' title='bbox 3408 2465 3554 2520; x_wconf 75' lang='lat' dir='ltr'><strong>dicta</strong></span> 
     </span>
    </p>
   </div>
   <div class='ocr_carea' id='block_1_68' title="bbox 1969 2548 3556 2629">
    <p class='ocr_par' dir='ltr' id='par_1_68' title="bbox 1969 2548 3556 2629">
     <span class='ocr_line' id='line_1_68' title="bbox 1969 2548 3556 2629; baseline 0.006 -26"><span class='ocrx_word' id='word_1_430' title='bbox 1969 2558 2071 2603; x_wconf 89' lang='lat' dir='ltr'><strong>est.</strong></span> <span class='ocrx_word' id='word_1_431' title='bbox 2106 2548 2241 2604; x_wconf 84' lang='lat' dir='ltr'><strong>Cum</strong></span> <span class='ocrx_word' id='word_1_432' title='bbox 2272 2567 2404 2623; x_wconf 78' lang='lat' dir='ltr'><strong>ergo</strong></span> <span class='ocrx_word' id='word_1_433' title='bbox 2433 2556 2783 2620; x_wconf 86' lang='lat' dir='ltr'><strong>tunderetur,</strong></span> <span class='ocrx_word' id='word_1_434' title='bbox 2822 2558 3033 2622; x_wconf 86' lang='lat' dir='ltr'><strong>Tunde,</strong></span> <span class='ocrx_word' id='word_1_435' title='bbox 3071 2558 3268 2629; x_wconf 88' lang='lat' dir='ltr'><strong>inquit,</strong></span> <span class='ocrx_word' id='word_1_436' title='bbox 3306 2560 3556 2613; x_wconf 79' lang='lat' dir='ltr'><strong>Anaxar-</strong></span> 
     </span>
    </p>
   </div>
   <div class='ocr_carea' id='block_1_69' title="bbox 1970 2638 3554 2715">
    <p class='ocr_par' dir='ltr' id='par_1_69' title="bbox 1970 2638 3554 2715">
     <span class='ocr_line' id='line_1_69' title="bbox 1970 2638 3554 2715; baseline 0.009 -24"><span class='ocrx_word' id='word_1_437' title='bbox 1970 2638 2057 2692; x_wconf 91' lang='lat' dir='ltr'><strong>chi</strong></span> <span class='ocrx_word' id='word_1_438' title='bbox 2107 2649 2317 2709; x_wconf 91' lang='lat' dir='ltr'><strong>utrem;</strong></span> <span class='ocrx_word' id='word_1_439' title='bbox 2366 2660 2544 2715; x_wconf 89' lang='lat' dir='ltr'><strong>neque</strong></span> <span class='ocrx_word' id='word_1_440' title='bbox 2579 2646 2725 2701; x_wconf 91' lang='lat' dir='ltr'><strong>enim</strong></span> <span class='ocrx_word' id='word_1_441' title='bbox 2775 2648 3160 2704; x_wconf 77' lang='lat' dir='ltr'><strong>Anaxarchum</strong></span> <span class='ocrx_word' id='word_1_442' title='bbox 3205 2650 3413 2704; x_wconf 83' lang='lat' dir='ltr'><strong>tundis.</strong></span> <span class='ocrx_word' id='word_1_443' title='bbox 3460 2649 3554 2705; x_wconf 86' lang='lat' dir='ltr'><strong>llis</strong></span> 
     </span>
    </p>
   </div>
   <div class='ocr_carea' id='block_1_70' title="bbox 1972 2731 3554 2811">
    <p class='ocr_par' dir='ltr' id='par_1_70' title="bbox 1972 2731 3554 2811">
     <span class='ocr_line' id='line_1_70' title="bbox 1972 2731 3554 2811; baseline 0.009 -29"><span class='ocrx_word' id='word_1_444' title='bbox 1972 2731 2232 2785; x_wconf 88' lang='lat' dir='ltr'><strong>nimirum</strong></span> <span class='ocrx_word' id='word_1_445' title='bbox 2273 2735 2477 2799; x_wconf 86' lang='lat' dir='ltr'><strong>verbis,</strong></span> <span class='ocrx_word' id='word_1_446' title='bbox 2521 2745 2583 2790; x_wconf 91' lang='lat' dir='ltr'><strong>ut</strong></span> <span class='ocrx_word' id='word_1_447' title='bbox 2635 2738 3020 2809; x_wconf 88' lang='lat' dir='ltr'><strong>philosophus,</strong></span> <span class='ocrx_word' id='word_1_448' title='bbox 3068 2742 3385 2811; x_wconf 78' lang='lat' dir='ltr'><strong>Signiﬁcans</strong></span> <span class='ocrx_word' id='word_1_449' title='bbox 3428 2742 3554 2796; x_wconf 84' lang='lat' dir='ltr'><strong>nul-</strong></span> 
     </span>
    </p>
   </div>
   <div class='ocr_carea' id='block_1_71' title="bbox 1973 2821 3070 2892">
    <p class='ocr_par' dir='ltr' id='par_1_71' title="bbox 1973 2821 3070 2892">
     <span class='ocr_line' id='line_1_71' title="bbox 1973 2821 3070 2892; baseline 0.008 -19"><span class='ocrx_word' id='word_1_450' title='bbox 1973 2821 2077 2873; x_wconf 77' lang='lat' dir='ltr'><strong>lam</strong></span> <span class='ocrx_word' id='word_1_451' title='bbox 2111 2825 2363 2892; x_wconf 90' lang='lat' dir='ltr'><strong>corporis</strong></span> <span class='ocrx_word' id='word_1_452' title='bbox 2403 2826 2670 2881; x_wconf 88' lang='lat' dir='ltr'><strong>rationem</strong></span> <span class='ocrx_word' id='word_1_453' title='bbox 2703 2843 2731 2879; x_wconf 91' lang='lat' dir='ltr'><strong>a</strong></span> <span class='ocrx_word' id='word_1_454' title='bbox 2771 2844 2831 2882; x_wconf 92' lang='lat' dir='ltr'><strong>se</strong></span> <span class='ocrx_word' id='word_1_455' title='bbox 2858 2829 3070 2882; x_wconf 87' lang='lat' dir='ltr'><strong>haberi.</strong></span> 
     </span>
    </p>
   </div>
   <div class='ocr_carea' id='block_1_72' title="bbox 2380 2919 3157 2977">
    <p class='ocr_par' dir='ltr' id='par_1_72' title="bbox 2380 2919 3157 2977">
     <span class='ocr_line' id='line_1_72' title="bbox 2380 2919 3157 2977; baseline 0.006 -5"><span class='ocrx_word' id='word_1_456' title='bbox 2380 2919 2467 2973; x_wconf 82' lang='grc'><strong>16.</strong></span> <span class='ocrx_word' id='word_1_457' title='bbox 2516 2921 2588 2975; x_wconf 81' lang='lat' dir='ltr'><strong>De</strong></span> <span class='ocrx_word' id='word_1_458' title='bbox 2629 2921 2770 2974; x_wconf 82' lang='lat' dir='ltr'><strong>saltu</strong></span> <span class='ocrx_word' id='word_1_459' title='bbox 2812 2921 3157 2977; x_wconf 85' lang='lat' dir='ltr'><strong>Cleombroti.</strong></span> 
     </span>
    </p>
   </div>
   <div class='ocr_carea' id='block_1_73' title="bbox 1593 3032 3556 3126">
    <p class='ocr_par' dir='ltr' id='par_1_73' title="bbox 1593 3032 3556 3126">
     <span class='ocr_line' id='line_1_73' title="bbox 1593 3032 3556 3126; baseline -0.002 -30"><span class='ocrx_word' id='word_1_460' title='bbox 1593 3063 1754 3126; x_wconf 70' lang='grc' dir='ltr'>Πόλις</span> <span class='ocrx_word' id='word_1_461' title='bbox 1808 3061 1867 3115; x_wconf 68' lang='grc' dir='ltr'><strong>δὲ</strong></span> <span class='ocrx_word' id='word_1_462' title='bbox 1896 3032 1940 3092; x_wconf 86' lang='lat' dir='ltr'>C</span> <span class='ocrx_word' id='word_1_463' title='bbox 2041 3032 2427 3089; x_wconf 83' lang='lat' dir='ltr'><strong>Cleombrotus</strong></span> <span class='ocrx_word' id='word_1_464' title='bbox 2456 3035 2869 3102; x_wconf 82' lang='lat' dir='ltr'><strong>Ambraciotes,</strong></span> <span class='ocrx_word' id='word_1_465' title='bbox 2906 3054 3027 3108; x_wconf 72' lang='lat' dir='ltr'><strong>qua:</strong></span> <span class='ocrx_word' id='word_1_466' title='bbox 3060 3039 3258 3093; x_wconf 76' lang='lat' dir='ltr'><strong>veteris</strong></span> <span class='ocrx_word' id='word_1_467' title='bbox 3299 3037 3446 3109; x_wconf 84' lang='lat' dir='ltr'><strong>Epiri</strong></span> <span class='ocrx_word' id='word_1_468' title='bbox 3475 3041 3556 3095; x_wconf 86' lang='lat' dir='ltr'><strong>ci-</strong></span> 
     </span>
    </p>
   </div>
   <div class='ocr_carea' id='block_1_74' title="bbox 1976 3126 3561 3200">
    <p class='ocr_par' dir='ltr' id='par_1_74' title="bbox 1976 3126 3561 3200">
     <span class='ocr_line' id='line_1_74' title="bbox 1976 3126 3561 3200; baseline 0.004 -23"><span class='ocrx_word' id='word_1_469' title='bbox 1976 3126 2117 3180; x_wconf 78' lang='lat' dir='ltr'><strong>vitas</strong></span> <span class='ocrx_word' id='word_1_470' title='bbox 2147 3134 2252 3193; x_wconf 87' lang='lat' dir='ltr'><strong>est,</strong></span> <span class='ocrx_word' id='word_1_471' title='bbox 2286 3142 2408 3179; x_wconf 86' lang='lat' dir='ltr'><strong>eum</strong></span> <span class='ocrx_word' id='word_1_472' title='bbox 2445 3128 2497 3179; x_wconf 89' lang='lat' dir='ltr'><strong>in</strong></span> <span class='ocrx_word' id='word_1_473' title='bbox 2530 3126 2775 3183; x_wconf 80' lang='lat' dir='ltr'><strong>Platonis</strong></span> <span class='ocrx_word' id='word_1_474' title='bbox 2804 3129 3079 3200; x_wconf 81' lang='lat' dir='ltr'><strong>dialogum</strong></span> <span class='ocrx_word' id='word_1_475' title='bbox 3125 3130 3190 3184; x_wconf 92' lang='lat' dir='ltr'><strong>de</strong></span> <span class='ocrx_word' id='word_1_476' title='bbox 3222 3133 3427 3195; x_wconf 84' lang='lat' dir='ltr'><strong>anima,</strong></span> <span class='ocrx_word' id='word_1_477' title='bbox 3468 3131 3561 3185; x_wconf 73' lang='lat' dir='ltr'><strong>Cui</strong></span> 
     </span>
    </p>
   </div>
   <div class='ocr_carea' id='block_1_75' title="bbox 1979 3215 3556 3294">
    <p class='ocr_par' dir='ltr' id='par_1_75' title="bbox 1979 3215 3556 3294">
     <span class='ocr_line' id='line_1_75' title="bbox 1979 3215 3556 3294; baseline 0.007 -26"><span class='ocrx_word' id='word_1_478' title='bbox 1979 3215 2178 3271; x_wconf 79' lang='lat' dir='ltr'><strong>Phde</strong></span> <span class='ocrx_word' id='word_1_479' title='bbox 2221 3219 2413 3272; x_wconf 80' lang='lat' dir='ltr'><strong>titulus</strong></span> <span class='ocrx_word' id='word_1_480' title='bbox 2454 3226 2558 3280; x_wconf 87' lang='lat' dir='ltr'><strong>est,</strong></span> <span class='ocrx_word' id='word_1_481' title='bbox 2597 3220 2900 3282; x_wconf 78' lang='lat' dir='ltr'><strong>incidisset,</strong></span> <span class='ocrx_word' id='word_1_482' title='bbox 2938 3223 3331 3292; x_wconf 83' lang='lat' dir='ltr'><strong>didicissclque</strong></span> <span class='ocrx_word' id='word_1_483' title='bbox 3386 3226 3556 3294; x_wconf 66' lang='lat' dir='ltr'><strong>magis</strong></span> 
     </span>
    </p>
   </div>
   <div class='ocr_carea' id='block_1_76' title="bbox 1978 3312 3562 3385">
    <p class='ocr_par' dir='ltr' id='par_1_76' title="bbox 1978 3312 3562 3385">
     <span class='ocr_line' id='line_1_76' title="bbox 1978 3312 3562 3385; baseline 0.004 -19"><span class='ocrx_word' id='word_1_484' title='bbox 1978 3326 2099 3366; x_wconf 88' lang='lat' dir='ltr'><strong>esse</strong></span> <span class='ocrx_word' id='word_1_485' title='bbox 2130 3327 2159 3365; x_wconf 90' lang='lat' dir='ltr'><strong>e</strong></span> <span class='ocrx_word' id='word_1_486' title='bbox 2189 3327 2248 3365; x_wconf 88' lang='lat' dir='ltr'><strong>re</strong></span> <span class='ocrx_word' id='word_1_487' title='bbox 2280 3312 2475 3365; x_wconf 66' lang='lat' dir='ltr'><strong>animte</strong></span> <span class='ocrx_word' id='word_1_488' title='bbox 2508 3314 2750 3381; x_wconf 86' lang='lat' dir='ltr'><strong>separari</strong></span> <span class='ocrx_word' id='word_1_489' title='bbox 2788 3330 2816 3366; x_wconf 92' lang='lat' dir='ltr'><strong>a</strong></span> <span class='ocrx_word' id='word_1_490' title='bbox 2851 3330 3108 3384; x_wconf 86' lang='lat' dir='ltr'><strong>corpore,</strong></span> <span class='ocrx_word' id='word_1_491' title='bbox 3147 3331 3307 3385; x_wconf 81' lang='lat' dir='ltr'><strong>quant</strong></span> <span class='ocrx_word' id='word_1_492' title='bbox 3340 3332 3464 3370; x_wconf 91' lang='lat' dir='ltr'><strong>cum</strong></span> <span class='ocrx_word' id='word_1_493' title='bbox 3494 3332 3562 3372; x_wconf 86' lang='lat' dir='ltr'><strong>eo</strong></span> 
     </span>
    </p>
   </div>
   <div class='ocr_carea' id='block_1_77' title="bbox 1979 3403 3562 3478">
    <p class='ocr_par' dir='ltr' id='par_1_77' title="bbox 1979 3403 3562 3478">
     <span class='ocr_line' id='line_1_77' title="bbox 1979 3403 3562 3478; baseline 0.006 -22"><span class='ocrx_word' id='word_1_494' title='bbox 1979 3403 2264 3473; x_wconf 83' lang='lat' dir='ltr'><strong>conjungi,</strong></span> <span class='ocrx_word' id='word_1_495' title='bbox 2315 3419 2345 3458; x_wconf 90' lang='lat' dir='ltr'><strong>e</strong></span> <span class='ocrx_word' id='word_1_496' title='bbox 2389 3420 2546 3457; x_wconf 90' lang='lat' dir='ltr'><strong>muro</strong></span> <span class='ocrx_word' id='word_1_497' title='bbox 2595 3420 2653 3459; x_wconf 90' lang='lat' dir='ltr'><strong>se</strong></span> <span class='ocrx_word' id='word_1_498' title='bbox 2688 3406 3020 3475; x_wconf 72' lang='lat' dir='ltr'><strong>praecipitem</strong></span> <span class='ocrx_word' id='word_1_499' title='bbox 3068 3407 3239 3471; x_wconf 87' lang='lat' dir='ltr'><strong>dedit,</strong></span> <span class='ocrx_word' id='word_1_500' title='bbox 3288 3409 3562 3478; x_wconf 79' lang='lat' dir='ltr'><strong>stulteque</strong></span> 
     </span>
    </p>
   </div>
   <div class='ocr_carea' id='block_1_78' title="bbox 1982 3496 3563 3571">
    <p class='ocr_par' dir='ltr' id='par_1_78' title="bbox 1982 3496 3563 3571">
     <span class='ocr_line' id='line_1_78' title="bbox 1982 3496 3563 3571; baseline 0.003 -21"><span class='ocrx_word' id='word_1_501' title='bbox 1982 3497 2214 3563; x_wconf 88' lang='lat' dir='ltr'><strong>interiit,</strong></span> <span class='ocrx_word' id='word_1_502' title='bbox 2249 3507 2308 3550; x_wconf 89' lang='lat' dir='ltr'><strong>ut</strong></span> <span class='ocrx_word' id='word_1_503' title='bbox 2342 3496 2597 3552; x_wconf 80' lang='lat' dir='ltr'><strong>videlicet</strong></span> <span class='ocrx_word' id='word_1_504' title='bbox 2628 3498 2848 3554; x_wconf 89' lang='lat' dir='ltr'><strong>animus</strong></span> <span class='ocrx_word' id='word_1_505' title='bbox 2883 3499 3058 3569; x_wconf 90' lang='lat' dir='ltr'><strong>ipsius</strong></span> <span class='ocrx_word' id='word_1_506' title='bbox 3089 3518 3119 3555; x_wconf 91' lang='lat' dir='ltr'><strong>e</strong></span> <span class='ocrx_word' id='word_1_507' title='bbox 3150 3501 3400 3571; x_wconf 85' lang='lat' dir='ltr'><strong>corporis</strong></span> <span class='ocrx_word' id='word_1_508' title='bbox 3429 3501 3563 3555; x_wconf 78' lang='lat' dir='ltr'><strong>vin-</strong></span> 
     </span>
    </p>
   </div>
   <div class='ocr_carea' id='block_1_79' title="bbox 1982 3588 2408 3645">
    <p class='ocr_par' dir='ltr' id='par_1_79' title="bbox 1982 3588 2408 3645">
     <span class='ocr_line' id='line_1_79' title="bbox 1982 3588 2408 3645; baseline 0 -2"><span class='ocrx_word' id='word_1_509' title='bbox 1982 3588 2120 3645; x_wconf 84' lang='lat' dir='ltr'><strong>culis</strong></span> <span class='ocrx_word' id='word_1_510' title='bbox 2149 3589 2408 3645; x_wconf 84' lang='lat' dir='ltr'><strong>evolaret.</strong></span> 
     </span>
    </p>
   </div>
   <div class='ocr_carea' id='block_1_80' title="bbox 2372 3682 3170 3754">
    <p class='ocr_par' dir='ltr' id='par_1_80' title="bbox 2372 3682 3170 3754">
     <span class='ocr_line' id='line_1_80' title="bbox 2372 3682 3170 3754; baseline 0.001 -17"><span class='ocrx_word' id='word_1_511' title='bbox 2372 3684 2458 3737; x_wconf 88' lang='grc'><strong>17.</strong></span> <span class='ocrx_word' id='word_1_512' title='bbox 2508 3682 2579 3736; x_wconf 90' lang='lat' dir='ltr'><strong>De</strong></span> <span class='ocrx_word' id='word_1_513' title='bbox 2608 3682 2746 3752; x_wconf 79' lang='lat' dir='ltr'><strong>fabis</strong></span> <span class='ocrx_word' id='word_1_514' title='bbox 2779 3682 3170 3754; x_wconf 74' lang='lat' dir='ltr'><strong>Pytizaqoncis.</strong></span> 
     </span>
    </p>
   </div>
   <div class='ocr_carea' id='block_1_81' title="bbox 2052 3795 3559 3869">
    <p class='ocr_par' dir='ltr' id='par_1_81' title="bbox 2052 3795 3559 3869">
     <span class='ocr_line' id='line_1_81' title="bbox 2052 3795 3559 3869; baseline 0.003 -19"><span class='ocrx_word' id='word_1_515' title='bbox 2052 3795 2518 3869; x_wconf 79' lang='lat' dir='ltr'><strong>Pythagoreorum</strong></span> <span class='ocrx_word' id='word_1_516' title='bbox 2557 3806 2706 3853; x_wconf 88' lang='lat' dir='ltr'><strong>secta</strong></span> <span class='ocrx_word' id='word_1_517' title='bbox 2759 3814 2788 3852; x_wconf 90' lang='lat' dir='ltr'><strong>a</strong></span> <span class='ocrx_word' id='word_1_518' title='bbox 2820 3797 3126 3868; x_wconf 79' lang='lat' dir='ltr'><strong>Pythagora</strong></span> <span class='ocrx_word' id='word_1_519' title='bbox 3166 3798 3352 3852; x_wconf 81' lang='lat' dir='ltr'><strong>Saluio</strong></span> <span class='ocrx_word' id='word_1_520' title='bbox 3382 3797 3559 3856; x_wconf 81' lang='lat' dir='ltr'><strong>ﬂuxit.</strong></span> 
     </span>
    </p>
   </div>
   <div class='ocr_carea' id='block_1_82' title="bbox 1984 3890 3566 3961">
    <p class='ocr_par' dir='ltr' id='par_1_82' title="bbox 1984 3890 3566 3961">
     <span class='ocr_line' id='line_1_82' title="bbox 1984 3890 3566 3961; baseline 0.001 -17"><span class='ocrx_word' id='word_1_521' title='bbox 1984 3890 2086 3957; x_wconf 83' lang='lat' dir='ltr'><strong>Qui</strong></span> <span class='ocrx_word' id='word_1_522' title='bbox 2122 3900 2303 3945; x_wconf 89' lang='lat' dir='ltr'><strong>autem</strong></span> <span class='ocrx_word' id='word_1_523' title='bbox 2335 3891 2609 3961; x_wconf 86' lang='lat' dir='ltr'><strong>ejusmodi</strong></span> <span class='ocrx_word' id='word_1_524' title='bbox 2659 3900 2821 3946; x_wconf 55' lang='lat' dir='ltr'><strong>secta‘</strong></span> <span class='ocrx_word' id='word_1_525' title='bbox 2854 3906 2977 3946; x_wconf 84' lang='lat' dir='ltr'><strong>sese</strong></span> <span class='ocrx_word' id='word_1_526' title='bbox 3010 3892 3357 3954; x_wconf 83' lang='lat' dir='ltr'><strong>addixeram,</strong></span> <span class='ocrx_word' id='word_1_527' title='bbox 3390 3892 3566 3961; x_wconf 62' lang='lat' dir='ltr'><strong>pliilov</strong></span> 
     </span>
    </p>
   </div>
   <div class='ocr_carea' id='block_1_83' title="bbox 1983 3981 3564 4053">
    <p class='ocr_par' dir='ltr' id='par_1_83' title="bbox 1983 3981 3564 4053">
     <span class='ocr_line' id='line_1_83' title="bbox 1983 3981 3564 4053; baseline -0.001 -17"><span class='ocrx_word' id='word_1_528' title='bbox 1983 3981 2190 4050; x_wconf 70' lang='lat' dir='ltr'><strong>sephize</strong></span> <span class='ocrx_word' id='word_1_529' title='bbox 2220 3982 2477 4051; x_wconf 81' lang='lat' dir='ltr'><strong>dogmata</strong></span> <span class='ocrx_word' id='word_1_530' title='bbox 2509 3997 2603 4050; x_wconf 90' lang='lat' dir='ltr'><strong>per</strong></span> <span class='ocrx_word' id='word_1_531' title='bbox 2634 3982 2879 4053; x_wconf 80' lang='lat' dir='ltr'><strong>symbola</strong></span> <span class='ocrx_word' id='word_1_532' title='bbox 2916 3982 3161 4050; x_wconf 54' lang='lat' dir='ltr'><strong>quaedam</strong></span> <span class='ocrx_word' id='word_1_533' title='bbox 3194 3991 3247 4035; x_wconf 88' lang='lat' dir='ltr'><strong>et</strong></span> <span class='ocrx_word' id='word_1_534' title='bbox 3276 3982 3564 4051; x_wconf 64' lang='lat' dir='ltr'><strong>mnigmata</strong></span> 
     </span>
    </p>
   </div>
   <div class='ocr_carea' id='block_1_84' title="bbox 1982 4072 3564 4143">
    <p class='ocr_par' dir='ltr' id='par_1_84' title="bbox 1982 4072 3564 4143">
     <span class='ocr_line' id='line_1_84' title="bbox 1982 4072 3564 4143; baseline 0 -18"><span class='ocrx_word' id='word_1_535' title='bbox 1982 4073 2291 4128; x_wconf 74' lang='lat' dir='ltr'><strong>discebant.</strong></span> <span class='ocrx_word' id='word_1_536' title='bbox 2346 4072 2493 4127; x_wconf 85' lang='lat' dir='ltr'><strong>Inter</strong></span> <span class='ocrx_word' id='word_1_537' title='bbox 2544 4074 2647 4127; x_wconf 90' lang='lat' dir='ltr'><strong>alia</strong></span> <span class='ocrx_word' id='word_1_538' title='bbox 2685 4082 2866 4127; x_wconf 83' lang='lat' dir='ltr'><strong>autem</strong></span> <span class='ocrx_word' id='word_1_539' title='bbox 2917 4074 3023 4127; x_wconf 90' lang='lat' dir='ltr'><strong>hoc</strong></span> <span class='ocrx_word' id='word_1_540' title='bbox 3069 4088 3287 4143; x_wconf 86' lang='lat' dir='ltr'><strong>quoque</strong></span> <span class='ocrx_word' id='word_1_541' title='bbox 3334 4073 3564 4142; x_wconf 79' lang='lat' dir='ltr'><strong>:nuigma</strong></span> 
     </span>
    </p>
   </div>
   <div class='ocr_carea' id='block_1_85' title="bbox 1983 4164 3566 4237">
    <p class='ocr_par' dir='ltr' id='par_1_85' title="bbox 1983 4164 3566 4237">
     <span class='ocr_line' id='line_1_85' title="bbox 1983 4164 3566 4237; baseline -0.003 -16"><span class='ocrx_word' id='word_1_542' title='bbox 1983 4166 2119 4237; x_wconf 89' lang='lat' dir='ltr'><strong>ipsis</strong></span> <span class='ocrx_word' id='word_1_543' title='bbox 2153 4166 2491 4229; x_wconf 84' lang='lat' dir='ltr'><strong>tradebatur,</strong></span> <span class='ocrx_word' id='word_1_544' title='bbox 2543 4167 2696 4219; x_wconf 89' lang='lat' dir='ltr'><strong>I&#39;abas</strong></span> <span class='ocrx_word' id='word_1_545' title='bbox 2739 4166 2965 4219; x_wconf 89' lang='lat' dir='ltr'><strong>minime</strong></span> <span class='ocrx_word' id='word_1_546' title='bbox 2995 4164 3237 4219; x_wconf 83' lang='lat' dir='ltr'><strong>edendas</strong></span> <span class='ocrx_word' id='word_1_547' title='bbox 3282 4180 3424 4225; x_wconf 87' lang='lat' dir='ltr'><strong>esse,</strong></span> <span class='ocrx_word' id='word_1_548' title='bbox 3462 4166 3566 4218; x_wconf 88' lang='lat' dir='ltr'><strong>hoc</strong></span> 
     </span>
    </p>
   </div>
   <div class='ocr_carea' id='block_1_86' title="bbox 1983 4257 3563 4329">
    <p class='ocr_par' dir='ltr' id='par_1_86' title="bbox 1983 4257 3563 4329">
     <span class='ocr_line' id='line_1_86' title="bbox 1983 4257 3563 4329; baseline -0.003 -14"><span class='ocrx_word' id='word_1_549' title='bbox 1983 4270 2087 4325; x_wconf 88' lang='lat' dir='ltr'><strong>est,</strong></span> <span class='ocrx_word' id='word_1_550' title='bbox 2113 4276 2220 4313; x_wconf 89' lang='lat' dir='ltr'><strong>non</strong></span> <span class='ocrx_word' id='word_1_551' title='bbox 2249 4274 2370 4313; x_wconf 90' lang='lat' dir='ltr'><strong>esse</strong></span> <span class='ocrx_word' id='word_1_552' title='bbox 2398 4259 2738 4329; x_wconf 85' lang='lat' dir='ltr'><strong>prodendum</strong></span> <span class='ocrx_word' id='word_1_553' title='bbox 2763 4259 2875 4327; x_wconf 85' lang='lat' dir='ltr'><strong>jus,</strong></span> <span class='ocrx_word' id='word_1_554' title='bbox 2908 4273 3009 4311; x_wconf 88' lang='lat' dir='ltr'><strong>nec</strong></span> <span class='ocrx_word' id='word_1_555' title='bbox 3031 4257 3369 4325; x_wconf 86' lang='lat' dir='ltr'><strong>judiciorum</strong></span> <span class='ocrx_word' id='word_1_556' title='bbox 3406 4258 3563 4311; x_wconf 81' lang='lat' dir='ltr'><strong>[idem</strong></span> 
     </span>
    </p>
   </div>
   <div class='ocr_carea' id='block_1_87' title="bbox 294 4352 1892 4450">
    <p class='ocr_par' dir='ltr' id='par_1_87' title="bbox 294 4352 1871 4445">
     <span class='ocr_line' id='line_1_87' title="bbox 294 4352 1871 4445; baseline -0.009 -14"><span class='ocrx_word' id='word_1_557' title='bbox 294 4352 492 4445; x_wconf 51' lang='lat' dir='ltr'><strong>laneum;</strong></span> <span class='ocrx_word' id='word_1_558' title='bbox 518 4373 751 4445; x_wconf 78' lang='grc' dir='ltr'>κυάμοις</span> <span class='ocrx_word' id='word_1_559' title='bbox 781 4370 1024 4443; x_wconf 73' lang='grc' dir='ltr'>ἐχρῶντο</span> <span class='ocrx_word' id='word_1_560' title='bbox 1050 4371 1186 4442; x_wconf 81' lang='grc' dir='ltr'>πρὸς</span> <span class='ocrx_word' id='word_1_561' title='bbox 1218 4369 1540 4440; x_wconf 84' lang='grc' dir='ltr'>κατάκρισιν</span> <span class='ocrx_word' id='word_1_562' title='bbox 1569 4370 1626 4421; x_wconf 81' lang='grc' dir='ltr'><strong>ὲν</strong></span> <span class='ocrx_word' id='word_1_563' title='bbox 1654 4369 1763 4429; x_wconf 80' lang='grc' dir='ltr'>τοῖς</span> <span class='ocrx_word' id='word_1_564' title='bbox 1793 4365 1871 4418; x_wconf 87' lang='grc' dir='ltr'>δι-</span> 
     </span>
    </p>
   </div>
   <div class='ocr_carea' id='block_1_88' title="bbox 1984 4352 3564 4450">
    <p class='ocr_par' dir='ltr' id='par_1_88' title="bbox 1984 4352 3564 4424">
     <span class='ocr_line' id='line_1_88' title="bbox 1984 4352 3564 4424; baseline -0.002 -15"><span class='ocrx_word' id='word_1_565' title='bbox 1984 4354 2218 4424; x_wconf 84' lang='lat' dir='ltr'><strong>pecunia</strong></span> <span class='ocrx_word' id='word_1_566' title='bbox 2268 4352 2735 4408; x_wconf 88' lang='lat' dir='ltr'><strong>commutandam.</strong></span> <span class='ocrx_word' id='word_1_567' title='bbox 2802 4352 2942 4407; x_wconf 89' lang='lat' dir='ltr'><strong>Olim</strong></span> <span class='ocrx_word' id='word_1_568' title='bbox 3006 4353 3148 4405; x_wconf 85' lang='lat' dir='ltr'><strong>enim</strong></span> <span class='ocrx_word' id='word_1_569' title='bbox 3199 4353 3564 4408; x_wconf 83' lang='lat' dir='ltr'><strong>Atheuienses</strong></span> 
     </span>
    </p>
   </div>
   <div class='ocr_carea' id='block_1_89' title="bbox 295 4444 1892 4536">
    <p class='ocr_par' dir='ltr' id='par_1_89' title="bbox 295 4456 1876 4536">
     <span class='ocr_line' id='line_1_89' title="bbox 295 4456 1876 4536; baseline -0.006 -17"><span class='ocrx_word' id='word_1_570' title='bbox 295 4464 642 4536; x_wconf 84' lang='grc' dir='ltr'>καστηρίοις.</span> <span class='ocrx_word' id='word_1_571' title='bbox 669 4466 837 4533; x_wconf 80' lang='grc' dir='ltr'>Φησὶν</span> <span class='ocrx_word' id='word_1_572' title='bbox 871 4459 983 4529; x_wconf 79' lang='grc' dir='ltr'>οὖν,</span> <span class='ocrx_word' id='word_1_573' title='bbox 1027 4464 1090 4515; x_wconf 82' lang='grc' dir='ltr'>ὲκ</span> <span class='ocrx_word' id='word_1_574' title='bbox 1127 4462 1236 4515; x_wconf 83' lang='grc' dir='ltr'><strong>τῶν</strong></span> <span class='ocrx_word' id='word_1_575' title='bbox 1268 4462 1497 4532; x_wconf 85' lang='grc' dir='ltr'>κυάμων</span> <span class='ocrx_word' id='word_1_576' title='bbox 1528 4459 1636 4513; x_wconf 80' lang='grc' dir='ltr'><strong>τῶν</strong></span> <span class='ocrx_word' id='word_1_577' title='bbox 1683 4460 1745 4511; x_wconf 77' lang='grc' dir='ltr'>ἐκ</span> <span class='ocrx_word' id='word_1_578' title='bbox 1782 4456 1876 4510; x_wconf 79' lang='grc' dir='ltr'>τοῦ</span> 
     </span>
    </p>
   </div>
   <div class='ocr_carea' id='block_1_90' title="bbox 1984 4444 3565 4536">
    <p class='ocr_par' dir='ltr' id='par_1_90' title="bbox 1984 4444 3565 4519">
     <span class='ocr_line' id='line_1_90' title="bbox 1984 4444 3565 4519; baseline -0.004 -16"><span class='ocrx_word' id='word_1_579' title='bbox 1984 4448 2192 4519; x_wconf 88' lang='lat' dir='ltr'><strong>iudices</strong></span> <span class='ocrx_word' id='word_1_580' title='bbox 2232 4446 2299 4500; x_wconf 91' lang='lat' dir='ltr'><strong>ad</strong></span> <span class='ocrx_word' id='word_1_581' title='bbox 2340 4446 2682 4515; x_wconf 86' lang='lat' dir='ltr'><strong>proditorum</strong></span> <span class='ocrx_word' id='word_1_582' title='bbox 2713 4446 3228 4499; x_wconf 85' lang='lat' dir='ltr'><strong>condemnationem</strong></span> <span class='ocrx_word' id='word_1_583' title='bbox 3269 4444 3406 4499; x_wconf 83' lang='lat' dir='ltr'><strong>fabis</strong></span> <span class='ocrx_word' id='word_1_584' title='bbox 3450 4446 3565 4498; x_wconf 88' lang='lat' dir='ltr'><strong>cal-</strong></span> 
     </span>
    </p>
   </div>
   <div class='ocr_carea' id='block_1_91' title="bbox 294 4555 1155 4627">
    <p class='ocr_par' dir='ltr' id='par_1_91' title="bbox 294 4555 1155 4627">
     <span class='ocr_line' id='line_1_91' title="bbox 294 4555 1155 4627; baseline -0.002 -17"><span class='ocrx_word' id='word_1_585' title='bbox 294 4556 655 4627; x_wconf 82' lang='grc' dir='ltr'>δικαστηρίου</span> <span class='ocrx_word' id='word_1_586' title='bbox 690 4557 763 4627; x_wconf 83' lang='grc' dir='ltr'>μὴ</span> <span class='ocrx_word' id='word_1_587' title='bbox 795 4557 903 4609; x_wconf 87' lang='grc' dir='ltr'>δεῖν</span> <span class='ocrx_word' id='word_1_588' title='bbox 932 4555 1155 4609; x_wconf 79' lang='grc' dir='ltr'>ἐσθίειν.</span> 
     </span>
    </p>
   </div>
   <div class='ocr_carea' id='block_1_92' title="bbox 779 4749 1368 4825">
    <p class='ocr_par' dir='ltr' id='par_1_92' title="bbox 779 4749 1368 4825">
     <span class='ocr_line' id='line_1_92' title="bbox 779 4749 1368 4825; baseline -0.002 -18"><span class='ocrx_word' id='word_1_589' title='bbox 779 4760 866 4825; x_wconf 86' lang='grc' dir='ltr'>ιη’.</span> <span class='ocrx_word' id='word_1_590' title='bbox 910 4753 1046 4819; x_wconf 78' lang='grc' dir='ltr'>Περὶ</span> <span class='ocrx_word' id='word_1_591' title='bbox 1089 4749 1368 4819; x_wconf 71' lang='grc' dir='ltr'><strong>Θεανοῦς.</strong></span> 
     </span>
    </p>
   </div>
   <div class='ocr_carea' id='block_1_93' title="bbox 371 4862 1879 4937">
    <p class='ocr_par' dir='ltr' id='par_1_93' title="bbox 371 4862 1879 4937">
     <span class='ocr_line' id='line_1_93' title="bbox 371 4862 1879 4937; baseline -0.004 -16"><span class='ocrx_word' id='word_1_592' title='bbox 371 4867 522 4937; x_wconf 76' lang='grc' dir='ltr'>Αὕτη</span> <span class='ocrx_word' id='word_1_593' title='bbox 562 4868 597 4937; x_wconf 82' lang='grc' dir='ltr'>ἡ</span> <span class='ocrx_word' id='word_1_594' title='bbox 636 4863 824 4918; x_wconf 86' lang='grc' dir='ltr'>Θεανὼ</span> <span class='ocrx_word' id='word_1_595' title='bbox 869 4864 973 4916; x_wconf 82' lang='grc' dir='ltr'>ὑπὸ</span> <span class='ocrx_word' id='word_1_596' title='bbox 1005 4865 1268 4935; x_wconf 78' lang='grc' dir='ltr'>τυράννου</span> <span class='ocrx_word' id='word_1_597' title='bbox 1316 4864 1613 4935; x_wconf 77' lang='grc' dir='ltr'>συνεσχέθη</span> <span class='ocrx_word' id='word_1_598' title='bbox 1671 4864 1764 4916; x_wconf 64' lang='grc' dir='ltr'>ἐπὶ</span> <span class='ocrx_word' id='word_1_599' title='bbox 1798 4862 1879 4933; x_wconf 81' lang='grc' dir='ltr'><strong>τῷ</strong></span> 
     </span>
    </p>
   </div>
   <div class='ocr_carea' id='block_1_94' title="bbox 300 4955 1877 5029">
    <p class='ocr_par' dir='ltr' id='par_1_94' title="bbox 300 4955 1877 5029">
     <span class='ocr_line' id='line_1_94' title="bbox 300 4955 1877 5029; baseline -0.004 -15"><span class='ocrx_word' id='word_1_600' title='bbox 300 4957 481 5014; x_wconf 73' lang='grc' dir='ltr'>εἰπεῖν</span> <span class='ocrx_word' id='word_1_601' title='bbox 510 4958 610 5028; x_wconf 84' lang='grc' dir='ltr'>τῆς</span> <span class='ocrx_word' id='word_1_602' title='bbox 640 4956 899 5027; x_wconf 83' lang='grc' dir='ltr'>πατρίδος</span> <span class='ocrx_word' id='word_1_603' title='bbox 923 4955 991 5009; x_wconf 86' lang='grc' dir='ltr'><strong>τὰ</strong></span> <span class='ocrx_word' id='word_1_604' title='bbox 1020 4956 1307 5029; x_wconf 75' lang='grc' dir='ltr'>ἀπόρρητα</span> <span class='ocrx_word' id='word_1_605' title='bbox 1327 4971 1341 4986; x_wconf 86' lang='grc'><strong>·</strong></span> <span class='ocrx_word' id='word_1_606' title='bbox 1372 4956 1466 5008; x_wconf 81' lang='grc' dir='ltr'><strong>καὶ</strong></span> <span class='ocrx_word' id='word_1_607' title='bbox 1513 4956 1585 5027; x_wconf 80' lang='grc' dir='ltr'><strong>μὴ</strong></span> <span class='ocrx_word' id='word_1_608' title='bbox 1628 4955 1877 5020; x_wconf 83' lang='grc' dir='ltr'>θέλουσα,</span> 
     </span>
    </p>
   </div>
   <div class='ocr_carea' id='block_1_95' title="bbox 299 5045 1881 5121">
    <p class='ocr_par' dir='ltr' id='par_1_95' title="bbox 299 5045 1881 5121">
     <span class='ocr_line' id='line_1_95' title="bbox 299 5045 1881 5121; baseline -0.003 -17"><span class='ocrx_word' id='word_1_609' title='bbox 299 5053 404 5121; x_wconf 81' lang='grc' dir='ltr'>τὴν</span> <span class='ocrx_word' id='word_1_610' title='bbox 430 5050 635 5120; x_wconf 79' lang='grc' dir='ltr'>ἑαυτῆς</span> <span class='ocrx_word' id='word_1_611' title='bbox 670 5047 918 5118; x_wconf 80' lang='grc' dir='ltr'>γλῶτταν</span> <span class='ocrx_word' id='word_1_612' title='bbox 952 5045 1324 5111; x_wconf 79' lang='grc' dir='ltr'>άποδακοῦσα,</span> <span class='ocrx_word' id='word_1_613' title='bbox 1364 5046 1630 5100; x_wconf 80' lang='grc' dir='ltr'>ὲνὲπτυσε</span> <span class='ocrx_word' id='word_1_614' title='bbox 1675 5048 1753 5117; x_wconf 80' lang='grc' dir='ltr'><strong>τῷ</strong></span> <span class='ocrx_word' id='word_1_615' title='bbox 1788 5063 1881 5100; x_wconf 82' lang='grc' dir='ltr'><strong>τυ-</strong></span> 
     </span>
    </p>
   </div>
   <div class='ocr_carea' id='block_1_96' title="bbox 306 5143 508 5213">
    <p class='ocr_par' dir='ltr' id='par_1_96' title="bbox 306 5143 508 5213">
     <span class='ocr_line' id='line_1_96' title="bbox 306 5143 508 5213; baseline 0 -18"><span class='ocrx_word' id='word_1_616' title='bbox 306 5143 486 5213; x_wconf 76' lang='grc' dir='ltr'>ράννῳ</span> <span class='ocrx_word' id='word_1_617' title='bbox 495 5181 508 5195; x_wconf 93' lang='grc'><strong>.</strong></span> 
     </span>
    </p>
   </div>
   <div class='ocr_carea' id='block_1_97' title="bbox 720 5247 1455 5318">
    <p class='ocr_par' dir='ltr' id='par_1_97' title="bbox 720 5247 1455 5318">
     <span class='ocr_line' id='line_1_97' title="bbox 720 5247 1455 5318; baseline 0.001 -16"><span class='ocrx_word' id='word_1_618' title='bbox 720 5250 805 5302; x_wconf 81' lang='grc' dir='ltr'>ιθ¹.</span> <span class='ocrx_word' id='word_1_619' title='bbox 848 5249 986 5315; x_wconf 77' lang='grc' dir='ltr'><strong>Περί</strong></span> <span class='ocrx_word' id='word_1_620' title='bbox 1030 5247 1455 5318; x_wconf 75' lang='grc' dir='ltr'><strong>Ἐπαμινώνδα.</strong></span> 
     </span>
    </p>
   </div>
   <div class='ocr_carea' id='block_1_98' title="bbox 389 5358 1883 5434">
    <p class='ocr_par' dir='ltr' id='par_1_98' title="bbox 389 5358 1883 5434">
     <span class='ocr_line' id='line_1_98' title="bbox 389 5358 1883 5434; baseline -0.001 -18"><span class='ocrx_word' id='word_1_621' title='bbox 389 5365 448 5416; x_wconf 84' lang='grc' dir='ltr'><em>ὐ</em></span> <span class='ocrx_word' id='word_1_622' title='bbox 490 5363 898 5433; x_wconf 82' lang='grc' dir='ltr'>Ἐπαμινώνδας</span> <span class='ocrx_word' id='word_1_623' title='bbox 922 5362 981 5415; x_wconf 77' lang='grc' dir='ltr'>τὸ</span> <span class='ocrx_word' id='word_1_624' title='bbox 1011 5363 1165 5430; x_wconf 78' lang='grc' dir='ltr'>γένος</span> <span class='ocrx_word' id='word_1_625' title='bbox 1182 5358 1250 5434; x_wconf 74' lang='grc' dir='ltr'>ἦν</span> <span class='ocrx_word' id='word_1_626' title='bbox 1282 5362 1540 5432; x_wconf 82' lang='grc' dir='ltr'>Θηϐαῖος,</span> <span class='ocrx_word' id='word_1_627' title='bbox 1574 5363 1883 5432; x_wconf 76' lang='grc' dir='ltr'>στρατηγὸς</span> 
     </span>
    </p>
   </div>
   <div class='ocr_carea' id='block_1_99' title="bbox 308 5453 1879 5526">
    <p class='ocr_par' dir='ltr' id='par_1_99' title="bbox 308 5453 1879 5526">
     <span class='ocr_line' id='line_1_99' title="bbox 308 5453 1879 5526; baseline -0.002 -17"><span class='ocrx_word' id='word_1_628' title='bbox 308 5456 587 5526; x_wconf 84' lang='grc' dir='ltr'>μέγιστος,</span> <span class='ocrx_word' id='word_1_629' title='bbox 618 5458 647 5510; x_wconf 86' lang='grc' dir='ltr'>ὁ</span> <span class='ocrx_word' id='word_1_630' title='bbox 685 5455 1015 5526; x_wconf 83' lang='grc' dir='ltr'>ἀριστεύσας</span> <span class='ocrx_word' id='word_1_631' title='bbox 1054 5457 1112 5507; x_wconf 82' lang='grc' dir='ltr'>ἐν</span> <span class='ocrx_word' id='word_1_632' title='bbox 1144 5455 1222 5525; x_wconf 82' lang='grc' dir='ltr'>τῷ</span> <span class='ocrx_word' id='word_1_633' title='bbox 1266 5453 1588 5525; x_wconf 83' lang='grc' dir='ltr'>Λευκτρικῷ</span> <span class='ocrx_word' id='word_1_634' title='bbox 1633 5454 1879 5525; x_wconf 81' lang='grc' dir='ltr'>πολέμῳ,</span> 
     </span>
    </p>
   </div>
   <div class='ocr_carea' id='block_1_100' title="bbox 308 5542 1880 5623">
    <p class='ocr_par' dir='ltr' id='par_1_100' title="bbox 308 5542 1880 5623">
     <span class='ocr_line' id='line_1_100' title="bbox 308 5542 1880 5623; baseline -0.001 -21"><span class='ocrx_word' id='word_1_635' title='bbox 308 5549 560 5623; x_wconf 79' lang='grc' dir='ltr'>μαθητὴς</span> <span class='ocrx_word' id='word_1_636' title='bbox 603 5549 897 5619; x_wconf 88' lang='grc' dir='ltr'>γενόμενος</span> <span class='ocrx_word' id='word_1_637' title='bbox 928 5549 1184 5602; x_wconf 85' lang='grc' dir='ltr'>Φιλολάου</span> <span class='ocrx_word' id='word_1_638' title='bbox 1216 5548 1311 5600; x_wconf 79' lang='grc' dir='ltr'><strong>τοῦ</strong></span> <span class='ocrx_word' id='word_1_639' title='bbox 1348 5546 1736 5617; x_wconf 78' lang='grc' dir='ltr'>Πυθαγορείου.</span> <span class='ocrx_word' id='word_1_640' title='bbox 1776 5542 1880 5601; x_wconf 71' lang='grc' dir='ltr'><strong>Οὗ-</strong></span> 
     </span>
    </p>
   </div>
   <div class='ocr_carea' id='block_1_101' title="bbox 304 5640 1880 5713">
    <p class='ocr_par' dir='ltr' id='par_1_101' title="bbox 304 5640 1880 5713">
     <span class='ocr_line' id='line_1_101' title="bbox 304 5640 1880 5713; baseline -0.002 -14"><span class='ocrx_word' id='word_1_641' title='bbox 304 5659 401 5707; x_wconf 75' lang='grc' dir='ltr'>τος</span> <span class='ocrx_word' id='word_1_642' title='bbox 423 5641 673 5712; x_wconf 81' lang='grc' dir='ltr'>πολεμῶν</span> <span class='ocrx_word' id='word_1_643' title='bbox 703 5641 1086 5713; x_wconf 72' lang='grc' dir='ltr'>ὲνεοκρατεύετο</span> <span class='ocrx_word' id='word_1_644' title='bbox 1119 5641 1259 5695; x_wconf 81' lang='grc' dir='ltr'>πάνυ</span> <span class='ocrx_word' id='word_1_645' title='bbox 1300 5642 1391 5695; x_wconf 74' lang='grc' dir='ltr'><strong>καὶ</strong></span> <span class='ocrx_word' id='word_1_646' title='bbox 1420 5641 1530 5695; x_wconf 77' lang='grc' dir='ltr'><strong>ἀπὸ</strong></span> <span class='ocrx_word' id='word_1_647' title='bbox 1566 5640 1880 5713; x_wconf 79' lang='grc' dir='ltr'>βρωμάτων</span> 
     </span>
    </p>
   </div>
   <div class='ocr_carea' id='block_1_102' title="bbox 377 5752 1276 5822">
    <p class='ocr_par' dir='ltr' id='par_1_102' title="bbox 377 5752 1276 5822">
     <span class='ocr_line' id='line_1_102' title="bbox 377 5752 1276 5822; baseline 0.004 -15"><span class='ocrx_word' id='word_1_648' title='bbox 377 5754 457 5819; x_wconf 75' lang='grc'><strong>(1)</strong></span> <span class='ocrx_word' id='word_1_649' title='bbox 491 5753 613 5809; x_wconf 69' lang='lat' dir='ltr'><strong>llaec</strong></span> <span class='ocrx_word' id='word_1_650' title='bbox 640 5752 838 5810; x_wconf 85' lang='lat' dir='ltr'><strong>desunt</strong></span> <span class='ocrx_word' id='word_1_651' title='bbox 871 5755 1011 5822; x_wconf 85' lang='lat' dir='ltr'><strong>apud</strong></span> <span class='ocrx_word' id='word_1_652' title='bbox 1041 5755 1276 5812; x_wconf 81' lang='lat' dir='ltr'><strong>Biluum.</strong></span> 
     </span>
    </p>
   </div>
   <div class='ocr_carea' id='block_1_103' title="bbox 1979 4536 3560 4610">
    <p class='ocr_par' dir='ltr' id='par_1_103' title="bbox 1979 4536 3560 4610">
     <span class='ocr_line' id='line_1_103' title="bbox 1979 4536 3560 4610; baseline -0.001 -17"><span class='ocrx_word' id='word_1_653' title='bbox 1979 4540 2231 4593; x_wconf 91' lang='lat' dir='ltr'><strong>culorum</strong></span> <span class='ocrx_word' id='word_1_654' title='bbox 2263 4537 2387 4593; x_wconf 89' lang='lat' dir='ltr'><strong>loco</strong></span> <span class='ocrx_word' id='word_1_655' title='bbox 2416 4539 2731 4594; x_wconf 84' lang='lat' dir='ltr'><strong>utebantur.</strong></span> <span class='ocrx_word' id='word_1_656' title='bbox 2761 4537 3045 4593; x_wconf 91' lang='lat' dir='ltr'><strong>lnterdicit</strong></span> <span class='ocrx_word' id='word_1_657' title='bbox 3076 4552 3206 4610; x_wconf 81' lang='lat' dir='ltr'><strong>ergo</strong></span> <span class='ocrx_word' id='word_1_658' title='bbox 3236 4538 3351 4593; x_wconf 82' lang='lat' dir='ltr'><strong>suis</strong></span> <span class='ocrx_word' id='word_1_659' title='bbox 3373 4536 3560 4609; x_wconf 78' lang='lat' dir='ltr'><strong>Pytha-</strong></span> 
     </span>
    </p>
   </div>
   <div class='ocr_carea' id='block_1_104' title="bbox 1977 4629 2964 4702">
    <p class='ocr_par' dir='ltr' id='par_1_104' title="bbox 1977 4629 2964 4702">
     <span class='ocr_line' id='line_1_104' title="bbox 1977 4629 2964 4702; baseline 0.002 -18"><span class='ocrx_word' id='word_1_660' title='bbox 1977 4645 2141 4702; x_wconf 83' lang='lat' dir='ltr'><strong>goras</strong></span> <span class='ocrx_word' id='word_1_661' title='bbox 2172 4646 2238 4685; x_wconf 91' lang='lat' dir='ltr'><strong>ne</strong></span> <span class='ocrx_word' id='word_1_662' title='bbox 2271 4630 2564 4700; x_wconf 78' lang='lat' dir='ltr'><strong>judiciales</strong></span> <span class='ocrx_word' id='word_1_663' title='bbox 2593 4629 2750 4686; x_wconf 80' lang='lat' dir='ltr'><strong>fabas</strong></span> <span class='ocrx_word' id='word_1_664' title='bbox 2779 4631 2964 4686; x_wconf 88' lang='lat' dir='ltr'><strong>edant.</strong></span> 
     </span>
    </p>
   </div>
   <div class='ocr_carea' id='block_1_105' title="bbox 2478 4741 3067 4813">
    <p class='ocr_par' dir='ltr' id='par_1_105' title="bbox 2478 4741 3067 4813">
     <span class='ocr_line' id='line_1_105' title="bbox 2478 4741 3067 4813; baseline 0.005 -19"><span class='ocrx_word' id='word_1_665' title='bbox 2478 4741 2565 4797; x_wconf 85' lang='grc'><strong>18.</strong></span> <span class='ocrx_word' id='word_1_666' title='bbox 2607 4741 2684 4796; x_wconf 78' lang='lat' dir='ltr'><strong>lle</strong></span> <span class='ocrx_word' id='word_1_667' title='bbox 2722 4742 2934 4797; x_wconf 79' lang='lat' dir='ltr'><strong>Theano</strong></span> <span class='ocrx_word' id='word_1_668' title='bbox 2969 4744 3067 4813; x_wconf 82' lang='grc'><strong>(1).</strong></span> 
     </span>
    </p>
   </div>
   <div class='ocr_carea' id='block_1_106' title="bbox 2061 4854 3567 4925">
    <p class='ocr_par' dir='ltr' id='par_1_106' title="bbox 2061 4854 3567 4925">
     <span class='ocr_line' id='line_1_106' title="bbox 2061 4854 3567 4925; baseline 0.003 -18"><span class='ocrx_word' id='word_1_669' title='bbox 2061 4854 2308 4918; x_wconf 87' lang='lat' dir='ltr'><strong>Theano,</strong></span> <span class='ocrx_word' id='word_1_670' title='bbox 2342 4869 2465 4910; x_wconf 90' lang='lat' dir='ltr'><strong>cum</strong></span> <span class='ocrx_word' id='word_1_671' title='bbox 2496 4870 2524 4909; x_wconf 91' lang='lat' dir='ltr'><strong>a</strong></span> <span class='ocrx_word' id='word_1_672' title='bbox 2554 4863 2791 4925; x_wconf 80' lang='lat' dir='ltr'><strong>tyranno</strong></span> <span class='ocrx_word' id='word_1_673' title='bbox 2818 4856 3052 4910; x_wconf 86' lang='lat' dir='ltr'><strong>vinculis</strong></span> <span class='ocrx_word' id='word_1_674' title='bbox 3083 4855 3384 4910; x_wconf 84' lang='lat' dir='ltr'><strong>constricta</strong></span> <span class='ocrx_word' id='word_1_675' title='bbox 3417 4864 3567 4913; x_wconf 83' lang='lat' dir='ltr'><strong>tene-</strong></span> 
     </span>
    </p>
   </div>
   <div class='ocr_carea' id='block_1_107' title="bbox 1990 4948 3561 5017">
    <p class='ocr_par' dir='ltr' id='par_1_107' title="bbox 1990 4948 3561 5017">
     <span class='ocr_line' id='line_1_107' title="bbox 1990 4948 3561 5017; baseline -0.001 -14"><span class='ocrx_word' id='word_1_676' title='bbox 1990 4957 2141 5003; x_wconf 88' lang='lat' dir='ltr'><strong>retur</strong></span> <span class='ocrx_word' id='word_1_677' title='bbox 2178 4956 2236 5002; x_wconf 91' lang='lat' dir='ltr'><strong>ut</strong></span> <span class='ocrx_word' id='word_1_678' title='bbox 2278 4948 2471 5017; x_wconf 63' lang='lat' dir='ltr'><strong>patriae</strong></span> <span class='ocrx_word' id='word_1_679' title='bbox 2505 4956 2715 5004; x_wconf 86' lang='lat' dir='ltr'><strong>secreta</strong></span> <span class='ocrx_word' id='word_1_680' title='bbox 2750 4948 3075 5015; x_wconf 80' lang='lat' dir='ltr'><strong>declararet,</strong></span> <span class='ocrx_word' id='word_1_681' title='bbox 3122 4956 3175 5003; x_wconf 89' lang='lat' dir='ltr'><strong>et</strong></span> <span class='ocrx_word' id='word_1_682' title='bbox 3210 4949 3398 5011; x_wconf 89' lang='lat' dir='ltr'><strong>nollet,</strong></span> <span class='ocrx_word' id='word_1_683' title='bbox 3447 4950 3561 5017; x_wconf 81' lang='lat' dir='ltr'><strong>ipsa</strong></span> 
     </span>
    </p>
   </div>
   <div class='ocr_carea' id='block_1_108' title="bbox 1990 5039 3569 5113">
    <p class='ocr_par' dir='ltr' id='par_1_108' title="bbox 1990 5039 3569 5113">
     <span class='ocr_line' id='line_1_108' title="bbox 1990 5039 3569 5113; baseline -0.002 -17"><span class='ocrx_word' id='word_1_684' title='bbox 1990 5042 2230 5113; x_wconf 83' lang='lat' dir='ltr'><strong>linguam</strong></span> <span class='ocrx_word' id='word_1_685' title='bbox 2280 5057 2436 5098; x_wconf 82' lang='lat' dir='ltr'><strong>suam</strong></span> <span class='ocrx_word' id='word_1_686' title='bbox 2480 5042 2737 5097; x_wconf 88' lang='lat' dir='ltr'><strong>dentibus</strong></span> <span class='ocrx_word' id='word_1_687' title='bbox 2764 5041 3004 5111; x_wconf 88' lang='lat' dir='ltr'><strong>procidit</strong></span> <span class='ocrx_word' id='word_1_688' title='bbox 3050 5050 3105 5097; x_wconf 90' lang='lat' dir='ltr'><strong>et</strong></span> <span class='ocrx_word' id='word_1_689' title='bbox 3155 5041 3208 5095; x_wconf 85' lang='lat' dir='ltr'><strong>in</strong></span> <span class='ocrx_word' id='word_1_690' title='bbox 3256 5039 3451 5096; x_wconf 84' lang='lat' dir='ltr'><strong>faciem</strong></span> <span class='ocrx_word' id='word_1_691' title='bbox 3483 5049 3569 5112; x_wconf 76' lang='lat' dir='ltr'><strong>ly-</strong></span> 
     </span>
    </p>
   </div>
   <div class='ocr_carea' id='block_1_109' title="bbox 1992 5136 2421 5204">
    <p class='ocr_par' dir='ltr' id='par_1_109' title="bbox 1992 5136 2421 5204">
     <span class='ocr_line' id='line_1_109' title="bbox 1992 5136 2421 5204; baseline -0.007 -14"><span class='ocrx_word' id='word_1_692' title='bbox 1992 5136 2149 5190; x_wconf 87' lang='lat' dir='ltr'><strong>ranui</strong></span> <span class='ocrx_word' id='word_1_693' title='bbox 2184 5136 2421 5204; x_wconf 85' lang='lat' dir='ltr'><strong>exspuit.</strong></span> 
     </span>
    </p>
   </div>
   <div class='ocr_carea' id='block_1_110' title="bbox 2295 5242 3274 5314">
    <p class='ocr_par' dir='ltr' id='par_1_110' title="bbox 2295 5242 3274 5314">
     <span class='ocr_line' id='line_1_110' title="bbox 2295 5242 3274 5314; baseline -0.004 -16"><span class='ocrx_word' id='word_1_694' title='bbox 2295 5246 2380 5300; x_wconf 85' lang='grc'><strong>19.</strong></span> <span class='ocrx_word' id='word_1_695' title='bbox 2426 5244 2501 5298; x_wconf 84' lang='lat' dir='ltr'><strong>De</strong></span> <span class='ocrx_word' id='word_1_696' title='bbox 2538 5243 2904 5314; x_wconf 82' lang='lat' dir='ltr'><strong>Epaminonda</strong></span> <span class='ocrx_word' id='word_1_697' title='bbox 2934 5253 2982 5297; x_wconf 82' lang='lat' dir='ltr'><strong>et</strong></span> <span class='ocrx_word' id='word_1_698' title='bbox 3012 5242 3274 5312; x_wconf 81' lang='lat' dir='ltr'><strong>Scipione.</strong></span> 
     </span>
    </p>
   </div>
   <div class='ocr_carea' id='block_1_111' title="bbox 2064 5356 3571 5431">
    <p class='ocr_par' dir='ltr' id='par_1_111' title="bbox 2064 5356 3571 5431">
     <span class='ocr_line' id='line_1_111' title="bbox 2064 5356 3571 5431; baseline -0.003 -18"><span class='ocrx_word' id='word_1_699' title='bbox 2064 5360 2470 5430; x_wconf 80' lang='lat' dir='ltr'><strong>Epaminondas</strong></span> <span class='ocrx_word' id='word_1_700' title='bbox 2499 5376 2697 5431; x_wconf 79' lang='lat' dir='ltr'><strong>genere</strong></span> <span class='ocrx_word' id='word_1_701' title='bbox 2723 5359 3019 5415; x_wconf 87' lang='lat' dir='ltr'><strong>Thebanus</strong></span> <span class='ocrx_word' id='word_1_702' title='bbox 3042 5365 3179 5421; x_wconf 88' lang='lat' dir='ltr'><strong>erat,</strong></span> <span class='ocrx_word' id='word_1_703' title='bbox 3210 5356 3430 5423; x_wconf 81' lang='lat' dir='ltr'><strong>duxque</strong></span> <span class='ocrx_word' id='word_1_704' title='bbox 3461 5370 3571 5409; x_wconf 91' lang='lat' dir='ltr'><strong>ma-</strong></span> 
     </span>
    </p>
   </div>
   <div class='ocr_carea' id='block_1_112' title="bbox 1995 5449 3571 5523">
    <p class='ocr_par' dir='ltr' id='par_1_112' title="bbox 1995 5449 3571 5523">
     <span class='ocr_line' id='line_1_112' title="bbox 1995 5449 3571 5523; baseline -0.003 -14"><span class='ocrx_word' id='word_1_705' title='bbox 1995 5455 2197 5518; x_wconf 81' lang='lat' dir='ltr'><strong>ximus,</strong></span> <span class='ocrx_word' id='word_1_706' title='bbox 2225 5454 2318 5523; x_wconf 91' lang='lat' dir='ltr'><strong>qui</strong></span> <span class='ocrx_word' id='word_1_707' title='bbox 2352 5454 2406 5507; x_wconf 94' lang='lat' dir='ltr'><strong>in</strong></span> <span class='ocrx_word' id='word_1_708' title='bbox 2443 5452 2729 5508; x_wconf 85' lang='lat' dir='ltr'><strong>Lcuctrico</strong></span> <span class='ocrx_word' id='word_1_709' title='bbox 2760 5454 2946 5523; x_wconf 68' lang='lat' dir='ltr'><strong>prmlio</strong></span> <span class='ocrx_word' id='word_1_710' title='bbox 2976 5451 3365 5505; x_wconf 87' lang='lat' dir='ltr'><strong>Thebanorum</strong></span> <span class='ocrx_word' id='word_1_711' title='bbox 3394 5449 3571 5519; x_wconf 80' lang='lat' dir='ltr'><strong>copiis</strong></span> 
     </span>
    </p>
   </div>
   <div class='ocr_carea' id='block_1_113' title="bbox 1991 5543 3568 5617">
    <p class='ocr_par' dir='ltr' id='par_1_113' title="bbox 1991 5543 3568 5617">
     <span class='ocr_line' id='line_1_113' title="bbox 1991 5543 3568 5617; baseline -0.006 -15"><span class='ocrx_word' id='word_1_712' title='bbox 1991 5547 2230 5617; x_wconf 72' lang='lat' dir='ltr'><strong>praefuit.</strong></span> <span class='ocrx_word' id='word_1_713' title='bbox 2282 5545 2674 5617; x_wconf 70' lang='lat' dir='ltr'><strong>Prteceptorem</strong></span> <span class='ocrx_word' id='word_1_714' title='bbox 2709 5546 2896 5601; x_wconf 90' lang='lat' dir='ltr'><strong>habuit</strong></span> <span class='ocrx_word' id='word_1_715' title='bbox 2943 5544 3251 5599; x_wconf 87' lang='lat' dir='ltr'><strong>Philolaum</strong></span> <span class='ocrx_word' id='word_1_716' title='bbox 3298 5543 3568 5615; x_wconf 81' lang='lat' dir='ltr'><strong>Pythago-</strong></span> 
     </span>
    </p>
   </div>
   <div class='ocr_carea' id='block_1_114' title="bbox 1991 5635 3570 5697">
    <p class='ocr_par' dir='ltr' id='par_1_114' title="bbox 1991 5635 3570 5697">
     <span class='ocr_line' id='line_1_114' title="bbox 1991 5635 3570 5697; baseline -0.003 0"><span class='ocrx_word' id='word_1_717' title='bbox 1991 5657 2166 5697; x_wconf 88' lang='lat' dir='ltr'><strong>reum.</strong></span> <span class='ocrx_word' id='word_1_718' title='bbox 2210 5639 2310 5696; x_wconf 83' lang='lat' dir='ltr'><strong>llic</strong></span> <span class='ocrx_word' id='word_1_719' title='bbox 2346 5641 2402 5696; x_wconf 89' lang='lat' dir='ltr'><strong>in</strong></span> <span class='ocrx_word' id='word_1_720' title='bbox 2444 5640 2603 5697; x_wconf 88' lang='lat' dir='ltr'><strong>bellis</strong></span> <span class='ocrx_word' id='word_1_721' title='bbox 2633 5639 2830 5696; x_wconf 78' lang='lat' dir='ltr'><strong>eximia</strong></span> <span class='ocrx_word' id='word_1_722' title='bbox 2874 5636 3231 5695; x_wconf 75' lang='lat' dir='ltr'><strong>continentia:</strong></span> <span class='ocrx_word' id='word_1_723' title='bbox 3276 5637 3434 5693; x_wconf 89' lang='lat' dir='ltr'><strong>laude</strong></span> <span class='ocrx_word' id='word_1_724' title='bbox 3470 5635 3570 5693; x_wconf 79' lang='lat' dir='ltr'><strong>llo-</strong></span> 
     </span>
    </p>
   </div>
  </div>
