4018 6296
515 254 620 311 995

1876 263 2159 323 norm-us
2196 268 2418 325 ABBAS
3638 281 3722 342 επ

517 379 695 443 rebat,
722 383 839 431 turn
867 391 898 431 ι
917 377 1172 433 ciborum
1204 378 1383 450 capia,
1413 386 1528 434 tum
1561 394 1591 435 a
1626 382 1790 438 rebus
1819 388 2089 451 venereis,

2198 391 2293 444 καὶ
2327 390 2435 444 ἀπὸ
2472 387 2804 459 ἀφροδισίων
2834 389 2926 442 καὶ
2953 387 3133 459 πάσης
3185 389 3533 461 ἡδυπαθείας·
3562 397 3630 452 διὸ
3653 406 3726 457 καὶ

516 478 633 524 tum
659 468 895 538 denique
932 470 1002 523 ab
1041 468 1190 523 omni
1218 470 1515 539 voluptatis
1547 486 1745 542 genere
1780 488 1904 529 sese
1932 475 2103 531 absti-

516 575 678 615 nens.
712 558 831 624 Quo
859 560 1022 614 etiam
1066 558 1269 614 factum
1300 570 1417 625 est,
1453 570 1508 615 ut
1555 563 1792 616 maxima
1836 564 2103 620 adversus

518 650 962 706 Lacedaemonios
988 660 1189 722 tropzra
1212 654 1471 708 erexerit.
1500 654 1636 709 Huic
1663 665 1718 710 et
1748 657 1871 711 vita!
1905 674 2103 728 genere

516 751 572 798 et
607 745 852 798 moribus
882 760 987 797 non
1035 745 1326 800 dissimilis
1366 748 1580 801 exstitit
1612 747 1798 818 Scipio
1828 747 2103 803 Romano-

516 849 639 886 rum
691 834 1011 901 imperator.
1067 834 1239 904 Cujus
1295 836 1589 904 singularis
1644 853 1863 908 quoque
1914 840 2097 895 virtus

513 925 743 979 emicuit
782 925 835 979 in
866 926 1008 981 bello
1037 926 1480 998 Carthaginensi.
1512 927 1668 984 Unde
1697 930 1858 983 etiam
1889 945 1920 983 a
1949 931 2099 985 devi-

514 1025 602 1070 cta
649 1025 810 1087 gente
851 1018 1095 1072 Al‘ricaui
1144 1035 1346 1074 nomen
1393 1021 1602 1075 retulit.
1650 1020 1895 1076 Africani
1947 1022 2096 1077 enim

514 1118 675 1163 erant
705 1109 1191 1180 Carlltaginenses.

2206 481 2437 551 μέγιστα
2470 480 2612 535 κατὰ
2644 480 3092 551 Λακεδαιμονίων
3113 480 3308 554 ἔστησε
3341 486 3579 556 τρόπαια.
3616 493 3665 546 '0
3685 495 3731 549 δὲ

2201 574 2461 637 Σκιπίων,
2515 573 2612 626 καὶ
2660 572 2824 636 αὐτὸς
2878 575 3183 644 στρατηγὸς
3238 577 3535 647 Ῥωμαίων,
3582 583 3732 654 ὅμοιος

2201 666 2342 720 κατὰ
2369 667 2467 737 τὴν
2500 666 2710 719 δίαιταν
2745 664 2841 717 καὶ
2874 664 2933 718 τὸ
3007 662 3139 736 ἦθος
3202 667 3595 742 Ἐπαμινώνδᾳ·
3639 677 3739 746 ᾕρξ-

2204 774 2397 809 στευσε
2447 757 2626 810 δὲκαὶ
2670 755 2853 820 αὐτὸς,
2884 756 2941 808 ὲν
2959 755 3036 826 τῷ
3084 757 3215 828 πρὸς
3248 759 3627 830 Καρχηδονίους
3661 785 3739 819 πο-
3812 810 3815 815 ,

2203 848 2374 921 λέμῳ,
2416 850 2491 913 ὡς
2524 852 2588 903 ὲκ
2617 851 2717 919 τῆς
2759 848 2915 919 νίκης
2946 848 3041 902 τοῦ
3075 849 3281 914 ἔθνους,
3320 852 3416 923 τὴν
3462 855 3742 927 ἐπωνυμίαν

2202 942 2388 996 λαϐεῖν
2426 943 2519 996 καὶ
2554 942 2821 1013 κληθῆναι
2869 941 3110 995 Σκιπίων
3156 943 3479 1017 ’Ἀφρικανός
3503 962 3516 977 ·
3550 949 3743 1023 Καρχη-

2202 1032 2364 1086 δόνιοι
2389 1034 2499 1104 γὰρ
2527 1035 2575 1086 0i.
2619 1032 2829 1104 ’Λφροί.

1739 1208 1830 1263 ‘20.
1874 1208 1952 1262 De
1991 1210 2189 1279 Alpheo
2230 1213 2390 1282 ﬂuvio
2433 1214 2529 1284 (l).

585 1299 828 1368 Alpheus
860 1296 1057 1353 ﬂuvius
1089 1308 1171 1354 est
1204 1299 1470 1356 Arcadiae.
1503 1303 1749 1358 Arcadia:
1775 1314 1956 1359 autem
2002 1310 2133 1365 urbs
2181 1308 2560 1380 PeIOponnesi.
2591 1308 2683 1363 Est
2707 1316 2762 1363 et
2792 1309 2846 1364 in
2882 1306 3067 1362 Sicilia
3101 1306 3224 1367 l'ons
3256 1308 3475 1378 quidam
3506 1308 3748 1367 Arethusa

519 1398 767 1451 nomine.
805 1395 1009 1451 Ferunt
1041 1410 1223 1451 autem
1268 1398 1537 1469 Alpheum
1572 1403 1857 1460 Arethusa!
1898 1423 2083 1463 amore
2120 1420 2339 1481 captum
2382 1428 2478 1482 per
2516 1429 2666 1468 mare
2702 1414 2755 1467 in
2799 1412 3126 1467 Arethusam
3177 1411 3425 1478 inﬂuere,
3463 1427 3560 1467 nec
3601 1414 3747 1468 maris

512 1490 841 1559 contagione
869 1490 1038 1555 inlici,
1072 1492 1169 1545 sed
1204 1509 1371 1561 puros
1403 1503 1568 1565 atque
1600 1498 1843 1570 integros
1884 1503 2076 1558 latices
2110 1507 2177 1560 ad
2214 1509 2486 1563 amasiam
2526 1524 2715 1563 secum
2754 1508 2915 1564 ferre.

511 1605 603 1660 20.
648 1606 725 1661 De
781 1608 862 1661 Itis
910 1609 1000 1678 qui
1046 1608 1471 1732 pedibusbillotis
1517 1614 1714 1681 vivunt,
1764 1626 1917 1687 atque
1950 1602 2096 1671 Itutm'

1196 1697 1261 1732 cu
1300 1691 1411 1732 aut.

1196 1691 1411 1735 cubant.

584 1768 719 1823 Selii
772 1785 906 1839 gens
933 1780 1017 1824 est
1050 1770 1338 1837 Dodonma,
1369 1789 1433 1827 ex
1479 1789 1583 1842 qua
1633 1776 1739 1845 fagi
1779 1778 2095 1833 sacerdotes

513 1859 868 1915 creabantur.
906 1861 959 1915 In
986 1862 1085 1916 hac
1110 1872 1290 1916 autem
1319 1862 1443 1934 fago
1470 1864 1621 1920 lovis
1649 1868 1931 1922 oraculum
1958 1879 2094 1934 erat,

513 1953 922 2021 vocabaturque
969 1969 1214 2022 quercus
1265 1953 1554 2009 Dodonata.
1597 1958 1777 2027 Atque
1815 1959 1866 2011 hi
1911 1975 2097 2014 sacer-

513 2046 692 2113 dotes,
725 2046 913 2116 utqui
966 2045 1075 2100 Deo
1122 2047 1539 2111 ancillarentur,
1592 2049 1908 2119 pudicitiam
1951 2055 2096 2109 cole-

512 2139 665 2202 bant,
700 2152 800 2192 nec
832 2137 1043 2192 balneis
1086 2139 1408 2201 utebantur,
1465 2155 1563 2193 nec
1608 2141 1659 2193 in
1704 2148 1871 2206 tecto,
1913 2144 2006 2198 srd
2042 2146 2094 2198 in

512 2229 654 2283 nuda
690 2229 855 2282 humo
893 2229 1253 2294 dormiebant,
1297 2232 1755 2298 quemadmodum
1797 2235 1882 2289 his
1916 2237 2096 2293 verbis

511 2328 749 2375 testatur
786 2330 942 2390 poeta
982 2340 994 2374 :

587 2410 699 2483 llos
717 2412 880 2483 juxta
918 2410 1075 2465 Srllis
1105 2412 1252 2466 sedes
1286 2422 1361 2465 est
1394 2414 1504 2476 ﬁxa
1533 2414 1817 2483 prophetis,

584 2481 689 2547 Qui
723 2498 815 2535 nec
844 2481 989 2534 humi
1013 2500 1222 2536 somnos
1250 2493 1496 2552 carpunt,
1539 2481 1638 2538 nec
1662 2485 1850 2540 balnea
1880 2499 2092 2542 curant.

840 2614 931 2669 2|.
972 2614 1049 2669 De
1080 2612 1289 2669 Solonis
1320 2615 1750 2686 inexplebilitate.

581 2750 758 2805 Solon
808 2752 1161 2807 Atheniensis
1209 2754 1492 2823 legislator
1536 2764 1681 2815 erat.
1732 2757 1776 2810 A
1826 2773 1936 2828 quo
1968 2773 2092 2813 cum

510 2842 850 2914 postulatum
886 2853 1051 2905 esset,
1087 2851 1147 2896 ut
1178 2843 1456 2909 juventuti
1497 2846 1641 2915 leges
1684 2847 1974 2914 scriberet,
1998 2849 2092 2918 ju-

511 2934 816 3004 risjuraudi
884 2935 1149 3005 religione
1203 2934 1356 2990 cives
1409 2952 1476 2991 eo
1526 2937 1745 3008 adegit,
1801 2946 1860 2993 ut
1904 2939 2091 2995 decent

2287 1629 2356 1677 κ’.
2394 1624 2534 1691 Περὶ
2556 1622 2673 1676 τῶν
2698 1623 3118 1678 ἀνιπτοπόδων
3141 1621 3240 1677 καὶ
3272 1621 3679 1692 χαιμαιευνῶν.

2267 1783 2415 1853 Παρ’
2455 1781 2673 1855 Ὁμήρῳ
2695 1781 2772 1851 τῷ
2803 1786 2999 1854 ποιητῇ
3026 1782 3208 1835 Σελλοὶ
3244 1781 3396 1844 ἔθνος
3439 1752 3744 1836 Δωδωναῖονῖ

2222 1873 2317 1925 Ἐκ
2365 1872 2568 1926 τούτων
2612 1874 2779 1943 ἱερεῖς
2813 1874 2911 1941 τῆς
2944 1872 3119 1942 φηγοῦ
3167 1871 3593 1943 προεϐάλλοντο·
3628 1874 3745 1944 αὕτη

2197 1964 2254 2018 δὲ
2281 1967 2313 2035 ἡ
2345 1965 2520 2035 φηγὸς
2563 1967 2814 2035 μαντεῖον
2845 1961 2912 2035 ἦν
2958 1964 3053 2017 τοῦ
3082 1964 3224 2029 Διὸς,
3261 1966 3293 2036 ὴ
3328 1964 3635 2036 καλουμένη
3657 1970 3749 2020 Aut-

2196 2056 2399 2110 δωναία
2442 2055 2592 2128 δρῦς.
2647 2052 2808 2110 Οὗτοι
2851 2052 2943 2109 οὖν
2989 2059 3035 2109 οἱ
3074 2056 3257 2127 ἱερεῖς,
3307 2050 3400 2109 οἷα
3448 2058 3581 2110 θεοῦ
3624 2058 3750 2121 ὄντες

2198 2149 2551 2220 θεραπευταὶ,
2579 2148 2902 2217 ἁγνεύοντες
2930 2147 3054 2201 οὔτε
3088 2139 3356 2210 ἐλούοντο,
3382 2148 3509 2202 οὔτε
3542 2151 3596 2202 ὲν
3619 2149 3750 2221 κλίνῃ

2198 2240 2509 2305 ἐκάθευδον,
2539 2240 2674 2295 ἀλλὰ
2694 2241 2889 2311 χαμαὶ,
2914 2238 2989 2303 ὥς
3020 2256 3181 2310 φησιν
3204 2241 3232 2291 6
3264 2242 3498 2311 ποιητὴς
3526 2242 3580 2293 ὲν
3604 2241 3751 2311 τούτῳ

2195 2329 2274 2400 τῷ
2316 2329 2437 2382 ἔπει
2457 2344 2472 2360 ο

2938 2458 2953 2475 .
2990 2460 3005 2475 .
3049 2461 3063 2474 .
3096 2421 3243 2490 ἀμφὶ
3279 2420 3348 2474 δὲ
3370 2421 3587 2475 Σελλοὶ

2231 2487 2593 2547 Συννοίουσ⁹
2613 2486 2913 2561 ὑποφῆται
2942 2486 3339 2557 ἀνιπτόποδες
3371 2492 3726 2563 χαμαιεῦναι.

2480 2627 2591 2683 κα’.
2631 2628 2769 2697 Περὶ
2798 2631 3073 2694 Σόλωνος
3098 2627 3469 2696 ἀπληστίας.

2265 2741 2441 2794 Σόλων
2473 2740 2770 2812 νομοθέτης
2801 2736 2868 2811 ἦν
2911 2739 3229 2811 Ἀθηναίων.
3258 2735 3432 2803 Οὗτος
3457 2739 3751 2811 αἰτούμενος

2194 2832 2554 2902 νομοθετῆσαι
2614 2833 2742 2895 τοὺς
2791 2832 3011 2901 νόμους,
3060 2831 3308 2902 ἀπῄτησε
3359 2833 3496 2895 τοὺς
3556 2833 3752 2894 πολίτας

2195 2925 2411 2995 ὅρκους,
2465 2925 2546 2977 ὅτι
2588 2923 2653 2995 δὴ
2686 2924 2969 2978 δεκαετίαν
3016 2924 3277 2995 στέρξωτι
3322 2925 3423 2978 καὶ
3477 2925 3751 2997 ὲμμείνωσι

510 3042 689 3082 annos
725 3027 901 3097 ipsius
939 3027 1149 3097 legibus
1191 3028 1630 3098 acquiescerent.
1681 3045 1745 3084 ac
1787 3039 1998 3101 postea,
2045 3032 2090 3086 si

2198 3018 2309 3078 τοῖς
2345 3014 2473 3087 παρ’
2510 3014 2675 3069 αὐτοῦ
2724 3014 3033 3086 τιθεμένοις
3078 3015 3266 3086 νόμοις
3288 3033 3304 3048 ο
3350 3017 3448 3070 καὶ
3481 3017 3681 3079 λοιπὸν,
3712 3017 3750 3067 εἰ

510 3120 694 3176 minus
736 3121 876 3191 ipsis
909 3120 1237 3186 arriderent,
1269 3137 1363 3176 eas
1410 3122 1758 3192 abrogarent.
1812 3123 1867 3177 Id
1908 3131 2089 3178 autem

510 3215 616 3269 hoc
648 3215 886 3269 consilio
920 3213 1177 3279 faciebat,
1209 3223 1269 3267 ut
1290 3214 1394 3285 ipsi
1429 3215 1640 3284 legibus
1672 3215 1819 3269 illius
1846 3216 2096 3286 aliquan-

512 3307 688 3360 tulum
739 3308 1123 3377 obtemperare
1164 3315 1570 3363 assuescerent.
1611 3306 1728 3362 Non
1780 3309 1926 3362 enim
1977 3316 2097 3364 erat

514 3400 737 3469 ignarus
771 3397 889 3452 iure
918 3409 1004 3461 ut,
1055 3399 1099 3452 si
1136 3398 1282 3469 leges
1311 3415 1450 3468 quas
1494 3400 1629 3469 ipsis
1670 3398 1897 3465 ferebat,
1928 3401 2096 3455 semel

511 3493 922 3563 tle-gustassent,
977 3508 1120 3563 mgre
1169 3495 1238 3545 ab
1295 3492 1380 3547 his
1439 3501 1629 3561 postea
1676 3492 2091 3548 divellerentur.

509 3583 751 3653 Accepto
786 3599 916 3653 ergo
955 3598 984 3636 a
1017 3584 1236 3639 civibus
1263 3584 1645 3653 jurejurando,
1684 3601 1807 3639 cum
1840 3586 1986 3655 leges
2016 3586 2097 3655 ip-

509 3674 599 3733 sis
638 3679 1011 3747 imposuisset,
1066 3678 1294 3733 Athenis
1346 3681 1603 3742 excessit,
1655 3678 1979 3733 decennium
2028 3680 2097 3733 ah

511 3773 649 3827 urbe
677 3771 995 3826 abfuturus.
1054 3770 1367 3840 Peragratis
1404 3782 1584 3826 autem
1631 3773 1819 3826 multis
1865 3772 2096 3827 urbibus

511 3865 569 3918 in
603 3862 828 3935 Lydiam
862 3877 1083 3932 quoque
1117 3863 1185 3916 ad
1213 3863 1463 3917 Crassum
1488 3862 1767 3933 profectus
1797 3873 1899 3919 est.
1937 3862 2095 3918 Hunc

512 3957 700 4025 itaque
747 3970 843 4026 rex
899 3954 1263 4008 admiratione
1298 3954 1512 4009 allicere
1569 3956 1816 4026 cupiens,
1855 3955 1922 4010 ad
1976 3958 2097 4010 the-

511 4061 710 4100 sauros
747 4023 888 4099 suos
934 4044 1111 4110 duxit,
1139 4045 1354 4115 ipsique
1378 4052 1640 4115 quantum
1672 4061 1807 4101 auro
1827 4046 2093 4113 aﬂlueret,

512 4138 782 4194 ostendit.
825 4137 1058 4208 Moxque
1092 4154 1218 4193 eum
1270 4153 1300 4192 a
1335 4139 1609 4193 thesauris
1657 4138 1977 4194 redeuntem
2012 4140 2095 4193 in-

510 4232 839 4301 terrogavit,
872 4232 1062 4301 ecquis
1109 4231 1330 4286 tandem
1366 4247 1429 4286 ex
1466 4231 1724 4287 omnibus
1769 4233 2095 4288 mortalibus

511 4322 617 4393 ipsi
656 4322 1012 4378 beatissimus
1044 4323 1345 4387 videretur,
1389 4324 1711 4379 existimans
1744 4325 1935 4394 utique
1963 4340 2088 4379 eum

514 4415 798 4470 felicitatis
834 4417 1040 4487 primas
1072 4416 1174 4487 ipsi
1207 4415 1487 4470 daturum.
1533 4415 1705 4471 Solon
1758 4426 1938 4472 autem
1969 4416 2096 4469 Tel-

512 4508 627 4563 lum
667 4507 1065 4573 Atheniensem
1091 4506 1198 4560 sibi
1231 4507 1477 4560 omnium
1510 4506 1890 4560 beatissimum
1921 4504 2099 4560 videri

514 4600 819 4670 respondit.
875 4599 1281 4655 Beatitudinem
1339 4600 1483 4653 enim
1537 4614 1644 4653 non
1699 4597 1989 4667 inopibus
2034 4612 2099 4652 ac

515 4695 796 4764 superbia,
845 4694 942 4750 sed
988 4695 1041 4748 in
1079 4698 1201 4748 vita:
1255 4692 1653 4763 tranquillitate
1699 4691 2095 4746 constituebat.

514 4788 899 4857 lnexplebilern
946 4788 1131 4856 itaque
1177 4785 1434 4841 Solonem
1474 4786 1701 4840 Crmsus
1735 4794 1910 4849 vocat,
1948 4784 2096 4854 quod

517 4880 757 4949 majores
788 4894 922 4948 Opes
972 4894 1110 4933 auro
1160 4879 1333 4949 Lydio
1370 4878 1556 4933 videre
1600 4885 1904 4947 exoptaret.
1956 4878 2098 4932 Sunt

518 4980 700 5027 autem
733 4971 938 5026 divitia
980 4987 1161 5041 genus
1206 4970 1485 5040 quoddam
1539 4968 1812 5024 felicitatis
1844 4970 1897 5023 in
1931 4971 2096 5025 rebus

516 5062 763 5118 externis
793 5062 984 5116 situm.
1015 5060 1109 5115 Est
1142 5062 1345 5130 quippe
1382 5060 1577 5129 triplex
1615 5059 1869 5123 felicitas,
1905 5061 2097 5115 anima:

521 5153 914 5222 tranquillitas,
951 5156 1201 5221 corporis
1242 5152 1475 5215 sanitas,
1512 5160 1565 5205 et
1616 5167 1799 5206 rerum
1839 5162 2094 5205 externa,

519 5260 639 5299 rum
672 5244 970 5301 afﬂuentia.
1008 5244 1085 5298 Ac
1122 5245 1351 5314 proinde
1382 5242 1752 5313 adjiciendum
1782 5254 1899 5299 erat
1935 5242 2095 5298 Solo—

521 5337 619 5391 ni:
676 5337 731 5390 Si
784 5337 970 5391 animo
1016 5353 1235 5407 quoque
1283 5337 1774 5405 praestantissimus
1824 5351 2011 5401 esses,
2060 5352 2094 5388 o

519 5424 725 5490 Crcese,
767 5426 985 5482 abunde
1014 5426 1113 5479 tibi
1147 5434 1232 5481 est
1260 5441 1423 5496 opum
1466 5425 1532 5478 ad
1568 5426 1869 5497 explendas
1906 5435 2088 5481 exter-

511 5532 604 5572 nae
632 5516 907 5574 felicitatis
940 5533 1222 5574 numeros.

592 5694 667 5757 (l)
697 5693 913 5759 Graeca,
959 5712 1080 5765 qua:
1126 5696 1266 5765 apud
1302 5693 1552 5749 Nonnum
1588 5697 1820 5761 desunt,
1873 5697 2088 5751 exhibet

525 5764 760 5820 Cosmas
800 5764 1328 5834 Ilieroéolymitauus
1357 5766 1423 5821 ad
1455 5766 1567 5835 λόγ.
1602 5766 1677 5835 ξξσ
1716 5769 1772 5823 S.
1819 5767 2091 5838 Gregorii.

2198 3105 2272 3177 μὴ
2306 3106 2696 3176 συναρέσουσιν
2729 3105 2934 3167 αὐτοῖς,
2959 3105 3022 3157 τὸ
3050 3105 3300 3176 τηνικάδε
3330 3104 3573 3159 λύσουσι.
3606 3104 3753 3158 Τοῦτο

2194 3194 2250 3248 δὲ
2286 3196 2560 3264 ἐποίησεν,
2615 3195 2703 3247 ἵνα
2744 3194 2883 3257 τέως
2925 3194 3224 3267 προσεθίσῃ
3274 3196 3476 3259 αὐτοὺς
3522 3197 3753 3266 ἐμμεῖναι

2195 3288 2281 3340 ἐπ’
2310 3287 2489 3356 ὀλίγον
2520 3288 2713 3359 χρόνον
2750 3290 2866 3345 τοῖς
2889 3288 3097 3358 νόμοις.
3139 3286 3295 3358 ’ᾙδει
3325 3287 3438 3357 γὰρ
3464 3286 3542 3349 ὼς
3572 3288 3619 3338 εί
3646 3285 3754 3353 γευ-

2197 3397 2400 3433 σωνται
2446 3380 2549 3449 τῆς
2592 3379 2938 3450 νομοθεσίας,
2970 3379 3157 3433 λοιπὸν
3184 3379 3603 3450 δυσμεταθέτως
3641 3379 3753 3449 σχήο

2198 3489 2382 3525 σουσιν
2412 3471 2604 3541 αὐτῆς.
2642 3469 2838 3525 Λαϐὼν
2863 3470 3042 3524 τοίνυν
3072 3472 3100 3523 6
3130 3469 3307 3523 Σόλων
3336 3470 3430 3523 τὸν
3444 3472 3603 3543 ὅρκον
3628 3469 3755 3540 παρὰ

2194 3563 2303 3616 τῶν
2361 3562 2680 3633 ’Λθηναίων,
2736 3564 2829 3615 καὶ
2884 3562 3253 3632 νομοθετήσας
3297 3563 3505 3626 αὐτοῖς,
3561 3562 3758 3633 ἐξῆλθεν

2196 3653 2303 3705 ἀπὸ
2356 3652 2596 3721 Ἀθηνῶν
2635 3651 2868 3719 ὀφείλων
2914 3650 3011 3719 τὴν
3049 3650 3337 3704 δεκαετίαν
3386 3649 3496 3715 ἔξω
3534 3653 3755 3721 ποιῆσαι.

2199 3745 2521 3817 Περιπολῶν
2544 3741 2639 3799 οὖν
2670 3743 2769 3808 τὰς
2792 3743 2999 3806 πόλεις,
3026 3738 3156 3813 ἦλθε
3180 3745 3277 3796 καὶ
3304 3746 3385 3807 είς
3412 3745 3612 3799 Λυδίαν
3630 3744 3758 3813 παρὰ

2198 3841 2433 3909 Κροῖσον
2472 3839 2562 3891 τὸν
2613 3836 2858 3907 βασιλέα,
2921 3836 3018 3888 Ὃν
3069 3833 3291 3888 ἐλθόντα
3329 3838 3358 3888 6
3398 3837 3650 3906 Κροῖσος,
3690 3835 3760 3895 εἰς

2199 3931 2387 4002 θαῦμα
2424 3931 2594 3985 θέλων
2642 3930 2883 3999 κινῆσαι,
2920 3927 3162 3999 ἔπεμψεν
3205 3929 3286 3992 είς
3316 3930 3443 3993 τοὺς
3476 3927 3759 3999 θησαυροὺς

2208 4024 2375 4078 αὐτοῦ
2398 4041 2411 4054 ·
2445 4025 2791 4094 ἐπανήκοντα
2821 4022 2877 4074 δὲ
2909 4020 3019 4073 ἀπὸ
3066 4020 3174 4074 τῶν
3210 4020 3505 4091 θησαυρῶν
3548 4022 3635 4073 τὸν
3678 4018 3757 4071 νο

2199 4116 2364 4179 λωνα,
2394 4116 2558 4186 ἤρετο
2577 4116 2604 4167 6
2625 4116 2882 4185 Κροῖσος,
2911 4113 3033 4166 τίνα
3060 4113 3271 4182 νομίζοι
3300 4112 3761 4185 εὐδαιμονέστερον

2200 4210 2415 4263 πάντων
2451 4207 2776 4280 ἀνθρώπων,
2810 4207 3230 4278 ὑπολαμϐάνων,
3259 4209 3343 4260 δτι
3391 4208 3457 4278 δὴ
3490 4207 3648 4260 αὐτὸν
3672 4204 3762 4275 πρθ

2202 4305 2418 4358 πάντων
2452 4303 2618 4357 εἴποι.
2673 4305 2730 4355 '0
2757 4303 2815 4355 δὲ
2848 4304 3026 4356 Σόλων
3069 4302 3425 4372 ἀπεκρίνατο,
3469 4302 3659 4355 Τέλλον
3683 4300 3760 4352 τὸν

2126 4366 2175 4424 D
2213 4397 2516 4469 Ἀθηναῖον.
2564 4396 2809 4468 Ὠρίζετο
2852 4396 2962 4468 γάρ
2990 4397 3019 4449 6
3068 4366 3264 4460 Σόλων,
3311 4394 3375 4447 οὐ
3414 4395 3509 4447 τὸν
3555 4393 3761 4445 πλοῦτον

2196 4492 2292 4545 καὶ
2319 4491 2419 4562 τὴν
2451 4490 2812 4561 περιφάνειαν
2846 4488 3219 4560 εὐδαιμονίαν,
3251 4486 3389 4540 ἀλλὰ
3421 4488 3514 4540 τὸν
3557 4483 3761 4545 ἀπαθῶς

2199 4581 2479 4653 ζήσαντα,
2544 4579 2889 4633 ἀποθανόντα
2939 4580 2996 4633 δὲ
3046 4579 3474 4649 ἀριστεύσαντα.
3525 4577 3632 4632 Νῦν
3682 4571 3762 4629 οὖν

2196 4673 2471 4744 ἄπληστον
2508 4673 2663 4725 καλεῖ
2691 4673 2784 4725 τὸν
2808 4672 3040 4736 Σόλωνα,
3075 4672 3150 4735 ὡς
3176 4672 3400 4725 πλείονα
3429 4671 3653 4724 πλοῦτον
3679 4666 3759 4722 τοῦ

2197 4762 2393 4817 Λυδίου
2431 4761 2637 4832 χρυσοῦ
2664 4760 2993 4833 ὀρεγόμενον
3023 4759 3340 4815 θεάσασθαι.
3366 4762 3481 4815 Καὶ
3504 4764 3533 4814 6
3557 4760 3762 4819 πλοῦτος

2198 4854 2256 4907 δὲ
2298 4852 2616 4921 εὐδαιμονία
2650 4870 2733 4915 τις
2772 4851 2994 4922 περὶτὰ
3035 4851 3211 4913 ἐκτός.
3246 4851 3408 4922 Τρεῖς
3435 4851 3496 4904 δὲ
3530 4851 3760 4919 εὐδαιμο·

2199 4943 2320 5005 νίας
2357 4939 2497 4995 οἶδεν
2540 4942 2569 4992 6
2604 4941 2759 5010 λόγος
2783 4957 2795 4970 ⁸
2834 4940 2932 5012 τὴν
2968 4942 3026 4994 ὲν
3059 4943 3205 5011 ψυχῇ
3260 4940 3557 5001 ἀπάθειαν,
3595 4940 3687 5008 τὴν
3710 4938 3759 4990 ὲν

2201 5033 2416 5105 σώματι
2475 5034 2687 5101 ὑγείαν,
2738 5032 2837 5103 τὴν
2892 5032 3021 5104 περὶ
3074 5032 3142 5085 τὰ
3196 5032 3351 5095 ἐκτὸς
3403 5030 3757 5084 πολυτέλειαν.

2216 5127 2416 5197 Ἐχρῆν
2462 5121 2555 5180 οὗν
2600 5126 2689 5179 τὸν
2725 5126 2942 5179 Σόλωνα
2977 5124 3312 5195 προσθεῖναι,
3351 5124 3436 5178 ὃτι
3472 5125 3535 5178 El
3575 5123 3664 5177 καὶ
3701 5121 3757 5188 τῇ

2200 5219 2351 5290 ψυχῇ
2380 5216 2446 5292 ᾖς
2475 5219 2717 5289 ἄριστος,
2755 5217 2938 5281 ἱκανός
2968 5233 3049 5270 σοι
3068 5218 3096 5270 6
3122 5216 3347 5280 πλοῦτος
3363 5216 3502 5287 πρὸς
3529 5215 3622 5286 τὴν
3647 5212 3758 5282 περὶ

2202 5311 2270 5364 τὰ
2308 5312 2465 5373 ἐκτὸς
2493 5308 2856 5380 εὐδαιμονίαν.

2204 5694 2412 5772 Similia
2443 5699 2586 5772 enim
2618 5696 2781 5772 apud,
2801 5706 3231 5772 utrumquegnon
3263 5712 3635 5772 semettegcre
3661 5704 3751 5754 εει.

2211 5764 2341 5823 Vide
2369 5767 2505 5837 Opp.
2540 5764 2785 5840 Gregorii
2818 5764 3021 5824 nostrae
3054 5770 3184 5826 edit.
3215 5779 3347 5827 tom.
3386 5768 3477 5825 IV.
