4018 6296
321 214 431 271 997

576 330 679 401 κβ’.
719 329 859 399 Περὶ
892 331 1240 399 Σωκράτους
1261 333 1645 400 φιλοκαλίας.

413 424 472 477 Ὀ
512 422 810 493 Σωκράτης
842 420 1135 492 φιλόσοφος
1168 422 1243 476 ὢν
1279 424 1511 494 περιῆγε
1542 423 1640 494 τὴν
1669 423 1899 494 ἀγορὰν,

326 518 421 570 καὶ
457 515 529 569 τὰ
572 515 834 586 μειράκια
874 514 1244 585 προετρέπετο
1288 515 1382 566 ἐπὶ
1412 515 1767 584 φιλοσοφίανο
1808 516 1902 567 καὶ

327 609 567 680 μάλιστα
608 607 858 676 ἐνόμιζεν
901 603 1042 658 εἶναι
1086 605 1223 676 πρὸς
1274 605 1591 675 φιλοσοφίαν
1621 606 1901 678 ἐπιτήδεια

320 704 392 755 τὰ
420 698 728 770 περικαλλῆ
760 698 1021 770 μειράκια
1041 715 1054 727 ⁶
1089 699 1219 759 τούς
1245 698 1351 772 γὰρ
1385 699 1692 770 εὐμόρφους
1712 698 1902 766 λέγου-

323 810 411 845 σιν
438 786 580 844 εἶναι
596 789 691 842 καὶ
710 790 950 858 εὐφυεῖς.
974 785 1082 842 τΗν
1116 785 1209 843 οὖν
1232 790 1358 856 δόξα
1380 789 1531 861 παρὰ
1574 790 1895 861 Ἀθηναίοις,

321 883 408 935 ὅτι
431 880 798 952 παιδεραστής
829 875 897 950 ἧν
932 882 959 933 6
988 880 1305 952 Σωκράτης,
1348 880 1435 933 διὰ
1459 880 1520 933 τὸ
1545 879 1897 949 ἐπιλέγεσθαι

320 976 451 1039 τοὺς
498 973 826 1044 εὐμόρφους.
850 972 1177 1045 Εὑρίσκεται
1201 972 1257 1025 δὲ
1283 973 1375 1025 καὶ
1405 972 1434 1024 6
1472 971 1696 1025 Πλάτων
1736 974 1792 1025 ἐν
1821 972 1898 1043 τῷ

323 1066 640 1135 Θεαιτήτῳ,
678 1065 769 1119 καὶ
806 1064 1082 1135 πανταχοῦ
1111 1066 1253 1118 οὕτω
1298 1065 1471 1134 λέγων
1516 1066 1645 1136 περὶ
1676 1066 1899 1137 Σωκρά-

318 1177 479 1222 mur
508 1160 591 1212 ὅτι
617 1157 796 1221 Καλὸς
820 1160 848 1210 6
873 1157 1188 1227 Θεαίτητος,
1226 1158 1320 1210 καὶ
1346 1158 1507 1221 καλὸς
1531 1160 1560 1209 6
1586 1157 1893 1229 Χαρμίδης.

322 1255 625 1320 ’Δντικρυς
646 1246 740 1304 οὖν
770 1253 828 1303 ἐν
856 1252 968 1312 τοῖς
994 1249 1419 1320 λόγοιςέμφασιν
1432 1249 1658 1320 παρέχει
1699 1252 1727 1303 6
1753 1249 1897 1302 Πλά-

318 1362 453 1406 των,
493 1344 575 1396 ὅτι
606 1343 903 1413 Σωκράτης
948 1341 1278 1413 ὑπωπτεύθη
1314 1340 1558 1405 τοιοῦτος
1600 1338 1759 1407 εἶναι,
1808 1342 1896 1396 διὰ

319 1434 425 1497 τὰς
467 1431 746 1496 τοιαύτας,
787 1432 862 1495 ὼς
909 1426 1083 1500 εἷπον,
1134 1434 1568 1504 άνειτερωτήσεις⁸
1611 1435 1693 1487 ὅτι
1733 1434 1895 1497 καλὸς

326 1523 429 1591 μὲν
460 1517 551 1593 ἦν,
577 1522 638 1574 οὐ
670 1521 770 1591 τὴν
792 1521 937 1591 ὄψιν,
963 1521 1099 1575 ἀλλὰ
1120 1522 1217 1594 τὴν
1248 1523 1447 1594 ψυχήν.
1493 1524 1800 1595 ’Υπενοήθη
1839 1525 1895 1576 δὲ

322 1617 407 1667 ὅτι
442 1614 537 1668 καὶ
560 1612 638 1683 τῷ
684 1611 993 1683 Ἀλκιϐιάδῃ
1027 1613 1340 1682 συγγίνεται
1376 1614 1515 1667 κατὰ
1542 1614 1632 1668 τὸν
1670 1614 1893 1685 αἰσχρὸν

1138 212 1229 266 AD
1267 211 1324 266 S.
1363 210 1691 268 GREGORII
1724 210 1933 269 ORAT.
1976 209 1995 265 l
2032 210 2311 267 CONTRA
2351 211 2718 269 JL‘LIANUM.

1932 336 1979 393 Α

3469 221 3576 278 998

2191 329 2278 384 Η.
2326 329 2402 384 De
2436 330 2712 384 Socratico
2738 329 3146 399 pulchritudinis
3185 348 3382 387 amore.

2078 421 2337 476 Socrates
2368 422 2728 493 philosophus
2756 422 2935 477 forum
2957 424 3301 488 circumibat,
3318 425 3574 495 juvenes-

2004 528 2109 583 que
2138 512 2204 567 ad
2240 514 2599 583 philosophiae
2633 514 2876 570 studium
2912 516 3260 580 hortabatur,
3312 532 3375 573 ac
3438 534 3576 588 pra:-

2006 606 2198 660 sertim
2253 605 2487 675 eleganti
2523 605 2695 660 forma
2750 607 3028 675 praeditos,
3068 622 3207 678 quos
3239 609 3305 663 ad
3334 608 3575 678 philoso-

2006 696 2190 764 phiam
2221 703 2381 765 aptos
2413 710 2537 750 esse
2566 696 2871 765 judicabat.
2905 695 3040 749 Nam
3076 697 3167 767 qui
3215 697 3425 752 liberali
3460 697 3575 751 for-

2002 801 2088 840 ma
2121 795 2272 850 sunt,
2300 786 2521 842 eosdem
2555 804 2775 857 quoque
2803 790 3018 859 egregia
3054 790 3219 843 animi
3248 790 3427 845 indole
3452 806 3575 847 esse

2004 878 2205 933 ferunt.
2243 878 2301 933 In
2330 879 2474 933 hanc
2500 895 2629 951 ergo
2655 881 2966 950 opinionem
2996 882 3215 937 adducti
3250 891 3378 938 sunt
3408 883 3574 938 Athe—

2001 971 2244 1036 nienses,
2278 979 2338 1023 ιιι
2379 969 2658 1025 Socratem
2693 987 2985 1041 puerorum
3033 987 3218 1028 amore
3260 983 3574 1044 correptum

1999 1079 2124 1118 esse
2161 1071 2438 1132 putarent,
2480 1065 2625 1133 quod
2657 1065 3061 1134 pulcherrimos
3097 1082 3345 1137 quosque
3371 1068 3575 1135 delige—

2000 1163 2102 1209 ret.
2154 1154 2296 1221 Quin
2361 1156 2479 1226 ipse
2531 1171 2750 1225 quoque
2806 1156 2961 1211 Plato
3018 1167 3130 1211 tum
3179 1159 3232 1211 in
3288 1157 3571 1225 Theazteto,

1999 1255 2113 1299 tum
2149 1247 2353 1317 passim
2385 1248 2439 1301 in
2463 1250 2578 1303 suis
2608 1247 2830 1318 scriptis
2852 1246 2925 1301 ita
2950 1247 3229 1304 Socratem
3261 1250 3573 1320 loquentem

2000 1338 2231 1401 inducit,
2253 1338 2484 1395 Pulcher
2506 1348 2592 1395 est
2613 1339 2943 1403 Theaetetus,
2977 1340 3204 1409 pulcher
3229 1341 3570 1396 Charmides.

1999 1430 2076 1483 Ac
2112 1430 2272 1499 plane
2307 1431 2361 1485 in
2392 1430 2625 1502 dialogis
2653 1431 2772 1486 suis
2800 1431 3040 1485 ostendit
3063 1427 3342 1486 Socratem
3379 1432 3571 1502 hujus-

1999 1519 2144 1573 modi
2197 1520 2513 1590 suspicione
2551 1521 2853 1583 laborasse,
2883 1529 3106 1590 propter
3135 1522 3294 1584 tales,
3344 1529 3403 1575 ut
3432 1523 3574 1577 veri-

2000 1609 2181 1664 simile
2224 1619 2332 1675 est,
2387 1608 2734 1665 adversarias
2777 1612 3281 1681 pereunctationes.
3330 1614 3397 1665 At
3442 1628 3573 1668 vero

319 1708 524 1778 ἔρωτα.
574 1708 635 1759 Ol
683 1706 739 1759 δὲ
776 1706 905 1777 περὶ
939 1705 1263 1777 Σωκράτους
1307 1706 1577 1774 λέγοντες,
1619 1708 1785 1775 φασιν
1812 1708 1893 1760 ὅτι

1999 1701 2091 1756 ille
2120 1701 2291 1754 animi
2346 1717 2456 1757 non
2502 1704 2752 1772 corporis
2796 1703 3261 1773 pulchritudinem
3300 1706 3569 1775 intellige-

325 1797 641 1865 συνεγένετο
675 1798 859 1863 πᾶσιν,
890 1798 952 1850 οὐ
984 1797 1123 1851 κατὰ
1144 1796 1234 1850 τὸν
1269 1798 1492 1870 ἐμπαθῆ
1521 1799 1719 1871 ἔρωτα,
1759 1800 1896 1854 ἀλλὰ

320 1887 466 1941 κατὰ
494 1887 585 1940 τὸν
614 1885 815 1940 ἔνθεον.

624 2057 726 2127 κγῗ,
770 2058 911 2127 Περὶ
946 2058 1265 2125 Πλάτωνος
1293 2060 1589 2128 λιχνείας.

392 2152 619 2207 Πλάτων
662 2154 691 2205 6
734 2151 1023 2220 φιλόσοφος
1066 2152 1301 2215 ἀκούων,
1346 2152 1426 2204 ὅτι
1475 2151 1826 2223 μεγαλοφυὴς
1865 2154 1894 2206 6

314 2244 596 2306 Διονύσιος
628 2246 656 2297 6
702 2243 801 2313 τῆς
850 2241 1098 2304 Σικελίας
1149 2243 1441 2314 τύραννος,
1483 2242 1712 2296 ἔπλευσε
1757 2244 1892 2313 πρὸς

314 2336 504 2390 αὐτόν.
546 2336 655 2388 Καὶ
684 2335 733 2387 οἱ
771 2335 868 2403 μὲν
918 2331 1183 2403 ἐξηγηταὶ
1214 2332 1309 2386 νῦν
1352 2333 1442 2386 τοῦ
1484 2333 1771 2397 Πλάτωνος
1802 2334 1891 2387 λέ-

315 2442 505 2494 γουσιν
532 2426 612 2477 ὃτι
636 2424 867 2481 ἔπλευσε
898 2422 983 2476 διὰ
1009 2424 1100 2475 δύο
1139 2424 1350 2486 αἰτίας’
1381 2424 1466 2477 ἵνα
1503 2425 1598 2477 καὶ
1627 2425 1890 2495 ίστορήσῃ

310 2515 380 2568 τὸ
404 2517 461 2567 ἐν
495 2515 560 2583 τῇ
584 2514 747 2582 Αἴτνῃ
775 2510 886 2582 πῦρ
910 2511 1314 2582 ἀναδιδόμενον,
1347 2512 1439 2564 καὶ
1479 2512 1565 2565 ἵνα
1592 2513 1754 2584 πείσῃ
1774 2516 1891 2565 Aio.

311 2603 500 2655 νύσιον
522 2598 897 2668 φιλοσοφῆσαι.
928 2596 988 2651 Ὀ
1008 2597 1065 2651 δὲ
1097 2598 1365 2670 μακάριος
1376 2600 1676 2671 Γρηγόριός
1702 2616 1887 2670 φησιν,

309 2695 399 2747 ὅτι
432 2692 518 2745 διὰ
550 2690 707 2744 τοῦτο
741 2689 981 2759 ἀπῆλθεν
1006 2691 1034 2742 6
1063 2690 1290 2743 Πλάτων
1317 2691 1373 2742 ἐν
1406 2690 1647 2762 Σικελίᾳ,
1677 2690 1767 2744 διὰ
1789 2692 1889 2762 τὴν

313 2784 666 2839 πολυτέλειαν
706 2782 813 2836 τῶν
843 2783 1102 2854 ἀρίστων,
1133 2774 1207 2835 ὧν
1241 2781 1414 2836 ἐποίει
1451 2782 1725 2844 Διονύσιος
1747 2797 1763 2811 ⁸
1796 2784 1890 2836 καὶ

311 2879 553 2930 ποιεῖται
600 2876 919 2946 τεκμήριον,
977 2874 1060 2927 ὅτι
1107 2872 1322 2945 άληθῶς
1377 2873 1464 2927 διὰ
1511 2873 1607 2944 τὴν
1651 2873 1889 2944 λιχνείαν

311 2968 543 3022 ἔπλευσε
561 2965 623 3020 τὸ
642 2964 918 3037 πραθῆναι
939 2965 1101 3019 αὐτὸν
1131 2964 1282 3038 παρὰ
1315 2966 1612 3019 Διονυσίου,
1644 2964 1885 3036 Ἐπρὰθη
1917 3013 1959 3071 C

308 3063 370 3117 δὲ
396 3062 473 3132 τῷ
500 3061 613 3113 ὄντι
640 3058 858 3112 Πόλλιδι⁹
886 3058 964 3125 τῷ
992 3059 1247 3129 ναυάρχῳ
1279 3058 1388 3111 τῶν
1418 3059 1882 3130 Λακεδαιμονίων,

307 3156 550 3225 διάγοντι
583 3151 881 3225 τηνικαῦτα
915 3155 1093 3205 ἐκεῖσε
1114 3169 1128 3184 ο
1171 3146 1291 3205 εἶτα
1322 3153 1350 3205 6
1379 3152 1572 3215 Πόλλις
1603 3151 1771 3206 ἐλθὼν
1808 3154 1887 3216 είς

308 3251 536 3318 Αἴγιναν
607 3247 779 3301 πωλεῖ
804 3246 968 3300 αὐτὸν
1019 3247 1357 3317 πεντήκοντα
1409 3244 1556 3299 ανῶν
1588 3239 1687 3311 τῷσ
1723 3246 1887 3298 Ἀννι-

308 3342 489 3413 κάρῳ.

382 3541 571 3594 Πολλοὶ
607 3540 663 3593 δὲ
697 3540 791 3593 καὶ
827 3538 937 3591 τῶν
961 3537 1213 3591 Στωϊκῶν
1242 3536 1457 3608 ἀρχαῖοί
1488 3554 1672 3607 φασιν,
1695 3536 1770 3601 ὡς
1795 3537 1884 3591 διὰ

301 3635 548 3705 λιχνείαν
580 3634 716 3703 πρὸς
755 3632 844 3687 τὸν
890 3631 1160 3684 Διονύσιον
1190 3631 1431 3701 ἀπῆλθεν
1459 3634 1487 3685 6
1521 3630 1768 3696 Πλάτων,
1802 3628 1883 3695 οἷς

301 3730 403 3783 καὶ
427 3731 456 3781 6
481 3726 780 3798 Γρηγόριος
813 3723 1010 3795 μᾶλλον
1037 3724 1363 3786 συντίθεται,
1391 3723 1483 3777 καῖ⁵
1513 3724 1574 3776 οὐ
1606 3727 1715 3787 τοῖς
1752 3741 1885 3777 νεω-

313 3821 488 3893 οέροις
518 3820 801 3881 Πλάτωνος
840 3817 1151 3887 ἐξηγηταῖς.
1176 3815 1337 3885 Λέγει
1372 3817 1429 3870 δὲ
1459 3817 1553 3869 καὶ
1581 3819 1609 3870 6
1634 3817 1882 3886 Ξενοφῶν

307 3916 396 3978 δίς
424 3912 537 3978 τὴν
563 3908 712 3979 πρὸς
743 3909 1040 3977 Αἰσχίνην
1065 3907 1418 3976 ἐπιστολὴν,
1443 3909 1518 3972 ὡς
1538 3908 1625 3961 διὰ
1645 3910 1881 3980 λαιμαρ-

302 4009 431 4079 γίαν
466 4008 495 4058 6
521 4006 745 4059 Πλάτων
765 4005 844 4068 είς
876 4005 973 4075 τὴν
999 4004 1247 4057 Σικελίαν
1283 4002 1489 4074 ἀπῆλθε
1532 4003 1667 4074 πρὸς
1701 4005 1883 4057 Διονύ-

307 4114 423 4155 σιον
446 4098 537 4152 τὸν
568 4096 850 4167 τύραννον.

543 4191 640 4245 κδ’.
685 4190 823 4257 Περὶ
854 4187 1259 4256 Ξενοκράτους
1288 4189 1649 4257 ὀψοφαγίας.

376 4284 718 4355 Ξενοκράτης
755 4282 851 4336 καῖ
901 4281 1275 4354 Ἀριστοτέλης
1320 4279 1560 4351 μαθηταὶ
1596 4280 1688 4334 τοῦ
1735 4281 1879 4335 Πλά-

1998 1794 2108 1848 bat.
2160 1786 2485 1864 Quanquam
2535 1795 2965 1851 Atheniensibus
3012 1797 3065 1851 in
3114 1798 3254 1851 hanc
3300 1800 3570 1868 suspicio-

1996 1901 2117 1940 nem
2152 1888 2317 1951 venit,
2365 1896 2425 1940 ut
2465 1903 2588 1942 eum
2634 1888 2884 1943 obscenae
2933 1889 3181 1944 libidinis
3221 1905 3388 1945 causa
3438 1906 3563 1945 eum

1995 1975 2277 2031 Alcibiade
2317 1977 2773 2031 consuetudinem
2801 1978 3005 2033 habere
3033 1979 3437 2035 existimarent.

2371 2069 2463 2123 25.
2499 2068 2575 2122 De
2607 2067 2849 2124 Platonis
2883 2070 3206 2140 liguritione.

2064 2159 2429 2232 Philosophus
2465 2161 2619 2215 Plato
2646 2177 2771 2215 cum
2801 2161 3121 2233 Dionysium
3160 2162 3362 2219 Sicilia:
3383 2171 3567 2235 tyran-

1994 2268 2125 2307 num
2166 2253 2369 2323 ingenii
2413 2254 2790 2323 magnitudine
2814 2262 2977 2329 atque
3001 2254 3182 2308 indole
3215 2256 3569 2324 praestarein

1996 2346 2312 2410 tellexisset,
2336 2345 2400 2399 ad
2422 2362 2545 2401 eum
2568 2346 2860 2414 navigavit.
2880 2332 2956 2399 Ac
2978 2344 3220 2401 Platonis
3242 2348 3460 2416 quidem
3490 2349 3568 2402 in-

1994 2445 2258 2506 terpretes
2287 2435 2559 2507 duplicem
2588 2435 2751 2505 hujus
2789 2435 3153 2504 navigationis
3182 2451 3403 2490 causam
3438 2437 3568 2489 allie-

1994 2538 2141 2593 runt,
2165 2532 2413 2594 alteram,
2440 2539 2498 2583 ut
2525 2529 2701 2599 ignem
2734 2528 2884 2581 illum
2923 2528 3015 2596 qui
3045 2544 3107 2582 ex
3129 2526 3294 2581 Aitna
3317 2506 3566 2596 erumpe-

1993 2621 2104 2686 bat,
2126 2621 2327 2675 viseret
2343 2622 2621 2687 :,alteram,
2645 2628 2703 2673 ut
2726 2620 3133 2690 Dionysium‘ad
3153 2618 3565 2690 amplexandani

1992 2711 2389 2781 phiiosopbiam
2421 2712 2750 2765 hortaretur.
2782 2710 2859 2764 Ac
2891 2708 3397 2780 beatusGregorius
3427 2710 3566 2764 hanc

1993 2803 2094 2871 ipsi
2117 2801 2377 2856 adeunda:
2398 2800 2599 2855 Sicilia:
2621 2816 2841 2855 causam
2868 2799 3037 2855 fuisse
3059 2801 3155 2863 ait,
3179 2811 3237 2853 ut
3262 2802 3565 2870 magniﬁcis

1991 2903 2042 2946 et
2069 2892 2311 2961 opiparis
2353 2890 2593 2963 Dionysii
2618 2892 2792 2946 cumis
2820 2891 3110 2947 frueretur.
3138 2889 3305 2960 quue
3339 2890 3440 2945 hac
3473 2892 3566 2946 de-

1992 2999 2137 3037 mum
2171 2984 2483 3050 conjectura
2505 2999 2629 3039 vere
2651 2985 2832 3056 colligi
2853 2992 3060 3051 censet,
3081 2984 3225 3054 quod
3248 3000 3278 3037 a
3301 2982 3564 3054 Dionysio

1995 3087 2214 3147 propter
2232 3077 2406 3147 ipsius
2422 3076 2786 3147 liguritionem
2808 3077 3059 3131 venditus
3080 3075 3170 3131 sit.
3194 3074 3399 3130 Revera
3415 3076 3561 3129 enim

1992 3169 2232 3226 vinditus
2251 3181 2356 3235 est,
2380 3178 2565 3241 utpote
2596 3185 2626 3223 a
2656 3168 2915 3240 Dionysio
2934 3168 3128 3223 Pollidi
3150 3167 3563 3223 Lacedaemonio

1990 3262 2295 3325 Navarclw,
2332 3264 2424 3333 qui
2470 3272 2582 3317 tum
2616 3264 2726 3318 illic
2761 3263 3011 3333 degebat,
3045 3264 3191 3317 dono
3222 3262 3439 3317 oblatus
3464 3281 3476 3315 :
3499 3278 3563 3317 ac

1991 3354 2188 3411 deinde
2218 3355 2287 3410 ab
2322 3356 2441 3425 ipso
2463 3354 2691 3418 Pollide,
2715 3370 2838 3408 cum
2875 3355 2927 3407 in
2954 3353 3206 3424 Aiginam
3242 3354 3560 3423 appulisset,

1989 3448 2210 3501 Aniceri
2239 3447 2634 3518 quinquaginta
2666 3447 2829 3501 minis
2859 3447 3132 3501 venditus.

2064 3537 2241 3608 [Multi
2274 3547 2455 3593 autem
2492 3539 2637 3593 inter
2662 3537 3005 3607 antiquiores
3029 3535 3246 3590 Stoicos
3277 3533 3560 3592 Platonem

1991 3631 2183 3685 dicunt
2220 3631 2561 3701 liguritionis
2587 3646 2752 3685 causa
2789 3630 2855 3683 ad
2886 3628 3202 3699 Dionysium
3236 3629 3559 3697 perrexisse,

1991 3735 2128 3791 quos
2155 3722 2461 3776 audiendos
2502 3721 2688 3792 potius
2717 3720 2995 3775 existimat
3043 3718 3344 3789 Gregorius
3397 3734 3559 3788 quam

1991 3822 2240 3870 recentes
2294 3813 2631 3870 Platonicos.
2699 3813 3001 3883 Xenophon
3053 3815 3106 3865 in
3164 3811 3437 3879 epistolam
3492 3811 3560 3863 ad

1990 3906 2297 3963 Λῑδείιίηεηι
2369 3909 2444 3963 ait
2513 3907 2793 3963 Platonem
2861 3906 3181 3961 deliciarum
3252 3905 3561 3959 Sicularum

1989 4013 2176 4054 amore
2214 3997 2531 4069 Dionysium
2558 4010 2848 4070 tyrannum
2873 3998 3076 4052 adiisse
3107 3994 3231 4068 (l).]

2336 4175 2425 4227 ‘24.
2469 4173 2541 4226 De
2570 4173 2881 4227 Xenocratis
2927 4174 3209 4229 edacitate.

2059 4268 2394 4324 Xenocrates
2431 4276 2485 4321 et
2520 4266 2839 4321 Aristoteles
2877 4267 3122 4323 Platonis
3151 4267 3404 4337 discipuli
3443 4267 3561 4323 fue-

302 4392 493 4438 τωνος.
538 4374 746 4437 Οἴτινες
774 4374 868 4427 καὶ
903 4373 1203 4439 διεδέξαντο
1236 4372 1399 4425 αὐτοῦ
1433 4373 1531 4443 τὴν
1560 4373 1841 4445 διατριϐήν
1863 4391 1875 4403 ·

1993 4370 2136 4424 runt,
2159 4362 2318 4431 eique
2338 4361 2389 4413 in
2413 4359 2770 4430 phil050phize
2790 4360 3131 4429 professione
3152 4372 3556 4417 successerunt.

303 4469 401 4521 καὶ
433 4467 461 4518 6
499 4467 595 4535 μὲν
620 4464 957 4536 Ξενοκράτης
986 4463 1207 4533 ἐποίησε
1236 4462 1477 4533 Στωῖκὴν
1506 4463 1737 4533 αἵρεσιν,
1768 4464 1795 4516 6
1822 4464 1879 4516 δὲ

1993 4452 2055 4506 lic
2074 4450 2411 4506 Xenocrates
2431 4450 2648 4519 quidem
2674 4448 2912 4503 Stoicam
2934 4460 3136 4505 sectam
3159 4451 3421 4531 condidit,
3438 4451 3561 4504 Ari-

315 4558 698 4630 Ἀριστοτέλης
734 4558 834 4628 τὴν
910 4556 1371 4627 Περιπατητικήχ.
1413 4555 1644 4623 Λέγεται
1693 4555 1749 4607 δὲ
1797 4557 1878 4609 ὅτι

1978 4546 2201 4602 διοιθιθε
2242 4555 2423 4597 autem
2479 4542 2915 4613 Peripateticum.
2953 4542 3147 4597 Fertur
3186 4523 3360 4614 porro
3410 4551 3558 4597 tanta

298 4649 447 4701 οὕτω
480 4647 710 4721 σώφρων
750 4644 816 4718 ἦν
848 4649 876 4701 6
912 4646 1272 4718 Ξενοκράτης,
1305 4647 1399 4700 καὶ
1443 4645 1613 4710 οὓτως
1640 4647 1876 4715 ὑπέταξε

1993 4639 2147 4693 'uisse
2191 4639 2245 4691 in
2290 4636 2597 4691 Xenocrate
2626 4636 2901 4706 pudicitiae
2930 4637 3069 4699 laus.
3111 4645 3189 4699 ut,
3226 4651 3349 4689 cum
3395 4637 3557 4692 etiam

302 4740 369 4794 τὰ
398 4739 545 4810 πάθη
576 4741 652 4811 τῷ
685 4740 848 4811 λόγῳ,
877 4741 956 4793 ὅτι
979 4738 1072 4793 καὶ⁵
1100 4739 1320 4811 τρυφῶν
1349 4739 1451 4815 οὐκ
1474 4740 1702 4793 ἐκινεῖτο
1742 4740 1877 4811 πρὸς

293 4830 369 4883 τά
409 4830 718 4901 ἀφροδίσια.
763 4830 820 4884 ’0
854 4825 945 4883 οὗν
986 4829 1251 4901 μακάριος
1296 4829 1595 4900 Γρηγόριος
1632 4847 1872 4901 κατηγο-

300 4924 389 4992 ρεῖ
425 4918 588 4974 αὐτοῦ
632 4922 708 4985 ὼς
752 4921 1059 4992 λαιμάργου
1105 4922 1196 4975 καὶ
1226 4920 1532 4990 ὀψοφάγου,
1569 4923 1660 4974 καὶ
1706 4922 1871 4991 μηδὲν

1975 4733 2195 4787 mollius
2224 4740 2277 4787 et
2307 4731 2596 4786 delicatius
2626 4732 2848 4794 viveret,
2884 4732 3052 4785 nullis
3090 4730 3335 4786 libidinis
3366 4731 3559 4786 stimu-

1958 4826 2050 4882 .lis
2084 4825 2427 4880 incitaretur.
2471 4825 2547 4878 Ac
2592 4825 2820 4895 proinde
2870 4825 2943 4879 ita
2992 4825 3354 4880 moderandos
3395 4832 3558 4895 atque

1990 4917 2287 4974 frenandos
2318 4916 2543 4973 allectus
2566 4934 2687 4973 esse
2716 4918 2953 4981 dicebat,
2977 4927 3035 4971 ut
3059 4917 3256 4972 rationi
3280 4917 3552 4972 obediant.

296 5011 734 5081 παραιτουμένου
767 5011 963 5064 ἐσθίειν
992 5011 1067 5073 ὡς
1101 5010 1407 5080 φιλοσόφου.
1439 5010 1728 5079 Φιλοσοφία
1762 5011 1869 5079 γάρ

1993 5010 2280 5065 insectatur
2296 5027 2426 5082 ergo
2455 5028 2579 5067 eum
2610 5011 2920 5081 Tlieologus
2950 5021 3008 5066 ut
3041 5015 3320 5068 lurconem
3351 5019 3405 5067 et
3442 5011 3556 5065 hel-

295 5102 448 5154 ἐστιν
471 5102 671 5172 ἀρετῆς
703 5100 998 5171 ἐγκράτεια
1022 5102 1115 5154 καὶ
1147 5101 1368 5166 εὐταξία
1404 5101 1726 5174 βρωμάτων.

1978 5103 2219 5169 luonem,
2252 5120 2353 5159 nec
2383 5104 2451 5159 ab
2499 5104 2608 5158 ullo
2656 5104 2903 5158 ciborum
2938 5122 3137 5175 genere
3165 5106 3547 5166 abstinentem,

297 5202 357 5247 ut
390 5192 769 5261 philosophum
798 5193 1043 5249 decebat.
1078 5194 1392 5265 Philosophi
1421 5196 1567 5250 enim
1597 5205 1680 5252 est
1712 5199 2128 5267 temperantiam
2155 5199 2355 5264 colere,
2391 5214 2453 5252 ac
2483 5198 2700 5253 modum
2736 5198 2790 5252 in
2826 5200 2965 5255 cibis
2992 5208 3195 5255 tenere.

588 5313 683 5359 κε’.
726 5307 861 5375 Περὶ
882 5306 1192 5376 Διογένους
1219 5316 1580 5386 στωμυλίας.

365 5396 619 5467 Διογένης
640 5399 859 5463 κυνικὸς
877 5394 945 5470 ἦν
967 5398 1270 5469 φιλόσοφος.
1298 5402 1530 5464 Κυνικὸς
1554 5402 1610 5454 δὲ
1633 5403 1867 5473 ῆκουσεν

2351 5316 2443 5372 25.
2484 5315 2561 5370 De
2590 5316 2838 5387 Diogenis
2864 5317 3169 5371 dicacitate.

2047 5408 2315 5480 Diogenes
2345 5409 2591 5480 Cynicus
2631 5410 2998 5481 philosophus
3021 5419 3157 5465 erat.
3182 5410 3421 5482 Cynicus
3454 5426 3552 5465 au-

291 5487 402 5541 ἀπὸ
461 5491 773 5559 μεταφορᾶς
800 5490 906 5543 τῶν
940 5489 1208 5562 χερσαίων
1248 5492 1446 5548 κυνῶν.
1496 5494 1705 5563 Ὠσπερ
1752 5494 1861 5567 γάρ

1996 5514 2081 5553 em
2112 5499 2293 5556 dictus
2323 5507 2406 5555 est
2438 5501 2795 5557 translatione
2818 5517 2846 5554 a
2879 5502 3107 5556 canibus
3129 5501 3315 5557 ducta.
3350 5506 3551 5569 Quem-

290 5578 342 5635 9!
380 5577 537 5643 κύνες
568 5575 713 5633 οὗτοι
745 5581 927 5649 ἔχουσί
953 5599 1004 5634 τι
1040 5581 1134 5634 καὶ
1162 5581 1491 5650 φυλακτικὸν
1519 5585 1611 5638 καὶ
1637 5585 1861 5656 διακρι-

356 5702 440 5770 (l)
477 5703 691 5762 Inclusa
712 5705 907 5760 desunt
928 5706 1069 5776 apud
1094 5706 1336 5764 Billium.

1972 5592 2263 5646 admodum
2332 5594 2477 5649 enim
2544 5609 2712 5652 canes
2785 5596 3020 5651 latrandi
3088 5596 3548 5670 discernendique
