4018 6296
506 217 611 275 999
1862 209 2146 268 manus
2171 209 2402 267 ‘ABBAS
3612 219 3729 280 tum

508 329 770 385 facultate
811 324 1025 398 praediti
1061 333 1190 383 sunt
1216 324 1560 398 (discernunt
1591 324 1736 381 enim
1765 323 2096 380 domesticos

2214 325 2352 378 ιικὸν
2405 325 2773 399 (διακρίνουσι
2819 327 2928 400 γὰρ
2970 329 3097 392 τοὺς
3143 328 3372 394 οἰκείους
3419 329 3521 386 τῶν
3558 331 3730 399 ξένων,

509 430 567 479 et
598 420 895 476 familiares
929 420 999 475 ab
1023 419 1248 482 exteris,
1270 433 1334 474 ac
1366 418 1699 476 domesticos
1725 416 2092 486 custodiunt),

508 513 582 568 ad
612 511 861 572 eumdem
893 512 1010 582 ipse
1037 527 1258 581 quoque
1292 511 1513 566 modum
1537 518 1777 580 utraque
1820 509 2092 564 facultate

516 607 773 678 pollebat.
827 603 962 658 Nam
1003 613 1058 658 et
1109 603 1474 674 philosophiae
1509 604 1772 673 dogmata
1822 601 2098 657 custodie-

517 700 634 763 bat,
665 707 718 753 et
749 698 978 753 idoneos
1013 696 1079 750 ad
1112 697 1518 767 philosophiam
1549 698 1620 751 ab
1651 697 1736 752 his
1762 695 1855 766 qui
1877 693 2099 748 minime

520 789 708 845 idonei
735 795 916 852 erant,
954 787 1360 858 distinguebat.
1390 788 1582 843 Merito
1614 789 1798 857 itaque
1831 786 2098 856 Diogenes

517 897 644 939 cum
670 882 800 936 talis
828 888 995 947 esset,
1020 881 1260 936 maxima
1284 879 1502 936 dicendi
1531 881 1781 936 liber-tate
1809 879 2095 936 utebatur:

520 983 684 1044 atque
723 982 776 1029 et
803 988 1033 1044 magnos
1065 980 1119 1027 et
1168 981 1417 1042 potentes
1475 973 1624 1028 viros
1677 983 1731 1026 et
1783 972 2099 1040 eloquentes

513 1066 764 1134 aliosque
814 1080 1008 1120 omnes
1045 1064 1265 1120 honesti
1313 1079 1481 1119 causa
1531 1064 1902 1132 coarguebat:
1937 1063 2100 1132 idque

524 1155 760 1223 lepidius
800 1153 1096 1224 aliquando
1131 1153 1530 1221 scurriliusque
1560 1153 1808 1207 faciebat.
1844 1149 1959 1205 Huc
2002 1153 2102 1220 igi-

518 1255 610 1300 tur
661 1254 914 1315 spectans
969 1244 1030 1298 D.
1089 1243 1386 1315 Gregorius
1453 1245 1742 1314 Diogenem
1808 1244 2098 1298 ridiculum

519 1337 709 1407 potius
741 1342 835 1390 aut
871 1337 1224 1404 impostorem
1259 1334 1431 1390 fuisse
1487 1335 1583 1398 ait,
1637 1339 1800 1404 quam
1859 1335 2102 1404 philoso-

521 1430 714 1498 phum.
751 1427 846 1482 Est
894 1427 1037 1482 enim
1072 1423 1356 1498 στωμυλία
1399 1427 1548 1480 fraus
1597 1441 1682 1491 ea,
1707 1441 1814 1496 qua
1855 1425 2103 1480 homines

523 1523 818 1576 verborum
859 1520 1042 1590 lepore
1074 1520 1398 1589 facetiisque
1426 1519 1962 1578 circuim'eniuntur.

803 1629 890 1684 26.
935 1629 1011 1684 De
1035 1647 1117 1696 eo,
1144 1631 1232 1699 qui
1260 1631 1311 1684 in
1343 1631 1486 1684 dolio
1513 1631 1811 1686 bobitabat.

599 1721 722 1776 limo
743 1736 967 1791 quoque
995 1721 1228 1775 historia
1263 1721 1328 1774 ad
1362 1719 1656 1790 Diogenem
1691 1728 1927 1790 spectat.
1969 1716 2105 1773 Nar-

524 1825 650 1869 rant
677 1815 826 1867 enim
878 1829 1003 1867 eum
1035 1813 1090 1866 in
1133 1813 1283 1866 dolio
1331 1813 1532 1868 hiemis
1578 1822 1824 1884 tempore
1863 1812 2110 1867 habitare

525 1905 774 1964 solitum.
812 1919 876 1957 ac
908 1903 1012 1959 sub
1048 1919 1332 1974 vesperam
1363 1904 1586 1974 quidem
1645 1904 1855 1974 ingredi
1887 1914 2109 1974 propter

529 1996 725 2066 frigus,
753 1995 995 2050 interdiu
1031 2005 1211 2050 autem
1243 1998 1428 2066 egredi
1465 2007 1685 2067 propter
1709 1998 1905 2052 solem.
1957 1995 2111 2052 Unde

527 2102 652 2142 cum
682 2087 977 2156 aliquando
1007 2087 1076 2141 ad
1125 2088 1297 2141 solem
1343 2090 1711 2157 apricaretur,
1754 2103 1818 2142 ac
1848 2103 2112 2158 superve-

531 2182 695 2236 nicns
719 2179 1027 2235 Alexander
1070 2180 1204 2234 solis
1243 2181 1424 2234 lumen
1465 2179 1569 2250 ipsi
1614 2180 1930 2243 ademisset,
1962 2180 2109 2249 apri-

528 2271 786 2339 cantique
825 2270 1096 2334 alliceret,
1157 2279 1558 2338 quaereretque,
1619 2267 1872 2337 nunquid
1912 2269 2110 2324 veilet:

531 2361 704 2426 Nihil,
735 2361 932 2431 inquit,
965 2359 1136 2427 aliud,
1177 2375 1342 2430 quam
1396 2370 1456 2414 ut
1485 2361 1753 2430 apricanti
1789 2377 1865 2414 .ne
1899 2362 2111 2418 obstes.

526 2455 639 2508 Aut
663 2454 828 2523 igitur
852 2453 920 2507 ad
947 2453 1087 2507 hanc
1114 2435 1401 2508 historiam
1425 2453 1623 2506 alludit
1655 2452 1974 2524 Gregorius,
1995 2463 2110 2519 aut,

531 2552 595 2600 ut
627 2543 909 2615 probabile
931 2553 1035 2606 est,
1085 2543 1152 2597 ad
1189 2558 1308 2598 eam
1356 2559 1478 2613 quae
1516 2543 1932 2599 Ptohinmorum
1976 2551 2115 2601 tem-

530 2651 666 2708 pore
704 2635 974 2706 contigit:
1030 2650 1152 2706 qua:
1212 2635 1431 2706 quidem
1483 2636 1551 2690 ad
1598 2635 1746 2691 hunc
1782 2637 2005 2692 modum
2053 2653 2114 2694 se

531 2727 728 2782 habet:
749 2726 984 2784 Sotades
1018 2728 1290 2800 quispiam
1324 2729 1730 2784 Alexandrinus
1758 2730 2115 2801 philos0phus

531 2819 742 2874 inloco
789 2818 1031 2888 quodam
1079 2829 1234 2875 stans
1285 2821 1660 2889 apricabatur,
1722 2836 1786 2875 ac
1833 2821 2116 2891 pediculos

527 2911 830 2983 quaerebat.
876 2911 1028 2966 Hunc
1061 2928 1092 2966 e
1122 2912 1346 2967 sublimi
1397 2913 1751 2981 conspicatus
1793 2912 2116 2969 Ptolemaeus

2198 418 2291 470 καὶ
2329 417 2658 487 φυλάττουσι
2697 420 2823 484 τοὺς
2837 421 3126 492 οἰκείους),
3153 421 3294 475 οὕτω
3325 424 3418 476 καὶ
3447 417 3594 488 οὗτος
3629 427 3709 497 ὲμι

2201 516 2351 584 μεῖτο
2382 514 2443 566 τὸ
2478 514 2810 585 διακριτικὸν
2837 517 2934 569 καὶ
2967 517 3298 584 φυλακτικόν
3317 534 3330 548 ·
3378 518 3471 571 καὶ
3501 517 3739 587 ἐφύλαττε

2199 608 2298 677 μὲν
2331 607 2400 660 τά
2447 610 2548 678 τῆς
2589 607 2904 677 φιλοσοφίας
2950 609 3229 679 δόγματα,
3267 610 3500 681 διέκρινε
3545 610 3598 664 δὲ
3631 615 3740 677 τοὺς

2199 697 2536 768 ἐπιτηδείους
2610 700 2702 752 καὶ
2764 699 3168 770 ἀνεπιτηδείους
3230 700 3364 773 πρὸς
3427 701 3740 771 φιλοσοφίαν.

2138 854 2142 860 _
2199 791 2368 855 Αὐτὸς
2413 787 2504 846 οὖν
2541 793 2569 844 6
2609 791 2866 861 Διογένης
2903 792 3143 855 τοιοῦτος
3171 790 3280 856 ὢν,
3311 788 3377 863 ἦν
3417 793 3630 857 εἰκότως
3662 798 3744 849 καὶ

2199 883 2690 953 εὑπαρῥησίαστος.
2753 884 3018 954 Ἠλεγχεν
3076 879 3169 936 οὖν
3227 885 3314 937 καὶ
3361 883 3618 947 δυνάστας
3667 884 3747 938 κᾶὶ

2201 971 2538 1042 ἐλλογίμους,
2565 973 2659 1026 καὶ
2683 972 2861 1026 πάντα
2893 972 3176 1042 ἄνθρωπον
3195 971 3353 1042 δῆθεν
3375 971 3465 1029 διὰ
3489 973 3548 1030 τὸ
3570 973 3716 1026 καλόν
3731 991 3744 1005 ⁸

2201 1063 2436 1132 ἐλέγχων
2467 1065 2554 1127 δὲ,
2583 1065 2922 1136 ἀστειότερον
2946 1065 3036 1120 καὶ
3071 1063 3512 1133 γελοιωδέστερον
3544 1065 3744 1136 ἧλεγχε.

2202 1156 2346 1228 Πρὸς
2388 1157 2547 1210 τοῦτο
2579 1153 2672 1210 οὖν
2715 1156 3027 1225 ἀποϐλέψας
3076 1157 3103 1208 6
3157 1154 3425 1225 μακάριος
3478 1155 3749 1227 Γρηγόριος

2201 1247 2368 1315 λέγει,
2399 1249 2479 1302 ὅτι
2517 1250 2545 1302 ὁ
2575 1249 2832 1318 Διογένης
2878 1249 3082 1314 γελοῖος
3115 1249 3311 1318 μᾶλλον
3347 1245 3416 1318 ἦν
3442 1247 3534 1302 καὶ
3563 1248 3752 1318 ἀπατη·

2200 1338 2374 1402 τικὸς.
2401 1339 2433 1408 ἢ
2461 1338 2764 1408 ςιλόσοφος.
2790 1340 3074 1410 Στωμυλία
3095 1340 3152 1394 δέ
3175 1341 3372 1410 ἐστινὴ
3400 1340 3539 1394 κατά
3563 1340 3752 1394 ἀστειόο

2199 1449 2340 1502 τητα
2367 1433 2546 1503 ἀπάτη
2580 1431 3006 1503 προσερχομένη.

2409 1636 2520 1694 κςν.
2564 1631 2700 1698 Περί
2729 1629 2834 1684 τοῦ
2857 1627 3236 1694 ἐνοικοῦντος
3258 1628 3366 1683 τὸν
3386 1629 3574 1684 πίθον.

2282 1720 2572 1792 Πολλαχῶς
2591 1721 2812 1775 δύναται
2849 1721 3180 1792 ἐξηγηθῆναι
3198 1738 3212 1753 ·
3237 1721 3331 1774 καὶ
3353 1721 3494 1791 αὕτη
3521 1722 3622 1792 γὰρ
3649 1723 3756 1791 περί

2210 1812 2491 1879 Διογένους
2515 1811 2650 1866 ἐστί.
2679 1813 2911 1881 Λέγεται
2939 1807 3054 1874 οὖν,
3081 1813 3162 1864 ὅτι
3190 1814 3248 1865 ἐν
3275 1813 3356 1882 τῷ
3380 1812 3600 1883 χειμῶνι
3627 1809 3755 1874 οὗτος

2212 1903 2367 1956 πίθον
2392 1903 2556 1974 ᾤκει,
2588 1906 2643 1957 ὲν
2674 1897 2718 1971 ᾧ
2746 1905 2982 1974 ἑσπέρας
3011 1905 3180 1975 εἰσῄει
3211 1903 3297 1956 διὰ
3325 1903 3388 1956 τὸ
3418 1903 3607 1975 κρύος,
3636 1904 3754 1974 ἠμέ-

2213 2012 2312 2065 ρας
2342 1994 2399 2047 δὲ
2423 1995 2566 2065 ἐξῄει
2598 1994 2685 2048 διὰ
2722 1995 2811 2046 τὸν
2837 1995 3006 2065 ἥλιον.
3055 1995 3144 2048 Διὸ
3191 1995 3282 2048 καί
3326 2011 3459 2047 ποτε
3502 1993 3755 2066 θερμαινο-

2213 2082 2376 2149 μένου
2419 2077 2582 2132 αὑτοῦ
2629 2081 2686 2132 ὲν
2718 2079 2796 2150 τῷ
2829 2080 2994 2150 ἡλίῳ,
3046 2080 3247 2149 ἐπέστη
3281 2082 3310 2133 ό
3370 2079 3696 2150 Ἀλέξανδρος
3731 2081 3756 2132 ὁ

2212 2171 2505 2236 Μακεδὼν,
2557 2172 2872 2226 ἀποσκοτῶν
2925 2172 3074 2243 αὐτῷ
3129 2171 3223 2226 τοῦ
3275 2171 3353 2244 μὴ
3403 2171 3756 2243 θερμαίνεσθαι

2213 2261 2376 2316 αὑτὸν
2421 2266 2478 2316 ὲν
2525 2263 2602 2333 τῷ
2641 2263 2807 2335 ἡλίῳ,
2844 2266 2937 2318 καὶ
2975 2264 3178 2334 λέγων’
3214 2265 3382 2328 Εἰπὲ,
3431 2264 3693 2332 Διόγενες,
3717 2264 3757 2316 τί

2221 2355 2397 2424 βούλει
2427 2373 2510 2409 σοι
2538 2359 2880 2428 χαρίσωμαις
2923 2359 2979 2412 'O
3005 2358 3061 2411 δὲ
3091 2352 3231 2410 εἷπε·
3259 2357 3431 2411 Τοῦτό
3457 2375 3544 2428 μοι
3569 2357 3758 2429 χάρισαι

2215 2449 2280 2503 τὸ
2313 2451 2506 2521 μικρὸν
2537 2451 2877 2522 ὑπεκστῆναί
2913 2468 3045 2521 μου,
3101 2451 3186 2504 ἴνα
3237 2448 3548 2520 θερμανθῶ.
3583 2450 3646 2502 Ἦ
3681 2445 3757 2503 οὖν

2215 2542 2353 2613 αὕτη
2379 2545 2524 2597 ἐστὶν
2556 2547 2588 2614 ἡ
2625 2545 2832 2614 ἱστορία
2853 2587 2868 2609 ,
2901 2544 2956 2614 ἢ,
2989 2544 3063 2607 ὡς
3091 2544 3258 2608 εἰκδς,
3311 2546 3366 2618 ἡ¹
3392 2542 3648 2614 γενομένη
3682 2541 3758 2597 ἐπί

2215 2634 2309 2687 τοῦ
2335 2635 2667 2706 Πτολεμαίου
2685 2652 2697 2665 ·
2727 2635 2841 2688 ἐστι
2864 2635 2920 2688 δὲ
2946 2635 3086 2706 αὕτη
3102 2651 3115 2664 ·
3148 2636 3402 2706 Σωτάδης
3423 2654 3506 2700 τις
3544 2635 3759 2700 Ἀλεξαν-

2213 2727 2373 2800 δρεὺς
2401 2729 2705 2799 φιλόσοφος,
2734 2731 2918 2784 ἵστατο
2949 2732 3005 2782 ὲν
3025 2730 3172 2801 τόπῳ
3199 2731 3304 2783 τινὶ
3333 2731 3391 2783 ὲν
3415 2729 3550 2801 ἡλίῳ
3579 2728 3759 2799 φθειρό-

2221 2839 2400 2892 μενος.
2436 2821 2638 2875 Τοῦτον
2680 2821 2885 2876 ἄνωθεν
2913 2820 2975 2876 ἐκ
3008 2839 3152 2884 τινος
3177 2821 3424 2875 ἀπόπτου
3456 2820 3759 2890 θεασάμενος

2216 2914 2246 2966 ὁ
2280 2911 2642 2983 Πτολεμαῖος,
2689 2912 2954 2982 κατῆλθεν
2987 2913 3072 2966 ἵνα
3111 2913 3272 2964 αὐτὸν
3312 2911 3468 2966 λὰὗοι
3501 2914 3576 2974 εἰς
3598 2910 3658 2963 τὰ
3686 2909 3760 2981 βα-

528 3004 838 3066 descendit,
875 3011 933 3056 ut
959 3019 1084 3058 eum
1118 3004 1173 3058 in
1225 3004 1406 3058 aulam
1459 3005 1708 3060 duceret.
1765 3006 1999 3062 Sotades
2028 3022 2114 3060 au-

2223 3005 2418 3058 σίλεια.
2491 3005 2548 3058 Ὀ
2611 3005 2669 3057 δὲ
2719 3003 2972 3074 Σωτάδης
3017 3003 3138 3056 ἰδὼν
3193 3003 3392 3068 αὑτὸν,
3429 3003 3661 3074 εἰσῆλθεν
3699 3004 3760 3064 εἰς

531 3106 643 3152 tem
679 3111 746 3150 eo
785 3103 1086 3164 conspecto
1118 3095 1172 3149 in
1214 3094 1347 3149 dolii
1389 3095 1676 3165 cujusdam
1718 3097 1954 3165 jacentis
2001 3097 2116 3150 fra-

529 3195 814 3259 gmentum
847 3202 971 3243 sese
1001 3187 1246 3252 inclusit,
1295 3188 1488 3257 sicque
1514 3185 1808 3243 Ptolemaeo
1833 3189 2121 3244 abscondi-

535 3288 627 3336 tus
663 3289 787 3345 est;
823 3289 1009 3350 postea
1065 3288 1245 3334 autem
1315 3286 1375 3333 ut
1427 3279 1593 3335 miser
1640 3289 1696 3335 et
1749 3280 2119 3338 infortunatus

533 3374 868 3446 suggillatus
897 3381 1002 3429 est.
1031 3372 1136 3426 Alii
1161 3372 1349 3427 dicunt
1383 3371 1736 3428 Ptolemaeum
1779 3375 1890 3430 hoc
1925 3375 2118 3432 iambi-

533 3482 660 3522 cum
699 3467 753 3521 in
784 3481 909 3522 eum
953 3465 1341 3520 contorsisse:

607 3581 756 3638 Malo
785 3583 1017 3653 fortuna:
1045 3591 1252 3653 guttam
1271 3621 1286 3647 ,
1319 3597 1476 3652 quam
1499 3581 1795 3652 prudentia:
1823 3581 2049 3638 dolium.

613 3693 827 3760 Quibus
860 3692 1046 3746 verbis
1079 3691 1424 3761 significabat
1459 3691 1664 3746 dolium
1719 3692 1939 3762 quidem
1987 3691 2122 3748 illud

536 3785 828 3858 prudentia
863 3793 1076 3838 scatere
1107 3793 1328 3854 propter
1353 3782 1630 3848 Sotadcm,
1663 3785 1757 3854 qui
1791 3799 1858 3839 eo
1884 3784 2124 3840 include-

538 3879 730 3932 batur:
765 3882 946 3928 tamen
976 3874 1106 3943 quia
1131 3875 1245 3944 ipse
1270 3874 1640 3928 infortunatus
1664 3881 1830 3941 esset,
1860 3874 1994 3927 nihil
2018 3874 2123 3943 ipsi

539 3978 749 4024 tantam
805 3967 1114 4038 prudentia:
1162 3969 1466 4022 ubertatem
1517 3967 1814 4038 profuisse.
1863 3967 1940 4022 Ac
1993 3967 2122 4022 talis

538 4062 760 4132 quidem
793 4068 876 4115 cst
906 4061 1020 4114 hace
1048 4059 1300 4114 historia.
1345 4059 1498 4114 Nunc
1541 4060 1607 4114 ad
1655 4060 2120 4115 constructionem

2220 3097 2438 3168 κλάσμα
2483 3095 2641 3151 πίθου
2692 3096 2976 3167 κειμένου,
3021 3095 3114 3150 καὶ
3148 3094 3436 3167 ὑπεκρύόη
3472 3095 3561 3148 τὸν
3598 3093 3761 3147 Πτολε-

2223 3190 2400 3260 μαῖον.
2435 3188 2700 3260 ’Ὕστερον
2723 3187 2780 3240 δὲ
2811 3189 2885 3250 ὼς
2916 3187 3086 3259 ἀτυχῆ
3115 3205 3256 3251 τινες
3285 3188 3474 3242 τοῦτον
3501 3185 3760 3241 διέϐαλλον.

2225 3280 2407 3334 Ἀλλοι
2439 3279 2494 3335 δὲ
2522 3279 2793 3348 λέγουσιν,
2833 3280 2912 3334 ὅτι
2944 3281 3104 3344 αὐτος
3141 3281 3171 3334 ὁ
3217 3281 3579 3351 Πτολεμαῖος,
3611 3279 3693 3331 καὶ
3714 3275 3764 3329 τὸ

2225 3372 2467 3444 ἰαμϐεῖον
2495 3371 2651 3425 τοῦτο
2685 3371 3085 3440 ἀπεφθέγξατου

2324 3572 2485 3627 Θέλω
2513 3571 2701 3640 τύχης
2734 3571 3103 3641 σταλαγμὸν,
3129 3569 3166 3638 ἢ
3193 3571 3430 3642 φρενῶν
3452 3574 3638 3628 πίθον.

2223 3681 2603 3753 Αἰνιττόμένος
2649 3685 2728 3737 ὅτι
2762 3686 2790 3738 ὁ
2841 3684 2995 3748 πίθος
3041 3685 3242 3749 ἐκεῖνος
3275 3687 3475 3756 μεστός
3517 3690 3625 3740 ἐστι
3656 3701 3764 3756 pps—

2224 3775 2359 3840 νῶν,
2392 3776 2477 3830 διὰ
2505 3775 2632 3848 [τὸ]
2667 3778 2757 3829 τὸν
2808 3777 3057 3850 Σωτάδην
3100 3779 3248 3842 ὲντὺς
3288 3779 3453 3835 αὐτοῦ
3485 3777 3646 3833 εἶναι·
3687 3780 3763 3832 καὶ

2223 3869 2372 3938 ὅμως
2406 3869 2492 3922 διὰ
2533 3868 2593 3921 τὸ
2627 3865 2764 3922 εἶναι
2804 3870 2965 3923 αὐτὸν
3009 3870 3219 3941 ἀτυχῆ,
3259 3872 3412 3924 οὐδὲν
3449 3872 3605 3926 αὑτὸν
3643 3869 3762 3938 diei-

2224 3958 2455 4030 λησενὴ
2507 3958 2615 4012 τῶν
2664 3959 2876 4031 φρενῶν
2935 3958 3165 4030 πληθύς.
3212 3963 3321 4018 Καὶ
3362 3965 3395 4032 ἡ
3445 3963 3542 4031 μὲν
3579 3961 3762 4030 ἱστορία

2225 4051 2362 4122 αὕτη
2385 4070 2398 4082 ·
2435 4054 2466 4121 ἡ
2505 4051 2561 4103 δὲ
2591 4051 2842 4117 σύνταξίς
2873 4054 3018 4104 ἐστιν
3046 4053 3219 4105 οὕτω·
3250 4055 3359 4108 Καὶ
3388 4055 3486 4124 τῆς
3518 4054 3762 4122 Διογένους

541 4155 850 4218 veniamus,
882 4153 975 4205 καὶ
1009 4151 1108 4222 τῆς
1135 4151 1422 4221 Διογένους
1449 4151 1756 4223 στωμυλίας
1787 4151 1876 4220 ὑφ’
1900 4146 1968 4224 ἧς
1999 4151 2126 4215 τοὺς
2227 4141 2556 4210 στωμυλίας.
2584 4141 2674 4209 ὑφ’
2703 4135 2770 4211 ἧς
2800 4141 2922 4206 τοὺς
2959 4141 3140 4205 ξένους
3165 4142 3510 4214 ὑπεξίστησιν
3529 4161 3541 4172 ⁸
3569 4144 3628 4196 ἶν’
3655 4142 3760 4211 ἢδτι

546 4246 726 4312 ξένους
790 4245 1132 4314 ὑπεξίστησι,
1179 4259 1411 4313 quorum
1463 4245 1750 4298 verborum
1801 4243 1894 4299 hic
1928 4257 2166 4298 sensus-

2225 4233 2252 4285 6
2279 4232 2535 4300 Διογένης
2558 4231 2644 4284 διὰ
2667 4230 2766 4300 τῆς
2793 4231 3100 4302 στωμυλίας
3129 4234 3301 4286 ἐποίει
3327 4236 3624 4305 ἀποχωρεῖν
3657 4233 3760 4292 τοὺς

538 4345 660 4393 est;
691 4337 945 4408 Diogenes
983 4335 1264 4389 dicacitate
1289 4352 1386 4390 sua
1409 4352 1494 4388 eos
1517 4337 1606 4405 qui
1626 4335 1727 4404 ipsi
1746 4333 1984 4387 umbram
2017 4332 2114 4402 ι’ΠΞ·

2225 4322 2321 4394 τὴν
2351 4322 2508 4376 σκιὰν
2547 4321 2694 4392 αὑτῷ
2729 4322 3014 4385 ποιοῦντας
3042 4324 3182 4396 (τοῖς
3212 4325 3491 4395 τυράννοις
3514 4327 3566 4379 δὲ
3606 4324 3759 4393 λέγει,

542 4429 746 4484 ciebant
786 4432 1143 4483 submouebat.
1184 4426 1288 4482 Per
1321 4435 1586 4499 tyrannos
1621 4435 1826 4486 autem.
1866 4426 2118 4497 tyranni-

542 4539 639 4578 cos
671 4537 951 4578 sermones
1001 4522 1278 4591 intelligit,
1307 4521 1512 4591 quibus
1569 4520 1828 4575 secedere
1892 4509 2125 4588 cogebat

539 4629 638 4669 eos
677 4629 706 4666 a
758 4613 960 4682 quibus
1001 4612 1280 4666 adibatur.
1321 4611 1594 4678 Quocirca
1621 4611 1737 4666 sive
1772 4626 1879 4665 una
1901 4610 2122 4666 eadem-

544 4721 652 4775 que
680 4703 753 4758 sit
785 4703 1096 4760 dicacitatis
1150 4703 1406 4775 Diogenis
1450 4713 1504 4761 et
1534 4705 1664 4760 dolii
1695 4705 1950 4768 historia,
1989 4718 2124 4757 con-

545 4795 782 4851 structio
826 4795 1014 4864 juncta
1060 4802 1182 4861 est;
1216 4796 1330 4850 sive
1367 4795 1489 4850 dure
1533 4796 1646 4851 sint
1697 4795 1957 4859 historim,
1992 4809 2125 4848 con-

546 4885 810 4940 struenda
876 4887 981 4940 erit
1039 4885 1295 4956 Diogenis
1353 4886 1618 4941 dicacitas
1677 4901 1800 4941 cum
1860 4900 1924 4940 eo
1979 4885 2122 4954 quod

545 4976 816 5047 sequitur,
869 4977 958 5046 ὑφ’
1009 4973 1077 5048 ἦς
1126 4978 1253 5040 τοὺς
1311 4976 1494 5044 ξένους
1566 4976 1907 5046 ὑπεξίστησι.
1969 4975 2125 5042 Quod

547 5074 730 5120 autem
795 5082 893 5136 per
947 5075 1210 5138 tyrannos
1262 5067 1557 5139 importuni
1611 5075 1775 5136 atque
1827 5064 2122 5120 insolentes

546 5174 832 5216 sermones
871 5161 1248 5230 intelligantur
1277 5160 1376 5230 (-l),
1409 5160 1637 5230 ipsemet
1657 5158 1956 5231 Gregorius
1985 5157 2121 5212 dixit

628 5338 704 5411 (l)
746 5337 978 5411 Fallitur
1019 5337 1271 5404 Nonnus,
1333 5340 1512 5411 inquit
1567 5338 1760 5411 Dillius
1808 5338 1984 5411 schol.
2035 5339 2125 5404 40,

548 5411 616 5466 ad
641 5408 666 5466 'l
688 5408 886 5465 contra
907 5409 1141 5473 Iuliam.
1177 5426 1230 5480 p.
1250 5411 1373 5466 409.
1403 5410 1538 5464 Cum
1583 5408 1854 5480 Diogenes
1876 5410 2126 5480 aliquan-

547 5485 620 5536 do
652 5481 794 5549 apud
819 5481 1108 5550 quemdam
1137 5487 1384 5536 ccenaret
1405 5483 1564 5549 eique
1594 5481 1757 5535 simul
1781 5489 1834 5536 et
1864 5481 2128 5549 placenta:

551 5563 604 5606 ct
633 5552 919 5605 hordeacei
961 5566 1131 5621 panes
1182 5558 1613 5620 apponerentur,
1651 5550 1925 5604 submotis
1966 5551 2124 5620 pani-

550 5623 657 5694 bus
693 5624 745 5676 in
779 5622 1288 5694 placentas_manus
1314 5621 1522 5692 injecit,
1551 5621 1684 5676 illud
1716 5623 1984 5694 tragicum
2014 5637 2122 5678 non

553 5692 938 5761 intempestive
962 5691 1249 5762 proferens
1274 5709 1288 5745 :

2225 4415 2344 4469 ἀντὶ
2376 4413 2491 4478 τοῦ,
2520 4417 2631 4477 τοῖς
2661 4413 2838 4481 λόγοις
2869 4416 2980 4476 τοῖς
3007 4419 3364 4486 τυραννικοῖς,
3395 4417 3556 4469 ποιῶν
3575 4418 3758 4485 ἀναχω-

2229 4511 2341 4579 ρεῖν
2377 4509 2504 4570 τοὺς
2549 4507 3035 4578 ἐντυγχάνοντας),
3090 4507 3122 4578 ἢ
3168 4504 3258 4565 οὖν
3307 4510 3433 4579 μιᾶς
3480 4507 3636 4578 οὔσης
3681 4506 3760 4574 τῆς

2225 4598 2362 4651 κατά
2405 4598 2504 4669 τὴν
2543 4594 2851 4668 στωμυλήν
2898 4599 2989 4651 καὶ
3018 4598 3106 4652 τὸν
3137 4599 3290 4653 πίθον
3320 4602 3353 4672 ἡ
3394 4599 3632 4662 σύνταξις
3661 4613 3760 4648 συν-

2222 4691 2457 4755 δέδεται,
2491 4691 2522 4761 ἢ
2549 4689 2642 4742 δύο
2666 4689 2839 4743 οὐσῶν
2859 4690 2966 4744 τῶν
2994 4690 3265 4762 ἱστοριῶν,
3304 4691 3553 4757 συντάξαι
3583 4691 3655 4743 δεῖ
3680 4689 3758 4756 τὴν

2225 4783 2514 4850 Διογένους
2545 4781 2858 4852 στωμυλίαν
2898 4782 3033 4853 μετά
3073 4782 3165 4836 τοῦ
3184 4824 3198 4847 ,
3240 4782 3329 4852 ὑφ’
3357 4778 3442 4854 ἧς.
3470 4784 3585 4836 Ὅτι
3607 4781 3657 4837 δὲ
3680 4797 3758 4831 τν-

2229 4876 2454 4947 ράννους
2489 4874 2714 4928 καλοῦσι
2745 4874 2870 4939 τοὺς
2905 4873 3124 4945 θρασεῖς
3164 4874 3380 4943 λόγους,
3430 4876 3521 4930 καὶ
3563 4873 3702 4934 αὐτὸς
3733 4871 3757 4923 6

2227 4965 2367 5028 θεῖος
2397 4966 2536 5038 ἀνὴρ
2565 4965 2860 5037 Γρηγόριος
2898 4961 3078 5019 εἶπεν·
3113 4965 3188 5030 ὡς
3227 4968 3290 5019 ὲκ
3330 4969 3426 5037 τῆς
3457 4961 3751 5034 τραγῳδίας·

2234 5057 2464 5128 μάλιστα
2520 5058 2629 5129 γάρ
2681 5057 2732 5111 oi
2796 5059 3046 5128 τραγικοὶ⁵
3097 5061 3163 5132 τῇ
3222 5057 3444 5129 τοιαύτῃ
3492 5056 3754 5125 ,κέχρηνται

2227 5157 2422 5227 τροπῇ.
2455 5151 2527 5204 Τὸ
2564 5150 2642 5217 δὲ,
2667 5151 2792 5214 τοὺς
2817 5151 3051 5213 εὐτελεῖς
3073 5148 3269 5220 ἄρτους
3293 5152 3400 5214 τοῖς
3435 5143 3752 5219 σησαμοῦσιν,

2393 5355 2467 5412 Ὦ
2491 5356 2649 5419 ξένε,
2679 5354 2995 5422 τυράννοις
3025 5353 3092 5406 ἐκ
3118 5352 3317 5406 πάδων
3343 5349 3631 5422 μεθίσταο.

2475 5427 2702 5496 Hospes,
2739 5424 2981 5494 tyrannis
3012 5425 3133 5478 cede
3157 5425 3431 5493 confestim
3472 5424 3568 5476 via.

2224 5553 2329 5609 Per
2362 5561 2630 5624 tyrannos
2664 5551 2964 5624 videlicett
2988 5549 3134 5624 quod
3181 5565 3378 5606 nomen
3403 5550 3550 5624 _olim‘
3591 5546 3639 5600 in
3661 5541 3749 5624 lm-

2223 5641 2357 5680 nore
2385 5619 2543 5693 erat)
2574 5625 2858 5692 placentas
2892 5621 3232 5693 signiﬁcans,
3277 5637 3372 5693 per
3401 5619 3630 5691 hospites
3671 5623 3752 5666 ιυ-

2224 5705 2332 5752 tem
2364 5696 2606 5752 cibarios
2628 5702 2682 5750 et
2707 5695 2843 5750 viles
2867 5709 3057 5765 panes.
