4018 6296
226 244 357 297 MOI

222 361 375 415 ἐστὶν
412 355 562 428 αὐτῷ
598 351 934 425 παρῴδησις.
973 353 1127 407 Ἔστι
1164 354 1261 425 μὲν
1296 354 1535 409 τοιοῦτόν

221 451 528 523 τραγικοῖς.
574 444 777 518 μᾶλλον
816 443 875 497 δὲ
904 444 1054 515 παρὰ
1081 447 1350 515 κωμικοῖς
1376 445 1691 516 λεγόμενον.
1732 444 1815 497 ὅτι

219 547 311 601 διὰ
331 544 446 598 τῶν
475 541 751 613 ἠδυτέρων
772 539 953 609 ἄρτων
987 538 1115 602 τοὺς
1134 538 1373 602 εὐτελεῖς
1409 538 1816 607 άποφαυλίζου-

1073 237 1162 289 ΑΙ)
1190 236 1250 290 S.
1287 235 1615 292 Gl’tlZCORl’l
1648 234 1855 291 ORAT.
1898 233 1913 287 l
1942 232 2237 289 CONTRA
2267 233 2636 291 JULIANUM.

1583 374 1634 407 τι
1668 354 1819 425 παρὰ
1849 362 1888 417 Α
1922 353 2304 424 extragoedia.
2339 350 2556 425 Tragici
2578 355 2725 409 enim
2775 353 3121 425 potissimum
3185 348 3507 421 huiusmodi

3364 222 3502 279 ω’ξῖ

1922 456 2080 516 tmpn
2110 455 2360 500 utuntur.
2394 443 2550 513 Quod
2603 459 2784 503 autem
2834 448 2932 512 ait,
2985 444 3134 502 Vilrs
3187 458 3354 515 panes
3398 445 3511 516 pla-

1914 539 2118 603 centis,
2170 540 2273 593 hoc
2320 553 2416 609 per
2466 540 2789 595 allusionem
2834 539 2987 594 dicit.
3037 536 3247 594 Etenim
3310 538 3508 607 hujus-

224 653 311 691 σιν
356 636 577 707 ἄρτους.
627 629 973 697 Καταπαίζει
1015 627 1108 684 οὖν
1141 632 1171 684 ὀ
1211 629 1354 694 θεῖος
1399 631 1701 704 Γρηγόριος
1750 632 1817 701 τῇ

1938 630 2070 685 nodi
2102 631 2362 703 quiddam
2400 632 2543 703 apud
2572 634 2833 705 tragicos,
2856 634 2940 689 vel
2966 635 3148 704 potius
3179 633 3322 703 apud
3344 631 3513 686 couti-

222 725 543 798 παρῳδήσει
567 721 870 795 χρώμενος’
900 723 1045 785 Ὅτι,
1077 722 1233 792 φησι,
1259 721 1347 774 διὰ
1374 724 1474 792 τῆς
1505 721 1820 795 στωμυλίας

220 824 326 893 τῆς
358 818 663 890 ἡδυνούσης
694 820 753 872 ἒν
785 814 863 887 τῷ
895 815 1258 886 φθέγγεσθαι,
1301 816 1641 885 ἀπεφαῦλιζε
1689 816 1819 878 τοὺς

223 916 784 990 παρατυγχάνοντας,
827 913 1123 985 διελέγχων
1152 912 1373 976 αὐτούς.
1418 912 1577 967 Κατὰ
1635 911 1693 965 δὲ
1722 912 1820 980 τὴν

219 1010 369 1082 ἐμὴν
398 1008 580 1080 κρίσιν
601 1046 614 1069 ,
660 1006 788 1077 μίαν
822 1007 1039 1079 ἥγημαι
1074 1007 1175 1079 τὴν
1200 1007 1343 1062 κατὰ
1369 1005 1468 1077 τὴν
1502 1002 1818 1075 στωμυλίαν

131 1118 145 1132 ”
222 1106 325 1161 καὶ
351 1103 445 1158 τὸν
479 1101 637 1157 πίθον
672 1102 937 1163 ἱστορίαν.

592 1358 693 1423 κζ’.
736 1358 875 1425 Περὶ
909 1358 1015 1411 τοῦ
1060 1357 1436 1424 Ἐπικούρου.

306 1451 633 1521 Ἐπίκουρος
669 1448 958 1518 φιλδσοιρος
988 1446 1233 1517 γέγονεν,
1270 1448 1419 1510 ὅστις
1455 1446 1531 1519 μὴ
1572 1448 1821 1518 προνοεῖ-

220 1543 357 1599 σθαι
384 1544 475 1597 τὸν
502 1542 635 1596 Θεὸν
668 1540 776 1595 τῶν
805 1540 932 1612 τῇδε
968 1540 1315 1613 πραγμάτων
1344 1538 1618 1605 ἐδόξασεν.
1647 1534 1816 1602 Οὗτος

220 1637 285 1693 δι
309 1636 405 1691 καὶ
438 1634 589 1699 τέλος
631 1633 833 1697 παντὸς
866 1632 1075 1703 ἀγαθοῦ
1115 1633 1324 1687 ἐτίθετο
1366 1632 1465 1703 τὴν
1491 1631 1686 1703 ἡδονὴν
1708 1670 1725 1695 ,
1758 1631 1817 1684 οὐ

1924 737 2023 778 cos
2076 723 2298 778 dicitur.
2338 722 2441 777 Per
2498 726 2782 783 suaviores
2834 741 3003 798 panes
3040 720 3290 780 viliores
3339 738 3510 796 panes

1923 812 2189 884 dejiciuut
2225 826 2390 884 atque
2415 826 2807 886 aspernantur.
2846 819 2927 873 Ad
2951 820 3056 872 hoc
3099 832 3231 887 ergo
3256 817 3506 871 allmlcns

1923 906 2221 976 Gregorius
2257 907 2401 961 hunc
2430 906 2656 979 Diogeni
2708 924 2919 965 morem
2946 911 3119 967 fuisse
3149 912 3247 973 ait,
3274 919 3334 966 ut
3356 912 3509 964 «lica-

1922 998 2111 1062 citate,
2141 1014 2262 1069 quae
2302 999 2622 1054 auditorum
2654 1001 2871 1065 animos
2912 1002 3171 1069 oblectat,
3202 1002 3510 1073 vilipendc-

1923 1098 2006 1146 ret
2029 1105 2145 1153 eos,
2177 1090 2271 1161 qui
2313 1091 2417 1161 ipsi
2452 1091 2593 1147 forte
2645 1095 3031 1158 occurrebant,
3063 1095 3324 1149 nimirum
3358 1096 3510 1167 ipsos

1922 1194 2254 1251 coarguens.
2285 1181 2405 1237 Meo
2432 1190 2613 1239 tamen
2664 1182 2878 1254 judicio
2912 1196 3019 1239 una
3074 1185 3376 1257 eademque
3427 1193 3512 1240 est

1925 1268 2243 1325 dicacitatis
2272 1281 2328 1326 et
2362 1271 2494 1327 dolii
2521 1272 2777 1327 historia.

2465 1364 2557 1420 27.
2601 1364 2682 1420 De
2712 1364 2964 1435 Epicuro.

1996 1455 2268 1526 Epicurus
2318 1458 2682 1530 philosophus
2726 1460 2897 1516 Deum
2929 1460 3294 1517 humanarum
3321 1478 3509 1519 rerum

1926 1561 2058 1601 cura
2093 1547 2321 1603 minime
2352 1550 2499 1620 tangi
2534 1551 2773 1607 censuit.
2811 1549 2956 1606 Idem
2998 1567 3273 1608 sumntum
3304 1553 3508 1609 bonum

1927 1635 1980 1687 in
2006 1636 2288 1707 voluptate
2314 1639 2605 1694 constituit
2637 1656 2651 1692 :
2689 1654 3004 1713 quanquam
3039 1642 3131 1713 qui
3159 1644 3512 1716 philosopho-

220 1727 328 1801 τὴν
371 1725 704 1796 ἀκάθαρτον,
740 1723 876 1777 ἀλλὰ
908 1724 1011 1795 τὴν
1042 1721 1428 1792 φυσικωτάτην
1461 1720 1819 1775 κατάστασιν.

1938 1741 2046 1781 rum
2079 1727 2330 1800 dogmata
2370 1730 2823 1802 interpretantur,
2864 1751 2988 1790 eum
3035 1750 3144 1791 non
3191 1737 3248 1792 in
3297 1740 3512 1807 impura

216 1821 339 1876 Καὶ
364 1819 429 1891 δὴ
455 1820 502 1872 οἱ
538 1816 817 1888 φιλόσοφοι
843 1812 1379 1886 ἀποσκορακίζουσιν
1428 1812 1593 1867 αὐτὸν
1627 1812 1703 1874 ὡς
1737 1811 1813 1885 μὴ

221 1914 454 1982 λέγοντα
484 1908 748 1982 Πρόνοιαν
766 1955 781 1980 ,
813 1914 909 1968 καὶ
930 1913 1012 1967 ὅτι
1042 1911 1194 1976 τέλος
1224 1910 1430 1965 τίθεται
1458 1910 1559 1982 τὴν
1583 1910 1813 1983 ἡδονὴν,

223 2002 327 2060 καὶ
358 2005 422 2059 οὐ
456 2004 516 2059 τὸ
548 2005 773 2075 ἀγαθὸν,
799 2006 865 2061 τὸ
890 2006 1198 2078 πρώτιστον
1221 2006 1314 2060 καὶ
1347 2002 1527 2075 μόνον.
1563 2001 1736 2057 Τοῦτο
1759 2002 1817 2056 δέ

220 2102 377 2154 ἐστιν
410 2097 442 2149 ὁ
469 2095 620 2160 Θεός.

630 2384 738 2447 κη’.
780 2377 917 2445 Περὶ
942 2376 1052 2430 »τοῦ
1080 2375 1403 2443 Κράτητος.

298 2469 528 2544 Κράτης
559 2458 795 2539 θησαῖος
817 2460 887 2538 ἦν
914 2466 1013 2539 τῆς
1042 2465 1306 2530 Βοιωτίας
1333 2464 1395 2518 τὸ
1436 2464 1612 2535 γένος.
1648 2460 1818 2529 Οὗτος

226 2563 593 2634 φιλοσοφῆσαι
628 2560 797 2614 θέλων
836 2559 933 2631 τὴν
964 2558 1192 2628 κυνικὴν
1239 2557 1560 2628 φιλοσοφίαν
1581 2599 1594 2623 ,
1635 2556 1819 2612 λαϐὼν

225 2659 298 2712 τὰ
344 2656 659 2727 ὑπάρχοντα
712 2651 916 2718 αὑτοῦ,
970 2652 1165 2724 ἔρριψε
1208 2650 1289 2722 τῷ
1331 2651 1523 2723 δήμῳ,
1575 2650 1816 2723 κηρύξας

224 2748 408 2803 οὕτω·
459 2747 685 2820 Κράτης
726 2745 957 2801 ἀπολύει
1010 2744 1079 2798 τὰ
1128 2745 1452 2816 Κράτητος,
1505 2744 1592 2797 ἵνα
1633 2745 1709 2815 μὴ
1747 2743 1817 2796 τά

228 2842 519 2913 Κράτητος
543 2841 797 2913 κρατήσῃ
836 2838 926 2893 τὸν
956 2824 1241 2910 Κράτητα.
1275 2838 1387 2892 Καὶ
1412 2835 1484 2891 τὰ
1512 2837 1687 2909 χωρία
1715 2837 1816 2890 αὺ-

224 2928 323 2983 τοῦ
381 2928 533 2983 εἴασε
582 2927 836 2997 γενέσθαι
885 2927 1179 2998 μηλόϐοτα.
1228 2922 1543 2999 Μηλὸδοτον
1592 2926 1650 2979 δέ
1699 2926 1817 2980 ἐστι

228 3022 452 3094 χωρίον,
484 3021 542 3074 ὲν
574 3013 628 3088 ᾧ
653 3018 983 3073 ἀπολύονται
1030 3017 1101 3073 τά
1138 3018 1388 3090 πρόϐατα
1418 3020 1497 3083 είς
1532 3017 1593 3072 τὸ
1626 3017 1819 3089 βόσκε-

1928 1824 2093 1889 οιέιιιε
2124 1820 2365 1877 obscena
2408 1823 2687 1894 voluptate
2717 1840 2993 1883 summum
3021 1827 3225 1883 bonum
3262 1833 3514 1901 posuisse

1926 1907 2143 1973 dicunt,
2174 1910 2269 1967 sed
2296 1911 2351 1966 in
2377 1921 2523 1967 statu
2566 1914 2805 1972 maxime
2833 1920 3093 1973 naturali.
3136 1919 3294 1976 Hunc
3319 1934 3512 1978 omnes

1927 2000 2240 2073 philosophi
2269 2005 2595 2074 explodunt,
2619 2016 2734 2062 tum
2770 2010 2916 2079 quod
2941 2008 3183 2065 divinam
3215 2016 3511 2084 providen-

1926 2094 2057 2147 tiam
2089 2097 2321 2165 negarit,
2366 2106 2481 2151 tum
2524 2099 2669 2169 quod
2731 2103 3068 2173 voluptatem
3109 2121 3384 2164 summum
3416 2110 3513 2165 bo-

1928 2200 2057 2239 nutu
2080 2200 2205 2242 esse
2242 2191 2633 2257 pronuntiarit,
2677 2206 2784 2249 non
2818 2205 2999 2252 autem
3026 2199 3347 2269 primarium
3376 2204 3511 2260 illud

1926 2291 1993 2332 ac
2026 2278 2202 2332 solum
2235 2280 2461 2347 bonum,
2500 2282 2603 2339 hoc
2638 2292 2723 2340 est
2751 2284 2943 2341 Deum.

2470 2376 2561 2432 28.
2617 2377 2690 2434 De
2728 2368 2964 2436 Cratete.

1997 2464 2187 2521 Crates
2214 2466 2390 2537 patria
2429 2466 2749 2538 Thebanus,
2783 2490 2905 2544 quis
2954 2474 3182 2535 Boeotia
3229 2481 3360 2538 urbs
3405 2492 3511 2549 est,

1922 2552 2150 2624 Cynica:
2178 2557 2544 2630 phil050phizc
2598 2564 2902 2634 cupiditate
2951 2578 3170 2639 captus,
3226 2569 3513 2631 facultates

1928 2659 2124 2700 omnes
2147 2661 2280 2703 suas
2316 2648 2370 2702 in
2400 2649 2600 2722 vulgus
2630 2654 2885 2724 projecit,
2922 2667 3090 2729 atque
3109 2659 3180 2713 ita
3203 2664 3511 2732 proclama-

1928 2737 2026 2790 vit:
2058 2737 2246 2795 Crates
2272 2739 2514 2799 Cratetis
2557 2744 2698 2800 bona
2736 2748 2949 2817 ahjicit,
2998 2767 3067 2807 ne
3108 2750 3346 2811 Cratetis
3372 2757 3512 2812 bona

1928 2830 2200 2889 Cratetem
2251 2844 2532 2905 superent.
2565 2837 2646 2893 Ac
2691 2841 2892 2911 prazdia
2932 2859 3030 2899 sua
3072 2846 3349 2917 μηλοϐοτα
3386 2854 3514 2907 reli—

1926 2926 2047 2995 quit
2080 2942 2092 2977 :
2128 2922 2432 2997 μηλὸϐοτος
2460 2939 2645 2986 autem
2680 2932 2727 2988 is
2762 2934 2917 2991 locus
2942 2944 3049 3002 est,
3081 2943 3175 3008 qui
3212 2942 3513 3011 pecudibus

1925 3020 1991 3071 ad
2030 3020 2362 3089 pascendum
2404 3024 2766 3096 relinquitur;
2806 3027 2954 3101 μῆλα
2985 3032 3129 3088 enim
3163 3050 3294 3093 oves
3338 3049 3509 3094 sunt:

229 3087 378 3168 ἓθάι.
407 3113 569 3183 Μῆλα
616 3113 724 3185 γὰρ
761 3109 1054 3166 καλοῦνται
1094 3087 1495 3183 ατὰ-πρόϐατα·
1529 3087 1682 3165 ἔνθεν
1729 3109 1825 3164 καὶ

1938 3087 2073 3165 unde
2096 3112 2389 3185 μηλονόμοι
2415 3087 2669 3186 pastores
2692 3087 2973 3190 dicuntur,
2993 3133 3054 3181 et

230 3203 533 3277 μηλονόμοι
566 3206 627 3275 οί
681 3204 971 3274 ποιμένες,
1027 3203 1122 3256 καὶ
1183 3202 1410 3273 μηλωτὴ
1454 3204 1488 3275 ἠ
1552 3202 1684 3275 δορὰ
1730 3203 1825 3255 τοῦ

232 3297 513 3371 προϐάτου
541 3297 783 3366 λέγεται.
1576 3318 1603 3327 '-

638 3387 742 3443 10’.
782 3384 921 3456 Περὶ
958 3386 1063 3443 τοῦ
1091 3388 1419 3457 τριϐωνίου.

304 3479 544 3545 Κυνικὸς
574 3477 738 3534 πάλιν
764 3478 1077 3549 φιλόσοφος,
1108 3478 1141 3549 ἢ
1185 3476 1517 3550 Ἀντιθένης,
1547 3476 1581 3549 ἢ
1613 3479 1820 3552 Ζήνων·

229 3579 571 3650 διαφορεῖται
616 3576 750 3648 γάρ.
782 3571 953 3640 οὗτος
998 3572 1198 3643 πλέων,
1238 3578 1335 3631 καὶ
1379 3576 1650 3649 χειμῶνος
1686 3594 1826 3651 συμ-

226 3672 451 3734 ϐάντος,
492 3669 586 3724 καὶ⁵
621 3668 880 3739 ναυαγίου
919 3667 1239 3739 γινομένου,
1286 3670 1380 3725 καὶ
1408 3670 1630 3725 πάντων
1672 3674 1826 3744 ἐκρι-

234 3746 587 3831 πτουμένων,
633 3758 972 3831 εὐχαρίστως
998 3760 1184 3831 φέρων
1226 3759 1324 3831 τὴν
1360 3758 1629 3832 ἐσομένην
1676 3760 1827 3834 αὐτῷ

232 3854 463 3919 πενίαν.
490 3854 629 3925 πρὸς
666 3852 765 3926 τὴν
794 3848 965 3926 τύχην
994 3852 1326 3925 ἐφθέγξατο’
1363 3848 1530 3924 Εὖγεν
1563 3848 1611 3909 ὦ
1643 3855 1781 3927 τύχη
1805 3874 1821 3888 ⁸

231 3951 397 4021 χάριν
424 3967 505 4004 σοι
528 3948 797 4020 ὁμολογῶ,
820 3948 903 4003 ὅτι
920 3947 1019 4020 τὴν
1053 3948 1191 4021 ἐμὴν
1218 3949 1405 4003 οὐσίαν
1431 3948 1561 4022 ἄχρι
1582 3949 1673 4004 τοῦ
1702 3967 1824 4022 τρι-

227 4039 434 4094 ὄωνίου
454 4041 849 4110 περιέστησαςο
896 4039 1107 4111 δηλῶν,
1158 4041 1239 4094 ὅτι
1285 4040 1438 4093 οὐδὲν
1489 4042 1589 4111 τῆς
1637 4041 1825 4106 οὐσίας

232 4131 426 4194 αὐτοῦ,
452 4126 519 4203 ἧς
546 4127 615 4203 ἦν
647 4132 1175 4203 ὲμπεφορτισμένος,
1205 4134 1272 4203 τῆ
1304 4130 1395 4203 νηῒ
1430 4132 1786 4205 κατελείφθη.

592 4223 659 4279 λ’.
698 4224 838 4292 Περὶ
869 4223 979 4278 τοῦ
1019 4222 1452 4290 Ἀντισθένοὺς.

306 4308 481 4382 Οὗτος
523 4318 552 4371 ὁ
603 4315 944 4387 ’Δντισθένης
994 4316 1215 4381 κυνικὸς
1261 4311 1331 4388 ἦν
1385 4316 1669 4386 φιλόσοφος
1694 4331 1705 4345 ⁸
1763 4315 1825 4381 ὃς

1929 3204 2032 3274 pell
2042 3203 2107 3259 is.

2448 3388 2541 3446 ‘29.
2606 3390 2687 3447 De
2729 3394 2959 3451 ιτῑθοηὶο

2000 3478 2245 3550 Cynicus
2276 3494 2475 3538 rursus
2503 3483 2893 3557 philosophus,
2936 3491 3019 3545 vel
3044 3492 3405 3551 Antisthenes
3429 3499 3534 3554 vel

1927 3568 2183 3646 Zeno[i]
2218 3574 2366 3639 (nam
2420 3587 2718 3649 utrumque
2747 3581 2997 3655 dicitur),
3048 3600 3176 3641 cum
3218 3586 3517 3660 aliquando

1931 3664 2239 3735 navigaret,
2263 3683 2329 3724 ac
2352 3678 2543 3726 coorta
2569 3678 2892 3743 tempestate
2923 3691 3056 3747 opes
3087 3679 3353 3749 quasdam
3386 3699 3516 3740 suas

1929 3758 2224 3832 naufragio
2259 3762 2562 3829 amisisset,
2609 3780 2770 3837 aequo
2797 3775 2853 3823 et
2875 3778 3033 3840 grato
3058 3770 3243 3827 animo
3272 3768 3513 3829 futuram

1934 3867 2091 3908 suam
2148 3867 2529 3927 paupertatem
2592 3860 2799 3931 ferens,
2857 3858 3159 3920 Fortunam
3205 3867 3290 3925 his
3328 3871 3516 3925 verbis

1929 3946 2206 4003 allocutus
2257 3956 2343 4003 est
2375 3968 2388 4004 :
2425 3949 2570 4008 Bene
2601 3968 2660 4010 se
2703 3969 2795 4011 res
2831 3955 3014 4021 habet,
3051 3956 3335 4016 Fortuna:
3389 3976 3515 4034 gra-

1930 4037 2062 4092 tiam
2093 4037 2190 4093 tibi
2226 4054 2350 4111 ago,
2383 4043 2530 4113 quod
2564 4044 2859 4102 facultates
2902 4065 3053 4106 meas
3087 4051 3153 4105 ad
3213 4053 3510 4108 tribonium

1930 4142 2107 4197 usque
2138 4128 2422 4203 redegisti.

2433 4226 2525 4281 30.
2573 4224 2646 4283 De
2698 4229 3031 4287 Antisthene.

2000 4310 2361 4372 Antisthenes
2384 4315 2472 4370 hic
2500 4316 2744 4389 Cynicus
2775 4322 3137 4396 philosophus
3169 4340 3294 4381 cum
3314 4340 3343 4378 a
3376 4341 3514 4397 quo-
3565 4319 3568 4322 ’

231 4411 463 4482 τυφθεὶς
498 4409 593 4463 καὶ
625 4408 856 4480 πληγεὶς
887 4409 949 4463 τὸ
995 4408 1321 4480 πρόσωπον,
1372 4408 1553 4463 λαδὼν
1604 4407 1825 4481 χαρτίον

1938 4405 2059 4460 dam
2113 4406 2439 4465 verberatus
2471 4408 2689 4479 fuisset,
2723 4414 3035 4486 vulnusque
3081 4417 3133 4470 in
3176 4417 3319 4474 facie
3355 4435 3515 4475 accc-

232 4502 334 4556 καὶ
359 4500 645 4572 ἐγγράψας
681 4497 772 4553 τὸν
801 4499 1065 4570 τύψαντα,
1114 4500 1407 4573 ὲκόλλησεν
1435 4503 1513 4565 είς
1544 4500 1604 4554 τὸ
1632 4500 1826 4557 ἑαυτοῦ

1938 4499 2131 4567 pissct,
2167 4508 2392 4570 accepta
2413 4500 2629 4567 charta,
2653 4504 2775 4574 ejus
2800 4519 2829 4557 a
2849 4520 2961 4576 quo
2987 4521 3286 4577 percussus
3313 4508 3510 4571 fuerat,

234 4592 518 4664 μέτωπον,
549 4591 643 4645 καὶ
671 4588 814 4644 οὕτω
848 4590 1102 4662 περιῆγε.

234 4773 340 4826 λα’.
386 4772 526 4841 Περὶ
571 4771 680 4826 τοῦ
711 4772 1056 4843 φιλοσόφου
1085 4774 1434 4845 πανημέρου
1467 4773 1729 4841 στάντος
1759 4774 1830 4827 ἐν

895 4845 976 4911 τῷ
1000 4846 1175 4912 ἡλίῳ.

309 4932 742 5011 Πολεμουμένης
778 4938 879 5011 τῆς
920 4937 1140 5012 Ῥώμης
1167 4939 1274 4994 ὑπὸ
1301 4939 1410 4995 τῶν
1439 4939 1761 5012 βαρϐάρων,
1796 4944 1826 4995 ό

236 5032 532 5102 φιλόσοφος
580 5032 712 5098 στὰς
755 5032 887 5105 ὃλην
937 5031 1039 5104 τὴν
1085 5033 1304 5106 ἡμέραν
1359 5033 1467 5088 ὑπὸ
1523 5032 1616 5089 τὸν
1648 5033 1821 5107 ἥλιον,

234 5124 608 5202 προσηύξατο,
669 5125 767 5178 καὶ
811 5124 975 5178 ἔπεσε
1023 5122 1136 5197 πῦρ
1180 5126 1247 5180 ἐκ
1289 5124 1385 5179 τοῦ
1430 5124 1684 5196 οὐρανοῦ,
1729 5128 1824 5179 καὶ

235 5212 540 5290 κατέφλεξε
570 5217 698 5280 τοὺς
723 5215 1034 5289 βαρϐάρους
1059 5217 1154 5271 καὶ
1176 5216 1343 5271 αὐτὸν
1366 5217 1459 5270 τὸν
1480 5217 1789 5288 φιλόσοφον.

628 5308 728 5363 λον.
762 5306 907 5376 Περὶ
937 5307 1051 5376 τῆς
1086 5308 1425 5375 Ποτιδαίης.

310 5401 572 5457 Ποτίδαια
612 5400 769 5465 πόλις
817 5401 965 5457 ἐστὶν
1004 5402 1064 5453 ὲν
1110 5402 1178 5471 τῇ
1219 5399 1410 5473 Θρᾴκῃ
1440 5399 1692 5473 κειμένη.
1736 5400 1825 5455 Ἐν

232 5494 412 5565 ταύτῃ
457 5497 525 5566 τῇ
569 5494 826 5567 Ποτιδαίᾳ
857 5494 1145 5564 φιλόσοφος
1185 5492 1550 5564 Ποτιδαιάτης
1591 5491 1721 5563 ἔστη
1766 5494 1824 5547 ἐν

235 5587 536 5659 χειμερινῷ
561 5585 739 5659 καιρῷ
764 5587 1057 5658 παννύχιος
1089 5587 1384 5658 εὐχόμενος
1404 5605 1416 5617 ·
1447 5587 1540 5642 καὶ
1569 5586 1821 5641 τοσοῦτον

318 5768 396 5840 (1)
430 5766 580 5851 leno
610 5776 791 5821 tamen
820 5766 920 5821 fuit
954 5766 1198 5822 Stoicus.

558 5861 833 5922 Ρλτιιοι..
887 5860 930 5919 ϐ
945 5880 999 5918 a.
1044 5861 1095 5920 Χ
1112 5859 1342 5920 XXVI.

1932 4604 2135 4647 nomen
2167 4590 2221 4646 in
2252 4606 2316 4648 ea
2349 4592 2658 4663 inscripsit,
2688 4610 2925 4666 eamque
2964 4607 3151 4668 postea
3182 4600 3345 4657 fronti
3399 4616 3515 4655 sua:

1928 4685 2319 4756 agglutinatam
2359 4687 2803 4745 circumferebat.

2162 4822 2254 4879 3L
2301 4822 2381 4879 De
2421 4840 2481 4881 eo
2508 4826 2600 4897 qui
2626 4835 2736 4882 toto
2763 4827 2849 4882 die
2880 4828 2936 4882 in
2959 4827 3071 4883 sole
3107 4829 3276 4883 stetit.

2005 4931 2145 4988 Cum
2187 4933 2361 4991 Roma
2394 4952 2423 4991 a
2451 4938 2705 4995 barbaris
2745 4938 2888 4994 bello
2923 4946 3268 5009 premeretur
3302 4949 3514 5010 tempa—

1934 5037 1994 5077 re
2022 5021 2116 5076 τοῦ
2144 5024 2395 5092 Βασιλοῦ,
2445 5027 2540 5082 ille
2579 5035 2697 5083 tcto
2757 5028 2866 5083 diei
2924 5030 3206 5085 curriculo
3249 5029 3351 5085 sub
3398 5033 3516 5085 sole

1935 5125 2091 5175 stans
2114 5134 2306 5190 preces
2333 5121 2508 5178 fudit:
2535 5123 2840 5194 ceciditque
2869 5124 3034 5194 ignis,
3066 5139 3177 5195 quo
3210 5132 3266 5179 et
3288 5124 3514 5181 barbari

1933 5222 1987 5267 et
2011 5212 2372 5285 philosophus
2404 5216 2522 5287 ipse
2551 5216 2989 5290 conﬂagrarunt.

2465 5311 2555 5367 52.
2600 5311 2673 5367 De
2710 5312 2979 5368 Potidwa.

2007 5400 2247 5458 Potidaea
2283 5404 2415 5461 urbs
2446 5406 2693 5476 quaedam
2721 5408 2885 5463 estin
2918 5406 3152 5463 Thracia
3195 5407 3319 5463 sita.
3358 5404 3420 5462 In
3450 5412 3515 5461 ea

1934 5493 2296 5565 philosophus
2318 5498 2540 5567 quidam
2560 5497 2886 5555 Potidmates
2906 5499 3106 5557 hiemis
3131 5509 3375 5569 tempore
3399 5506 3515 5554 tota

1933 5594 2094 5641 nocte
2116 5587 2261 5642 inter
2309 5588 2647 5659 precandum
2687 5592 2860 5655 stetit,
2892 5592 3189 5662 animoque
3214 5592 3290 5645 ita
3322 5590 3381 5645 in
3416 5604 3512 5646 su-

3171 5855 3251 5916 3?.
