4018 6296
580 250 719 308 Ὀθδ
1941 241 2223 299 NONNUS
2262 239 2485 297 ABBAS
3658 246 3763 304 {om

575 367 737 421 hrnne
771 372 968 437 raptus
998 363 1119 430 l‘uit,
1154 372 1213 418 ut
1240 362 1465 434 frigoris
1489 363 1597 417 vim
1622 361 1847 416 minime
1871 374 2160 427 persense-

2196 368 2235 421 Β
2268 359 2558 429 μετάρσιος
2600 355 2792 425 γέγονε
2835 354 2934 427 τὴν
2963 354 3140 425 ψυχὴν
3162 395 3176 415 ,
3209 353 3349 406 ὥστε
3382 352 3454 425 μὴ
3482 355 3766 415 αἰσθάνεσθαι

578 458 674 511 rit.
716 456 1016 511 Ἐκστασιν
1053 463 1235 510 autem
1263 455 1366 511 hoc
1399 455 1517 509 loco
1557 454 1793 525 appellat
1821 451 2070 507 aﬂ'ectum
2105 451 2165 505 il-

2266 448 2362 503 τοῦ
2406 448 2610 521 κρύους
2652 446 2749 501 τοῦ
2800 448 3090 519 χειμῶνος.
3157 446 3452 499 Ἔκστασιν
3484 442 3565 499 οὖν
3595 454 3769 519 match

578 549 689 602 lum
725 549 1043 619 philosophi
1082 555 1238 603 extra
1270 562 1330 603 se
1357 547 1522 618 rapti,
1555 556 1723 616 atque
1765 544 1949 599 animo
1978 545 2033 599 in
2073 559 2165 598 su‘

1357 547 1522 618 rapti,
1555 556 1723 616 atque
1765 544 1949 599 animo
1978 545 2033 599 in
2073 559 2169 598 sue
2270 541 2561 612 μετάρσιον
2587 539 2689 608 τῆς
2723 538 2921 610 ψυχῆς.

577 638 745 696 blime
765 641 917 695 elati.
944 640 1045 696 Per
1074 641 1261 693 στάσιν
1297 648 1480 693 autem
1522 653 1633 693 non
1667 638 1987 692 intestinum
2022 636 2221 691 bellum
2262 650 2325 689 ac
2356 634 2685 689 seditionem
2718 632 3015 703 signiﬁcat,
3049 628 3144 685 sed
3176 628 3324 699 quod
3358 627 3446 683 ille
3474 636 3604 684 stato
3630 645 3683 684 ac
3705 648 3773 693 re,

580 743 671 790 eto
703 748 936 804 corpore
976 742 1236 803 precatus
1267 732 1362 787 sit.

951 824 1041 878 ⁸55.
1087 822 1160 878 De
1191 823 1459 877 Arcadica
1487 804 1799 883 quastione.
2470 810 2535 880 λγ

2470 810 2571 880 λγ¹.
2608 810 2749 879 Περὶ
2774 810 2879 866 τοῦ
2918 808 3260 878 Ἀρκαδικοῦ
3289 805 3614 875 ζητήματος.

656 914 929 971 Homerus
962 921 1122 986 poeta
1171 913 1457 984 profectus
1488 913 1545 966 in
1577 910 1892 973 Arcadiam,
1922 923 2044 977 qua:
2071 907 2169 963 Pe-

2339 905 2586 975 Ὅμηρος
2614 905 2642 956 ὁ
2677 903 2909 974 ποιητὴς
2949 902 3076 972 περὶ
3122 901 3223 973 τὴν
3279 899 3554 971 Ἀρκαδίαν
3590 900 3783 972 γεγονὼς

583 1008 877 1080 loponnesi
907 1008 1060 1078 regio
1087 1017 1191 1072 est,
1217 1006 1416 1062 incidit
1447 1004 1503 1058 in
1542 1004 1846 1074 piscatores
1872 1001 2165 1071 quosdam,

2266 993 2455 1067 (χώρα
2519 988 2578 1048 δὲ
2628 994 2775 1065 αὕτη
2836 994 2937 1063 τῆς
2990 992 3465 1063 Πελοποννήσου),
3520 994 3784 1066 περιέτυχεν

584 1101 679 1172 qui
707 1101 995 1172 pediculos
1025 1115 1055 1154 a
1084 1098 1414 1169 corporibus
1445 1096 1564 1152 suis
1596 1094 1969 1150 excutiebant.
2001 1091 2169 1146 Cum-

2267 1089 2476 1144 ἁλιεῦσι
2507 1087 2961 1160 φθειριζομένοις,
2989 1087 3083 1141 καὶ
3112 1085 3394 1158 ἠρώτησεν
3422 1086 3603 1150 αὐτοὺς
3630 1085 3786 1151 οὕτως·

586 1171 691 1263 que
714 1171 785 1248 ex
817 1193 952 1262 ipsis
979 1191 1360 1261 quaesivisset:
1398 1187 1510 1241 Viri
1531 1186 1789 1249 Arcades,
1812 1188 1900 1255 qui
1927 1182 2170 1253 piscandi

2270 1179 2507 1249 Ἄνδρες
2537 1182 2638 1235 ἀπ’
2678 1179 2985 1248 Ἀρκαδίης
3005 1177 3339 1247 ἀλιήτορες,
3372 1171 3409 1244 ἦ
3435 1176 3490 1243 ῤ’
3515 1176 3706 1246 ἔχομέν
3722 1195 3788 1242 τις

588 1297 757 1341 artem
808 1284 1153 1355 proﬁtemini,
1199 1281 1469 1353 aliquidue
1507 1280 1761 1349 cepistis!
1814 1280 1889 1333 illi
1919 1279 2023 1333 hoc
2057 1292 2174 1333 car-

2275 1276 2432 1329 Ἕστι
2471 1274 2529 1326 δὲ
2566 1273 2595 1326 ὁ
2622 1271 2747 1337 νοῦς
2788 1272 2889 1344 τῆς
2932 1273 3254 1341 ἐρωτήσεως
3299 1263 3482 1332 οὗτος·
3533 1264 3599 1321 Ὦ
3639 1271 3791 1340 ἄνδρες

588 1378 736 1432 mine
770 1374 1181 1446 responderunt
1208 1388 1220 1424 :

2284 1364 2577 1436 Ἀρκάδες,
2623 1365 2794 1428 ἁλιεῖς
2835 1364 2941 1434 τὴν
2991 1362 3209 1434 τέχνην,
3253 1356 3360 1432 ἆρα
3394 1361 3707 1431 ἐθηράσαμέν
3729 1380 3790 1427 τις

2271 1458 2333 1510 Οἱ
2361 1455 2418 1509 δὲ
2438 1456 2608 1520 ἁλιεῖς
2632 1458 2998 1526 ἀπεκρίναντο
3022 1452 3182 1507 τοῦτο
3214 1453 3276 1506 τὸ
3307 1453 3457 1515 ἔπος·

658 1551 936 1624 ιίᾳιιὶηιιιι
963 1559 1224 1620 acceptos,
1260 1565 1365 1604 non
1397 1556 1578 1619 captos
1609 1547 1751 1619 ferre
1775 1563 1979 1602 necesse
1998 1556 2098 1602 est.

2274 1549 2452 1603 "000’
2504 1548 2722 1617 ἓλομεν
2760 1548 3130 1615 λιπόμεσθα,
3166 1547 3237 1599 τὰ
3266 1544 3318 1597 δ’
3357 1547 3469 1612 οὐχ
3494 1543 3690 1613 slayer
3719 1562 3795 1615 suo

3530 1637 3743 1693 όιιεσθα.

591 1724 711 1793 Quo
740 1722 961 1795 quidem
998 1738 1159 1777 versu
1194 1723 1295 1776 hoc
1323 1720 1601 1784 volebant,
1658 1735 1717 1776 se
1750 1719 2041 1792 pediculos
2071 1735 2166 1775 eos

3530 1637 3559 1691 ό
3597 1641 3743 1693 mea.

2209 1763 2245 1821 Β
2288 1733 2346 1787 '0
2381 1732 2440 1786 δὲ
2465 1732 2588 1795 νοῦς
2618 1730 2807 1785 τούτου
2853 1730 2946 1785 τοῦ
2975 1729 3143 1794 ἔπους
3188 1728 3432 1792 τοιοῦτος
3611 1727 3704 1793 υῦς
3723 1730 3796 1799 μιν

591 1830 733 1885 quos
758 1820 1040 1884 ceperant,
1084 1813 1360 1868 occidisse
1389 1829 1404 1866 :
1440 1826 1580 1882 quos
1605 1820 1787 1866 autem
1838 1825 2035 1881 capere
2065 1824 2166 1865 ne-

2212 1813 2241 1821 ν
2278 1825 2506 1897 φθεῖρας
2540 1824 2910 1895 ἑθηράσαμεν,
2937 1822 3338 1893 ἀπεκτείναμεν
3370 1820 3626 1875 ἐνταῦθα*
3654 1819 3731 1883 οὓς
3756 1820 3799 1873 δὲ

591 1909 903 1978 quiverant,
972 1906 1026 1960 in
1083 1906 1332 1960 vestibus
1381 1906 1501 1961 suis
1545 1901 1708 1959 ferre.
1751 1902 1906 1969 Quod
1952 1902 2171 1972 quidem

2274 1918 2376 1970 ούκ
2425 1915 2723 1987 ἰσχύσαμεν
2766 1913 3169 1986 θηρεύσασθαι,
3211 1914 3453 1986 φέρομεν
3489 1914 3544 1965 ὲν
3577 1914 3677 1975 τοῖς
3704 1912 3799 1982 ίμα-

593 2003 828 2073 aenigma
881 2015 1005 2055 cum
1048 1996 1320 2054 Homerus
1376 2012 1485 2052 non
1543 1996 1927 2057 intellexisset,
1974 1994 2175 2065 exiguo

2274 2010 2430 2074 τίοις.
2457 2011 2571 2063 Ούκ
2600 2010 2788 2079 ἐνόησε
2816 2008 2872 2062 δὲ
2889 2009 3137 2079 Ὅμηρος
3158 2007 3314 2061 τοῦτο
3340 2006 3404 2059 τὸ
3429 2006 3575 2072 ἔπος,
3595 2004 3661 2068 ὣς
3679 2021 3798 2073 φασι,

598 2108 845 2167 tempore
895 2096 1009 2151 illic
1067 2103 1341 2158 versatus,
1408 2106 1648 2147 maerore
1700 2105 2003 2163 oppressus
2064 2096 2172 2145 est.

2277 2100 2371 2155 καὶ
2402 2098 2598 2171 μικρὸν
2644 2101 2821 2152 ἐκεῖσε
2868 2092 3161 2169 γενόμενος
3198 2097 3467 2152 ἀπέθανεν
3501 2096 3604 2149 άπδ
3644 2094 3798 2163 λύπης.

592 2187 801 2244 Ferunt
853 2196 1037 2242 autem
1106 2186 1316 2242 editum
1365 2184 1537 2240 fuisse
1593 2183 1830 2241 Homero
1861 2182 2171 2245 oraculum,

2278 2192 2513 2261 Λέγουσι
2546 2191 2603 2245 δὲ
2634 2186 2776 2244 εἶναι
2808 2192 2901 2245 καὶ
2925 2190 3177 2262 χρησμὸν
3212 2189 3440 2243 δοθέντα
3483 2186 3798 2260 Ὀμήρῳ,ὃτι

591 2292 707 2338 tum
732 2281 836 2352 ipsi
870 2281 994 2334 vita:
1021 2280 1182 2333 tinem
1217 2276 1355 2339 fore,
1388 2292 1515 2332 cum
1541 2275 1881 2347 propositam
1914 2273 2173 2343 quaestio-

2275 2281 2401 2335 ὅταν
2442 2280 2591 2353 αύτῷ
2622 2280 2910 2353 προτεθείη
2957 2280 3176 2352 ζήτημά
3203 2299 3287 2345 τι,
3312 2280 3409 2335 καὶ
3442 2280 3516 2351 μὴ
3541 2279 3693 2350 εὖροι,
3715 2277 3802 2331 τότε

602 2392 728 2432 ncm
761 2375 976 2431 solvere
999 2387 1111 2426 non
1140 2370 1429 2441 potuisset.

1067 2388 1111 2425 in
1140 2370 1429 2441 potuisset.
2282 2372 2654 2431 ἀποθανεῖται.

965 2465 1058 2519 54.
1091 2461 1167 2516 De
1194 2460 1476 2516 Aristotele
1504 2470 1555 2516 et
1592 2459 1815 2527 Euripo.
2336 2464 2430 2519 λδν.
2470 2468 2552 2533 He

2336 2464 2430 2519 λδν.
2470 2465 2611 2533 Περὶ
2645 2463 2751 2520 τοῦ
2787 2462 3232 2533 Ἀριστοτέλους
3260 2464 3357 2518 καὶ
3387 2462 3496 2518 τοῦ
3519 2462 3768 2529 Εὐρίπου.

663 2554 989 2612 Aristoteles
1022 2552 1385 2623 philosophus
1423 2550 1668 2607 Platonis
1695 2550 2005 2620 discipulus
2048 2550 2174 2606 fuit.

2362 2554 2742 2626 Ἀριστοτέλης
2780 2556 2808 2606 ὁ
2840 2554 3128 2624 φιλόσοφος
3148 2594 3161 2618 ,
3199 2552 3452 2625 μαθητὴς
3495 2552 3672 2622 γέγονε
3700 2548 3804 2602 ΙΙλά-

595 2648 698 2713 Oui
739 2661 866 2701 cum
909 2660 969 2700 se
1015 2644 1361 2714 potissimum
1423 2642 1552 2697 huic
1608 2641 1971 2711 phiIOSOphiae
2035 2642 2176 2712 parti

2278 2660 2473 2709 τωνος’
2505 2646 2554 2697 ει
2585 2645 2678 2698 καὶ
2702 2644 2771 2699 τά
2801 2644 3035 2716 μάλιστα
3064 2645 3191 2716 περὶ
3212 2643 3272 2698 τὸ
3295 2642 3663 2713 φυσιολογικδν
3683 2638 3806 2711 μέρος

594 2736 915 2800 dedidisset,
947 2749 1071 2806 qua:
1104 2735 1159 2789 in
1205 2732 1630 2803 contemplanda
1674 2733 2175 2803 cognoscendaque

2278 2737 2379 2808 τῆς
2429 2736 2746 2807 φιλοσοφίας
2796 2736 3013 2800 ἐπιδοὺς
3052 2736 3276 2799 ἑαυτὸν,
3310 2734 3606 2789 ἐσπούδασε
3633 2734 3804 2785 πάντων

598 2842 783 2886 rerum
815 2839 1012 2883 natura
1059 2834 1337 2890 versatur,
1393 2840 1577 2879 rerum
1610 2825 1857 2879 omnium
1901 2824 2176 2879 subcmle-

2278 2831 2386 2884 τῶν
2413 2830 2551 2901 μετὰ
2588 2828 2659 2883 τὰ
2700 2829 2928 2901 οὐράνια
2960 2828 3186 2900 σώματα
3213 2828 3310 2891 τὰς
3339 2827 3520 2889 αἰτίας
3550 2828 3703 2878 εἰπεῖν
3736 2821 3804 2875 καὶ

598 2928 760 2980 stium
785 2938 982 2979 causas
1008 2931 1346 2990 naturasque
1378 2921 1657 2990 explicare
1691 2919 1926 2981 studuit,
1972 2928 2033 2972 ut
2066 2927 2177 2973 ter-

2280 2923 2378 2986 τὰς
2416 2922 2605 2993 φύσεις
2624 2940 2636 2953 ·
2676 2917 2815 2990 οἷον,
2864 2923 2965 2993 γῆς
2985 2961 3000 2985 ,
3031 2922 3299 2991 θαλάττης
3319 2963 3333 2986 ,
3380 2921 3540 2992 ἀέρος
3560 2961 3574 2983 ,
3603 2916 3803 2987 αἰθέρος,

599 3033 691 3085 ne,
723 3017 914 3079 maris,
964 3014 1129 3078 aeris,
1176 3014 1419 3078 aetheris,
1467 3012 1853 3076 animantium,
1894 3012 2175 3080 stirpium,

2282 3018 2454 3083 ζώων,
2502 3018 2712 3089 φυτῶν,
2775 3018 2967 3082 ὑετοῦ,
3002 3018 3212 3090 χιόνος,
3262 3017 3527 3088 σεισμῶν,
3564 3012 3804 3085 κομητῶν,

600 3109 815 3180 pluviae,
843 3106 1007 3169 nivis,
1040 3112 1408 3170 terraenmtus,
1459 3110 1818 3157 cometarum.
1862 3102 1959 3157 Hic
1992 3118 2173 3157 rerum

2221 3111 2502 3183 απάντων
2551 3110 2758 3175 ἁπλῶς.
2808 3106 2975 3177 Οὗτος
3024 3107 3117 3165 οὖν
3164 3109 3262 3182 τὴν
3314 3110 3563 3172 πάντων,
3603 3107 3672 3169 ὡς
3704 3104 3808 3157 ἔοικε

599 3200 865 3263 omnium,
895 3206 953 3251 ut
990 3194 1226 3258 videtnr,
1260 3207 1514 3249 naturam
1549 3201 1960 3264 perscrutatus,
1984 3193 2175 3263 Euripi

2274 3200 2762 3274 διερευνησάμενος
2783 3204 2968 3272 φύσιν,
2988 3202 3253 3274 ἐϐουλήθη
3274 3204 3367 3257 καὶ
3381 3202 3482 3273 τὴν
3498 3200 3592 3254 τοῦ
3616 3197 3811 3269 Εὐρίπου

598 3307 820 3362 quoque
874 3297 1128 3345 naturam
1181 3287 1444 3358 indagare
1489 3296 1542 3342 et
1599 3302 1934 3357 cognoscere
1977 3287 2172 3341 voluit.

2276 3294 2701 3365 φυσιολογῆσαι’
2749 3295 2823 3367 μὴ
2871 3296 3098 3366 ἰσχύσας
3161 3295 3218 3348 δὲ
3256 3294 3605 3358 καταλαϐεῖν,
3639 3290 3812 3362 ἔρριψεν

599 3383 772 3450 Quam
822 3395 946 3435 cum
996 3379 1216 3448 assequi
1264 3392 1371 3431 non
1406 3376 1694 3446 potuisset,
1735 3376 1790 3430 in
1825 3376 1965 3430 hanc
2003 3375 2177 3429 maris

2278 3384 2470 3437 ἑαυτὸν
2513 3386 2570 3438 ὲν
2617 3386 2793 3458 τούτῳ
2834 3386 2912 3456 τῷ
2959 3387 3119 3459 μέρει
3178 3386 3281 3457 τῆς
3318 3385 3637 3455 θαλάσσης,
3692 3380 3813 3435 τοῦτο

602 3482 811 3543 partem
871 3484 931 3523 se
987 3468 1322 3539 principitem
1380 3465 1551 3531 dedit,
1600 3474 1766 3537 atque
1811 3466 2042 3529 interiit,
2092 3466 2178 3521 his

2281 3477 2751 3551 ἐπιφθεγξάμενος
2773 3496 2787 3510 ο
2837 3481 3053 3553 Ἐπειδὴ
3105 3480 3491 3551 Ἀριστοτέλης
3513 3480 3608 3548 οὐχ
3636 3469 3732 3529 εἷλε
3750 3472 3814 3525 τὸν

602 3562 783 3618 verbis
811 3569 1017 3615 utens:
1069 3558 1341 3625 Quoniam
1388 3558 1719 3614 Aristoteles
1773 3556 2036 3629 Euripum
2080 3559 2181 3610 mi-

2282 3569 2560 3641 Εῦριπον,
2618 3570 2855 3641 Εὔριπος
2912 3574 3087 3644 ἐχέτω
3136 3572 3228 3626 τὸν
3298 3571 3690 3646 Ἀριστοτέλην.
3736 3564 3815 3619 Καὶ

610 3656 755 3710 nime
785 3654 952 3723 cepit,
995 3650 1347 3707 Aristotelem
1384 3651 1618 3722 Euripus
1653 3651 1873 3707 habeat.
1905 3651 2083 3720 Atque
2108 3650 2183 3704 ita

2286 3660 2551 3731 τέθνηκεν
2606 3661 2781 3726 οὕτως
2831 3666 2858 3716 ὁ
2926 3664 3322 3735 Ἀριστοτέλης.
3387 3664 3447 3716 ὐ
3495 3661 3550 3715 δὲ
3596 3660 3814 3730 Εὔριπος.

604 3745 821 3814 negotio
890 3742 1097 3798 infecto
1136 3750 1371 3797 mortem
1414 3741 1914 3797 obiitArisloteles.
1950 3741 2184 3813 Euripus

2282 3752 2445 3816 τόπος
2476 3754 2594 3806 ἐστὶ
2629 3755 2726 3823 τῆς
2757 3754 3030 3827 θαλάσσης
3059 3757 3261 3827 μεταξὺ
3288 3757 3387 3827 τῆς
3416 3752 3668 3816 Βοιωτίας
3692 3751 3815 3821 νήσου

605 3851 770 3906 porro
808 3836 965 3891 locus
1003 3842 1089 3892 est
1129 3836 1300 3889 maris
1348 3833 1492 3889 inter
1539 3830 1807 3890 Bmotiam
1843 3836 2077 3889 insulam
2129 3841 2185 3889 et

2286 3844 2508 3915 καὶτῆς
2540 3845 2813 3919 Ἀττικῆς,
2839 3848 2896 3911 ὃς
2936 3849 3162 3913 ἑπτάκις
3197 3849 3461 3921 τρέπεται
3501 3847 3598 3917 τῆς
3631 3844 3815 3914 ἡμέρας·

604 3928 862 3991 Atticam,
916 3928 1009 3998 qui
1066 3927 1234 3982 unius
1276 3925 1382 3981 diei
1433 3926 1614 3995 spatio
1659 3926 1861 3996 septies
1908 3935 2179 3982 mutatur.

2287 3933 2557 4003 Τρέπεται
2591 3935 2648 3987 δὲ
2666 3936 2725 3989 τὸ
2754 3936 2898 4009 ὕδωρ
2923 3936 2982 3990 τὸ
3020 3940 3076 3991 ὲν
3119 3938 3293 4009 τούτῳ
3314 3937 3393 4009 τῷ
3437 3938 3594 4009 μέρει
3624 3933 3693 4005 τῷ
3723 3932 3815 3983 ὑπο-

606 4019 727 4073 lllic
758 4018 905 4073 enim
934 4033 1079 4089 aqua
1121 4015 1375 4088 suffugit,
1424 4018 1681 4087 velutquc
1725 4015 2070 4079 absorbetur,
2116 4032 2181 4072 ac

2291 4024 2514 4093 φεύγειν
2548 4025 2643 4079 καὶ
2672 4027 2833 4081 οἱονεὶ
2866 4029 3310 4101 ἀναῤῥοφείσθαι,
3334 4030 3432 4082 καὶ
3459 4028 3619 4082 πάλιν
3651 4020 3812 4095 ὲξερεύ

606 4126 799 4165 rursus
821 4110 1120 4182 regurgitat
1147 4109 1592 4180 cumulaturque,
1626 4119 1685 4163 ut
1714 4110 1887 4180 prius.
1914 4108 2069 4176 Quod
2088 4126 2179 4165 au-

2285 4114 2498 4183 γεσθαι,
2533 4116 2629 4169 καὶ
2658 4117 3104 4191 ἀναπληροῦσθαι
3138 4121 3299 4175 πάλιν
3326 4121 3403 4185 ὡς
3441 4115 3533 4191 ἦν.
3572 4117 3726 4171 Τοῦτο
3755 4112 3818 4174 δὲ.

607 4213 712 4258 tem
756 4203 823 4258 ad
866 4202 1336 4259 constructionem
1395 4204 1611 4264 attinet,
1656 4200 1882 4257 verbum
1921 4202 2162 4271 plurale,

1874 4218 1882 4254 ι
1921 4202 2162 4271 plurale,
2288 4206 2365 4270 ὡς
2392 4202 2576 4275 εἷπον,
2614 4209 2822 4278 γίνεται
2843 4213 3069 4279 ἑπτάκις
3100 4215 3200 4286 τῆς
3224 4216 3461 4287 ἡμέρας.

606 4296 803 4350 mortui
854 4305 995 4359 sunt,
1028 4295 1393 4352 communiter
1445 4293 1711 4351 ambobus
1781 4294 1970 4358 servit,
2015 4312 2211 4365 nempe
2240 4296 2475 4357 Homero
2518 4315 2571 4358 et
2610 4304 2911 4363 Aristoteli.
2944 4307 3211 4365 Homerus
3241 4311 3387 4365 enim
3426 4313 3523 4383 qui
3583 4307 3681 4366 sibi
3736 4317 3819 4374 prt-

607 4399 725 4439 mas
747 4400 973 4455 pocscos
1020 4384 1332 4454 arrogabat,
1360 4398 1483 4437 cum
1508 4383 1560 4438 in
1583 4384 1851 4438 Arcadica
1869 4384 2173 4454 quaestione
2214 4386 2489 4457 hzesisset,
2523 4407 2762 4450 maerore
2785 4399 3090 4453 contabuit.
3133 4399 3463 4458 Aristoteles
3537 4408 3706 4455 autem
3755 4390 3820 4463 qui

608 4476 709 4533 sibi
773 4476 1353 4547 incomprehensibilia
1405 4474 1500 4531 Dei
1563 4474 1782 4548 opiﬁcia
1842 4492 2180 4549 cognoscere
2214 4494 2518 4555 eorumque
2553 4503 2751 4545 causas
2781 4493 3060 4562 explicare
3089 4495 3417 4562 videbatur,
3468 4497 3538 4552 ad
3604 4494 3819 4563 Euripum

607 4594 668 4633 se
697 4578 968 4633 contulit:
999 4591 1233 4648 cumque
1262 4578 1317 4633 in
1346 4577 1467 4648 eius
1492 4593 1661 4634 causa
1691 4575 2003 4651 indaganda
2044 4582 2337 4652 perplexus
2410 4589 2682 4655 haesisset,
2737 4606 2859 4648 sese
2921 4591 2977 4645 in
3040 4605 3194 4647 mare
3264 4590 3649 4662 praecipitavit,
3695 4587 3819 4641 miscc

612 4686 778 4741 reque
800 4670 979 4741 periit.

1042 4761 1129 4816 35.
1174 4760 1250 4816 De
1272 4773 1423 4831 puteo
1452 4760 1741 4817 Cleanthis.
2222 4772 2267 4827 ι)
2377 4768 2469 4822 λε’.
2505 4771 2629 4837 Περ.

2222 4772 2267 4827 ι)
2377 4768 2469 4822 λε’.
2505 4768 2645 4837 Περὶ
2673 4767 2779 4823 τοῦ
2825 4768 3170 4835 Κλεάνθους
3215 4769 3311 4823 καὶ
3366 4767 3477 4822 τοῦ
3515 4765 3762 4837 φρέατος.

680 4852 975 4909 Cleanthes
1006 4870 1226 4924 quoque
1254 4853 1322 4908 de
1371 4868 1604 4908 numero
1634 4854 1965 4925 Cynicorum
2005 4854 2186 4924 philo-

2356 4859 2635 4930 Κλεάνθης
2675 4854 2754 4924 εἷς
2792 4855 2860 4931 ἦν
2899 4860 2995 4914 καὶ
3044 4859 3205 4924 αὐτὸς
3237 4860 3343 4913 τῶν
3391 4858 3631 4913 κυνικῶν
3658 4850 3818 4925 φιλοσό-

613 4947 913 5016 sophorum
958 4954 1078 4999 erat
1114 4944 1213 5014 (l).
1257 4941 1357 4998 hic
1382 4944 1435 4998 in
1464 4953 1631 5011 puteo
1654 4942 1891 5013 quodam
1924 4959 2044 5001 sese
2072 4945 2189 4999 col-

2288 4970 2421 5022 φων.
2452 4948 2618 5017 οὗτος
2675 4952 2732 5005 ἐν
2768 4969 2873 5007 τινι
2924 4952 3121 5023 φρέατι
3168 4950 3357 5005 ἑαυτὸν
3416 4953 3645 5021 στήσας,
3674 4943 3821 5017 imum

613 5040 802 5095 locans
844 5035 1363 5108 pertranseuntihus
1400 5050 1600 5105 aquam
1634 5035 1957 5101 hauriebat,
1996 5050 2062 5093 ac
2090 5053 2190 5107 pro

2289 5047 2431 5119 ὓδωρ
2462 5048 2572 5111 τοῖς
2601 5045 2878 5118 παριοῦσι,
2913 5045 3007 5099 καὶ
3035 5044 3208 5107 διδοὺς
3237 5045 3405 5105 πιεῖν,
3436 5039 3702 5111 ἐλάμϐανε
3728 5030 3820 5100 παρ’

613 5146 677 5185 eo
711 5144 937 5200 panem,
966 5142 1077 5198 quo
1101 5136 1438 5193 vesceretur,
1471 5127 1795 5197 accipiebat.
1821 5128 1940 5195 Quo
1970 5129 2192 5184 nomine

2288 5137 2466 5193 αὐτῶν
2503 5137 2666 5210 ἄρτον
2720 5138 2813 5191 καὶ
2858 5136 3031 5207 ἤσθιε.
3085 5133 3433 5205 Θαυμάζεται
3486 5133 3544 5186 δὲ
3592 5129 3729 5201 παρὰ
3750 5122 3822 5178 τῶν

615 5225 669 5277 in
706 5235 917 5277 summa
958 5219 1324 5273 admiratione
1363 5219 1508 5290 apud
1541 5220 1901 5291 philosophos
1938 5231 2095 5290 erat,
2133 5229 2192 5276 ut

2079 5263 2095 5290 ο
2133 5229 2192 5276 ιιι
2292 5230 2592 5301 φιλοσόφων
2616 5232 2674 5287 έν
2704 5229 2878 5300 τούτῳ
2898 5230 2993 5283 καὶ
3016 5223 3169 5293 οὗτος
3195 5228 3271 5293 ὡς
3304 5227 3649 5298 καρτερικός.

616 5314 861 5366 laborum
896 5309 1361 5380 patientissimus.

1004 5399 1094 5453 '56.
1141 5396 1215 5451 De
1260 5399 1481 5454 tristitia
1520 5399 1802 5457 Ileracliti.
2466 5409 2572 5474 λς’.

2466 5409 2572 5474 λς’.
2609 5408 2742 5477 Περὶ
2773 5407 2885 5476 τῆς
2938 5406 3312 5474 Ἡρακλείτου
3348 5402 3688 5471 κατηφείας.

686 5492 1000 5549 Heraclitus
1038 5499 1093 5547 et
1141 5490 1507 5567 Democritus,
1558 5495 1650 5564 qui
1706 5495 1898 5550 eodem
1947 5502 2192 5567 tempore

2373 5502 2722 5573 Ἡράκλειτος
2755 5501 2849 5554 καὶ
2881 5500 3241 5571 Δημόκριτος,
3270 5496 3370 5550 οὐκ
3409 5498 3469 5548 ὲν
3494 5494 3574 5565 τῷ
3607 5486 3737 5558 αὐτῷ
3762 5497 3818 5576 τε.

619 5586 890 5649 vixerunt,
916 5586 1270 5657 physicaeque
1294 5586 1519 5655 operam
1547 5586 1847 5654 dederunt,
1879 5587 2070 5642 mundi
2103 5588 2191 5644 in-

2290 5594 2506 5664 γονότες
2549 5593 2745 5665 χρόνῳ,
2794 5592 3014 5661 φυσικοὶ
3059 5590 3116 5645 δὲ
3162 5590 3335 5658 ὄντες,
3380 5588 3590 5659 ὁμοίως
3635 5582 3721 5650 τὴν
3756 5588 3820 5625 τον

689 5746 765 5811 (ι)
805 5743 916 5800 imo
941 5741 1161 5803 Stoicus
1183 5750 1323 5810 erat,
1348 5749 1404 5800 et
1436 5741 1646 5799 Zenoni
1682 5744 1973 5801 successit.
