4018 6296
296 220 437 276 ωοδ

1178 215 1264 269 AD
1303 216 1358 270 ἓ.
1393 216 1719 272 GREGOMI
1748 215 1839 272 ΟΠ
1862 216 1957 270 \T.
1990 217 2013 268 .l
2055 216 2328 270 CONTRA
2358 216 2726 272 JUl.l.\?\'U.\l.

3417 218 3556 275 H209}

292 336 504 407 κόσμου
532 333 961 406 ἁλλεπαλληλίαν
995 335 1297 400 διέπαιξσν,
1340 338 1368 389 6
1410 336 1509 406 μὲν
1540 336 1729 404 γελῶν,
1764 338 1791 389 6
1835 336 1885 387 δὲ

1988 338 2355 391 constantiam
2394 352 2549 405 atque
2601 335 2985 407 suggillurunt,
3018 336 3107 391 ille
3158 336 3315 399 ﬂens,
3351 337 3439 391 hic
3478 339 3549 390 ιὶ-

293 427 519 481 κλαίων.
566 427 622 480 ’0
656 426 754 497 μὶν
787 427 1124 497 Δημόκριτος
1159 426 1319 495 ἐγέλα
1362 428 1601 497 συνεχῶς
1634 428 1703 481 τὰ
1740 432 1883 498 πρά-

291 533 502 587 γματα,
532 518 562 569 6
598 516 656 567 δὲ
688 516 1038 585 Ἡράκλειτος
1073 517 1308 571 ἔκλαιεν.
1344 512 1451 570 Ἶῐν
1483 517 1539 569 δὲ
1582 519 1611 569 6
1646 518 1745 589 μὲν
1775 522 1881 588 Δη⁸

288 608 555 677 μδκριτος
596 605 942 677 Ἀϐδηρίτης,
971 610 1001 660 6
1027 607 1084 660 δέ
1123 609 1472 680 Ἡράκλειτος
1518 610 1782 677 Ἐφέσιος.

718 716 818 782 λζ’.
862 720 1001 787 Περὶ
1033 718 1152 773 τῶν
1178 719 1451 788 φαλλῶν.

358 830 454 901 τῷ
472 830 711 901 Διονύσῳ
726 831 919 903 ἑορτὴν
941 830 1163 900 ἄγοντες
1184 832 1233 883 oi
1252 832 1527 903 Ἕλληνες,
1545 832 1765 901 φαλλοῖς
1781 832 1881 885 ἐτί-

288 939 411 990 μων
426 922 605 975 αὐτόν.
624 921 826 982 Φαλλδς
838 921 895 975 δέ
916 923 1061 975 ἐστιν
1076 923 1143 975 ἐκ
1166 922 1431 994 δέρματος
1450 923 1683 994 ρουσίου,
1698 925 1879 995 σχῆμα

285 1012 490 1066 αίδοίου
518 1012 729 1084 ἀνδρός.
762 1013 871 1065 Καὶ
902 1011 1060 1066 τοῦτο
1084 1013 1423 1085 περιετῐθουν
1454 1015 1663 1078 ἑαυτοῖς
1698 1016 1789 1068 καὶ
1821 1016 1879 1067 ἐν

283 1101 402 1162 τοῖς
418 1100 710 1170 τραχήλοις
731 1100 822 1153 καὶ
842 1102 899 1153 ἐν
913 1102 1023 1163 τοῖς
1040 1099 1224 1171 μέσοις
1246 1118 1319 1171 μη
1328 1103 1460 1172 ροῖς,
1476 1101 1570 1154 καὶ
1589 1100 1881 1173 ἐξωρχοῦνο

283 1203 371 1251 το,
392 1187 656 1257 τιμῶντες
678 1189 741 1240 ἐκ
762 1187 953 1240 τούτου
972 1187 1062 1240 τὸν
1082 1186 1351 1240 Διόνυσον.
1372 1187 1482 1257 Τὴν
1499 1188 1556 1241 δὲ
1570 1189 1735 1259 τιμὴν
1755 1189 1881 1242 ταύ-

279 1290 389 1343 την
405 1269 541 1345 ἦγον
571 1275 652 1346 τῷ
676 1274 914 1345 Διονύσῳ
937 1274 1023 1327 διὰ
1048 1273 1146 1345 τὴν
1164 1274 1417 1343 τοιαύτην
1439 1275 1640 1329 αἰτίαν
1674 1276 1765 1329 Ἐκ
1791 1277 1880 1329 Σε-

285 1360 461 1431 μέλης
508 1361 607 1431 τῆς
656 1361 880 1432 Κάδμου
926 1361 1192 1431 θυγατρὸς
1238 1362 1490 1429 γεννᾶται
1528 1365 1557 1416 6
1593 1363 1873 1425 Διόνυσος⁶

283 1446 427 1517 αὕτη
461 1447 517 1501 δέ
562 1448 985 1520 κεραυνωθεῖσα,
1036 1447 1279 1519 ἐζητεῖτο
1325 1448 1429 1501 ὐπὸ
1458 1447 1553 1502 τοῦ
1601 1450 1871 1504 Διονύσου.

284 1534 763 1605 Περιπλανωμένῳ
801 1534 861 1589 δέ
900 1534 1077 1605 τούτῳ
1121 1534 1215 1587 καὶ
1259 1533 1528 1605 ζητοῦντι,
1561 1536 1878 1607 Πρόσυμνος

283 1624 416 1684 παῖς
464 1620 607 1675 οὕτω
648 1621 938 1694 λεγόμενος
981 1621 1270 1692 περιέτυχε
1311 1621 1389 1692 τῷ
1438 1622 1681 1694 Διονύσῳ
1707 1666 1721 1689 ,
1780 1627 1874 1678 καὶ

282 1709 554 1780 ὑπέσχετο
584 1707 777 1774 δείξειν
818 1707 967 1779 αὐτῷ
1008 1707 1108 1778 τὴν
1151 1706 1381 1778 μητέρα,
1424 1711 1471 1762 εί
1509 1710 1874 1784 παιδεραστή-

282 1810 370 1849 σει
420 1795 601 1851 αὐτόν.
665 1796 725 1849 '0
773 1796 830 1849 δέ
876 1797 1130 1859 Διόνυσος
1183 1794 1449 1866 ὸπέσχετο
1492 1797 1669 1854 τοῦτο.
1713 1801 1875 1868 Λέγει

475 1883 505 1934 6
538 1882 881 1953 Πρόσυμνος,
921 1882 1007 1935 ὅτι
1046 1883 1103 1935 ἐν
1143 1882 1325 1955 Λέρνῃ
1371 1885 1517 1937 ἐστὶν
1557 1886 1591 1955 ἡ
1639 1887 1877 1959 Σεμέλη.

280 1964 419 2021 εἶτα
456 1967 701 2038 εἰσῆλθεν
741 1969 771 2020 6
792 1967 1043 2032 Διόνυσος
1079 1970 1137 2020 ἐν
1164 1971 1228 2039 τῇ
1260 1968 1520 2043 Θαλάττῃ,
1551 1971 1637 2025 ἵνα
1663 1975 1877 2047 περάσῃ

278 2056 343 2107 ἐν
370 2057 437 2125 τῇ
467 2056 664 2127 Λέρνῃ.
694 2055 1163 2127 Συνηκολούθησεν
1192 2054 1340 2126 αὐτῷ
1372 2058 1464 2110 καὶ
1485 2059 1513 2111 6
1537 2059 1880 2130 Πρόσυμνος.

279 2145 394 2198 Καὶ
418 2146 448 2197 6
470 2145 570 2215 μέν
598 2145 869 2211 Διόνυσος,
893 2146 971 2209 ὼς
994 2145 1136 2211 θεὸς,
1158 2146 1219 2199 ού
1241 2146 1524 2218 τέθνηκεν·
1543 2149 1571 2200 6
1594 2148 1648 2201 δὲ
1668 2150 1872 2220 Πρόσυ-

281 2247 416 2301 μνος
452 2231 700 2304 τέθνηκε.
746 2232 1022 2303 Λυπηθεὶς
1059 2232 1117 2285 δὲ
1152 2234 1181 2286 6
1222 2232 1505 2299 Διόνυσος,
1548 2236 1630 2288 ὅτι
1668 2237 1697 2287 6
1746 2238 1870 2307 ἐρα-

282 2318 416 2389 στὴς
444 2319 610 2373 αὐτοῦ
640 2320 889 2391 τέθνηκε,
924 2321 1058 2390 πρὸς
1103 2319 1267 2390 τιμὴν
1311 2319 1475 2374 αύτοῦ
1509 2323 1601 2376 καὶ
1645 2324 1871 2394 μνήμην

280 2407 480 2462 αἰδοῖον
518 2408 736 2475 ξύλινον
773 2411 838 2464 ἐκ
876 2409 1093 2463 συκίνου
1122 2408 1280 2475 ξύλου
1309 2408 1628 2482 ἐπελέκησε,
1658 2430 1868 2484 μεμνη-

283 2493 447 2563 μένος
477 2496 575 2565 τῆς
612 2496 1054 2567 συντελεσθείσης
1098 2495 1280 2558 αὐτοῖς
1314 2495 1545 2567 αἰσχρᾶς
1572 2498 1666 2552 καὶ
1694 2515 1868 2570 παρα-

279 2581 451 2652 νόμου
482 2584 708 2656 ὴδονῆς·
739 2586 834 2639 καὶ
864 2582 953 2638 διὰ
996 2583 1199 2655 ταύτην
1226 2581 1324 2653 τὴν
1363 2584 1543 2637 αἰτίαν
1580 2589 1690 2650 τοῖς
1728 2588 1863 2655 φαλ-

280 2670 394 2735 λοῖς
427 2672 630 2741 τιμῶσι
688 2673 780 2727 τὸν
833 2672 1105 2727 Διόνυσον.
1156 2670 1349 2724 Φαλλοὶ
1401 2666 1495 2725 οὖν
1541 2675 1680 2727 εἰσιν
1719 2669 1864 2729 οὗτοι

281 2756 512 2819 πάντες·
545 2757 824 2828 ιθύφαλλοι
855 2759 935 2823 δὲ,
967 2761 1015 2811 οἱ
1064 2760 1143 2821 εἰς
1186 2758 1313 2820 τοὺς
1354 2761 1562 2829 μηροὺς
1591 2762 1749 2832 μόνον
1777 2764 1863 2815 ἐπ’

278 2846 495 2910 εὐθείας
527 2847 997 2919 ἐπιδεσμούμενοι.

1984 428 2138 482 dens.
2177 428 2519 483 Democritus
2532 428 2824 484 Abderites
2855 437 3000 491 erat,
3034 428 3342 485 Heraclitus
3372 427 3546 499 Ephe-

1986 536 2121 573 slus.

2530 728 2619 781 ‘57.
2663 726 2741 781 De
2764 726 2980 794 phaflis.

2053 838 2248 895 Libero
2274 840 2417 911 patri
2446 855 2572 896 cum
2605 839 2807 895 festum
2835 846 3056 910 agerent
3104 835 3356 907 gentiles,
3389 834 3544 905 phal-

1981 931 2049 987 lis
2106 947 2230 987 eum
2296 931 2660 986 honorabant.
2729 930 2826 987 Est
2884 938 3065 986 autem
3114 929 3332 1000 phallus
3389 928 3547 999 pellis

1980 1020 2147 1075 rubra
2175 1022 2230 1075 in
2266 1020 2465 1075 veretri
2500 1019 2729 1090 ﬁgurant
2770 1019 2964 1075 ellicta.
2995 1018 3108 1073 Hos
3150 1018 3393 1089 undique
3439 1018 3545 1073 sibi

1980 1112 2115 1182 ipsis
2150 1119 2262 1166 tum
2286 1112 2340 1166 in
2372 1112 2530 1166 collis
2557 1120 2671 1167 tum
2702 1113 2754 1167 in
2788 1111 2981 1166 mediis
3030 1110 3329 1166 femoribus
3365 1111 3544 1179 impo-

1981 1205 2185 1259 nebant
2204 1220 2216 1256 :
2238 1204 2622 1276 saltabantque
2650 1205 2704 1260 in
2721 1205 2917 1261 Bacchi
2943 1205 3227 1259 honorem.
3250 1204 3363 1259 Hoc
3384 1220 3547 1275 porro

1979 1292 2207 1348 honoris
2232 1308 2430 1363 genere
2464 1294 2641 1363 ipsum
2682 1294 2755 1348 ob
2805 1292 3120 1362 bujusmodi
3162 1307 3385 1348 causam
3423 1292 3544 1346 afﬁ-

1978 1381 2226 1437 ciebant:
2246 1383 2324 1437 Ex
2350 1383 2569 1438 Semele
2595 1382 2789 1438 Cadmi
2820 1398 2992 1438 uxore
3020 1381 3267 1437 Bacchus
3290 1396 3545 1452 procrea-

1977 1478 2068 1525 tus
2090 1477 2194 1527 est.
2227 1469 2379 1525 lianc
2418 1471 2648 1528 fulmine
2662 1487 2983 1543 percussam
3021 1480 3185 1543 atque
3214 1474 3542 1528 exstinctam

1978 1575 2103 1614 cum
2161 1560 2271 1615 huc
2330 1561 2571 1633 illucque
2622 1563 2890 1618 oberrans
2945 1562 3196 1618 Bacchus
3253 1576 3541 1632 quareret,

1907 1678 1950 1734 Β
1978 1653 2299 1710 adolescens
2327 1654 2551 1725 quidam
2586 1655 2805 1710 nomine
2836 1655 3171 1727 Polyymnus
3205 1656 3259 1710 in
3306 1671 3430 1712 eum
3459 1656 3542 1710 in~

1975 1744 2130 1811 cidit,
2162 1743 2544 1817 factorumque
2571 1760 2631 1803 se
2661 1747 2940 1819 pollicitus
2972 1756 3079 1813 est,
3102 1758 3162 1803 ut
3186 1749 3288 1820 ipsi
3318 1757 3542 1803 matrem

1975 1852 2133 1892 suam
2171 1838 2505 1901 ostenderet,
2567 1840 2615 1896 si
2665 1855 2926 1897 venereas
2974 1842 3286 1912 voluptates
3333 1841 3433 1896 abs
3484 1855 3544 1896 se

1974 1932 2126 2001 carpi
2179 1942 2475 2001 pateretur.
2527 1932 2683 2000 Quod
2712 1949 2835 1990 cum
2893 1935 3242 2005 promisisset
3272 1934 3540 1999 Bacchus,

1974 2022 2221 2077 narravit
2256 2021 2587 2096 Polyymnus
2626 2024 2878 2081 Semelen
2931 2025 3073 2097 apud
3114 2024 3348 2081 Lernam
3378 2040 3539 2082 esse:

1974 2112 2166 2183 sicque
2196 2114 2264 2168 ab
2290 2114 2412 2186 ipso
2440 2114 2689 2171 Bacchus
2713 2126 3110 2188 constupratus
3132 2125 3239 2174 est.
3291 2116 3541 2189 Cumque

1971 2215 2161 2274 postea
2189 2220 2341 2260 mare
2368 2207 2654 2277 ingressus
2676 2216 2845 2271 esset.
2881 2218 2941 2265 ut
2968 2210 3024 2265 in
3058 2208 3292 2267 Lernam
3325 2210 3542 2280 trajice-

1970 2304 2075 2362 ret,
2140 2297 2393 2354 comitem
2427 2313 2487 2355 se
2516 2315 2735 2371 quoque
2778 2301 3030 2371 adjunxit
3070 2301 3397 2374 Polyymnus
3439 2300 3535 2371 (l).

1967 2386 2047 2439 Ac
2073 2383 2322 2442 Bacchus
2356 2389 2576 2458 quidem
2610 2398 2670 2445 ut
2699 2391 2856 2455 deus,
2886 2392 3179 2448 incolumis
3209 2392 3334 2448 inde
3355 2393 3537 2448 rediit:

1969 2476 2301 2551 Polyymnus
2339 2490 2521 2538 autem
2575 2493 2751 2539 morte
2800 2500 3102 2555 oppressus
3133 2493 3239 2540 est.
3290 2480 3541 2541 Bacchus

1969 2570 2138 2639 igitur
2166 2572 2359 2627 amasii
2395 2584 2625 2629 mortem
2664 2589 2808 2645 agre
2836 2574 3037 2640 ferens,
3067 2576 3133 2630 ad
3165 2574 3338 2645 ipsius
3368 2574 3540 2629 hono-

1970 2678 2084 2718 rent
2119 2678 2184 2718 ac
2223 2665 2540 2720 memoriam
2571 2666 2810 2737 ligneum
2859 2676 3137 2724 veretrum
3191 2682 3259 2724 ex
3309 2667 3540 2723 ficulnea

1969 2771 2171 2811 caesum
2200 2770 2265 2811 ac
2286 2759 2458 2813 rubro
2484 2759 2672 2815 colore
2698 2760 2893 2815 illitum
2920 2761 3101 2816 solatii
3124 2774 3294 2816 causa
3324 2773 3540 2829 semper

1968 2846 2240 2917 gestabat,
2262 2857 2322 2902 ut
2351 2861 2462 2903 non
2489 2850 2611 2905 sine
2637 2865 2835 2922 magna
2856 2850 3139 2921 voluptate
3166 2849 3391 2905 nefariae
3417 2849 3540 2903 libi-

274 2939 431 2995 dinis
493 2954 618 2995 cum
672 2940 793 3011 ipso
832 2948 1159 3013 perpetrata:
1204 2944 1525 3001 memoriam
1559 2940 1849 2999 refricans.
1906 2942 1986 2996 Ac
2037 2956 2136 3012 pro
2172 2948 2392 3008 sceptro
2417 2940 2523 2994 hoc
2551 2940 2994 2996 circumferebat.
3026 2943 3202 3011 Atque
3259 2940 3376 2996 haec
3405 2954 3539 2995 cau-

277 3048 344 3087 sa
401 3040 507 3096 est,
550 3046 651 3088 cur
700 3032 905 3089 ethnici
964 3034 1165 3104 phallis
1225 3035 1499 3091 Bacchum
1555 3034 1845 3091 honorent.
1886 3032 2180 3088 Enimvero
2224 3033 2391 3103 phalli
2420 3031 2684 3087 dicuntur
2711 3041 2925 3087 veretra
2987 3034 3193 3097 omnia,
3252 3030 3535 3104 ithyphalli

277 3138 342 3177 ea
365 3125 606 3189 demum,
638 3139 758 3196 quae
787 3123 960 3196 rigida
1010 3135 1173 3198 atque
1221 3128 1277 3183 in
1321 3128 1544 3199 longum
1576 3135 1789 3182 arrecta
1826 3135 2000 3182 sunt:
2035 3125 2182 3181 unde
2207 3124 2369 3181 etiam
2404 3123 2747 3196 φαλλητάρια
2782 3134 3072 3181 vocantur.

349 3260 556 3333 ληὀλθ’.
593 3262 754 3316 Κατὰ
790 3259 910 3315 τῶν
940 3261 1186 3331 ἁπύγων
1222 3263 1321 3317 καί
1355 3261 1781 3332 μελαμπύγων.

362 3396 422 3449 '0
450 3394 733 3465 Πειρίθους
759 3392 1031 3449 κατελθὼν
1072 3395 1152 3457 είς
1185 3395 1274 3449 τὸν
1309 3394 1442 3466 ᾅδην
1470 3394 1558 3449 διὰ
1593 3394 1653 3447 :6
1680 3393 1860 3464 ἁρπά-

278 3505 369 3541 σαι
397 3488 497 3560 τὴν
524 3488 869 3560 Περσεφόνην
901 3488 1000 3560 τὴν
1040 3488 1132 3543 τοῦ
1163 3486 1491 3551 Πλούτωνος.
1522 3484 1674 3557 ἐδέθη
1708 3485 1858 3539 κάτω

278 3579 433 3650 παρά
478 3578 705 3651 πέτραις
753 3580 878 3635 τισί.
923 3578 1214 3634 Κατελθὼν
1252 3579 1309 3632 δέ
1354 3581 1382 3632 6
1421 3577 1718 3650 Ἡρακλῆς,
1763 3576 1859 3630 καὶ

275 3671 448 3723 θέλων
484 3669 669 3724 λαϐεῖν
699 3669 791 3724 τὸν
819 3670 1123 3742 Πειρίθουν,
1161 3670 1324 3725 αὐτὸν
1366 3668 1465 3740 μὲν
1513 3668 1853 3723 ἀνείλκυσεν

274 3764 334 3816 αι
374 3764 433 3817 δὲ
475 3762 647 3831 πυγαὶ
698 3763 864 3818 αὑτοῦ
902 3764 1266 3836 προσέμειναν
1291 3766 1358 3835 τῇ
1388 3763 1583 3835 πέτρᾳ.
1628 3761 1859 3834 Ἐκλήθη

275 3851 371 3908 οὖν
414 3856 446 3908 6
497 3853 781 3926 Πειρίθους
832 3855 1069 3924 ἆπυγος·
1126 3856 1295 3925 πυγδς
1346 3854 1454 3924 γὰρ
1506 3856 1751 3909 καλεῖται
1798 3854 1861 3907 :6

275 3947 522 4018 κάθισμα
567 3946 797 4001 ἑκάστου
845 3945 1151 4018 ἀνθρώπου.
1194 3946 1260 4000 Ἥ
1300 3946 1356 4000 δέ
1410 3944 1551 3999 κατὰ
1593 3945 1718 4010 τοὺς
1765 3963 1861 4015 με·

276 4040 601 4111 >.αμπύγους
629 4041 775 4093 ἐστὶν
818 4036 992 4109 αὕτη·
1024 4037 1127 4092 Δύο
1166 4038 1308 4101 τινὲς
1337 4038 1554 4106 ἀδελφοὶ
1583 4038 1725 4091 κατὰ
1758 4036 1861 4105 γῆν

280 4135 465 4186 πᾶσαν
486 4132 697 4186 ἀδικίαν
738 4129 1157 4201 ἐνδεικνύμενοι,
1185 4129 1431 4197 ἐλέγοντο
1459 4129 1762 4201 Κέρκοπες,
1797 4129 1862 4183 ἐκ

279 4222 385 4295 τῆς
422 4224 532 4278 τῶν
555 4225 732 4297 ἔργων
757 4222 1085 4294 δριμύτητος
1113 4223 1212 4292 τὴν
1248 4220 1559 4291 ἐπωνυμίαν
1589 4219 1858 4291 λαχόντες.

294 4316 357 4370 ’0
399 4316 500 4385 μέν
529 4314 640 4385 γὰρ
676 4315 854 4370 αὐτῶν
896 4313 1115 4379 ἐλέγετο
1158 4312 1460 4376 Πάσσαλος,
1506 4312 1534 4365 6
1574 4310 1630 4363 δέ
1678 4311 1862 4381 ἔτερος

295 4404 607 4476 ’Δκλήμων,
650 4403 727 4467 ὣς
759 4420 892 4474 φησι
946 4404 1064 4465 Δῖος
1110 4402 1141 4454 6
1180 4399 1687 4471 ύπομνηματιστής.
1728 4398 1863 4452 Τού-

2241 3258 2423 3316 58-39.
2473 3258 2546 3315 De
2590 3258 2937 3333 Helampygis
2969 3270 3024 3318 et
3058 3263 3277 3333 Apygis.

2033 3399 2365 3469 Apygorum.
2396 3398 2497 3454 hoc
2539 3408 2653 3465 est,
2698 3401 2922 3457 natibus
2974 3402 3304 3463 carentium.
3352 3402 3536 3458 fabula

1966 3491 2076 3543 haec
2099 3497 2183 3544 est
2214 3508 2227 3542 :
2264 3487 2538 3546 Pirithous
2566 3505 2691 3544 cum
2716 3491 2783 3546 ad
2816 3490 3020 3549 inferos
3063 3493 3440 3551 descendisset
3463 3497 3535 3549 oh

1961 3580 2298 3650 Proserpinae
2364 3583 2555 3637 uxoris
2605 3580 2855 3640 Plutonis
2913 3593 3154 3656 raptum,
3216 3587 3285 3643 ad
3351 3596 3535 3657 petras

1960 3669 2222 3738 quasdam
2262 3669 2479 3726 vinctus
2517 3678 2622 3726 est.
2659 3669 2795 3727 Cum
2828 3688 2959 3743 ergo
2991 3672 3254 3730 Hercules
3301 3676 3532 3732 descen-

1961 3759 2153 3823 disset,
2185 3773 2249 3813 ac
2278 3756 2586 3814 Pirithoum
2622 3762 2871 3832 accipere
2898 3763 3079 3829 vellet,
3104 3764 3283 3835 ipsum
3316 3766 3531 3837 quidem

1960 3864 2180 3906 sursum
2209 3851 2511 3921 pertraxit:
2558 3862 2815 3908 caeterum
2855 3853 3034 3924 ipsius
3082 3866 3242 3912 nates
3272 3863 3394 3929 rupi
3436 3861 3533 3913 ad-

1961 3942 2262 3997 heserunt.
2302 3940 2381 3996 Ac
2409 3941 2639 4012 proinde
2661 3943 2883 4014 Apygus
2907 3944 3091 4002 dictus
3122 3954 3227 4003 est.
3258 3947 3413 4013 Quod
3436 3964 3533 4003 auo

1962 4040 2069 4088 tem
2110 4031 2477 4105 Melampygos
2508 4035 2723 4099 attinet,
2752 4035 2841 4090 hic
2879 4051 3060 4091 sermo
3093 4038 3479 4095 circumfertur
3515 4060 3530 4094 :

1964 4122 2082 4180 Duo
2102 4124 2302 4180 fratres
2330 4135 2489 4180 erant
2512 4126 2723 4180 nullum
2754 4143 2864 4183 non
2919 4127 3109 4200 flagitii
3139 4147 3312 4203 genus
3338 4148 3531 4203 perpe-

1964 4223 2195 4277 trantes,
2226 4216 2320 4287 qui
2357 4231 2387 4269 a
2412 4216 2718 4273 facinorum
2742 4233 2967 4273 suorum
2998 4221 3300 4276 acrimonia
3331 4223 3532 4279 Cerco-

1964 4320 2093 4360 num
2144 4305 2165 4376 (
2189 4303 2491 4376 Cerc0pum
2537 4306 2821 4376 legendum
2869 4308 3051 4381 puto)
3109 4319 3528 4382 cognomentum

1962 4396 2109 4451 nacti
2139 4405 2286 4451 sunt.
2315 4395 2449 4451 Nam
2476 4397 2680 4467 alioqui
2710 4399 2848 4453 alter
2871 4400 3114 4470 ipsorum
3144 4401 3403 4460 Passalus
3432 4420 3529 4461 vo-

277 4507 411 4559 τους
451 4471 509 4548 δέ
550 4497 585 4567 ή
634 4471 835 4566 μήτηρ,
878 4494 1143 4564 Μήμωνις
1178 4490 1256 4562 τῷ
1296 4490 1540 4561 ὀνόματι,
1586 4490 1860 4561 ἑωρακυῖα

1966 4485 2212 4548 cabatur,
2254 4487 2392 4540 alter
2446 4486 2732 4553 Aclemon,
2766 4496 2825 4542 ut
2847 4498 3041 4544 auctor
3073 4499 3159 4547 est
3206 4490 3344 4547 Dion
3374 4508 3527 4549 com-

280 4587 425 4640 κατὰ
470 4586 575 4657 γῆν
614 4584 785 4638 πολλὰ
828 4584 975 4637 δεινὰ
1028 4582 1430 4654 ἐργαζομένους
1470 4580 1686 4644 αὐτοὺς,
1740 4575 1862 4633 εἷπε

282 4676 359 4748 μὴ
382 4679 695 4747 περιτυχεῖν
728 4673 1067 4746 μελαμπύγῳ
1084 4693 1098 4706 ·
1125 4673 1218 4727 καί
1246 4688 1377 4726 ποτε
1402 4671 1497 4725 τοῦ
1532 4669 1865 4742 Ἡρακλέους

278 4767 389 4820 ὑπὸ
413 4765 628 4839 δένδρον
664 4764 1029 4836 κοιμωμένου.
1059 4762 1156 4817 καὶ
1183 4762 1290 4816 τῶν
1333 4760 1501 4815 αὐτοῦ
1531 4762 1710 4815 ὃπλων
1738 4760 1863 4813 ὑπο·

279 4858 621 4930 κεκλιμένων
640 4856 719 4928 τῷ
738 4856 908 4926 φυτῷ,
936 4856 1333 4926 πλησιάσαντες
1358 4846 1505 4907 οὗτοι
1522 4855 1635 4916 τοῖς
1656 4851 1858 4918 ὅπλοις,

281 4944 630 5016 ἐπιχειρῆσαι
700 4941 1091 5015 ἐϐουλήθησαν.
1152 4942 1326 5006 Εὐθὺς
1387 4941 1445 4995 δὲ
1495 4944 1523 4995 6
1583 4940 1858 5011 Ἡρακλῆς

282 5036 623 5105 αἰσθόμενος,
650 5034 828 5087 λαϐὼν
846 5034 1061 5096 αὐτοὺς,
1090 5034 1185 5087 καὶ
1210 5032 1559 5101 κατακέφαλα
1579 5033 1676 5086 ἐπὶ
1701 5031 1858 5097 ξύλου

278 5126 605 5199 δεσμεύσας,
647 5126 946 5181 ἐϐάστασεν
982 5124 1284 5192 ἐξόπισθεν.
1334 5125 1446 5179 Καὶ
1486 5125 1606 5179 τότε
1665 5126 1860 5178 ἐκεῖνοι

280 5219 381 5289 τῆς
409 5216 629 5287 ἐντολῆς
673 5216 773 5287 τῆς
824 5215 1030 5271 ἑαυτῶν
1070 5215 1274 5287 μητρὸς
1329 5213 1678 5286 ἐμνήσθησαν
1726 5230 1856 5285 κρε-

285 5308 543 5379 μάμενοι,
580 5306 676 5362 τοῦ
723 5307 1054 5379 Ἡρακλέους
1095 5307 1193 5377 τὴν
1227 5308 1406 5377 πυγὴν
1437 5305 1694 5377 μέλαιναν
1734 5304 1859 5358 θεαι-

282 5400 510 5471 σάμενοι
552 5401 619 5455 ἐκ
649 5404 751 5472 τῆς
780 5400 887 5454 τῶν
915 5399 1119 5470 τριχῶν
1149 5399 1476 5469 δασύτητοςο
1504 5398 1555 5451 οἶ
1600 5398 1692 5452 καὶ
1723 5394 1858 5469 πρὸς

281 5490 547 5561 ἀλλήλους
603 5491 734 5546 αύτδ
788 5491 945 5545 τοῦτο
998 5490 1385 5561 διαλεγόμενοι,
1428 5485 1637 5557 γέλωτα
1691 5488 1859 5541 πολὺν

358 5689 437 5759 (1)
476 5689 647 5746 Aliter
679 5689 783 5744 hoc
828 5696 1015 5745 narrat
1045 5686 1298 5745 Clemens
1328 5688 1383 5741 in
1418 5685 1641 5741 Adhort.

1960 4584 2250 4632 mentator.
2286 4575 2457 4631 Mater
2478 4578 2645 4648 igitur
2692 4594 2878 4634 eorum
2928 4583 3149 4639 nomine
3202 4582 3526 4640 Memmonis

1960 4681 2085 4721 cum
2143 4681 2239 4723 eos
2283 4667 2517 4738 plurima
2578 4669 2880 4741 graviaque
2926 4671 3124 4743 ﬂagitia
3183 4674 3528 4731 committere

1959 4760 2191 4825 videret,
2216 4760 2518 4816 cavendum
2550 4760 2685 4831 ipsis
2705 4776 2829 4820 esse
2876 4763 3179 4830 admonuit,
3209 4781 3277 4822 ne
3313 4767 3368 4822 in
3415 4765 3527 4823 He—

1960 4851 2270 4922 lampygum
2324 4849 2651 4906 inciderent.
2698 4851 2913 4907 Accidit
2968 4853 3108 4911 forte
3149 4863 3210 4909 ut
3266 4853 3526 4913 Hercules

1962 4944 2151 5013 positis
2177 4943 2280 5000 sub
2310 4943 2507 5000 arbore
2527 4944 2762 5013 quadam
2796 4945 2962 5001 armis
2981 4961 3177 5001 somno
3200 4948 3521 5020 indulgeret.

1962 5029 2025 5085 Hi
2058 5032 2226 5101 igitur
2254 5033 2479 5104 propius
2518 5033 2845 5089 accedentes
2888 5036 3058 5091 armis
3088 5034 3263 5107 ipsius
3303 5053 3523 5092 manum

1960 5122 2187 5192 injicere
2211 5128 2514 5178 tentarunt.
2570 5124 2727 5189 Quod
2777 5140 2902 5180 cum
2961 5127 3214 5197 protinus
3260 5127 3526 5185 Hercules

1964 5214 2250 5276 sensisset,
2284 5213 2466 5283 capite
2507 5222 2777 5285 arreptos.
2808 5222 2978 5285 atque
3000 5216 3069 5271 ad
3113 5216 3321 5288 lignum
3350 5221 3524 5288 quod-

1962 5303 2085 5358 dam
2123 5302 2413 5358 obvinctos
2446 5303 2715 5374 gestabat.
2758 5303 2837 5361 Ac
2866 5310 2982 5360 tum
3018 5302 3127 5361 illis
3159 5307 3523 5381 pendentibus

1962 5396 2192 5450 materni
2238 5394 2478 5452 mandati
2525 5396 2835 5453 recordatio
2878 5398 3069 5459 subiit,
3100 5388 3227 5454 cum
3273 5395 3523 5459 Herculis

1966 5493 2122 5543 nates
2149 5501 2213 5542 ex
2248 5486 2485 5557 pilorum
2513 5486 2786 5543 densitate
2825 5488 3011 5560 nigras
3051 5478 3175 5549 esse
3219 5490 3505 5560 perspexi:
