4018 6296
553 232 689 289 10(λῖ
1911 227 2140 282 NONNC

2157 228 2194 281 s
2219 228 2441 285 sonas
3633 247 3740 303 mo,

548 360 707 404 sent:
747 356 910 418 atque
950 348 1053 403 hoc
1111 348 1250 400 inter
1301 359 1360 399 se
1396 343 1776 414 colloquentes
1820 343 2116 396 maximum

2157 347 2192 402 Α
2220 348 2507 418 προσῆψαν
2546 349 2620 420 τῷ
2662 351 2940 421 Ἡρακλεῖ.
2974 354 3085 406 Καὶ
3133 353 3293 417 εὐθὺς
3339 349 3474 407 κατὰ
3501 353 3638 411 τοῦτο
3657 362 3744 416 τῶν

547 443 758 497 Herculi
802 442 973 496 risum
1018 445 1331 494 moverunt:
1367 437 1440 493 ob
1477 435 1640 505 idque
1686 450 1782 491 eos
1828 433 2115 489 confestim

1916 433 2115 489 tfeslim
2219 438 2436 509 δεσμῶν
2465 441 2832 511 ὲλυτρὼσατο,
2868 443 2961 497 καὶ
2993 443 3264 497 ἀπέλυσεν
3295 443 3503 507 αὐτούς.

549 537 747 592 missos
775 533 923 588 fecit.

980 623 1070 677 ιο.
1106 621 1181 675 De
1203 618 1497 675 venerando
1523 618 1691 673 Pane.
2561 640 2567 691 ι

2561 628 2635 691 μ’.
2661 624 2801 691 Περὶ
2840 624 2949 679 τοῦ
2984 626 3217 695 Σεμνοῦ
3243 628 3460 692 Πανός.

614 713 883 783 PeneIOpe
914 709 1126 781 Ulyssis
1158 725 1294 765 uxor
1328 708 1446 763 fuit.
1495 706 1614 775 Quo
1659 714 1781 777 post
1813 704 2114 774 Troianum

2291 708 2571 781 Πηνελόπη
2599 713 2737 783 γυνὴ
2777 713 2967 783 γέγονε
3004 716 3099 768 τοῦ
3134 716 3446 779 Ὀδυσσέως.
3485 718 3663 773 Τούτου
3702 724 3751 777 δὲ

545 807 744 862 bellum
789 804 893 858 huc
932 810 1096 870 atque
1132 801 1260 855 illuc
1302 800 1609 860 oberrante,
1660 796 1911 867 permulti
1964 794 2114 865 proci

2223 801 2578 872 πλανωμένου
2607 806 2746 875 μετὰ
2768 807 2857 859 τὸν
2890 807 3133 878 Τρωϊκὸν
3161 808 3412 877 πόλεμον,
3444 808 3608 863 πολλοί
3635 830 3751 876 τινες

544 906 833 961 venerunt,
868 905 927 949 ut
960 894 1264 965 Penelopen
1299 893 1404 948 sibi
1431 889 2111 959 matrimoniojungerent.

2220 887 2381 965 ἦλθον
2429 897 2889 967 μνηστευσόμενοι
2932 899 3031 971 τὴν
3074 899 3407 970 Πηνελόπην.
3452 899 3513 953 'H
3551 900 3601 954 δὲ
3638 904 3754 971 ἡμέ-

544 989 615 1043 At
648 987 739 1041 illa
774 986 916 1041 diem
952 983 1020 1040 de
1044 984 1131 1039 die
1158 982 1415 1046 ducebat,
1445 981 1645 1035 nemini
1672 980 1878 1033 nubere
1904 976 2114 1039 volens,

2225 1004 2321 1056 ραν
2347 986 2403 1053 ἐξ
2429 989 2641 1059 ἡμέρας
2684 986 3025 1053 ἀνεϐάλλετο,
3075 990 3259 1061 μηδενὶ
3293 990 3513 1044 θέλουσα
3542 992 3755 1063 γαμηθῆ-

545 1078 691 1151 quod
718 1077 968 1149 Ulyssem
996 1076 1250 1130 maritum
1283 1088 1443 1128 suum
1479 1076 1838 1141 exspectaret.
1878 1067 1997 1133 Quo
2037 1066 2115 1119 fa-

2220 1093 2328 1137 ναι,
2360 1074 2447 1129 διὰ
2484 1077 2545 1130 τὸ
2587 1079 2900 1151 περιμένειν
2948 1081 3119 1151 αὐτὴν
3151 1079 3241 1133 τὸν
3279 1080 3529 1134 Ὀδυσσέα
3571 1082 3650 1135 τὸν
3684 1083 3756 1137 ἇν-

543 1184 692 1227 ctum
731 1177 838 1234 est,
869 1178 927 1223 ut
960 1182 1148 1222 omnes
1188 1167 1390 1234 impetu
1436 1161 1580 1217 facto
1623 1175 1740 1215 eam
1773 1174 2114 1228 compresse-

2217 1164 2319 1235 δρα
2356 1165 2545 1235 αὐτῆς.
2580 1167 2784 1232 Πάντες
2826 1163 2919 1221 οὖν
2957 1169 3433 1240 συμφρασάμενοι,
3466 1171 3757 1239 συγγεγόνα-

543 1261 672 1327 rint,
707 1258 1097 1331 gravidamque
1132 1252 1504 1308 reddiderint:
1541 1251 1615 1303 ita
1643 1248 1844 1303 Panem
1880 1250 2110 1319 peperit.

2220 1273 2303 1308 σιν
2334 1257 2504 1326 αὐτῇ·
2547 1259 2579 1329 ἠ
2630 1257 2686 1310 δὲ
2730 1259 3153 1331 ὲγκυμονήσασα
3196 1258 3354 1313 ἔτεκε
3389 1261 3478 1313 τὸν
3510 1261 3760 1314 Πᾶναοδεὺ

545 1352 699 1407 Unde
724 1352 886 1406 etiam
924 1351 1025 1402 hoc
1066 1345 1285 1402 nomine
1310 1352 1538 1398 vocatus
1575 1349 1677 1408 est,
1721 1341 1865 1411 quod
1902 1342 1970 1395 ab
1998 1357 2115 1395 om-

2218 1346 2311 1400 καὶ
2340 1349 2454 1400 Πᾶν
2479 1347 2744 1413 καλεῖται,
2774 1350 2856 1403 ὅτι
2882 1351 2946 1401 ὲκ
2988 1350 3203 1403 πάντων
3227 1350 3457 1420 sanam.
3493 1349 3690 1421 Ἕτεροι
3712 1352 3758 1403 δὲ

542 1444 705 1498 nibus
734 1449 886 1497 satus
915 1438 1095 1492 fuerit.
1129 1435 1233 1488 Alii
1267 1433 1556 1488 admodum
1585 1433 1784 1487 eximia
1813 1431 1987 1485 forma
2016 1448 2114 1500 pu-

2216 1435 2463 1505 λέγωσιν
2498 1439 2578 1491 ὅτι
2611 1439 2753 1492 πάνυ
2786 1437 3061 1510 εὔμορφος
3104 1440 3198 1493 καὶ
3244 1436 3471 1510 σώφρων
3506 1434 3570 1509 ἦν
3604 1441 3633 1509 ἡ
3664 1441 3757 1511 Πη-

540 1535 838 1602 «licitiaque
882 1530 1186 1598 Penelopen
1216 1526 1386 1580 fuisse
1424 1525 1640 1579 ferunt;
1671 1522 1903 1592 ideoque
1941 1520 2114 1593 ipsius

2217 1525 2448 1597 νελόπη·
2514 1528 2607 1580 καὶ
2643 1526 2729 1580 διὰ
2784 1527 2941 1580 τοῦτο
2984 1525 3197 1601 ἠράσθη
3255 1524 3429 1595 αὐτῆς
3487 1525 3516 1577 6
3563 1524 3757 1595 Ἑρμῆς,

540 1640 727 1681 amore
770 1622 1159 1679 inﬂammatum
1188 1616 1515 1672 Mercurium
1563 1615 1699 1669 hirci
1744 1611 1973 1667 formam
2024 1614 2111 1667 in~

2172 1685 2180 1689 δ
2219 1617 2310 1671 καὶ
2344 1617 2647 1688 μετεὸλήθη
2681 1619 2760 1680 είς
2784 1618 3006 1689 τράγον,
3044 1617 3140 1670 καί
3192 1617 3455 1687 ἑκνοήσας
3491 1615 3645 1687 αὐτὴν
3677 1633 3759 1684 μαι

540 1715 728 1770 duisse
757 1729 771 1764 :
799 1712 973 1781 ipsam
1005 1716 1184 1762 autem
1216 1706 1415 1760 mentis
1440 1718 1627 1759 errore
1653 1702 1902 1757 affectam
1935 1718 1997 1756 ac
2027 1703 2109 1756 fu-

2171 1685 2187 1738 '
2218 1684 2451 1780 γείᾳέίς
2478 1684 2654 1780 ἔρωτα
2698 1684 2862 1762 αὑτοῦ
2895 1709 3144 1780 ὲκίνησε’
3182 1709 3276 1761 καὶ
3313 1684 3525 1777 ῶχεύθη
3684 1707 3758 1760 τοῦ

539 1822 665 1860 rore
699 1810 1004 1872 correptam
1054 1799 1264 1853 hircum
1300 1798 1607 1863 adamassc,
1656 1795 1721 1849 ab
1764 1810 1937 1865 eoque
1991 1796 2111 1849 ina-

2217 1801 2442 1871 τράγου,
2474 1800 2568 1853 καὶ
2602 1798 2859 1852 συνέλαϐε
2903 1800 2998 1853 καὶ
3045 1800 3200 1854 ἔτεκε
3247 1799 3338 1853 τὸν
3385 1799 3557 1852 Πᾶνα.
3592 1797 3758 1851 Τοῦτον

539 1899 763 1967 gitatam
792 1894 998 1957 fuisse;
1033 1900 1197 1962 atque
1244 1906 1310 1946 ex
1346 1904 1413 1945 eo
1430 1890 1577 1944 coitu
1605 1888 1801 1943 Panem
1833 1889 2113 1944 exstitisse

2217 1889 2275 1951 δὲ
2303 1888 2684 1959 ὲθεοποίησανσ
2717 1882 2873 1952 οὗτος
2916 1889 2973 1943 δέ
3018 1892 3166 1943 ἔστιν
3200 1891 3230 1942 6
3264 1890 3379 1943 Πᾶν
3410 1891 3440 1943 6
3468 1888 3758 1959 τραγοκους.

537 1987 987 2054 divinitatemque
1026 1997 1056 2035 a
1092 1989 1246 2052 patre
1292 1987 1651 2036 consecutum
1698 1977 1891 2045 fuisse.
1933 1979 2113 2049 Atque
3750 1994 3755 2001 ο

539 2080 628 2135 hic
662 2086 746 2135 est
773 2075 887 2132 Pan
927 2075 1171 2131 hirci‘nos
1208 2074 1375 2144 pedes
1417 2073 1648 2128 habens.

1063 2167 1152 2221 6|.
1198 2166 1272 2221 De
1302 2164 1580 2219 ΒαιΙιωηαο
2628 2178 2737 2240 μα’.
2779 2169 2919 2238 Περὶ
2943 2168 3049 2223 τοῦ
3075 2169 3391 2224 Βουθοίνα.

605 2262 905 2318 Butbcenas
958 2260 1048 2312 hic
1093 2257 1355 2312 Hercules
1391 2264 1508 2318 est,
1554 2256 1629 2309 ita
1677 2253 1749 2308 ob
1797 2253 2109 2323 hujusmodi

2298 2259 2359 2317 ’0
2386 2262 2662 2335 Ἡρακλῆς
2682 2264 2829 2315 ὲστιν
2846 2263 2875 2314 6
2898 2260 3231 2331 καλούμενος
3262 2258 3560 2330 βουθοίνας’
3591 2256 3761 2325 ἐκλήθη

535 2370 758 2410 causam
801 2351 1148 2422 appellatus:
1180 2347 1316 2403 Cum
1364 2362 1461 2416 per
1502 2344 1777 2417 Dryopum
1828 2346 2109 2415 regionem

2216 2354 2274 2408 δὲ
2309 2355 2396 2409 διὰ
2421 2355 2679 2425 τοιαύτην
2707 2354 2914 2407 αίτίαν·
2947 2352 3060 2423 Τὴν
3100 2350 3370 2422 Δρυόπιδα
3407 2349 3513 2419 γῆν
3540 2347 3763 2422 παρῄειδ

535 2447 753 2518 Hyllum
786 2443 955 2497 filium
996 2455 1155 2495 suum
1192 2438 1439 2492 humeris
1486 2444 1709 2507 gestans
1746 2437 1848 2490 iter
1880 2435 2107 2500 faceret,

2227 2447 2522 2518 Ἡρακλῆς,
2578 2445 2859 2515 βαστάζων
2910 2444 3006 2496 καὶ
3056 2442 3149 2495 τὸν
3209 2441 3323 2494 υἱὸν
3365 2439 3532 2494 αὐτοῦ
3573 2440 3760 2493 Ὕλλον·

536 2551 599 2590 ac
628 2548 766 2605 puer
804 2532 947 2585 fame
984 2528 1211 2583 allectus
1242 2526 1422 2580 cibum
1460 2540 1488 2577 a
1537 2534 1691 2595 patre
1737 2533 1944 2595 peteret
1975 2541 1988 2577 :
2022 2526 2111 2581 ille

2215 2532 2335 2590 εἶτα
2363 2537 2750 2598 πεπεινακότος
2780 2534 2874 2589 τοῦ
2905 2533 3102 2587 ’Ὕλλου
3139 2531 3231 2585 καὶ
3264 2531 3541 2595 αἰτοῦντος
3568 2529 3760 2602 τροσὴν,

535 2624 827 2697 agricolam
868 2619 1159 2691 quemdam
1203 2625 1447 2671 arantem
1478 2616 1701 2671 nomine
1730 2613 2111 2670 Theodaman-

2215 2626 2552 2698 ἀροτριῶντα
2574 2642 2693 2679 τινα
2714 2622 3085 2694 Θειοδάμαντα
3113 2622 3256 2676 οὕτω
3286 2621 3578 2693 λεγόμενον
3595 2619 3760 2692 εὑρὼν.

535 2727 642 2771 tem
678 2713 903 2784 reperit,
934 2724 1238 2781 panemque
1265 2708 1333 2762 ab
1360 2722 1424 2761 eo
1462 2707 1779 2777 postulavit.
1830 2706 1985 2774 Quod
2017 2708 2108 2763 ille

2215 2719 2415 2791 ᾔτησεν
2447 2719 2475 2771 6
2503 2717 2776 2789 Ἡρακλῆς
2804 2716 2996 2787 ἄρτον·
3022 2717 3052 2769 6
3083 2715 3138 2769 δὲ
3169 2716 3228 2767 οὐ
3259 2713 3512 2779 δέδωκεν,
3541 2710 3663 2765 ἀλλὰ
3688 2709 3764 2763 καὶ

534 2820 658 2861 cum
693 2820 799 2859 non
833 2802 997 2857 modo
1028 2806 1360 2866 recusasset,
1408 2800 1502 2852 sed
1547 2797 1834 2853 Herculem
1890 2814 2109 2869 quoque

2215 2811 2456 2882 ὕδρισεν.
2491 2810 2551 2862 'U
2572 2809 2628 2861 δὲ
2655 2807 2929 2879 Ἡρακλῆς
2968 2807 3068 2860 ἕνα
3105 2806 3212 2860 τῶν
3254 2803 3627 2877 άροτριὼντων
3651 2800 3764 2873 βοῶν

530 2896 946 2955 contumeliosis
977 2893 1158 2948 verbis
1198 2894 1498 2948 insectatus
1529 2890 1722 2946 fuisset
1765 2909 1778 2944 :
1818 2900 1930 2945 tum
1968 2891 2108 2946 Her-

2214 2900 2393 2955 λαϐὼν
2414 2900 2636 2970 ἔσφαξε,
2663 2901 2756 2953 καὶ
2782 2898 3031 2970 ὲθοινὴθη
3057 2898 3149 2951 καὶ
3181 2897 3341 2960 αὐτὸς
3375 2897 3471 2949 καί¹
3502 2897 3529 2949 6
3554 2895 3660 2958 υίὸς
3680 2894 3762 2946 αὑ·

530 2992 682 3047 cules
729 2990 921 3044 bovem
963 3001 1130 3039 unum
1163 3001 1229 3040 ex
1271 2984 1357 3039 bis
1402 2985 1492 3054 qui
1539 2985 1786 3048 arabant,
1822 2992 2105 3054 acceptum

2212 2992 2305 3045 τοῦ
2325 2992 2519 3056 ’Υλλος
2535 3009 2547 3020 °
2572 2992 2666 3045 καὶ
2689 2990 2887 3061 ἐκλήθη
2911 2989 2998 3042 διὰ
3025 2988 3122 3060 τὴν
3151 2988 3326 3042 αἰτίαν
3355 2988 3560 3057 ταύτην
3587 2983 3764 3056 βουθοί-

524 3081 815 3155 jugulavit,
868 3094 933 3133 ac
971 3091 1097 3132 cum
1141 3077 1253 3131 filio
1291 3077 1542 3146 epulatus
1586 3085 1691 3131 est.
1738 3074 1819 3131 Ob
1873 3092 2103 3148 eamque

2211 3103 2326 3149 νας,
2347 3084 2532 3155 ἐπειδὴ
2552 3083 2669 3137 ὅλον
2693 3081 2944 3152 ἔθοινήθη
2965 3081 3055 3135 τὸν
3081 3080 3205 3151 βοῦν
3221 3098 3233 3112 ·
3256 3078 3413 3133 ἔνθεν
3432 3077 3509 3149 τῷ
3540 3074 3765 3146 Ἠρακλεί

528 3189 749 3230 causam
781 3172 1064 3226 Buthtrnae
1111 3176 1529 3239 cognomentum
1579 3177 1772 3224 nactus
1817 3178 1921 3235 est,
1957 3169 2103 3241 quod

2208 3179 2431 3248 γέγονεν
2458 3179 2486 3230 6
2516 3176 2650 3247 πρὸς
2671 3175 2796 3238 τοὺς
2817 3172 3069 3245 Δρύοπας
3098 3172 3349 3243 πόλεμος.
3379 3172 3490 3225 Τοῦ
3517 3168 3621 3241 γὰρ
3644 3169 3762 3222 Θειοο

531 3277 701 3323 totum
734 3263 931 3320 bovem
958 3276 1069 3316 uno
1096 3262 1259 3331 epulo
1286 3261 1637 3316 confecisset.
1695 3259 1835 3325 Hinc
1880 3262 2101 3318 Herculi

2208 3270 2475 3341 δάμαντος
2502 3268 2813 3330 ἀνελθόντος
2850 3268 2930 3329 είς
2958 3267 3054 3337 τὴν
3088 3264 3260 3327 πόλιν,
3280 3264 3393 3318 ,καὶ
3434 3259 3763 3324 είπόντος,ὼς

528 3375 653 3414 eum
688 3357 993 3430 Dry0pibus
1027 3355 1225 3410 bellum
1254 3353 1502 3423 contigit.
1534 3352 1670 3409 Nam
1694 3369 1819 3409 cum
1849 3354 2102 3411 Theoda-

2209 3360 2474 3431 Πολέμιος
2518 3355 2679 3430 ἦλθεν
2724 3360 2804 3421 είς
2842 3357 2941 3427 τὴν
2991 3356 3175 3428 χώραν
3200 3354 3379 3427 ἡμῶν,
3421 3354 3634 3425 ἐξῆλθον
3662 3350 3760 3405 κατ’

526 3466 645 3507 mas
677 3450 745 3505 ad
771 3449 961 3504 urbem
988 3446 1353 3513 ascendisset,
1386 3457 1549 3517 atque
1591 3436 1853 3503 infestum
1887 3449 2100 3506 hostem

2209 3452 2373 3506 αὑτοῦ
2421 3451 2469 3504 οἱ
2510 3449 2786 3521 Δρύοπες,
2842 3449 2936 3503 καὶ
2985 3448 3234 3518 νενίκηκε
3280 3448 3492 3508 πάντας
3533 3440 3761 3504 αὑτοὺςό

528 3544 582 3597 in
612 3542 889 3614 regionem
924 3539 1226 3595 accessisse
1263 3539 1592 3605 nuntiasset,
1636 3538 1923 3595 Herculem
1953 3542 2115 3597 vide-'

2219 3542 2513 3615 Ἡρακλῆς,
2544 3542 2637 3595 καὶ
2666 3539 2933 3611 λαμϐάνει
2978 3539 3319 3610 αἰχμάλωτον
3359 3538 3455 3591 τὸν
3477 3528 3663 3590 ’Υλλον
3686 3529 3761 3585 τὸν

527 3636 654 3689 licet
683 3633 1014 3704 intelligens,
1036 3629 1102 3684 ad
1127 3644 1250 3683 eum
1274 3629 1692 3698 opprimendum
1715 3632 1919 3701 egressi
1948 3640 2098 3696 sunt,

1303 3629 1692 3698 ipprimendum
1715 3632 1919 3701 egressi
1948 3640 2098 3696 sunt,
2209 3634 2323 3688 υίὺν
2354 3634 2448 3688 τοῦ
2479 3633 2890 3704 Θειοδάμαντος.

524 3725 928 3794 commissoque
958 3721 1144 3793 praelio
1177 3735 1366 3775 omnes
1396 3722 1463 3775 ab
1496 3736 1560 3776 eo
1588 3723 1831 3791 superati
1854 3734 2003 3778 sunt.

1026 3813 1116 3867 42.
1162 3812 1237 3867 De
1268 3812 1589 3882 Trivespero.
2575 3829 2613 3881 μ

2575 3810 2682 3881 μβ’.
2720 3810 2859 3879 Περὶ
2897 3809 3004 3864 τοῦ
3044 3808 3419 3878 Τριεσπέρου.

598 3909 886 3966 llerculem
930 3908 1107 3962 tribus
1152 3905 1405 3961 noctibus
1446 3916 1768 3977 conceptum
1805 3908 1995 3974 fuisse,
2046 3896 2101 3966 et

2278 3902 2508 3973 Λέγεται
2542 3905 2572 3958 6
2624 3902 2900 3975 Ἡρακλῆς
2953 3903 3040 3957 διὰ
3081 3903 3244 3974 τριῶν
3291 3900 3544 3978 ἑσπερῶν
3588 3899 3757 3969 συλλη-

523 4021 590 4058 ex
638 4011 890 4057 materno
930 4009 1088 4056 utero
1134 3998 1406 4054 decidisse
1439 3996 1621 4053 ferunt
1652 4014 1666 4051 :
1697 4006 1860 4069 atque
1906 4001 2100 4071 hujus-

2207 3993 2407 4064 φθῆναι
2431 3994 2631 4064 ὁμοίως
2667 3994 2761 4048 καὶ
2789 3994 3071 4065 τεχθῆναι·
3104 3993 3195 4047 καὶ
3237 3994 3293 4045 ὲν
3329 3994 3429 4063 μιᾷ
3460 3993 3617 4046 νυκτὶ
3649 4007 3758 4043 πεν-

526 4094 675 4148 ntodi
714 4106 958 4163 quaequae
988 4105 1144 4161 nugae
1183 4104 1248 4143 ac
1280 4086 1477 4142 fabulre
1503 4088 1571 4143 de
1601 4103 1667 4143 eo
1700 4088 2100 4146 circumferun-

2205 4086 2437 4157 τήκοντα
2462 4088 2582 4148 ταῖς
2616 4084 2838 4137 Θεστίου
2869 4084 3166 4156 θυγατράσι
3200 4084 3445 4155 μιγῆναι,
3473 4083 3565 4136 καὶ
3598 4080 3758 4134 παιδο-

525 4195 631 4239 tur.
656 4182 1011 4241 Consimilem
1036 4195 1252 4251 quoque
1280 4180 1336 4232 in
1368 4177 1587 4232 modum
1617 4177 1768 4232 aiunt
1791 4194 1914 4233 eum
1938 4191 2099 4237 nocte

2207 4179 2427 4249 ποιῆσαι
2448 4177 2505 4243 ὲξ
2533 4176 2710 4231 αὐτῶν
2737 4175 2945 4239 πασῶν,
2973 4174 3111 4228 ὥστε
3128 4174 3221 4229 καὶ
3239 4175 3326 4228 διά
3348 4173 3522 4228 ταῦτα
3544 4171 3759 4240 θεοποιῆ-

527 4292 636 4331 una
674 4290 800 4332 cum
829 4273 1040 4329 Thestii
1073 4272 1290 4327 ﬁliabus
1319 4285 1433 4325 rem
1476 4268 1757 4333 habuisse,
1798 4284 2098 4344 omnesque

2208 4288 2296 4324 σαι
2346 4270 2541 4337 αὐτὸν,
2591 4270 2685 4325 καὶ
2728 4269 2884 4324 τοῦτο
2928 4268 3369 4341 τρισκαιδέκατον
3420 4265 3582 4323 αὑτοῦ
3620 4262 3756 4320 ἆθλον

523 4385 588 4422 εχ
628 4383 693 4423 eo
726 4366 1007 4438 peperisse
1042 4382 1054 4417 :
1089 4362 1227 4418 adeo
1270 4373 1327 4417 ut
1368 4361 1473 4416 hoc
1510 4377 1727 4432 quoque
1774 4367 1997 4424 nomine
2048 4371 2105 4428 in

908 4380 1007 4421 sse
1042 4382 1054 4417 :
1089 4362 1227 4418 adeo
1270 4373 1327 4417 ut
1368 4361 1473 4416 hoc
1510 4377 1727 4432 quoque
1774 4367 1997 4424 nomine
2048 4371 2105 4428 in
2136 4383 2181 4439 υ
2208 4362 2495 4435 ὀνομάσαι.

526 4459 755 4511 deorum
802 4461 1094 4509 numerum
1141 4452 1347 4506 relatus
1376 4449 1561 4515 fuerit,
1597 4460 1761 4522 atque
1797 4453 1900 4510 hoc
1927 4468 2104 4516 certa-

524 4563 648 4602 men
678 4541 949 4602 decimum
984 4543 1205 4598 tertium
1239 4539 1569 4611 appellatum
1610 4542 1705 4596 sit.

839 4656 928 4711 43.
966 4654 1039 4709 De
1070 4653 1317 4709 Idaliano
1343 4662 1393 4707 et
1428 4651 1792 4711 Tauricremo.
2287 4649 2397 4722 μγῆ

2287 4649 2397 4722 μγῆ
2426 4650 2563 4719 Περὶ
2598 4648 2702 4704 τοῦ
2724 4648 3089 4705 Είδωλιανοῦ
3121 4650 3217 4705 καί
3243 4653 3674 4721 Καυσιταύρου.

592 4747 863 4816 Quoniam
882 4744 1136 4800 Julianus
1160 4746 1422 4814 Apostata
1445 4744 1927 4814 praeclarissimum
1952 4750 2101 4807 Chri-

2281 4761 2494 4831 Ἐπειδὴ
2534 4763 2563 4814 6
2608 4760 2935 4833 Παραὸἁτης
2971 4762 3033 4815 τὸ
3060 4761 3170 4816 τῶν
3207 4763 3554 4833 Χριστιανῶν
3592 4761 3754 4815 κάλλι-

527 4844 832 4895 stianorum
866 4852 1062 4892 nomen
1091 4836 1148 4889 in
1177 4835 1431 4890 Galilaeos
1449 4842 1789 4891 commutare
1823 4853 1889 4892 ac
1919 4848 2101 4899 trans-

2198 4870 2319 4906 στον
2360 4852 2564 4921 ὄνομα,
2610 4854 2689 4915 είς
2734 4852 3048 4915 Γαλιλαίους
3096 4853 3407 4923 μεταθεῖναι
3452 4852 3753 4915 ἐσπούδαζε,

527 4936 670 4986 ferre
698 4929 1033 4987 studuerat:
1071 4926 1277 4981 idcirco
1326 4939 1473 4979 nunc
1512 4939 1731 4994 quoque
1777 4926 1842 4982 Ι).
1893 4928 2099 5002 Grego-

2194 4944 2288 4999 νῦν
2318 4944 2565 5015 βούλεται
2598 4947 2627 4998 6
2654 4946 2795 5009 θεῖος
2831 4946 3127 5017 Γρηγόριος
3160 4945 3442 5013 διαπαίξαι
3474 4947 3651 5010 αὐτὸν,
3675 4944 3753 4996 καὶ

527 5025 644 5078 rius
686 5038 812 5078 eum
848 5019 1074 5081 irridere
1108 5019 1243 5085 vult,
1292 5017 1479 5087 aitque
1510 5034 1524 5068 :
1560 5016 1712 5074 Licet
1754 5023 1915 5077 nobis
1962 5040 2098 5093 quo-

2195 5037 2386 5100 είπείν,
2412 5037 2494 5089 ὅτι
2536 5036 2686 5100 Ἐξὸν
2729 5038 2825 5091 καὶ
2860 5040 2992 5109 ἡμίν
3018 5016 3120 5091 τὸν
3154 5039 3437 5093 Ἰουλιανδν
3482 5040 3661 5093 καλεῖν
3698 5038 3752 5087 ἐκ

525 5131 633 5187 que
663 5113 942 5170 lulianum
991 5111 1108 5166 suis
1156 5108 1473 5166 nominibus
1507 5110 1805 5181 appellare,
1852 5127 1918 5166 ac
1951 5117 2098 5170 velut

2192 5127 2300 5182 τῶν
2344 5130 2472 5199 περὶ
2510 5129 2673 5182 αὑτὸν
2721 5108 3017 5200 ὀνομάτων.
3072 5132 3242 5201 Φησὶν
3280 5126 3400 5185 οὖν·
3438 5132 3751 5198 Καλέσωμεν

524 5206 807 5262 coloribus
836 5203 953 5259 suis
984 5201 1295 5273 depingere.
1323 5200 1559 5255 Proinde
1588 5203 1690 5270 ipsi
1724 5216 1943 5273 quoque
1969 5220 2094 5260 eum

2194 5217 2355 5270 αὑτὸν
2396 5217 2490 5271 καὶ
2526 5219 2688 5288 ἡμεῖς
2721 5218 3059 5284 Εἱδωλιανὸν,
3218 5219 3627 5289 είδωλολάτρην,
3670 5214 3748 5268 καὶ

526 5298 830 5355 ldulianum
877 5295 1245 5356 nominemus,
1294 5303 1354 5346 ut
1402 5293 1672 5346 idolorum
1707 5295 1996 5361 cultorem,
2042 5306 2098 5351 et

2194 5309 2435 5371 Πισαῖον,
2471 5306 2547 5370 ὡς
2583 5308 2673 5361 τὸν
2712 5308 2770 5360 ὲν
2799 5309 2941 5381 Πίσῃ
2990 5310 3089 5363 Δία
3131 5310 3406 5380 τιμῶντασ
3452 5311 3589 5372 Ζεὺς
3619 5308 3669 5361 δὲ
3699 5309 3746 5358 ἐν

525 5390 783 5454 Pisanum,
835 5394 895 5443 ut
932 5384 1121 5452 Jovem
1160 5385 1301 5443 Pisa:
1345 5384 1638 5443 colentem.
1688 5384 1901 5455 Jupiter
1951 5389 2095 5445 enim

2193 5396 2339 5466 Πίσῃ
2385 5398 2464 5465 τῇ
2504 5397 2655 5449 πόλει
2709 5399 2964 5467 ἐτιμᾶτο·
3016 5399 3157 5452 Πίσα
3193 5398 3272 5463 δὲ,
3316 5397 3472 5460 πόλις
3511 5398 3623 5450 ἐστὶ
3660 5394 3744 5461 τῆς

526 5480 689 5545 Pisae,
731 5496 855 5551 quae
895 5479 1072 5536 Elidis
1120 5478 1253 5535 urbs
1293 5485 1402 5541 est,
1455 5476 1758 5531 colebatur.
1817 5475 2097 5534 lulianum

2196 5483 2432 5545 Ἤλιδος.
2478 5485 2593 5538 Καὶ
2635 5485 2917 5539 Ἀδωναίον
2972 5486 3061 5539 διὰ
3109 5486 3198 5539 τὸν
3244 5486 3492 5539 Ἀδωνιν.
3536 5484 3743 5551 Λέγεται

527 5585 697 5638 ergo,
762 5572 974 5640 inquit,
1042 5586 1140 5641 par
1186 5578 1269 5624 est
1331 5568 1561 5623 Pisa-um
1624 5584 1853 5630 vocare,
1909 5583 2100 5637 quem-

2190 5576 2245 5628 δὲ
2281 5575 2605 5647 σεϐασθῆναι
2652 5577 2743 5630 τὸν
2775 5579 3001 5631 ’Ἄδωνιν
3044 5581 3072 5631 ὁ
3103 5578 3412 5640 ’1ουλιανὸς”
3463 5570 3611 5637 οὗτος
3643 5572 3691 5625 δὲ
3718 5572 3741 5621 ὁ

531 5660 822 5719 admodum
882 5672 937 5719 et
991 5664 1259 5719 Adonium
1313 5669 1535 5732 propter
1587 5659 1907 5715 Adonidem.
1961 5656 2097 5713 Nam

2196 5666 2421 5731 Ἄδωνις
2461 5665 2675 5738 ἠράσθη
2725 5667 2949 5739 ὑπὸτῆς
2988 5668 3324 5739 ’Δφροδίτηςλ
3348 5665 3629 5738 ἄνθρωπος
3657 5658 3737 5723 ὢν.
