4018 6296
249 268 387 329 ίθιτθ

1102 275 1190 332 AD
1220 278 1278 335 s.
1320 277 1651 334 cascoau
1695 279 1903 336 ORAT.
1941 283 1959 337 l
1997 281 2274 340 CONTRA
2306 287 2673 350 JULIANUM.

3380 298 3512 353 1010

242 387 509 461 ιψονεύθη
548 390 607 443 δὲ
654 389 760 444 ΰπδ
806 389 900 444 τοῦ
948 393 1181 469 Ἀρεως,
1208 395 1293 449 διὰ
1325 397 1386 449 τὸ
1428 398 1824 470 άντερασθῆναι
1853 440 1865 467 Α

1945 400 2233 458 tdonidem
2268 420 2488 477 quoque
2520 422 2732 463 summa
2769 408 3033 479 religione
3062 425 3093 463 a
3133 408 3354 464 Juliano
3394 414 3514 465 cul-

241 480 338 533 τὸν
359 480 534 552 ’Δρεα
557 480 657 552 τῆς
688 481 1026 554 Ἀφροδίτης.
1060 486 1442 558 Καυσίταυρον
1467 489 1525 541 δὲ
1545 487 1644 552 δεῖ,
1667 490 1821 559 φησι,

173 604 185 613 -
239 572 427 625 καλεῖν
457 572 549 625 τὸν
587 573 980 640 ἰουλιανὸν,διὰ
1013 576 1072 629 τὸ
1105 579 1343 649 ταύρους
1368 578 1693 652 ὁλοκλήρους
1729 582 1820 635 θυ-

241 664 450 729 σιάζειν
482 665 577 717 καὶ
616 667 935 721 κατακαίειν
966 670 1080 732 τοὶς
1110 669 1250 734 θεοῖς
1288 670 1474 725 αὑτοῦ.

1932 499 2046 546 tum
2072 493 2267 559 fuisse
2311 510 2556 553 narrant.
2612 498 2769 553 Hunc
2802 514 2969 570 porro
3001 499 3307 555 Adonideni
3340 516 3370 554 a
3405 500 3513 556 Ve-

1933 598 2065 639 nere
2102 587 2442 654 adamatum,
2475 600 2640 661 atque
2666 607 2696 645 a
2730 590 2926 656 Marte,
2951 592 3045 662 qui
3083 592 3258 662 ipsius
3292 606 3514 661 quoque

1934 673 2158 734 Veneris
2196 695 2384 737 amore
2411 679 2697 753 ﬂagrabat,
2735 684 3120 753 interemptum
3152 682 3325 739 fuisse
3354 682 3503 736 fabu-

241 741 446 815 lantur.
499 760 915 818 Tauricremum
959 764 1199 838 denique
1241 767 1519 823 lulianum
1580 769 1856 839 appellare
1894 776 2185 844 convenit,
2233 786 2292 832 ut
2338 741 2691 835 totosvboves
2734 777 2841 833 diis
2885 741 3001 834 suis
3038 779 3413 834 immolantem
3458 790 3513 836 et

241 852 685 909 comburentem.

379 947 479 1017 μδ’.
513 949 652 1015 Περὶ
691 946 798 1016 τῆς
836 948 1148 1020 Κερδιιλῆς
1176 953 1273 1006 καί
1312 953 1418 1008 τοῦ
1440 956 1694 1024 Μίνωος.

314 1038 509 1111 Κερδὼ
555 1041 799 1095 καλεῖται
843 1044 877 1114 ὴ
911 1043 1169 1114 ἁλώπηξο
1215 1044 1366 1099 ἔνθεν
1414 1047 1507 1100 καὶ
1557 1048 1824 1119 κερδαλῆ,

2403 959 2494 1013 44.
2536 957 2611 1013 De
2631 958 2846 1027 vulpina
2871 957 3026 1028 pelle.

1995 1045 2190 1118 Κερδώ
2232 1048 2407 1117 vulpes
2449 1056 2678 1104 vocatur
2710 1066 2725 1104 :
2764 1049 2911 1104 unde
2934 1057 2989 1103 et
3015 1046 3270 1119 κερδαλῆ,
3307 1049 3509 1102 malitia

242 1132 279 1201 ἡ
309 1131 542 1203 πονηρία
571 1133 665 1186 καὶ
706 1133 739 1204 ἠ
779 1133 948 1188 κακία
986 1136 1081 1189 καὶ.
1133 1137 1165 1206 ὴ
1198 1136 1474 1208 δολιότηςυ
1518 1138 1690 1192 δόλιον
1718 1138 1827 1210 γάρ

1945 1146 2088 1208 itque
2123 1138 2449 1208 improbitas
2471 1147 2526 1194 et
2546 1139 2944 1195 fraudulentia.
2991 1136 3286 1194 Versutum
3308 1140 3512 1207 quippe

243 1224 343 1277 καὶ
381 1223 755 1291 παγκάκιστον
793 1226 887 1277 καὶ
917 1226 1150 1296 πονηρὸν
1182 1226 1244 1279 τὸ
1271 1225 1409 1291 ζῶον
1437 1226 1593 1281 τοῦτο
1621 1231 1654 1300 η
1687 1228 1828 1283 ἀλώ-

1945 1236 2010 1283 :st
2037 1228 2142 1284 hoc
2185 1230 2411 1295 animal,
2456 1231 2722 1302 miraque
2768 1231 2995 1286 malitia
3024 1237 3080 1285 et
3109 1231 3508 1300 perversitatis.

242 1316 376 1386 πηξ.
416 1314 478 1371 ’0
504 1316 560 1371 δὲ
593 1317 776 1381 Μίνως
806 1316 1010 1382 δίκαιος
1039 1318 1323 1390 ἄνθρωπος
1350 1320 1629 1391 ἐνομίζετο
1662 1317 1825 1385 εἶναι,

243 1408 323 1471 ὡς
374 1407 490 1471 υίὸς
536 1407 632 1461 τοῦ
667 1408 808 1473 Διός.
845 1411 911 1462 Ὃ
954 1405 1046 1464 οὖν
1091 1410 1239 1480 λέγει
1278 1413 1307 1464 6
1351 1413 1493 1477 θεῖος
1537 1413 1835 1484 Γρηγὸριος

244 1498 404 1553 τοῦτό
452 1501 632 1552 ἐστιν·
679 1501 759 1553 ὅτι
806 1502 834 1552 6
868 1500 1150 1564 Ἰουλιανὸς
1188 1501 1284 1572 τὴν
1331 1503 1523 1556 ἑαυτοῦ
1570 1504 1838 1573 παγκάκι-

247 1607 376 1643 στον
429 1590 692 1663 πονηρίαν
736 1591 803 1646 δι’
861 1592 1194 1646 ἐπιπλάστου
1257 1593 1419 1665 ἤθους
1465 1595 1834 1665 ἀπέκρυπτεν,

245 1678 434 1746 ἄδικος
461 1680 537 1739 ὢν
561 1684 621 1736 ὲν
654 1680 848 1754 δικαίῳ
880 1683 1256 1756 προσχήματι.

317 1866 426 1928 με’.
465 1857 606 1926 Περὶ
638 1856 744 1911 τοῦ
777 1855 1180 1925 Μελάμποδος
1207 1856 1305 1911 καὶ
1335 1855 1440 1911 τοῦ
1470 1855 1770 1925 Πρωτέως.

333 1953 392 2004 Ὀ
424 1951 682 2020 Πρωτεὺς
718 1943 870 2013 οὗτός
900 1950 1048 2001 ἐστιν
1096 1947 1125 1999 6
1176 1948 1278 2019 τῆς
1327 1946 1570 2020 Θρᾴκης,
1603 1940 1665 2002 οῦ
1709 1946 1833 2012 τοὺς

250 2028 402 2107 υἱοὺς
425 2043 742 2098 ἀπέκτεινεν
769 2045 797 2096 6
842 2041 1136 2113 Ἡρακλῆς.
1170 2035 1337 2104 Οὗτος
1381 2035 1473 2094 οὖν
1506 2042 1600 2095 καὶ
1642 2039 1837 2111 μάντις

249 2131 342 2206 ἦν,
395 2134 489 2189 καὶ
533 2135 823 2205 γενόμενος
867 2132 1078 2196 ἐνάλιος
1123 2131 1365 2202 δαίμων,
1402 2132 1496 2186 καὶ
1538 2130 1701 2185 οἰκῶν
1737 2130 1836 2203 τὴν

249 2226 461 2296 Ψάρον·
502 2226 583 2279 διὸ
628 2225 721 2280 καὶ
749 2224 1016 2296 Πρωτέως
1051 2221 1213 2293 νῆσος
1260 2224 1292 2293 ὴ
1333 2222 1508 2293 Φάρος
1552 2221 1832 2294 ἐκέκλητο.

254 2304 374 2373 Ἵνα
416 2318 490 2391 μὴ
539 2312 632 2373 οὖν
666 2318 883 2387 αἰτῆται
917 2314 1175 2387 μαντείας
1224 2314 1319 2369 καὶ
1362 2311 1695 2383 προγνώσεις
1748 2310 1837 2365 διὰ

250 2414 381 2479 τοὺς
410 2409 801 2482 πλησιάζοντας
826 2407 994 2478 αὐτῷ,
1024 2408 1119 2479 τὴν
1154 2407 1357 2462 τούτων
1388 2406 1607 2477 ὄχλησιν
1640 2405 1714 2475 μὴ
1744 2404 1840 2474 φέ-

255 2520 387 2576 ρων,
419 2501 762 2573 μετεμόρφω
804 2500 995 2563 ἑαυτὸν
1037 2500 1236 2571 μαγείᾳ
1270 2499 1394 2564 τινὶ,
1424 2499 1517 2552 καὶ
1561 2498 1837 2564 ἄγνωστον

252 2594 448 2651 ἑαυτὸν
471 2594 644 2647 ἐποίει
673 2596 782 2656 τοῖς
806 2591 943 2664 πρὸς
963 2591 1125 2645 αὑτὸν
1158 2589 1566 2662 πλησιάζουσιν.
1606 2587 1836 2659 Ὁμοίως

250 2687 310 2741 δὲ
345 2685 441 2739 καὶ
467 2687 496 2739 6
522 2684 856 2754 Μελάμπους
903 2682 1095 2755 μάντις
1131 2677 1199 2753 ἦν
1229 2682 1323 2736 καὶ
1362 2680 1701 2755 ἱεροφάντης.
1738 2674 1839 2735 Ob-

254 2794 345 2841 τος
373 2776 600 2847 ἐξέφηνε
630 2776 699 2829 τά
730 2777 788 2829 ὲν
821 2773 1079 2844 Αἰγύπτῳ
1108 2774 1228 2845 ἱερὰ
1256 2776 1367 2837 τοῖς
1389 2772 1668 2844 Ἕλλησιν,
1696 2771 1839 2845 άπερ

257 2869 601 2939 ἐμιμήσαντο
640 2868 689 2920 oi
722 2865 999 2938 Ἕλληνες.
1049 2866 1158 2919 Καὶ
1202 2856 1356 2928 οὗτος
1411 2865 1469 2919 δὲ
1513 2865 1620 2917 τῶν
1676 2881 1840 2935 μετα-

260 2959 654 3031 μορφουμένων
685 2954 774 3029 ἦν,
803 2958 878 3022 ὡς
920 2959 1013 3011 καὶ
1042 2958 1203 3020 αὐτὸς
1244 2956 1319 3010 ὢν
1369 2957 1731 3029 μαντομάγος.
1776 2957 1838 3010 Ui

1932 1324 2000 1375 At
2034 1336 2163 1376 vero
2194 1321 2372 1378 Minos
2410 1324 2595 1392 justus
2628 1332 2684 1379 et
2729 1324 2940 1395 integer
2990 1324 3153 1378 homo
3184 1322 3507 1382 habebatur,

1934 1419 1994 1465 ut
2025 1410 2179 1468 Iovis
2210 1412 2379 1469 filius.
2417 1412 2576 1470 Hunc
2600 1422 2782 1471 autem
2816 1430 3040 1470 sensum
3066 1413 3317 1482 Gregorii
3346 1412 3510 1466 verba

1934 1503 2178 1559 habent:
2234 1506 2392 1574 Quod
2437 1506 2692 1565 Julianus
2744 1508 3080 1579 singularem
3129 1521 3284 1562 suam
3343 1506 3509 1559 animi

1934 1596 2347 1666 perversitatem
2395 1600 2754 1657 humanitatis
2800 1601 3091 1670 cujusdam
3120 1607 3174 1655 et
3210 1599 3514 1653 clementia:

1935 1686 2087 1741 larva
2115 1690 2461 1761 contegebat,
2495 1705 2559 1746 ac
2592 1692 2696 1746 sub
2719 1692 2950 1763 justitia:
2977 1692 3160 1762 specie
3192 1689 3434 1760 injustas
3456 1697 3515 1744 et

1936 1780 2239 1837 sceleratus
2269 1790 2410 1838 erat.

2312 1874 2403 1929 45.
2444 1872 2522 1928 De
2542 1872 2812 1928 Proteoet
2839 1871 3124 1941 Melampo.

2008 1964 2237 2021 Proteus
2283 1966 2373 2020 hic
2412 1964 2599 2020 Thrax
2644 1972 2783 2030 erat,
2840 1962 3000 2033 cujus
3053 1961 3194 2019 ﬁlios
3248 1961 3514 2020 Hercules

1935 2055 2308 2113 obtruncavit.
2358 2054 2461 2112 llic
2511 2054 2851 2110 vaticinandi
2899 2065 3017 2109 arte
3076 2055 3390 2129 praestabat,
3450 2070 3514 2109 ac

1935 2150 2188 2205 marinus
2252 2149 2390 2206 deus
2431 2146 2660 2204 effectus
2710 2154 2816 2210 est,
2867 2144 3216 2216 Pbarumque
3263 2146 3513 2204 incoluit.

1938 2235 2092 2293 Unde
2125 2248 2179 2294 et
2213 2235 2394 2292 Protei
2428 2237 2609 2292 insula
2634 2236 2849 2291 Pharus
2878 2244 3069 2290 vocata
3101 2243 3206 2292 est.
3236 2232 3373 2291 Cum
3413 2252 3511 2290 au-

1937 2338 2043 2384 tem
2087 2329 2247 2385 multi
2290 2339 2510 2400 propter
2545 2329 2717 2399 ipsius
2746 2328 3163 2385 vaticinationes
3194 2329 3260 2383 ad
3291 2344 3413 2384 eum
3458 2343 3516 2383 se

1938 2420 2274 2483 conferrent,
2311 2421 2507 2475 borum
2543 2418 2989 2476 obturbationem
3032 2429 3196 2489 atque
3243 2418 3512 2489 importu-
3602 2463 3605 2467 .

1937 2512 2163 2566 nitatem
2194 2525 2338 2582 aegre
2378 2511 2582 2574 ferens,
2618 2520 2735 2566 arte
2768 2509 3006 2581 quadam
3031 2509 3241 2580 magica
3267 2509 3322 2563 in
3350 2508 3512 2563 aliam

1940 2604 2208 2674 aliamque
2247 2602 2483 2660 subinde
2520 2602 2752 2657 formam
2794 2618 2919 2657 sese
2966 2601 3389 2665 lransmutabat,
3434 2607 3518 2653 at-

1939 2710 2047 2764 que
2106 2696 2182 2753 ita
2242 2694 2329 2749 sui
2376 2700 2728 2765 prospectum
2774 2692 3167 2749 accedentibus
3215 2691 3512 2746 adimebat.

1940 2782 2143 2838 Eodem
2173 2796 2393 2853 quoque
2442 2780 2607 2835 modo
2650 2780 2953 2851 Melampus
2992 2788 3147 2837 vates
3184 2788 3304 2836 erat
3334 2780 3517 2834 bieru-

1940 2874 2197 2945 phantes,
2247 2872 2340 2943 qui
2385 2869 2769 2942 :Egyptiorum
2810 2880 2971 2926 sacra
3000 2869 3208 2926 Graecis
3238 2868 3514 2939 patefecit.

1940 2977 2115 3032 eaque
2165 2962 2270 3032 ipsi
2321 2967 2506 3030 postea
2564 2960 2761 3014 imitati
2825 2970 2976 3015 sunt.
3041 2958 3143 3013 Hic
3184 2958 3352 3014 etiam
3398 2971 3519 3012 sese

257 3054 371 3124 γὰρ
403 3050 629 3105 τοιοῦτοι
654 3050 929 3122 ἂνθρωποι
958 3043 1100 3119 εἶχον
1127 3048 1285 3117 φύσει
1317 3047 1571 3119 τοιαύτην
1613 3046 1839 3117 δύναμιν

1945 3051 2176 3107 subinde
2206 3049 2658 3114 transformabat,
2692 3057 2751 3105 ut
2780 3057 2932 3105 vates
2959 3048 3256 3119 magireque
3284 3047 3513 3119 peritus.

259 3144 551 3214 πάρεδρον,
595 3142 735 3195 ὥστε
780 3138 1257 3213 μεταμορφοῦσθαι
1299 3142 1378 3203 είς
1419 3139 1448 3193 6
1491 3141 1556 3193 ἂν
1592 3138 1840 3202 θέλωσιν,

260 3234 404 3287 ὥστε
436 3232 511 3304 μὴ
538 3230 897 3299 γινώσκεσθαι
941 3227 1092 3298 παρὰ
1121 3227 1227 3282 τῶν
1257 3229 1392 3300 πρὸς
1431 3229 1626 3292 αὐτοὺς
1669 3228 1842 3281 διαλε-

262 3321 533 3394 γομὲνων.

571 3502 687 3567 μετ’.
724 3494 863 3562 Περὶ
898 3493 1001 3547 τοῦ
1032 3493 1310 3549 Αἰτναίου
1337 3494 1543 3562 πιιοός.

339 3587 555 3641 Σικελία
581 3587 742 3658 νῆσός
766 3589 882 3639 ἑστι
923 3586 1175 3658 μεγίστη,
1202 3585 1511 3658 διακειμένη
1546 3586 1671 3658 περὶ
1707 3586 1844 3639 Ἰτα-

265 3681 408 3734 λίαν.
435 3678 522 3732 Ἐν
551 3679 723 3750 ταύτῃ
750 3677 866 3731 ἐστὶ
893 3677 1063 3742 πόλις,
1095 3676 1313 3745 Κατάνη
1348 3675 1489 3729 οὕτω
1518 3676 1841 3749 καλουμένη·

268 3773 525 3845 ὑπεράνω
550 3771 605 3825 δὲ
638 3772 737 3842 τῆς
770 3769 1022 3841 Κατάνης
1052 3768 1199 3822 ἐστὶν
1243 3768 1385 3839 ὅρος,
1423 3767 1482 3834 ἐξ
1519 3763 1577 3822 οῦ
1605 3768 1844 3823 άναδίδο-

267 3886 356 3921 ται
402 3866 512 3938 πῦρ
552 3864 683 3919 πολύ
722 3880 783 3917 τε
814 3861 1189 3931 καίδιηνεκές.
1232 3861 1489 3916 Καλείται
1534 3862 1589 3917 δὲ
1630 3863 1689 3915 τὸ
1726 3863 1847 3933 ὅρος

270 3961 477 4030 Αίτνηο
520 3958 806 4011 καλοῦνται
857 3954 912 4008 δὲ
961 3955 1053 4008 καὶ
1095 3956 1149 4007 ol
1199 3953 1303 4008 τοῦ
1344 3953 1668 4023 Ἡφαίστου
1704 3971 1847 4024 κρα-

274 4051 471 4121 τῆρες.
517 4048 686 4103 Τοῦτο
730 4049 785 4101 δὲ
829 4048 891 4101 τὸ
926 4046 1033 4118 πῦρ
1078 4045 1221 4100 ἐστιν
1269 4046 1356 4099 ὅτε
1388 4046 1638 4100 τοσοῦτον
1685 4046 1850 4119 ὑπερ-

274 4142 483 4207 ϐλύζει,
515 4142 654 4196 ὥστε
696 4141 789 4194 καὶ
832 4137 1141 4210 ποταμηδδν
1180 4137 1459 4210 φέρεσθαι,
1498 4139 1592 4191 καὶ
1634 4140 1748 4211 ῥεῖν
1776 4139 1849 4203 ὡς

273 4237 423 4307 ὕδωρ
452 4236 588 4306 μετὰ
612 4236 710 4306 τῆς
736 4234 1118 4306 άναδιδομένης
1150 4233 1429 4304 πυρώδους
1451 4233 1611 4303 ὕλης·
1649 4232 1762 4287 ἔστι
1794 4233 1849 4287 δὲ

1946 3142 2273 3212 llujusmodi
2303 3143 2503 3212 quippe
2550 3140 2800 3197 homines
2838 3155 2958 3196 eam
3003 3138 3316 3195 facultatem
3354 3140 3519 3195 habe-

1946 3235 2098 3296 bant,
2139 3242 2198 3287 ut
2240 3247 2629 3303 quamcunque
2656 3231 2856 3289 vellent
2892 3230 3122 3286 formam
3154 3239 3518 3290 assumerent,

1946 3341 2013 3380 ne
2050 3326 2117 3380 ab
2144 3325 2251 3388 his,
2280 3327 2373 3396 qui
2402 3338 2499 3381 eos
2524 3323 2964 3396 alloquebantur,
2993 3321 3103 3378 ullo
3130 3321 3291 3381 modo
3314 3335 3520 3394 cogno-

1945 3415 2024 3471 sci
2058 3423 2302 3486 possent.
3006 3467 3013 3473 ,

2445 3505 2535 3561 46.
2574 3504 2652 3559 De
2674 3502 2889 3559 ΛΕιηωο
2918 3505 3056 3574 igne.

2018 3598 2204 3655 Sicilia
2241 3598 2478 3653 maxima
2520 3604 2603 3653 est
2637 3596 2819 3651 insula
2859 3596 3006 3651 circa
3045 3592 3255 3649 Italiam
3290 3595 3419 3650 sita.
3458 3595 3519 3648 lu

1948 3707 2010 3746 ea
2057 3691 2188 3745 urbs
2238 3698 2323 3745 est
2364 3687 2573 3743 Catana
2624 3688 2892 3743 nomine:
2930 3686 2997 3740 ad
3046 3686 3207 3754 cujus
3261 3687 3521 3739 verticem

1948 3800 2106 3839 mons
2139 3791 2243 3846 est,
2272 3797 2337 3836 ex
2362 3796 2472 3851 quo
2499 3782 2759 3850 copiosus
2775 3795 2835 3835 ac
2854 3787 3150 3850 perpetuus
3175 3778 3317 3849 ignis
3343 3792 3526 3831 eruni-

1950 3877 2047 3947 pit.
2075 3873 2173 3930 Hic
2214 3889 2369 3929 mons
2400 3871 2566 3929 Aitna
2608 3880 2857 3938 vocatur,
2893 3879 3058 3941 atque
3092 3871 3254 3925 etiam
3298 3865 3522 3922 Vulcani

1951 3976 2213 4025 crateres.
2247 3966 2577 4038 Hujusmodi
2604 3979 2767 4037 porro
2790 3966 2931 4035 ignis
2957 3966 3093 4019 adeo
3128 3978 3521 4033 nonnunquam

1950 4062 2209 4123 exundat,
2247 4071 2305 4115 ut
2341 4059 2583 4115 ﬂuminis
2611 4073 2762 4114 more
2794 4057 3018 4122 feratur,
3049 4064 3212 4126 atque
3247 4070 3371 4111 curn
3406 4070 3523 4108 ma-

1952 4156 2087 4209 teria
2132 4153 2221 4207 illa
2252 4152 2431 4222 ignea,
2468 4166 2589 4221 quae
2635 4164 2855 4205 sursum
2898 4150 3117 4213 emicat,
3158 4149 3335 4202 instar
3372 4161 3527 4216 aqua:

1954 4247 2103 4300 ﬂuat.
2142 4245 2219 4297 Ac
2267 4242 2457 4313 procul
2494 4241 2661 4295 dubio
2700 4239 2921 4296 divinus
2954 4249 3036 4294 est
3071 4239 3234 4309 ignis.
3266 4224 3526 4307 'Fingunt

256 4331 372 4389 καὶ
392 4328 533 4382 θεῖόν
574 4345 627 4382 τι
665 4327 726 4380 τὸ
755 4327 865 4398 πῦρ
886 4324 1061 4379 τοῦτο.
1096 4324 1328 4392 Λέγεται
1362 4324 1419 4377 δὲ
1459 4325 1540 4378 ὅτι
1567 4325 1749 4395 πατήρ
1771 4341 1852 4388 τις

1958 4347 2164 4409 patrem
2194 4333 2482 4404 quemdam
2519 4347 2643 4386 cum
2679 4331 2790 4385 lilio
2823 4345 2924 4386 suo
2969 4330 3023 4384 in
3066 4330 3171 4384 hoc
3213 4337 3398 4383 monte
3441 4328 3528 4382 in-

280 4422 401 4494 μεθ’
442 4419 557 4475 υίοῦ
584 4419 778 4492 εὑρέθη
807 4422 863 4474 ὲν
892 4418 971 4490 τῷ
1003 4416 1119 4489 ὄρει
1144 4415 1338 4487 τούτῳ,
1365 4417 1458 4469 καὶ
1500 4416 1653 4486 ἄφνω
1682 4417 1851 4489 ἐρρύη

1962 4439 2179 4483 ventum
2225 4424 2415 4486 fuisse,
2469 4429 2633 4491 atque
2679 4420 2857 4490 ignem
2910 4427 3133 4489 repente
3182 4416 3423 4471 ﬂuminis
3472 4416 3528 4471 in

278 4513 593 4586 ποταμηδὸν
632 4511 694 4565 τὸ
747 4512 890 4582 πῦρ,
936 4511 1031 4563 καὶ
1081 4509 1283 4580 ἄπορον
1333 4509 1515 4571 αὐτοῖς
1556 4507 1743 4577 γέγονε
1796 4508 1857 4562 τὸ

280 4605 591 4678 παρελθεῖν.
622 4604 680 4658 ὐ
709 4603 765 4657 δὲ
798 4605 924 4667 παῖς
962 4599 1117 4654 ἔλαϐε
1161 4600 1252 4653 τὸν
1295 4598 1488 4653 ἑαυτοῦ
1523 4598 1735 4670 πατέρα
1764 4601 1857 4654 καὶ

278 4696 580 4750 ἐδάστασε·
632 4695 725 4746 καὶ
757 4692 1085 4764 ἑρυθριάσαν
1121 4689 1180 4742 τὸ
1223 4688 1333 4762 πῦρ
1382 4690 1480 4761 τὴν
1527 4688 1723 4761 πρᾶξιν
1764 4689 1856 4742 τοῦ

280 4785 422 4851 υἱοῦ,
459 4783 696 4853 ἀνεκόπη
733 4783 834 4853 τῆς
873 4779 1169 4854 επιρροἧςο
1210 4780 1303 4835 καὶ
1348 4779 1623 4853 παρῆλθεν
1665 4782 1693 4833 6
1733 4783 1858 4844 παῖς

279 4881 377 4932 καὶ
410 4879 439 4929 6
462 4875 646 4947 πατὴρ
667 4874 943 4938 ἀϐλαὸεἷς.

394 4968 501 5038 μζν.
543 4967 677 5036 Περὶ
707 4965 814 5035 τῆς
849 4968 919 5021 ἐν
948 4965 1028 5034 τῷ
1054 4969 1245 5036 Μίθρῃ
1272 4964 1578 5033 κολάσεως
1613 4964 1711 5035 (1).

357 5062 464 5114 Τὸν
514 5059 731 5128 Μίθραν
775 5058 1056 5129 νομίξουσι
1097 5060 1302 5130 Πέρσαι
1346 5058 1437 5111 τὸν
1480 5055 1629 5128 ἥλιον
1681 5053 1818 5110 εἶναι
1847 5074 1862 5091 ο

283 5154 381 5207 καὶ
414 5149 586 5221 τούτῳ
617 5148 804 5203 θύουσι
830 5149 1027 5216 πολλὰς
1054 5150 1263 5213 θυσίας,
1295 5148 1389 5202 καὶ
1410 5145 1687 5201 τελοῦνταί
1714 5165 1865 5211 τινας

1951 4534 2153 4575 morem
2188 4514 2534 4589 proﬂuxisse,
2562 4511 2957 4580 transitumque
2975 4509 3106 4580 ipsis
3129 4507 3527 4569 interclusisse,

1954 4629 2016 4666 ac
2072 4618 2187 4664 tum
2237 4607 2405 4661 ﬁlium
2455 4604 2571 4661 suis
2632 4601 2874 4658 humeris
2924 4599 3201 4657 sublatum
3248 4605 3527 4669 parentem

1953 4712 2220 4775 gestasse,
2256 4713 2430 4767 eoque
2460 4696 2705 4751 facinore
2736 4694 2914 4766 ignem
2946 4692 3091 4747 velut
3123 4696 3429 4762 permotum
3467 4704 3530 4743 ac.

1959 4795 2163 4866 pudore
2188 4790 2444 4846 aﬂ'ectum
2474 4802 2697 4845 cursum
2727 4801 2886 4841 suum
2906 4781 3300 4855 compressisse
3325 4798 3338 4834 :
3369 4790 3533 4851 atque

1968 4885 2041 4937 ita
2071 4890 2126 4938 et
2154 4890 2362 4953 patrem
2386 4887 2440 4935 et
2471 4877 2641 4932 lilium
2677 4874 2977 4949 incolumes
3002 4872 3395 4943 pertransisse;

2369 4972 2458 5027 67.
2491 4971 2568 5025 De
2592 4966 2808 5024 Mithrw
2830 4966 3124 5037 suppliciis.

2032 5064 2211 5119 Persa
2263 5062 2513 5117 Mithram
2569 5061 2739 5115 solem
2801 5073 2921 5113 esse
2970 5056 3307 5118 existimant,
3373 5056 3532 5126 eique

1963 5157 2132 5211 multa
2164 5155 2434 5210 sacrificia
2482 5151 2740 5216 offerunt,
2778 5148 3212 5219 quibusdamque
3246 5147 3418 5216 ipsius
3447 5162 3533 5201 sa-

282 5248 367 5308 είς
397 5244 561 5297 αὐτὸν
589 5242 832 5306 τελετάς.
882 5242 1070 5308 Οὐδεὶς
1108 5243 1165 5295 δὲ
1207 5240 1428 5295 δύναται
1460 5240 1732 5294 τελεῖσθαι
1764 5242 1864 5306 τὰς

1963 5244 2074 5304 eris
2103 5249 2388 5302 initiantur
2422 5266 2433 5300 :
2465 5243 2527 5298 ad
2559 5258 2681 5313 quae
2714 5257 2876 5296 nemo
2921 5240 3244 5301 admittitur,
3280 5239 3382 5292 nisi
3439 5238 3532 5309 qui

281 5334 381 5389 τοῦ
410 5331 619 5402 Μίθρου
643 5333 885 5397 τελετὰς,
917 5334 966 5385 εἰ
997 5333 1070 5405 μὴ
1105 5332 1191 5386 διὰ
1227 5331 1414 5385 πασῶν
1443 5330 1551 5384 τῶν
1589 5331 1863 5391 κολάσεων

1965 5339 2118 5409 prius
2148 5337 2329 5391 omnia
2374 5343 2770 5389 tormentorum
2814 5345 3013 5401 genera
3062 5329 3366 5401 pertulerit,
3416 5330 3532 5397 pie-

290 5422 585 5495 παρέλθοι,
616 5424 709 5475 καὶ
754 5421 916 5487 δείξει
949 5423 1138 5477 ἑαυτὸν
1182 5420 1368 5491 ἅπαθῆ
1405 5436 1525 5472 τινα
1553 5421 1646 5473 καὶ
1694 5421 1860 5473 ὅσιον.

1969 5432 2206 5500 latisque
2248 5444 2361 5484 suae
2393 5423 2847 5495 fortitudinisque
2887 5422 3054 5476 animi
3098 5422 3154 5474 in
3197 5418 3536 5489 perferendis

266 5515 555 5583 Λέγονται
602 5513 658 5566 δὲ
718 5513 1047 5585 ὀγδοήκοντα
1090 5508 1230 5567 εἶναι
1281 5511 1551 5574 κολάσεις,
1605 5510 1669 5573 ἃς
1723 5512 1864 5564 κατὰ

1968 5523 2255 5578 doloribus
2287 5521 2563 5592 specimen
2596 5517 2829 5573 dederit.
2863 5516 3030 5572 Aiunt
3052 5519 3231 5568 autem
3260 5513 3537 5581 octoginta

290 5608 502 5680 βαθμὸν
556 5607 633 5658 δεῖ
689 5606 779 5659 τὸν
834 5604 1293 5677 τελεσθησόμενον
1345 5602 1669 5673 παρελθεῖνο
1731 5596 1863 5670 οἷον,

367 5770 445 5835 (1)
479 5770 687 5825 Similia
713 5791 859 5828 num.
896 5776 927 5828 6
953 5793 1136 5844 supra.

1969 5631 2091 5672 esse
2126 5614 2465 5669 crueiatuum
2511 5627 2728 5682 genera,
2763 5625 2859 5679 per
2900 5621 3020 5678 qua:
3068 5612 3220 5661 certo
3250 5604 3446 5659 ordine
3487 5605 3539 5659 el
