4018 6296
530 270 658 323 ΝΗ

1870 263 2146 319 NONNL'S
2176 260 2399 316 ABBAS

3644 260 3768 318 1018

524 386 618 458 qui
661 385 966 442 initiandtts
1005 395 1112 449 est.
1166 386 1493 442 necessario»
1527 385 1925 440 transeundum
1956 396 2037 440 est
2079 402 2091 438 :

2212 381 2418 451 πρῶτον
2446 378 2805 450 διανήξασθαι
2832 378 2926 432 ἐπὶ
2954 377 3158 441 πολλὰς
3195 378 3411 448 ἡμέρας
3445 377 3589 451 ὕδωρ
3615 380 3767 433 πολύο

527 476 678 529 set‘bi
725 489 915 541 causa,
963 475 1201 545 primum
1237 475 1286 530 ei
1328 474 1524 530 diebus
1603 474 1790 530 multis
1865 472 2100 528 natauda

525 575 607 621 est
636 579 798 636 aqua.
832 564 1041 621 Deinde
1066 566 1383 621 necessario
1418 566 1523 636 ipsi
1562 564 1874 622 faciendum
1905 575 2008 629 est,
2044 572 2103 617 ut

525 657 668 711 sein
701 657 882 728 ignem
920 656 1200 726 conjiciat,
1241 667 1430 728 postea
1461 658 1516 711 in
1545 657 1843 714 solitudine
1872 655 2127 721 versari,

524 747 743 818 sibique
775 749 876 818 ipsi
911 748 1150 805 inediam
1184 750 1459 820 imperare
1502 764 1730 807 necesse
1775 749 1940 804 habet
1970 767 1984 802 :
2019 756 2100 802 at-

2207 470 2329 527 εῐτα
2353 473 2432 536 εἰς
2457 471 2569 541 πῦρ
2594 469 2887 542 ἐμϐάλλειν
2912 468 3125 523 ἑαυτόν·
3150 465 3270 524 εἶτα
3291 471 3353 522 ἐν
3373 470 3771 541 ὲρήμῳδιαιτηο

2209 564 2366 634 θῆναι
2396 566 2490 616 καὶ
2516 562 2794 631 ἀσιτῆσαι,
2826 562 2921 615 καὶ
2947 561 3082 615 ἄλλα
3103 560 3226 615 τινὰ
3244 563 3405 633 ἄχρις
3427 554 3511 626 οὖ,
3543 563 3616 626 ὡς
3642 565 3775 616 εἰπο-

2212 674 2335 728 μεν,
2377 656 2478 719 τὰς
2516 655 2846 726 ὀγδοήκοντα
2891 654 3142 719 κολάσεις
3181 655 3475 735 παρέλθοι·
3528 654 3621 710 καὶ
3665 656 3777 710 τότε

2206 745 2391 799 λοιπον
2426 745 2628 816 ὲμύουν
2665 745 2828 798 αὑτὸν
2856 744 2926 797 τὰ
2957 744 3286 817 τελεώτερα,
3317 746 3418 799 ἐὰν
3445 744 3607 818 ζήσῃ.

525 857 633 913 que
664 839 741 895 ita
765 838 834 895 ad
873 840 980 893 alia
1008 855 1257 911 pergere,
1285 857 1582 913 quousque
1614 841 1918 913 octoginta,
1952 846 2011 893 ut
2038 837 2303 899 diximus.
2390 837 2791 908 suppliciorum
2883 838 3182 908 generibus
3230 837 3532 895 defunctus
3605 836 3778 894 fuerit.

525 936 735 1002 Quibus
766 936 815 991 si
835 937 1220 1007 supervixerit,
1260 945 1373 993 tum
1403 939 1625 994 demum
1655 939 1833 996 sacris
1855 935 2159 992 Mithriacis
2198 934 2476 990 iuitialut'.

701 1028 790 1084 68.
843 1028 917 1083 De
954 1028 1134 1083 Eehcti
1158 1038 1211 1085 et
1241 1028 1555 1086 Phalaridis
1584 1030 1926 1086 crudelitate.

597 1118 843 1175 Echetus
861 1117 1012 1190 Epiri
1036 1128 1306 1192 tyrannus
1337 1121 1439 1177 fuit
1474 1140 1488 1176 :
1522 1125 1639 1193 qui,
1671 1133 1730 1178 ut
1757 1132 1877 1179 erat
1906 1125 2116 1196 insigni

411 1255 419 1263 .
529 1209 875 1277 crudelitate,
935 1212 1100 1265 varia
1138 1212 1539 1283 suppliciorum
1596 1223 2109 1287 tormentorumque

2212 1206 2483 1278 ὠμότατος
2511 1206 2611 1273 ὢν,
2640 1208 2852 1261 ἐπενόει
2895 1209 3158 1273 παντοίας
3187 1210 3465 1281 τιμωρίας
3500 1212 3594 1264 καί
3632 1212 3780 1265 κολαο

528 1318 725 1374 genera
754 1303 1115 1375 excogitabat.
1146 1303 1224 1359 Ex
1259 1320 1370 1375 quo
1391 1305 1757 1373 efﬁciebatur,
1792 1321 1851 1363 ut
1882 1313 1984 1380 qui
2006 1312 2108 1364 ali-

526 1408 691 1463 quem
725 1394 1127 1451 immanissime
1152 1397 1461 1453 excruciari
1485 1399 1706 1465 vellent,
1734 1401 1802 1456 ad
1826 1417 1952 1458 eum
1977 1406 2106 1459 mit-

528 1491 715 1539 terent
757 1500 771 1537 :
812 1486 1270 1555 quemadmodum
1320 1499 1481 1561 poeta
1516 1506 1737 1564 quoque
1761 1494 1879 1564 ipse
1929 1496 1994 1551 de
2041 1512 2119 1553 eo

531 1574 731 1630 cecinit
758 1594 771 1628 :

530 1666 616 1718 Ad
649 1682 818 1737 regem
858 1668 1116 1728 Ecbatana
1154 1674 1463 1729 mortalium
1502 1680 1737 1733 omnium
1787 1680 2107 1749 carniﬁcem.

532 1774 671 1832 Huic
727 1794 838 1834 non
889 1779 1176 1842 dissimilis
1230 1798 1351 1842 erat
1403 1787 1652 1848 Phalaris
1708 1809 1908 1863 genere
1954 1793 2111 1850 Sicu-

530 1873 639 1937 lus,
689 1871 808 1943 ipse
858 1891 1078 1947 quoque
1142 1895 1417 1937 novorum
1467 1894 1868 1943 tormentorum
1915 1890 2101 1947 inven-

530 1977 637 2021 tor.
707 1967 812 2035 Qui
872 1981 932 2026 ut
975 1988 1007 2027 a
1055 1974 1319 2048 Dionysio
1371 1980 1675 2039 stevissimo
1720 1994 1775 2040 et
1825 1985 2111 2043 immanis-

529 2063 672 2118 simo
745 2073 982 2136 tyranno
1060 2074 1293 2142 gratiam
1365 2076 1551 2138 iniret,
1630 2078 1825 2135 bovem
1906 2097 2108 2138 aereum

526 2165 879 2235 excogitavit,
908 2169 963 2223 in
994 2186 1157 2241 quem
1180 2174 1275 2243 qui
1319 2176 1589 2251 supplicio
1625 2177 1893 2236 alliciendi
1930 2192 2109 2245 erant,

528 2264 903 2335 mjicerentur,
974 2280 1274 2345 posteaque
1332 2278 1446 2347 lgni
1500 2281 1993 2350 succenderentur,
2052 2295 2111 2340 ut

526 2370 622 2439 qui
678 2370 894 2427 interna
940 2372 1159 2430 ﬂamma
1208 2390 1594 2450 exurerentur,
1652 2384 1950 2442 clamorem
2008 2389 2104 2444 bo-

528 2467 622 2522 vis
645 2469 877 2542 mugitui
907 2472 1144 2531 similem
1175 2476 1421 2535 ederent.
1450 2480 1623 2552 Cujus
1651 2484 2111 2545 inhumanitatem

528 2568 883 2639 conspicatus
907 2581 1071 2644 atque
1089 2588 1411 2636 exsecratus
1438 2580 1755 2655 Dionysius,
1782 2586 1961 2656 ipsum
1987 2604 2113 2661 sup-

529 2666 689 2737 plicii
726 2678 1004 2729 auctorem
1039 2674 1096 2730 in
1144 2684 1363 2734 taurum
1405 2682 1664 2753 conjecit,
1705 2693 1871 2757 atque
1914 2687 1968 2743 in
2024 2690 2108 2746 iu-

527 2777 834 2826 strumento
860 2788 963 2828 suo
987 2777 1315 2836 combussit.

2383 1021 2495 1096 μή.
2525 1025 2666 1092 Περὶ
2688 1024 2796 1079 τοῦ
2843 1025 3099 1096 Ἑχέτου
3123 1025 3222 1081 καί
3259 1026 3623 1096 Φαλάριδος.

2276 1114 2505 1185 Ἔχετος
2557 1116 2658 1186 τῆς
2713 1115 2973 1189 Ἠπείρου
3022 1118 3235 1189 ὑπῆρχε
3285 1119 3573 1190 τύραννος.
3627 1116 3786 1185 Οὗτος

2204 1298 2422 1368 στήρια.
2468 1297 2614 1369 Πρὸς
2661 1298 2851 1354 τοῦτον
2900 1300 2950 1353 oi
2998 1299 3244 1365 θέλοντες
3290 1302 3531 1370 ἀφειδῶς
3569 1303 3785 1357 κολάσαι

2210 1387 2535 1461 διέπεμπονο
2559 1390 2635 1456 ὡς
2663 1391 2758 1445 καὶ
2786 1394 2815 1445 ό
2843 1392 3074 1463 ποιητὴς
3104 1392 3254 1461 λέγει
3285 1394 3421 1465 περὶ
3450 1394 3619 1447 αὐτοῦ
3640 1410 3653 1421 '

2212 1678 2317 1743 Εἷς
2339 1678 2595 1747 Ἔχετον
2609 1679 2889 1757 ,Βασιλῆα
2915 1681 3153 1751 βροτῶν
3189 1681 3515 1753 δηλήμονα
3537 1682 3779 1738 πάντων.

2218 1786 2278 1839 ’0
2312 1788 2371 1841 δὲ
2416 1790 2687 1864 Φάλαρις,
2722 1789 2882 1859 οὗτος
2919 1796 3252 1867 καινοτέρων
3284 1795 3662 1869 κολαστηρίων
3697 1797 3755 1864 γέ

2207 1890 2364 1942 γονεν
2400 1880 2664 1953 εὑρετής·
2713 1874 2782 1950 ἦν
2837 1884 2899 1938 δὲ
2936 1885 2997 1939 τὸ
3042 1902 3199 1954 γενος
3244 1884 3600 1958 Σικελιώτης.
3628 1882 3775 1949 οὗτος

2206 1963 2562 2036 χαριζόμενος
2590 1973 2852 2043 Διονυσίῳ
2873 1972 2952 2043 τῷ
2968 1974 3238 2045 τυράννῳ,
3271 1973 3669 2045 ὄπιώμοτάτῳ
3694 1977 3776 2028 καὶ

2204 2058 2515 2141 τυραννικῷ
2539 2061 2634 2114 καὶ
2659 2062 3039 2134 τιμωρητικῷ,
3074 2065 3338 2135 ἐπενόησε
3375 2064 3504 2135 βοῦν
3538 2064 3772 2141 χαλκοῦν,

2206 2144 2266 2199 ἐν
2294 2138 2339 2213 ᾧ
2364 2146 2470 2202 ἔδει
2514 2142 2731 2221 βάλλειν
2762 2156 2888 2218 τοὺς
2937 2154 3339 2225 κολαζομένους
3358 2197 3374 2218 ,
3407 2156 3505 2209 καὶ
3530 2138 3637 2226 πῦρ
3665 2157 3770 2209 sva.

2206 2234 2459 2293 καίεσθαι
2483 2257 2496 2271 ’
2528 2242 2615 2297 ἵνα
2635 2243 2782 2299 ἔνδον
2800 2245 2954 2310 ὄντες
2985 2249 3079 2301 καὶ
3103 2248 3384 2319 καιόμενοι
3416 2249 3511 2302 καὶ
3546 2246 3772 2318 βοῶντες.

2204 2326 2593 2405 διατρεχούσης
2611 2337 2708 2408 τῆς
2735 2342 2917 2407 φωνῆς
2934 2339 3021 2393 διὰ
3043 2339 3137 2393 τοῦ
3156 2342 3434 2412 στόματος
3452 2339 3547 2394 τοῦ
3568 2340 3771 2409 ταύρου,

2204 2416 2331 2495 δόξῃ
2364 2426 2393 2477 6
2422 2424 2625 2497 ταῦρος
2663 2426 2952 2500 καὶόμενος
2997 2431 3286 2502 μυκηθμὸν
3318 2431 3622 2485 ἀποτελεῖν.
3658 2426 3775 2482 Τούέ

2215 2531 2308 2570 του
2355 2516 2412 2570 δὲ
2447 2518 2539 2571 τοῦ
2570 2520 2869 2592 Φαλάριδος
2900 2522 2960 2575 τὸ
3004 2523 3378 2594 ἀπάνθρωπον
3411 2521 3772 2593 θεασάμενοςέ

2215 2605 2511 2673 Διονύσιος,
2562 2609 2726 2662 αὐτὸν
2763 2609 2953 2664 τοῦτον
2984 2611 3241 2665 ὲνέδαλεν
3273 2614 3362 2677 είς
3388 2613 3484 2666 τὸν
3519 2611 3659 2682 βοῦν,
3694 2609 3771 2661 καί

2216 2697 2427 2761 καύσας
2468 2700 2790 2755 ἀπέκτεινεν
2818 2702 2877 2754 ὲν
2913 2704 3027 2766 τοῖς
3068 2701 3264 2757 ἑαυτοῦ
3298 2704 3686 2774 μηχανήμασι·
3710 2698 3769 2759 ὥς

2210 2793 2267 2849 δὲ
2294 2794 2453 2856 αὐτὸς
2478 2794 2508 2846 ό
2527 2792 2763 2865 Φάλαρις
2790 2795 2848 2847 ἐν
2871 2794 3127 2865 ἐπιστολῇ
3151 2812 3306 2865 φησι,
3329 2794 3628 2867 Περίλλαόν
3649 2807 3775 2848 τινα,

527 2864 625 2936 τὴν
662 2866 860 2938 τέχνην
900 2869 1189 2939 βάναυσον,
1221 2874 1317 2928 τοῦ
1362 2877 1609 2933 τοιούτου
1650 2880 1854 2951 χαλκοῦ
1902 2886 2104 2959 ταύρου
2141 2887 2467 2959 αὐτουργὸν,
2499 2864 2746 2959 οίόμενον
2789 2888 2939 2961 αὐτῷ
3002 2888 3327 2961 χαρίζεσθαι
3386 2864 3455 2962 τῇ
3530 2887 3769 2954 καινότητ’

534 2965 627 3029 τῆς
670 2965 960 3033 τιμωρίας,
1004 2967 1255 3037 ἐμϐαλὼν
1290 2970 1371 3033 είς
1414 2970 1475 3024 τδ
1504 2973 1713 3028 τοιοῦτο
1748 2977 1984 3047 χαλκοῦν
2043 2980 2420 3055 κολαστήριον,
2472 2982 2566 3036 καὶ
2610 2980 2831 3051 ύφάψας
2907 2983 3110 3054 πυρὰν,
3157 2983 3341 3036 ἀνεῖλε
3413 2983 3625 3055 πρῶτον
3694 2978 3767 3032 καὶ

530 3053 692 3148 μόνον
725 3056 824 3126 τῆς
860 3058 1055 3129 καινῆς
1097 3064 1369 3133 τιμωρίας
1394 3065 1486 3119 τὸν
1532 3065 1894 3139 δημιουργόν·
1929 3073 2021 3126 τὸν
2062 3075 2116 3129 δὲ
2157 3053 2371 3146 βοῦννὲν
2400 3075 2621 3146 Δελφοῖς
2649 3053 3002 3145 ἀποπέμψας.
3038 3076 3294 3147 ἀνάθημα
3324 3075 3409 3148 τῷ
3440 3053 3620 3145 Πυθίῳ
3654 3072 3771 3125 καθ’

531 3145 747 3217 ιέρωσε.

1080 3245 1166 3303 49.
1200 3247 1279 3305 De
1307 3250 1501 3321 hydra.

598 3332 787 3390 Bellus
839 3336 1089 3406 quaedam
1140 3340 1285 3410 apud
1348 3339 1580 3400 Lernam
1631 3346 1802 3405 fuisse
1863 3352 2107 3421 ﬁngitur,

529 3427 950 3498 quinquaginta,
977 3430 1082 3495 vel,
1107 3440 1167 3485 ut
1189 3432 1280 3487 alii
1311 3435 1543 3502 malunt,
1570 3452 1766 3494 novem
1785 3441 1970 3511 capita
1991 3448 2108 3497 ser;

531 3526 752 3588 pentum
787 3520 996 3577 habens
1025 3539 1038 3574 :
1077 3538 1242 3594 quam
1271 3522 1535 3585 Hercules
1566 3544 1688 3585 cum
1720 3530 1924 3588 famulo
1954 3533 2112 3606 llyllo

533 3610 830 3667 interfecit.
859 3611 1004 3679 Quin
1036 3616 1140 3670 hoc
1162 3631 1384 3689 quoque
1411 3618 1748 3690 fabulantur,
1788 3626 1979 3680 exciso
2004 3642 2111 3680 uno

532 3704 711 3773 capite
741 3703 852 3759 duo
882 3705 1054 3760 altera
1100 3710 1313 3765 renasci
1354 3712 1709 3769 consuevisse
1740 3733 1754 3769 :
1789 3716 1864 3769 ita
1917 3725 1975 3771 ut
2010 3719 2112 3772 du-

533 3793 733 3863 plicato
781 3810 1013 3850 numero
1066 3798 1348 3869 centiceps
1409 3802 1716 3859 exsisteret.
1770 3805 1927 3871 Quod
1986 3822 2109 3861 cum

532 3881 728 3953 Hyllus
760 3888 1157 3957 perspexisset,
1192 3899 1365 3946 artem
1407 3890 1682 3958 adhibuit,
1708 3894 2001 3965 ignemque
2029 3904 2111 3950 at-

530 3974 679 4039 tulit,
726 3983 892 4047 atque
926 3979 1001 4033 ita
1037 3987 1094 4034 ut
1133 3980 1391 4053 quodque
1424 3991 1590 4055 caput
1632 3985 2009 4053 excidebatur,
2056 3988 2111 4042 in

530 4067 805 4124 ﬂammam
841 4070 1142 4141 injiciebnt.
1197 4076 1272 4129 lta
1308 4079 1528 4130 tandem
1575 4076 1754 4133 bellua
1801 4078 1892 4132 illa
1944 4083 2111 4133 truci-

530 4160 656 4214 data
686 4169 791 4217 est.

921 4259 1010 4314 50.
1046 4261 1124 4317 De
1164 4261 1420 4319 Patarica
1450 4265 1721 4319 chimaera.

602 4352 839 4416 Patarea,
876 4367 999 4422 quae
1034 4350 1213 4424 Lycia:
1246 4353 1443 4410 civitas
1472 4364 1581 4421 est,
1613 4368 1773 4410 mons
1803 4368 1925 4409 esse
1956 4369 2111 4408 com-

532 4452 891 4510 memoratur,
942 4445 996 4499 in
1038 4460 1150 4516 quo
1191 4446 1374 4503 bellua
1410 4447 1660 4519 quaedam
1694 4455 1812 4501 erat
1851 4446 1919 4501 ab
1950 4458 2108 4503 ante-

2671 3254 2780 3325 μθ’.
2810 3255 2950 3325 Περὶ
2989 3254 3098 3324 τῆς
3128 3254 3337 3323 ὕδρας.

2284 3349 2487 3422 Θηρίον
2519 3346 2809 3420 μυθεύεται
2841 3350 2875 3419 ἡ
2921 3346 3058 3417 ῦδρα
3086 3345 3342 3416 γενέσθαι
3376 3347 3506 3417 περὶ
3528 3344 3623 3413 τὴν
3653 3339 3765 3408 Mp-

2213 3460 2310 3515 νην
2343 3439 2941 3513 πεντηκοντακέφαλον,
2969 3440 3017 3493 οί
3048 3439 3105 3493 δὲ
3137 3437 3558 3509 ὲννεακὲφαλονο
3599 3433 3687 3495 τὰς
3722 3430 3767 3482 δι

2215 3534 2454 3603 κεφαλὰς
2485 3528 2625 3588 εἶναι
2654 3533 2853 3603 δφεων.
2881 3532 3057 3603 Ὅπερ
3085 3528 3255 3584 ἐλθὼν
3283 3531 3312 3583 6
3344 3526 3617 3601 Ἡρακλῆς
3653 3521 3768 3594 μετᾶ

2217 3623 2357 3676 Ὕλα
2386 3621 2480 3675 τοῦ
2505 3621 2839 3692 θεράποντος
2872 3619 3034 3674 αὐτοῦ
3064 3620 3378 3675 ἀπέκτεινε.
3411 3616 3701 3673 Μυθεύεται
3721 3611 3765 3663 δὲ

2214 3713 2306 3767 καὶ
2339 3711 2515 3777 τοῦτο,
2540 3712 2641 3775 ὅτι,
2674 3709 3014 3782 τεμνομένης
3047 3711 3175 3780 μιᾶς
3205 3709 3454 3781 κεφαλῆς
3488 3706 3665 3776 αὐτῆς,
3690 3700 3767 3754 δύο

2214 3806 2326 3859 ἀντ’
2350 3804 2521 3875 αὐτῆς
2547 3801 2907 3875 παρεφύοντο,
2943 3802 3084 3856 ὥστε
3110 3801 3371 3871 γενέσθαι
3401 3801 3493 3855 ἐπὶ
3521 3799 3577 3853 τὸ
3600 3794 3764 3850 διπλά-

2216 3917 2327 3953 σιον
2356 3898 2550 3953 ἑκατὸν
2572 3898 2833 3968 κεφαλάς.
2868 3898 2927 3951 Ὀ
2947 3898 3003 3951 δὲ
3034 3895 3206 3961 ’Υλας
3232 3895 3423 3968 μαθὼν
3452 3894 3622 3957 τοῦτο,
3647 3892 3766 3961 ἐμη-

2214 3997 2507 4064 χανήσατο,
2540 3991 2635 4044 καὶ
2666 3989 2778 4062 πῦρ
2804 3991 2967 4062 ἔφερε
2992 3990 3086 4044 καὶ
3110 3989 3209 4061 τὴν
3248 3988 3586 4061 τεμνομένην
3615 3996 3763 4049 itepo-

2212 4081 2308 4149 λὴν
2340 4079 2656 4151 ἐνεπίμπρα
2676 4094 2691 4107 ·
2730 4080 2824 4133 καὶ
2852 4078 3025 4142 οὕτως
3065 4078 3291 4148 ἴσχυσαν
3321 4079 3423 4139 τὰς
3458 4077 3628 4135 πάσας
3653 4070 3764 4122 ἀπα·

2214 4174 2438 4228 κτεῖναι.

2458 4271 2520 4317 ν.
2557 4263 2697 4331 Περὶ
2724 4261 2834 4331 τῆς
2868 4260 3205 4331 Παταρικῆς
3244 4261 3539 4329 χιμαίρας.

2284 4357 2511 4429 Πάταρα
2534 4355 2687 4419 πόλις
2720 4354 2837 4409 ἐστὶ
2866 4356 2966 4424 τῆς
2993 4353 3220 4414 Λυκίας.
3256 4353 3485 4421 Λέγεται
3513 4348 3585 4413 δὲ,
3620 4345 3691 4396 ὅτι
3713 4341 3760 4391 ἓν

2212 4450 2382 4521 ταύτῃ
2407 4449 2553 4502 ἐστὶν
2575 4448 2720 4521 ὅρος,
2748 4449 2805 4501 ὲν
2830 4440 2875 4515 ᾧ
2905 4446 3021 4518 ὄρει
3041 4440 3110 4516 ἦν
3139 4444 3347 4515 θηρίον,
3377 4443 3406 4497 δ
3435 4437 3655 4511 πρόσθεν
3676 4430 3762 4502 μὲν

532 4536 679 4591 riore
706 4544 862 4607 parte
885 4536 993 4600 leo,
1022 4551 1057 4590 ar
1082 4538 1389 4607 posteriore
1416 4539 1604 4603 draco,
1634 4554 1664 4593 a
1687 4540 1866 4596 media
1900 4540 2109 4596 chimae-

2215 4536 2283 4609 ἦν
2311 4538 2517 4612 θηρίον,
2558 4537 2781 4592 ὄπισθεν
2804 4537 2862 4591 δὲ
2888 4536 3125 4609 δράκων,
3158 4536 3299 4606 μέση
3331 4534 3387 4589 δὲ
3414 4528 3480 4605 ἦν
3517 4528 3761 4600 χίμαιρα’

532 4642 591 4682 ra
613 4644 626 4678 :
648 4627 829 4697 ignem
861 4626 1113 4684 faucibus
1141 4644 1422 4693 evomens,
1457 4632 1774 4703 regionique
1798 4644 1963 4706 atque
1996 4651 2109 4690 om--

2217 4631 2276 4697 ὲξ
2302 4627 2368 4705 ἦς
2390 4611 2670 4703 χιμαίρας
2699 4629 2812 4701 πῦρ
2842 4631 2908 4683 ὲκ
2942 4627 3036 4682 τοῦ
3071 4628 3338 4699 στόματος
3376 4622 3646 4681 ἀνεδίδοτο,
3675 4612 3757 4667 καὶ

534 4719 696 4774 nibus
728 4718 823 4789 qui
853 4719 980 4775 illac
1027 4720 1132 4777 iter
1169 4718 1463 4789 faciebant,
1512 4724 1805 4794 perniciem
1856 4726 2109 4784 alferens.

533 4809 654 4878 Quo
695 4824 821 4865 cum
865 4808 1073 4882 Pegaso
1115 4819 1307 4868 vectus
1354 4812 1719 4885 Bellerophon
1754 4820 2108 4887 perrexisset,

2207 4721 2525 4793 ἐλυμαίνετο
2562 4723 2660 4792 τὴν
2697 4719 2898 4792 χώραν,
2931 4718 3028 4774 καὶ
3061 4719 3269 4783 πάντας
3313 4720 3439 4781 τοὺς
3471 4710 3757 4783 παριόντας·

2210 4814 2473 4886 ’Ὕστερον
2516 4814 2573 4868 δὲ
2604 4814 2771 4867 ἐλθὼν
2799 4814 2826 4865 6
2860 4813 3319 4883 Βελλεροφόντης,
3369 4811 3505 4880 ἔχων
3531 4805 3617 4858 τὸν
3657 4799 3754 4867 Πῆ⁴

535 4910 652 4959 arte
687 4902 916 4958 bestiam
947 4903 1335 4959 circumvenit.
1375 4904 1510 4959 Nam
1543 4906 1855 4977 plumbeum
1888 4910 2108 4980 globum

2212 4923 2371 4974 γασον
2407 4905 2595 4966 ἵππον.
2633 4905 2960 4976 ὲτεχνάσατο
2987 4904 3082 4958 καὶ
3110 4901 3188 4972 τῷ
3212 4901 3398 4972 δόρατι
3428 4892 3584 4951 αὑτοῦ
3620 4902 3755 4980 περι·

536 4997 740 5052 lanceae
770 4996 988 5068 cuspidi
1033 4996 1349 5068 impositum
1393 4998 1447 5052 in
1487 5012 1552 5054 os
1590 4999 1860 5057 chimaraa
1894 5001 2104 5072 injecit.

534 5087 822 5143 Plumbum
882 5103 1050 5159 porro
1110 5098 1170 5144 ut
1226 5089 1457 5145 ﬂamma:
1511 5090 1751 5147 solutum
1809 5091 2109 5164 praecordia

536 5177 709 5246 ipsius
741 5177 1137 5246 colliquefeeit,
1166 5187 1332 5249 atque
1356 5181 1437 5235 ita
1465 5181 1705 5237 helluam
1733 5184 2034 5238 interemit.

1095 5356 1161 5411 51
1170 5397 1183 5410 .
1220 5356 1296 5414 De
1326 5356 1574 5416 Cerbero.

610 5471 849 5543 Fingunt
876 5487 1069 5527 canem
1098 5473 1388 5543 quemdam
1412 5475 1709 5546 tricipitem
1731 5476 1872 5548 apud
1906 5476 2112 5533 inferos

540 5579 683 5624 esse,
720 5578 783 5619 ac
822 5572 1010 5636 portas
1056 5564 1336 5621 custodire
1369 5581 1387 5618 ι
1417 5574 1581 5638 atque
1617 5583 1713 5626 eos
1753 5568 1977 5640 quidem
2017 5568 2111 5639 qui

540 5654 607 5708 ad
650 5654 853 5710 inferos
885 5656 1243 5725 descendunt,
1277 5658 1681 5716 assentabunile
1710 5660 1971 5721 mulcere.
2014 5674 2110 5716 eos

540 5755 723 5805 autem
770 5747 863 5820 qui
912 5749 1213 5808 ascendere
1247 5759 1542 5820 conantur,
1589 5767 1773 5809 morsu
1829 5751 2108 5818 insectari,

2204 4997 2373 5053 θεῖναι
2400 4999 2634 5068 σᾳαῖραν
2672 4995 2919 5067 μολίϐδου
2938 5037 2952 5058 ,
2987 4995 3083 5049 καὶ⁸
3114 4993 3375 5065 ἐμϐαλεῖν
3412 4990 3489 5053 εἰς
3516 4985 3572 5039 τδ
3601 4978 3754 5045 στόμα

2215 5090 2313 5159 τῆς
2349 5087 2632 5160 χιμαίρας.
2674 5086 2870 5159 Ἐλύθη
2901 5086 2960 5140 δὲ
2992 5085 3215 5140 ἀπὸτοῦ
3247 5084 3415 5156 πυρὸς
3442 5069 3747 5172 όᾏμόλιὸδος.

2214 5181 2311 5234 καὶ
2342 5180 2611 5253 ἐχώνευσε
2651 5178 2720 5234 τὰ
2766 5179 3051 5249 σπλάγχνα
3082 5178 3283 5247 αὐτῆς·
3329 5175 3419 5228 καὶ
3453 5168 3612 5226 οὕτως
3658 5168 3748 5211 απ-

2210 5272 2412 5325 ἐκτεινε
2450 5273 2547 5341 τὴν
2573 5273 2856 5342 χίμαιραν.

2310 5374 2315 5377 ‘
2636 5370 2736 5417 να’.
2770 5364 2909 5431 Περὶ
2941 5362 3049 5416 τοῦ
3082 5360 3396 5430 Κερϐέρου.

2282 5476 2612 5540 Μυθεύεται,
2635 5477 2715 5531 ὅτι
2742 5476 2858 5530 ἐστι
2886 5493 2967 5539 τις
2993 5474 3161 5538 κύωνι
3190 5474 3326 5545 ἔχων
3353 5471 3492 5542 τρεῖς

2212 5569 2270 5634 ὃς
2304 5569 2552 5623 καλεῖται
2576 5568 2880 5641 Κέρδεροςο
2911 5567 3003 5622 καὶ
3025 5561 3180 5631 οὗτος
3206 5565 3456 5636 φυλάττει
3478 5556 3564 5616 τὰς

2214 5632 2309 5713 τοῦ
2341 5659 2490 5730 ᾅδου,
2521 5661 2615 5714 καὶ
2646 5632 2775 5722 τοὺς
2807 5659 2906 5729 μὲν
2937 5632 3366 5719 καταϐαίνοντας
3398 5651 3473 5711 εις
3507 5632 3734 5731 “vi?”

2218 5751 2387 5808 σαίνει
2417 5752 2508 5806 καὶ
2532 5749 2836 5815 κολακεύει,
2865 5749 2986 5814 τοὺς
3020 5747 3076 5802 δὲ
3093 5745 3338 5811 ἀνιόντας
3360 5741 3529 5797 δάκνει
3547 5725 3627 5785 καὶ
3646 5730 3734 5774 ουκ
