4018 6296
506 222 641 282 ζωῖ

1865 213 2144 273 αοΝΝυε
2174 215 2397 273 ABBAS

3647 205 3774 262 «θη

508 344 639 398 .lirls
665 342 924 399 omnibus
952 341 1306 406 devovebant.
1356 339 1734 413 conviciisque
1776 348 1831 395 et
1862 336 2088 395 nefariis

2208 339 2425 410 πιρῶντο,
2468 338 2560 392 καὶ
2592 333 3031 405 διελοιδοροῦντο,
3060 331 3156 387 καὶ
3194 328 3433 401 ὕϐριζον
3468 327 3654 399 ὕδρας
3686 331 3776 400 οὐχ

508 432 799 491 verborum
828 433 1171 493 contumeliis
1216 431 1662 503 proseindebant.

782 524 869 579 57.
899 522 974 578 De
1003 524 1269 593 hospitum
1292 520 1434 580 cwde
1459 522 1599 593 apud
1630 521 1857 583 Tauros.

579 616 745 670 Tauri
800 614 1036 687 Scythiae
1070 616 1256 686 populi
1286 623 1435 681 sunt,
1464 615 1630 684 cujus
1664 622 1878 671 montes
1926 612 2094 670 Tauri

507 720 796 772 vocantur,
854 717 947 764 aut
994 710 1161 766 etiam
1209 709 1379 766 urbes
1419 708 1692 779 quaedam.
1752 707 1908 778 Apud
1953 707 2095 763 hanc

509 808 727 867 gentem
768 800 938 854 Diana
988 801 1208 858 colitur.
1267 800 1518 870 Cumque
1560 814 1627 855 eo
1667 798 2096 868 Agamemnonis

514 892 623 945 tilia
651 891 931 962 Iphigenia
963 906 992 944 a
1025 890 1197 946 Diana
1229 891 1412 947 delata
1448 890 1667 957 fuisset,
1697 891 1944 963 hospites
1973 908 2095 947 om-

515 999 613 1039 nes
647 985 982 1047 mactabam,
1007 999 1077 1039 ne
1102 984 1355 1040 videlicet
1384 983 1487 1054 ipsi
1514 985 1571 1040 in
1619 985 1856 1056 patriam
1888 986 2095 1042 reversi

512 1075 862 1144 perspicuum
899 1074 1142 1131 facerent
1168 1075 1261 1131 ubi
1288 1084 1436 1132 esset
1468 1074 1768 1147 Iphigenia.

514 1247 604 1302 88.
649 1246 727 1302 De
770 1247 1208 1319 Laconibus,qui
1254 1250 1328 1323 ad
1370 1267 1524 1306 aram
1557 1253 1717 1323 strgis
1755 1270 1868 1308 sese
1912 1265 2095 1309 mutuo

1167 1319 1460 1375 credebant.

587 1408 991 1465 Lacedaemonii
1022 1420 1083 1466 ut
1112 1410 1317 1468 liberos
1346 1426 1477 1469 suos
1497 1409 1671 1469 fortes
1702 1427 1765 1468 ac
1795 1414 2094 1470 tolerantes

518 1501 831 1568 redderent,
872 1510 1036 1574 atque
1072 1503 1140 1557 ad
1185 1502 1405 1559 dolores
1452 1511 1749 1575 perpetuos
1785 1507 2090 1574 erudirent,

518 1594 697 1663 plagis
737 1608 833 1649 eos
888 1594 956 1649 ad
1004 1594 1198 1648 altaria
1249 1594 1587 1663 lacerabant,
1630 1596 1790 1668 eique
1833 1602 1926 1670 qui
1982 1615 2092 1655 non

2197 431 2370 493 ὁσίας.

2372 516 2468 584 νζ.
2498 518 2637 587 Περὶ
2661 516 2771 586 τῆς
2801 517 2871 571 ἐν
2913 518 3156 584 Ταύροις
3188 510 3612 578 ξενοκτονίας·

2272 611 2411 682 Ἦδη
2445 611 2695 683 εἴπομεν,
2727 612 2813 665 ὅτι
2854 609 3009 674 ἐθνος
3036 607 3189 662 ἐστὶν
3227 608 3262 676 ἡ
3315 601 3565 666 Σκυθία,
3602 618 3694 655 και
3718 601 3781 655 τὰ

2195 704 2296 775 ὅρη
2346 704 2517 775 αὐτῆς
2561 701 2854 757 καλοῦνται
2892 700 3122 772 Ταῦροι,
3166 700 3289 769 ἦτοι
3322 696 3489 759 πόλις
3527 694 3782 766 λεγομένη

2195 795 2399 870 Ταῦροι
2425 796 2523 867 (2).
2570 796 2657 850 Ἐν
2705 795 2879 867 ταύτῃ
2924 795 3151 864 τιμᾶται
3172 792 3207 862 ἠ
3235 793 3539 862 ’Δρτεμις.
3570 786 3679 857 Τῆς
3699 781 3784 841 οὖν

2209 889 2527 958 Ἰφιγενείας
2585 886 2854 958 θυγατρὸς
2917 884 3014 940 τοῦ
3071 882 3498 955 ’Δγαμὲμνονος
3561 878 3785 933 ἐνταῦθα

2195 980 2301 1035 ὑπὸ
2341 980 2441 1051 τῆς
2500 978 2816 1051 Ἀρτέμιδος
2854 976 3168 1048 ἐνεχθείσης
3192 1014 3209 1040 ,
3245 976 3385 1038 τοὺς
3428 972 3786 1043 ἀφικομένους

2197 1069 2378 1134 ξένους
2414 1068 2594 1134 ἔθυον,
2635 1068 2774 1139 πρὸς
2809 1068 2875 1122 τὸ
2923 1066 3000 1139 μὴ
3051 1065 3366 1138 κατάδηλον
3396 1062 3663 1134 γενέσθαι
3695 1061 3787 1132 τὴν

2208 1163 2527 1233 Ἰφιγένειαν
2569 1161 2709 1233 μετὰ
2732 1162 2831 1234 τὴν
2858 1160 3114 1216 ἐπάνοδον
3135 1160 3245 1214 τῶν
3275 1159 3481 1224 ξένων.

2311 1254 2414 1327 νη’.
2449 1255 2588 1326 Περὶ
2614 1255 2913 1310 Λακώνων
2940 1252 3315 1323 ξαινομένων
3336 1247 3424 1316 τῷ
3446 1250 3673 1319 αἵματι.

2274 1413 2530 1485 Ῥηθεῖσα
2568 1412 2667 1483 μὲν
2712 1410 2809 1465 καὶ
2838 1409 2937 1482 ήδη
2969 1409 3256 1483 πρότερον,
3291 1406 3395 1460 καὶ
3432 1405 3539 1478 ἤδη
3586 1401 3786 1471 λελέξε.

2191 1522 2280 1559 ται
2302 1524 2313 1533 ’
2343 1504 2405 1557 OE
2431 1501 2851 1573 Λακεδαιμόνιοι
2882 1498 3241 1572 καρτερικοὺς
3263 1497 3403 1560 τοὺς
3434 1493 3654 1553 ἐαυτῶν
3672 1497 3786 1546 παῖ-

2191 1595 2287 1658 δας
2316 1589 2457 1649 εῖναι
2493 1591 2923 1654 ἐκδιδάσκοντες,
2968 1586 3382 1660 μαστιγώσεσιν
3420 1584 3680 1657 ἐχρῶντο,
3705 1584 3788 1638 ἐκ·-

518 1684 711 1753 ignave
738 1691 792 1739 et
813 1686 1067 1751 molliter,
1098 1684 1193 1742 sed
1235 1697 1459 1742 strenue
1498 1701 1563 1743 ac
1605 1703 1875 1761 generose
1904 1690 2092 1763 plagas

2208 1685 2533 1749 ἲιδάσκοντες
2558 1683 2756 1747 αὐτοὺς
2796 1680 3142 1754 ὑπονητικῶς
3184 1678 3261 1752 ('5)
3301 1679 3457 1752 ἔχειν
3504 1682 3627 1742 ταῖς
3690 1679 3786 1750 μά-

519 1776 856 1845 pertulisset,
888 1777 1170 1848 praemium
1203 1778 1632 1835 constituebant.

886 2058 977 2115 59.
1019 2057 1098 2114 De
1128 2055 1400 2131 Phrygum
1435 2063 1719 2119 excisione.

587 2172 746 2244 Apud
785 2171 1028 2245 Phryges
1077 2172 1233 2229 Rhea
1275 2173 1504 2230 deorum
1550 2183 1725 2233 mater
1762 2175 2049 2237 colebatur
2081 2196 2093 2233 :

519 2269 682 2337 cujus
725 2281 852 2321 eum
901 2266 1102 2321 festum
1152 2264 1515 2333 celebrarent,
1561 2268 1823 2338 quoniam
1871 2270 1975 2341 ipsi
2027 2270 2099 2327 ob

521 2359 695 2413 multa
748 2359 869 2429 ejus
920 2368 1104 2414 scorta
1150 2374 1182 2413 a
1232 2357 1640 2430 Corybantibus
1685 2361 1868 2418 vesica
1913 2362 2101 2418 excisa

522 2454 718 2517 luerat,
763 2453 969 2509 idcirco
1013 2453 1118 2524 ipsi
1169 2453 1328 2510 deam
1379 2470 1536 2511 suam
1588 2457 1832 2514 colentes
1888 2457 2099 2516 femora

522 2561 621 2600 sua
650 2547 1023 2618 humerosque
1050 2547 1436 2604 concidebant.
1466 2548 1574 2604 Alii
1613 2558 1793 2607 autem
1828 2551 1978 2611 tibiis
2011 2554 2101 2608 lu-

523 2637 748 2704 debant,
782 2642 1048 2696 amasium
1098 2642 1272 2713 ipsius
1313 2642 1457 2714 Atyn
1502 2642 1840 2700 honorantes
1881 2664 1896 2701 :
1935 2647 2100 2704 simul

522 2731 686 2784 etiam
711 2741 769 2785 ut
798 2731 944 2786 tibiae
965 2734 1233 2789 suavitate
1263 2749 1459 2792 sensus
1482 2733 1689 2791 doloris
1707 2750 1870 2806 quem
1895 2737 2101 2796 excisio

524 2821 804 2890 all‘erehat,
835 2823 1171 2887 eluderetur.

593 2934 684 2991 60.
718 2935 794 2993 De
821 2939 1041 3007 spuriis,
1064 2939 1155 3010 qui
1182 2939 1239 2994 in
1266 2939 1598 3012 Cynosarges
1622 2941 2029 3013 abjiciebantur.

592 3030 942 3104 Cynosarges
965 3034 1120 3092 locus
1150 3044 1264 3090 erat
1314 3035 1568 3101 Athenis,
1595 3037 1652 3091 in
1680 3051 1791 3108 quo
1816 3037 1884 3094 de
1916 3038 2102 3095 nolhis

2123 1759 2166 1816 Β
2196 1775 2337 1843 στιξι
2356 1794 2370 1809 ο
2398 1775 2496 1830 καὶ
2525 1774 2750 1838 τούτους
2800 1772 3009 1838 ἔξαινον
3056 1773 3181 1836 ταῖς
3205 1770 3461 1842 πληγαῖς
3494 1767 3648 1841 παρὰ
3672 1766 3785 1833 τοὺς

2196 1867 2416 1939 βωμούς
2439 1884 2454 1898 °
2489 1866 2584 1922 καί⁸
2628 1864 2707 1935 τῷ
2754 1864 2829 1936 μὴ
2879 1864 3316 1944 όλιγωρήσαντι,
3352 1861 3498 1921 ἀλλὰ
3536 1861 3781 1931 γενναίως

2198 1958 2499 2029 ἐνεγκόντι,
2530 1953 2693 2013 ἆθλον
2718 1953 2981 2010 ἐδίδοσαν.

2303 2071 2400 2127 νθ¹.
2430 2070 2567 2140 Περὶ
2596 2067 2705 2124 τοῦ
2730 2066 3204 2141 κατατέμνεσθαι
3226 2067 3380 2135 τοὺς
3409 2067 3671 2138 Φρύγας.

2266 2184 2428 2258 Παρὰ
2478 2181 2589 2249 τοῖς
2624 2182 2824 2257 Φρυξὶν
2852 2183 3082 2253 ἐτιμᾶτο
3104 2184 3139 2253 ή
3193 2181 3330 2241 Ῥέα
3373 2184 3409 2253 ἡ
3472 2182 3656 2253 μήτηρ
3685 2181 3780 2235 τῶν

2198 2279 2354 2335 θεῶν.
2386 2277 2571 2349 Ταύτῃ
2611 2277 2685 2347 (4)
2717 2274 3184 2349 πανηγυρίζοντες
3204 2317 3218 2339 ,
3246 2275 3457 2330 καθότι
3503 2273 3779 2345 ἀπετμήθη

2196 2369 2334 2441 αὑτὴ
2350 2367 2500 2440 παρὰ
2519 2366 2627 2421 τῶν
2646 2365 3013 2438 Κορυδάντων
3032 2365 3131 2437 τὴν
3145 2365 3345 2420 κύστιν
3365 2365 3459 2420 διὰ
3479 2364 3581 2430 τὰς
3596 2363 3779 2427 πολλὰς

2198 2461 2369 2532 αὐτῆς
2422 2461 2701 2532 πορνείας,
2769 2457 3167 2530 θεραπεύοντες
3218 2457 3389 2529 δῆθεν
3450 2458 3551 2529 τὴν
3590 2455 3780 2510 ἐαυτῶν

2199 2553 2320 2608 θεὸν
2362 2553 2461 2625 (5),
2498 2552 2832 2624 κατέτεμνον
2859 2549 3070 2605 ἐαυτῶν
3135 2551 3265 2614 τοὺς
3304 2551 3524 2623 μηροὺς
3554 2549 3645 2603 καὶ
3667 2548 3777 2610 τοὺς

2199 2644 2404 2717 ὤμους.
2446 2644 2631 2703 Ἄλλοι
2657 2644 2715 2699 δέ
2744 2642 2966 2715 ηὔλουν,
2994 2644 3087 2698 τὸν
3113 2642 3359 2714 ἐραστὴν
3391 2642 3569 2712 αὐτῆς
3592 2640 3776 2711 τιμῶν-

2199 2756 2289 2803 τες
2339 2738 2541 2792 ΙἈτοιῖυν
2566 2756 2578 2770 ο
2615 2737 2734 2809 ἅμα
2772 2736 2829 2790 δὲ
2868 2737 2956 2790 ἵνα
2994 2735 3412 2807 ὑποκλέπτηται
3451 2734 3541 2789 διὰ
3569 2735 3665 2805 τῆς
3683 2731 3775 2786 τῶν

2202 2830 2381 2884 αὐλῶν
2413 2829 2609 2902 ἡδονῆς
2634 2832 2668 2899 ἡ
2708 2829 2809 2901 τῆς
2840 2827 3159 2900 κατατομῆς
3180 2826 3376 2898 ὀδύνη.

2568 2945 2634 3013 ξ’.
2674 2943 2817 3014 Περὶ
2840 2944 2948 2999 τοῦ
2977 2942 3433 3014 Κυνοσάργεος.

2277 3036 2352 3092 Τὸ
2383 3038 2737 3109 Κυνόσαργες
2763 3037 2928 3101 τόπος
2958 3033 3026 3110 ἦν
3050 3038 3112 3089 ἐν
3160 3037 3443 3109 Ἀθήναις,
3475 3038 3537 3091 ἐν
3556 3028 3601 3104 ᾧ
3625 3034 3672 3088 οι
3700 3031 3773 3086 νό-

522 3124 790 3194 judicium
820 3125 1120 3194 ferebatur,
1154 3127 1390 3197 hujusne
1434 3143 1505 3185 an
1549 3105 1715 3186 illius“
1746 3129 1844 3185 filii
1891 3139 2099 3188 essent.

2208 3128 2287 3184 θοι
2313 3105 2623 3201 ἐκρίνοντο,
2650 3105 2699 3183 εί
2725 3128 2878 3183 τοῦδε
2907 3105 3079 3194 ὅντως
3103 3105 3335 3198 γέγονεν
3364 3130 3504 3193 υἱός.
3542 3125 3777 3181 Ἐκάλουν

525 3214 736 3273 Vocant
761 3227 940 3274 autem
977 3218 1123 3289 apud
1172 3218 1537 3276 Athenienses
1562 3218 1853 3276 libertinos
1886 3235 2104 3292 quoque

528 3310 749 3374 nothos,
781 3324 906 3365 nam
939 3310 1043 3380 ipsi
1071 3325 1291 3381 quoque
1332 3310 1487 3366 nothi
1533 3317 1684 3376 sunt,
1711 3310 1758 3365 si
1788 3324 1914 3365 cum
1952 3311 2105 3381 inge--

527 3401 655 3458 nuis
712 3402 1087 3456 conferantur.
1120 3399 1223 3467 Qui
1272 3401 1437 3457 etiam
1485 3402 1590 3472 ipsi
1641 3403 2011 3459 censebantur
2050 3412 2105 3460 et

526 3494 978 3564 explorabantur,
1003 3507 1073 3547 an
1104 3494 1330 3548 omnino
1354 3493 1609 3549 libertate
1630 3494 1821 3550 donati
1847 3495 2103 3552 fuissent.

526 3587 867 3656 Cynosarges
932 3594 1113 3639 autem
1180 3583 1271 3640 hic
1334 3584 1488 3641 locus
1556 3585 1698 3642 hanc
1760 3587 1831 3643 ob
1882 3601 2104 3645 causam

528 3684 755 3731 vocatus
784 3682 887 3730 est.
914 3674 1051 3729 Cum
1083 3689 1195 3730 non
1229 3675 1298 3730 ab
1328 3691 1394 3731 eo
1431 3675 1591 3748 longe
1620 3677 1741 3733 loco
1774 3678 2105 3734 sacrificium

530 3769 586 3823 in
636 3767 840 3836 templo
892 3765 1064 3832 lleret,
1094 3766 1378 3838 ingressus
1423 3767 1580 3824 canis
1613 3783 1837 3825 carnem
1870 3771 2109 3826 victinue

531 3859 734 3929 rapuit,
756 3865 920 3928 atque
951 3858 1006 3911 in
1034 3857 1182 3912 hunc
1212 3858 1390 3912 locum
1420 3859 1566 3924 tulit,
1591 3860 1815 3932 illicque
1844 3864 2106 3934 templum

529 3956 872 4002 exstructum
917 3954 1048 4002 est:
1093 3954 1461 4017 vocatumque
1522 3947 1901 4021 Cynosarges,
1947 3955 2107 4024 quasi

528 4038 889 4110 Cynosarces,
932 4056 965 4092 a
1010 4037 1261 4092 carnibus
1312 4038 1566 4096 videlicet
1609 4051 1663 4096 et
1714 4060 1861 4098 cane.
1913 4044 2108 4101 Postea

532 4138 712 4184 autem
746 4130 801 4185 in
837 4131 1018 4185 locum
1051 4148 1086 4184 κ
1116 4132 1388 4188 successit
1425 4150 1461 4202 γ
1494 4174 1509 4200 ,
1549 4149 1614 4190 ac
1656 4137 1888 4206 proinde
1924 4137 2108 4211 Cyno-

531 4238 720 4294 xarges
747 4231 1001 4277 vocatur.

900 4315 990 4369 6i.
1032 4313 1109 4370 De
1142 4314 1355 4371 Xantho
1385 4327 1432 4371 et
1471 4316 1746 4375 Chalcide.

2202 3222 2260 3277 δέ
2293 3220 2447 3294 παρὰ
2494 3219 2799 3291 Ἀθηναίοις
2837 3221 2934 3274 καὶ
2967 3220 3093 3283 τοὺς
3138 3220 3554 3292 ἀπελευθέρους
3575 3216 3770 3277 νόθους·

2204 3312 2349 3367 νόθοι
2374 3311 2484 3384 γὰρ
2507 3312 2602 3366 καὶ
2627 3305 2772 3366 οὗτοι
2802 3310 2942 3383 πρὸς
2981 3312 3108 3375 τοὺς
3136 3312 3202 3365 ἐκ
3234 3310 3513 3384 γεπητῆς
3538 3309 3613 3380 (6)
3650 3307 3775 3360 ἐλευ-

2205 3403 2429 3478 θέρους·
2463 3404 2559 3457 καὶ
2589 3394 2737 3457 οὗτοι
2761 3403 2817 3457 δὲ
2847 3404 3147 3475 ἐκρίνοντο,
3172 3403 3269 3457 καὶ
3292 3402 3698 3474 ἐδοκιμάζοντο.
3731 3394 3773 3447 εἱ

2205 3493 2341 3557 ὅλως
2371 3492 2834 3566 ἐλευθερώθησαν.
2859 3492 3211 3562 Κυνόσαργες
3238 3492 3297 3547 δὲ
3327 3493 3566 3564 ἤκουσεν
3586 3491 3614 3543 ό
3631 3487 3775 3547 τόπος

2207 3581 2315 3635 ἀπὸ
2351 3580 2538 3634 τούτου
2563 3596 2577 3610 ·
2608 3579 2810 3643 Θυσίας
2839 3579 3064 3650 πλησίον
3087 3582 3145 3634 ἐν
3176 3577 3305 3650 ἱερῷ
3333 3578 3652 3649 γενομένης,
3675 3575 3771 3627 εἰσ-

2206 3671 2377 3727 ελθὼν
2404 3671 2550 3725 κύων
2591 3671 2810 3743 ἥρπασε
2844 3670 2979 3743 κρέα
3008 3670 3104 3724 τοῦ
3135 3671 3380 3741 θύματος
3399 3709 3415 3735 ,
3459 3670 3551 3724 καὶ
3589 3669 3773 3738 ἤγαγεν

2207 3762 2265 3815 ἐν
2295 3761 2467 3831 τούτῳ
2489 3759 2567 3832 τῷ
2601 3760 2753 3832 τόπῳ
2773 3776 2786 3789 ·
2828 3760 2923 3814 καὶ
2964 3762 3082 3815 ἐκεῖ
3121 3761 3350 3833 ἐκτίσθη
3386 3778 3473 3824 τις
3509 3757 3664 3821 νεὼς,
3693 3754 3771 3808 καὶ

2208 3854 2414 3926 ἐκλήθη
2438 3854 2813 3926 Κυνόσαργες,
2848 3848 2961 3907 οἷον
2986 3854 3348 3926 κυνόσαρκες,
3380 3856 3491 3910 ἀπὸ
3524 3852 3627 3909 τῶν
3658 3864 3772 3917 σαρ-

2208 3945 2319 4001 κῶν
2348 3947 2443 4000 καὶ
2493 3944 2587 3999 τοῦ
2619 3946 2802 4009 κυνός.
2859 3945 3126 4017 ’Υστερον
3161 3946 3219 4001 δὲ
3259 3946 3355 4000 τοῦ
3386 3965 3421 4001 κ
3454 3943 3770 4011 ἐξελθόντος.

2208 4036 2422 4109 εἰσῆλθε
2460 4036 2521 4090 τὸ
2548 4054 2584 4105 γ
2602 4054 2614 4068 ·
2654 4036 2737 4092 διὸ
2765 4037 2859 4091 καί⁸
2888 4037 3249 4110 Κυνόσαργες
3280 4039 3553 4095 καλεῖται.

2352 4328 2448 4392 Ea}.
2472 4328 2613 4395 Περὶ
2664 4328 2769 4382 τοῦ
2806 4328 3041 4383 Ξάνθου
3065 4331 3161 4385 καί
3196 4328 3307 4399 τῆς
3336 4326 3642 4391 Χαλκίδος.

600 4406 702 4482 [(l)
753 4407 1008 4467 Xanthus
1051 4409 1253 4467 ﬂuvius
1289 4418 1410 4467 erat
1456 4411 1692 4471 Troadis
1753 4416 1847 4486 qui
1913 4428 2102 4475 contra

2278 4419 2479 4485 Ξάνθος
2542 4421 2787 4492 ποταμὸς
2840 4420 2940 4492 τῆς
2986 4420 3207 4493 Τροίας,
3270 4422 3331 4485 ὃς
3377 4421 3470 4475 καὶ
3525 4412 3767 4477 ἐπανέστη

531 4503 796 4557 Achillem
826 4517 886 4559 se
912 4503 1087 4560 erexit
1116 4502 1384 4574 Trojanos
1410 4504 1729 4561 caedentem.
1762 4507 1983 4567 Chalcis
2020 4530 2111 4570 ve-

532 4610 631 4663 ro,
684 4604 743 4649 ut
793 4597 984 4661 aiunt,
1031 4597 1210 4668 puella
1247 4597 1495 4667 quaedam
1539 4597 1642 4652 fuit
1680 4615 1805 4670 quae
1851 4601 2110 4671 juvenem

534 4685 826 4757 quemdam
860 4686 1167 4752 adamavit;
1199 4686 1289 4741 cui
1333 4701 1458 4741 cum
1489 4684 1646 4758 jungi
1677 4702 1787 4743 non
1818 4692 2113 4760 potuisset,

536 4780 593 4833 in
636 4778 891 4833 lamentis
922 4777 1092 4833 vitam
1122 4777 1282 4834 finiit.
1328 4776 1481 4834 Illius
1512 4778 1840 4838 miserentes
1882 4781 1958 4838 dii
1992 4800 2113 4842 eam

522 4855 593 4926 in
628 4870 770 4925 avim
805 4869 1210 4941 mutaverunt.]

540 4961 837 5023 Homerus.

539 5061 705 5121 Quem
756 5052 1027 5107 Xan:hnm
1060 5057 1235 5124 superi
1284 5055 1569 5177 aspellam,
1623 5056 1956 5127 hominesque
1986 5057 2114 5113 Sca-

1183 5141 1304 5177 man
1349 5142 1482 5177 rum.

1183 5141 1482 5179 manarum.

540 5217 604 5270 lit
639 5216 750 5270 alio
785 5216 908 5270 loco
942 5235 955 5271 :

584 5306 841 5364 Chalcida
856 5307 934 5362 dii
948 5306 1012 5362 de
1030 5324 1173 5363 more
1190 5319 1396 5377 vocant,
1427 5310 1760 5387 hominesque
1776 5314 2108 5388 Cymindem.

538 5406 669 5468 Quae
695 5402 915 5473 quidem
952 5402 1092 5457 ridet
1122 5400 1443 5474 Gregorius.

609 5584 687 5647 ll)
724 5584 938 5641 Inclusa
973 5587 1175 5642 omittit
1214 5587 1423 5645 Billius.

528 5720 529 5723 η
712 5654 849 5731 (Sed.
884 5656 1016 5728 Ileg.
1050 5658 1199 5731 silva;
1229 5661 1494 5716 Σκυθικὸν
1522 5661 1637 5731 ἦτοι
1665 5660 1981 5729 Βούλγαοοι.

608 5724 685 5795 (3)
716 5722 790 5779 Id.
828 5722 1262 5800 ὑπομονητικῶς.

2246 4513 2736 4585 Αχιλλεῖκτείνοντι
2752 4514 2874 4579 τοὺς
2892 4513 3106 4586 Τρῶας.
3124 4515 3189 4568 'H
3209 4514 3264 4569 δὲ
3290 4514 3517 4577 Χαλκὶς,
3541 4509 3613 4572 ὥς
3631 4519 3760 4575 φασιν

2218 4604 2354 4675 κόρη
2392 4622 2475 4669 τις
2500 4605 2713 4675 γέγονε⁶
2759 4604 2878 4659 νέου
2930 4604 2988 4658 δέ
3020 4622 3162 4669 τινος
3202 4606 3403 4678 ἐρῶσα,
3439 4602 3533 4659 καὶ
3579 4599 3648 4671 μὴ
3682 4611 3764 4647 τυ-

2218 4694 2409 4765 χοῦσα,
2460 4695 2659 4769 ἑαυτὴν
2719 4696 3039 4769 ὑπεξήγαγε
3086 4698 3183 4751 σὺν
3250 4696 3470 4769 ὀδυρμῷ
3522 4691 3610 4746 τοῦ
3640 4687 3760 4758 βίου’

2218 4788 2284 4857 ἣν
2318 4787 2638 4859 ἐλεήσαντες
2670 4790 2719 4842 οί
2748 4789 2861 4845 θεοὶ
2882 4792 2963 4853 είς
2985 4789 3136 4861 ὄρνιν
3166 4791 3478 4861 μετέϐαλον.
3509 4786 3759 4855 Ὅμηρος·

2222 5075 2330 5126 Ὃν
2346 5073 2574 5129 Ξάνθον
2590 5073 2877 5130 καλέουσι
2895 5076 3037 5141 θεοὶ,
3055 5075 3270 5147 ἄνδρες
3289 5076 3358 5132 δὲ
3377 5064 3749 5144 Σκάμανδρον·

2218 5228 2328 5282 Καὶ
2358 5229 2542 5292 πάλιν,

2218 5321 2483 5376 Χαλκίδα
2518 5321 2925 5392 κικλήσκουσι
2958 5324 3110 5385 Θεοί,
3149 5323 3363 5392 ἄνδρες
3400 5320 3465 5376 δὲ
3493 5306 3743 5386 Κύμινδαο

2220 5412 2505 5477 Δια-παίζει
2529 5408 2622 5466 οὖν
2654 5413 2852 5477 αὐτοὺς
2882 5412 2957 5486 [ὁ]
2995 5414 3136 5479 θεῖος
3167 5413 3501 5475 διδάσκαλος.

2291 5591 2368 5659 (-I)
2391 5591 2465 5648 Id.
2498 5594 2621 5649 add.
2649 5594 2725 5648 δέ.

2286 5664 2368 5729 (ὅ)
2400 5662 2475 5717 Id.
2510 5664 2654 5717 θεάν.

2286 5733 2360 5803 (6)
2392 5734 2467 5788 Id.
2499 5736 2561 5787 ἐκ
2590 5734 2837 5805 γ;νετῆς.
