4018 6296
236 296 378 354 II)”

613 408 714 483 ἔβη
745 410 884 480 Περὶ
914 412 1019 467 τοῦ
1056 411 1449 485 Παλαμήδου.

303 505 663 578 Παλαμήδης,
686 505 925 570 Εὐϐοεὺς
951 506 1027 560 ὢν
1049 508 1108 563 τὸ
1137 508 1293 577 γένος
1317 508 1539 579 (Εὔϐοια
1559 508 1638 573 δὲ,
1664 508 1828 579 νῆσος

230 600 548 671 ἀπαντικρὺ
602 600 703 669 τῆς
741 599 1037 671 ’ᾼττικῆς),
1086 592 1241 665 οὗτος
1297 592 1425 673 εὗρε
1464 600 1528 654 τὸ
1577 600 1829 671 ἀριθμεῖν

230 694 327 746 καὶ
384 692 448 745 τὸ
500 690 799 756 ταϐλίζειν,
852 692 948 746 καὶ
991 691 1298 765 κεχρῆσθαι
1357 693 1435 763 (1)
1481 694 1576 746 καὶ
1639 691 1829 755 ἄλλαις

230 784 462 847 πολλαῖς
496 783 758 854 μεθόδοις.
790 778 959 848 Οὗτος
979 783 1035 838 δὲ
1057 786 1086 838 ὁ
1110 785 1443 857 Παλαμήδης
1474 780 1554 849 εἷς
1578 787 1693 839 ἐστι
1719 784 1827 838 τῶν

233 876 801 948 συστρατευσαμένων
826 877 921 930 ἐπὶ
947 877 1008 930 τὸ
1045 877 1227 932 Ἴλιον.
1278 878 1541 932 Ἀπέθανε
1585 878 1641 931 δὲ
1674 880 1733 932 ὲν
1759 880 1824 948 τῇ

231 969 410 1040 Τροίᾳ
457 971 599 1023 κατά
627 969 918 1041 ἐπιϐουλήν
946 971 1042 1025 τοῦ
1085 971 1403 1035 Ὀδυσσέως.
1438 971 1695 1025 Ὀδυσσέα
1720 972 1828 1043 γὰρ

229 1056 382 1131 εἶχεν
411 1061 605 1133 ἐχθρὸν
633 1061 720 1115 διά
751 1062 1006 1134 τοιαύτην
1031 1063 1209 1119 αἰτίαν
1228 1079 1240 1092 ·
1280 1063 1387 1117 Τοῦ
1428 1064 1832 1134 Ἀγαμέμνονος

231 1154 682 1224 προτρεπομένου
732 1154 823 1208 τὸν
883 1155 1142 1209 Ὀδυσσέα
1182 1157 1275 1209 ἐπὶ
1304 1155 1401 1226 τὴν
1450 1156 1579 1223 περὶ
1630 1155 1831 1227 Τροίαν

228 1243 439 1308 ἔξοδον,
480 1244 555 1316 μὴ
589 1244 761 1302 θέλων
791 1247 821 1299 ὁ
866 1246 1156 1310 Ὀδυσσεὺς
1194 1246 1429 1314 ἐξελθεῖν
1475 1246 1553 1319 (2)
1578 1286 1592 1309 ,
1632 1247 1831 1318 μανίαν

232 1339 681 1410 προσεποιήσατο
713 1340 794 1410 (3)
812 1358 826 1372 υ
879 1342 976 1393 καὶ
1006 1338 1189 1410 βαλὼν
1207 1340 1329 1395 όνον
1356 1341 1453 1393 καὶ
1477 1339 1626 1410 βοῦν,
1659 1340 1832 1393 ἐδόκει

229 1432 501 1502 ἀροτριᾷν
532 1433 591 1483 ὲν
634 1431 830 1503 μανίας
891 1435 1275 1506 προσποιήσει.
1308 1435 1366 1487 '0
1400 1434 1458 1488 δὲ
1499 1434 1834 1505 Παλαμήδης

230 1523 489 1591 ήλεγξεν,
525 1522 602 1593 (ι)
638 1524 718 1577 ὅτι
778 1524 844 1595 δὴ
878 1525 940 1578 οὐ
994 1526 1266 1597 μαίνεταιο
1296 1525 1489 1599 ἤλεγξε
1526 1527 1585 1581 δὲ
1644 1528 1829 1593 αὐτὸν,

233 1614 564 1685 Τηλέμαχον
589 1616 682 1669 τὸν
727 1616 838 1669 υἱὸν
869 1616 1034 1670 αὑτοῦ
1064 1616 1291 1690 προθεὶς
1329 1616 1436 1689 πρὸ
1456 1616 1551 1671 τοῦ
1574 1618 1830 1690 ἀρότρου.

234 1704 379 1764 Εἶτα
441 1708 654 1777 φθάσας
681 1712 711 1764 ό
761 1709 1047 1774 Ὀδυσσεὺς
1081 1711 1212 1783 περλ⁵
1259 1709 1321 1764 τὸ
1369 1710 1551 1765 πεδίον
1619 1712 1698 1781 (5)
1739 1712 1834 1766 καὶ

235 1771 532 1872 παρελθὼν
555 1804 613 1855 ἐν
634 1771 827 1873 -μέρει,
856 1771 1041 1875 ἐπῆρε⁷
1057 1802 1119 1856 τὸ
1146 1771 1402 1874 ἀροτρον,
1435 1803 1523 1856 ἵνα
1548 1771 1637 1875 μή
1657 1771 1836 1875 πλήξῃ
1866 1771 1909 1827 Β

236 1891 304 1943 τὸ
361 1891 606 1947 παιδίον·
638 1894 733 1947 καὶ
770 1892 1020 1964 ἐγνώσθη
1073 1894 1156 1947 ὅτι
1213 1897 1597 1965 προσεποιεῖτο
1635 1893 1712 1963 (6)
1737 1896 1838 1967 τὴν

240 1984 467 2054 μανίαν.
518 1983 734 2056 Ταύτην
773 1980 868 2038 οὖν
898 1984 997 2055 τὴν
1028 1985 1192 2055 μῆνιν
1241 1985 1448 2056 μηνιῶν
1481 1989 1510 2045 ό
1549 1986 1838 2051 Ὀδυσσεὺς

237 2079 299 2130 ὲν
320 2080 390 2149 τῇ
418 2078 609 2150 Τροίᾳ,
640 2082 784 2132 ποιεῖ
812 2078 1055 2151 πλαστὴν
1078 2079 1393 2152 ἐπιστολὴν,
1427 2080 1503 2145 ὡς
1535 2081 1644 2137 ἀπὸ
1671 2082 1843 2151 Πριά-

241 2183 347 2237 μου
380 2167 517 2239 πρὸς
549 2168 641 2221 τὸν
667 2168 1000 2240 Παλαμήδην
1025 2170 1153 2242 περ).
1178 2170 1467 2241 προδοσίας
1498 2172 1609 2225 τῶν
1651 2172 1840 2245 Ἐλλή-

238 2278 379 2313 νωνο
402 2261 497 2314 καὶ
553 2260 874 2332 ὑποτίθησιν
920 2263 978 2317 ὲν
1037 2265 1102 2334 τῇ
1148 2263 1243 2316 τοῦ
1276 2263 1610 2336 Παλαμήδου
1640 2268 1837 2337 σκηνῇ.

244 2354 517 2425 ’Υστερον
550 2353 606 2407 δὲ
646 2355 980 2426 κατηγορίας
1029 2356 1122 2409 ὑπ’
1170 2356 1336 2410 αὐτοῦ
1368 2357 1669 2428 γενομένης
1699 2357 1843 2411 κατὰ

243 2446 574 2518 Παλαμήδου
617 2448 694 2510 ὡς
737 2446 1022 2518 προδότου,
1069 2448 1269 2520 εὑρέθη
1295 2449 1553 2520 ἐπιστολή
1579 2448 1842 2521 κατακρί-

240 2552 413 2590 νουσα
440 2536 638 2590 αὐτόν·
687 2538 783 2591 καὶ
830 2537 1094 2609 τέθνηκεν
1149 2538 1254 2593 ὑπὸ
1296 2540 1704 2611 Ἀγαμέμνονος
1748 2542 1843 2593 καὶ

242 2627 467 2684 πάντων
494 2627 603 2683 τῶν
644 2627 933 2699 Ἑλλήνων.

694 2718 793 2789 ξγ’.
822 2721 962 2790 Περὶ
999 2721 1105 2776 τοῦ
1126 2721 1393 2778 κολοιοῦ.

316 2812 504 2876 Μῦθός
528 2812 615 2876 τίς
639 2812 755 2866 ἐστι
784 2812 1011 2867 τοιόσδε*
1038 2814 1235 2887 Κρίσις
1262 2810 1352 2885 ἦν,
1382 2820 1537 2886 φησι,
1565 2816 1694 2887 περὶ
1710 2816 1845 2871 κόιλ-

242 2907 375 2969 λους
412 2905 644 2977 ὀρνέων*
682 2906 776 2958 καὶ
803 2906 832 2958 ὀ
860 2905 998 2969 Ζεὺς
1030 2906 1308 2979 διαιτητὴς
1351 2907 1565 2979 ὑπῆρχε
1591 2910 1691 2979 τῆς
1725 2910 1847 2981 κρί-

247 3014 412 3061 σεως.
442 2992 551 3051 Ἦν
580 2998 639 3051 δὲ
665 2997 950 3070 όρισθείσα
980 2999 1163 3071 ἡμέρα
1193 3002 1252 3053 ὲν
1345 3000 1453 3053 ἔδει
1483 3002 1848 3074 συναυλισθῆ-

1050 294 1142 350 AD
1182 294 1239 350 S.
1278 291 1608 350 GREGORII
1638 291 1849 350 ORAT.
1889 294 1908 349 I
1948 291 2232 351 CONTRA
2274 295 2637 354 JULIA‘NUM

3382 303 3521 362 1013

2443 418 2533 471 ϐὶ.
2584 418 2657 473 De
2693 418 3002 476 Palamede.

2006 506 2329 564 Palamedes
2378 508 2706 566 Eubmensis
2756 523 2897 567 erat.
2945 516 3038 571 Est
3085 523 3266 571 autem
3313 513 3521 574 Eubmn

1933 598 2116 655 insula
2143 615 2175 655 e
2207 601 2431 672 regione
2452 602 2646 657 Attica:
2693 605 2818 658 sita.
2860 604 2959 658 Hic
2986 621 3249 661 numerus
3288 608 3520 673 invenit,

1935 706 2208 761 usumque
2241 701 2598 757 tesserarum,
2633 710 2700 749 ac
2745 697 3003 766 pleraque
3044 697 3149 752 alia
3199 699 3519 755 artiﬁciosa.

1937 782 2011 839 De
2044 801 2278 841 numero
2305 801 2497 841 eorum
2530 787 2656 851 Iuit,
2680 791 2773 859 qui
2805 791 3072 847 adversus
3103 790 3324 861 Trojam
3357 810 3524 862 cxpe-

1935 876 2200 933 ditionem
2232 890 2633 948 susccperunt:
2667 893 2827 951 alque
2872 882 3085 955 Ulyssis
3116 884 3335 942 insidiis
3376 888 3519 957 apud

1938 969 2157 1040 Trojam
2188 986 2490 1043 oppressus
2522 982 2626 1028 est.
2670 973 2918 1047 Ulyssem
2954 977 3097 1031 enim
3132 978 3413 1034 inimicum
3446 981 3518 1035 ob

1936 1061 2252 1132 hujusmodi
2314 1079 2539 1119 causam
2613 1067 2899 1121 habebat:
2940 1066 3077 1121 Cum
3142 1068 3518 1141 Agamemnon

1939 1151 2189 1225 Ulyssem
2235 1156 2302 1209 ad
2350 1157 2551 1211 bellum
2605 1156 2903 1228 Trojanum
2952 1160 3287 1229 hortaretur,
3322 1178 3423 1220 nec
3456 1181 3523 1220 eo

1935 1248 2212 1318 proﬁcisci
2243 1250 2405 1305 vellet
2445 1248 2693 1323 Ulysses,
2726 1252 2797 1306 oh
2841 1252 3005 1321 idque
3056 1254 3295 1310 furorem
3349 1257 3524 1312 simn-

1937 1344 2094 1407 laret,
2128 1358 2191 1397 ac
2219 1344 2368 1397 velut
2407 1354 2588 1400 mente
2615 1355 2810 1415 captus
2853 1358 3055 1402 terram
3104 1358 3309 1415 araret,
3360 1349 3524 1405 Pala~

1937 1435 2125 1489 medes
2154 1434 2362 1491 furoris
2400 1436 2813 1492 simulationem
2855 1438 2930 1491 ita
2954 1437 3353 1510 deprehendit.
3386 1440 3520 1496 Nam

1937 1543 2063 1582 cum
2102 1527 2272 1581 lilium
2316 1528 2493 1598 ipsius
2541 1528 2930 1585 Telemachum
2972 1541 3100 1587 ante
3135 1542 3376 1587 aratrum
3408 1535 3524 1589 col-

1938 1622 2218 1678 locasset:
2251 1623 2591 1694 simulatQue
2628 1622 2850 1695 Ulysses
2904 1625 2972 1680 ad
3028 1626 3198 1682 lilium
3254 1630 3522 1698 pervenit,

1938 1722 2184 1768 aratrum
2238 1715 2487 1779 sustulit,
2534 1731 2605 1771 ne
2655 1731 2886 1787 puerum
2946 1717 3189 1777 laederet.
3242 1719 3321 1774 Ita
3374 1719 3527 1776 fraus

1938 1804 2155 1861 detecta
2201 1814 2306 1871 est,
2337 1807 2622 1878 patuitque
2670 1824 2796 1862 eum
2849 1807 3076 1885 integra
3126 1812 3329 1868 mentis
3376 1828 3524 1869 esse.

1938 1896 2115 1965 Quam
2143 1898 2218 1953 ob
2246 1911 2470 1953 causam
2499 1899 2751 1956 infensus
2778 1899 3060 1958 Palamedi
3098 1900 3325 1974 Ulysses
3344 1945 3358 1969 ,
3398 1920 3525 1959 cum

1939 1987 1996 2042 in
2030 1987 2245 2043 Troade
2283 1997 2454 2052 esset,
2481 1990 2919 2047 commentitiam
2968 1992 3257 2062 epistolam
3305 1996 3531 2052 nomine

1938 2081 2144 2138 Priami
2200 2081 2270 2137 ad
2320 2081 2670 2137 Palamedem
2722 2082 2790 2139 de
2842 2084 3161 2141 Graecorum
3214 2086 3529 2157 proditione

1940 2175 2267 2240 conscribit,
2312 2190 2547 2245 eamque
2604 2175 2660 2230 in
2715 2175 3026 2234 Palamedis
3084 2178 3327 2233 tentorio
3385 2179 3529 2233 clam

1942 2268 2120 2339 liquit.
2175 2266 2482 2339 Posteaqne
2534 2268 2786 2323 instituta
2837 2268 3104 2325 adversus
3173 2267 3527 2325 Palamedem

1942 2362 2091 2416 velut
2151 2360 2490 2431 proditorem
2564 2359 2944 2428 accusatione,
3002 2361 3227 2416 inventa
3294 2362 3530 2431 epistula

1943 2455 2344 2509 condemnatus
2383 2461 2488 2518 est,
2525 2460 2694 2522 atque
2737 2453 2807 2508 ab
2840 2454 3251 2524 Agamemnone
3294 2451 3533 2509 Grazcis-

1944 2566 2050 2620 que
2084 2547 2341 2603 omnibus
2374 2554 2552 2602 morte
2580 2547 2869 2604 multatus.

2227 2726 2316 2779 65.
2360 2725 2438 2779 De
2466 2723 2686 2794 graculo
2729 2725 3017 2795 pennisque
3055 2725 3243 2792 ipsius.

2017 2819 2416 2890 Disceptabant
2458 2833 2587 2873 aves
2642 2818 2711 2872 de
2760 2816 3193 2887 pulchritudine,
3240 2832 3306 2871 ac
3363 2831 3533 2888 penes

1945 2906 2131 2963 Jovem
2191 2906 2358 2975 hujus
2411 2907 2807 2962 controversia:
2852 2907 3143 2963 arbitrium
3203 2913 3343 2962 erat.
3394 2904 3537 2961 Prae-

1948 3002 2191 3070 scriptns
2217 3007 2336 3056 erat
2376 2998 2520 3064 dies,
2555 2998 2627 3053 ad
2664 3014 2827 3068 quem
2867 3014 2995 3055 aves
3040 3013 3232 3054 omnes
3266 3000 3409 3070 apud
3442 2998 3537 3053 Jo-

245 3108 340 3146 ναι
388 3092 465 3162 (7)
488 3091 557 3144 τὰ
584 3091 746 3163 όρνεα
780 3092 931 3165 παρά
962 3092 1052 3146 τὸν
1078 3093 1197 3146 Δία.
1229 3094 1307 3165 Τῇ
1342 3096 1642 3167 προτεραίᾳ
1668 3096 1724 3149 δὲ
1744 3096 1846 3165 τῆς

1953 3108 2069 3148 vem
2126 3091 2447 3163 congregari
2500 3105 2728 3146 necesse
2778 3090 3071 3145 habebant.
3120 3088 3304 3145 Pridie
3351 3099 3534 3145 autem

244 3184 562 3257 ὁρισθείσης
590 3184 829 3257 ἡμέρας,
861 3185 1013 3258 παρά
1047 3187 1172 3249 τοὺς
1206 3187 1484 3259 ποταμοὺς
1514 3189 1847 3259 φοιτήσαντα

246 3282 318 3334 τά
342 3280 530 3351 ὄρνεα,
564 3282 677 3343 τοῖς
747 3279 985 3349 νάμασιν
1034 3280 1398 3333 ἀπενίπτοντο
1431 3282 1507 3352 (8)
1540 3281 1608 3335 τὰ
1649 3283 1847 3354 πτερὰ,

248 3375 342 3429 ἵνα
359 3373 422 3427 τὸ
445 3374 675 3443 φυσικὸν
694 3373 913 3441 ἑκάστῳ
936 3372 1218 3446 διαλάμψῃ
1248 3373 1461 3438 κάλλος·
1495 3376 1523 3428 ό
1547 3375 1605 3427 δὲ
1639 3373 1850 3438 κολοιὸς

250 3466 393 3535 (ἐστι
416 3465 474 3519 δὲ
498 3464 659 3520 τοῦτο
686 3466 748 3519 τὸ
765 3466 956 3537 όρνεον
979 3463 1039 3519 εὖ
1066 3466 1215 3537 μάλα
1236 3467 1434 3538 μικρὸν
1458 3467 1557 3538 μὲν
1580 3468 1640 3520 τὸ
1666 3467 1846 3538 σῶμα,

252 3558 489 3622 ἀκαλλὲς
539 3558 597 3611 δὲ
654 3559 717 3611 τὸ
776 3554 937 3629 εἶδος)
986 3557 1099 3612 τῶν
1159 3558 1503 3612 ἐκπεσόντων
1544 3559 1697 3630 παρά
1735 3563 1850 3623 τοῖς

250 3650 413 3707 ὕδασι
442 3648 659 3720 πτερῶν
676 3648 926 3721 περιθεὶς
949 3645 1271 3722 ἑαυτῷ,ἦκε
1300 3650 1395 3703 καὶ
1412 3649 1574 3713 αὐτὸς
1597 3651 1746 3722 παρά
1760 3652 1851 3705 τὸν

254 3744 391 3807 Δία,
446 3743 523 3807 ὡς
582 3742 891 3814 ληψόμενος
943 3743 1037 3798 τοῦ
1109 3743 1343 3808 κάλλους
1390 3743 1450 3797 τὸ
1502 3747 1842 3817 νικητήριον.

268 3835 497 3906 Ἀνέμου
527 3834 585 3887 δὲ
616 3829 721 3889 ὧδὲ
769 3835 1104 3900 πνεύσαντος
1138 3836 1233 3889 καὶ
1274 3835 1746 3899 ἀποσκεδάσαντος
1782 3836 1851 3890 τὰ

255 3930 537 3999 ἀλλόφυλα
564 3929 676 3983 τῶν
711 3931 950 4001 πτερῶν,
994 3931 1201 4001 γυμνὸς
1235 3931 1444 4003 ηὑρέθη
1477 3931 1570 3985 τοῦ
1595 3931 1849 3994 κάλλους,

255 4022 399 4092 ἔχων
427 4021 487 4074 δὲ
527 4021 697 4093 μόνην
740 4020 840 4092 τὴν
886 4021 950 4073 ὲκ
997 4020 1215 4089 φύσεως
1255 4019 1406 4091 αὐτῷ
1457 4020 1852 4091 περικειμένην

256 4114 558 4185 ἀμορφίαν,
587 4111 732 4166 οὕτω
765 4113 861 4184 τῆς
894 4111 1159 4183 αἰσχύνης
1186 4112 1496 4183 ἀπήλαυσε.

405 4291 495 4355 ξδ’.
528 4290 668 4360 Περὶ
698 4292 876 4360 γραὸς
902 4291 1357 4359 διασεισθείσης
1383 4290 1491 4344 τὸν
1526 4286 1710 4360 ὦμον.

330 4384 472 4454 Γυνή
493 4399 578 4446 τις
596 4383 930 4453 καλουμένη,
954 4384 1029 4447 ὡς
1048 4384 1149 4454 μέν
1163 4400 1307 4445 τινες
1326 4382 1565 4450 λέγουσι,
1598 4382 1850 4448 Σίϐυλλα,

1952 3186 2061 3242 diei
2103 3186 2251 3240 illius
2290 3198 2422 3240 aves
2446 3183 2513 3239 ad
2537 3181 2730 3239 ﬂuvios
2778 3182 3137 3238 convolantes
3167 3197 3375 3253 pennas
3399 3197 3531 3237 suas

1953 3278 2010 3333 in
2041 3277 2203 3332 undis
2239 3276 2561 3344 abluebant,
2592 3285 2649 3331 ut
2680 3277 2953 3332 naturalis
2981 3278 3257 3348 cujusque
3287 3275 3528 3347 pulchri-

1952 3369 2087 3425 tudo
2119 3368 2396 3425 illustrius
2433 3369 2769 3440 splenderet.
2795 3369 2862 3423 At
2889 3368 3148 3438 graculus
3176 3367 3293 3423 avis
3326 3367 3541 3437 perexi-

1951 3478 2059 3533 guo
2079 3477 2313 3533 corpore
2338 3461 2626 3533 formaque
2647 3462 2874 3517 minime
2901 3460 3136 3531 eleganti
3164 3459 3362 3530 pennis
3404 3459 3539 3513 alia-

1952 3573 2073 3611 rum
2114 3557 2321 3623 avium,
2351 3572 2475 3628 qua:
2504 3556 2661 3626 juxta
2702 3569 2875 3624 aquas
2920 3552 3263 3617 deciderant,
3304 3551 3409 3608 sibi
3444 3552 3542 3605 im-

1942 3651 2168 3721 positis,
2232 3651 2627 3733 ipseﬁlquoque
2688 3648 2755 3703 ad
2812 3644 3003 3701 Jovem
3055 3660 3115 3701 se
3176 3645 3438 3707 contulit,
3484 3654 3543 3697 ut

1954 3744 2383 3815 pulchritudinis
2423 3744 2663 3813 palmam
2694 3747 3025 3811 accepturus
3049 3755 3063 3805 ;
3086 3737 3183 3794 sed
3212 3752 3338 3793 cum
3381 3737 3544 3792 obor-

1952 3846 2042 3893 tus
2068 3845 2266 3892 ventus
2294 3836 2506 3892 alienas
2532 3849 2761 3905 pennas,
2796 3832 3001 3904 quibus
3029 3832 3271 3901 seipsum
3305 3844 3543 3885 ornave-

1952 3934 2037 3979 rat
2086 3925 2449 3987 excussisset,
2498 3930 2725 3994 repente
2778 3930 3009 3977 externa
3058 3928 3113 3976 et
3142 3920 3381 3976 ascititia
3416 3920 3543 3990 pul-

1952 4014 2266 4072 chritudine
2322 4016 2597 4077 nudatus,
2655 4011 2944 4079 deformis,
3000 4020 3061 4067 ut
3130 4018 3327 4066 natura
3388 4018 3542 4073 erat,

1954 4110 2211 4165 inventus
2266 4116 2371 4170 est,
2425 4123 2489 4162 ac
2548 4122 2647 4177 pro
2707 4112 2925 4177 sperata
2971 4103 3144 4176 gloria
3188 4103 3545 4175 ignominiam

1953 4203 2164 4259 retulit.

1988 4294 2077 4350 δι.
2122 4294 2195 4347 De
2227 4308 2355 4355 anu,
2385 4308 2502 4362 qua:
2538 4291 2757 4345 humero
2788 4289 3020 4360 impulsa
3045 4298 3095 4343 et
3127 4304 3387 4343 concussa
3412 4296 3508 4341 est.

2027 4385 2224 4440 Mulier
2250 4382 2498 4454 quaedam
2531 4381 2683 4453 Bylla
2717 4382 2960 4445 nomine,
2986 4380 3092 4443 vel,
3121 4388 3178 4432 ut
3206 4378 3297 4431 alii
3329 4376 3541 4439 dicunt,

259 4476 337 4540 ὡς
366 4475 425 4528 δὲ
474 4474 646 4539 ἄλλοι,
688 4475 919 4547 Φιμόνη,
948 4477 1024 4540 ὡς
1053 4476 1110 4528 δὲ
1141 4477 1341 4547 ἕτεροι,
1369 4475 1596 4547 Φίλυρα,
1630 4477 1852 4547 ἐσείσθη

1959 4479 2228 4538 Phinona,
2257 4473 2339 4529 vel
2382 4475 2573 4533 etiam.
2608 4482 2667 4527 ut
2706 4472 2800 4527 alii
2852 4470 3100 4533 tradunt,
3130 4468 3356 4539 Philyra
3393 4483 3422 4522 a
3456 4472 3546 4537 ju-

263 4574 417 4644 παρά
458 4590 600 4636 τινος
643 4573 951 4628 νεανίσκου.
990 4573 1054 4626 Ἦ
1104 4572 1161 4626 δὲ
1208 4573 1346 4644 γυνή
1390 4571 1852 4644 ὑϐριστικώτερον

260 4664 598 4736 διενεχθεῖσα
644 4666 778 4736 πρὸς
803 4665 895 4721 τὸν
936 4665 1240 4733 νεανίσκον,
1270 4664 1492 4735 ὕϐρισεν
1530 4664 1714 4722 αὐτόν.
1746 4661 1854 4719 Ἦν

260 4759 319 4812 δὲ
348 4760 381 4829 ή
408 4757 568 4825 ὕϐρις
586 4759 621 4828 ή
647 4757 900 4828 λεχθεῖσα
922 4757 1194 4830 ἔμμετρος
1211 4759 1416 4829 στίχος
1442 4760 1535 4811 καὶ
1562 4758 1660 4829 τῆς
1677 4759 1854 4829 ἁρμο-

261 4853 381 4916 νίας
402 4851 501 4905 τοῦ
526 4852 688 4920 λόγου
716 4853 816 4924 τῆς
863 4854 1034 4924 γραὸς
1067 4853 1347 4924 ἀρεσάσης
1370 4855 1481 4915 τοῖς
1511 4852 1853 4925 παρισταμέ-

263 4963 396 5009 νοις,
420 4945 480 4999 τὸ
525 4946 722 5019 μέτρον
770 4946 866 5000 τοῦ
925 4946 1109 5016 στίχου
1164 4945 1356 4999 ἔλαϐον
1377 4964 1390 4976 υ
1423 4947 1519 4999 καὶ
1542 4945 1715 5010 οὕτως
1739 4948 1853 4999 ἔτει

264 5039 445 5110 χνὼθη
476 5039 542 5093 τὰ
577 5040 704 5112 περὶ
729 5042 856 5104 τοὺς
881 5041 1099 5110 στίχους
1121 5039 1218 5111 (9).

722 5131 813 5197 Es’.
844 5133 980 5202 Περὶ
1026 5136 1077 5187 Κ
1082 5133 1393 5188 υκνίώπων.

356 5228 445 5280 Ἑν
478 5229 543 5295 τῇ
578 5224 798 5297 Σικελίᾳ
838 5229 906 5297 τῇ
935 5227 1084 5298 νήσῳ
1108 5228 1235 5297 περὶ
1260 5227 1326 5280 τὰ
1351 5225 1538 5299 όρεινά
1566 5225 1737 5296 αὐτῆς
1766 5224 1855 5277 λέ-

267 5338 459 5391 γονται
477 5319 729 5389 γενέσθαι
760 5319 868 5389 (I0)
893 5321 941 5373 οί
962 5318 1278 5386 Κύκλωπες,
1293 5319 1610 5390 ποιμενικὸν
1630 5318 1855 5390 μὲνβίον

268 5415 699 5486 ἐπιτηδεύοντες,
760 5413 962 5478 ζῶντες
1001 5413 1058 5466 δὲ
1116 5413 1437 5485 βιαιότερον.
1486 5412 1748 5481 Λέγονται
1801 5411 1855 5464 δὲ

340 5562 420 5633 (I)
442 5561 578 5617 Cod.
600 5579 712 5633 reg.
754 5565 862 5617 Καὶ
904 5563 1052 5633 αὐτῷ
1082 5562 1161 5634 τῷ
1192 5561 1467 5627 ταϐλὲζειν
1498 5559 1818 5632 κεχρῆσθαι.

345 5635 423 5699 ('2)
456 5633 533 5687 ld.
584 5633 882 5687 ’Λπελθεῖν.

344 5702 423 5771 (5)
451 5702 525 5776 Id.
556 5704 600 5776 Π
610 5720 833 5776 ppsmn;
843 5704 1093 5776 σάμενος.

350 5776 365 5843 ι
380 5775 427 5849 ι)
461 5773 538 5849 ιιι,
564 5774 722 5849 gris
761 5773 1075 5849 Παλαμήδει
1101 5777 1360 5849 ἠλέγχθη.

350 5844 427 5916 (ὅ)
460 5843 532 5900 Id.
562 5846 693 5918 Περὶ
728 5844 787 5899 τὸ
812 5843 1037 5900 παιδίον.

1960 4587 2098 4627 vene
2138 4568 2380 4640 quodam
2430 4580 2727 4627 concussa,
2760 4565 2814 4619 in
2845 4578 2971 4619 eum
3002 4561 3343 4633 petulantius
3390 4570 3546 4630 rapta

1960 4673 2066 4732 est,
2095 4663 2389 4734 ipsumque
2426 4658 2850 4715 contumeliosis
2899 4655 3086 4711 verbis
3120 4654 3398 4709 insectata
3439 4664 3544 4710 est.

1961 4758 2092 4813 Erat
2122 4769 2285 4828 porro
2322 4755 2434 4809 haec
2474 4752 2806 4808 contumelia
2853 4764 3077 4805 carmen
3110 4748 3453 4803 modulatum
3485 4761 3548 4798 ac

1961 4864 2318 4908 numerosum
2345 4869 2359 4905 :
2384 4848 2477 4921 qui
2505 4847 2799 4904 verborum
2824 4848 3131 4901 concentus
3154 4856 3277 4896 cum
3308 4841 3550 4896 circum-

1961 4946 2235 5004 stantibus
2289 4943 2595 5007 arrisisset,
2636 4939 2905 4997 carminis
2953 4949 3271 4992 mensuram
3325 4948 3551 5004 accepe-

1960 5048 2112 5106 runt,
2144 5048 2307 5110 atque
2334 5037 2409 5093 ita
2443 5036 2633 5109 poesin
2668 5035 2722 5090 in
2755 5042 2928 5088 artem
2961 5030 3315 5101 redegerunt.

2378 5202 2381 5203 7
2469 5130 2558 5185 65.
2604 5128 2680 5183 De
2719 5124 3059 5197 Cyclopibus.

2034 5228 2091 5283 In
2130 5227 2317 5284 Sicilia
2357 5225 2539 5281 insula
2589 5221 2739 5276 circa
2773 5228 3034 5273 montana
3070 5217 3246 5286 ipsius
3285 5217 3402 5269 loca
3444 5212 3549 5284 Cy-

1964 5323 2152 5392 clopes
2195 5320 2476 5375 exstitisse
2528 5315 2804 5376 feruntur,
2843 5311 3176 5382 pastoralem
3210 5307 3432 5379 quidem
3470 5304 3553 5358 vi~

1965 5424 2073 5469 tam
2128 5414 2395 5474 colentes,
2436 5415 2697 5463 caeterum
2768 5405 3073 5461 insolenter
3127 5410 3181 5458 et
3241 5400 3553 5470 impurtune

2037 5562 2112 5632 (6)
2142 5559 2221 5632 Id.
2276 5560 2401 5632 ’Ότι
2424 5557 2687 5632 νηὶάλιός
2727 5557 2864 5611 ἐστι.

2035 5629 2112 5699 (7)
2141 5631 2217 5685 Id.
2254 5629 2662 5698 συναλισθῆναι.

2039 5706 2115 5767 (8)
2152 5700 2229 5755 Id.
2260 5700 2593 5764 ἀπενίζοντο.

2032 5772 2106 5840 (9)
2134 5772 2211 5825 IiI.
2254 5772 2378 5842 περὶ
2402 5772 2493 5824 τοῦ
2520 5771 2725 5842 στίχου.

2036 5843 2146 5915 (10)
2169 5842 2245 5899 Id.
2280 5842 2394 5913 γίνε
2406 5843 2543 5897 σθαι.
