4018 6296
526 263 621 319 ιω
635 265 666 321 9
1868 257 2105 323 .NONNL‘

2209 256 2416 314 ABBAS
3659 255 3783 315 ιθνο

525 378 788 432 viventes.
823 373 887 428 lli
916 374 1076 430 etiam
1109 373 1363 429 humanis
1403 373 1667 430 carnibus
1700 373 1906 430 vixisse
1938 381 2103 444 atque

2209 366 2353 426 οὗτοι
2395 370 2817 443 ἁνθρωποφάγοι
2856 371 3019 437 εἶναι,
3066 372 3161 426 καὶ
3202 368 3633 440 κατεδηδοκέναι
3674 377 3787 435 τοὺς

530 465 740 539 ω)ἐείε
797 468 977 523 socios
1042 467 1345 521 comedisse
1401 465 1681 520 dicuntur.
1730 463 1934 520 Horum
1985 473 2099 519 tres

528 558 835 627 praecipuos
866 566 1160 611 numerant
1210 556 1473 619 Bronten,
1507 556 1773 626 Steropen
1806 564 1861 610 et
1896 557 2097 626 Argeo,

527 664 640 703 arte
671 648 973 704 fabricandi
998 650 1231 704 eximios
1256 657 1309 703 et
1336 649 1695 711 excellentes,
1726 648 1819 718 qui
1851 655 1968 703 arte
1999 664 2099 703 sua

526 742 730 794 tonitru
763 751 816 795 et
850 740 1034 811 fulgur
1064 738 1183 795 Jovi
1217 740 1593 795 elaborarunt.
1622 741 1887 811 Cyclopes
1918 748 2097 795 autem

524 832 874 896 dicebantur,
921 832 969 887 si
1011 831 1248 888 Hesiodo
1292 832 1588 898 credimus,
1622 833 1884 901 quoniam
1932 848 2097 887 unum

524 925 579 978 in
636 925 772 979 facie
822 924 1117 979 orbiculari
1171 923 1348 977 forma
1403 924 1623 979 oculum
1682 924 1986 991 habebant;
2041 934 2102 980 ut

524 1025 706 1070 autem
758 1014 1070 1085 Palzepliato
1118 1016 1323 1086 placet,
1353 1016 1481 1087 quia
1522 1017 1789 1073 rotundas
1834 1018 2098 1072 quaedam

526 1110 684 1160 sedes
716 1106 1051 1161 incolebant.

1074 1196 1164 1252 66.
1207 1196 1286 1252 De
1320 1213 1573 1266 purpura.

593 1288 649 1341 In
682 1285 827 1358 Tyro
866 1288 1045 1342 insula
1080 1291 1233 1345 canis
1265 1289 1488 1359 quidam
1527 1290 1821 1359 pastoralis
1846 1288 1913 1344 ad
1947 1290 2098 1345 littus

523 1378 806 1450 profectus
831 1380 1107 1435 inventam
1135 1382 1403 1436 concham
1431 1382 1562 1446 edit,
1589 1382 1875 1452 ipsiusque
1904 1397 2101 1439 cruore

520 1488 582 1526 os
610 1486 771 1526 suum
799 1470 1009 1526 infecit.
1039 1470 1233 1528 Pastor
1257 1475 1443 1544 itaque
1466 1489 1657 1529 canem
1688 1490 1847 1529 suum
1880 1475 2101 1531 vulnere

522 1558 779 1618 atfeCtum
807 1579 931 1621 esse
958 1565 1300 1632 existimans,
1330 1576 1568 1638 acccpta-
1588 1568 1709 1622 lana
1750 1584 2001 1626 cruorem
2034 1586 2099 1626 ex

523 1658 698 1727 ipsius
743 1672 838 1712 ore
884 1658 1250 1728 abstergebat.
1293 1659 1372 1715 Ac
1402 1675 1592 1715 canem
1629 1662 1849 1732 quidem
1890 1664 2098 1719 nullum

527 1751 725 1804 vulnus
765 1750 1044 1821 accepisse
1076 1751 1298 1820 reperit,
1325 1759 1584 1806 caeterum
1615 1752 1793 1806 lanam
1825 1769 2097 1823 purpurea

523 1843 765 1895 tinctura
787 1841 1049 1897 imbutam
1072 1840 1263 1897 fuisse.
1278 1843 1460 1909 Quare
1481 1858 1604 1898 cuin
1626 1852 1812 1913 pastor
1832 1845 2099 1900 concham

524 1941 721 1986 natura
762 1948 861 1988 sua
907 1934 1154 2004 tingendi
1191 1933 1449 1991 facultate
1484 1937 1666 1992 valere
1710 1939 2098 2007 perspexiSSet,

521 2038 640 2074 eam
671 2036 783 2076 rem
817 2024 1177 2093 pervulgarit.
1215 2025 1394 2094 Atque
1435 2026 1585 2084 hunc
1621 2028 1677 2083 in
1716 2030 1938 2085 modum
1982 2033 2099 2087 col-

524 2113 680 2168 teetis
708 2113 763 2168 in
797 2116 931 2169 mari
963 2116 1269 2191 conchyliis
1300 2119 1549 2176 homines
1582 2136 1880 2193 purpuram
1917 2124 2103 2182 confe-

521 2214 734 2259 ςετυῑιῐ.

522 2388 611 2443 b7.
655 2388 733 2442 De
778 2390 1106 2460 agricultura
1144 2400 1194 2446 et
1239 2391 1679 2459 [rbricandarum
1717 2396 1931 2449 navium
1967 2406 2097 2451 arte.

592 2477 780 2546 Ceres,
816 2490 875 2534 ut
903 2490 988 2535 est
1020 2481 1076 2536 in
1125 2481 1347 2549 fabuiis,
1376 2481 1767 2554 Proserpinam
1800 2484 1967 2541 ﬁliam
2002 2488 2101 2541 ha-

525 2573 663 2638 buit,
712 2589 878 2643 quam
932 2573 1093 2628 Pluto
1142 2577 1344 2646 rapuit.
1392 2574 1519 2632 Haec
1571 2594 1700 2650 ergo
1751 2595 1876 2634 cum
1934 2579 2100 2635 filiam

522 2679 777 2734 quaerens
811 2667 960 2721 varia
1015 2667 1134 2722 loca
1184 2681 1548 2740 peragrasset,
1585 2672 1638 2725 in
1696 2672 1929 2727 Atticam
1979 2688 2103 2743 pro-

525 2759 667 2814 fecta
697 2766 800 2824 est,
831 2769 997 2828 atque
1050 2777 1080 2816 a
1125 2760 1456 2833 Triptolemo
1491 2764 1726 2836 quodam
1762 2767 1816 2822 in
1847 2764 2103 2823 Eleusine

525 2851 767 2921 hospitio
812 2860 1037 2924 accepta
1089 2853 1161 2909 ab
1205 2869 1272 2909 eo
1318 2856 1521 2910 certior
1560 2854 1702 2911 facta
1737 2864 1842 2921 est,
1874 2855 2102 2912 Proser-

527 2943 709 3011 pinam
741 2957 772 2996 a
807 2942 1039 3000 Plutone
1081 2957 1291 3016 raptam
1342 2945 1533 3003 fuisse.
1565 2945 1671 3004 Pro
1699 2964 1811 3020 quo
1840 2948 2103 3005 beneﬁcio

2202 464 2295 519 τοῦ
2330 464 2627 529 Ὀδυσσέως
2668 465 2936 535 ἑταίρους.
2965 465 3125 535 Τρεῖς
3156 464 3212 518 δέ
3241 463 3439 518 αὐτῶν
3465 462 3709 531 λέγονται
3738 464 3787 519 οί

2203 553 2544 625 ἐξοχώτατοι,
2600 556 2855 629 Βρόντης,
2893 555 3198 627 Στερόπης,
3240 557 3492 627 ’Λργης.
3543 555 3789 622 Λέγοντοι

2202 647 2262 701 δέ
2292 642 2438 701 οῦτοι
2473 648 2624 701 αὐτοὶ
2668 651 2764 703 καὶ
2815 647 3144 718 ἐξοχώτατοι
3176 646 3409 717 χαλκεῖς
3441 643 3543 714 τὴν
3569 644 3755 718 τέχνην
3774 664 3788 677 ο

2202 740 2396 803 οἵτινες
2420 737 2510 793 διὰ
2539 740 2638 811 τῆς
2670 739 2876 803 οἰκείας
2916 740 3134 811 τέχνης,
3169 737 3266 810 τὴν
3300 737 3546 808 βροντὴν
3574 737 3665 790 καὶ
3702 736 3793 808 τὴν

2202 832 2488 905 ἀστραπὴν
2534 832 2611 903 τῷ
2654 833 2737 886 Διὶ
2768 831 3200 886 κατεσκεύασαν.
3237 828 3564 889 Κύκλωπες
3592 826 3648 879 δέ
3684 826 3793 880 ἐλέ-

2204 937 2383 989 γοντο,
2431 921 2507 985 ὡς
2554 921 2652 992 μὲν
2695 919 2959 986 Ἡσίοδος,
3004 923 3087 975 ὅτι
3143 919 3239 973 ἕνα
3288 915 3445 989 εῐχον
3500 917 3794 989 κυκλοτερῆ

2202 1012 2478 1085 ὀφθαλμὸν
2503 1015 2561 1067 ὲν
2593 1016 2659 1085 τῇ
2690 1013 2809 1083 ὄψει
2832 1031 2845 1044 ·
2877 1013 2953 1077 ὡς
2984 1012 3043 1067 δὲ
3075 1012 3459 1075 Παλαίφατος,
3493 1010 3577 1064 ὅτι
3612 1009 3797 1064 κυκλο-

2202 1108 2332 1178 τεοῆ
2361 1123 2481 1160 τινα
2512 1107 2676 1177 νῆσον
2694 1172 2697 1175 Α
2714 1104 2911 1176 ᾦκουν.

2631 1198 2738 1266 ξς’.
2785 1198 2925 1267 Περὶ
2982 1196 3369 1265 ἀλουργίὸος.

2289 1293 2377 1346 Ἐν
2426 1293 2587 1364 Τύρῳ
2640 1291 2795 1363 παρὰ
2837 1292 2929 1345 τὸν
2980 1290 3228 1358 αἰγιαλὸν
3288 1289 3450 1343 κύων
3508 1287 3795 1359 ποιμενικὴ

2204 1384 2567 1455 πορευομένη,
2624 1382 2864 1456 εὑροῦσα
2928 1383 3216 1455 κογχύλιον
3285 1380 3524 1450 ἔφαγεν.
3572 1376 3706 1435 Εἶτα
3744 1379 3798 1433 τὸ

2202 1471 2341 1547 αἷμα
2356 1474 2451 1529 τοῦ
2476 1476 2765 1546 κογχυλίου
2794 1475 2964 1546 ἔϐαψε
3011 1474 3113 1546 τῆς
3144 1473 3309 1537 κυνὸς
3340 1474 3407 1527 τὸ
3441 1473 3623 1544 στόμα⁵
3641 1490 3656 1503 ·
3688 1469 3798 1528 εἶτα

2201 1572 2229 1623 6
2254 1569 2458 1641 ποιμὴν
2482 1566 2722 1639 νομίζων
2772 1568 3085 1639 πεπλῆχθαι
3112 1569 3211 1639 τὴν
3240 1566 3412 1630 κύνα,
3446 1565 3631 1619 λαϐὼν
3662 1564 3795 1635 ἔριον

2202 1661 2486 1732 ἁπέμασσε
2505 1660 2567 1714 τὸ
2582 1653 2720 1731 αἷμα
2743 1659 2836 1713 τοῦ
2860 1661 3129 1731 στόματος
3156 1660 3256 1729 τῆς
3279 1660 3476 1724 κυνός.
3506 1661 3616 1713 Καὶ
3643 1659 3793 1730 εὓρη-

2200 1767 2288 1803 ται
2322 1751 2419 1821 μὲν
2442 1752 2475 1822 η
2503 1748 2650 1803 κύων
2678 1748 2879 1820 ἔχουσα
2931 1750 3097 1823 μηδὲν
3126 1750 3211 1822 (l)
3242 1750 3565 1820 φαῦλον,τὸ
3583 1751 3641 1805 δέ
3662 1749 3793 1822 ἔριον

2200 1844 2300 1914 τὴν
2332 1844 2429 1915 τῆς
2456 1844 2744 1916 πορφύρας
2776 1843 3205 1915 ἀναδεδεγμένον
3237 1842 3451 1915 βαφήν.
3477 1839 3612 1898 Εἶτα
3638 1845 3790 1911 ἐγνω-

2202 1931 2315 1996 κὼς
2342 1935 2372 1988 6
2410 1935 2615 2007 ποιμὴν
2671 1936 2753 1990 ὅτι
2786 1935 2845 1989 τὸ
2876 1934 3164 2005 κογχύλιον
3188 1934 3460 2005 τοιαύτην
3499 1933 3613 2005 ἔχει
3643 1932 3791 2003 φύσιν

2204 2024 2493 2098 βαπτικὴν,
2545 2026 2927 2097 ἐδημοσίωσεν
2969 2024 3101 2080 αὐτὸ
3130 2024 3290 2079 τοῦτο
3317 2044 3332 2057 ο
3369 2026 3471 2080 καὶ
3497 2025 3638 2079 οὕτω
3673 2041 3785 2077 συν-

2203 2116 2387 2186 έλεγον
2419 2118 2484 2171 ἐκ
2509 2117 2610 2188 τῆς
2631 2116 2907 2189 θαλάσσης
2932 2118 3001 2172 τὰ
3028 2117 3316 2189 κογχύλια,
3341 2118 3441 2172 καὶ
3471 2116 3787 2172 κατεσκεύα-

2204 2224 2304 2261 σαν
2362 2208 2438 2278 (2)
2467 2207 2565 2279 τὴν
2610 2206 2930 2281 πορφύραν·
2968 2210 3033 2262 ἐκ
3066 2208 3123 2263 δέ
3165 2208 3400 2280 ταύτης,
3449 2210 3550 2273 τὰς
3601 2208 3780 2282 ἁλουρο

2202 2298 2375 2369 γίδας.

2348 2390 2443 2458 ξς.
2482 2392 2622 2461 Περὶ
2661 2392 2771 2460 τῆς
2817 2394 3104 2464 γεωργίας
3149 2394 3247 2447 καὶ
3291 2394 3658 2462 ναυπηγίας.

2271 2480 2469 2544 Καθὼς
2503 2480 2818 2552 μυθεύεται,
2856 2484 2889 2554 ὴ
2918 2484 3185 2555 Δημήτηρ
3216 2479 3338 2555 εἶχε
3385 2485 3662 2556 θυγατέρα
3697 2484 3783 2555 τὴν

2205 2572 2571 2644 Περσεφόνην.
2593 2571 2809 2644 Ταύτην
2835 2574 3083 2645 ἥρπασεν
3110 2574 3185 2648 (ὃ)
3211 2578 3239 2629 6
3268 2575 3552 2630 Πλούτων.
3639 2575 3781 2646 Περι-

2216 2668 2371 2725 ιοῦσα
2386 2669 2494 2741 δὲή
2524 2668 2790 2738 Δημήτηρ
2821 2667 2913 2720 καὶ
2938 2667 3175 2738 ζητοῦσα
3210 2668 3311 2741 τὴν
3348 2669 3626 2741 θυγατέρα
3656 2668 3779 2736 Περ·

2207 2757 2457 2830 σεφόνην,
2481 2753 2644 2829 ἦλθεν
2674 2759 2753 2821 είς
2778 2761 2875 2829 τὴν
2918 2758 3191 2830 Ἀττικὴν,
3222 2762 3323 2815 καὶ
3354 2760 3616 2815 καταλύει
3645 2759 3777 2830 παρὰ

2206 2850 2249 2903 Τ
2254 2849 2568 2921 ριπτολέμῳ
2620 2849 2727 2903 τινὶ
2787 2851 2845 2903 ἐν
2898 2849 3059 2923 κώμῃ
3108 2851 3389 2925 Ἐλευσίνῃ
3425 2851 3571 2906 οὕτω
3602 2851 3777 2905 καλου-

2210 2942 2365 3013 μένῃ.
2410 2941 2687 2996 Μανθάνει
2746 2937 2839 2997 οῦν
2884 2942 3023 3015 αὕτη
3053 2944 3206 3016 παρὰ
3224 2943 3778 3017 Ἰ“ριπτολέμου,ὅτιό

526 3033 631 3104 ipsi
661 3034 869 3090 semina
910 3034 1081 3103 dedit,
1114 3037 1220 3093 hoc
1272 3047 1358 3094 est
1409 3040 1649 3095 triticum
1703 3048 1758 3095 et
1813 3039 2103 3104 hordeum,

2209 3031 2458 3087 Πλούτων
2482 3033 2698 3104 ἥρπασε
2734 3034 2832 3104 τὴν
2875 3035 3223 3106 Περσεφόνην
3249 3053 3261 3067 ·
3296 3037 3401 3091 καὶ
3428 3037 3568 3109 ὑπὲρ
3593 3033 3776 3105 ταύτης

526 3126 918 3200 mandavitque
968 3131 1016 3184 ei
1066 3145 1135 3186 ne
1190 3132 1519 3189 mortalibus
1569 3150 1633 3190 ea
1686 3133 1974 3199 invideret,
2012 3135 2106 3190 sed

527 3220 785 3277 omnibus
836 3231 1140 3294 spargeret,
1178 3236 1239 3279 ut
1287 3224 1563 3281 discerent
1610 3235 1786 3283 terras
1828 3243 2010 3283 serere
2056 3237 2111 3283 et

525 3314 731 3383 colere,
790 3330 855 3370 ac
910 3315 1125 3373 fructus
1185 3317 1377 3375 dulces
1431 3328 1485 3374 et
1539 3321 1749 3377 sativos
1804 3320 2107 3377 comedere.

527 3404 671 3460 Olim
699 3408 845 3462 enim
901 3410 1091 3465 rustici
1134 3408 1273 3480 fagis
1314 3412 1655 3467 victitabant.
1687 3410 1841 3468 Unde
1883 3412 2047 3466 etiam
2079 3427 2110 3466 a

530 3496 653 3568 fago
681 3501 898 3569 φαγεῖν,
929 3500 984 3554 id
1035 3510 1141 3567 est,
1171 3503 1460 3559 comedere
1499 3503 1706 3558 dictum
1741 3511 1845 3559 est.
1890 3501 2108 3570 Tripto-

528 3588 709 3642 lemus
737 3589 925 3658 igitur,
954 3600 1201 3661 accepto.
1228 3603 1284 3646 ut
1315 3592 1488 3657 aiunt,
1514 3592 1813 3650 draconum
1842 3594 2108 3648 alatorum

531 3694 721 3744 curru,
750 3678 1024 3748 Celeoque
1073 3682 1368 3737 comitatus
1400 3683 1507 3737 huc
1540 3682 1783 3752 illucque
1814 3681 2110 3752 vagabatur

532 3773 742 3827 semina
774 3773 1100 3829 mortalibus
1123 3773 1352 3829 libenter
1379 3775 1721 3845 impertiens.
1745 3774 1902 3841 Quod
1927 3782 2107 3829 autem

530 3863 674 3932 apud
693 3863 1060 3921 Athenienses
1086 3866 1319 3935 primum
1341 3866 1614 3920 inventam
1641 3864 1811 3921 fuisse
1830 3873 2112 3920 exstruen-

531 3954 726 4007 darum
768 3954 993 4009 navium
1041 3963 1214 4010 artem
1268 3956 1402 4011 dicit
1445 3952 1763 4027 Gregorius,
1809 3963 1939 4026 puto
1984 3970 2107 4010 eum

534 4038 869 4097 intellexisse
892 4044 960 4098 de
994 4043 1122 4098 belli
1152 4043 1361 4100 navalis
1384 4053 1520 4100 arte.
1549 4043 1683 4099 Nam
1712 4044 1914 4115 alioqui
1945 4043 2107 4100 Ριιω·

534 4131 688 4188 nices
712 4133 872 4202 primi
898 4150 1090 4191 navem
1114 4134 1416 4193 aediﬁcasse
1442 4136 1724 4200 dicuntur,
1749 4146 1803 4192 et
1831 4136 2107 4193 triremem

536 4222 884 4282 Semiramis.

971 4501 1062 4559 68.
1112 4502 1182 4559 De
1211 4501 1364 4559 Celeo
1391 4513 1441 4559 et
1480 4503 1673 4560 Icario.

611 4590 685 4648 De
734 4593 893 4648 Celeo
947 4594 1233 4665 superiore
1296 4595 1479 4651 fabula
1535 4598 1797 4663 diximus,
1849 4597 2107 4653 nimirum

532 4701 660 4739 eum
694 4700 821 4740 cum
875 4685 1213 4758 Triptolemo
1254 4687 1322 4743 ad
1376 4689 1737 4759 impertienda
1789 4691 2112 4746 mortalibus

535 4774 745 4827 semina
777 4775 1085 4832 oberrasse.
1116 4777 1266 4843 Quod
1309 4788 1492 4833 autem
1521 4778 1588 4833 ad
1630 4780 1859 4835 Icarium
1894 4781 2109 4845 attinet,

538 4866 807 4921 liaccbum
849 4867 961 4921 vini
1005 4868 1343 4924 inventorem
1387 4871 1666 4927 exstitisse
1710 4873 1862 4929 aiunt
1888 4890 1953 4931 ac
1985 4891 2111 4947 pro-

539 4957 666 5013 inde
710 4957 840 5014 vitis
892 4960 1181 5030 przesidem
1222 4977 1347 5018 eum
1392 4977 1513 5018 esse
1558 4973 1803 5021 censent.
1837 4965 1936 5023 llic
1984 4983 2114 5039 ergo

547 5049 791 5107 Athenas
816 5053 1116 5122 profectus,
1138 5061 1301 5124 atque
1323 5053 1556 5111 Icarium
1581 5057 1870 5129 quemdam
1894 5061 2113 5115 obvium

544 5144 772 5211 habens,
818 5146 1096 5216 palmitem
1149 5148 1274 5203 vilis
1336 5149 1438 5220 ipsi
1491 5152 1890 5207 conserendum
1947 5152 2115 5207 dedit.

540 5234 712 5301 Quem
739 5252 861 5290 cum
892 5237 1007 5306 ipse
1030 5239 1370 5293 consevisset
1397 5247 1449 5294 et
1478 5240 1833 5305 excoluisset,
1862 5255 2118 5310 expressa

542 5323 759 5381 tandem
790 5341 918 5391 uva,
944 5325 1081 5381 bibit
1109 5329 1225 5398 ipse
1251 5343 1316 5382 ac
1340 5327 1659 5396 pastoribus
1691 5328 2023 5399 prepinavit.
2055 5328 2122 5381 At

543 5415 620 5470 itii
653 5416 928 5485 inebriati,
975 5434 1073 5473 nec
1119 5420 1264 5473 enim
1294 5429 1418 5475 ante
1451 5421 1637 5474 vinum
1666 5421 1980 5483 hauserant,
2007 5419 2121 5472 exi-

544 5510 832 5565 stimantes
876 5524 936 5568 se
985 5511 1052 5567 ab
1094 5509 1265 5568 Icario
1308 5512 1634 5568 intoxicatos
1683 5510 1873 5575 fuisse,
1930 5527 2121 5564 manus

618 5701 633 5773 ζ
649 5695 695 5773 l__)
729 5697 864 5773 ροιι.
898 5714 1008 5773 reg.
1036 5703 1228 5771 ἔχουσα
1259 5704 1355 5773 μὲν
1379 5703 1550 5758 οὐδέν.

618 5770 695 5835 (ι’)
727 5769 804 5824 ιιι.
838 5769 1176 5841 κατέμαῷαν.

2208 3124 2305 3196 τῆς
2334 3124 2652 3195 εὐεργεσίας
2679 3125 2861 3179 δίδωσι
2901 3127 2978 3198 τῷ
3002 3128 3363 3201 Τριπτολέμῳ
3384 3131 3453 3185 τὰ
3485 3130 3774 3202 σπέρματα,

2209 3214 2350 3284 λέγω
2377 3213 2441 3286 δὴ
2471 3216 2614 3268 σῖτον
2638 3216 2731 3268 καὶ
2755 3214 2970 3287 κριθὴν,
3001 3216 3359 3292 ἐντειλαμένη
3403 3222 3479 3292 μὴ
3513 3219 3774 3290 φθονῆσαι,

2208 3305 2344 3360 ἀλλὰ
2390 3304 2690 3378 περιελθεῖν
2746 3308 2840 3360 καὶ
2874 3307 3167 3377 σκορπίσαι
3197 3310 3266 3364 τὰ
3303 3312 3599 3383 σπέρματα
3632 3311 3778 3363 πᾶσιν

2210 3396 2511 3467 ἀνθρώποις
2532 3414 2544 3427 ·
2577 3397 2665 3451 ἴνα
2698 3397 2910 3468 μάθωσι
2935 3399 2997 3452 τὸ
3024 3401 3269 3471 σπείρειν
3297 3404 3398 3456 καὶ
3418 3402 3675 3473 γεωργεῖν
3696 3398 3776 3452 καὶ

2209 3488 2409 3543 ἐσθίειν
2434 3490 2558 3553 τοὺς
2581 3489 2820 3562 ἡμέρους
2850 3490 3117 3561 καρπούς.
3139 3491 3316 3547 Πάλαι
3349 3490 3461 3563 γὰρ
3482 3495 3528 3546 oi
3552 3493 3775 3560 ἄγροικοι

2210 3577 2394 3649 ἢσθιον
2425 3579 2548 3642 τοὺς
2580 3577 2841 3649 βαλάνους
2865 3582 2929 3633 ἐκ
2957 3579 3067 3634 τῶν
3102 3580 3293 3651 φηγῶν
3317 3599 3330 3612 ·
3375 3580 3526 3636 ἐνθεν
3557 3579 3663 3634 ἀπὸ
3687 3578 3773 3646 τῆς

2210 3669 2385 3741 φηγοῦ
2413 3670 2473 3723 τδ
2504 3671 2716 3740 φαγεῖν
2744 3670 2973 3743 εἴρηται.
3010 3674 3244 3741 Λέγεται
3270 3673 3353 3738 δὲ,
3385 3676 3468 3729 ὅτι
3501 3674 3529 3726 6
3560 3668 3775 3742 Τριπτό-

2209 3761 2370 3831 λεμος
2401 3759 2581 3815 λαϐὼν
2614 3760 2767 3833 ἆρμα
2798 3762 3106 3831 δρακόντων
3152 3763 3476 3834 πτερωτῶν,
3512 3773 3774 3832 συμπαρα·

2210 3850 2389 3904 λαὸὼν
2422 3852 2515 3904 καὶ
2536 3852 2625 3906 τὸν
2658 3850 2878 3919 Κελεὸν,
2911 3853 3084 3917 οὕτως
3114 3854 3387 3909 ἐπλανᾶτο
3416 3848 3775 3924 φιλοτιμούμ-

2209 3961 2299 4007 νος
2341 3943 2409 3997 τὰ
2456 3944 2771 4016 σπέρματα.
2806 3945 2969 4014 Λέγει
3017 3945 3073 3998 δὲ
3108 3945 3301 4011 όθεῐος
3334 3944 3648 4018 Γρηγόριος,
3701 3939 3771 3992 ὅτι

2210 4036 2302 4089 καὶ
2352 4037 2386 4106 ἡ
2440 4037 2720 4106 ναυπηγία
2778 4037 2929 4104 παρὰ
2971 4036 3274 4109 Ἀθηναίοις
3336 4037 3586 4109 εὓρηται.
3624 4027 3773 4102 Οἶμαι

2209 4128 2265 4181 δὲ
2287 4128 2449 4182 αὐτὸν
2475 4127 2654 4196 λέγειν
2686 4131 2817 4200 περὶ
2843 4130 2941 4200 τῆς
2974 4130 3317 4202 ναυμαχικῆς
3347 4130 3562 4200 τέχνης·
3585 4124 3772 4193 ναύμα-

2212 4237 2295 4291 χοι
2325 4219 2401 4290 (4)
2463 4221 2584 4274 κατ’
2634 4221 2802 4291 ἄκρον
2861 4221 3133 4293 Ἀθηναῖοι
3158 4237 3170 4250 '
3210 4222 3343 4278 ναῦν
3379 4220 3491 4293 γὰρ
3550 4217 3772 4286 λέγονται

2212 4314 2260 4364 οἱ
2291 4311 2495 4382 πρῶτοι
2517 4312 2762 4378 Φοίνικες
2798 4313 3147 4385 ναυπηγῆσαι
3171 4330 3185 4345 ο
3226 4318 3428 4391 τριήρη
3456 4313 3532 4377 δὲ,
3564 4313 3594 4383 η
3625 4304 3769 4376 Σιμία

2147 4399 2186 4453 D
2219 4423 2404 4479 ραμις.

2440 4495 2541 4567 ἔνι’.
2576 4495 2717 4567 Περὶ
2745 4495 2850 4550 τοῦ
2891 4496 3115 4553 Κελεοῦ
3148 4498 3244 4552 καί
3289 4496 3554 4566 Ἰκαρίου.

2287 4589 2422 4660 Περὶ
2448 4589 2547 4660 μὲν
2573 4588 2669 4642 τοῦ
2724 4589 2927 4644 Κελεοῦ
2984 4590 3210 4660 εἴπομεν
3245 4590 3305 4643 ἐν
3350 4592 3415 4661 τῇ
3458 4586 3562 4659 πρὸ
3591 4580 3771 4646 ταύτης

2222 4681 2451 4754 ἱστορίᾳ,
2481 4682 2563 4735 ὃτι
2594 4682 2734 4752 μετὰ
2759 4682 2852 4736 τοῦ
2905 4682 3281 4754 Τριπτολέμου
3330 4682 3593 4737 ἐπλανᾶτο
3615 4670 3769 4731 διδοὺς

2212 4775 2281 4828 τὰ
2308 4775 2620 4847 σπέρματα.
2654 4777 2791 4848 Περὶ
2816 4776 2871 4831 δέ
2901 4794 2998 4830 του
3046 4777 3279 4850 Ἰκαρίου
3315 4778 3461 4832 ἐστὶν
3492 4772 3653 4840 αὕτη·
3678 4762 3765 4819 Δία

2211 4886 2386 4938 γεται,
2414 4869 2495 4923 ὅτι
2542 4870 2571 4922 6
2623 4864 2765 4932 οἶνος
2798 4869 2949 4941 παρὰ
2987 4869 3081 4924 τοῦ
3123 4872 3376 4925 Διονύσου
3408 4867 3631 4942 ηῦρηται
3653 4875 3667 4888 ’
3696 4854 3765 4908 διδ

2212 4962 2303 5015 καὶ
2324 4960 2518 5031 ἔφορον
2541 4959 2641 5030 τῆς
2673 4959 2920 5031 ἀμπέλου
2953 4960 3206 5028 λέγουσιν
3241 4957 3378 5017 εἶναι
3404 4962 3489 5015 τὸν
3518 4955 3759 5009 Διόνυσον.

2212 5049 2379 5118 οὗτος
2428 5049 2521 5108 οὖν
2578 5055 2607 5107 ό
2663 5054 2913 5116 Διόνυσος
2941 5053 3109 5110 ἐλθὼν
3152 5057 3208 5107 ἐν
3256 5055 3519 5126 Ἀθήναις,
3570 5038 3760 5109 Ἰκαρίῳ

2215 5144 2321 5198 τινὶ
2348 5142 2672 5215 περιτυχὼν,
2740 5142 2971 5195 δέδωκεν
3016 5142 3166 5213 αὐτῷ
3209 5143 3391 5212 κλῆμα
3428 5132 3655 5215 ἀμπέλου
3669 5139 3757 5191 φν⁶

2218 5213 2437 5289 τεῦσαιλ
2474 5239 2502 5288 ό
2615 5235 2709 5288 καὶ
2757 5234 3041 5303 ἐφύτευσε,
3097 5235 3193 5287 καὶ
3241 5231 3578 5305 ἐγεώργησεν
3616 5213 3756 5305 οίνογ.

2221 5331 2316 5383 καὶ
2340 5326 2481 5391 ἔπιε,
2513 5326 2608 5379 καὶ
2639 5325 2836 5379 δέδωκε
2865 5326 2963 5378 καὶ
2991 5326 3214 5395 ποιμέσι
3243 5327 3406 5378 πιεῖν.
3437 5322 3493 5373 Οἱ
3520 5315 3570 5368 δὲ
3592 5300 3756 5408 ποξμί⁸

2222 5440 2308 5485 νες
2342 5418 2719 5491 μεθυσθέντες,
2762 5418 2849 5471 διὰ
2902 5417 2963 5470 τὸ
2996 5418 3061 5470 ἐκ
3101 5416 3195 5470 τοῦ
3236 5405 3755 5501 παραδόξου

2226 5516 2389 5577 πιεῖν,
2414 5513 2735 5582 νομίσαντες
2783 5508 3174 5579 φαρμαχθῆναι
3227 5508 3374 5578 παρὰ
3417 5500 3501 5557 τοῦ
3551 5497 3750 5557 Ἰκαρίου

2301 5703 2375 5770 (3)
2407 5701 2479 5755 ld-
2511 5700 2710 5824 “512v
2742 5703 2806 5769 ἦν
2834 5701 2896 5769 if.
2928 5695 3040 5769 οὖν)
3070 5700 3333 5770 ἣρπασεν.

2301 5773 2375 5824 Η)
2402 5770 2473 5824 ΙτΙ.
2507 5790 2650 5824 vanu.
2692 5788 2792 5824 γοι.

2300 5773 2375 5844 (θί)
2402 5770 2473 5827 ΙτΙ.
2507 5770 2792 5845 ναυμάχοι.
