4018 6296
222 259 357 318 "nl

1084 260 1173 319 AD
1200 261 1259 317 S.
1292 260 1628 319 GREGORII
1657 260 1870 319 ORAT.
1903 263 1923 318 Ι
1965 262 2244 319 CONTRA
2276 262 2637 322 JUIJANUM.

3348 265 3486 321 ιοεε
3532 224 3535 231 ’

222 381 640 435 ἀποκτείνουσιν
670 381 863 437 αὐτόν·
895 384 929 454 ἡ
953 381 1008 438 δὲ
1050 385 1307 456 Ἦριγόνη
1342 385 1376 455 ἡ
1418 384 1611 437 τούτου
1641 383 1809 454 θυγά-

1921 385 2017 455 ipsi
2066 386 2395 441 attulerunt.
2443 385 2578 453 Ejus
2623 386 2811 455 itaque
2856 346 2964 438 lilia
3010 346 3247 454 Erigone
3283 398 3348 438 ex
3388 397 3489 452 pa-

221 490 352 545 τηρ,
404 473 494 528 διὰ
539 473 641 543 τῆς
684 475 845 539 κυνὸς
883 475 979 529 τοῦ
1034 477 1265 548 Ἰκαρίου
1315 476 1540 546 γνοῦσα,
1587 478 1669 531 ὅτι
1702 479 1809 531 ἀπ-

224 564 439 629 έθανεν,
474 565 762 617 ἐποτνιᾶτο
788 566 879 617 καὶ
904 565 1159 636 ἧσχαλλε,
1196 567 1311 631 καὶ,
1340 555 1521 630 καθιῖῖς
1542 566 1809 637 μυθεύου-

228 674 313 710 σιν
363 658 416 710 οί
463 656 807 727 πλανώμενοι
842 656 1125 729 Ἕλληνες,
1169 658 1372 730 ταύτην
1410 658 1733 727 ἐλεήσαντες
1761 661 1809 711 οί

225 748 341 802 θεοὶ
369 747 459 802 διὰ
482 748 545 802 τὸ
595 748 787 812 πάθος,
816 749 1123 820 μετέθηκαν
1160 751 1240 813 είς
1282 750 1375 803 τὸν
1422 749 1680 819 οὐρανόν·
1715 751 1810 802 καὶ

226 842 324 896 νῦν
353 844 503 896 ἐστιν
536 844 594 895 ὲν
640 846 753 907 τοῖς
798 844 1017 915 ἄστροις
1046 846 1079 915 ἠ
1126 845 1405 916 Ἦριγόνη.
1436 843 1510 897 Τὸ
1533 844 1587 897 δὲ
1610 842 1807 912 λέγειν,

225 935 545 1006 Μυστήριον
575 934 702 1005 ὑμῖν
736 935 959 1007 αἰσχρὸν
984 934 1158 988 ταῦτα
1200 936 1445 1007 ἐποίησε,
1474 935 1535 988 οὐ
1568 936 1695 1007 περὶ
1715 935 1810 988 τοῦ

237 1025 479 1096 Ἰκαρίου
505 1025 673 1094 λέγει,
722 1026 857 1079 ἀλλὰ
911 1027 1039 1099 περὶ
1068 1027 1169 1098 τῆς
1205 1027 1346 1081 κατὰ
1382 1028 1482 1098 τὴν
1516 1029 1811 1099 Δήμητραν

228 1118 579 1188 μυθολογίας.
599 1120 829 1186 Λέγεται
877 1118 935 1171 δὲ
986 1117 1146 1190 αῦτη,
1201 1121 1263 1172 οὐ
1323 1119 1483 1189 μόνον
1521 1118 1813 1172 δεδωκέναι

226 1210 418 1273 αὐτοῖς
454 1210 524 1263 τὰ
575 1210 886 1281 σπέρματα,
922 1210 1057 1264 ἀλλὰ
1099 1210 1193 1263 καὶ
1222 1210 1422 1281 θεσμόν
1446 1227 1566 1263 τινα
1608 1228 1812 1282 μυστη-

230 1302 367 1370 ρίων
398 1301 688 1367 διδάσκειν,
714 1302 871 1357 ἅτινα
892 1303 1169 1357 τελοῦνται
1192 1306 1239 1357 οί
1270 1302 1551 1374 Ἕλληνες.
1590 1303 1679 1362 Ὠς
1705 1304 1815 1373 γὰρ

228 1391 385 1461 παρὰ
407 1393 518 1456 τοῖς
542 1392 1260 1465 θεοδιδάκτοιςΧριστιανοίς
1296 1396 1411 1447 ἔστι
1433 1393 1494 1445 τὸ
1516 1394 1669 1461 ᾰγιον
1698 1392 1812 1461 φώ-

225 1499 424 1553 τισμα,
477 1483 620 1538 οὕτω
682 1485 776 1538 καὶ
821 1487 952 1558 παρ’
1009 1486 1239 1549 ἐκείνοις
1304 1488 1338 1557 ἡ
1389 1484 1588 1539 τοιάδε.
1645 1484 1711 1537 Ἢ
1759 1485 1816 1537 δὲ

225 1575 459 1645 τοιαύτη
480 1575 588 1628 τῶν
619 1576 890 1649 Ἑλλήνων
912 1577 1073 1649 ἑορτὴ
1107 1578 1319 1647 λέγεται
1341 1580 1626 1651 Δημήτρια
1643 1579 1742 1650 (1).

403 1667 503 1734 ξθ¹.
532 1667 672 1737 Περὶ
699 1669 805 1722 τοῦ
835 1671 1191 1738 θρησκεύειν
1227 1671 1324 1727 καί
1344 1670 1646 1741 μυεῖσθαι.

1911 478 2051 533 terni
2088 476 2243 533 canis
2278 478 2474 531 latratu
2512 487 2740 531 mortem
2788 476 2962 546 ipsius
2994 475 3327 543 intelligens,
3362 475 3487 543 qui-

1911 568 2203 633 ritabatur,
2228 577 2281 623 et
2313 568 2365 621 in
2403 583 2619 625 summo
2652 582 2888 622 mcerore
2934 565 3281 621 versabatur.
3312 566 3488 634 Atque

1914 669 1970 713 ut
1997 659 2271 730 opinionis
2294 673 2477 714 errore
2503 659 2605 713 sibi
2631 659 2843 730 lingunt
2866 657 3117 727 gentiles,
3139 654 3312 725 ipsius
3335 655 3485 708 luctu

1911 752 1989 807 dii
2018 753 2247 823 permoti
2279 752 2335 807 in
2370 752 2567 806 coelum
2612 766 2729 805 eam
2771 749 3167 804 transtulerunt
3197 766 3210 803 :
3239 762 3302 802 ac
3339 762 3487 801 nunc

1912 844 2056 899 inter
2081 857 2227 899 astra
2250 852 2336 899 est
2369 843 2621 914 Erigone.
2653 840 2809 908 Quod
2838 852 3016 895 autem
3056 840 3134 894 ait
3169 838 3486 909 Gregorius,

1913 936 2095 1007 Turpe
2135 936 2289 992 vobis
2324 936 2643 1007 mysterium
2678 934 2826 999 fecit,
2859 932 2972 986 inec
3015 946 3122 985 non
3153 928 3220 985 ad
3253 929 3485 984 lcarium

1913 1036 2182 1099 spectant,
2234 1028 2331 1083 sed
2381 1026 2448 1081 ad
2505 1026 2720 1081 Cereris
2775 1023 3036 1078 fabulam.
3088 1021 3284 1077 Fertur
3339 1020 3486 1075 enim

1912 1122 2100 1187 Ceres,
2137 1135 2245 1176 non
2289 1120 2465 1175 solum
2498 1118 2635 1189 ipsis
2674 1116 2882 1172 semina
2924 1114 3163 1178 dedisse,
3189 1111 3286 1169 sed
3320 1111 3485 1168 etiam

1915 1214 2085 1283 legem
2112 1210 2406 1282 quamdam
2434 1209 2839 1281 mysteriorum,
2872 1205 3073 1276 quibus
3107 1204 3338 1275 gentiles
3378 1202 3486 1257 ini-

1914 1306 2140 1359 tiantur.
2167 1301 2235 1357 Ut
2258 1303 2404 1358 enim
2434 1300 2578 1372 apud
2602 1299 2868 1356 divinitus
2893 1298 3116 1353 edoctos
3140 1292 3489 1350 Christianos

1914 1404 1997 1450 est
2028 1400 2255 1449 sanctus
2288 1392 2592 1462 baptismus
2619 1406 2635 1443 :
2660 1389 2741 1445 sic
2769 1388 2938 1442 etiam
2967 1382 3114 1455 apud
3142 1382 3267 1437 illos
3295 1380 3489 1450 hujus-

1916 1487 2063 1541 modi
2100 1487 2299 1541 festum
2328 1484 2536 1539 dicitur
2560 1490 2612 1538 et
2650 1480 2993 1553 mysterium.
3022 1477 3304 1533 Vocantur
3341 1471 3488 1530 enim

1916 1581 2033 1635 hazc
2066 1594 2224 1635 sacra
2256 1580 2562 1649 Δημήτρια,
2586 1574 2640 1629 id
2673 1585 2757 1629 est
2795 1572 3063 1628 Cerealia.

2142 1668 2231 1726 69.
2273 1668 2351 1723 De
2386 1668 2657 1738 religionis
2689 1665 2834 1719 cultu
2866 1673 2914 1719 et
2944 1662 3262 1717 initiatione.

302 1762 559 1828 Λέγεται,
585 1762 666 1813 δτι
698 1761 726 1812 ὁ
761 1737 995 1831 ὐριρεὺς
1026 1761 1174 1832 Θρᾲξ
1201 1761 1275 1816 ὢν
1294 1737 1359 1817 τδ
1379 1763 1554 1830 γένος,
1580 1764 1674 1818 καὶ
1698 1763 1814 1817 θεο-

1985 1760 2236 1832 Orpheus
2279 1737 2525 1832 quidam,
2578 1766 2639 1813 ut
2683 1757 2890 1819 ferunt,
2936 1769 3137 1826 genere
3186 1751 3392 1814 Thrax.
3423 1749 3492 1805 de

229 1854 474 1923 λογήσας
538 1852 606 1905 τὰ
646 1851 915 1923 Ἐλλήνων
968 1856 1261 1925 μυστήρια,
1311 1854 1516 1923 ἐδίδαξε
1573 1856 1691 1920 πῶς
1741 1856 1821 1910 δεῖ

230 1945 402 2015 τιμᾷν
465 1943 640 2007 θεούς.
690 1944 860 1997 Τοῦτο
918 1941 1011 1999 οὗν
1089 1946 1152 2000 τὸ
1220 1949 1385 2019 τιμᾷν
1427 1948 1583 2012 θεοὺς
1625 1949 1816 2003 ἐκάλε-

236 2053 339 2090 σαν
369 2036 445 2107 (ἰ)
488 2035 833 2107 θρησκεύειν,
886 2036 962 2101 ὡς
1013 2036 1257 2109 Θρᾳκίας
1307 2038 1474 2109 οὔσης
1536 2042 1633 2111 τῆς
1669 2042 1819 2112 εὑρέ.

237 2144 380 2189 σεως
404 2125 503 2196 (3).
538 2126 723 2179 ’Ἄλλοι
747 2126 805 2180 δὲ
858 2127 1295 2199 ὴτυμολόγησαν,
1313 2129 1473 2183 ὅτιτὸ
1495 2129 1818 2201 θρησκεύειν

237 2218 520 2289 παρῆκται
550 2217 661 2270 ἀπὸ
680 2215 775 2270 τοῦ
802 2218 962 2270 οἱονεὶ
989 2216 1376 2289 θεοδερκεύειν,
1410 2219 1654 2272 τουτέστι
1686 2219 1819 2271 Θεὸν

234 2307 392 2377 δρᾷν.
433 2305 508 2358 Τὸ
532 2306 590 2358 δὲ
622 2305 876 2376 μυεῖσθαι
926 2307 1163 2377 εῖρηται,
1201 2307 1234 2379 ἢ
1267 2308 1419 2378 παρὰ
1454 2309 1515 2362 τὸ
1542 2311 1818 2380 μυστήρια

236 2399 334 2452 καὶ
356 2397 641 2469 ἀπόρρητα
671 2397 962 2462 τελεῖσθαι,
996 2400 1029 2470 ἢ
1056 2399 1145 2452 διὰ
1167 2400 1229 2453 τὸ
1254 2400 1487 2471 μύοντας
1504 2401 1605 2463 τὰς
1631 2401 1819 2472 αίσθήο

239 2505 356 2552 σεις
408 2490 504 2541 καὶ
569 2488 829 2542 ἐπέκεινα
888 2488 1210 2558 γινομένους
1262 2487 1443 2559 πάσης
1499 2487 1817 2559 σωματικῆς

236 2583 560 2653 φαντασίας,
590 2582 762 2648 οὕτως
806 2582 1140 2653 εἰσδέχεσθαι
1173 2584 1272 2647 τὰς
1314 2582 1466 2647 θείας
1497 2582 1815 2653 ὲλλάμψεις.

448 2771 509 2817 o'.
539 2764 678 2830 Περὶ
709 2763 815 2817 τοῦ
842 2765 1008 2818 θύειν
1051 2763 1151 2816 καὶ
1190 2752 1604 2832 ἀστρονομεῖν.

309 2855 542 2923 Λέγεται
583 2854 641 2907 δὲ
686 2856 767 2907 δτι
810 2854 872 2906 τὸ
920 2852 1068 2906 θύειν
1114 2852 1255 2918 θεοῖς
1297 2853 1546 2907 Χαλδαῖοι
1577 2853 1818 2924 ἐξεῦρον,

238 2946 420 3001 είτουν
442 2946 717 3018 Κύπριοι·
746 2946 1083 3017 διαφορεῖται
1110 2945 1270 3017 γὰρὴ
1307 2946 1536 3016 ἱστορία·
1570 2948 1819 3001 Χαλδαῖοι

239 3040 299 3093 δὲ
322 3039 475 3103 ἔθνος
501 3038 788 3108 Περσικόν.
811 3039 919 3110 Τὴν
941 3038 996 3091 δὲ
1022 3039 1381 3111 ἀστρονομίαν
1406 3040 1650 3109 λέγονται
1672 3043 1822 3115 πρῶ-

239 3148 323 3185 τοι
357 3130 650 3202 εὑρηκέναι
686 3129 1019 3185 Βαϐυλώνιοι
1066 3130 1155 3183 διὰ
1186 3130 1547 3204 Ζοροόιστρου·
1582 3134 1821 3209 δεύτεροι

240 3223 299 3275 δὲ
359 3220 668 3288 διεδέξαντο
708 3222 1020 3291 Αἰγύπτιοι.
1075 3221 1185 3293 Τὴν
1240 3221 1296 3275 δὲ
1347 3226 1687 3296 γεωμετρίαν
1747 3228 1822 3299 (4)

241 3307 402 3384 εὗρον
430 3313 719 3382 Αἰγύπτιοι
744 3313 833 3367 διὰ
858 3313 919 3366 τὸ
946 3314 1038 3366 τὸν
1071 3312 1261 3365 Νεῖλον
1289 3313 1387 3384 τὴν
1419 3316 1598 3370 αὐτῶν
1625 3319 1824 3389 κατάρ-

239 3407 399 3460 δοντα
437 3406 641 3478 χώραν,
678 3405 927 3476 συγχέειν
964 3406 1032 3459 τὰ
1085 3407 1185 3477 τῆς
1229 3407 1545 3472 δεσποτείας
1595 3410 1822 3463 ἑκάστου

241 3499 632 3571 γνωρίσματα·
702 3498 1039 3570 διαιροῦντες
1087 3498 1180 3554 οὖν
1222 3501 1478 3566 πολλάκις
1544 3502 1641 3574 τὴν
1698 3504 1822 3574 γῆν,

243 3593 340 3645 καὶ
371 3591 636 3654 ποικίλοις
679 3595 1079 3662 σχηματισμοῖς
1121 3592 1412 3663 χρώμενοι,
1452 3595 1683 3665 ἀρχηγοὶ
1724 3594 1827 3664 τῆς

241 3684 556 3754 ἐπιστήμης
594 3683 871 3751 γεγόνασι.
902 3683 1011 3754 Τὴν
1044 3684 1100 3736 δὲ
1148 3686 1399 3753 μαγείαν,
1442 3686 1627 3753 φασιν,
1671 3682 1826 3757 εὗρον

241 3772 444 3842 Μῆδοι,
471 3768 589 3824 εἶτα
649 3770 877 3843 Πέρσαι.
908 3772 1168 3842 Διαφέρει
1215 3772 1271 3825 δὲ
1319 3773 1521 3843 μαγεία
1552 3772 1824 3843 γοητείας,

243 3865 340 3918 καὶ
364 3863 588 3934 γοητεία
611 3864 958 3933 φαρμακείας
1006 3862 1241 3927 τούτοις·
1278 3863 1361 3915 δτι
1396 3865 1428 3935 ἡ
1464 3866 1562 3934 μὲν
1604 3865 1824 3936 μαγεία,

244 3956 535 4025 ἐπίκλησίς
572 3958 689 4008 ἐστι
740 3956 1011 4024 δαιμόνων
1065 3954 1431 4023 ἀγαθοποιῶν,
1459 3957 1594 4027 πρὸς
1621 3956 1827 4024 ἀγαθοῦ

245 4067 391 4113 τινος
425 4048 683 4102 σύστασιν
712 4065 724 4077 ·
756 4047 945 4118 ὥσπερ
976 4047 1042 4101 τὰ
1062 4048 1155 4100 τοῦ
1194 4048 1550 4102 ’Δπολλωνίου
1577 4050 1830 4112 Τυανέως

246 4141 600 4211 θεσπίσματα
627 4139 695 4193 δι’
747 4139 952 4208 ἀγαθὸν
992 4140 1272 4208 γεγόνασι.
1321 4140 1362 4193 Γ
1363 4140 1549 4210 οητεία
1578 4139 1637 4194 δέ
1681 4143 1828 4194 ἐστιν

249 4235 539 4307 ἐπίκλησις
578 4233 845 4304 δαιμόνων
874 4232 1218 4298 κακοποιῶν,
1282 4234 1409 4305 περὶ
1453 4233 1578 4296 τοὺς
1626 4235 1830 4301 τάφους

250 4324 602 4397 εἰλουμένων,
655 4326 749 4379 ἐπὶ
788 4322 959 4380 κακοῦ
1007 4343 1152 4389 τινος
1211 4326 1497 4379 σύστασιν·
1528 4328 1749 4398 γοητεία
1776 4327 1832 4381 δὲ

1917 1854 2230 1910 Graecorum
2279 1852 2558 1926 mysteriis
2592 1849 2966 1922 pertractavit,
3000 1847 3320 1915 cultumque
3359 1841 3492 1897 deo-

1917 1963 2037 2003 rum
2084 1944 2330 2000 tradidit.
2383 1944 2538 1999 liunc
2583 1951 2766 1997 autem
2818 1940 3044 1995 deorum
3097 1936 3305 1992 cultum
3356 1934 3492 2005 θρη-

1918 2038 2153 2103 σκεύειν,
2193 2037 2427 2103 vocavit,
2477 2036 2639 2107 quasi
2690 2033 2977 2105 θρησκεία,
3021 2028 3074 2084 id
3152 2035 3256 2091 est,
3296 2026 3491 2097 religio

1918 2131 2082 2200 hujus
2122 2129 2397 2185 inventrix
2441 2134 2611 2184 esset.
2640 2126 2747 2180 Alii
2788 2125 3081 2179 deductam
3126 2121 3274 2175 hanc
3299 2132 3490 2174 vocem

1919 2230 2131 2294 putant,
2160 2222 2318 2292 quasi
2369 2235 2400 2274 a
2445 2219 2611 2275 verbo
2656 2212 3048 2289 θεοδερκεύειν,
3083 2213 3135 2268 id
3180 2223 3283 2275 est,
3328 2209 3494 2265 Deum

1918 2313 2122 2380 videre;
2158 2312 2411 2385 μυεῖσθαι
2446 2321 2627 2368 autem
2665 2312 2869 2365 dictum
2901 2316 3006 2371 est,
3034 2305 3180 2376 quod
3217 2300 3494 2376 mysteriis

1919 2415 2083 2477 atque
2124 2407 2343 2461 arcanis
2387 2404 2563 2461 sacris
2605 2403 3001 2466 imbuerentur,
3040 2399 3123 2453 vel
3168 2399 3330 2452 etiam
3364 2394 3496 2465 quia

1923 2494 2167 2566 μύοντες,
2202 2494 2258 2549 id
2292 2502 2397 2558 est,
2430 2493 2749 2548 claudentes
2786 2506 3005 2552 sensus,
3040 2502 3106 2543 ac
3154 2500 3322 2557 supra
3376 2499 3491 2539 om-

1919 2603 2041 2642 nem
2071 2602 2390 2658 corpoream
2425 2585 2661 2655 speciem
2691 2584 2888 2647 evecti,
2924 2582 2998 2636 ita
3029 2578 3250 2635 demum
3281 2575 3498 2632 divinas

1920 2676 2354 2731 illuminationes
2383 2674 2757 2730 admitterent.

2040 2768 2128 2822 70.
2169 2767 2246 2822 De
2277 2767 2584 2836 sacriﬁciis,
2615 2764 2942 2819 astronomia
2980 2773 3029 2817 et
3064 2761 3374 2832 geometria.

1993 2858 2105 2913 Diis
2157 2857 2475 2914 sacriﬁcare
2521 2856 2742 2927 quidam
2790 2850 3339 2916 Cltaldaeorum,.,alii
3388 2847 3499 2920 Cy-

1921 2952 2168 3022 priorum
2209 2951 2487 3006 inventum
2528 2965 2652 3005 esse
2690 2949 2885 3003 aiunt:
2918 2961 3018 3000 nec
3052 2945 3199 3000 enim
3249 2942 3358 2996 utri
3392 2941 3497 2996 hoc

1849 3073 1895 3133 ρ
1926 3044 2232 3101 invenerint
2278 3043 2415 3098 satis
2461 3048 2701 3097 constat.
2752 3038 2992 3095 Chaldaei
3039 3044 3223 3091 autem
3278 3034 3497 3091 Persica

1923 3147 2008 3193 est
2054 3136 2230 3192 natio.
2275 3135 2344 3190 At
2390 3150 2520 3191 vero
2566 3130 2958 3189 astronomiam
3000 3129 3160 3199 primi
3212 3127 3497 3200 Babylonii

1922 3247 2018 3301 per
2059 3230 2415 3285 Zoroastrum
2460 3227 2740 3284 invenisse
2785 3225 3064 3280 dicuntur.
3094 3220 3336 3277 Proximi
3374 3236 3498 3275 eam

1922 3308 2253 3395 exceperunt
2269 3320 2537 3392 Egyptii,
2564 3335 2628 3376 ex
2655 3320 3024 3374 immensitate
3066 3324 3227 3371 terra
3259 3321 3312 3369 et
3348 3314 3499 3366 luco-

1926 3432 2045 3470 rum
2088 3414 2461 3471 divisionibus
2507 3413 2662 3482 prius
2703 3410 2904 3474 edocti,
2933 3418 3098 3478 atque
3126 3407 3200 3461 ita
3241 3406 3308 3460 ad
3354 3404 3496 3459 scri-

1926 3508 2162 3565 bendum
2215 3507 2462 3563 adducti.
2512 3504 2631 3561 Jam
2682 3505 2915 3575 magiam
2958 3501 3099 3556 Medi
3150 3500 3497 3554 invenerunt.

1929 3599 2117 3655 Dill‘ert
2139 3606 2321 3653 autem
2349 3598 2527 3669 magia
2550 3614 2579 3652 a
2601 3596 2800 3668 goetia,
2818 3604 2871 3650 et
2894 3595 3072 3665 goetia
3100 3607 3130 3648 a
3156 3592 3491 3664 pharmacia.

1930 3692 2101 3762 Magia
2135 3691 2282 3747 enim
2323 3700 2408 3746 est
2453 3690 2723 3743 bonorum
2764 3686 3072 3741 daemonum
3120 3686 3186 3739 ad
3228 3684 3355 3738 boni
3403 3697 3503 3737 cu-

1923 3786 2163 3856 juspiam
2180 3783 2621 3839 conciliationem
2641 3790 2694 3837 et
2711 3780 3185 3835 conservationem
3208 3775 3499 3831 invocatio:

1928 3877 2387 3948 quemadmodum
2433 3874 2708 3946 Apollonii
2755 3871 2962 3944 Tyanei
2998 3870 3258 3925 vaticinia
3293 3868 3365 3924 ob
3402 3869 3505 3924 bo-

1931 3987 2060 4027 num
2106 3971 2455 4026 exstiterunt.
2504 3964 2693 4021 Coctia
2740 3972 2921 4019 autem
2964 3970 3049 4019 εει
3091 3961 3360 4016 malorum
3390 3960 3502 4015 da:-

1930 4076 2151 4116 monum
2190 4060 2339 4114 circa
2384 4056 2634 4127 sepulcra
2678 4069 2803 4110 sese
2843 4051 3207 4108 volutantium
3253 4050 3322 4105 ad
3377 4049 3506 4103 mali

1933 4153 2165 4223 alicujus
2218 4149 2662 4221 procurationem
2718 4146 3017 4201 invocatio.
3066 4141 3261 4196 Goetia
3320 4148 3506 4195 autem

1932 4245 2077 4299 dicta
2106 4252 2189 4297 est
2222 4239 2330 4295 ἀπὸ
2371 4238 2482 4291 τῶν
2520 4237 2661 4305 γόων
2704 4235 2799 4288 καὶ
2837 4233 2944 4286 τῶν
2988 4233 3221 4303 θρήνων,
3253 4229 3305 4284 id
3336 4237 3441 4292 est,
3473 4243 3505 4282 a

1934 4334 2269 4388 clamoribus
2293 4340 2346 4386 et
2370 4330 2633 4394 luctibus,
2658 4326 2750 4397 qui
2784 4326 2929 4381 circa
2958 4324 3208 4392 sepulcra
3241 4321 3504 4376 eduntur.

249 4418 486 4489 ἤκουσεν
536 4418 643 4471 ἀπὸ
704 4417 810 4471 τῶν
863 4417 1004 4487 γόων
1047 4419 1141 4470 καί¹
1176 4416 1284 4471 τῶν
1325 4417 1537 4489 θρήνων
1560 4418 1669 4471 τῶν
1704 4422 1831 4490 περὶ

1934 4423 2255 4479 Pharmacia
2313 4428 2492 4475 autem
2552 4425 2655 4480 est,
2709 4429 2831 4471 cum
2888 4413 3179 4469 exitiosum
3233 4410 3506 4482 quoddam

250 4511 380 4574 τοὺς
404 4510 607 4576 τάφους
632 4511 950 4581 γινομένων.
963 4508 1285 4581 Φαρμακεία
1317 4510 1395 4576 δὲ,
1425 4511 1551 4566 ὅταν
1573 4510 1661 4565 διά.
1687 4528 1831 4575 τινος

254 4599 549 4664 σκευασίας
589 4600 986 4672 θανατηφόρου,
1017 4601 1051 4672 ἥ
1090 4602 1226 4672 πρὸς
1258 4602 1479 4676 φίλτρον
1508 4602 1644 4670 δοίη,
1682 4603 1833 4675 ﬁmi.

252 4693 430 4758 ἄλλως
455 4711 571 4757 πως
594 4693 876 4765 προσαχθῇ
916 4711 1024 4748 τινι
1044 4692 1131 4747 διὰ
1163 4695 1448 4767 στόματος.

570 4791 668 4839 οα’.
705 4786 843 4853 Περὶ
878 4785 987 4853 τῆς
1020 4788 1514 4857 ὀνειρομαντείας.

327 4882 650 4951 Τελμισσὺς,
694 4882 848 4947 πόλις
887 4881 1005 4935 ἐστὶ
1050 4882 1374 4952 Παμφυλίας
1400 4902 1412 4915 ·
1460 4883 1598 4955 αῦτη
1628 4885 1685 4938 δὲ
1725 4902 1831 4937 πα-

254 4977 516 5045 λαιοτάτη
550 4977 724 5040 πόλις·
747 4972 815 5048 ἦν
843 4977 900 5031 δὲ
935 4978 1031 5031 καὶ
1057 4980 1151 5031 ἐπὶ
1176 4977 1286 5031 τῶν
1315 4979 1519 5051 χρόνων
1546 4979 1641 5033 τοῦ
1670 4980 1714 5032 Κ
1725 4980 1836 5051 ροί-

259 5083 376 5119 σου.
403 5060 562 5122 Οὗτοι
589 5066 837 5136 λέγονται
860 5067 1068 5139 πρῶτοι
1098 5068 1221 5131 τοὺς
1244 5068 1487 5139 ὀνείρους
1509 5069 1709 5140 εὑρεῖν,
1742 5069 1836 5122 καὶ

256 5157 559 5230 διακρίνειν
600 5159 668 5213 τὰ
712 5158 936 5230 τέρατα.
986 5158 1215 5228 Ἔλεγον
1252 5158 1395 5232 γὰρ,
1437 5162 1486 5213 εί
1539 5159 1732 5229 γέγονέ
1782 5179 1836 5215 τι

262 5248 582 5319 παράδοξον,
626 5250 708 5302 ὅτι
751 5250 866 5305 τόδε
912 5250 1204 5322 σημαίνει,
1250 5253 1344 5305 καὶ
1396 5252 1611 5316 πάντως
1657 5253 1731 5317 ὡς
1772 5253 1837 5307 ἂν

260 5335 413 5392 εἷπον
443 5341 751 5395 συνέϐαινεν
786 5342 1099 5415 ὲξέρχεσθαι
1138 5344 1233 5415 (5).

333 5612 411 5686 li)
550 5613 658 5686 add
711 5615 803 5667 καὶ
836 5614 1114 5670 Ἰῦλευσίνα
1154 5608 1216 5680 (ί.
1249 5616 1595 5686 Ἑλευτίνιετ).

336 5682 412 5737 tr!)
440 5680 514 5734 id.
547 5684 793 5737 ἐκάλεσε.

335 5752 410 5820 (5)
445 5753 541 5807 διδ.
575 5770 687 5824 reg.
715 5756 1136 5826 ἓὸΰλαὶρὲσεως.

1930 4515 2388 4572 medicamentum
2416 4510 2497 4564 vel
2525 4507 2851 4562 amatorium
2881 4504 3137 4575 poculum
3169 4502 3330 4557 alicui
3368 4501 3508 4556 hau—

1928 4606 2181 4665 riendum
2218 4603 2542 4677 porrigitur.

2037 4795 2127 4849 7i.
2172 4792 2249 4847 De
2281 4800 2396 4846 arte
2424 4788 2741 4859 conjectum
2773 4798 2838 4839 ex
2873 4780 3091 4837 somniis
3117 4777 3398 4848 facienda.

2004 4886 2318 4942 Telmessus
2378 4879 2766 4951 antiquissima
2823 4872 3154 4945 Pamphylia:
3208 4868 3341 4926 urbs
3398 4876 3506 4928 est,

1935 4995 2059 5053 qua
2092 4978 2269 5036 Crmsi
2310 4982 2630 5047 tempestate
2655 4968 2901 5026 ﬂorebat.
2935 4964 2997 5018 lli
3043 4962 3207 5036 primi
3239 4961 3507 5017 rationem

1934 5050 2210 5128 invenisse
2265 5066 2547 5129 dicuntur,
2594 5075 2702 5132 qua
2780 5055 3053 5113 insomnia
3111 5050 3387 5122 explorari
3444 5064 3510 5104 ac

1938 5160 2227 5229 diiudicari
2261 5163 2516 5228 possent;
2548 5153 2592 5208 si
2626 5148 2759 5218 quid
2790 5147 2936 5203 enim
2985 5152 3185 5216 praeter
3214 5155 3419 5196 morem
3453 5140 3512 5195 in

1945 5254 2156 5311 somnis
2189 5249 2504 5311 accidisset,
2523 5244 2655 5315 quid
2680 5242 2812 5299 illud
2840 5237 3207 5312 portenderet,
3225 5233 3510 5289 dicebant:

1944 5363 2009 5402 ac
2059 5342 2328 5418 quidquid
2378 5341 2669 5401 dixissent,
2712 5345 2909 5394 eventu
2973 5334 3091 5404 ipso
3149 5328 3294 5386 haud
3348 5326 3517 5382 dubio

1941 5435 2418 5507 comprobabatur.

2017 5617 2091 5679 (li)
2117 5615 2250 5669 Cod.
2287 5631 2398 5684 τες.
2432 5613 2554 5667 add.
2593 5610 2947 5681 γεωμετρεῖν.

2015 5688 2090 5755 (5)
2125 5687 2279 5742 Coll).
2307 5686 2340 5739 ’5
2374 5684 2644 5753 γενέσθαι.
