4018 6296
50 5116 61 5191 i

52 5614 63 5663 ἱ

56 5680 65 5771 ἱ

60 5772 71 5819 l

552 243 692 300 mea
1884 194 2131 287 suasu:

2235 232 2426 287 tBBAS
3693 230 3816 285 Ιθξῑ

990 350 1080 403 72.
1124 350 1199 406 De
1238 350 1514 405 divinandi
1553 361 1687 403 arte.

564 432 568 436 ’
621 444 924 499 Divinatrix
972 444 1201 499 scientia
1248 446 1444 515 partim
1500 443 1966 513 όρνεοσκοπητικὴ
2017 452 2119 506 est,

547 552 712 606 quam
760 534 999 606 Phryges
1055 536 1402 599 invenerunt,
1435 537 1632 605 partim
1667 534 2119 604 οἱκοσκοπητική,

546 632 745 700 partim
800 629 1019 694 ἐνόδιος,
1055 630 1251 699 partim
1305 629 1684 700 χειροσκόπος,
1732 628 1932 697 partim
1986 626 2124 681 παλ-

549 719 773 788 ματική.
818 718 1314 790 Ὀρνεοσκοπητική
1350 729 1456 784 est,
1485 734 1610 773 cum
1641 719 1859 772 volante
1905 718 2006 771 hac
2042 717 2124 771 vel

545 811 637 864 illa
688 825 807 874 ave,
837 820 963 867 ante
1010 812 1091 866 vel
1148 823 1317 877 retro,
1346 812 1696 866 dextrorsum
1731 812 1812 865 vel
1842 810 2127 866 sinistror-

544 917 688 963 sum,
719 901 850 971 quid
910 901 1013 955 hoc
1072 902 1366 972 signiticet,
1401 902 1668 969 dicimus,
1708 916 1872 970 quam
1914 900 2127 954 divina-

545 993 712 1048 tionis
751 1002 963 1063 partem
1019 992 1329 1063 Telegonus
1382 993 1659 1075 invenisse
1701 992 1924 1048 dicitur.
1967 994 2127 1045 υἰκο-

545 1088 851 1158 σκοπητική
877 1125 891 1150 ,
932 1102 1055 1139 cum
1092 1088 1217 1156 quis
1248 1101 1310 1141 ea
1338 1101 1460 1157 qua:
1492 1086 1546 1139 in
1580 1085 1743 1141 domo
1776 1084 2123 1155 contingunt,

542 1185 787 1242 enarrat,
835 1177 1077 1249 quidque
1136 1181 1239 1231 hoc
1304 1177 1613 1248 portendat,
1658 1176 1901 1246 exponit.
1961 1172 2125 1229 Verbi

544 1284 736 1334 causa,
769 1270 1032 1340 quoniam
1084 1270 1138 1323 in
1197 1277 1341 1325 tecto
1394 1269 1538 1335 felis,
1592 1278 1686 1322 aut
1740 1282 1990 1338 serpens,
2032 1275 2130 1321 aut.

544 1376 668 1416 mus
708 1362 981 1431 apparuit,
1012 1369 1106 1415 aut
1134 1364 1461 1417 exhaustum
1504 1370 1588 1415 est
1640 1360 1840 1423 oleum,
1874 1368 1968 1415 aut
1998 1359 2124 1421 mel,

545 1460 640 1507 aut
670 1454 880 1517 vinum,
906 1462 997 1507 aut
1027 1470 1189 1524 aqua,
1222 1462 1314 1507 aut
1343 1453 1507 1516 cinis,
1529 1460 1623 1506 aut
1657 1453 1803 1506 aliud
1841 1450 2123 1522 quiddam,

545 1547 651 1600 huc
700 1546 996 1617 signiﬁcat.
1028 1545 1103 1601 De
1152 1562 1261 1615 quo
1307 1561 1504 1617 genere
1544 1561 1682 1615 opus
1727 1543 1901 1598 edidit
1946 1543 2124 1598 Xeno-

2160 354 2207 409 Α

2605 350 2702 420 οβ’.
2739 346 2878 418 Περὶ
2909 344 3012 414 τῆς
3043 339 3469 415 οὶωνιστικῆς.

2295 443 2405 513 Τῆς
2434 441 2491 494 δὲ
2517 439 2885 509 οἰωνιστικῆς,
2912 438 2973 492 τὸ
3006 437 3106 508 μὲν
3128 436 3281 491 ἐστιν
3306 433 3822 507 ὀρνεοσκο-ιτητικδν,

2224 535 2354 588 τὸδὲ
2383 534 2853 605 οἰκοσκοπητικὸν,
2876 533 2935 585 τδ
2960 531 3018 583 δὲ
3039 529 3261 595 ἐνόδιον,
3288 527 3359 582 τὺ
3387 525 3452 580 δὲ
3477 541 3822 597 χειροσκοπηο

2225 624 2397 687 τικὸν,
2419 625 2480 676 τὸ
2504 623 2560 676 δὲ
2587 620 2982 692 παλμαστικόν.
3022 615 3570 690 Ὀρνεοσκοπητικὸν
3591 614 3647 669 δέ
3670 614 3825 679 ἐστιν,

2225 719 2353 771 ὅταν
2384 714 2678 785 πετομένου
2707 714 2860 768 τοῦδε
2891 713 2924 783 ἢ
2946 711 3098 766 τοῦδε
3124 708 3373 783 ὄρνιθος,
3399 708 3436 780 ἢ
3464 706 3773 779 ἔμπροσθεν
3800 709 3828 763 ἦ

2226 811 2422 874 ὀπίσω,
2436 810 2470 880 ἢ
2489 807 2637 874 δεξιὰ
2655 806 2689 879 ἢ
2708 806 2991 878 ἀριστερὰ,
3012 804 3283 875 εἴπωμεν,
3303 803 3396 857 ὅτι
3418 800 3547 854 τόδε
3569 800 3828 872 σημαίνει’

2226 903 2441 972 λέγεται
2457 902 2510 956 δὲ
2527 899 2882 973 ἐξευρηκέναι
2901 897 3114 968 πρῶτος
3136 896 3485 967 Τηλέγονος.
3506 894 3814 961 Οἰκοσκοπη

2225 995 2375 1050 τικδν
2404 994 2459 1047 δέ
2494 996 2672 1057 ἐστιν,
2719 993 2846 1045 ὅταν
2881 989 2949 1044 τὰ
2980 992 3039 1043 ἐν
3070 988 3148 1060 τῷ
3172 987 3315 1059 οἴκῳ
3352 985 3737 1057 συμϐαίνοντα
3756 985 3819 1050 ἐξ·

2224 1090 2499 1159 ηγήσηται
2535 1086 2628 1139 καλ¹
2648 1086 2798 1157 εἴπῃ,
2830 1084 2911 1137 ὅτι
2945 1081 3065 1136 τόδε
3105 1080 3395 1153 σημαίνει.
3435 1078 3668 1149 Ἐπειδὴ
3696 1079 3753 1132 ἐν
3771 1081 3829 1147 τῇ

2230 1180 2393 1251 στέγῃ
2416 1180 2588 1250 ἐφάνη
2617 1178 2778 1249 γαλῆ,
2801 1178 2835 1247 ἢ
2859 1176 3000 1245 ὄφις,
3025 1175 3059 1246 ἦ
3088 1173 3214 1246 μῦς,
3238 1175 3276 1245 ἢ
3301 1170 3564 1243 ὲκενώθη
3594 1171 3829 1244 ἐλαιονά

2231 1271 2386 1343 μέλι,
2422 1271 2455 1342 ἢ
2494 1266 2665 1333 οἶνος,
2707 1268 2741 1339 ἢ
2770 1268 2937 1340 ὕδωρ.
2966 1266 2998 1336 ἢ
3023 1265 3223 1337 τέφρα,
3254 1265 3292 1335 ἢ
3330 1264 3473 1320 ἄλλο
3503 1281 3585 1327 τι,
3617 1265 3701 1317 ὅτι
3728 1263 3828 1316 τόδε

2230 1362 2505 1435 σημαίνει’
2537 1358 2710 1413 ταῦτα
2749 1358 2806 1411 δὲ.
2852 1355 3232 1428 συνεγράψατο
3276 1353 3675 1426 Ξενοκράτης.
3729 1354 3822 1405 Ἑν-

2226 1456 2365 1509 όδιον
2398 1453 2454 1506 δέ
2483 1455 2649 1513 ἐστιν,
2692 1451 2821 1504 ὅταν
2849 1447 3186 1521 ἐξηγήσηται
3216 1446 3291 1501 τὰ
3332 1448 3398 1501 ἐν
3432 1450 3503 1518 τῇ
3535 1446 3644 1516 όδῷ
3671 1447 3828 1499 ὑπαν-

2226 1546 2426 1600 τῶντα·
2462 1545 2590 1598 ὃταν
2618 1544 2700 1597 ὅτι
2735 1543 2862 1597 Ἐάν
2911 1558 2992 1594 σοι
3025 1542 3321 1614 ὑπαντήσῃ
3356 1557 3449 1603 τις
3477 1538 3604 1592 τόδε
3640 1538 3828 1609 βαστάο

543 1646 744 1693 crates.
764 1626 1215 1703 ’Ev65togautem,
1237 1654 1361 1693 cum
1381 1654 1444 1698 ea
1466 1652 1587 1708 quze
1612 1639 1666 1691 in
1691 1637 1775 1690 via
1801 1644 2125 1702 occurrunt,

2235 1640 2357 1704 ζων,
2389 1637 2508 1693 τόδε
2539 1654 2623 1691 σοι
2662 1635 3003 1706 συμϐήσεται
3024 1652 3037 1666 ’
3074 1634 3171 1689 ἐὰν
3198 1635 3227 1687 6
3267 1633 3438 1687 δεῖνα
3460 1674 3476 1697 ,
3507 1632 3631 1686 τόδε
3656 1648 3670 1663 ·
3704 1633 3825 1701 ὅπερ

543 1740 894 1788 enarrantur.
930 1731 995 1787 Ut
1030 1733 1076 1789 si
1102 1732 1406 1787 occurrerit
1442 1732 1716 1801 quispiam
1752 1731 1853 1787 hoc
1884 1738 2125 1802 gestans,

544 1824 650 1879 hoc
685 1822 782 1879 tibi
818 1824 1066 1890 accidet;
1115 1822 1162 1878 si
1202 1831 1385 1877 autem
1438 1822 1551 1889 ille,
1580 1821 1685 1877 hoc
1741 1822 1838 1876 tibi
1892 1822 2125 1878 eveniet.

546 1914 621 1971 De
636 1930 746 1986 quo
759 1930 957 1987 genere
978 1912 1168 1969 Pollux
1194 1915 1569 1986 pertractavit.
1596 1914 1961 1986 Χειροσκόπος
1979 1929 2127 1979 vero,

545 2025 670 2063 cum
699 2021 765 2065 ex
797 1994 1059 2063 manuum
1096 2008 1420 2064 extensione
1452 2024 1517 2064 ac
1549 2008 1705 2078 rugis
1748 2008 1984 2063 dicimus
2015 2023 2129 2063 rem

546 2100 689 2156 hanc
741 2101 894 2156 illum
947 2116 1193 2162 manere.
1226 2101 1310 2155 vel
1345 2099 1493 2170 quod
1545 2099 1721 2170 ipsius
1767 2098 1971 2169 nuptiae
2016 2113 2133 2161 am-

546 2192 792 2256 biuntur,
817 2194 897 2248 vel
930 2192 1077 2263 quod
1105 2192 1309 2249 liberos
1337 2191 1672 2262 procreahit,
1692 2190 1777 2246 vel
1812 2190 2128 2261 huiusmodi

546 2285 749 2354 aliquid
796 2303 809 2338 :
859 2286 927 2341 de
978 2303 1090 2356 quo
1146 2286 1405 2343 volumen
1466 2284 1800 2355 conscripsit
1862 2282 2125 2340 Helenus.

546 2376 873 2448 Παλματική
908 2377 1168 2445 denique,
1197 2392 1322 2431 cum
1372 2390 1441 2431 ex
1489 2377 1739 2446 corporis
1775 2376 2133 2447 palpitatione

2232 1731 2608 1803 συνεγράψατο
2672 1730 2883 1800 Πόλλης
2907 1729 3006 1801 (1).
3040 1727 3568 1800 Χειροσκοπητικὸν
3595 1726 3653 1779 δέ
3672 1727 3823 1789 ἐστιν,

2226 1826 2352 1879 ὅταν
2396 1824 2482 1879 διὰ
2536 1823 2611 1895 (2)
2667 1823 2944 1885 ἐκτάσεως
2995 1820 3104 1874 τῶν
3156 1819 3368 1891 χειρῶν
3427 1821 3531 1873 καὶ
3594 1817 3682 1872 διὰ
3730 1818 3822 1871 τῶν

2230 1916 2459 1989 ῥυτίδων
2495 1916 2760 1986 εἴπωμεν,
2791 1916 2874 1970 ὅτι
2910 1913 3029 1968 τόδε
3061 1913 3094 1984 ἢ
3131 1911 3248 1965 τόδε
3279 1911 3461 1964 αὑτὸν
3500 1910 3678 1982 μένει,
3701 1909 3824 1979 ἦότι

2228 2010 2398 2078 γαμεῖ
2422 2008 2454 2078 ἢ
2484 2005 2810 2070 παιδοποιεῖ,
2842 2006 2948 2076 ῆτι
2976 2001 3235 2059 τοιοῦτοψ
3264 2002 3418 2073 ὅπερ
3460 1999 3819 2073 συνεγράψατο

2234 2099 2475 2162 Ἕλενος.
2504 2096 2889 2171 Παλμαστικὸν
2914 2095 2971 2149 δέ
2992 2096 3128 2160 ἐστι,
3152 2094 3214 2148 τὸ
3234 2094 3329 2148 διὰ
3344 2094 3454 2165 τῆς
3471 2092 3723 2157 πάλσεως
3738 2091 3821 2145 τοῦ

2236 2172 2488 2263 σώματος
2508 2190 2928 2263 γνωριζόμενον·
2963 2183 3095 2252 οἷον,
3120 2186 3340 2258 ἐπάλθη
3371 2187 3403 2239 6
3433 2185 3614 2253 δεξιὸς
3640 2185 3815 2255 ὀφθαλ-

2239 2286 2357 2357 μὸς,
2400 2285 2519 2339 τόδε
2565 2284 2842 2356 σημαίνει·
2886 2285 2918 2358 ἧ
2966 2286 2995 2337 6
3024 2278 3194 2355 ὦμος,
3225 2279 3259 2348 ἢ
3290 2279 3324 2331 ὁ
3374 2278 3582 2350 μηρὸς.
3628 2281 3758 2335 τάδε’
3793 2277 3817 2331 δ

2241 2379 2621 2449 συνεγράψατο
2655 2377 3009 2444 Ποσειδώνιος
3038 2381 3132 2433 καὶ
3161 2382 3314 2436 ἄλλοι
3353 2381 3563 2437 πολλοὶ.

546 2471 752 2541 aliquid
800 2470 1175 2547 cognoscitur.
1215 2468 1302 2534 Ut,
1352 2470 1397 2526 si
1438 2471 1663 2542 palpitet
1698 2472 1892 2526 oculus
1925 2473 2135 2539 dexter,
2173 2473 2276 2528 hoc
2328 2474 2559 2541 indicat,
2608 2483 2705 2530 aut
2748 2475 2794 2530 si
2829 2476 3113 2541 humerus,
3164 2489 3257 2533 aut
3296 2480 3525 2549 reliqua
3560 2490 3685 2547 pars
3712 2486 3813 2532 eot-

548 2565 721 2634 poris.
752 2564 828 2620 De
856 2581 967 2637 quo
994 2581 1194 2638 genere
1231 2582 1371 2637 opus
1399 2567 1740 2623 elucubravit
1769 2566 2120 2624 Posidonius.

551 2676 637 2730 73.
680 2677 751 2733 De
779 2676 1009 2749 Scythis,
1034 2679 1124 2749 qui
1155 2678 1406 2733 adversus
1436 2680 1590 2735 heros
1621 2696 1747 2735 suos
1777 2680 2123 2736 rebellarunt.

619 2789 852 2857 Quidam
889 2808 953 2847 ex
1003 2792 1331 2847 nomadibus
1381 2791 1602 2867 Scythis
1648 2795 1855 2851 relictis
1906 2794 2128 2850 famulis

2514 2690 2613 2752 ογ’.
2651 2684 2790 2753 Περὶ
2822 2684 2938 2737 τῶν
2959 2686 3259 2740 Σκυθικῶν
3281 2686 3557 2741 δούλων.

2309 2794 2430 2847 Τῶν
2456 2795 2702 2866 νομάδων
2726 2798 2949 2852 Σκυθῶν
2976 2799 3140 2871 μέρος
3159 2817 3211 2852 τι
3237 2799 3477 2872 ἐξῆλθεν
3500 2801 3565 2853 ἐκ
3579 2796 3676 2867 τῆς
3695 2796 3809 2849 Σκυ-

551 2885 666 2938 suis
716 2900 746 2939 e
799 2884 1021 2955 Scythia
1090 2884 1452 2939 latrocinandi
1512 2902 1681 2942 causa
1746 2893 2125 2943 excesserunt.

2235 2882 2357 2947 θίας
2396 2860 2745 2958 πλανώμενον
2773 2888 2867 2942 ἐπὶ
2892 2860 3135 2962 λῃστείᾳ.
3157 2860 3373 2944 Εῐασαν
3414 2889 3475 2943 δὲ
3516 2860 3660 2944 οὗτοι
3694 2885 3809 2939 οἰκό-

554 2971 710 3029 Prius
749 2983 929 3030 tamen
965 2991 1059 3031 eos
1107 2984 1474 3042 excaecarunt,
1512 2993 1575 3032 ac
1624 2985 1811 3049 postea
1858 2978 1961 3032 hoc
2011 2993 2131 3031 mu—

554 3067 703 3123 neris
753 3068 887 3139 ipsis
938 3070 1318 3140 injunxerunt,
1355 3083 1413 3128 ut
1457 3087 1581 3127 cum
1627 3088 1816 3127 eorum
1867 3072 2132 3128 uxoribus

555 3164 637 3216 lac
678 3164 1053 3233 coagularent.
1085 3163 1335 3235 Cumque
1380 3156 1613 3220 multum
1654 3167 1921 3236 temporis
1965 3166 2134 3221 inter-

553 3255 822 3318 ﬂuxisset,
858 3272 957 3311 nec
1011 3256 1227 3330 Scythre
1277 3258 1507 3328 patriam
1559 3265 1891 3329 repeterent,
1935 3273 2133 3315 uxores

553 3365 739 3403 eorum
772 3364 895 3403 eum
938 3352 1228 3405 excaecatis
1260 3352 1435 3406 servis
1467 3352 1645 3420 stupri
1673 3350 2131 3407 consuetudinem

554 3441 884 3505 habuerunt,
911 3458 973 3497 ex
1007 3442 1251 3512 ipsisque
1280 3452 1648 3514 conceperunt
1678 3458 1741 3497 ac
1770 3452 2131 3515 pepererunt;

556 3542 718 3603 atque
761 3535 832 3586 ita
878 3548 976 3604 pro
1022 3533 1243 3607 Svytltis
1274 3538 1366 3605 qui
1416 3537 1799 3592 abscesserant
1840 3537 1997 3591 liberi
2035 3553 2134 3592 na-

554 3632 806 3688 scuntur,
833 3625 1014 3679 servili
1044 3636 1224 3681 tamen
1264 3628 1471 3682 semine
1501 3628 1793 3697 procreati.
1832 3627 1971 3697 Ergo
2009 3645 2134 3683 cum

558 3717 775 3791 Scytha:
805 3718 904 3782 illi,
927 3718 1018 3787 qui
1047 3718 1173 3773 olim
1198 3720 1374 3790 patria
1405 3720 1609 3790 egressi
1646 3718 1882 3784 fuerant,
1912 3720 1965 3775 in
2005 3721 2137 3793 Scy-

558 3811 727 3862 thiam
769 3810 1083 3876 rediissem,
1128 3811 1229 3867 hos
1271 3829 1336 3868 ex
1384 3816 1560 3869 servis
1610 3815 1930 3884 progenitos
1976 3823 2138 3871 aetate

558 3902 814 3961 ﬂorentes
843 3911 1186 3975 repererunt,
1213 3913 1377 3976 atque
1400 3906 1613 3961 obviam
1645 3907 1779 3977 ipsis
1808 3922 1931 3961 cum
1971 3910 2138 3965 armis

557 4002 773 4050 euntes.
809 3996 888 4049 Ac
932 4005 1193 4052 conserto
1229 3997 1373 4052 inter
1414 4014 1509 4056 eos
1554 4003 1859 4057 certamine
1907 4001 2139 4059 reduces

562 4086 638 4143 illi
673 4083 889 4159 Scythae
919 4088 1024 4144 fusi
1052 4097 1104 4144 et
1137 4092 1381 4162 superati
1414 4100 1570 4148 sunt;
1588 4092 1708 4160 Qua
1734 4093 1890 4150 clade
1917 4105 2140 4165 accepta

2231 2995 2328 3042 τας
2350 2978 2450 3050 (5),
2485 2981 2628 3035 ὥστε
2674 2983 2811 3052 μετὰ
2863 2984 2972 3038 τῶν
3000 2985 3272 3053 γυναικῶν
3295 2986 3559 3058 τυρεύειν
3580 2984 3639 3038 τὸ
3667 2984 3804 3053 γάλα.

2233 3070 2370 3133 Τοὺς
2389 3071 2445 3124 δὲ
2470 3074 2684 3136 οἰκέτας
2716 3074 2896 3129 αὐτῶν
2915 3075 3242 3147 ἐξετύφλουν
3292 3080 3350 3131 οἱ
3380 3078 3590 3132 Σκύθαι
3611 3076 3807 3148 ζηλοτυ-

2234 3163 2490 3230 ποῦντες,
2516 3166 2610 3218 καὶ
2632 3165 2775 3221 οὕτω
2801 3171 3062 3241 παρεῖχον
3084 3170 3269 3235 αὐτοῖς
3297 3171 3559 3243 τυρευειν
3580 3169 3639 3223 τὸ
3667 3166 3802 3238 γάλα.

2233 3257 2440 3327 Χρόνου
2464 3259 2518 3312 δὲ
2543 3260 2860 3331 γενομένου,
2885 3262 3103 3315 καὶτῶν
3129 3261 3356 3317 Σκυθῶν
3380 3263 3492 3317 τῶν
3514 3260 3807 3328 ἐξελθόντων

2237 3351 2310 3421 μὴ
2327 3351 2795 3423 ὑποστρεψάντων,
2818 3355 2873 3409 αἱ
2896 3357 3154 3423 γυναῖκες
3171 3357 3404 3427 φοιτῶσι
3423 3357 3563 3429 πρὸς
3579 3356 3697 3418 τοὺς
3711 3350 3804 3406 δού-

2233 3443 2356 3508 λους
2378 3446 2504 3509 τοὺς
2533 3446 2973 3517 ἐκτυφλωθέντας
3009 3448 3104 3502 καὶ
3135 3450 3489 3518 συγγίνονται
3518 3444 3804 3510 αὐτοῖς.καὶ

2238 3535 2694 3605 συλλαμϐάνουσι,
2717 3538 2811 3590 καὶ
2832 3538 3083 3606 γεννῶσι·
3105 3540 3198 3593 καὶ
3218 3539 3468 3609 γίνονται
3489 3537 3677 3601 παῖδες
3702 3533 3803 3587 ἀντὶ

2234 3628 2342 3681 τῶν
2369 3627 2693 3694 ἐξελθόντων
2727 3630 2969 3686 Σκυθῶν.
3021 3625 3202 3684 Ἦσαν
3236 3632 3293 3685 δέ
3320 3631 3504 3687 δοῦλοι
3531 3631 3577 3683 oi
3608 3624 3800 3697 τεχθέν·

2234 3733 2326 3781 τες
2344 3718 2485 3772 κατὰ
2510 3718 2571 3772 τὸ
2599 3719 2839 3791 σπέρμα.
2873 3722 2937 3773 Οἱ
2966 3716 3058 3773 οὖν
3090 3721 3256 3776 πάλαι
3284 3722 3601 3789 ἐξελθόντες
3621 3714 3801 3771 Σκύθαι

2239 3810 2698 3883 ὑποστρέψαντες,
2738 3808 2895 3883 εὖρον
2929 3813 3151 3878 τούτους
3198 3817 3324 3879 τοὺς
3373 3812 3723 3886 γεννηθέντας
3748 3809 3801 3860 ἐκ

2237 3902 2345 3956 τῶν
2389 3902 2588 3958 δούλων
2626 3904 2938 3975 ἡϐήσαντας
2960 3948 2974 3970 ,
3006 3908 3101 3960 καὶ
3128 3909 3580 3980 ἐναντιουμένους
3618 3902 3797 3960 αὐτοῖς’

2241 3996 2333 4047 καὶ
2360 3997 2651 4067 γενομένου
2686 3996 2923 4067 πολέμου
2952 3998 3154 4069 μεταξὺ
3188 4001 3296 4054 τῶν
3329 3998 3700 4070 δουλοσπόρων
3722 3990 3799 4047 καὶ

2238 4085 2345 4138 τῶν
2380 4085 2784 4142 ἐπανελθόντων
2814 4088 3058 4156 Σκυθῶν,
3090 4089 3362 4160 ἡττῶνται
3394 4092 3535 4146 πάνυ
3568 4088 3615 4140 οἱ
3655 4086 3799 4138 ἐπανο

560 4188 752 4237 auctor
778 4184 908 4252 ipsis
932 4183 1032 4239 fuit
1060 4186 1356 4257 quispiam,
1382 4203 1447 4243 ne
1480 4188 1668 4255 armis,
1693 4190 1787 4244 sed
1818 4190 2131 4246 verberibus

2243 4177 2510 4242 ελθόντες.
2544 4178 2769 4242 Τούτοις
2796 4175 2888 4232 οὖν
2928 4180 3257 4251 ἡττηθεῖσιν,
3311 4178 3390 4247 εἷς
3436 4168 3797 4234 συνεόούλευσό

562 4290 685 4328 cum
721 4276 858 4345 ipsis
891 4287 1218 4348 pugnarent.
1254 4279 1437 4337 Armis
1473 4282 1618 4337 enim
1661 4296 1907 4355 pugnare
1941 4282 2009 4337 iis
2044 4283 2139 4339 de-

563 4381 712 4422 mum
744 4369 1035 4424 convenire
1067 4411 1081 4435 ,
1127 4371 1329 4440 quibus
1373 4388 1496 4428 cum
1529 4375 1642 4444 pari
1679 4373 1993 4430 conditione
2042 4374 2141 4430 ho-

562 4459 740 4516 stibus
775 4477 863 4517 res
889 4472 1067 4519 esset:
1100 4471 1155 4519 at
1184 4466 1367 4538 virgas
1390 4468 1525 4537 ipsis
1548 4469 1819 4523 intentare
1852 4485 2143 4536 argumen-

564 4560 679 4607 tum
714 4570 834 4610 esse
857 4554 1048 4611 herilis
1072 4560 1339 4614 adversus
1367 4574 1558 4613 servos
1581 4560 1889 4629 potestatis.
1925 4557 2005 4612 llli
2039 4560 2142 4613 ita-

562 4662 690 4715 que,
726 4650 901 4703 servis
924 4650 1176 4719 patribus
1199 4651 1336 4716 nati,
1368 4666 1493 4705 cmn
1520 4660 1730 4707 veteres
1756 4650 1990 4723 Scythas
2015 4667 2139 4706 cum

563 4740 1187 4812 virgisconspexissent,
1220 4744 1369 4798 velut
1386 4743 1624 4799 dominis
1646 4745 1764 4800 suis
1793 4760 1915 4800 sese
1932 4743 2141 4798 submi-

564 4838 757 4884 serunt
787 4848 799 4884 ε
831 4831 1020 4902 sicque
1042 4832 1318 4887 sublatum
1345 4840 1399 4888 et
1425 4834 1759 4889 exstinctum
1796 4845 1881 4891 est
1911 4835 2138 4893 bellum.

636 4966 724 5021 Ἡ.
756 4964 836 5019 De
867 4966 1124 5023 Thessala
1152 4985 1285 5039 aqua
1311 4980 1360 5025 et
1388 4970 1608 5027 muliere
1638 4970 2068 5031 Lacodamonia.

633 5081 791 5137 Nulla
821 5090 904 5138 est
930 5085 1082 5151 urbs,
1114 5100 1234 5155 qua:
1269 5101 1376 5139 non
1426 5084 1684 5142 eximium
1725 5086 1945 5157 aliquod
1981 5103 2143 5142 orna-

564 5185 805 5246 mentum
842 5177 1060 5241 haheat,
1093 5188 1150 5232 ut
1187 5177 1470 5234 Thessalia
1498 5195 1689 5251 equos.
1722 5180 1902 5237 Attica
1930 5182 2141 5252 argenti

566 5270 804 5333 metalla,
842 5268 990 5326 India
1031 5288 1252 5327 auream
1293 5288 1538 5329 arenam.
1578 5274 1933 5331 Consimilem
1976 5276 2138 5329 etiam

566 5364 620 5417 in
674 5363 893 5417 modum
948 5363 1346 5419 Lacedaemonii
1394 5368 1705 5423 venatorios
1746 5384 1912 5423 canes
1955 5369 2140 5437 prima

566 5454 846 5518 bonitatis,
870 5462 923 5509 et
957 5456 1212 5511 mulieres
1237 5464 1490 5511 strenuas
1514 5466 1568 5513 et
1592 5458 1910 5528 intrepidas.
1940 5456 2140 5512 Habuit

565 5544 733 5603 etiam
793 5545 982 5601 Sicilia
1033 5543 1237 5603 t'ontem
1298 5550 1517 5605 nomine
1579 5551 1925 5607 Arethusam.
1977 5551 2135 5621 cujus

640 5657 714 5728 (Γ)
745 5658 853 5712 Cod
909 5676 1022 5728 reg.
1048 5660 1201 5715 Colb.
1238 5662 1425 5727 Πόλλις

648 5727 725 5799 (ει)
757 5737 880 5803 ιιυε.
922 5727 1042 5786 add.
1086 5734 1202 5804 τῆς.

2241 4286 2324 4333 τις
2354 4271 2427 4340 μὴ
2456 4269 2640 4333 ὅπλοις
2668 4271 2861 4335 αὐτοὺς
2891 4271 3215 4343 πολεμῆσαι,
3245 4272 3382 4325 ἀλλὰ
3413 4271 3499 4324 διὰ
3523 4265 3792 4341 μαστίγων·

2244 4364 2316 4416 Τὸ
2348 4363 2457 4434 γὰρ
2489 4363 2551 4416 δι’
2586 4364 2786 4427 ὅπλων,
2835 4365 2987 4435 φησὶ,
3032 4365 3334 4436 πολεμῆσαί
3368 4381 3542 4427 τινας,
3586 4359 3656 4423 ὡς
3702 4351 3794 4408 ἀπδ

2243 4457 2373 4510 ῐσων
2405 4457 2541 4527 πρὸς
2578 4456 2724 4521 ἴσους
2767 4459 2916 4513 ἐστὶν
2947 4460 2975 4512 6
3010 4458 3265 4531 πόλεμος·
3298 4460 3359 4512 τὸ
3396 4459 3453 4513 δέ
3485 4456 3590 4512 ἀπὸ
3622 4445 3794 4521 μαστί-

2242 4564 2353 4616 γων
2387 4546 2567 4611 αὐτοῖς
2611 4546 2875 4615 ἐπελθεῖν,
2916 4548 2990 4613 ὼς
3032 4549 3139 4602 ἀπὸ
3186 4548 3461 4603 δεσποτῶν
3492 4549 3569 4609 εἰς
3596 4538 3791 4596 δούλους

2244 4638 2410 4693 ἐστίν.
2447 4641 2510 4693 Οἱ
2543 4636 2635 4693 οὖν
2677 4639 3063 4714 δουλόσποροι,
3096 4641 3423 4713 θεασάμενοι
3452 4641 3574 4702 τοὺς
3606 4630 3791 4688 Σκύθας

2245 4732 2383 4800 μετὰ
2402 4732 2508 4786 τῶν
2536 4732 2838 4804 μαστίγων,
2868 4733 3149 4805 ὑπέκυψαν
3170 4737 3244 4801 ὡς
3270 4736 3489 4797 οἰκείοις
3508 4723 3785 4787 δεσπόταέςο

2244 4829 2337 4880 καὶ
2370 4825 2511 4880 οὓτω
2550 4826 2818 4905 κατελύθη
2849 4828 2877 4881 6
2900 4828 3150 4899 πόλεμος.

2578 4963 2669 5019 οδ’.
2712 4964 2853 5033 Περὶ
2883 4966 3246 5021 Θετταλικοῦ
3274 4968 3479 5021 ἵππου.

2314 5077 2471 5133 Πᾶσα
2513 5077 2666 5141 πόλις
2690 5121 2704 5142 .
2741 5078 2775 5149 ἢ
2819 5077 2973 5150 χώρα
3012 5078 3125 5150 ἔχει
3171 5097 3224 5132 τι
3278 5079 3549 5152 ἐξαίρετον
3579 5068 3777 5134 ἰδίωμα*

2241 5164 2373 5232 οἷον,
2411 5173 2443 5243 ἠ
2485 5170 2767 5226 Θετταλῶν
2815 5170 2967 5245 χώρα
3001 5172 3124 5242 ἔσχε
3156 5173 3282 5235 τοὺς
3315 5173 3536 5230 ἵππους·
3578 5165 3606 5233 ἡ
3646 5154 3778 5222 Ἀθη-

2243 5264 2428 5327 ναὶων,
2462 5264 2530 5317 τὰ
2566 5264 2805 5334 μέταλλα
2832 5264 2927 5316 τοῦ
2956 5265 3197 5337 ἀργύρου
3220 5282 3235 5297 ο
3271 5268 3304 5338 ἡ
3344 5264 3512 5323 Ἰνδία.
3553 5255 3638 5324 τὴν
3664 5265 3777 5320 Χρν“

2245 5357 2418 5413 σίτιδα
2463 5357 2708 5426 ψάμμον·
2745 5358 2947 5426 ὁμοίως
2976 5358 3069 5410 καὶ
3102 5360 3133 5429 ή
3170 5352 3612 5428 Λακεδαιμονίων,
3635 5341 3772 5396 κύνας

2243 5452 2569 5525 θηρευτικάς
2616 5450 2801 5520 (ἔνθεν
2850 5449 2945 5503 καὶ
2988 5452 3036 5503 οἱ
3082 5450 3389 5504 Λακωνικοὶ
3438 5444 3585 5503 κύνες
3600 5442 3641 5503 )ο
3695 5429 3770 5482 “1"

2241 5550 2507 5617 γυναῖκας
2546 5544 2795 5617 ἀνδρείας
2837 5545 2930 5596 καὶ
2966 5546 3289 5615 ἁπτοήτους.
3343 5544 3498 5610 Ἔσχε
3535 5533 3585 5588 δὲ
3627 5542 3703 5581 και
3740 5530 3766 5585 τι

2312 5663 2388 5718 (δι
2429 5660 2505 5716 ΙιΙ.
2546 5660 2801 5723 ἐάσαντες
2830 5661 2955 5723 τοὺς
2985 5661 3199 5723 οἰκέτας
3233 5661 3390 5713 οἴκοι.
3435 5673 3438 5677 '
