4018 6296
205 253 351 311 1025

996 242 1117 297 .AD
1158 242 1213 297 S.
1245 237 1576 297 CliEGOlill
1616 231 1824 290 ΟΒᾹΤ.
1871 231 2200 288 [CONTRA
2234 234 2583 290 JUIJANUM

3327 242 3343 295 i
3358 244 3461 295 0‘26

205 367 431 423 Σικελία
467 364 651 437 πηγὴν
680 362 867 425 ὕδατος
906 360 1230 433 Ἀρέθουσαν
1249 357 1391 413 οὓτω
1423 355 1783 425 καλουμένην·

1898 365 2076 405 amore
2101 361 2322 423 captum
2354 351 2525 409 fuisse
2570 353 2836 424 Alpheum
2878 368 3092 410 amnem
3129 354 3462 413 fabulantur.

201 457 272 534 ἧς
307 458 608 532 ἐρασθῆναι
635 455 725 509 τὸν
772 453 1013 523 Ἀλφειὸν
1047 450 1285 522 ποταμὸν
1315 449 1624 522 μυθεύουσι·
1648 445 1707 499 τὸ
1729 445 1788 498 δὲ

204 556 351 625 ὕδωρ
380 553 481 622 τῆς
515 547 862 622 Ἀρεθούσης,
894 545 1192 617 ἀκραιφνές
1215 560 1274 596 τε
1303 542 1398 595 καὶ
1422 540 1661 612 καθαρὸν
1695 539 1789 593 καὶ

203 644 409 714 γλυκύ.
442 642 607 711 Λέγει
634 635 728 693 οὖν
756 640 784 692 6
814 636 955 702 θεῖος
984 635 1304 707 Γρηγόριος,
1329 637 1410 688 ὅτι
1440 633 1627 704 ῶσπερ
1648 632 1787 686 ἔνιαι

203 736 387 808 χῶραι
437 734 531 787 καὶ
564 731 748 792 πόλεις
797 729 952 798 ἔσχον
991 746 1044 780 τι
1079 728 1196 779 κατ’
1251 725 1527 796 ἐξαίρετον
1571 723 1785 793 ἰδίωμα,

202 825 353 880 οὕτω
381 823 441 877 τὸ
464 822 641 892 δόγμα
665 819 773 873 τῶν
797 816 1137 889 Χριστιανῶν
1181 814 1356 868 πάντα
1392 812 1587 872 ταῦτα,
1618 813 1788 884 ὀρφα-

202 919 526 988 νοτροφεῖα,
564 913 817 979 ξενῶνας,
850 912 1192 980 νοσοκομεῖα,
1233 909 1661 979 πτωχοτροφεῖα,
1695 906 1789 958 καὶ

205 1012 390 1065 πάντα
414 1009 483 1064 τὰ
508 1005 730 1061 τοιαῦτα
755 1003 954 1073 ἀγαθά.

349 1109 442 1156 οε’.
482 1097 623 1168 Περὶ
662 1094 771 1165 τῆς
798 1096 903 1149 τοῦ
935 1093 1254 1158 Πλάτωνος
1280 1091 1612 1157 Πολιτείας.

278 1194 510 1248 Πλάτων
554 1192 582 1243 6
638 1187 925 1258 φιλόσοφος
978 1185 1355 1255 συνεγράψατο
1397 1183 1717 1253 σύνταγμα,
1761 1179 1790 1232 6

203 1284 530 1341 Πολιτείαν
579 1280 908 1352 ἐπέγραψεν.
973 1279 1061 1331 Ἐν
1103 1277 1279 1349 τούτῳ
1320 1276 1399 1348 τῷ
1454 1276 1790 1345 συντάγματι

202 1379 386 1447 λέγει,
419 1375 609 1430 ὁποίαν
643 1374 723 1427 δεῖ
754 1370 1007 1440 γενέσθαι
1053 1368 1230 1436 πόλιν,
1261 1370 1355 1422 καὶ
1395 1369 1458 1422 ὲκ
1491 1367 1659 1421 ποίων
1697 1366 1791 1419 ἁν-

202 1468 357 1540 δρῶν
386 1463 772 1536 συγκειμένην,
804 1463 899 1516 καὶ
939 1462 1113 1524 ποίοις
1154 1460 1297 1514 ἔθεσι
1347 1458 1440 1512 καὶ
1467 1459 1654 1529 νόμοις
1696 1473 1792 1509 πο-

202 1559 586 1629 λιτευομένην.
617 1554 766 1626 Αὕτη
795 1555 851 1608 δὲ
880 1553 1080 1624 αὐτῷή
1109 1553 1282 1616 πόλις,
1312 1552 1457 1621 λόγῳ
1488 1551 1634 1620 μόνῳ
1664 1565 1791 1601 συν-

1895 441 2067 497 Porro
2119 442 2288 499 fontis
2330 445 2477 500 illius
2524 459 2666 515 aqua
2711 460 2844 516 pura
2878 454 2963 501 est
2997 454 3049 502 et
3088 448 3331 517 limpida.
3363 450 3467 502 mi-

1896 549 2079 603 rchue
2116 534 2420 590 suavitatis.
2454 535 2543 590 Ait
2576 552 2705 607 ergo
2734 534 3028 608 Gregorius
3056 554 3069 589 :
3101 538 3466 604 Quemadmo-

1895 625 2022 678 dum
2069 624 2348 679 nonnullaa
2390 627 2662 696 regiones.
2694 628 2858 684 urbes
2895 639 2949 683 et
2989 629 3138 683 cives
3185 630 3463 699 proprium

1896 727 2059 787 atque
2090 718 2349 771 eximium
2381 718 2599 787 aliquod
2629 719 2797 774 decus
2832 720 3033 775 habent
3065 738 3077 774 :
3109 722 3190 776 sic
3217 721 3465 776 doctrina

1894 808 2209 865 Christiana
2255 811 2367 864 lucc
2413 812 2618 876 omnia,
2656 812 3025 882 orphanorum
3084 822 3246 883 atque
3286 823 3466 869 extra-

1896 914 2121 954 neorum
2157 899 2454 961 domicilia,
2484 901 2897 965 valetudinaria,
2930 919 2991 956 ac
3032 904 3145 957 loca
3180 906 3234 958 in
3269 905 3468 973 quibus

1896 1008 2167 1062 pauperes
2197 995 2437 1053 alantur,
2473 1004 2638 1064 atque
2667 997 2850 1049 omnia
2884 996 3196 1064 hujusmodi
3232 998 3395 1052 bona.

2275 1085 2360 1140 75.
2406 1082 2480 1139 De
2510 1085 2749 1140 Platonis
2784 1086 3090 1154 Republica.

1968 1175 2337 1248 Philosophus
2390 1175 2549 1231 Plato
2608 1192 2746 1249 Opus
2792 1182 3140 1249 composuit,
3198 1178 3345 1249 quod
3396 1177 3469 1235 De

1898 1265 2182 1336 Republica
2214 1268 2515 1337 inscripsit.
2551 1269 2606 1322 In
2638 1284 2704 1324 eo
2734 1270 2894 1324 decet
2933 1270 3150 1338 qualem
3181 1285 3304 1326 esse
3338 1271 3446 1325 civi

1898 1367 2088 1422 tatem,
2122 1374 2342 1430 quoque
2372 1375 2438 1415 ex
2470 1360 2750 1414 hominum
2788 1375 3017 1415 numero
3050 1370 3324 1426 constare,
3356 1371 3468 1417 tum

1897 1452 2100 1522 quibus
2162 1454 2411 1508 moribus
2472 1453 2793 1524 legibusque
2844 1453 3134 1523 gubernari
3196 1462 3469 1525 oporteat.

1900 1543 2024 1599 llaec
2055 1559 2219 1615 porro
2241 1544 2437 1600 civitas
2466 1560 2717 1601 sermone
2746 1546 2865 1601 solo
2896 1546 2965 1600 ab
2998 1560 3063 1599 eo
3092 1554 3469 1616 coagmentata

204 1651 377 1721 έστηο
402 1649 549 1721 ἔργῳ
574 1648 651 1709 δὲ,
675 1646 800 1700 οὔτε
830 1646 1077 1717 συνέστη,
1107 1642 1230 1697 οὔτε
1262 1642 1666 1696 ἐπολιτεύσατο.
1704 1640 1792 1693 Ἐν

1898 1643 2022 1691 est:
2058 1652 2117 1691 re
2147 1637 2264 1706 ipsa
2298 1644 2478 1691 autem
2512 1651 2613 1691 nec
2637 1644 2975 1700 constructa,
3014 1652 3114 1691 nec
3145 1639 3469 1706 gubernata.

205 1713 540 1809 ἐκείνῳ-οὗν
580 1735 660 1807 τῷ
712 1713 1054 1805 συντάγματι
1094 1733 1252 1787 τοῦτο
1294 1732 1353 1785 τὸ
1406 1730 1667 1802 ρησίδιον,
1712 1732 1793 1784 ὅτι

1901 1726 1957 1781 in
1985 1728 2088 1782 hoc
2127 1728 2405 1783 volumine
2433 1728 2518 1783 his
2552 1728 2736 1782 verbis
2791 1729 2966 1782 utitur
2999 1747 3011 1781 :
3044 1725 3344 1797 Fingamus
3392 1728 3469 1799 (4)

216 1824 672 1879 Ύποκείσθωσαν
717 1824 848 1894 ἡμῖν
881 1823 931 1875 οἱ
976 1822 1189 1875 πολῖται
1232 1820 1361 1874 τάδε
1394 1820 1791 1891 φθεγγόμενοι,

204 1918 282 1973 ἶν’
313 1918 515 1995 ἴδωμεν
548 1914 727 1969 αὐτῶν
756 1914 1086 1985 κινουμένην
1114 1913 1215 1983 τὴν
1246 1913 1509 1966 ἐπίνοιαν.

396 2098 502 2159 ος’.
529 2090 667 2160 Περὶ
698 2087 808 2157 τῆς
831 2087 936 2143 τοῦ
977 2087 1248 2142 Ἠσιόδου
1276 2087 1614 2156 Θεογονίας.

295 2183 542 2247 Ἠσίοδος
570 2176 650 2248 εἷς
677 2184 792 2235 ἔστι
812 2180 922 2233 τῶν
945 2177 1205 2250 ποιητῶνσ
1237 2170 1297 2231 οὗ
1322 2177 1651 2249 πράττονται
1670 2176 1793 2247 τρία

213 2280 532 2350 ποιήματαο
573 2276 607 2347 ή
653 2273 959 2345 καλουμένη
1011 2271 1327 2342 Θεογονία,
1367 2269 1436 2323 τὰ
1488 2269 1796 2339 καλούμενα

218 2372 401 2440 Ἔργα
415 2367 514 2423 καὶ
542 2365 771 2437 ἡμέραι,
797 2365 892 2420 καὶ
916 2366 950 2435 ή
983 2363 1293 2435 καλουμένη
1336 2362 1569 2427 Ἀσπίς.
1612 2360 1701 2413 Ἐν
1728 2362 1794 2431 τῇ

197 2457 309 2514 ὀὖν
333 2459 644 2531 καλουμένῃ
687 2458 970 2527 Θεογονίᾳ
997 2458 1025 2509 6
1065 2455 1303 2518 Ἡσίοδος
1324 2454 1400 2525 (1)
1432 2453 1657 2523 ἄρχεται
1717 2451 1793 2520 (‘2)

214 2550 675 2624 καταριθμεῖσθαι
707 2548 807 2612 τὰς
854 2548 1097 2617 γενέσεις
1128 2544 1238 2600 τῶν
1279 2544 1437 2598 θεῶν’
1483 2545 1566 2597 ὅτι
1606 2543 1670 2596 ὲκ
1703 2542 1795 2596 τοῦ

214 2647 402 2717 χάους
444 2643 539 2698 καῖ¹
588 2646 653 2697 ἐκ
700 2641 796 2696 τοῦ
848 2641 1067 2713 αἰθέρος
1117 2640 1383 2710 ἐγεννήθη
1434 2641 1464 2693 6
1512 2638 1681 2692 δεῖναο
1732 2637 1798 2690 ἐκ

212 2740 274 2792 δὲ
318 2736 415 2791 τοῦ
454 2735 684 2807 ούρανοῦ
721 2736 815 2789 καὶ
863 2736 963 2805 τῆς
989 2734 1113 2804 γῆς,
1157 2735 1186 2786 6
1224 2733 1458 2804 Κρόνοςο
1497 2734 1561 2785 ἐκ
1602 2730 1658 2783 δὲ
1701 2727 1796 2783 τοῦ

212 2831 454 2902 Κρόνου,
497 2831 526 2884 6
575 2830 732 2894 Ζεὺς,
778 2829 808 2881 6
832 2825 1124 2891 Ποσειδὼν,
1154 2827 1183 2879 6
1214 2825 1487 2879 Πλούτων.
1530 2819 1665 2877 Εἶτα
1703 2840 1800 2877 κα-

212 2920 447 2992 ταφέρει
515 2918 701 2993 σειρὰς
742 2916 913 2986 γενῶν
971 2917 1063 2970 καὶ
1124 2915 1262 2970 θεῶν
1304 2916 1633 2988 καινοτέρων
1684 2916 1799 2968 6V6-

218 3028 371 3082 ματα
389 3025 406 3040 ⁶
435 3010 529 3064 καὶ
557 3010 639 3063 ὅτι
666 3009 773 3062 οἵδε
812 3011 862 3061 οῑ
892 3008 1025 3073 θεοὶ,
1063 3006 1198 3078 μετὰ
1224 3007 1390 3061 τῶνδε
1425 3008 1795 3080 ἐπολέμησαν⁸

215 3104 313 3156 καὶ
341 3102 449 3156 οἶδε
478 3102 758 3172 ἐνίκησαν,
793 3100 901 3154 οἵδε
929 3100 1260 3173 ἡττήθησαν,
1302 3100 1396 3154 καὶ
1431 3100 1538 3154 οἵδε
1574 3101 1799 3155 διεσπά-

217 3193 392 3266 ραξαν
433 3193 582 3246 τόνδε
612 3192 646 3264 ἢ
680 3192 847 3246 τόνδε.
887 3194 948 3247 Ol
997 3192 1104 3265 γὰρ
1143 3194 1370 3257 Τιτᾶνες
1403 3193 1650 3263 λέγονται
1685 3194 1799 3247 δια-

216 3285 499 3356 σπαράξαι
517 3285 608 3338 τὸν
629 3285 903 3341 Διόνυσον.
933 3284 1015 3338 Τὰ
1029 3285 1084 3338 δὲ
1108 3285 1348 3357 ὀνόματα
1371 3287 1563 3349 ταῦτα,
1589 3286 1624 3339 ἃ
1651 3286 1797 3357 λέγει

217 3376 453 3431 ἐνταῦθα
488 3378 519 3430 6
558 3377 891 3449 Γρηγόριος,
940 3370 1049 3430 οἷον
1088 3377 1281 3431 Κῶτον
1332 3379 1426 3431 καὶ
1472 3378 1739 3449 Βριάρεω,
1771 3381 1800 3433 6

227 3470 475 3533 Ἠσίοδος
504 3469 652 3539 λέγει
682 3468 933 3538 γενέσθαι
960 3469 1109 3532 τινὰς
1133 3468 1451 3540 ἀνθρώπους
1477 3470 1585 3523 ἀπὸ
1606 3469 1798 3524 ἑκατὸν

216 3561 421 3634 χειρῶν
452 3562 707 3633 ἔχοντας,
741 3560 935 3624 οἵτινες
973 3560 1113 3631 μετὰ
1142 3560 1250 3614 τῶν
1289 3561 1426 3615 θεῶν
1454 3563 1798 3635 ἐπολέμησαν

215 3655 348 3718 τοὺς
373 3655 627 3718 Τιτᾶνας.
669 3656 730 3708 Οἱ
760 3655 867 3724 γὰρ
898 3655 1125 3717 Τιτᾶνες
1164 3654 1485 3723 μυθεύονται
1520 3656 1660 3709 κατὰ
1691 3655 1799 3709 τῶν

218 3745 363 3799 θεῶν
408 3745 799 3816 ὲπαναστῆναι,
842 3745 947 3809 ἕως
993 3738 1055 3798 οὗ
1101 3745 1475 3817 ἐκεραύνωσεν
1529 3747 1725 3811 αὐτοὺς
1773 3749 1801 3801 ὁ

218 3835 375 3898 Ζεύς.
418 3834 652 3907 Ὀμοίως
676 3835 732 3888 δὲ
759 3837 851 3889 καὶ
872 3835 1128 3906 περὶτῶν
1155 3836 1595 3908 δρακοντοπὸδων
1624 3837 1800 3892 Ἠσίο-

217 3928 310 3990 δος
352 3927 535 3996 λέγει,
577 3928 659 3981 ὅτι
710 3927 1077 3999 ἐγεννήθησαν
1124 3929 1400 4001 ἄνθρωποι
1437 3931 1796 4001 δρακοντόπο-

216 4022 328 4085 δες.
380 4021 835 4094 Κεραυνοφόρους
886 4021 943 4075 δὲ
982 4023 1125 4092 Λέγει
1186 4023 1281 4079 νῦν
1324 4025 1499 4090 θεοὺς,
1566 4026 1798 4097 ἢαύτὸν

216 4114 311 4166 τὸν
355 4114 487 4180 Δία,
538 4113 614 4177 ὠς
657 4114 921 4185 κεραυνὸν
972 4116 1254 4184 ὲπαφέντα
1316 4120 1427 4182 τοῖς
1464 4119 1708 4188 Γίγασιν,
1763 4120 1794 4191 ἢ

216 4204 503 4275 Στεροπὴν
556 4203 633 4277 (5)
677 4204 710 4275 ἢ
768 4205 1003 4276 Βρόντην
1060 4206 1188 4270 τοὺς
1243 4207 1652 4279 χαλκεύσαντας
1720 4210 1798 4279 τῷ

218 4297 306 4350 Διὶ
344 4296 572 4369 βροντὴν
599 4297 692 4350 καὶ
720 4296 819 4370 τὴν
845 4300 1154 4371 ἀστραπὴν,
1185 4301 1277 4355 καὶ
1301 4302 1428 4366 τοὺς
1462 4304 1758 4374 κεραυνούς
1778 4318 1791 4331 ·

219 4390 423 4459 νήσους
462 4388 518 4441 δὲ
568 4388 663 4442 καὶ
700 4389 827 4459 βέλη
872 4390 968 4443 καὶ
1017 4390 1223 4460 τάφους
1266 4392 1414 4461 λέγει
1468 4393 1794 4463 ὲπαφείσθαι

219 4484 338 4543 τοῖς
382 4480 576 4547 Γίγασι
637 4479 789 4551 παρὰ
827 4480 935 4534 τῶν
995 4482 1154 4537 θεῶν.
1222 4484 1408 4538 Ταῦτα
1469 4482 1563 4539 οὖν
1628 4486 1796 4558 μυθο-

220 4574 392 4641 λογεῖ.
418 4573 501 4627 Τὰ
522 4574 578 4627 δὲ
607 4573 782 4645 πικρὰ
816 4574 1021 4630 τούτων
1067 4578 1381 4648 γεννήματα
1425 4578 1604 4647 λέγει,
1636 4580 1717 4633 ὅτι
1736 4580 1806 4633 ἐκ

220 4665 321 4720 τοῦ
347 4666 580 4737 αἵματος
602 4665 711 4719 τῶν
727 4666 1004 4735 Γιγάντων
1032 4668 1205 4724 ταῦτα
1229 4670 1297 4725 τὰ
1319 4670 1669 4744 θανατηφόρα
1693 4670 1807 4736 ζῶα

222 4756 538 4827 γεγόνασιν,
552 4756 588 4811 ἃ
609 4758 771 4820 αὐτὸς
800 4759 1242 4830 καταριθμεῖται,
1262 4756 1371 4816 οἷον
1388 4762 1485 4835 τὴν
1507 4762 1804 4835 Χίμαιραν,

220 4847 315 4900 τὸν
339 4846 638 4918 Κέρϐερον,
659 4848 786 4918 περὶ
802 4839 877 4900 ὧν
901 4847 1204 4916 φθάσαντες
1227 4850 1474 4920 εἴπομεν.
1504 4850 1577 4904 Τὸ
1600 4851 1658 4904 δὲ
1675 4852 1805 4924 περὶ

221 4936 321 4998 τὰς
342 4936 634 5006 Γοργόνας,
658 4936 895 4991 τοιοῦτόν
916 4955 968 4991 τι
1002 4935 1087 5009 ἦν·
1122 4940 1203 4993 ὃτι
1220 4942 1368 5013 τρεῖς
1385 4937 1525 5013 ἦσαν
1549 4946 1805 5011 γυναῖκες

223 5028 434 5098 φοόερὰ
456 5028 707 5082 τοσοῦτον
736 5028 954 5100 ἔχουσαι
978 5029 1047 5083 τὰ
1070 5030 1352 5101 πρόσωπα,
1367 5031 1506 5085 ὥστε
1527 5034 1651 5098 τοὺς
1673 5035 1806 5088 θεω-

227 5120 425 5191 μένους
444 5120 613 5184 αὑτὰς
639 5120 952 5192 παραυτίκα
969 5121 1332 5192 ἀποθνήσκειν
1347 5124 1597 5193 ,Λέγεται
1620 5126 1696 5190 δὲ,
1724 5128 1805 5179 ὅτι

222 5216 251 5266 6
276 5214 520 5285 Περσεὺς
547 5214 645 5285 τὴν
679 5214 808 5286 μίαν
834 5214 1038 5267 τούτων
1060 5214 1238 5267 ἀνεῖλε
1264 5214 1343 5284 τῷ
1365 5215 1801 5291 λογχοδρεπάνῳ.

1896 1821 2044 1875 cives
2074 1820 2389 1889 hujusmodi
2424 1822 2729 1875 orationem
2763 1819 2989 1883 habere,
3024 1828 3083 1874 ut
3112 1834 3302 1874 eorum
3335 1836 3472 1874 con-

1896 1906 2112 1967 silium'
2142 1913 2425 1982 animique
2475 1911 2754 1967 solertiam
2801 1928 2911 1966 non
2955 1912 3184 1989 inegtem
3234 1927 3297 1966 ac
3335 1927 3469 1967 mor-

1897 2013 2067 2072 tuam,
2102 2002 2197 2060 sed
2224 2004 2401 2059 vivam
2451 2012 2713 2072 motuque
2746 2004 3027 2058 incitatam
3065 2002 3364 2058 videamus.

2261 2093 2351 2147 76.
2400 2092 2477 2147 De
2511 2090 2738 2147 Hesiodi
2774 2093 3094 2163 Theogonia.

1967 2182 2190 2240 Hesiodi
2219 2193 2470 2255 poemata
2511 2186 2616 2239 tria
2660 2194 2899 2250 exstant,
2935 2186 3257 2257 Theogonia,
3298 2189 3473 2261 Opera

1896 2287 1946 2330 et
1975 2276 2109 2339 dies,
2139 2285 2193 2330 et
2229 2274 2452 2331 Scutum
2493 2273 2759 2329 Herculis.
2808 2275 2864 2329 ln
2900 2277 3200 2346 Theogonia
3244 2281 3472 2335 deorum

1897 2377 2054 2424 ortus
2083 2383 2407 2423 enumerare
2440 2368 2655 2437 incipit,
2688 2368 2946 2422 nimirum
2975 2368 3120 2438 quod
3151 2386 3214 2424 ex
3246 2372 3385 2425 chao
3419 2382 3474 2427 et

1897 2459 2098 2514 aethere
2129 2466 2292 2513 natus
2324 2458 2396 2514 sit
2427 2459 2538 2522 ille,
2564 2475 2628 2514 ex
2662 2459 2803 2513 caelo
2828 2467 2881 2513 et
2904 2468 3050 2514 terra
3080 2462 3376 2531 Saturnus,
3407 2481 3474 2519 ex

1899 2551 2140 2605 Saturno
2163 2548 2399 2621 Jupiter,
2440 2548 2727 2620 Neptunus
2776 2558 2831 2605 et
2884 2549 3064 2606 Pluto.
3101 2552 3295 2609 Postea
3328 2564 3476 2611 cate-

1898 2655 2023 2694 nam
2078 2638 2370 2710 quamdam
2434 2652 2696 2709 generum
2748 2640 3087 2712 deorumque
3147 2644 3477 2701 recentioris

1899 2733 2141 2788 numinis
2170 2732 2391 2787 deducit
2425 2750 2438 2786 :
2466 2740 2763 2801 nari-atque
2799 2734 3255 2803 quemadmodum
3291 2735 3345 2789 hi
3398 2737 3474 2791 dii

1899 2840 2024 2879 cum
2064 2825 2171 2878 illis
2213 2823 2551 2886 dimicarint,
2588 2830 2751 2891 atque
2795 2824 2846 2877 hi
2892 2824 3045 2878 illum
3082 2835 3175 2879 aut
3205 2825 3327 2880 illos
3360 2825 3476 2881 dis-

1901 2920 2224 2987 cerpserint.
2279 2914 2505 2971 Titanes
2551 2916 2698 2970 enim
2732 2915 3005 2971 Bacchum
3049 2917 3349 2974 dilaniasse
3394 2918 3477 2974 fe-

1850 3060 1869 3079 ,
1902 3015 2121 3062 runtur.
2162 3007 2287 3063 Haec
2320 3022 2486 3077 porro
2533 3008 2754 3062 nomina
2797 3025 2917 3080 quae
2960 3009 3065 3063 hoc
3113 3011 3233 3064 loco
3271 3010 3477 3080 profert

1900 3099 2216 3169 Gregorius,
2265 3100 2415 3153 velut
2464 3098 2685 3153 Cottum
2735 3107 2789 3155 et
2840 3100 3145 3166 Briareum,
3204 3099 3479 3159 Hesiodus

1897 3194 2151 3249 homines
2174 3193 2438 3265 quosdam
2462 3194 2807 3250 centimanus
2831 3192 3003 3251 fuisse
3019 3196 3174 3263 dicit,
3195 3200 3287 3265 qui
3313 3196 3479 3252 simul

1899 3301 2027 3342 cum
2057 3286 2163 3341 diis
2191 3285 2454 3340 adversus
2490 3285 2739 3356 gigantes
2783 3287 2983 3341 bellum
3019 3297 3328 3358 gesserunt.
3364 3288 3480 3345 llos

1900 3379 2047 3433 enim
2093 3376 2363 3432 adversus
2407 3376 2540 3432 deos
2590 3376 2959 3434 insurrexisse
3000 3379 3230 3451 ﬁngunt,
3265 3381 3479 3451 quoadJ

1901 3485 2076 3540 usque
2110 3469 2327 3524 tandem
2358 3467 2511 3524 Jovis
2545 3467 2772 3525 fulmine
2817 3472 3068 3541 oppressi
3104 3480 3252 3526 sunt.
3284 3473 3479 3528 Consi-

1901 3564 2015 3617 mili
2044 3579 2265 3634 quoque
2299 3563 2463 3618 modo
2491 3563 2738 3619 homines
2769 3564 3033 3634 quosdam
3066 3565 3346 3621 exstitisse
3380 3567 3475 3633 ait,

1902 3656 1996 3728 qui
2020 3655 2321 3710 draconum
2363 3654 2530 3725 pedes
2563 3654 2849 3709 haberent.
2876 3653 3262 3711 Fulminiferos
3295 3665 3480 3713 autem

1900 3750 2035 3805 deos
2079 3755 2261 3812 vocat,
2299 3748 2383 3802 vel
2428 3745 2617 3802 Jovem
2659 3747 2861 3818 ipsum,
2915 3754 2975 3803 ut
3021 3749 3113 3820 qui
3164 3749 3480 3821 gigantibus

1903 3839 2109 3897 fulmen
2157 3840 2467 3904 immiserit,
2500 3840 2584 3895 vel
2614 3842 2777 3895 etiam
2816 3840 3080 3912 Steropen
3116 3849 3169 3896 et
3208 3840 3473 3904 Bronten,

1901 3936 1996 4006 qui
2033 3935 2244 3989 tonitru
2291 3942 2347 3989 et
2394 3933 2576 4004 fulgur
2607 3931 2728 3988 Jovi
2778 3932 3029 3989 fabricati
3073 3942 3219 3989 sunt.
3257 3931 3473 3989 Insulas

1904 4043 2066 4100 porro
2092 4035 2207 4081 tum
2232 4041 2330 4096 pro
2355 4025 2572 4095 sagittis
2597 4033 2710 4080 tum
2744 4041 2843 4095 pro
2870 4025 3141 4095 sepulcris
3163 4025 3474 4100 gigantibus

1902 4092 2179 4176 immissas
2214 4092 2249 4171 τι
2277 4117 2386 4172 diis
2418 4092 2588 4172 fuisse
2632 4092 2944 4187 contingit.—
2969 4092 3383 4172 Acerbi'a'utem
3427 4092 3482 4170 ἕι

1902 4210 2224 4267 amarulenti
2246 4209 2505 4277 fctus,qui
2532 4224 2595 4263 es
2623 4208 2901 4278 gigantum
2924 4222 3118 4261 cruore
3136 4206 3480 4277 prodierunt,

1901 4302 2182 4359 mortifera
2237 4302 2351 4355 haec
2404 4300 2706 4353 animantia
2742 4299 3110 4362 exstiterunt,
3163 4300 3313 4352 velut
3360 4313 3482 4369 qurc

1904 4399 2022 4468 ipse
2048 4403 2357 4460 enumerat,
2395 4392 2627 4465 hydram
2672 4406 2869 4461 nempe
2900 4391 3043 4461 (quae
3080 4390 3358 4460 centiceps
3391 4391 3483 4445 ille

1904 4503 2132 4557 serpens
2172 4495 2311 4552 erat,
2354 4501 2515 4557 quem
2566 4482 2832 4539 Hercules
2881 4482 3201 4544 interfecit),
3254 4483 3482 4537 chimae-

1903 4596 2044 4642 ram,
2071 4596 2257 4651 quam,
2290 4594 2415 4633 cum
2457 4577 2525 4632 de
2556 4592 2619 4632 ea
2655 4577 2809 4648 prius
2839 4574 3007 4629 verba
3047 4574 3376 4638 faceremus,
3410 4574 3481 4628 ab

1904 4674 2183 4731 anteriore
2215 4680 2370 4744 parte
2397 4672 2632 4732 leonem,
2664 4684 2693 4723 a
2731 4668 3038 4740 posteriore
3064 4667 3397 4732 draconem,
3417 4681 3481 4721 ac

1905 4767 2087 4824 medio
2123 4780 2353 4836 corpore
2387 4763 2704 4818 chimazram
2730 4762 2906 4832 ignem
2945 4758 3200 4814 faucibus
3227 4774 3483 4815 evomen-

1904 4868 2012 4915 tem
2053 4874 2176 4915 esse
2220 4855 2481 4925 diximus,
2526 4870 2556 4909 a
2598 4854 3021 4924 Bellerophonte
3061 4867 3381 4924 oppressam
3425 4861 3482 4907 et

1903 4950 2249 5007 exstinctam.
2284 4948 2764 5016 Consimiliterque
2799 4948 2866 5000 de
2896 4945 3135 5001 Cerbero
3166 4960 3475 5001 sermonem

1904 5042 2222 5103 habuimus,
2268 5039 2528 5093 nimirum
2570 5053 2763 5090 canem
2815 5034 3109 5105 tricipitem
3158 5034 3346 5098 fuisse,
3382 5032 3476 5102 qui

1907 5137 2209 5190 inferorum
2248 5142 2433 5202 portas
2461 5131 2649 5186 sedulo
2687 5127 3010 5197 custodiret,
3048 5142 3110 5181 ac
3134 5124 3476 5181 descenden.

1907 5238 1988 5284 tes
2041 5224 2260 5294 quidem
2316 5222 2383 5276 ad
2428 5220 2633 5274 inferos
2682 5220 2966 5281 mulceret,
3019 5233 3114 5273 eos
3165 5226 3345 5270 autem
3384 5213 3479 5285 qui

226 5306 526 5362 ascendere
568 5306 931 5368 conabantur,
974 5306 1231 5361 dentibus
1266 5313 1474 5376 peteret
1531 5326 1594 5367 ac
1641 5315 1976 5376 devoraret:
2028 5332 2189 5387 quem
2230 5312 2491 5367 Hercules
2544 5309 2913 5365 obtruncavit.
2968 5307 3121 5375 Quod
3172 5316 3351 5361 autem
3412 5300 3481 5355 ad

225 5398 512 5469 Gorgones
556 5398 770 5461 attinet,
810 5406 923 5453 tres
967 5408 1125 5454 erant
1157 5401 1414 5457 mulieres
1452 5405 1587 5460 adeo
1622 5414 1932 5468 truculento
1976 5419 2141 5479 atque
2191 5405 2441 5460 horribili
2479 5413 2726 5473 aspectu,
2764 5413 2822 5455 ut
2868 5401 3121 5473 quisquis
3157 5416 3249 5455 eus
3302 5398 3482 5451 intue-

227 5492 411 5555 batur,
472 5491 656 5545 statim
701 5499 1005 5545 moreretur
1035 5511 1047 5544 :
1086 5507 1319 5562 quarum
1375 5510 1538 5549 uuam
1596 5498 1784 5555 lancea
1820 5519 1919 5559 sua
1948 5501 2181 5556 Perseus
2218 5496 2524 5551 trucidasse
2552 5494 2773 5550 dicitur.

299 5678 376 5753 )
508 5676 786 5753 τερατῶδη
811 5679 904 5733 καὶ
938 5678 1117 5750 μάχας
1144 5678 1253 5733 τῶν
1282 5679 1420 5734 θεῶν
1444 5680 1735 5753 διηγεῖται.

298 5750 379 5832 ςε)
415 5747 493 5802 Id.
531 5747 656 5803 add.
697 5747 775 5803 δέ.

1982 5683 2177 5754 (3)14.
2224 5679 2575 5754 ageam»

1984 5749 2061 5827 (4)
2105 5752 2228 5810 Haec
2260 5749 2486 5807 Nonnus
2512 5749 2636 5822 ipse
2673 5749 2845 5820 lingit.
