4018 6296
264 228 404 283 ιοεο

1078 225 1170 281 AD
1204 227 1260 283 S.
1295 223 1625 282 GREGOllll
1661 222 1872 281 ORAT.
1906 222 2235 301 LCONTRA
2262 222 2643 281 JULIANUM.

3395 230 3534 287 1050

258 351 424 420 perit.
466 349 600 415 Qua
631 348 882 420 profecto
916 349 1068 405 luctu
1120 366 1187 406 ac
1235 350 1492 424 lacrymis
1548 348 1711 419 digna
1762 356 1914 403 sunt.
1956 346 2300 418 Tragmdiam
2340 348 2543 417 quippe
2588 347 2845 417 lacrymm
2880 356 3207 418 sequuntur,
3264 350 3533 420 quemad-

261 442 494 498 modum
532 443 681 498 risus
713 443 1061 499 commdiam.

557 542 633 589 π’.
669 535 812 605 Περὶ
850 537 1133 591 Ὠκεανοῦ
1169 540 1267 591 καὶ
1306 537 1544 604 Τηθύος.

327 627 443 682 Καὶ
475 627 665 681 τοῦτον
697 629 755 682 δὲ
784 626 877 681 τὸν
913 628 1083 700 μῦθον
1130 629 1473 700 εἰσφέρουσιν
1511 628 1560 679 οἱ
1601 625 1841 696 ποιηταὶ,

252 719 344 774 ὅτι
377 722 408 773 ό
450 720 704 783 Ὠκεανὸς
748 722 937 792 πατήρ
975 723 1092 775 ἐστι
1122 721 1342 775 πάντων
1383 720 1492 772 τῶν
1533 717 1692 781 θεῶν,
1720 720 1755 789 ή
1786 717 1844 772 δὲ

255 808 447 879 Τηθὺς
478 809 681 883 μήτηρ.
722 809 1074 883 Ἀνδρόγυνον
1106 810 1163 865 δὲ
1197 813 1225 864 ό
1271 810 1519 874 Ὠκεανὸς
1547 811 1639 862 καὶ
1667 810 1700 880 ἡ
1735 808 1844 879 Τη-

258 898 362 962 θύς
385 914 402 929 ο
443 900 539 953 καὶ
571 900 655 953 ὃτι
692 900 865 955 πάλαι
898 900 1190 973 διέστησαν
1234 901 1330 955 ἀπ’
1360 900 1605 971 ἀλλήλων
1625 917 1638 929 ο
1672 898 1759 952 διά
1787 897 1845 951 δέ

256 991 633 1064 δυσωπήσεως
657 993 758 1063 τῆς
788 992 966 1065 Ἥρας
1013 992 1219 1062 γίνεται
1255 992 1418 1047 πάλιν
1457 993 1720 1060 συνάφεια
1751 990 1846 1044 αύ-

257 1084 374 1139 τῶν
401 1085 497 1137 καὶ
522 1084 694 1154 φιλία.
734 1085 791 1138 '0
817 1085 875 1140 δὲ
900 1083 1069 1157 μῦθος
1084 1086 1401 1148 αἰνίττεται,
1427 1084 1511 1137 ὅτι
1528 1085 1557 1137 ό
1593 1082 1844 1145 Ὠκεανὸς

260 1174 367 1245 μὲν
404 1174 550 1227 ἔστιν
584 1177 617 1246 ἡ
658 1174 803 1245 ύγρὶι
832 1173 992 1245 φύσις
1011 1191 1026 1206 ο
1056 1176 1090 1246 ή
1114 1175 1172 1229 δὲ
1202 1174 1383 1246 Τηθὺς
1413 1176 1447 1247 ἡ
1486 1173 1658 1246 ξηρά,
1689 1190 1844 1227 τουτ-

257 1265 438 1329 έστιν,
470 1264 503 1336 ὴ
539 1265 648 1336 γῆο
689 1266 785 1319 καὶ
818 1266 901 1319 ὅτι
948 1266 1115 1320 πάλαι
1141 1266 1243 1337 τῆς
1285 1266 1460 1338 ὑγρᾶς
1508 1265 1726 1336 φύσεως
1769 1266 1844 1337 μὴ

260 1358 666 1429 συγγινομένης
693 1360 760 1429 τῇ
791 1360 862 1429 γῇ
886 1400 901 1425 ,
945 1358 1095 1412 οὐδὲν
1126 1357 1492 1427 ἐξωογονεῖτο,
1528 1357 1622 1411 καὶ
1662 1354 1848 1410 άπώλ-

257 1448 426 1501 λυντο
451 1450 647 1505 πάντα.
679 1445 813 1503 Εἶτα
839 1450 873 1521 ἠ
904 1449 1074 1521 Ἦρα,
1114 1449 1189 1514 ὡς
1221 1449 1415 1522 ἔφορος
1451 1445 1588 1503 οὖσα
1618 1448 1717 1521 τῆς
1751 1464 1844 1501 συ-

257 1540 522 1606 ζεύξεως,
550 1542 908 1596 καταλλάττει
936 1542 1006 1595 τὰ
1027 1542 1121 1597 δύο
1149 1545 1388 1614 στοιχεῖα
1411 1544 1492 1605 εἰς
1525 1540 1844 1611 συνάφειαν,

258 1636 360 1688 καὶ
399 1635 611 1705 γίνεται
638 1636 823 1690 λοιπὸν
855 1635 1140 1704 ζωογόνος.

645 1960 757 2008 πα⁹.
790 1953 927 2021 Περὶ
951 1954 1085 2021 Διὸς
1117 1951 1217 2009 καὶ
1249 1955 1453 2023 ἽΙρας.

340 2067 407 2124 '0
446 2070 584 2135 Ζεὺς
622 2068 907 2141 ἐχαρίζετο
951 2067 1152 2139 μᾶλλον
1180 2070 1291 2130 τοῖς
1320 2068 1524 2139 Τρωσὶ,
1550 2066 1644 2121 καὶ
1673 2067 1843 2121 ἐποίει

252 2162 526 2233 ἡττᾶσθαι
554 2161 681 2225 τοὺς
714 2160 982 2232 Ἕλληνας
1009 2159 1096 2214 διὰ
1118 2158 1219 2231 τὴν
1244 2159 1453 2213 ἱκεσίαν
1477 2160 1576 2231 τῆς
1604 2159 1840 2223 Θέτιδος,

252 2254 447 2309 ἕνεκεν
476 2252 570 2307 τοῦ
616 2252 922 2324 Ἀχιλλέως,
958 2254 1049 2307 ἵνα
1081 2254 1390 2325 ζητήσωσιν
1422 2252 1584 2306 αὐτὸν
1622 2253 1669 2305 οἱ
1711 2251 1841 2306 Ἕλ-

248 2344 416 2419 ληνες
446 2345 768 2419 ἡττώμενοι.
810 2346 875 2399 Ἦ
907 2346 1053 2419 Ἦρα
1082 2345 1364 2417 ἐφρόντιζε
1410 2346 1519 2399 τῶν
1551 2344 1838 2417 Ἑλλήνων⁸

251 2438 619 2510 φροντίζουσα
642 2440 720 2504 δὲ,
759 2437 1073 2509 βουλεύεται
1114 2440 1396 2511 ἀπατῆσαι
1432 2438 1525 2492 τὸν
1554 2439 1671 2504 Δία,
1705 2439 1841 2511 πρὸς

253 2530 405 2599 μίξιν
438 2530 600 2584 αὐτὸν
625 2531 720 2584 καὶ
749 2529 915 2583 ὕπνον
944 2529 1379 2600 ἐκϐακχεύουσα,
1407 2530 1517 2593 ἵνα,
1549 2528 1839 2584 καθεύδον-

245 2638 343 2685 τος
371 2620 466 2674 τοῦ
490 2621 633 2685 Διὸς,
672 2620 968 2692 άσοήθητοι
997 2621 1047 2673 oi
1073 2619 1262 2691 Τρῶες
1287 2619 1569 2691 γενόμενοι
1592 2619 1842 2692 ἡττηθῶ-

248 2728 338 2763 σιν
391 2711 501 2765 άπὺ
545 2711 653 2764 τῶν
701 2711 993 2784 Ἑλλήνων.
1047 2710 1234 2765 Ταῦτα
1271 2707 1366 2764 οὖν
1407 2710 1837 2783 βουλευσαμένη,

244 2804 522 2875 λαμϐάνει
554 2804 625 2859 τά
660 2806 893 2878 πορνικά
938 2805 1377 2876 καλλωπίσματα
1414 2805 1594 2861 πάντα
1628 2808 1692 2860 ἐκ
1742 2804 1838 2859 τοῦ

245 2895 448 2949 κεστοῦ
498 2898 598 2969 τῆς
664 2898 1002 2971 Ἀφροδίτης.
1068 2899 1125 2953 '0
1185 2898 1244 2952 δὲ
1299 2899 1491 2963 κεστὺς
1544 2898 1839 2970 μυθεύεται

247 2988 525 3059 κάμψειόν
570 3007 624 3043 τι
656 2987 817 3054 εἶναι,
848 2993 905 3044 ἐν
936 2985 981 3059 ᾧ
1010 2990 1188 3046 πάντα
1234 2991 1301 3046 τά
1344 2991 1481 3063 πρὸς
1525 2992 1717 3056 κάλλος
1745 2991 1840 3046 καὶ

245 3080 557 3153 εὐμορφίαν
590 3081 683 3136 καὶ
726 3083 957 3154 χάριτας
996 3083 1090 3137 καὶ
1134 3084 1496 3154 λαμπρότητα
1541 3081 1836 3153 προσώπου

245 3172 651 3229 ἐναπόκεινται.
702 3169 838 3229 Εἶτα
887 3176 1284 3247 κοσμησαμένη
1327 3176 1502 3229 ἄνεισι
1552 3175 1706 3247 παρὰ
1746 3175 1836 3229 τὸν

1871 536 1921 594 Δ

2326 530 2416 587 80.
2456 529 2533 585 De
2574 530 2783 585 Oceano
2810 540 2858 584 et
2899 529 3135 587 Thetide.

2018 620 2173 676 Hanc
2194 637 2417 693 quoque
2442 622 2683 677 fabulam
2713 622 2986 677 inducunt
3019 634 3209 693 poetae.
3247 625 3529 680 Oceanum

1949 713 2199 769 videlicet
2219 712 2447 769 deorum
2475 713 2720 768 omnium
2746 721 2954 783 patrem
2979 729 3122 777 esse,
3150 730 3215 769 ac
3235 714 3526 772 Thetidem

1947 808 2200 867 matrem,
2238 802 2498 871 ipsosque
2528 800 3031 869 hermaphroditum
3064 800 3353 870 quemdam
3380 817 3525 858 esse.

1944 893 2116 947 Aiunt
2165 892 2331 947 etiam
2369 891 2663 948 dissidium
2706 891 2837 945 olim
2887 892 3029 947 inter
3071 908 3168 949 eos
3223 893 3524 957 exstitisse,

1946 993 2201 1039 caeterum
2233 998 2397 1055 opera
2427 983 2796 1053 precibusque
2828 981 3063 1040 Junonis
3097 984 3301 1041 coiisse
3333 999 3530 1040 rursus

1948 1078 2090 1133 inter
2115 1092 2210 1133 eos
2232 1076 2528 1131 amicitiam
2557 1084 2722 1146 atque
2746 1077 3122 1131 concordiam.
3154 1078 3274 1143 Qua
3318 1077 3526 1143 fabula,

1949 1169 2240 1240 inquiunt,
2283 1166 2632 1239 signiﬁcatur
2682 1183 2779 1239 per
2823 1165 3103 1223 Oceanum
3152 1183 3386 1238 aquam,
3432 1184 3530 1239 per

1948 1259 2233 1317 Thetidem
2265 1270 2450 1316 autem
2486 1268 2692 1315 terram
2725 1260 3129 1332 intelligendam
3152 1276 3317 1318 esse:
3356 1262 3532 1333 quod-

1946 1371 2055 1426 que
2082 1354 2210 1409 olim
2252 1368 2392 1423 aqua
2434 1353 2573 1407 nihil
2607 1354 2925 1408 commercii
2958 1368 3082 1407 cum
3109 1359 3258 1407 terra
3294 1354 3532 1409 habente

1948 1448 2099 1503 nulla
2144 1461 2233 1503 res
2290 1448 2348 1501 in
2399 1446 2565 1499 vitam
2608 1445 3039 1516 producebatur,
3078 1446 3173 1501 sed
3231 1445 3530 1502 interibant

1947 1540 2152 1595 omnia.
2207 1536 2406 1593 Postea
2448 1545 2631 1592 autem
2682 1533 2954 1591 Junonem
3010 1537 3423 1605 conjunctionis
3477 1546 3533 1592 et

1950 1630 2287 1686 matrimonii
2318 1627 2606 1699 praesidem
2636 1626 2746 1683 duo
2780 1629 2894 1683 hac
2916 1627 3186 1683 elementa
3210 1630 3265 1683 in
3295 1644 3531 1684 concor-

1947 1725 2092 1779 diam
2152 1721 2484 1777 reduxisse:
2529 1730 2694 1791 atque
2751 1720 2827 1775 ita
2874 1721 3133 1791 deinceps
3177 1737 3361 1777 rerum
3407 1737 3533 1793 pro-

1860 1860 1869 1869 .
1948 1816 2288 1872 creationem
2321 1822 2677 1870 consecutam
2706 1812 2896 1869 fuisse.

2229 1948 2319 2006 81.
2364 1948 2440 2005 De
2474 1949 2761 2021 nubigrega
2792 1947 2921 2003 Jove
2946 1959 2993 2004 et
3014 1946 3247 2004 lunone.

2017 2059 2223 2115 Fabula
2268 2060 2383 2116 haec
2434 2060 2751 2132 hujusmodi
2791 2060 2860 2117 de
2910 2077 3080 2117 causa
3123 2063 3358 2118 conficta
3400 2071 3525 2120 est:

1941 2152 2156 2224 Jupiter
2185 2155 2239 2209 in
2271 2152 2640 2224 Trojanorum
2674 2163 2883 2226 partem
2920 2158 3095 2226 magis
3127 2159 3524 2228 propendebat,

1943 2253 2107 2315 atque
2138 2245 2209 2299 oh
2247 2243 2499 2301 Thetidis
2546 2245 2992 2315 deprecationem
3042 2248 3098 2302 in
3141 2248 3370 2305 Achillis
3400 2266 3529 2322 gra-

1942 2336 2073 2390 tiam
2104 2336 2396 2393 inferiores
2440 2337 2666 2394 Graecos
2706 2339 2998 2407 elliciebat,
3036 2349 3095 2395 ut
3135 2343 3387 2398 videlicet
3422 2345 3526 2415 ipsi

1942 2430 2010 2484 ab
2050 2430 2303 2486 hostibus
2330 2432 2575 2501 superati
2642 2432 2910 2487 Achillem
2945 2433 3225 2503 requirere
3268 2450 3531 2508 cogeren-

1940 2532 2051 2580 tur.
2082 2526 2151 2579 Αι
2181 2523 2324 2581 Juno
2367 2524 2582 2582 Graecis
2611 2526 2927 2582 consultum
2956 2527 3186 2598 cupiens
3229 2544 3326 2599 per
3365 2545 3529 2584 vene-

1942 2631 2095 2671 reum
2130 2631 2487 2687 congressum
2536 2618 2900 2690 imposturam
2928 2618 3045 2675 Jovi
3086 2620 3267 2675 facere
3299 2621 3529 2676 medita-

1941 2716 2050 2763 tur.
2090 2709 2171 2763 Ac
2230 2720 2586 2780 posteaquam
2650 2726 2773 2765 cum
2828 2712 2949 2782 ipso
3005 2713 3371 2783 perbacchata
3418 2722 3525 2775 est,

1942 2816 2197 2855 somnum
2228 2801 2277 2855 ei
2314 2801 2599 2867 conciliat,
2644 2808 2726 2865 ut,
2754 2801 2882 2855 dum
2918 2803 3008 2858 ille
3038 2802 3260 2866 dormit,
3298 2801 3526 2873 Trojani

1939 2890 2090 2946 omni
2122 2892 2325 2946 auxilio
2346 2891 2594 2945 destituti
2620 2906 2650 2944 a
2671 2888 2879 2947 Graecis
2909 2893 3223 2947 vincantur.
3251 2891 3367 2947 Hoc
3393 2908 3530 2950 con-~

1940 2983 2066 3038 silio
2100 2982 2256 3048 inito,
2305 2981 2621 3037 meretricia
2662 2993 2985 3038 ornamenta
3017 3000 3081 3039 ex
3115 2983 3344 3041 Veneris
3373 2993 3526 3042 cesto

1940 3075 2194 3131 assumit.
2246 3074 2470 3131 Cestum
2524 3091 2690 3146 porro
2741 3075 2958 3130 thecam
3004 3078 3301 3148 quamdam
3351 3078 3526 3135 fuisse

1941 3167 2118 3231 aiunt,
2177 3167 2233 3222 in
2269 3183 2376 3238 qua
2417 3168 2606 3222 omnia
2668 3166 2920 3223 fraudum
2976 3185 3180 3241 genera
3239 3173 3527 3228 recondita

246 3265 369 3331 Δία,
402 3266 499 3321 καὶ
533 3268 673 3320 κινεί
702 3266 864 3320 αὑτὸν
896 3268 961 3321 ὲκ
991 3235 1085 3319 τοῦ
1130 3235 1449 3338 πλάσματος
1481 3235 1669 3320 τού-τοι)
1701 3265 1838 3338 πρὸς
1865 3253 1868 3276 ⁴

1950 3269 2120 3326 erant,
2173 3235 2302 3332 (μιξέ
2342 3261 2409 3316 ad
2463 3261 2930 3332 pulchritudinem
2978 3235 3032 3319 et
3081 3266 3408 3336 elegantiam
3462 3283 3528 3323 ac

248 3355 446 3428 ἡδονὴν
467 3357 561 3412 καὶ
583 3357 844 3427 λαγνείαν
859 3373 873 3387 ⁸
900 3358 964 3412 ἐκ
987 3357 1094 3428 γῆς
1110 3358 1166 3411 δὲ
1185 3375 1253 3411 πε
1263 3357 1540 3429 ριέϐαλλεν
1557 3358 1721 3429 ἐαυτῇ
1747 3358 1841 3411 καὶ

1950 3363 2280 3412 venustatem
2331 3356 2624 3425 vultusque
2674 3357 3024 3426 splendorem
3076 3360 3203 3414 usui
3248 3376 3371 3417 esse
3405 3376 3529 3434 pos-

246 3449 351 3519 τῆς
375 3449 483 3503 τῶν
520 3449 709 3521 μύρων
738 3449 988 3514 εὐωδίας.
1011 3451 1123 3504 Καὶ
1153 3449 1316 3521 γάρή
1350 3449 1446 3520 γῆ,
1472 3451 1657 3522 φησιν,
1680 3449 1842 3504 ἐϐλά-

1950 3458 2089 3505 sunt.
2124 3446 2203 3500 lta
2239 3454 2434 3500 ornata
2479 3444 2545 3500 ad
2572 3444 2761 3502 Jovem
2813 3448 3083 3509 ascendit.
3120 3457 3286 3520 atque
3336 3451 3528 3521 hujus-

248 3553 421 3607 στησε
434 3537 687 3609 βοτάνας,
708 3533 818 3593 οἷον
835 3539 1027 3603 λῶτον,
1041 3540 1264 3611 κρόκον,
1283 3541 1375 3594 καὶ
1397 3540 1670 3605 ὑάκινθον,
1690 3541 1838 3613 ῥόδα,

1950 3540 2086 3595 modi
2122 3539 2248 3594 fuco
2289 3555 2414 3593 eum
2447 3539 2514 3593 ad
2533 3539 2870 3609 voluptatem
2910 3549 2963 3595 et
2998 3541 3282 3598 libidinem
3315 3544 3531 3599 inﬂam-

244 3628 348 3681 καὶ
392 3629 461 3683 τά
490 3631 654 3685 λοιπά
682 3630 951 3704 ἀρώματα
980 3631 1116 3703 ἔργα
1176 3632 1458 3704 μυρεψῶν,
1494 3632 1590 3686 καὶ
1618 3635 1839 3705 μόσχον.

1950 3641 2053 3688 mat
2091 3650 2103 3686 :
2135 3632 2443 3703 quinetiam
2488 3647 2518 3686 e
2565 3641 2713 3686 terra
2768 3642 3176 3706 unguentorum
3226 3640 3530 3694 suavitates

246 3720 356 3778 sibi
399 3721 643 3792 undique
688 3721 898 3792 injecit.
948 3722 1117 3777 Terra
1161 3724 1327 3791 enim,
1380 3734 1441 3779 ut
1472 3726 1651 3796 inquit
1689 3736 1870 3797 poeta,
1928 3724 2131 3781 herbas
2174 3723 2425 3795 protulit,
2486 3731 2546 3777 ut
2584 3738 2830 3792 crocum,
2866 3742 3044 3796 rosas,
3078 3728 3275 3797 lotum,
3306 3730 3530 3803 hyacin-

246 3814 396 3879 thos,
435 3813 569 3881 lilia,
598 3814 857 3879 cassiam,
889 3813 1282 3881 cinamomum,
1313 3825 1547 3884 stacten,
1578 3819 1901 3892 reliquaque
1937 3823 2182 3873 aromata
2211 3816 2505 3887 unguentis
2535 3817 2970 3874 accommodata.

542 3928 652 3981 π6’.
692 3928 833 4001 Περὶ
858 3929 969 3999 τῆς
997 3930 1176 4000 ’Ἠρας
1204 3932 1549 4004 δεδεμέφης.

331 4086 398 4140 Ἥ
439 4087 591 4159 Ἦρα
625 4087 887 4152 πολλάκις
917 4088 1240 4160 ἐζηλοτύπει
1270 4091 1361 4145 τὸν
1406 4092 1700 4164 Ἡρακλέα.
1748 4096 1837 4150 Ἐν

247 4175 329 4249 τῷ
372 4176 507 4246 γοῦν
558 4178 925 4249 ὑποστρέφειν
989 4180 1154 4234 αὐτὸν
1203 4183 1267 4235 ἐκ
1318 4182 1420 4253 τῆς
1457 4185 1688 4256 Τροίας,
1745 4188 1835 4243 ὅτε

252 4266 396 4339 μετὰ
421 4266 517 4320 τοῦ
550 4267 876 4339 Τελαμῶνος
903 4268 1073 4341 αὐτὴν
1109 4269 1402 4341 ἐπόρθησε,
1431 4271 1709 4345 διετάραξε
1735 4276 1837 4346 τὴν

250 4360 563 4423 θάλασσαν,
590 4360 685 4414 καὶ
724 4361 850 4425 τοὺς
875 4361 1113 4432 ἀνέμους
1144 4363 1386 4435 διήγειρε
1408 4380 1421 4395 ’
1455 4366 1549 4419 καὶ
1579 4367 1835 4437 ἐχείμαζε

249 4453 311 4507 τδ
353 4452 564 4522 σκάφος
606 4454 673 4524 τῇ
717 4451 809 4523 βίᾳ
851 4451 946 4505 καὶ
979 4452 1055 4524 τῷ
1088 4454 1317 4509 κλύδωνι
1365 4455 1460 4510 τοῦ
1500 4456 1833 4529 Ἡρακλέως.

1946 3950 2037 4006 82.
2078 3950 2157 4006 De
2184 3950 2397 4006 lunone
2427 3952 2482 4026 in
2514 3952 2706 4026 (ethera
2735 3969 2798 4026 ac_
2840 3953 3067 4009 nubibus
3106 3956 3381 4026 pendente,
3415 3962 3528 4014 viu-

2369 4024 2604 4092 culisque
2635 4024 2821 4084 ferreis
2857 4027 3104 4081 astricta.

2014 4111 2181 4179 Juno,
2216 4121 2275 4168 ut
2307 4114 2511 4185 passm]
2550 4115 2771 4187 legitur,
2800 4118 2992 4175 dolore
3018 4123 3304 4196 zelotypiaa
3333 4127 3528 4184 adver-

1945 4219 2040 4260 sus
2067 4203 2354 4260 Herculem
2386 4207 2595 4276 percita
2620 4217 2758 4263 erat.
2783 4207 3019 4267 Proinde
3041 4228 3166 4269 cum
3196 4218 3287 4273 ille
3303 4218 3525 4291 Troiam

1944 4312 2069 4353 cum
2107 4296 2404 4353 Telamone
2442 4298 2756 4369 populatus.
2808 4318 2875 4357 ex
2920 4320 2983 4359 ea
3019 4307 3364 4376 expeditione
3403 4313 3523 4367 red-

1944 4390 2082 4457 iret,
2134 4387 2278 4444 Juno
2328 4404 2480 4446 mare
2525 4393 2893 4461 perturbavit,
2955 4397 3318 4471 excitatisque
3347 4406 3527 4460 ventis

1948 4480 2307 4551 procellosum
2344 4490 2887 4558 tempestuosumque
2912 4489 3170 4545 reddidit.
3200 4491 3276 4548 lla
3309 4505 3365 4550 et
3392 4513 3525 4553 ven-

249 4544 355 4598 Τὸν
388 4544 444 4598 δέ
479 4544 645 4598 ὕπνον
678 4545 985 4616 μαγγανεία
1015 4545 1122 4598 τινὶ
1158 4548 1479 4619 χρησαμένη
1521 4549 1837 4621 προσελθεῖν

1950 4581 2124 4629 torum
2156 4581 2210 4629 et
2236 4544 2507 4630 undarum
2555 4576 2759 4648 impetu
2797 4544 2960 4637 navis
2997 4580 3253 4641 Herculis
3271 4587 3522 4657 jactaba-

247 4637 477 4707 ἐποίησε
514 4634 593 4707 τῷ
627 4636 732 4700 Διὶ,
760 4636 855 4689 καὶ⁹
884 4634 1203 4705 ἐφύπνωσεν
1229 4639 1412 4705 αὑτὸν,
1442 4639 1529 4695 ἵνα
1565 4641 1638 4714 μὴ
1671 4643 1839 4714 ἐγρη-

1942 4674 2055 4719 tur.
2108 4663 2322 4722 Interea
2364 4669 2661 4739 praestigiis
2707 4672 3037 4742 quibusdam
3088 4676 3352 4738 adhibitis
3395 4680 3516 4738 Juvi

248 4726 427 4800 γορὼς
453 4726 695 4800 βοηθήσῃ
724 4726 803 4797 τῷ
836 4727 1099 4801 Ἠρακλεῖ
1116 4732 1518 4804 χειμαζομένῳ.
1551 4732 1755 4788 Μαθὼν
1780 4733 1837 4788 δέ

1950 4772 2193 4813 somnum
2236 4762 2531 4817 accersivit
2565 4782 2577 4818 :
2613 4780 2701 4830 ne,
2738 4767 2782 4821 si
2811 4767 3081 4838 vigilaret,
3124 4768 3340 4829 Herculi
3382 4784 3519 4833 tem—

253 4820 393 4891 μετὰ
421 4821 513 4874 τὸν
539 4819 706 4876 ὕπνον
741 4822 769 4873 ό
799 4821 936 4885 Ζεὺς
964 4821 1025 4875 τὸ
1050 4824 1479 4897 κατασκεύασμα
1499 4828 1599 4898 τῆς
1634 4828 1835 4901 Ἤρας,

1950 4855 2144 4903 testate
2193 4850 2403 4921 jactato
2474 4869 2540 4909 ac
2607 4819 2943 4926 periclitar-iti
2997 4862 3262 4918 auxilium
3330 4864 3516 4923 ferret.

247 4914 574 4984 τιμωρεῖται
628 4912 798 4984 αὐτὴν
843 4912 1015 4967 οὕτωσ
1060 4914 1166 4968 Δύο
1198 4917 1444 4988 ἄκμονας
1483 4919 1654 4992 δήσας
1698 4920 1835 4992 αὐτῇ

1950 4942 2366 5012 Expergefactns
2437 4912 2624 5017 itaque
2678 4945 2892 5018 Jupiter
2955 4951 3232 5009 intellecta
3285 4955 3521 5015 Iunonis

250 5006 382 5077 crept
407 5005 536 5069 τοὺς
566 5006 751 5070 πόδας,
784 5006 915 5078 περὶ
939 5007 996 5061 δὲ
1039 5007 1139 5073 τάς
1185 5012 1377 5081 χεῖρας
1406 5011 1571 5076 πέδας
1611 5012 1837 5066 ἀδιαλύ-

1950 5030 2133 5087 I'raudc
2170 5034 2274 5089 hoc
2302 5037 2574 5107 supplicio
2609 5040 2662 5093 in
2698 5055 2819 5095 eam
2853 5058 2988 5099 usus
3018 5054 3147 5101 est:
3181 5045 3405 5107 Duabus
3439 5052 3519 5106 in—

248 5113 398 5161 τους,
443 5097 756 5171 ἐκρέμασεν
798 5098 969 5170 αὐτὴν
1006 5100 1114 5155 άπὸ
1154 5102 1249 5157 τοῦ
1274 5102 1532 5176 ούρανοῦ,
1580 5104 1838 5177 τιμωρῶν

1950 5124 2172 5183 rudibus
2217 5129 2384 5199 pedes
2435 5131 2611 5201 ipsius
2650 5135 2934 5202 astrinxit,
2975 5138 3286 5212 vinetisque
3330 5142 3516 5199 itidem

249 5190 444 5261 αυτήν.
1936 5219 2192 5275 manibus
2253 5221 2584 5281 ﬁrmissimis
2654 5226 2984 5298 quibusdam
3045 5190 3254 5291 catenis
3312 5250 3433 5292 eam
3486 5252 3519 5292 ο

1936 5307 2076 5362 οωιο
2102 5312 2411 5381 suspendit.

616 5419 730 5482 πγ’.
762 5413 903 5482 Περὶ
930 5417 1120 5484 φόϐου
1152 5416 1270 5471 τῶν
1293 5416 1465 5472 θεῶν.

315 5517 460 5588 Παρ’
507 5514 735 5614 ’ρμήρῳ
787 5520 869 5583 είς
924 5519 1023 5592 τὴν
1060 5520 1443 5595 Υραιιῳδίαν,
1490 5522 1585 5578 τοῦ
1649 5525 1830 5596 ’Λχιλ-

2012 5526 2148 5584 Cum
2202 5529 2444 5589 Achilles
2504 5535 2652 5590 omni
2703 5540 2870 5593 animi
2915 5544 3275 5614 COrporisque
3316 5546 3518 5605 robore

248 5607 383 5671 λέως
403 5606 547 5661 κατὰ
576 5610 781 5680 κράτος
805 5610 1215 5681 άριστεύοντος,
1242 5615 1407 5684 φόϐος
1430 5615 1591 5671 ἔλαϐε
1615 5616 1707 5670 τὸν
1731 5617 1830 5671 Δία

1950 5636 2229 5693 pugnaret,
2275 5629 2659 5701 egregiamque
2688 5647 2909 5703 operam
2946 5645 3193 5701 navaret,
3225 5639 3396 5695 subiit
3423 5640 3517 5697 Jo-

249 5700 448 5771 μήπως
478 5702 631 5773 παρὰ
663 5702 723 5757 τὸ
752 5702 1088 5777 εἱμαρμένον
1116 5707 1144 5761 ό
1186 5707 1462 5780 Ἀχιλλεὺς
1489 5707 1742 5781 πορθήσῃ
1772 5709 1833 5764 τὸ

1950 5729 2060 5771 vem
2096 5722 2295 5783 metus,
2329 5733 2397 5775 ne
2427 5700 2625 5791 praeter
2657 5700 2827 5779 fat—um
2862 5724 2953 5783 ille
2983 5723 3202 5801 Trojam
3231 5744 3513 5803 expugna-

2330 5425 2419 5480 85.
2462 5427 2540 5481 De
2560 5438 2758 5485 terrore
2779 5430 2882 5487 diis
2912 5434 3125 5504 injecto.
