4018 6296
580 246 711 303 4031

578 374 684 420 ret.
708 363 829 431 Quo
862 362 1062 418 timore
1093 362 1323 417 allectus
1348 359 1458 416 diis
1490 359 1726 414 liberum
1754 358 1906 421 facit,
1939 366 1996 411 ut
2034 355 2158 426 qui-

581 456 686 511 bus
708 455 940 525 quisque
966 455 1147 517 vellet,
1172 468 1328 524 apem
1360 451 1545 513 ferret,
1577 458 1740 521 atque
1764 449 1853 503 alii
1879 448 2150 516 Trojnnis.

1952 237 2235 295 NONNUS
2275 237 2495 293 ΑΕΗ.ὶὸ

3692 253 3804 306 ιοῖἓ

2267 356 2447 409 Ἴλιον.
2492 356 2661 411 Τοῦτο
2693 358 2750 411 δὲ
2779 359 3145 430 φοϐούμενος,
3194 360 3534 434 ὲξπι]τρέπει
3564 368 3664 427 τοῖς
3694 366 3809 430 Θεοῖς

2263 450 2351 501 τὸν
2383 449 2705 521 βουλόμενον
2752 446 2796 519 ᾧ
2844 452 3094 521 βούλεται
3141 455 3403 507 ἀπελθεῖν
3432 456 3526 508 καὶ
3561 456 3811 529 βοηθῆσαι.

581 546 673 599 alii
699 518 907 600 drecis
935 544 1143 598 auxilia
1170 518 1378 598 essent.
1413 540 1524 595 llac
1562 518 1832 610 potestate
1854 538 1989 607 ipsis
2022 535 2161 589 facta

2275 540 2386 594 Ἱνα
2414 543 2461 594 οἱ
2496 518 2596 611 μέν
2624 545 2737 607 τοῖς
2777 518 3032 616 Τρωσὶν,
3063 548 3111 599 oi
3136 546 3194 599 δὲ
3227 549 3344 610 τοῖς
3377 518 3601 618 Ἕλλησι
3641 518 3814 622 boior-

577 634 802 706 lupiter
839 634 1084 704 quidem,
1133 641 1193 687 ut
1234 632 1446 701 ﬁngunt
1488 638 1731 701 poetae
1771 629 1912 684 cmla
1942 626 2118 681 tonuit
2149 643 2160 677 ε

583 726 871 798 Neptunus
905 734 1087 780 autem
1125 738 1276 779 mare
1309 723 1594 776 concussit
1625 738 1639 774 :
1669 719 1831 773 Pluto
1856 732 1987 773 vero
2025 718 2166 771 caelo

582 836 646 875 ac
693 819 832 875 mari
888 818 1186 873 commotis
1245 816 1563 886 pertimuit,
1614 829 1682 869 ne
1722 820 1902 868 emota
1951 825 2168 882 quoque

583 924 728 969 terra
775 915 810 969 ii
843 913 934 984 qui
987 913 1090 968 sub
1122 921 1266 967 terra
1319 921 1498 975 erant,
1548 914 1921 977 erumperent,
1970 919 2035 959 ac
2078 919 2166 959 res

581 1006 802 1076 imperii
834 1005 918 1058 sui
957 1004 1010 1057 in
1044 1003 1221 1056 lucem
1259 1001 1664 1072 proferrentur.
1708 997 1851 1053 Sunt
1880 1004 2063 1052 autem
2099 996 2167 1052 de

585 1098 689 1152 hac
719 1112 777 1152 re
815 1097 867 1149 hi
906 1094 1124 1149 Homeri
1156 1108 1353 1148 versus
1383 1109 1397 1145 :

652 1212 820 1281 Atque
860 1208 1014 1263 Erebi
1048 1207 1295 1281 dominus
1320 1204 1487 1276 regali
1525 1202 1645 1281 sede
1665 1203 1852 1256 relicta

657 1277 878 1334 Eaisiliit
910 1277 1156 1347 pauidus,
1182 1288 1413 1347 metuens
1439 1292 1501 1330 nc
1530 1278 1668 1347 forte
1687 1288 1909 1340 superne

653 1346 966 1406 Concuteret
993 1361 1192 1403 terram
1217 1346 1478 1399 tumidum
1498 1346 1586 1414 qui
1615 1353 1866 1412 temperat
1891 1357 2093 1411 azquar.

582 1459 671 1517 δι.
715 1459 786 1515 De
814 1468 947 1513 nutu
986 1457 1393 1529 superciliorum
1438 1466 1487 1511 et
1530 1457 1883 1510 commotione
1907 1455 2161 1509 crinium.

658 1550 928 1606 Homerus
965 1549 1158 1605 Jovem
1210 1547 1442 1612 inducit,
1477 1548 1931 1621 pollicitationem
1985 1547 2161 1609 hanc,

585 1658 695 1711 qua
728 1640 950 1697 Thetidi
975 1639 1211 1695 Achillis
1243 1638 1502 1708 iniuriam
1533 1653 1656 1694 sese
1683 1638 1928 1692 ulturum
1957 1635 2164 1705 recepit

586 1734 1008 1803 superciliorum
1055 1732 1355 1804 agitatione
1400 1731 1841 1794 conﬁrmantem,
1891 1742 1955 1782 ac
1999 1726 2165 1782 simul

2271 649 2426 687 σωσι.
2462 635 2680 689 Τούτων
2712 631 2805 689 οὖν
2837 638 3272 709 ὲπιτραπέντων,
3302 641 3335 692 ὁ
3374 640 3477 709 μὲν
3510 640 3670 704 Ζεὺς,
3700 649 3817 698 κατὰ

2266 722 2357 775 τὸν
2384 722 2571 793 μῦθον,
2598 724 2921 797 ἐϐρόντησεν
2948 729 3014 781 ἐκ
3042 728 3135 782 τοῦ
3158 729 3396 799 ούρανοῦ
3414 746 3425 759 ⁸
3451 732 3480 783 ὸ
3500 730 3556 784 δὲ
3584 733 3819 788 Ποσειδὼν

2270 811 2406 866 σείει
2439 814 2537 883 τὴν
2569 812 2874 870 θάλασσαν·
2906 818 2936 869 ὁ
2964 817 3020 870 δὲ
3057 817 3244 887 ᾍδης,
3286 818 3615 872 σεισθέντων
3651 820 3741 889 τῆς
3774 838 3819 874 τε

2268 902 2543 975 θαλάσσης
2570 908 2665 960 καὶ
2697 905 2791 959 τοῦ
2824 907 3077 978 ούρανοῦ,
3106 909 3351 981 έφοῦήϐη
3383 911 3583 981 μήπως
3620 911 3820 965 σεισθεί-

2270 1004 2367 1065 σης
2410 995 2509 1065 τῆς
2543 997 2648 1067 γῆς
2685 996 2985 1069 ἀνάρῤηξις
3019 1000 3244 1071 γένηται
3278 1002 3398 1054 τῶν
3445 1002 3821 1073 καταχθονίων,

2266 1085 2704 1160 καὶδημοσιευθῇ
2732 1090 2798 1143 τὰ
2827 1091 2950 1143 κατ’
2976 1090 3329 1146 αὑτόν.Ἕστι
3350 1093 3410 1145 δὲ
3427 1094 3496 1147 τὰ
3524 1094 3626 1164 έπη
3651 1094 3818 1147 ταῦτα·

2266 1200 2482 1266 Δείσας
2509 1200 2561 1253 δ’
2610 1203 2678 1255 ἐκ
2713 1202 2931 1271 θρόνου
2968 1197 3117 1259 ἆλτο
3147 1204 3246 1259 καί
3280 1206 3442 1274 ἴαχε,
3475 1206 3555 1274 μή
3595 1210 3648 1276 οἱ
3674 1208 3823 1276 ὕπερ-

2268 1336 2457 1393 Γαῒαν
2488 1336 2843 1410 ἀναρῤήεειε
2870 1343 3214 1398 Ποσειδάων
3248 1272 3717 1415 ἐνοσίχθωνῑθεν

2477 1448 2580 1505 τπδ’.
2624 1450 2761 1517 Περὶ
2790 1454 3184 1519 συν-νεύσεως
3222 1452 3347 1508 τῶν
3379 1456 3644 1524 ὀφρύων.

2336 1541 2586 1611 Ὄμηρος
2616 1544 2861 1615 εἰσφέρει
2896 1545 2988 1598 τὸν
3033 1546 3132 1600 Δία
3170 1547 3311 1617 μετὰ
3362 1548 3465 1620 τὴν
3494 1550 3594 1619 τῆς
3636 1549 3823 1612 Θέτιδος

2269 1634 2479 1687 ἱκεσίαν
2507 1635 2606 1705 τὴν
2635 1637 2762 1707 περὶ
2793 1636 2888 1689 τοῦ
2931 1638 3239 1709 Ἀχιλλέως,
3271 1641 3664 1712 ὑποσχόμενον,
3695 1657 3821 1696 κεια-

2266 1723 2470 1793 νηκότα
2504 1724 2602 1793 μὲν
2634 1726 2733 1788 τὰς
2754 1724 2963 1796 ὀφρύας
2990 1728 3048 1780 ὲν
3071 1731 3137 1800 τῇ
3164 1729 3487 1801 ὑποσχέσει,
3518 1730 3756 1785 σείσαντα
3777 1732 3823 1785 δὲ

586 1840 712 1879 cum
752 1824 952 1895 capitis
985 1831 1121 1879 nutu
1158 1824 1511 1893 crininmque
1556 1820 1929 1877 commotione
1962 1818 2162 1875 cmlum

2275 1814 2366 1877 τὰς
2413 1816 2609 1887 τρίχας
2653 1816 2745 1870 ἐπὶ
2783 1819 2847 1889 τῇ
2906 1819 3229 1874 κατανεύσει
3283 1823 3387 1893 τῆς
3433 1823 3701 1893 κεφαλῆς,
3746 1825 3822 1877 καὶ

588 1918 767 1985 ipsum
834 1924 1291 1972 commoventem.
1359 1914 1685 1969 Ambrosias
1750 1923 1932 1967 autem
1982 1912 2167 1965 crines

2275 1909 2711 1978 συγκινήσαντα,
2753 1910 2906 1980 φησὶ,
2958 1912 3050 1965 τὸν
3082 1912 3202 1967 ὅλον
3243 1916 3478 1985 οὐρανὸν
3521 1916 3612 1968 ἐπὶ
3647 1910 3709 1987 τῇ
3736 1916 3821 1967 τῶν

588 2004 763 2075 ipsius
792 2013 972 2069 vacat,
1014 2012 1205 2075 utpote
1231 2019 1373 2075 quas
1401 2004 1585 2058 nullus
1615 2002 1928 2056 mortalium
1969 1999 2169 2054 habere

2275 1998 2470 2070 τριχῶν
2521 2002 2751 2071 κινήσει.
2800 2001 3131 2075 Ἀμϐροσίας
3181 2005 3238 2059 δὲ
3289 2008 3392 2071 τὰς
3445 2008 3632 2079 τρίχας
3676 2003 3819 2071 εἶπεν,

590 2104 787 2167 potest.

585 2214 678 2271 85.
705 2212 782 2269 De
810 2213 986 2270 Harte
1010 2216 1252 2270 sauciata
1286 2224 1334 2269 et
1364 2216 1418 2270 in
1444 2213 1911 2271 Chalcaceramum
1941 2215 2166 2270 inclusa.

664 2325 893 2381 Martem
965 2340 994 2379 a
1070 2324 1335 2381 Diomede
1397 2325 1748 2379 vulneratum
1815 2324 1988 2379 fuisse
2072 2325 2168 2379 lib.

594 2416 762 2473 Iliad.
796 2434 829 2473 v
877 2423 1069 2471 narrat
1106 2415 1392 2471 Homerus.
1428 2414 1577 2470 Idem
1613 2416 1670 2469 in
1705 2415 1927 2469 vincula
1984 2414 2174 2483 conje-

590 2521 717 2567 ctus
760 2519 846 2564 est
888 2508 957 2562 ab
1002 2506 1105 2562 Ota
1144 2516 1197 2562 et
1224 2507 1479 2577 Ephialta
1514 2505 1668 2561 Alois
1718 2506 1848 2562 liliis
1881 2506 2169 2577 tyrannica

593 2610 794 2656 natura
829 2598 1096 2669 praeditis,
1130 2600 1224 2670 qui
1258 2600 1406 2654 circa
1449 2598 1789 2655 Thessaliam
1818 2600 2168 2662 exstiterunt,

590 2694 809 2763 diisque
854 2693 1053 2748 bellum
1108 2690 1311 2746 inferre
1344 2689 1595 2746 meditati
1643 2697 1790 2746 sunt.
1843 2688 1991 2744 Mars
2040 2704 2172 2761 ergo

594 2784 805 2854 primus
836 2797 960 2837 cum
999 2781 1133 2852 ipsis
1162 2793 1497 2850 congressus
1530 2786 1637 2839 est,
1678 2784 1844 2847 atque
1885 2774 1954 2828 ab
1984 2775 2051 2828 iis
2080 2790 2173 2829 su-

595 2881 839 2942 peratus,
877 2872 933 2926 in
977 2869 1408 2943 Cbalcocerama
1454 2866 1673 2922 vinctus
1715 2873 1819 2921 est.
1858 2864 1955 2919 Est
1988 2872 2171 2920 autem

590 2964 1054 3018 Chalcoceramus
1109 2963 1246 3017 urbs
1289 2960 1395 3015 hoc
1434 2959 1661 3015 nomine
1718 2958 1994 3029 appellata
2038 2976 2051 3012 :
2086 2957 2172 3013 vel

590 3071 765 3125 genus
810 3062 897 3110 est
950 3053 1154 3109 vinculi
1188 3052 1425 3108 dillicilis
1478 3061 1643 3121 atque
1683 3049 2018 3106 insolubilis.
2066 3047 2172 3105 Fe-

593 3155 725 3202 runt
767 3162 933 3217 parra
978 3144 1142 3201 Otum
1171 3155 1226 3201 et
1263 3144 1574 3215 Ephialtem
1623 3158 1771 3198 nano
1818 3144 1996 3198 aatatis
2026 3157 2171 3196 anno

595 3238 821 3311 triginta
856 3254 952 3296 sex
992 3236 1305 3294 altitudinis
1338 3235 1556 3292 cubitos
1606 3233 1889 3300 habuisse,
1940 3234 2179 3289 latitudi-

596 3333 683 3387 nis
716 3339 898 3386 autem
930 3345 1129 3386 novem
1161 3330 1402 3385 cubitos.

1000 3421 1071 3477 86
1091 3463 1105 3477 .
1146 3417 1226 3475 De
1255 3433 1494 3474 amatore
1530 3416 1767 3473 Veneris.

660 3512 850 3571 Venus
883 3512 1113 3570 Vulcani
1163 3513 1304 3569 fabri
1339 3528 1479 3567 uxor
1505 3519 1646 3568 erat.
1687 3510 1836 3566 Hanc
1867 3510 2010 3566 Mars
2043 3510 2175 3565 ada-

596 3608 790 3671 mavit,
839 3622 1073 3677 cumque
1112 3620 1177 3660 ea
1222 3604 1556 3661 adulterium
1600 3602 1956 3674 perpetravit.
2006 3600 2178 3672 Cujus

598 3700 675 3755 rei
726 3700 929 3756 certior
986 3698 1164 3754 lactus
1216 3696 1517 3761 Vulcanus,
1573 3704 1693 3750 arte
1748 3709 1849 3749 sua
1895 3693 2055 3748 Marti
2111 3693 2179 3748 ad

596 3790 1020 3861 subagitandam
1076 3788 1341 3845 Venerem
1392 3785 1672 3842 accedenti
1717 3785 1939 3856 laqueos
1988 3786 2177 3850 nectit,

597 3884 654 3939 in
698 3898 840 3953 quos
874 3883 1195 3953 imprudens
1241 3882 1335 3936 ille
1378 3878 1598 3943 incidit,
1652 3887 1816 3948 atque
1868 3894 1898 3931 a
1935 3874 2179 3933 Vulcano

594 3977 897 4041 detinetur,
932 3990 994 4030 ac
1022 3972 1457 4046 deprehenditur
1484 3968 1751 4026 Venerem
1782 3977 2177 4040 constuprans.

599 4070 707 4126 Nec
758 4069 1117 4124 miseratione
1160 4079 1354 4122 eorum
1401 4064 1631 4120 aﬂ'ectus
1685 4061 2007 4119 Vulcanus»:
2043 4062 2177 4133 quin

597 4162 781 4233 potius
816 4168 876 4216 ut
896 4159 1171 4232 publicam
1201 4157 1334 4229 ipsis
1359 4156 1717 4229 ignominiam
1754 4155 2022 4221 inureret,
2045 4155 2179 4209 deos

598 4254 817 4317 accivit,
868 4252 1260 4321 libidinemque
1302 4265 1496 4306 eorum
1544 4249 1613 4304 ab
1662 4249 1853 4304 oculos
1904 4247 2040 4317 ipsis
2081 4261 2180 4317 pa-

599 4347 731 4403 snit.
764 4346 841 4402 Ac
875 4353 992 4402 tum
1039 4343 1289 4400 videntes
1318 4342 1417 4407 dii,
1450 4339 1914 4412 quemadmodum
1966 4338 2180 4394 adulter

600 4435 691 4489 ille
736 4440 791 4489 et
830 4434 1082 4489 adultera
1122 4432 1279 4504 quasi
1330 4432 1386 4485 in
1441 4429 1782 4501 triumphum
1813 4430 2047 4500 expositi
2096 4429 2179 4482 la-
2232 4448 2235 4451 ·

2268 2084 2402 2154 οἷον,
2430 2090 2496 2154 ἃς
2514 2091 2688 2155 οὐδεὶς
2712 2092 2919 2163 βροτῶν
2942 2092 3163 2147 δύναται
3187 2094 3360 2167 ἔχειν.

2449 2203 2548 2256 πί.
2599 2203 2738 2272 Περὶ
2779 2204 2885 2259 τοῦ
2931 2206 3139 2274 Ἄρεως
3175 2208 3671 2280 τιτρωσκομένου.

2340 2316 2503 2385 Λέγει
2534 2320 2563 2370 ὁ
2594 2319 2845 2391 ποιητὴς,
2876 2320 2957 2374 ὅτι
2995 2321 3207 2393 ἐτρώθη
3256 2323 3369 2377 ὑπὸ
3397 2322 3491 2377 τοῦ
3522 2324 3813 2394 Διομήδους·

2270 2408 2440 2462 ταῦτα
2472 2409 2620 2477 λέγει
2658 2413 2716 2465 ὲν
2758 2414 2822 2482 τῇ
2869 2412 3115 2485 ῥαψῳδίᾳ
3150 2415 3211 2466 Ε.
3253 2414 3446 2487 Ἐδέθη
3491 2415 3547 2469 δὲ
3583 2415 3715 2485 παρὰ
3741 2413 3815 2467 τοῦ

2275 2502 2436 2555 Ὤτου
2483 2507 2576 2556 καὶ
2614 2504 2707 2557 τοῦ
2767 2505 3076 2574 Ἐφιάλτου.
3129 2500 3291 2561 Οὗτοι
3326 2509 3387 2562 δὲ
3443 2504 3584 2580 ἦσαν
3618 2510 3712 2560 υἱοὶ
3740 2508 3817 2577 μὲν

2286 2593 2550 2661 Ἀλωέως,
2584 2596 2680 2651 καὶ
2718 2596 2969 2671 τύραννοι
2997 2601 3095 2671 τὴν
3129 2600 3289 2671 φύσιν
3315 2616 3327 2628 ·
3361 2602 3606 2671 ἐγένοντο
3638 2602 3689 2655 δὲ
3716 2600 3815 2670 περὶ

2271 2686 2588 2745 Θετταλίαν.
2639 2683 2798 2743 Οὗτοι
2845 2690 3183 2763 ἐμελέτησαν
3227 2695 3533 2766 ἀνταρσίαν
3573 2694 3701 2748 κατά
3731 2694 3815 2745 τῶν

2272 2776 2429 2832 θεῶν.
2471 2780 2529 2832 Ὀ
2557 2776 2651 2833 οὖν
2676 2783 2851 2852 Ἀρης
2880 2783 3096 2854 πρῶτος
3121 2784 3329 2855 ἐπῆλθε
3355 2787 3478 2840 κατ’
3514 2786 3698 2850 αὐτῶν,
3722 2781 3813 2838 εἶτα

2272 2872 2559 2944 ἡττηθεὶς,
2598 2873 2754 2944 ἐδέθη
2797 2877 2855 2928 έν
2886 2875 3070 2947 χαλκῷ
3095 2878 3330 2950 κεράμῳ
3349 2895 3364 2909 ο
3395 2878 3627 2950 χαλκοῦς
3664 2878 3716 2931 δὲ
3747 2877 3816 2929 κέ-

2274 2981 2448 3036 ραμος
2468 3005 2483 3029 ,
2517 2965 2550 3037 ἢ
2590 2966 2743 3031 πόλις
2782 2967 2930 3021 ἐστὶν
2963 2967 3104 3022 οὕτω
3149 2970 3468 3043 καλουμένη
3493 3012 3508 3035 ,
3541 2972 3572 3041 ἢ
3619 2965 3741 3031 εἶδός
3775 2984 3815 3019 τι

2272 3056 2475 3129 δεσμοῦ
2507 3058 2805 3131 δυσχεροῦς
2840 3061 2933 3114 καὶ
2958 3060 3238 3116 δυσλύτου.
3272 3063 3543 3131 Δέγονται
3570 3062 3623 3116 δὲ
3648 3064 3692 3114 οἱ
3716 3059 3817 3129 περὶ

2280 3143 2442 3203 Ὦτον
2476 3150 2571 3203 κα)⁵
2610 3150 2902 3223 Ἐφιάλτην
2935 3151 3205 3218 ὲνναέτεις
3238 3154 3398 3218 ὄντες
3417 3195 3432 3217 ,
3480 3151 3614 3209 εἶναι
3644 3152 3818 3222 ἐννεόρ-

2281 3256 2423 3309 γυιοι
2457 3241 2599 3296 κατὰ
2626 3242 2688 3295 τὸ
2727 3241 2902 3313 μῆκος
2917 3282 2943 3314 ,θ
2960 3242 3104 3297 κατὰ
3134 3243 3192 3297 δὲ
3218 3244 3281 3297 τὸ
3312 3245 3519 3308 πλάτος
3539 3285 3554 3311 ,
3595 3244 3818 3311 ἐννεαπή-

2281 3348 2416 3402 χεις.

2422 3431 2540 3490 πς’.
2581 3426 2724 3494 Περὶ
2766 3426 2873 3481 τοῦ
2900 3427 3158 3496 ἐραστοῦ
3196 3427 3308 3497 τῆς
3357 3429 3704 3499 Ἀφροδίτης.

2360 3516 2647 3591 Ἀφροδίτη
2689 3520 2825 3590 γυνὴ
2871 3513 2939 3590 ἦν
2973 3520 3066 3575 τοῦ
3121 3520 3425 3591 Ἡφαίστου
3460 3520 3552 3575 τοῦ
3589 3516 3817 3590 χαλκέως.

2280 3606 2497 3677 Ταύτης
2529 3608 2743 3682 ἠράσθη
2782 3612 2811 3665 ὁ
2848 3612 3044 3683 Ἀρης,
3078 3612 3171 3666 καὶ
3211 3614 3535 3686 ἐμοίχευσεν
3564 3612 3736 3680 αὑτήν.
3772 3605 3819 3658 ⁸0

2279 3695 2370 3754 οὖν
2396 3700 2699 3769 ’Ἥφαιστος
2728 3701 2917 3771 μαθὼν
2937 3702 3116 3767 τοῦτο,
3148 3705 3214 3774 τῇ
3248 3703 3418 3777 τέχνῃ
3449 3702 3608 3758 αὐτοῦ
3636 3696 3820 3768 ἐτεχνᾶ-

2281 3809 2413 3845 σατο
2444 3792 2545 3855 τὰς
2573 3792 2773 3861 πάγας,
2806 3793 2899 3847 καὶ
2933 3794 3115 3865 τίθησι
3144 3793 3220 3865 τῷ
3262 3796 3424 3867 "Aper
3457 3792 3719 3867 ἐρχομένῳ
3746 3788 3819 3840 ἐπὶ

2278 3888 2344 3956 τῇ
2400 3886 2614 3956 μοιχείᾳ
2650 3887 2748 3955 τῆς
2804 3886 3155 3958 Ἀφροδίτης·
3198 3888 3292 3940 καὶ
3342 3888 3601 3959 ἐμπίπτει
3640 3886 3711 3946 εἰς
3741 3882 3819 3941 τὰς

2280 3977 2462 4045 πάγας
2483 3977 2577 4031 καλ⁸
2603 3978 2892 4048 κατέχεται
2917 3981 2946 4031 ὁ
2976 3980 3168 4051 Ἄρης,
3195 3979 3287 4033 καὶ
3314 3982 3563 4051 φωρᾶται
3591 3974 3818 4048 μοιχεύων

2279 4070 2376 4141 τὴν
2408 4071 2748 4142 Ἀφροδίτην.
2778 4072 2889 4124 Καὶ
2908 4071 3010 4125 οὐκ
3038 4072 3227 4125 ἔλυσεν
3250 4072 3452 4136 αὐτοὺς
3475 4074 3503 4125 ὁ
3533 4071 3816 4138 Ἥφαιστος.

2280 4163 2395 4217 ἀλλ’
2413 4164 2594 4219 εἴασεν
2617 4165 2815 4227 αὐτοὺς
2836 4166 2916 4227 είς
2934 4164 3487 4236 παραδειγματισμὺν
3511 4161 3680 4217 αὐτῶν
3698 4198 3711 4220 ,
3734 4157 3819 4215 ἕως

2280 4250 2340 4311 οὗ
2375 4256 2596 4311 ἐκάλεσε
2626 4257 2752 4319 τοὺς
2779 4256 2934 4319 θεοὺς
2963 4256 3058 4310 καὶ
3092 4258 3478 4327 ὲδημοσίευσεν
3501 4252 3701 4313 αὐτούς.
3732 4246 3819 4301 Καὶ

2280 4349 2403 4402 τότε
2434 4351 2483 4402 οἱ
2519 4348 2631 4402 θεολ¹
2662 4348 2864 4412 εἰδότες
2891 4348 2952 4402 τὸ
2986 4346 3103 4411 πῶς
3138 4347 3597 4420 θριαμϐευόμενοι
3622 4346 3700 4414 (ιν
3723 4337 3819 4397 ταις

2282 4442 2483 4510 πάγαις
2507 4441 2860 4513 κατεχόμενοι
2883 4437 3023 4513 ἦσαν
3044 4441 3093 4494 οἱ
3117 4439 3232 4505 δύο,
3246 4442 3341 4494 ὅτε
3368 4439 3549 4513 μοιχὸς
3569 4436 3654 4491 καὶ
3674 4435 3703 4501 ὴ
3723 4446 3819 4501 μοι·

598 4528 756 4597 qneis
787 4535 1125 4593 tenerentur,
1156 4540 1355 4597 magna
1398 4525 1471 4580 ob
1505 4538 1601 4578 eos
1645 4522 1762 4577 risu
1802 4520 1985 4576 dill‘usi
2021 4527 2169 4575 sunt.

2277 4532 2432 4603 χαλὶς
2449 4531 2490 4601 ).
2522 4532 2692 4585 πολὺν
2717 4532 2803 4585 ἐπ’
2830 4533 3025 4597 αὐτοὺς
3046 4532 3306 4601 κατέχεον
3350 4532 3558 4601 γέλωτα
3577 4547 3589 4558 ·
3616 4525 3699 4580 καὶ
3721 4522 3819 4575 τότε

598 4621 676 4674 Ac
721 4627 908 4690 postea
952 4618 1231 4690 persoluta
1271 4616 1470 4686 exigua
1515 4615 1751 4686 pecunia
1786 4611 2036 4669 Vulcano
2078 4627 2177 4683 pro

601 4711 995 4782 redemptionis
1031 4709 1207 4781 pretio
1236 4707 1383 4764 Mars
1418 4706 1635 4763 solutus
1666 4714 1770 4761 est.

1183 4822 1272 4877 87.
1322 4820 1395 4875 De
1426 4818 1599 4875 bellis.

669 4913 851 4971 Pallas
883 4924 936 4971 et
968 4912 1112 4970 Juno
1141 4909 1350 4969 Graecis
1382 4911 1672 4967 studentes
1721 4925 1844 4965 cum
1883 4908 2093 4965 Venere
2124 4918 2179 4966 et

603 5004 796 5069 Marte,
832 5008 923 5077 qui
971 5004 1342 5077 Troianorum
1389 5012 1578 5076 partes
1618 5003 1933 5067 tuebantur,
1970 5002 2174 5056 bellum

599 5096 883 5167 gerebant.
927 5095 1170 5151 Possunt
1205 5095 1370 5150 etiam
1414 5094 1530 5149 haec
1570 5092 1711 5148 bella
1758 5091 2016 5160 intelligi,
2053 5106 2177 5162 qua:

600 5189 683 5244 vel
712 5189 959 5260 gigantes
985 5203 1109 5243 cum
1144 5186 1272 5255 diis,
1306 5186 1390 5242 vel
1419 5182 1645 5240 Titanes
1675 5184 1774 5254 ipsi
1801 5198 1929 5238 cum
1961 5181 2178 5238 Baccho

603 5281 865 5337 inierunt.

868 5391 959 5447 88.
1004 5389 1083 5445 De
1117 5388 1354 5445 Saturno
1383 5399 1433 5443 et
1461 5386 1592 5444 Caeli
1628 5389 1913 5442 excisiane.

674 5502 855 5560 Poetae
876 5502 1087 5559 Caelum
1122 5499 1347 5557 Saturni
1385 5507 1594 5569 patrem
1620 5496 1789 5552 fuisse
1817 5497 2046 5568 lingunt.
2081 5493 2182 5550 Sa-

601 5604 799 5651 turnus
827 5597 1011 5668 itaque
1028 5611 1095 5652 ne
1113 5593 1239 5668 quis
1258 5593 1398 5647 alius
1426 5607 1494 5645 ex
1527 5600 1685 5661 patre
1711 5597 2051 5651 nasceretur,
2089 5603 2181 5642 ac-

604 5697 759 5758 cepta
809 5689 948 5743 falce
995 5686 1286 5760 genitalem
1334 5684 1510 5756 patris
1554 5683 1639 5738 sui
1689 5690 1901 5755 partem
1952 5678 2180 5745 excidit,

606 5789 773 5852 atque
809 5780 864 5837 in
898 5795 1047 5836 mare
1087 5778 1317 5850 ptajecit
1357 5797 1370 5832 :
1405 5784 1568 5849 atque
1598 5785 1789 5833 exorta
1826 5790 2019 5847 spuma
2052 5780 2179 5829 nata

2278 4623 2464 4677 λύεται
2485 4625 2514 4677 ὁ
2530 4626 2724 4696 ⁸Ἄρης,
2746 4625 2836 4678 ὅτε
2862 4624 3035 4695 μικρά
3052 4642 3173 4678 τινα
3192 4624 3361 4696 λύτρα
3377 4618 3642 4689 δίδωσιτῷ
3664 4610 3821 4681 Ἡφαί·

2281 4733 2411 4788 6'"?-
2448 4716 2502 4769 Ἀ
2510 4716 2755 4788 μφιγύην
2776 4716 2832 4770 δὲ
2848 4716 2938 4769 τὸν
2953 4717 3259 4785 ’Ἥφαιστον
3272 4716 3551 4775 ἐκάλεσεν,
3576 4711 3645 4771 ὡς
3654 4705 3815 4778 χωλόν.

2670 4806 2779 4873 πξ.
2829 4809 2969 4878 Περὶ
3014 4809 3132 4865 τῶν
3174 4812 3472 4881 πολέμων.

2364 4901 2566 4974 Ἀθηνᾶ
2595 4903 2694 4975 μὲν
2718 4904 2813 4957 καλ¹
2837 4904 2985 4974 ’Ἡρα
3016 4905 3399 4974 φροντίζουσαι
3423 4902 3529 4959 τῶν
3564 4895 3813 4963 Ἑλλήνων.

2282 4993 2582 5064 ἐπολέμουν
2618 4995 2755 5064 πρὸς
2794 4995 3116 5067 Ἀφροδίτην
3149 4998 3245 5049 καὶ
3283 4998 3452 5069 Ἀρεα
3480 4988 3814 5065 φροντίζοντας

2284 5086 2393 5139 τῶν
2417 5085 2640 5157 Τρώων.
2672 5086 2863 5153 Εἶποις
2903 5087 2961 5141 δὲ
3001 5087 3294 5158 πολέμους,
3329 5086 3567 5147 καὶτοὺς
3606 5077 3702 5135 ἀπὸ
3727 5071 3814 5124 τῶν

2284 5179 2561 5246 Γιγάντων
2596 5180 2736 5251 πρὸς
2768 5180 2894 5243 τοὺς
2930 5180 3092 5248 δῆθεν
3128 5180 3306 5246 θεοὺς,
3340 5179 3434 5235 καὶ
3463 5177 3581 5237 τοὺς
3605 5169 3700 5226 ἀπὸ
3722 5161 3811 5217 τῶν

2284 5268 2529 5321 Τιτάνων
2561 5267 2696 5340 πρὸς
2723 5267 2815 5320 τὸν
2843 5267 3117 5321 Διόνυσον.

2484 5384 2596 5447 πη¹.
2634 5375 2775 5446 Περὶ
2807 5379 3041 5446 Κρόνου
3081 5378 3180 5431 καὶ
3225 5377 3331 5432 τοῦ
3366 5369 3637 5444 Οἰτρανοῦ.

2356 5492 2512 5547 Κατὰ
2542 5492 2631 5546 τὸν
2664 5491 2852 5563 μῦθον,
2883 5495 2912 5548 ὁ
2943 5492 3204 5565 Οὐρανὸς.
3234 5494 3386 5564 φησι,
3417 5489 3607 5559 γίνεται

2292 5586 2492 5659 πατήρ.
2535 5586 2594 5639 '0
2624 5585 2829 5657 Κρόνος
2862 5578 2954 5641 οὖν
2986 5586 3060 5659 μὴ
3091 5584 3409 5657 βουλόμενος
3433 5576 3656 5652 γενέσθαι
3680 5566 3802 5663 ait?

2284 5678 2471 5749 ἕτερον
2500 5680 2685 5737 παῖδα.
2710 5676 2889 5734 λαϐὼν
2916 5680 3182 5753 δρέπανον
3209 5678 3453 5749 ἐκτέμνει
3477 5673 3540 5728 τὰ
3557 5667 3704 5725 αἰδοῖα
3722 5670 3796 5755 τοί)

2290 5772 2514 5842 πατρὸς,
2537 5774 2629 5826 καὶ
2655 5774 2834 5843 ῥίπτει
2858 5773 2997 5827 αὐτὰ
3018 5775 3097 5838 είς
3121 5773 3220 5845 τὴν
3237 5774 3518 5829 θάλασσαν·
3546 5761 3628 5817 καὶ
3649 5758 3792 5822 άὶερου
