  <div class='ocr_page' id='page_1' title='image "/cluster/home/n/w/nwhite01/storage/ocr_20150623/36/hvd.32044024464877/552.png"; bbox 0 0 4018 6296; ppageno 0'>
   <div class='ocr_carea' id='block_1_1' title="bbox 214 322 353 380">
    <p class='ocr_par' dir='ltr' id='par_1_1' title="bbox 214 322 353 380">
     <span class='ocr_line' id='line_1_1' title="bbox 214 322 353 380; baseline 0.014 -3"><span class='ocrx_word' id='word_1_1' title='bbox 214 322 353 380; x_wconf 74' lang='grc'><strong>1055</strong></span> 
     </span>
    </p>
   </div>
   <div class='ocr_carea' id='block_1_2' title="bbox 1049 312 2634 375">
    <p class='ocr_par' dir='ltr' id='par_1_2' title="bbox 1049 312 2634 375">
     <span class='ocr_line' id='line_1_2' title="bbox 1049 312 2634 375; baseline 0.002 -3"><span class='ocrx_word' id='word_1_2' title='bbox 1049 316 1138 372; x_wconf 81' lang='grc' dir='ltr'><strong>Αἰ)</strong></span> <span class='ocrx_word' id='word_1_3' title='bbox 1169 315 1227 373; x_wconf 87' lang='lat' dir='ltr'><strong>S.</strong></span> <span class='ocrx_word' id='word_1_4' title='bbox 1267 312 1597 370; x_wconf 81' lang='lat' dir='ltr'><strong>GREGORII</strong></span> <span class='ocrx_word' id='word_1_5' title='bbox 1635 312 1849 371; x_wconf 78' lang='lat' dir='ltr'><strong>ORAT.</strong></span> <span class='ocrx_word' id='word_1_6' title='bbox 1884 315 1907 371; x_wconf 82' lang='lat' dir='ltr'><strong>l</strong></span> <span class='ocrx_word' id='word_1_7' title='bbox 1945 314 2226 373; x_wconf 76' lang='lat' dir='ltr'><strong>CONTRA</strong></span> <span class='ocrx_word' id='word_1_8' title='bbox 2262 315 2634 375; x_wconf 75' lang='lat' dir='ltr'><strong>JULIANUM.</strong></span> 
     </span>
    </p>
   </div>
   <div class='ocr_carea' id='block_1_3' title="bbox 3339 324 3479 381">
    <p class='ocr_par' dir='ltr' id='par_1_3' title="bbox 3339 324 3479 381">
     <span class='ocr_line' id='line_1_3' title="bbox 3339 324 3479 381; baseline 0.014 -4"><span class='ocrx_word' id='word_1_9' title='bbox 3339 324 3479 381; x_wconf 76' lang='grc' dir='ltr'>ιοδι</span> 
     </span>
    </p>
   </div>
   <div class='ocr_carea' id='block_1_4' title="bbox 203 425 1826 504">
    <p class='ocr_par' dir='ltr' id='par_1_4' title="bbox 203 426 1826 503">
     <span class='ocr_line' id='line_1_4' title="bbox 203 426 1826 503; baseline -0.006 -17"><span class='ocrx_word' id='word_1_10' title='bbox 203 430 506 503; x_wconf 81' lang='grc' dir='ltr'><strong>γενομένου</strong></span> <span class='ocrx_word' id='word_1_11' title='bbox 545 428 811 500; x_wconf 79' lang='grc' dir='ltr'>ἐγεννήθη</span> <span class='ocrx_word' id='word_1_12' title='bbox 852 430 886 502; x_wconf 84' lang='grc' dir='ltr'><strong>ή</strong></span> <span class='ocrx_word' id='word_1_13' title='bbox 937 429 1255 501; x_wconf 76' lang='grc' dir='ltr'>’Λφροδίτη’</span> <span class='ocrx_word' id='word_1_14' title='bbox 1289 426 1440 482; x_wconf 79' lang='grc' dir='ltr'>ἐνθεν</span> <span class='ocrx_word' id='word_1_15' title='bbox 1466 427 1559 480; x_wconf 83' lang='grc' dir='ltr'>καὶ</span> <span class='ocrx_word' id='word_1_16' title='bbox 1595 427 1826 499; x_wconf 41' lang='grc' dir='ltr'>Ἀφρον</span> 
     </span>
    </p>
   </div>
   <div class='ocr_carea' id='block_1_5' title="bbox 1908 425 3479 504">
    <p class='ocr_par' dir='ltr' id='par_1_5' title="bbox 1908 425 3479 504">
     <span class='ocr_line' id='line_1_5' title="bbox 1908 425 3479 504; baseline 0.004 -20"><span class='ocrx_word' id='word_1_17' title='bbox 1908 436 1985 484; x_wconf 75' lang='lat' dir='ltr'><strong>est</strong></span> <span class='ocrx_word' id='word_1_18' title='bbox 2019 425 2224 494; x_wconf 80' lang='lat' dir='ltr'><strong>Venus,</strong></span> <span class='ocrx_word' id='word_1_19' title='bbox 2255 431 2401 486; x_wconf 88' lang='lat' dir='ltr'><strong>unde</strong></span> <span class='ocrx_word' id='word_1_20' title='bbox 2430 432 2596 487; x_wconf 90' lang='lat' dir='ltr'><strong>etiam</strong></span> <span class='ocrx_word' id='word_1_21' title='bbox 2627 430 2912 504; x_wconf 82' lang='grc' dir='ltr'><strong>Ἀφροδίτη</strong></span> <span class='ocrx_word' id='word_1_22' title='bbox 2951 432 3235 489; x_wconf 86' lang='lat' dir='ltr'><strong>nominata</strong></span> <span class='ocrx_word' id='word_1_23' title='bbox 3272 445 3380 500; x_wconf 86' lang='lat' dir='ltr'><strong>est,</strong></span> <span class='ocrx_word' id='word_1_24' title='bbox 3414 441 3479 490; x_wconf 69' lang='grc' dir='ltr'><strong>ἐκ</strong></span> 
     </span>
    </p>
   </div>
   <div class='ocr_carea' id='block_1_6' title="bbox 202 520 1198 595">
    <p class='ocr_par' dir='ltr' id='par_1_6' title="bbox 202 520 1198 595">
     <span class='ocr_line' id='line_1_6' title="bbox 202 520 1198 595; baseline -0.005 -17"><span class='ocrx_word' id='word_1_25' title='bbox 202 524 328 595; x_wconf 81' lang='grc' dir='ltr'>δίτη</span> <span class='ocrx_word' id='word_1_26' title='bbox 362 521 660 593; x_wconf 80' lang='grc' dir='ltr'><strong>ὠνομάσθη</strong></span> <span class='ocrx_word' id='word_1_27' title='bbox 690 522 766 584; x_wconf 81' lang='grc' dir='ltr'>ὡς</span> <span class='ocrx_word' id='word_1_28' title='bbox 791 522 853 576; x_wconf 86' lang='grc' dir='ltr'><strong>ἐκ</strong></span> <span class='ocrx_word' id='word_1_29' title='bbox 879 520 974 575; x_wconf 77' lang='grc' dir='ltr'>τοῦ</span> <span class='ocrx_word' id='word_1_30' title='bbox 1003 520 1198 591; x_wconf 74' lang='grc' dir='ltr'>ἀφροῦ.</span> 
     </span>
    </p>
   </div>
   <div class='ocr_carea' id='block_1_7' title="bbox 205 633 1791 723">
    <p class='ocr_par' dir='ltr' id='par_1_7' title="bbox 205 633 1791 723">
     <span class='ocr_line' id='line_1_7' title="bbox 205 633 1791 723; baseline -0.005 -30"><span class='ocrx_word' id='word_1_31' title='bbox 205 640 318 693; x_wconf 82' lang='grc' dir='ltr'>πθ⁸.</span> <span class='ocrx_word' id='word_1_32' title='bbox 352 639 496 707; x_wconf 79' lang='grc' dir='ltr'>Περὶ</span> <span class='ocrx_word' id='word_1_33' title='bbox 532 636 646 707; x_wconf 79' lang='grc' dir='ltr'>τῆς</span> <span class='ocrx_word' id='word_1_34' title='bbox 691 637 797 692; x_wconf 86' lang='grc' dir='ltr'>τοῦ</span> <span class='ocrx_word' id='word_1_35' title='bbox 825 636 1137 723; x_wconf 50' lang='grc' dir='ltr'>Διὸς’πρὸς</span> <span class='ocrx_word' id='word_1_36' title='bbox 1171 634 1279 689; x_wconf 83' lang='grc' dir='ltr'><strong>τὸν</strong></span> <span class='ocrx_word' id='word_1_37' title='bbox 1304 634 1537 703; x_wconf 74' lang='grc' dir='ltr'>Κρόνον</span> <span class='ocrx_word' id='word_1_38' title='bbox 1566 633 1791 687; x_wconf 78' lang='grc' dir='ltr'>ἐπαγα-</span> 
     </span>
    </p>
   </div>
   <div class='ocr_carea' id='block_1_8' title="bbox 859 724 1151 772">
    <p class='ocr_par' dir='ltr' id='par_1_8' title="bbox 859 724 1151 772">
     <span class='ocr_line' id='line_1_8' title="bbox 859 724 1151 772; baseline -0.007 -11"><span class='ocrx_word' id='word_1_39' title='bbox 859 724 1151 772; x_wconf 85' lang='grc' dir='ltr'>στασεως.</span> 
     </span>
    </p>
   </div>
   <div class='ocr_carea' id='block_1_9' title="bbox 288 816 1794 896">
    <p class='ocr_par' dir='ltr' id='par_1_9' title="bbox 288 816 1794 896">
     <span class='ocr_line' id='line_1_9' title="bbox 288 816 1794 896; baseline -0.008 -16"><span class='ocrx_word' id='word_1_40' title='bbox 288 824 354 880; x_wconf 81' lang='grc'><strong>’0</strong></span> <span class='ocrx_word' id='word_1_41' title='bbox 386 826 521 889; x_wconf 79' lang='grc' dir='ltr'>Ζεὺς</span> <span class='ocrx_word' id='word_1_42' title='bbox 554 822 771 896; x_wconf 85' lang='grc' dir='ltr'>μαθὼν,</span> <span class='ocrx_word' id='word_1_43' title='bbox 804 823 886 876; x_wconf 81' lang='grc' dir='ltr'>ὅτι</span> <span class='ocrx_word' id='word_1_44' title='bbox 911 822 1243 891; x_wconf 75' lang='grc' dir='ltr'>τεκνοφὰγος</span> <span class='ocrx_word' id='word_1_45' title='bbox 1275 820 1424 875; x_wconf 75' lang='grc' dir='ltr'>ἐστὶν</span> <span class='ocrx_word' id='word_1_46' title='bbox 1468 819 1497 871; x_wconf 91' lang='lat'><strong>6</strong></span> <span class='ocrx_word' id='word_1_47' title='bbox 1532 816 1737 887; x_wconf 82' lang='grc' dir='ltr'>Κρόνος</span> <span class='ocrx_word' id='word_1_48' title='bbox 1765 818 1794 868; x_wconf 92' lang='lat'><strong>6</strong></span> 
     </span>
    </p>
   </div>
   <div class='ocr_carea' id='block_1_10' title="bbox 201 909 1794 989">
    <p class='ocr_par' dir='ltr' id='par_1_10' title="bbox 201 909 1794 989">
     <span class='ocr_line' id='line_1_10' title="bbox 201 909 1794 989; baseline -0.006 -18"><span class='ocrx_word' id='word_1_49' title='bbox 201 917 393 989; x_wconf 81' lang='grc' dir='ltr'>πατὴρ</span> <span class='ocrx_word' id='word_1_50' title='bbox 426 916 617 982; x_wconf 81' lang='grc' dir='ltr'>αὑτοῦ,</span> <span class='ocrx_word' id='word_1_51' title='bbox 651 917 1007 971; x_wconf 78' lang='grc' dir='ltr'>ἐπανίσταται</span> <span class='ocrx_word' id='word_1_52' title='bbox 1051 913 1230 985; x_wconf 78' lang='grc' dir='ltr'>αὐτῷ,</span> <span class='ocrx_word' id='word_1_53' title='bbox 1273 914 1369 967; x_wconf 73' lang='grc' dir='ltr'>καὶ</span> <span class='ocrx_word' id='word_1_54' title='bbox 1406 909 1657 965; x_wconf 77' lang='grc' dir='ltr'>ἐκϐάλλει</span> <span class='ocrx_word' id='word_1_55' title='bbox 1697 910 1794 963; x_wconf 79' lang='grc' dir='ltr'><strong>αὺ-</strong></span> 
     </span>
    </p>
   </div>
   <div class='ocr_carea' id='block_1_11' title="bbox 199 1000 1793 1079">
    <p class='ocr_par' dir='ltr' id='par_1_11' title="bbox 199 1000 1793 1079">
     <span class='ocr_line' id='line_1_11' title="bbox 199 1000 1793 1079; baseline -0.005 -18"><span class='ocrx_word' id='word_1_56' title='bbox 199 1007 296 1061; x_wconf 74' lang='grc' dir='ltr'>τὸν</span> <span class='ocrx_word' id='word_1_57' title='bbox 324 1011 425 1079; x_wconf 78' lang='grc' dir='ltr'>τῆς</span> <span class='ocrx_word' id='word_1_58' title='bbox 456 1007 756 1078; x_wconf 87' lang='grc' dir='ltr'>βασιλείας,</span> <span class='ocrx_word' id='word_1_59' title='bbox 786 1008 880 1061; x_wconf 71' lang='grc' dir='ltr'>καὶ</span> <span class='ocrx_word' id='word_1_60' title='bbox 906 1007 1310 1078; x_wconf 84' lang='grc' dir='ltr'>καταταρταροῖ</span> <span class='ocrx_word' id='word_1_61' title='bbox 1334 1003 1497 1057; x_wconf 79' lang='grc' dir='ltr'>αὐτὸν</span> <span class='ocrx_word' id='word_1_62' title='bbox 1522 1001 1659 1073; x_wconf 84' lang='grc' dir='ltr'>μετὰ</span> <span class='ocrx_word' id='word_1_63' title='bbox 1684 1000 1793 1054; x_wconf 82' lang='grc' dir='ltr'>τῶν</span> 
     </span>
    </p>
   </div>
   <div class='ocr_carea' id='block_1_12' title="bbox 200 1091 1793 1170">
    <p class='ocr_par' dir='ltr' id='par_1_12' title="bbox 200 1091 1793 1170">
     <span class='ocr_line' id='line_1_12' title="bbox 200 1091 1793 1170; baseline -0.004 -19"><span class='ocrx_word' id='word_1_64' title='bbox 200 1099 474 1152; x_wconf 78' lang='grc' dir='ltr'>Τιτάνων.</span> <span class='ocrx_word' id='word_1_65' title='bbox 507 1098 666 1152; x_wconf 83' lang='grc' dir='ltr'>Κατὰ</span> <span class='ocrx_word' id='word_1_66' title='bbox 697 1098 930 1170; x_wconf 83' lang='grc' dir='ltr'><strong>μίμησιν</strong></span> <span class='ocrx_word' id='word_1_67' title='bbox 958 1097 1015 1150; x_wconf 85' lang='grc' dir='ltr'><strong>δέ</strong></span> <span class='ocrx_word' id='word_1_68' title='bbox 1044 1092 1166 1149; x_wconf 76' lang='grc' dir='ltr'>εἷπε</span> <span class='ocrx_word' id='word_1_69' title='bbox 1200 1095 1294 1149; x_wconf 76' lang='grc' dir='ltr'>τοῦ</span> <span class='ocrx_word' id='word_1_70' title='bbox 1326 1093 1554 1164; x_wconf 83' lang='grc' dir='ltr'>πατρὸς,</span> <span class='ocrx_word' id='word_1_71' title='bbox 1582 1093 1664 1145; x_wconf 83' lang='grc' dir='ltr'><strong>ὅτι</strong></span> <span class='ocrx_word' id='word_1_72' title='bbox 1699 1091 1793 1145; x_wconf 72' lang='grc' dir='ltr'>καὶ</span> 
     </span>
    </p>
   </div>
   <div class='ocr_carea' id='block_1_13' title="bbox 198 1181 1791 1262">
    <p class='ocr_par' dir='ltr' id='par_1_13' title="bbox 198 1181 1791 1262">
     <span class='ocr_line' id='line_1_13' title="bbox 198 1181 1791 1262; baseline -0.004 -21"><span class='ocrx_word' id='word_1_73' title='bbox 198 1190 230 1241; x_wconf 97' lang='lat'><strong>6</strong></span> <span class='ocrx_word' id='word_1_74' title='bbox 262 1190 473 1262; x_wconf 79' lang='grc' dir='ltr'>Κρόνος</span> <span class='ocrx_word' id='word_1_75' title='bbox 509 1191 780 1259; x_wconf 76' lang='grc' dir='ltr'>ἐπανέστη</span> <span class='ocrx_word' id='word_1_76' title='bbox 815 1188 895 1259; x_wconf 86' lang='grc' dir='ltr'>τῷ</span> <span class='ocrx_word' id='word_1_77' title='bbox 926 1187 1186 1259; x_wconf 74' lang='grc' dir='ltr'>Οὐρανῷ,</span> <span class='ocrx_word' id='word_1_78' title='bbox 1218 1188 1313 1241; x_wconf 75' lang='grc' dir='ltr'><strong>καὶ</strong></span> <span class='ocrx_word' id='word_1_79' title='bbox 1342 1185 1596 1255; x_wconf 79' lang='grc' dir='ltr'>ἐξέτεμεν</span> <span class='ocrx_word' id='word_1_80' title='bbox 1626 1181 1791 1236; x_wconf 77' lang='grc' dir='ltr'>αὐτοῦ</span> 
     </span>
    </p>
   </div>
   <div class='ocr_carea' id='block_1_14' title="bbox 197 1273 1792 1350">
    <p class='ocr_par' dir='ltr' id='par_1_14' title="bbox 197 1273 1792 1350">
     <span class='ocr_line' id='line_1_14' title="bbox 197 1273 1792 1350; baseline -0.003 -18"><span class='ocrx_word' id='word_1_81' title='bbox 197 1280 274 1333; x_wconf 74' lang='grc' dir='ltr'>τὰ</span> <span class='ocrx_word' id='word_1_82' title='bbox 313 1280 491 1334; x_wconf 75' lang='grc' dir='ltr'>αἰδοῖα</span> <span class='ocrx_word' id='word_1_83' title='bbox 523 1281 617 1333; x_wconf 76' lang='grc' dir='ltr'>καὶ</span> <span class='ocrx_word' id='word_1_84' title='bbox 656 1279 814 1332; x_wconf 77' lang='grc' dir='ltr'>ἔλαϐε</span> <span class='ocrx_word' id='word_1_85' title='bbox 850 1281 949 1350; x_wconf 83' lang='grc' dir='ltr'><strong>τὴν</strong></span> <span class='ocrx_word' id='word_1_86' title='bbox 985 1278 1283 1349; x_wconf 86' lang='grc' dir='ltr'>βασιλείαν.</span> <span class='ocrx_word' id='word_1_87' title='bbox 1317 1277 1527 1330; x_wconf 79' lang='grc' dir='ltr'>Γλυκὺν</span> <span class='ocrx_word' id='word_1_88' title='bbox 1562 1275 1618 1328; x_wconf 81' lang='grc' dir='ltr'>δὲ</span> <span class='ocrx_word' id='word_1_89' title='bbox 1645 1273 1792 1328; x_wconf 91' lang='grc' dir='ltr'>λίθον</span> 
     </span>
    </p>
   </div>
   <div class='ocr_carea' id='block_1_15' title="bbox 198 1368 1790 1445">
    <p class='ocr_par' dir='ltr' id='par_1_15' title="bbox 198 1368 1790 1445">
     <span class='ocr_line' id='line_1_15' title="bbox 198 1368 1790 1445; baseline -0.006 -17"><span class='ocrx_word' id='word_1_90' title='bbox 198 1373 299 1428; x_wconf 76' lang='grc' dir='ltr'><strong>καὶ</strong></span> <span class='ocrx_word' id='word_1_91' title='bbox 327 1374 420 1427; x_wconf 85' lang='grc' dir='ltr'><strong>τὸν</strong></span> <span class='ocrx_word' id='word_1_92' title='bbox 455 1373 618 1427; x_wconf 73' lang='grc' dir='ltr'>αὐτὸν</span> <span class='ocrx_word' id='word_1_93' title='bbox 653 1374 848 1445; x_wconf 82' lang='grc' dir='ltr'>πικρὸν</span> <span class='ocrx_word' id='word_1_94' title='bbox 880 1371 1305 1444; x_wconf 78' lang='grc' dir='ltr'>τυραννοκτόνον</span> <span class='ocrx_word' id='word_1_95' title='bbox 1343 1370 1434 1423; x_wconf 87' lang='grc' dir='ltr'><strong>τὸν</strong></span> <span class='ocrx_word' id='word_1_96' title='bbox 1468 1368 1566 1421; x_wconf 91' lang='grc' dir='ltr'>Δία</span> <span class='ocrx_word' id='word_1_97' title='bbox 1603 1368 1790 1421; x_wconf 57' lang='grc' dir='ltr'>καλά’</span> 
     </span>
    </p>
   </div>
   <div class='ocr_carea' id='block_1_16' title="bbox 195 1458 1794 1539">
    <p class='ocr_par' dir='ltr' id='par_1_16' title="bbox 195 1458 1794 1539">
     <span class='ocr_line' id='line_1_16' title="bbox 195 1458 1794 1539; baseline -0.006 -19"><span class='ocrx_word' id='word_1_98' title='bbox 195 1466 353 1520; x_wconf 86' lang='grc' dir='ltr'>λίθον</span> <span class='ocrx_word' id='word_1_99' title='bbox 382 1467 503 1537; x_wconf 83' lang='grc' dir='ltr'>μὲν,</span> <span class='ocrx_word' id='word_1_100' title='bbox 529 1467 738 1539; x_wconf 83' lang='grc' dir='ltr'>ἐπειδὴ,</span> <span class='ocrx_word' id='word_1_101' title='bbox 773 1467 848 1529; x_wconf 84' lang='grc' dir='ltr'>ὡς</span> <span class='ocrx_word' id='word_1_102' title='bbox 875 1463 1052 1528; x_wconf 80' lang='grc' dir='ltr'>εἷπον,</span> <span class='ocrx_word' id='word_1_103' title='bbox 1079 1467 1114 1537; x_wconf 77' lang='grc' dir='ltr'><strong>ή</strong></span> <span class='ocrx_word' id='word_1_104' title='bbox 1158 1463 1284 1518; x_wconf 85' lang='grc' dir='ltr'>Ῥέα</span> <span class='ocrx_word' id='word_1_105' title='bbox 1309 1462 1457 1516; x_wconf 82' lang='grc' dir='ltr'>λίθον</span> <span class='ocrx_word' id='word_1_106' title='bbox 1490 1460 1689 1514; x_wconf 82' lang='grc' dir='ltr'>δέδωκε</span> <span class='ocrx_word' id='word_1_107' title='bbox 1715 1458 1794 1529; x_wconf 82' lang='grc' dir='ltr'>τῷ</span> 
     </span>
    </p>
   </div>
   <div class='ocr_carea' id='block_1_17' title="bbox 196 1550 1793 1628">
    <p class='ocr_par' dir='ltr' id='par_1_17' title="bbox 196 1550 1793 1628">
     <span class='ocr_line' id='line_1_17' title="bbox 196 1550 1793 1628; baseline -0.004 -18"><span class='ocrx_word' id='word_1_108' title='bbox 196 1558 403 1628; x_wconf 76' lang='grc' dir='ltr'>Κρόνῳ</span> <span class='ocrx_word' id='word_1_109' title='bbox 450 1559 738 1612; x_wconf 82' lang='grc' dir='ltr'>καταπιεῖν</span> <span class='ocrx_word' id='word_1_110' title='bbox 781 1558 903 1610; x_wconf 80' lang='grc' dir='ltr'>ἀντὶ</span> <span class='ocrx_word' id='word_1_111' title='bbox 934 1557 1029 1611; x_wconf 85' lang='grc' dir='ltr'><strong>τοῦ</strong></span> <span class='ocrx_word' id='word_1_112' title='bbox 1073 1556 1228 1618; x_wconf 88' lang='grc' dir='ltr'>Διός·</span> <span class='ocrx_word' id='word_1_113' title='bbox 1271 1552 1694 1628; x_wconf 82' lang='grc' dir='ltr'>τυραννοκτόνον</span> <span class='ocrx_word' id='word_1_114' title='bbox 1735 1550 1793 1604; x_wconf 79' lang='grc' dir='ltr'><strong>δὲ</strong></span> 
     </span>
    </p>
   </div>
   <div class='ocr_carea' id='block_1_18' title="bbox 195 1644 1794 1723">
    <p class='ocr_par' dir='ltr' id='par_1_18' title="bbox 195 1644 1794 1723">
     <span class='ocr_line' id='line_1_18' title="bbox 195 1644 1794 1723; baseline -0.004 -19"><span class='ocrx_word' id='word_1_115' title='bbox 195 1650 381 1716; x_wconf 81' lang='grc' dir='ltr'>καλεῖ,</span> <span class='ocrx_word' id='word_1_116' title='bbox 408 1652 440 1723; x_wconf 78' lang='grc' dir='ltr'>ἢ</span> <span class='ocrx_word' id='word_1_117' title='bbox 470 1652 555 1705; x_wconf 83' lang='grc' dir='ltr'><strong>ὃτι</strong></span> <span class='ocrx_word' id='word_1_118' title='bbox 583 1651 857 1722; x_wconf 82' lang='grc' dir='ltr'>ἐπανέστη</span> <span class='ocrx_word' id='word_1_119' title='bbox 884 1651 962 1722; x_wconf 83' lang='grc' dir='ltr'>τῷ</span> <span class='ocrx_word' id='word_1_120' title='bbox 992 1651 1185 1723; x_wconf 82' lang='grc' dir='ltr'>Κρόνῳ</span> <span class='ocrx_word' id='word_1_121' title='bbox 1209 1652 1239 1703; x_wconf 91' lang='lat'><strong>6</strong></span> <span class='ocrx_word' id='word_1_122' title='bbox 1266 1650 1420 1712; x_wconf 80' lang='grc' dir='ltr'>Ζεὺς,</span> <span class='ocrx_word' id='word_1_123' title='bbox 1455 1649 1487 1719; x_wconf 77' lang='grc' dir='ltr'>ἢ</span> <span class='ocrx_word' id='word_1_124' title='bbox 1512 1649 1594 1701; x_wconf 87' lang='grc' dir='ltr'><strong>ὅτι</strong></span> <span class='ocrx_word' id='word_1_125' title='bbox 1622 1649 1651 1700; x_wconf 92' lang='lat'><strong>6</strong></span> <span class='ocrx_word' id='word_1_126' title='bbox 1672 1644 1794 1699; x_wconf 82' lang='grc' dir='ltr'>τού-</span> 
     </span>
    </p>
   </div>
   <div class='ocr_carea' id='block_1_19' title="bbox 197 1741 1793 1817">
    <p class='ocr_par' dir='ltr' id='par_1_19' title="bbox 197 1741 1793 1817">
     <span class='ocr_line' id='line_1_19' title="bbox 197 1741 1793 1817; baseline -0.002 -21"><span class='ocrx_word' id='word_1_127' title='bbox 197 1760 298 1798; x_wconf 89' lang='grc' dir='ltr'><strong>του</strong></span> <span class='ocrx_word' id='word_1_128' title='bbox 340 1744 490 1808; x_wconf 82' lang='grc' dir='ltr'>λίθος</span> <span class='ocrx_word' id='word_1_129' title='bbox 521 1745 778 1817; x_wconf 81' lang='grc' dir='ltr'>ἐποίησεν</span> <span class='ocrx_word' id='word_1_130' title='bbox 816 1745 979 1798; x_wconf 78' lang='grc' dir='ltr'>αὐτὸν</span> <span class='ocrx_word' id='word_1_131' title='bbox 1005 1744 1223 1813; x_wconf 81' lang='grc' dir='ltr'>ἐμέσαι,</span> <span class='ocrx_word' id='word_1_132' title='bbox 1257 1744 1353 1797; x_wconf 81' lang='grc' dir='ltr'>καὶ</span> <span class='ocrx_word' id='word_1_133' title='bbox 1393 1741 1486 1806; x_wconf 78' lang='grc' dir='ltr'><strong>οὓς</strong></span> <span class='ocrx_word' id='word_1_134' title='bbox 1528 1741 1793 1812; x_wconf 85' lang='grc' dir='ltr'>πρότερον</span> 
     </span>
    </p>
   </div>
   <div class='ocr_carea' id='block_1_20' title="bbox 197 1838 459 1891">
    <p class='ocr_par' dir='ltr' id='par_1_20' title="bbox 197 1838 459 1891">
     <span class='ocr_line' id='line_1_20' title="bbox 197 1838 459 1891; baseline 0.004 -1"><span class='ocrx_word' id='word_1_135' title='bbox 197 1838 459 1891; x_wconf 78' lang='grc' dir='ltr'>κατέπιε.</span> 
     </span>
    </p>
   </div>
   <div class='ocr_carea' id='block_1_21' title="bbox 1898 519 2789 594">
    <p class='ocr_par' dir='ltr' id='par_1_21' title="bbox 1898 519 2789 594">
     <span class='ocr_line' id='line_1_21' title="bbox 1898 519 2789 594; baseline 0.006 -20"><span class='ocrx_word' id='word_1_136' title='bbox 1898 519 1993 574; x_wconf 82' lang='grc' dir='ltr'>τοῦ</span> <span class='ocrx_word' id='word_1_137' title='bbox 2027 520 2226 594; x_wconf 75' lang='grc' dir='ltr'>ἀφροῦ,</span> <span class='ocrx_word' id='word_1_138' title='bbox 2265 522 2368 577; x_wconf 90' lang='lat' dir='ltr'><strong>hoc</strong></span> <span class='ocrx_word' id='word_1_139' title='bbox 2397 530 2483 578; x_wconf 88' lang='lat' dir='ltr'><strong>est</strong></span> <span class='ocrx_word' id='word_1_140' title='bbox 2516 539 2547 577; x_wconf 88' lang='lat' dir='ltr'><strong>a</strong></span> <span class='ocrx_word' id='word_1_141' title='bbox 2574 538 2789 593; x_wconf 84' lang='lat' dir='ltr'><strong>spuma.</strong></span> 
     </span>
    </p>
   </div>
   <div class='ocr_carea' id='block_1_22' title="bbox 1972 637 3403 696">
    <p class='ocr_par' dir='ltr' id='par_1_22' title="bbox 1972 637 3403 696">
     <span class='ocr_line' id='line_1_22' title="bbox 1972 637 3403 696; baseline 0.003 -5"><span class='ocrx_word' id='word_1_142' title='bbox 1972 637 2063 693; x_wconf 86' lang='lat'><strong>89.</strong></span> <span class='ocrx_word' id='word_1_143' title='bbox 2104 637 2182 692; x_wconf 84' lang='lat' dir='ltr'><strong>De</strong></span> <span class='ocrx_word' id='word_1_144' title='bbox 2217 639 2598 695; x_wconf 79' lang='lat' dir='ltr'><strong>insurrectione</strong></span> <span class='ocrx_word' id='word_1_145' title='bbox 2619 640 2767 694; x_wconf 77' lang='lat' dir='ltr'><strong>Jooia</strong></span> <span class='ocrx_word' id='word_1_146' title='bbox 2797 640 3047 696; x_wconf 73' lang='lat' dir='ltr'><strong>adversus</strong></span> <span class='ocrx_word' id='word_1_147' title='bbox 3083 639 3403 696; x_wconf 84' lang='lat' dir='ltr'><strong>Saturnum.</strong></span> 
     </span>
    </p>
   </div>
   <div class='ocr_carea' id='block_1_23' title="bbox 1970 814 3479 893">
    <p class='ocr_par' dir='ltr' id='par_1_23' title="bbox 1970 814 3479 893">
     <span class='ocr_line' id='line_1_23' title="bbox 1970 814 3479 893; baseline 0.005 -22"><span class='ocrx_word' id='word_1_148' title='bbox 1970 814 2189 887; x_wconf 96' lang='lat' dir='ltr'><strong>Jupiter</strong></span> <span class='ocrx_word' id='word_1_149' title='bbox 2218 816 2521 873; x_wconf 92' lang='lat' dir='ltr'><strong>Saturnum</strong></span> <span class='ocrx_word' id='word_1_150' title='bbox 2561 828 2771 889; x_wconf 89' lang='lat' dir='ltr'><strong>patrem</strong></span> <span class='ocrx_word' id='word_1_151' title='bbox 2805 822 2944 876; x_wconf 86' lang='lat' dir='ltr'><strong>adeo</strong></span> <span class='ocrx_word' id='word_1_152' title='bbox 2973 821 3256 877; x_wconf 86' lang='lat' dir='ltr'><strong>crudelem</strong></span> <span class='ocrx_word' id='word_1_153' title='bbox 3314 830 3479 893; x_wconf 86' lang='lat' dir='ltr'><strong>atque</strong></span> 
     </span>
    </p>
   </div>
   <div class='ocr_carea' id='block_1_24' title="bbox 1901 908 3482 977">
    <p class='ocr_par' dir='ltr' id='par_1_24' title="bbox 1901 908 3482 977">
     <span class='ocr_line' id='line_1_24' title="bbox 1901 908 3482 977; baseline 0.006 -17"><span class='ocrx_word' id='word_1_154' title='bbox 1901 908 2196 962; x_wconf 85' lang='lat' dir='ltr'><strong>immanem</strong></span> <span class='ocrx_word' id='word_1_155' title='bbox 2265 924 2389 965; x_wconf 91' lang='lat' dir='ltr'><strong>esse</strong></span> <span class='ocrx_word' id='word_1_156' title='bbox 2441 911 2706 977; x_wconf 90' lang='lat' dir='ltr'><strong>sentiens,</strong></span> <span class='ocrx_word' id='word_1_157' title='bbox 2758 923 2815 967; x_wconf 89' lang='lat' dir='ltr'><strong>ut</strong></span> <span class='ocrx_word' id='word_1_158' title='bbox 2878 912 3019 968; x_wconf 86' lang='lat' dir='ltr'><strong>lilios</strong></span> <span class='ocrx_word' id='word_1_159' title='bbox 3068 929 3199 969; x_wconf 90' lang='lat' dir='ltr'><strong>suos</strong></span> <span class='ocrx_word' id='word_1_160' title='bbox 3250 916 3482 971; x_wconf 81' lang='lat' dir='ltr'><strong>devora-</strong></span> 
     </span>
    </p>
   </div>
   <div class='ocr_carea' id='block_1_25' title="bbox 1902 999 3480 1077">
    <p class='ocr_par' dir='ltr' id='par_1_25' title="bbox 1902 999 3480 1077">
     <span class='ocr_line' id='line_1_25' title="bbox 1902 999 3480 1077; baseline 0.007 -26"><span class='ocrx_word' id='word_1_161' title='bbox 1902 1006 2008 1063; x_wconf 87' lang='lat' dir='ltr'><strong>ret,</strong></span> <span class='ocrx_word' id='word_1_162' title='bbox 2042 999 2305 1071; x_wconf 93' lang='lat' dir='ltr'><strong>impetum</strong></span> <span class='ocrx_word' id='word_1_163' title='bbox 2350 1001 2617 1058; x_wconf 88' lang='lat' dir='ltr'><strong>adversus</strong></span> <span class='ocrx_word' id='word_1_164' title='bbox 2675 1019 2799 1058; x_wconf 90' lang='lat' dir='ltr'><strong>eum</strong></span> <span class='ocrx_word' id='word_1_165' title='bbox 2849 1003 3000 1069; x_wconf 80' lang='lat' dir='ltr'><strong>facit,</strong></span> <span class='ocrx_word' id='word_1_166' title='bbox 3041 1023 3379 1077; x_wconf 76' lang='lat' dir='ltr'><strong>regnumque</strong></span> <span class='ocrx_word' id='word_1_167' title='bbox 3426 1009 3480 1063; x_wconf 89' lang='lat' dir='ltr'><strong>ei</strong></span> 
     </span>
    </p>
   </div>
   <div class='ocr_carea' id='block_1_26' title="bbox 1904 1092 3481 1169">
    <p class='ocr_par' dir='ltr' id='par_1_26' title="bbox 1904 1092 3481 1169">
     <span class='ocr_line' id='line_1_26' title="bbox 1904 1092 3481 1169; baseline 0.008 -25"><span class='ocrx_word' id='word_1_168' title='bbox 1904 1092 2201 1157; x_wconf 86' lang='lat' dir='ltr'><strong>abstrahit,</strong></span> <span class='ocrx_word' id='word_1_169' title='bbox 2237 1096 2638 1166; x_wconf 83' lang='lat' dir='ltr'><strong>pmpriumque</strong></span> <span class='ocrx_word' id='word_1_170' title='bbox 2700 1105 2908 1165; x_wconf 91' lang='lat' dir='ltr'><strong>patrem</strong></span> <span class='ocrx_word' id='word_1_171' title='bbox 2944 1098 3256 1169; x_wconf 92' lang='lat' dir='ltr'><strong>principatu</strong></span> <span class='ocrx_word' id='word_1_172' title='bbox 3291 1108 3481 1155; x_wconf 80' lang='lat' dir='ltr'><strong>extur-</strong></span> 
     </span>
    </p>
   </div>
   <div class='ocr_carea' id='block_1_27' title="bbox 1903 1183 3479 1259">
    <p class='ocr_par' dir='ltr' id='par_1_27' title="bbox 1903 1183 3479 1259">
     <span class='ocr_line' id='line_1_27' title="bbox 1903 1183 3479 1259; baseline 0.006 -20"><span class='ocrx_word' id='word_1_173' title='bbox 1903 1183 2015 1239; x_wconf 84' lang='lat' dir='ltr'><strong>bat.</strong></span> <span class='ocrx_word' id='word_1_174' title='bbox 2042 1185 2123 1240; x_wconf 85' lang='lat' dir='ltr'><strong>Ad</strong></span> <span class='ocrx_word' id='word_1_175' title='bbox 2146 1186 2509 1243; x_wconf 87' lang='lat' dir='ltr'><strong>imitationem</strong></span> <span class='ocrx_word' id='word_1_176' title='bbox 2539 1196 2717 1244; x_wconf 87' lang='lat' dir='ltr'><strong>autem</strong></span> <span class='ocrx_word' id='word_1_177' title='bbox 2749 1192 2921 1259; x_wconf 80' lang='lat' dir='ltr'><strong>patris</strong></span> <span class='ocrx_word' id='word_1_178' title='bbox 2950 1191 3053 1247; x_wconf 92' lang='lat' dir='ltr'><strong>hoc</strong></span> <span class='ocrx_word' id='word_1_179' title='bbox 3082 1193 3150 1247; x_wconf 89' lang='lat' dir='ltr'><strong>ab</strong></span> <span class='ocrx_word' id='word_1_180' title='bbox 3176 1208 3241 1247; x_wconf 88' lang='lat' dir='ltr'><strong>eo</strong></span> <span class='ocrx_word' id='word_1_181' title='bbox 3275 1193 3479 1248; x_wconf 80' lang='lat' dir='ltr'><strong>factum</strong></span> 
     </span>
    </p>
   </div>
   <div class='ocr_carea' id='block_1_28' title="bbox 1901 1276 3479 1353">
    <p class='ocr_par' dir='ltr' id='par_1_28' title="bbox 1901 1276 3479 1353">
     <span class='ocr_line' id='line_1_28' title="bbox 1901 1276 3479 1353; baseline 0.006 -23"><span class='ocrx_word' id='word_1_182' title='bbox 1901 1291 2023 1330; x_wconf 90' lang='lat' dir='ltr'><strong>esse</strong></span> <span class='ocrx_word' id='word_1_183' title='bbox 2050 1276 2126 1331; x_wconf 87' lang='lat' dir='ltr'><strong>ait</strong></span> <span class='ocrx_word' id='word_1_184' title='bbox 2152 1276 2472 1348; x_wconf 76' lang='lat' dir='ltr'><strong>Gregorius,</strong></span> <span class='ocrx_word' id='word_1_185' title='bbox 2502 1281 2764 1349; x_wconf 89' lang='lat' dir='ltr'><strong>quoniam</strong></span> <span class='ocrx_word' id='word_1_186' title='bbox 2794 1281 2911 1351; x_wconf 89' lang='lat' dir='ltr'><strong>ipse</strong></span> <span class='ocrx_word' id='word_1_187' title='bbox 2941 1297 3162 1353; x_wconf 89' lang='lat' dir='ltr'><strong>quoque</strong></span> <span class='ocrx_word' id='word_1_188' title='bbox 3199 1282 3479 1340; x_wconf 83' lang='lat' dir='ltr'><strong>Saturnus</strong></span> 
     </span>
    </p>
   </div>
   <div class='ocr_carea' id='block_1_29' title="bbox 1903 1368 3481 1447">
    <p class='ocr_par' dir='ltr' id='par_1_29' title="bbox 1903 1368 3481 1447">
     <span class='ocr_line' id='line_1_29' title="bbox 1903 1368 3481 1447; baseline 0.008 -27"><span class='ocrx_word' id='word_1_189' title='bbox 1903 1368 2169 1425; x_wconf 90' lang='lat' dir='ltr'><strong>adversus</strong></span> <span class='ocrx_word' id='word_1_190' title='bbox 2215 1369 2426 1425; x_wconf 75' lang='lat' dir='ltr'><strong>leum</strong></span> <span class='ocrx_word' id='word_1_191' title='bbox 2484 1372 2880 1437; x_wconf 82' lang='lat' dir='ltr'><strong>insurrexerat,</strong></span> <span class='ocrx_word' id='word_1_192' title='bbox 2927 1388 2991 1428; x_wconf 90' lang='lat' dir='ltr'><strong>ac</strong></span> <span class='ocrx_word' id='word_1_193' title='bbox 3036 1376 3321 1444; x_wconf 90' lang='lat' dir='ltr'><strong>pudendas</strong></span> <span class='ocrx_word' id='word_1_194' title='bbox 3373 1378 3481 1447; x_wconf 86' lang='lat' dir='ltr'><strong>ipsi</strong></span> 
     </span>
    </p>
   </div>
   <div class='ocr_carea' id='block_1_30' title="bbox 1902 1461 3476 1535">
    <p class='ocr_par' dir='ltr' id='par_1_30' title="bbox 1902 1461 3476 1535">
     <span class='ocr_line' id='line_1_30' title="bbox 1902 1461 3476 1535; baseline 0.007 -25"><span class='ocrx_word' id='word_1_195' title='bbox 1902 1468 2088 1529; x_wconf 89' lang='lat' dir='ltr'><strong>partes</strong></span> <span class='ocrx_word' id='word_1_196' title='bbox 2118 1461 2454 1524; x_wconf 88' lang='lat' dir='ltr'><strong>absciderat,</strong></span> <span class='ocrx_word' id='word_1_197' title='bbox 2490 1463 2896 1535; x_wconf 83' lang='lat' dir='ltr'><strong>imperiumque</strong></span> <span class='ocrx_word' id='word_1_198' title='bbox 2922 1466 2989 1521; x_wconf 90' lang='lat' dir='ltr'><strong>ad</strong></span> <span class='ocrx_word' id='word_1_199' title='bbox 3013 1482 3072 1523; x_wconf 90' lang='lat' dir='ltr'><strong>se</strong></span> <span class='ocrx_word' id='word_1_200' title='bbox 3097 1469 3476 1524; x_wconf 84' lang='lat' dir='ltr'><strong>transtulerat.</strong></span> 
     </span>
    </p>
   </div>
   <div class='ocr_carea' id='block_1_31' title="bbox 1901 1549 3480 1631">
    <p class='ocr_par' dir='ltr' id='par_1_31' title="bbox 1901 1549 3480 1631">
     <span class='ocr_line' id='line_1_31' title="bbox 1901 1549 3480 1631; baseline 0.006 -26"><span class='ocrx_word' id='word_1_201' title='bbox 1901 1549 2128 1607; x_wconf 91' lang='lat' dir='ltr'><strong>Dulcem</strong></span> <span class='ocrx_word' id='word_1_202' title='bbox 2166 1567 2333 1622; x_wconf 91' lang='lat' dir='ltr'><strong>porro</strong></span> <span class='ocrx_word' id='word_1_203' title='bbox 2379 1554 2616 1624; x_wconf 90' lang='lat' dir='ltr'><strong>lapidem</strong></span> <span class='ocrx_word' id='word_1_204' title='bbox 2654 1556 2845 1613; x_wconf 80' lang='lat' dir='ltr'><strong>Jovem</strong></span> <span class='ocrx_word' id='word_1_205' title='bbox 2884 1568 3069 1623; x_wconf 84' lang='lat' dir='ltr'><strong>vocat,</strong></span> <span class='ocrx_word' id='word_1_206' title='bbox 3113 1561 3480 1631; x_wconf 79' lang='lat' dir='ltr'><strong>eamdemque</strong></span> 
     </span>
    </p>
   </div>
   <div class='ocr_carea' id='block_1_32' title="bbox 1902 1644 3479 1723">
    <p class='ocr_par' dir='ltr' id='par_1_32' title="bbox 1902 1644 3479 1723">
     <span class='ocr_line' id='line_1_32' title="bbox 1902 1644 3479 1723; baseline 0.006 -26"><span class='ocrx_word' id='word_1_207' title='bbox 1902 1644 2161 1699; x_wconf 85' lang='lat' dir='ltr'><strong>acerbum</strong></span> <span class='ocrx_word' id='word_1_208' title='bbox 2195 1647 2598 1717; x_wconf 85' lang='lat' dir='ltr'><strong>tyrannicidam</strong></span> <span class='ocrx_word' id='word_1_209' title='bbox 2633 1666 2646 1702; x_wconf 90' lang='lat'><strong>:</strong></span> <span class='ocrx_word' id='word_1_210' title='bbox 2691 1650 2927 1719; x_wconf 85' lang='lat' dir='ltr'><strong>lapidem</strong></span> <span class='ocrx_word' id='word_1_211' title='bbox 2956 1653 3177 1722; x_wconf 80' lang='lat' dir='ltr'><strong>quidem</strong></span> <span class='ocrx_word' id='word_1_212' title='bbox 3218 1653 3479 1723; x_wconf 86' lang='lat' dir='ltr'><strong>quoniam</strong></span> 
     </span>
    </p>
   </div>
   <div class='ocr_carea' id='block_1_33' title="bbox 1901 1734 3479 1814">
    <p class='ocr_par' dir='ltr' id='par_1_33' title="bbox 1901 1734 3479 1814">
     <span class='ocr_line' id='line_1_33' title="bbox 1901 1734 3479 1814; baseline 0.004 -25"><span class='ocrx_word' id='word_1_213' title='bbox 1901 1734 2075 1797; x_wconf 81' lang='lat' dir='ltr'><strong>Rhea,</strong></span> <span class='ocrx_word' id='word_1_214' title='bbox 2126 1743 2189 1791; x_wconf 90' lang='lat' dir='ltr'><strong>ut</strong></span> <span class='ocrx_word' id='word_1_215' title='bbox 2236 1752 2270 1791; x_wconf 84' lang='lat' dir='ltr'><strong>a</strong></span> <span class='ocrx_word' id='word_1_216' title='bbox 2306 1739 2470 1795; x_wconf 88' lang='lat' dir='ltr'><strong>nobis</strong></span> <span class='ocrx_word' id='word_1_217' title='bbox 2524 1740 2729 1795; x_wconf 87' lang='lat' dir='ltr'><strong>dictum</strong></span> <span class='ocrx_word' id='word_1_218' title='bbox 2784 1750 2891 1806; x_wconf 87' lang='lat' dir='ltr'><strong>est,</strong></span> <span class='ocrx_word' id='word_1_219' title='bbox 2954 1742 3195 1798; x_wconf 90' lang='lat' dir='ltr'><strong>Saturno</strong></span> <span class='ocrx_word' id='word_1_220' title='bbox 3244 1743 3479 1814; x_wconf 87' lang='lat' dir='ltr'><strong>lapidem</strong></span> 
     </span>
    </p>
   </div>
   <div class='ocr_carea' id='block_1_34' title="bbox 1821 1814 3589 1909">
    <p class='ocr_par' dir='ltr' id='par_1_34' title="bbox 1821 1814 3589 1909">
     <span class='ocr_line' id='line_1_34' title="bbox 1821 1814 3589 1909; baseline 0.006 -27"><span class='ocrx_word' id='word_1_221' title='bbox 1821 1814 1865 1873; x_wconf 80' lang='grc' dir='ltr'><strong>Β</strong></span> <span class='ocrx_word' id='word_1_222' title='bbox 1891 1828 2045 1886; x_wconf 83' lang='lat' dir='ltr'><strong>Jovis</strong></span> <span class='ocrx_word' id='word_1_223' title='bbox 2090 1831 2214 1886; x_wconf 90' lang='lat' dir='ltr'><strong>loco</strong></span> <span class='ocrx_word' id='word_1_224' title='bbox 2262 1830 2640 1888; x_wconf 85' lang='lat' dir='ltr'><strong>devorandum</strong></span> <span class='ocrx_word' id='word_1_225' title='bbox 2676 1846 2994 1905; x_wconf 81' lang='lat' dir='ltr'><strong>porrexerat</strong></span> <span class='ocrx_word' id='word_1_226' title='bbox 3026 1856 3038 1891; x_wconf 91' lang='lat'><strong>:</strong></span> <span class='ocrx_word' id='word_1_227' title='bbox 3074 1837 3481 1909; x_wconf 86' lang='lat' dir='ltr'><strong>tyrannicidam</strong></span> <span class='ocrx_word' id='word_1_228' title='bbox 3564 1860 3589 1873; x_wconf 74' lang='grc' dir='ltr'><em>ι</em></span> 
     </span>
    </p>
   </div>
   <div class='ocr_carea' id='block_1_35' title="bbox 196 1922 3479 2001">
    <p class='ocr_par' dir='ltr' id='par_1_35' title="bbox 196 1922 3479 2001">
     <span class='ocr_line' id='line_1_35' title="bbox 196 1922 3479 2001; baseline 0.001 -18"><span class='ocrx_word' id='word_1_229' title='bbox 196 1940 407 1993; x_wconf 88' lang='lat' dir='ltr'><strong>autem,</strong></span> <span class='ocrx_word' id='word_1_230' title='bbox 458 1928 543 1985; x_wconf 88' lang='lat' dir='ltr'><strong>vel</strong></span> <span class='ocrx_word' id='word_1_231' title='bbox 572 1928 699 2000; x_wconf 83' lang='lat' dir='ltr'><strong>quia</strong></span> <span class='ocrx_word' id='word_1_232' title='bbox 745 1926 963 1998; x_wconf 83' lang='lat' dir='ltr'><strong>Jupiter</strong></span> <span class='ocrx_word' id='word_1_233' title='bbox 999 1928 1264 1983; x_wconf 88' lang='lat' dir='ltr'><strong>adversus</strong></span> <span class='ocrx_word' id='word_1_234' title='bbox 1291 1928 1590 1982; x_wconf 86' lang='lat' dir='ltr'><strong>Saturnum</strong></span> <span class='ocrx_word' id='word_1_235' title='bbox 1630 1922 1942 1989; x_wconf 87' lang='lat' dir='ltr'><strong>rebellavit,</strong></span> <span class='ocrx_word' id='word_1_236' title='bbox 1981 1923 2069 1978; x_wconf 89' lang='lat' dir='ltr'><strong>vel</strong></span> <span class='ocrx_word' id='word_1_237' title='bbox 2105 1922 2233 1994; x_wconf 87' lang='lat' dir='ltr'><strong>quia</strong></span> <span class='ocrx_word' id='word_1_238' title='bbox 2268 1924 2587 1995; x_wconf 89' lang='lat' dir='ltr'><strong>bujusmodi</strong></span> <span class='ocrx_word' id='word_1_239' title='bbox 2642 1928 2876 1998; x_wconf 87' lang='lat' dir='ltr'><strong>lapidem</strong></span> <span class='ocrx_word' id='word_1_240' title='bbox 2935 1944 3030 1985; x_wconf 89' lang='lat' dir='ltr'><strong>eos</strong></span> <span class='ocrx_word' id='word_1_241' title='bbox 3060 1946 3300 2001; x_wconf 89' lang='lat' dir='ltr'><strong>quoque,</strong></span> <span class='ocrx_word' id='word_1_242' title='bbox 3338 1945 3479 2001; x_wconf 87' lang='lat' dir='ltr'><strong>quos</strong></span> 
     </span>
    </p>
   </div>
   <div class='ocr_carea' id='block_1_36' title="bbox 197 2022 1212 2094">
    <p class='ocr_par' dir='ltr' id='par_1_36' title="bbox 197 2022 1212 2094">
     <span class='ocr_line' id='line_1_36' title="bbox 197 2022 1212 2094; baseline -0.002 -18"><span class='ocrx_word' id='word_1_243' title='bbox 197 2024 359 2094; x_wconf 87' lang='lat' dir='ltr'><strong>prius</strong></span> <span class='ocrx_word' id='word_1_244' title='bbox 380 2022 694 2090; x_wconf 81' lang='lat' dir='ltr'><strong>devorarat,</strong></span> <span class='ocrx_word' id='word_1_245' title='bbox 724 2037 980 2077; x_wconf 90' lang='lat' dir='ltr'><strong>evomere</strong></span> <span class='ocrx_word' id='word_1_246' title='bbox 1008 2022 1212 2093; x_wconf 79' lang='lat' dir='ltr'><strong>coegit.</strong></span> 
     </span>
    </p>
   </div>
   <div class='ocr_carea' id='block_1_37' title="bbox 631 2138 1365 2207">
    <p class='ocr_par' dir='ltr' id='par_1_37' title="bbox 631 2138 1365 2207">
     <span class='ocr_line' id='line_1_37' title="bbox 631 2138 1365 2207; baseline 0 -16"><span class='ocrx_word' id='word_1_247' title='bbox 631 2142 702 2205; x_wconf 54' lang='grc' dir='ltr'><strong>ια.</strong></span> <span class='ocrx_word' id='word_1_248' title='bbox 741 2138 879 2207; x_wconf 81' lang='grc' dir='ltr'>Περὶ</span> <span class='ocrx_word' id='word_1_249' title='bbox 918 2138 1029 2192; x_wconf 85' lang='grc' dir='ltr'>τοῦ</span> <span class='ocrx_word' id='word_1_250' title='bbox 1067 2138 1365 2206; x_wconf 79' lang='grc' dir='ltr'>Κερδῴου.</span> 
     </span>
    </p>
   </div>
   <div class='ocr_carea' id='block_1_38' title="bbox 271 2246 1795 2320">
    <p class='ocr_par' dir='ltr' id='par_1_38' title="bbox 271 2246 1795 2320">
     <span class='ocr_line' id='line_1_38' title="bbox 271 2246 1795 2320; baseline -0.002 -19"><span class='ocrx_word' id='word_1_251' title='bbox 271 2248 530 2319; x_wconf 80' lang='grc' dir='ltr'>Κερδῷον</span> <span class='ocrx_word' id='word_1_252' title='bbox 552 2248 672 2303; x_wconf 82' lang='grc' dir='ltr'>θεὸν</span> <span class='ocrx_word' id='word_1_253' title='bbox 695 2247 951 2303; x_wconf 78' lang='grc' dir='ltr'>καλοῦσιν</span> <span class='ocrx_word' id='word_1_254' title='bbox 976 2250 1023 2302; x_wconf 83' lang='grc' dir='ltr'>οἱ</span> <span class='ocrx_word' id='word_1_255' title='bbox 1051 2248 1314 2317; x_wconf 82' lang='grc' dir='ltr'>’Έλληνες</span> <span class='ocrx_word' id='word_1_256' title='bbox 1335 2248 1425 2302; x_wconf 81' lang='grc' dir='ltr'><strong>τὸν</strong></span> <span class='ocrx_word' id='word_1_257' title='bbox 1463 2247 1695 2320; x_wconf 76' lang='grc' dir='ltr'>Ἑρμῆν,</span> <span class='ocrx_word' id='word_1_258' title='bbox 1720 2246 1795 2310; x_wconf 83' lang='grc' dir='ltr'>ὡς</span> 
     </span>
    </p>
   </div>
   <div class='ocr_carea' id='block_1_39' title="bbox 203 2341 1795 2412">
    <p class='ocr_par' dir='ltr' id='par_1_39' title="bbox 203 2341 1795 2412">
     <span class='ocr_line' id='line_1_39' title="bbox 203 2341 1795 2412; baseline -0.001 -18"><span class='ocrx_word' id='word_1_259' title='bbox 203 2341 434 2412; x_wconf 80' lang='grc' dir='ltr'>κέρδους</span> <span class='ocrx_word' id='word_1_260' title='bbox 466 2342 906 2412; x_wconf 86' lang='grc' dir='ltr'>περιποιητικόν.</span> <span class='ocrx_word' id='word_1_261' title='bbox 937 2341 1029 2394; x_wconf 82' lang='grc' dir='ltr'><strong>Διὸ</strong></span> <span class='ocrx_word' id='word_1_262' title='bbox 1059 2342 1154 2394; x_wconf 62' lang='grc' dir='ltr'><strong>καὶ⁹</strong></span> <span class='ocrx_word' id='word_1_263' title='bbox 1198 2341 1590 2412; x_wconf 81' lang='grc' dir='ltr'>Ἀριστοφάνης</span> <span class='ocrx_word' id='word_1_264' title='bbox 1623 2342 1651 2393; x_wconf 98' lang='lat'><strong>6</strong></span> <span class='ocrx_word' id='word_1_265' title='bbox 1688 2357 1795 2392; x_wconf 87' lang='grc' dir='ltr'><strong>κω-</strong></span> 
     </span>
    </p>
   </div>
   <div class='ocr_carea' id='block_1_40' title="bbox 202 2430 1797 2504">
    <p class='ocr_par' dir='ltr' id='par_1_40' title="bbox 202 2430 1797 2504">
     <span class='ocr_line' id='line_1_40' title="bbox 202 2430 1797 2504; baseline -0.002 -19"><span class='ocrx_word' id='word_1_266' title='bbox 202 2432 366 2502; x_wconf 80' lang='grc' dir='ltr'>μικὸς</span> <span class='ocrx_word' id='word_1_267' title='bbox 394 2434 454 2486; x_wconf 82' lang='grc' dir='ltr'><strong>ἐν</strong></span> <span class='ocrx_word' id='word_1_268' title='bbox 482 2431 560 2503; x_wconf 85' lang='grc' dir='ltr'>τῷ</span> <span class='ocrx_word' id='word_1_269' title='bbox 589 2432 828 2504; x_wconf 83' lang='grc' dir='ltr'>δράματι</span> <span class='ocrx_word' id='word_1_270' title='bbox 866 2433 946 2504; x_wconf 84' lang='grc' dir='ltr'>τῷ</span> <span class='ocrx_word' id='word_1_271' title='bbox 984 2434 1252 2498; x_wconf 80' lang='grc' dir='ltr'><strong>Πλούτῳ,</strong></span> <span class='ocrx_word' id='word_1_272' title='bbox 1286 2432 1528 2504; x_wconf 84' lang='grc' dir='ltr'>ἀπορῶν,</span> <span class='ocrx_word' id='word_1_273' title='bbox 1564 2431 1687 2485; x_wconf 85' lang='grc' dir='ltr'>τίνα</span> <span class='ocrx_word' id='word_1_274' title='bbox 1715 2430 1797 2483; x_wconf 80' lang='grc' dir='ltr'>δεῖ</span> 
     </span>
    </p>
   </div>
   <div class='ocr_carea' id='block_1_41' title="bbox 202 2524 1804 2597">
    <p class='ocr_par' dir='ltr' id='par_1_41' title="bbox 202 2524 1804 2597">
     <span class='ocr_line' id='line_1_41' title="bbox 202 2524 1804 2597; baseline 0 -18"><span class='ocrx_word' id='word_1_275' title='bbox 202 2525 430 2579; x_wconf 79' lang='grc' dir='ltr'>καλέσαι</span> <span class='ocrx_word' id='word_1_276' title='bbox 463 2525 555 2578; x_wconf 85' lang='grc' dir='ltr'><strong>τὸν</strong></span> <span class='ocrx_word' id='word_1_277' title='bbox 593 2525 824 2596; x_wconf 80' lang='grc' dir='ltr'>Ἑρμῆν,</span> <span class='ocrx_word' id='word_1_278' title='bbox 853 2527 1017 2596; x_wconf 81' lang='grc' dir='ltr'>φησίν</span> <span class='ocrx_word' id='word_1_279' title='bbox 1041 2543 1054 2556; x_wconf 73' lang='grc' dir='ltr'><strong>ο</strong></span> <span class='ocrx_word' id='word_1_280' title='bbox 1104 2526 1427 2597; x_wconf 82' lang='grc' dir='ltr'>Ἑμπολαῖον</span> <span class='ocrx_word' id='word_1_281' title='bbox 1456 2524 1618 2580; x_wconf 78' lang='grc' dir='ltr'>αὑτὸν</span> <span class='ocrx_word' id='word_1_282' title='bbox 1659 2524 1804 2593; x_wconf 80' lang='grc' dir='ltr'>ἱδρυ-</span> 
     </span>
    </p>
   </div>
   <div class='ocr_carea' id='block_1_42' title="bbox 202 2616 1267 2691">
    <p class='ocr_par' dir='ltr' id='par_1_42' title="bbox 202 2616 1267 2691">
     <span class='ocr_line' id='line_1_42' title="bbox 202 2616 1267 2691; baseline 0.004 -21"><span class='ocrx_word' id='word_1_283' title='bbox 202 2616 452 2689; x_wconf 73' lang='grc' dir='ltr'>σώμεθα,</span> <span class='ocrx_word' id='word_1_284' title='bbox 488 2618 756 2681; x_wconf 83' lang='grc' dir='ltr'>τουτέστι,</span> <span class='ocrx_word' id='word_1_285' title='bbox 794 2619 1021 2691; x_wconf 82' lang='grc' dir='ltr'>κέρδους</span> <span class='ocrx_word' id='word_1_286' title='bbox 1054 2618 1267 2691; x_wconf 74' lang='grc' dir='ltr'>ἔφορον.</span> 
     </span>
    </p>
   </div>
   <div class='ocr_carea' id='block_1_43' title="bbox 455 2731 1534 2803">
    <p class='ocr_par' dir='ltr' id='par_1_43' title="bbox 455 2731 1534 2803">
     <span class='ocr_line' id='line_1_43' title="bbox 455 2731 1534 2803; baseline 0.001 -18"><span class='ocrx_word' id='word_1_287' title='bbox 455 2737 562 2799; x_wconf 60' lang='grc' dir='ltr'>ιμ’.</span> <span class='ocrx_word' id='word_1_288' title='bbox 612 2732 748 2803; x_wconf 79' lang='grc' dir='ltr'>Περὶ</span> <span class='ocrx_word' id='word_1_289' title='bbox 786 2732 919 2799; x_wconf 86' lang='grc' dir='ltr'>Διὸς</span> <span class='ocrx_word' id='word_1_290' title='bbox 956 2732 1153 2787; x_wconf 78' lang='grc' dir='ltr'>πάντα</span> <span class='ocrx_word' id='word_1_291' title='bbox 1196 2731 1534 2802; x_wconf 75' lang='grc' dir='ltr'>γινομένου.</span> 
     </span>
    </p>
   </div>
   <div class='ocr_carea' id='block_1_44' title="bbox 284 2844 1792 2919">
    <p class='ocr_par' dir='ltr' id='par_1_44' title="bbox 284 2844 1792 2919">
     <span class='ocr_line' id='line_1_44' title="bbox 284 2844 1792 2919; baseline 0.001 -24"><span class='ocrx_word' id='word_1_292' title='bbox 284 2847 347 2898; x_wconf 83' lang='grc'><strong>’0</strong></span> <span class='ocrx_word' id='word_1_293' title='bbox 392 2847 526 2911; x_wconf 76' lang='grc' dir='ltr'>Ζεὺς</span> <span class='ocrx_word' id='word_1_294' title='bbox 570 2847 860 2919; x_wconf 77' lang='grc' dir='ltr'>γενόμενος</span> <span class='ocrx_word' id='word_1_295' title='bbox 905 2847 1060 2911; x_wconf 75' lang='grc' dir='ltr'>ἀετὸς</span> <span class='ocrx_word' id='word_1_296' title='bbox 1102 2845 1190 2899; x_wconf 80' lang='grc' dir='ltr'>διὰ</span> <span class='ocrx_word' id='word_1_297' title='bbox 1248 2844 1582 2917; x_wconf 70' lang='grc' dir='ltr'>μαγγανείας</span> <span class='ocrx_word' id='word_1_298' title='bbox 1628 2844 1792 2909; x_wconf 72' lang='grc' dir='ltr'>τινος,</span> 
     </span>
    </p>
   </div>
   <div class='ocr_carea' id='block_1_45' title="bbox 202 2938 1798 3015">
    <p class='ocr_par' dir='ltr' id='par_1_45' title="bbox 202 2938 1798 3015">
     <span class='ocr_line' id='line_1_45' title="bbox 202 2938 1798 3015; baseline -0.002 -20"><span class='ocrx_word' id='word_1_299' title='bbox 202 2943 424 3013; x_wconf 66' lang='grc' dir='ltr'>ἥρπασε</span> <span class='ocrx_word' id='word_1_300' title='bbox 460 2942 549 2996; x_wconf 73' lang='grc' dir='ltr'>τὸν</span> <span class='ocrx_word' id='word_1_301' title='bbox 580 2943 939 3015; x_wconf 74' lang='grc' dir='ltr'>Γανυμήδην,</span> <span class='ocrx_word' id='word_1_302' title='bbox 971 2941 1223 3011; x_wconf 75' lang='grc' dir='ltr'>ἐρασθεὶς</span> <span class='ocrx_word' id='word_1_303' title='bbox 1263 2940 1430 2993; x_wconf 73' lang='grc' dir='ltr'>αὑτοῦ</span> <span class='ocrx_word' id='word_1_304' title='bbox 1476 2940 1610 3010; x_wconf 84' lang='grc' dir='ltr'>πρὸς</span> <span class='ocrx_word' id='word_1_305' title='bbox 1641 2938 1798 2992; x_wconf 86' lang='grc' dir='ltr'>παιδ-</span> 
     </span>
    </p>
   </div>
   <div class='ocr_carea' id='block_1_46' title="bbox 204 3031 1794 3107">
    <p class='ocr_par' dir='ltr' id='par_1_46' title="bbox 204 3031 1794 3107">
     <span class='ocr_line' id='line_1_46' title="bbox 204 3031 1794 3107; baseline -0.003 -20"><span class='ocrx_word' id='word_1_306' title='bbox 204 3034 505 3106; x_wconf 75' lang='grc' dir='ltr'>εραστίανο</span> <span class='ocrx_word' id='word_1_307' title='bbox 535 3035 681 3107; x_wconf 78' lang='grc' dir='ltr'>Φρὺξ</span> <span class='ocrx_word' id='word_1_308' title='bbox 722 3035 779 3088; x_wconf 86' lang='grc' dir='ltr'><strong>δὲ</strong></span> <span class='ocrx_word' id='word_1_309' title='bbox 821 3037 848 3088; x_wconf 91' lang='lat'><strong>6</strong></span> <span class='ocrx_word' id='word_1_310' title='bbox 887 3035 1227 3107; x_wconf 85' lang='grc' dir='ltr'>Γανυμήδης.</span> <span class='ocrx_word' id='word_1_311' title='bbox 1276 3033 1332 3085; x_wconf 87' lang='grc' dir='ltr'><strong>Ὀ</strong></span> <span class='ocrx_word' id='word_1_312' title='bbox 1358 3033 1414 3085; x_wconf 82' lang='grc' dir='ltr'><strong>δὲ</strong></span> <span class='ocrx_word' id='word_1_313' title='bbox 1456 3031 1623 3102; x_wconf 78' lang='grc' dir='ltr'>μῦθος</span> <span class='ocrx_word' id='word_1_314' title='bbox 1658 3031 1794 3102; x_wconf 81' lang='grc' dir='ltr'>ἔχει,</span> 
     </span>
    </p>
   </div>
   <div class='ocr_carea' id='block_1_47' title="bbox 202 3125 1799 3199">
    <p class='ocr_par' dir='ltr' id='par_1_47' title="bbox 202 3125 1799 3199">
     <span class='ocr_line' id='line_1_47' title="bbox 202 3125 1799 3199; baseline -0.001 -18"><span class='ocrx_word' id='word_1_315' title='bbox 202 3128 288 3182; x_wconf 74' lang='grc' dir='ltr'>ὅτι</span> <span class='ocrx_word' id='word_1_316' title='bbox 318 3130 568 3199; x_wconf 73' lang='grc' dir='ltr'>ἥρπασεν</span> <span class='ocrx_word' id='word_1_317' title='bbox 596 3132 623 3183; x_wconf 91' lang='lat'><strong>6</strong></span> <span class='ocrx_word' id='word_1_318' title='bbox 646 3130 779 3193; x_wconf 77' lang='grc' dir='ltr'>Ζεὺς</span> <span class='ocrx_word' id='word_1_319' title='bbox 800 3129 892 3183; x_wconf 77' lang='grc' dir='ltr'><strong>τὸν</strong></span> <span class='ocrx_word' id='word_1_320' title='bbox 919 3127 1264 3199; x_wconf 83' lang='grc' dir='ltr'>Γανυμήδην,</span> <span class='ocrx_word' id='word_1_321' title='bbox 1294 3127 1382 3179; x_wconf 83' lang='grc' dir='ltr'><strong>ἵνα</strong></span> <span class='ocrx_word' id='word_1_322' title='bbox 1406 3127 1608 3199; x_wconf 81' lang='grc' dir='ltr'>ποιήσῃ</span> <span class='ocrx_word' id='word_1_323' title='bbox 1635 3125 1799 3179; x_wconf 78' lang='grc' dir='ltr'>αὑτὸν</span> 
     </span>
    </p>
   </div>
   <div class='ocr_carea' id='block_1_48' title="bbox 204 3212 1800 3294">
    <p class='ocr_par' dir='ltr' id='par_1_48' title="bbox 204 3212 1800 3294">
     <span class='ocr_line' id='line_1_48' title="bbox 204 3212 1800 3294; baseline -0.003 -19"><span class='ocrx_word' id='word_1_324' title='bbox 204 3222 469 3293; x_wconf 68' lang='grc' dir='ltr'>οἰνοχόον,</span> <span class='ocrx_word' id='word_1_325' title='bbox 494 3222 625 3277; x_wconf 86' lang='grc' dir='ltr'>ὅταν</span> <span class='ocrx_word' id='word_1_326' title='bbox 654 3223 978 3294; x_wconf 80' lang='grc' dir='ltr'>ἀριστοποιῇ</span> <span class='ocrx_word' id='word_1_327' title='bbox 1015 3223 1130 3285; x_wconf 83' lang='grc' dir='ltr'>τοῖς</span> <span class='ocrx_word' id='word_1_328' title='bbox 1155 3220 1318 3285; x_wconf 81' lang='grc' dir='ltr'>θεοῖς·</span> <span class='ocrx_word' id='word_1_329' title='bbox 1348 3212 1502 3282; x_wconf 76' lang='grc' dir='ltr'>οὗτος</span> <span class='ocrx_word' id='word_1_330' title='bbox 1525 3219 1581 3272; x_wconf 80' lang='grc' dir='ltr'><strong>δὲ</strong></span> <span class='ocrx_word' id='word_1_331' title='bbox 1607 3220 1635 3272; x_wconf 94' lang='lat'><strong>6</strong></span> <span class='ocrx_word' id='word_1_332' title='bbox 1664 3218 1800 3281; x_wconf 83' lang='grc' dir='ltr'>Ζεὺς</span> 
     </span>
    </p>
   </div>
   <div class='ocr_carea' id='block_1_49' title="bbox 203 3310 1797 3385">
    <p class='ocr_par' dir='ltr' id='par_1_49' title="bbox 203 3310 1797 3385">
     <span class='ocr_line' id='line_1_49' title="bbox 203 3310 1797 3385; baseline -0.003 -19"><span class='ocrx_word' id='word_1_333' title='bbox 203 3314 433 3385; x_wconf 73' lang='grc' dir='ltr'>γοητείᾳ</span> <span class='ocrx_word' id='word_1_334' title='bbox 459 3314 567 3366; x_wconf 75' lang='grc' dir='ltr'>τινὶ</span> <span class='ocrx_word' id='word_1_335' title='bbox 601 3313 793 3383; x_wconf 85' lang='grc' dir='ltr'>γέγονε</span> <span class='ocrx_word' id='word_1_336' title='bbox 822 3314 1024 3385; x_wconf 79' lang='grc' dir='ltr'>χρυσὸς</span> <span class='ocrx_word' id='word_1_337' title='bbox 1045 3354 1059 3379; x_wconf 91' lang='grc'><strong>,</strong></span> <span class='ocrx_word' id='word_1_338' title='bbox 1090 3313 1186 3366; x_wconf 72' lang='grc' dir='ltr'><strong>καὶ</strong></span> <span class='ocrx_word' id='word_1_339' title='bbox 1218 3312 1401 3383; x_wconf 81' lang='grc' dir='ltr'>Δανάῃ</span> <span class='ocrx_word' id='word_1_340' title='bbox 1445 3310 1762 3379; x_wconf 86' lang='grc' dir='ltr'>συνεγένετο</span> <span class='ocrx_word' id='word_1_341' title='bbox 1782 3325 1797 3341; x_wconf 79' lang='grc' dir='ltr'><strong><em>ο</em></strong></span> 
     </span>
    </p>
   </div>
   <div class='ocr_carea' id='block_1_50' title="bbox 2390 2133 2982 2192">
    <p class='ocr_par' dir='ltr' id='par_1_50' title="bbox 2390 2133 2982 2192">
     <span class='ocr_line' id='line_1_50' title="bbox 2390 2133 2982 2192; baseline 0.007 -4"><span class='ocrx_word' id='word_1_342' title='bbox 2390 2133 2479 2188; x_wconf 86' lang='grc'><strong>90.</strong></span> <span class='ocrx_word' id='word_1_343' title='bbox 2529 2133 2603 2189; x_wconf 87' lang='lat' dir='ltr'><strong>De</strong></span> <span class='ocrx_word' id='word_1_344' title='bbox 2636 2134 2835 2192; x_wconf 83' lang='lat' dir='ltr'><strong>Lucreo</strong></span> <span class='ocrx_word' id='word_1_345' title='bbox 2866 2138 2982 2192; x_wconf 87' lang='lat' dir='ltr'><strong>deo.</strong></span> 
     </span>
    </p>
   </div>
   <div class='ocr_carea' id='block_1_51' title="bbox 1971 2245 3479 2319">
    <p class='ocr_par' dir='ltr' id='par_1_51' title="bbox 1971 2245 3479 2319">
     <span class='ocr_line' id='line_1_51' title="bbox 1971 2245 3479 2319; baseline 0.011 -22"><span class='ocrx_word' id='word_1_346' title='bbox 1971 2245 2233 2300; x_wconf 87' lang='lat' dir='ltr'><strong>Lucrium</strong></span> <span class='ocrx_word' id='word_1_347' title='bbox 2280 2247 2441 2302; x_wconf 86' lang='lat' dir='ltr'><strong>deum</strong></span> <span class='ocrx_word' id='word_1_348' title='bbox 2508 2247 2838 2305; x_wconf 78' lang='lat' dir='ltr'><strong>Mercurium</strong></span> <span class='ocrx_word' id='word_1_349' title='bbox 2900 2251 3073 2308; x_wconf 65' lang='lat' dir='ltr'><strong>Grazci</strong></span> <span class='ocrx_word' id='word_1_350' title='bbox 3132 2265 3351 2319; x_wconf 85' lang='lat' dir='ltr'><strong>vocant.</strong></span> <span class='ocrx_word' id='word_1_351' title='bbox 3419 2269 3479 2313; x_wconf 91' lang='lat' dir='ltr'><strong>ut</strong></span> 
     </span>
    </p>
   </div>
   <div class='ocr_carea' id='block_1_52' title="bbox 1900 2334 3480 2417">
    <p class='ocr_par' dir='ltr' id='par_1_52' title="bbox 1900 2334 3480 2417">
     <span class='ocr_line' id='line_1_52' title="bbox 1900 2334 3480 2417; baseline 0.011 -29"><span class='ocrx_word' id='word_1_352' title='bbox 1900 2334 2044 2390; x_wconf 85' lang='lat' dir='ltr'><strong>lucri</strong></span> <span class='ocrx_word' id='word_1_353' title='bbox 2082 2344 2386 2393; x_wconf 89' lang='lat' dir='ltr'><strong>auctorem.</strong></span> <span class='ocrx_word' id='word_1_354' title='bbox 2427 2337 2583 2395; x_wconf 85' lang='lat' dir='ltr'><strong>Unde</strong></span> <span class='ocrx_word' id='word_1_355' title='bbox 2620 2342 2788 2396; x_wconf 79' lang='lat' dir='ltr'><strong>etiam</strong></span> <span class='ocrx_word' id='word_1_356' title='bbox 2812 2344 3057 2399; x_wconf 84' lang='lat' dir='ltr'><strong>comicus</strong></span> <span class='ocrx_word' id='word_1_357' title='bbox 3081 2346 3480 2417; x_wconf 80' lang='lat' dir='ltr'><strong>Aristophanes</strong></span> 
     </span>
    </p>
   </div>
   <div class='ocr_carea' id='block_1_53' title="bbox 1898 2426 3476 2512">
    <p class='ocr_par' dir='ltr' id='par_1_53' title="bbox 1898 2426 3476 2512">
     <span class='ocr_line' id='line_1_53' title="bbox 1898 2426 3476 2512; baseline 0.01 -31"><span class='ocrx_word' id='word_1_358' title='bbox 1898 2427 1955 2481; x_wconf 88' lang='lat' dir='ltr'><strong>in</strong></span> <span class='ocrx_word' id='word_1_359' title='bbox 1992 2426 2153 2485; x_wconf 88' lang='lat' dir='ltr'><strong>Pluto</strong></span> <span class='ocrx_word' id='word_1_360' title='bbox 2186 2431 2522 2489; x_wconf 87' lang='lat' dir='ltr'><strong>addubitans</strong></span> <span class='ocrx_word' id='word_1_361' title='bbox 2555 2449 2668 2504; x_wconf 89' lang='lat' dir='ltr'><strong>quo</strong></span> <span class='ocrx_word' id='word_1_362' title='bbox 2700 2436 2926 2492; x_wconf 91' lang='lat' dir='ltr'><strong>nomine</strong></span> <span class='ocrx_word' id='word_1_363' title='bbox 2958 2437 3266 2496; x_wconf 73' lang='lat' dir='ltr'><strong>Mercurius</strong></span> <span class='ocrx_word' id='word_1_364' title='bbox 3292 2444 3476 2512; x_wconf 87' lang='lat' dir='ltr'><strong>appel-</strong></span> 
     </span>
    </p>
   </div>
   <div class='ocr_carea' id='block_1_54' title="bbox 1898 2521 3483 2601">
    <p class='ocr_par' dir='ltr' id='par_1_54' title="bbox 1898 2521 3483 2601">
     <span class='ocr_line' id='line_1_54' title="bbox 1898 2521 3483 2601; baseline 0.011 -26"><span class='ocrx_word' id='word_1_365' title='bbox 1898 2521 2097 2578; x_wconf 90' lang='lat' dir='ltr'><strong>landus</strong></span> <span class='ocrx_word' id='word_1_366' title='bbox 2121 2524 2215 2587; x_wconf 87' lang='lat' dir='ltr'><strong>sit,</strong></span> <span class='ocrx_word' id='word_1_367' title='bbox 2236 2522 2554 2582; x_wconf 89' lang='lat' dir='ltr'><strong>Statuamus</strong></span> <span class='ocrx_word' id='word_1_368' title='bbox 2580 2542 2727 2594; x_wconf 90' lang='lat' dir='ltr'><strong>eum,</strong></span> <span class='ocrx_word' id='word_1_369' title='bbox 2757 2529 2955 2600; x_wconf 89' lang='lat' dir='ltr'><strong>inquit,</strong></span> <span class='ocrx_word' id='word_1_370' title='bbox 2980 2532 3296 2601; x_wconf 79' lang='grc' dir='ltr'>ἐμπολαῖον,</span> <span class='ocrx_word' id='word_1_371' title='bbox 3324 2535 3376 2591; x_wconf 87' lang='lat' dir='ltr'><strong>id</strong></span> <span class='ocrx_word' id='word_1_372' title='bbox 3398 2547 3483 2592; x_wconf 89' lang='lat' dir='ltr'><strong>est</strong></span> 
     </span>
    </p>
   </div>
   <div class='ocr_carea' id='block_1_55' title="bbox 1906 2618 2747 2689">
    <p class='ocr_par' dir='ltr' id='par_1_55' title="bbox 1906 2618 2747 2689">
     <span class='ocr_line' id='line_1_55' title="bbox 1906 2618 2747 2689; baseline 0.011 -22"><span class='ocrx_word' id='word_1_373' title='bbox 1906 2623 2156 2684; x_wconf 70' lang='lat' dir='ltr'><strong>quaestus</strong></span> <span class='ocrx_word' id='word_1_374' title='bbox 2185 2625 2240 2671; x_wconf 91' lang='lat' dir='ltr'><strong>et</strong></span> <span class='ocrx_word' id='word_1_375' title='bbox 2272 2618 2407 2673; x_wconf 89' lang='lat' dir='ltr'><strong>lucri</strong></span> <span class='ocrx_word' id='word_1_376' title='bbox 2435 2621 2747 2689; x_wconf 63' lang='lat' dir='ltr'><strong>praesidem.</strong></span> 
     </span>
    </p>
   </div>
   <div class='ocr_carea' id='block_1_56' title="bbox 1958 2726 3416 2808">
    <p class='ocr_par' dir='ltr' id='par_1_56' title="bbox 1958 2726 3416 2808">
     <span class='ocr_line' id='line_1_56' title="bbox 1958 2726 3416 2808; baseline 0.01 -29"><span class='ocrx_word' id='word_1_377' title='bbox 1958 2726 2047 2780; x_wconf 81' lang='grc'><strong>91.</strong></span> <span class='ocrx_word' id='word_1_378' title='bbox 2091 2727 2167 2781; x_wconf 89' lang='lat' dir='ltr'><strong>De</strong></span> <span class='ocrx_word' id='word_1_379' title='bbox 2196 2746 2256 2783; x_wconf 91' lang='lat' dir='ltr'><strong>eo</strong></span> <span class='ocrx_word' id='word_1_380' title='bbox 2289 2730 2379 2800; x_wconf 86' lang='lat' dir='ltr'><strong>qui</strong></span> <span class='ocrx_word' id='word_1_381' title='bbox 2408 2743 2621 2801; x_wconf 80' lang='lat' dir='ltr'><strong>propter</strong></span> <span class='ocrx_word' id='word_1_382' title='bbox 2659 2735 2905 2790; x_wconf 82' lang='lat' dir='ltr'><strong>mulieres</strong></span> <span class='ocrx_word' id='word_1_383' title='bbox 2935 2736 3139 2806; x_wconf 82' lang='lat' dir='ltr'><strong>quidvis</strong></span> <span class='ocrx_word' id='word_1_384' title='bbox 3162 2738 3416 2808; x_wconf 77' lang='lat' dir='ltr'><strong>efﬁcitur.</strong></span> 
     </span>
    </p>
   </div>
   <div class='ocr_carea' id='block_1_57' title="bbox 1969 2838 3480 2921">
    <p class='ocr_par' dir='ltr' id='par_1_57' title="bbox 1969 2838 3480 2921">
     <span class='ocr_line' id='line_1_57' title="bbox 1969 2838 3480 2921; baseline 0.011 -28"><span class='ocrx_word' id='word_1_385' title='bbox 1969 2838 2163 2896; x_wconf 85' lang='lat' dir='ltr'><strong>Jovem</strong></span> <span class='ocrx_word' id='word_1_386' title='bbox 2210 2843 2494 2916; x_wconf 83' lang='lat' dir='ltr'><strong>intelligit,</strong></span> <span class='ocrx_word' id='word_1_387' title='bbox 2542 2848 2636 2916; x_wconf 89' lang='lat' dir='ltr'><strong>qui</strong></span> <span class='ocrx_word' id='word_1_388' title='bbox 2681 2849 2979 2921; x_wconf 62' lang='lat' dir='ltr'><strong>praestigiis</strong></span> <span class='ocrx_word' id='word_1_389' title='bbox 3029 2851 3362 2921; x_wconf 89' lang='lat' dir='ltr'><strong>quibusdam</strong></span> <span class='ocrx_word' id='word_1_390' title='bbox 3425 2856 3480 2909; x_wconf 92' lang='lat' dir='ltr'><strong>in</strong></span> 
     </span>
    </p>
   </div>
   <div class='ocr_carea' id='block_1_58' title="bbox 1901 2932 3484 3012">
    <p class='ocr_par' dir='ltr' id='par_1_58' title="bbox 1901 2932 3484 3012">
     <span class='ocr_line' id='line_1_58' title="bbox 1901 2932 3484 3012; baseline 0.01 -28"><span class='ocrx_word' id='word_1_391' title='bbox 1901 2932 2143 3001; x_wconf 87' lang='lat' dir='ltr'><strong>aquilam</strong></span> <span class='ocrx_word' id='word_1_392' title='bbox 2175 2934 2626 3005; x_wconf 80' lang='lat' dir='ltr'><strong>transformatus,</strong></span> <span class='ocrx_word' id='word_1_393' title='bbox 2664 2938 3037 3012; x_wconf 86' lang='lat' dir='ltr'><strong>Ganymedem</strong></span> <span class='ocrx_word' id='word_1_394' title='bbox 3078 2944 3285 3011; x_wconf 85' lang='lat' dir='ltr'><strong>rapuit,</strong></span> <span class='ocrx_word' id='word_1_395' title='bbox 3324 2954 3382 2999; x_wconf 93' lang='lat' dir='ltr'><strong>ut</strong></span> <span class='ocrx_word' id='word_1_396' title='bbox 3417 2962 3484 3000; x_wconf 88' lang='lat' dir='ltr'><strong>eo</strong></span> 
     </span>
    </p>
   </div>
   <div class='ocr_carea' id='block_1_59' title="bbox 1902 3024 3481 3108">
    <p class='ocr_par' dir='ltr' id='par_1_59' title="bbox 1902 3024 3481 3108">
     <span class='ocr_line' id='line_1_59' title="bbox 1902 3024 3481 3108; baseline 0.011 -32"><span class='ocrx_word' id='word_1_397' title='bbox 1902 3024 1970 3077; x_wconf 90' lang='lat' dir='ltr'><strong>ad</strong></span> <span class='ocrx_word' id='word_1_398' title='bbox 2003 3027 2307 3081; x_wconf 88' lang='lat' dir='ltr'><strong>masculam</strong></span> <span class='ocrx_word' id='word_1_399' title='bbox 2344 3028 2624 3086; x_wconf 82' lang='lat' dir='ltr'><strong>libidinem</strong></span> <span class='ocrx_word' id='word_1_400' title='bbox 2672 3032 3011 3089; x_wconf 82' lang='lat' dir='ltr'><strong>abuteretur.</strong></span> <span class='ocrx_word' id='word_1_401' title='bbox 3071 3036 3252 3108; x_wconf 81' lang='lat' dir='ltr'><strong>Phryx</strong></span> <span class='ocrx_word' id='word_1_402' title='bbox 3300 3046 3481 3093; x_wconf 87' lang='lat' dir='ltr'><strong>autem</strong></span> 
     </span>
    </p>
   </div>
   <div class='ocr_carea' id='block_1_60' title="bbox 1900 3116 3483 3197">
    <p class='ocr_par' dir='ltr' id='par_1_60' title="bbox 1900 3116 3483 3197">
     <span class='ocr_line' id='line_1_60' title="bbox 1900 3116 3483 3197; baseline 0.008 -26"><span class='ocrx_word' id='word_1_403' title='bbox 1900 3124 2020 3171; x_wconf 89' lang='lat' dir='ltr'><strong>erat</strong></span> <span class='ocrx_word' id='word_1_404' title='bbox 2050 3116 2417 3190; x_wconf 79' lang='lat' dir='ltr'><strong>Ganymedes,</strong></span> <span class='ocrx_word' id='word_1_405' title='bbox 2452 3122 2682 3186; x_wconf 87' lang='lat' dir='ltr'><strong>idcirco,</strong></span> <span class='ocrx_word' id='word_1_406' title='bbox 2728 3132 2788 3179; x_wconf 91' lang='lat' dir='ltr'><strong>ut</strong></span> <span class='ocrx_word' id='word_1_407' title='bbox 2830 3134 3004 3197; x_wconf 67' lang='lat' dir='ltr'><strong>poene</strong></span> <span class='ocrx_word' id='word_1_408' title='bbox 3049 3126 3387 3193; x_wconf 74' lang='lat' dir='ltr'><strong>fabulantur,</strong></span> <span class='ocrx_word' id='word_1_409' title='bbox 3453 3146 3483 3183; x_wconf 90' lang='lat' dir='ltr'><strong>a</strong></span> 
     </span>
    </p>
   </div>
   <div class='ocr_carea' id='block_1_61' title="bbox 1901 3208 3479 3292">
    <p class='ocr_par' dir='ltr' id='par_1_61' title="bbox 1901 3208 3479 3292">
     <span class='ocr_line' id='line_1_61' title="bbox 1901 3208 3479 3292; baseline 0.008 -29"><span class='ocrx_word' id='word_1_410' title='bbox 1901 3208 2037 3265; x_wconf 88' lang='lat' dir='ltr'><strong>Jove</strong></span> <span class='ocrx_word' id='word_1_411' title='bbox 2080 3222 2299 3283; x_wconf 86' lang='lat' dir='ltr'><strong>raptus,</strong></span> <span class='ocrx_word' id='word_1_412' title='bbox 2351 3223 2412 3268; x_wconf 92' lang='lat' dir='ltr'><strong>ut</strong></span> <span class='ocrx_word' id='word_1_413' title='bbox 2470 3215 2812 3285; x_wconf 80' lang='lat' dir='ltr'><strong>pocillatoris</strong></span> <span class='ocrx_word' id='word_1_414' title='bbox 2852 3234 3082 3276; x_wconf 90' lang='lat' dir='ltr'><strong>munere</strong></span> <span class='ocrx_word' id='word_1_415' title='bbox 3135 3220 3479 3292; x_wconf 78' lang='lat' dir='ltr'><strong>fungeretur,</strong></span> 
     </span>
    </p>
   </div>
   <div class='ocr_carea' id='block_1_62' title="bbox 1902 3307 3480 3384">
    <p class='ocr_par' dir='ltr' id='par_1_62' title="bbox 1902 3307 3480 3384">
     <span class='ocr_line' id='line_1_62' title="bbox 1902 3307 3480 3384; baseline 0.006 -23"><span class='ocrx_word' id='word_1_416' title='bbox 1902 3323 2028 3361; x_wconf 89' lang='lat' dir='ltr'><strong>eum</strong></span> <span class='ocrx_word' id='word_1_417' title='bbox 2062 3307 2281 3380; x_wconf 90' lang='lat' dir='ltr'><strong>Jupiter</strong></span> <span class='ocrx_word' id='word_1_418' title='bbox 2314 3311 2447 3366; x_wconf 88' lang='lat' dir='ltr'><strong>deos</strong></span> <span class='ocrx_word' id='word_1_419' title='bbox 2479 3312 2711 3382; x_wconf 89' lang='lat' dir='ltr'><strong>prandio</strong></span> <span class='ocrx_word' id='word_1_420' title='bbox 2740 3324 3075 3384; x_wconf 83' lang='lat' dir='ltr'><strong>excepturus</strong></span> <span class='ocrx_word' id='word_1_421' title='bbox 3103 3326 3272 3371; x_wconf 88' lang='lat' dir='ltr'><strong>esset.</strong></span> <span class='ocrx_word' id='word_1_422' title='bbox 3333 3316 3480 3372; x_wconf 88' lang='lat' dir='ltr'><strong>ldem</strong></span> 
     </span>
    </p>
   </div>
   <div class='ocr_carea' id='block_1_63' title="bbox 204 3370 1826 3477">
    <p class='ocr_par' dir='ltr' id='par_1_63' title="bbox 204 3370 1800 3477">
     <span class='ocr_line' id='line_1_63' title="bbox 204 3370 1800 3477; baseline -0.002 -20"><span class='ocrx_word' id='word_1_423' title='bbox 204 3370 373 3457; x_wconf 66' lang='grc' dir='ltr'>πάλιν</span> <span class='ocrx_word' id='word_1_424' title='bbox 400 3370 623 3477; x_wconf 63' lang='grc' dir='ltr'>ταῦρος,</span> <span class='ocrx_word' id='word_1_425' title='bbox 657 3370 752 3458; x_wconf 69' lang='grc' dir='ltr'><strong>καὶ</strong></span> <span class='ocrx_word' id='word_1_426' title='bbox 913 3370 1185 3476; x_wconf 52' lang='grc' dir='ltr'>Εὐρώπην</span> <span class='ocrx_word' id='word_1_427' title='bbox 1216 3370 1435 3477; x_wconf 61' lang='grc' dir='ltr'>ἥρπασε</span> <span class='ocrx_word' id='word_1_428' title='bbox 1457 3419 1472 3434; x_wconf 76' lang='grc' dir='ltr'><strong>ο</strong></span> <span class='ocrx_word' id='word_1_429' title='bbox 1515 3370 1711 3464; x_wconf 73' lang='grc' dir='ltr'>κύκνος</span> <span class='ocrx_word' id='word_1_430' title='bbox 1742 3399 1800 3454; x_wconf 84' lang='grc' dir='ltr'><strong>δὲ</strong></span> 
     </span>
    </p>
   </div>
   <div class='ocr_carea' id='block_1_64' title="bbox 1908 3370 3483 3477">
    <p class='ocr_par' dir='ltr' id='par_1_64' title="bbox 1908 3399 3483 3475">
     <span class='ocr_line' id='line_1_64' title="bbox 1908 3399 3483 3475; baseline 0.003 -19"><span class='ocrx_word' id='word_1_431' title='bbox 1908 3399 2122 3470; x_wconf 91' lang='lat' dir='ltr'><strong>Jupiter</strong></span> <span class='ocrx_word' id='word_1_432' title='bbox 2180 3405 2521 3474; x_wconf 63' lang='lat' dir='ltr'><strong>prsestigiosa</strong></span> <span class='ocrx_word' id='word_1_433' title='bbox 2568 3405 2805 3475; x_wconf 88' lang='lat' dir='ltr'><strong>quadam</strong></span> <span class='ocrx_word' id='word_1_434' title='bbox 2850 3416 2967 3462; x_wconf 90' lang='lat' dir='ltr'><strong>arte</strong></span> <span class='ocrx_word' id='word_1_435' title='bbox 3013 3422 3208 3462; x_wconf 92' lang='lat' dir='ltr'><strong>aurum</strong></span> <span class='ocrx_word' id='word_1_436' title='bbox 3257 3407 3483 3464; x_wconf 75' lang='lat' dir='ltr'><strong>eﬂ‘ectus</strong></span> 
     </span>
    </p>
   </div>
   <div class='ocr_carea' id='block_1_65' title="bbox 204 3494 1801 3568">
    <p class='ocr_par' dir='ltr' id='par_1_65' title="bbox 204 3494 1801 3568">
     <span class='ocr_line' id='line_1_65' title="bbox 204 3494 1801 3568; baseline -0.001 -19"><span class='ocrx_word' id='word_1_437' title='bbox 204 3496 526 3567; x_wconf 81' lang='grc' dir='ltr'>γενόμενος,</span> <span class='ocrx_word' id='word_1_438' title='bbox 564 3496 745 3568; x_wconf 84' lang='grc' dir='ltr'>Λήδαν</span> <span class='ocrx_word' id='word_1_439' title='bbox 784 3497 1111 3568; x_wconf 85' lang='grc' dir='ltr'>ἐπόρνευσε·</span> <span class='ocrx_word' id='word_1_440' title='bbox 1148 3495 1311 3550; x_wconf 84' lang='grc' dir='ltr'>πάλιν</span> <span class='ocrx_word' id='word_1_441' title='bbox 1344 3494 1543 3567; x_wconf 82' lang='grc' dir='ltr'>ταῦρος</span> <span class='ocrx_word' id='word_1_442' title='bbox 1576 3494 1801 3564; x_wconf 76' lang='grc' dir='ltr'>γενόμεο</span> 
     </span>
    </p>
   </div>
   <div class='ocr_carea' id='block_1_66' title="bbox 204 3588 1801 3661">
    <p class='ocr_par' dir='ltr' id='par_1_66' title="bbox 204 3588 1801 3661">
     <span class='ocr_line' id='line_1_66' title="bbox 204 3588 1801 3661; baseline -0.002 -19"><span class='ocrx_word' id='word_1_443' title='bbox 204 3607 318 3653; x_wconf 86' lang='grc' dir='ltr'>νος,</span> <span class='ocrx_word' id='word_1_444' title='bbox 360 3591 459 3660; x_wconf 82' lang='grc' dir='ltr'><strong>τὴν</strong></span> <span class='ocrx_word' id='word_1_445' title='bbox 489 3590 783 3661; x_wconf 82' lang='grc' dir='ltr'>Πασιφάην</span> <span class='ocrx_word' id='word_1_446' title='bbox 808 3591 1106 3661; x_wconf 86' lang='grc' dir='ltr'>ἐπόρνευσε</span> <span class='ocrx_word' id='word_1_447' title='bbox 1125 3605 1138 3618; x_wconf 86' lang='grc'><strong>·</strong></span> <span class='ocrx_word' id='word_1_448' title='bbox 1172 3589 1404 3661; x_wconf 83' lang='grc' dir='ltr'>σάτυρος</span> <span class='ocrx_word' id='word_1_449' title='bbox 1428 3588 1484 3641; x_wconf 80' lang='grc' dir='ltr'><strong>δὲ</strong></span> <span class='ocrx_word' id='word_1_450' title='bbox 1510 3588 1801 3658; x_wconf 82' lang='grc' dir='ltr'>γενόμενος</span> 
     </span>
    </p>
   </div>
   <div class='ocr_carea' id='block_1_67' title="bbox 203 3678 1798 3755">
    <p class='ocr_par' dir='ltr' id='par_1_67' title="bbox 203 3678 1798 3755">
     <span class='ocr_line' id='line_1_67' title="bbox 203 3678 1798 3755; baseline -0.002 -20"><span class='ocrx_word' id='word_1_451' title='bbox 203 3684 303 3735; x_wconf 72' lang='grc' dir='ltr'><strong>καὶ</strong></span> <span class='ocrx_word' id='word_1_452' title='bbox 343 3682 512 3736; x_wconf 73' lang='grc' dir='ltr'>τᾶλλα</span> <span class='ocrx_word' id='word_1_453' title='bbox 560 3683 730 3755; x_wconf 90' lang='grc' dir='ltr'>μυρία</span> <span class='ocrx_word' id='word_1_454' title='bbox 774 3682 923 3737; x_wconf 84' lang='grc' dir='ltr'>κακὰ</span> <span class='ocrx_word' id='word_1_455' title='bbox 967 3681 1179 3753; x_wconf 77' lang='grc' dir='ltr'>πράξας</span> <span class='ocrx_word' id='word_1_456' title='bbox 1230 3681 1321 3735; x_wconf 84' lang='grc' dir='ltr'><strong>διὰ</strong></span> <span class='ocrx_word' id='word_1_457' title='bbox 1359 3680 1667 3751; x_wconf 85' lang='grc' dir='ltr'>φιληδονίαν</span> <span class='ocrx_word' id='word_1_458' title='bbox 1705 3678 1798 3734; x_wconf 81' lang='grc' dir='ltr'>καὶ</span> 
     </span>
    </p>
   </div>
   <div class='ocr_carea' id='block_1_68' title="bbox 204 3773 484 3843">
    <p class='ocr_par' dir='ltr' id='par_1_68' title="bbox 204 3773 484 3843">
     <span class='ocr_line' id='line_1_68' title="bbox 204 3773 484 3843; baseline 0.007 -17"><span class='ocrx_word' id='word_1_459' title='bbox 204 3773 484 3843; x_wconf 84' lang='grc' dir='ltr'>λαγνείαν.</span> 
     </span>
    </p>
   </div>
   <div class='ocr_carea' id='block_1_69' title="bbox 1903 3491 3483 3566">
    <p class='ocr_par' dir='ltr' id='par_1_69' title="bbox 1903 3491 3483 3566">
     <span class='ocr_line' id='line_1_69' title="bbox 1903 3491 3483 3566; baseline 0.005 -21"><span class='ocrx_word' id='word_1_460' title='bbox 1903 3491 2127 3549; x_wconf 89' lang='lat' dir='ltr'><strong>Danaen</strong></span> <span class='ocrx_word' id='word_1_461' title='bbox 2169 3496 2522 3566; x_wconf 84' lang='lat' dir='ltr'><strong>compressit.</strong></span> <span class='ocrx_word' id='word_1_462' title='bbox 2552 3494 2766 3552; x_wconf 80' lang='lat' dir='ltr'><strong>Rursus</strong></span> <span class='ocrx_word' id='word_1_463' title='bbox 2796 3497 2900 3553; x_wconf 90' lang='lat' dir='ltr'><strong>sub</strong></span> <span class='ocrx_word' id='word_1_464' title='bbox 2940 3498 3081 3552; x_wconf 81' lang='lat' dir='ltr'><strong>tauri</strong></span> <span class='ocrx_word' id='word_1_465' title='bbox 3129 3498 3304 3553; x_wconf 84' lang='lat' dir='ltr'><strong>forma</strong></span> <span class='ocrx_word' id='word_1_466' title='bbox 3337 3498 3483 3553; x_wconf 86' lang='lat' dir='ltr'><strong>Euro</strong></span> 
     </span>
    </p>
   </div>
   <div class='ocr_carea' id='block_1_70' title="bbox 1898 3587 3483 3663">
    <p class='ocr_par' dir='ltr' id='par_1_70' title="bbox 1898 3587 3483 3663">
     <span class='ocr_line' id='line_1_70' title="bbox 1898 3587 3483 3663; baseline 0.003 -25"><span class='ocrx_word' id='word_1_467' title='bbox 1898 3600 2023 3655; x_wconf 92' lang='lat' dir='ltr'><strong>pam</strong></span> <span class='ocrx_word' id='word_1_468' title='bbox 2058 3587 2263 3656; x_wconf 87' lang='lat' dir='ltr'><strong>rapuit,</strong></span> <span class='ocrx_word' id='word_1_469' title='bbox 2284 3588 2746 3657; x_wconf 90' lang='lat' dir='ltr'><strong>quemadmodum</strong></span> <span class='ocrx_word' id='word_1_470' title='bbox 2774 3592 2940 3646; x_wconf 89' lang='lat' dir='ltr'><strong>etiam</strong></span> <span class='ocrx_word' id='word_1_471' title='bbox 2973 3592 3027 3646; x_wconf 92' lang='lat' dir='ltr'><strong>in</strong></span> <span class='ocrx_word' id='word_1_472' title='bbox 3072 3607 3306 3663; x_wconf 77' lang='lat' dir='ltr'><strong>cygnum</strong></span> <span class='ocrx_word' id='word_1_473' title='bbox 3332 3606 3483 3647; x_wconf 79' lang='lat' dir='ltr'><strong>com—</strong></span> 
     </span>
    </p>
   </div>
   <div class='ocr_carea' id='block_1_71' title="bbox 1897 3678 3481 3755">
    <p class='ocr_par' dir='ltr' id='par_1_71' title="bbox 1897 3678 3481 3755">
     <span class='ocr_line' id='line_1_71' title="bbox 1897 3678 3481 3755; baseline 0.005 -26"><span class='ocrx_word' id='word_1_474' title='bbox 1897 3685 2142 3733; x_wconf 89' lang='lat' dir='ltr'><strong>mutatus</strong></span> <span class='ocrx_word' id='word_1_475' title='bbox 2173 3678 2334 3734; x_wconf 75' lang='lat' dir='ltr'><strong>Ledze</strong></span> <span class='ocrx_word' id='word_1_476' title='bbox 2366 3687 2616 3750; x_wconf 89' lang='lat' dir='ltr'><strong>stuprum</strong></span> <span class='ocrx_word' id='word_1_477' title='bbox 2659 3683 2863 3748; x_wconf 90' lang='lat' dir='ltr'><strong>intulit,</strong></span> <span class='ocrx_word' id='word_1_478' title='bbox 2894 3695 2946 3740; x_wconf 88' lang='lat' dir='ltr'><strong>et</strong></span> <span class='ocrx_word' id='word_1_479' title='bbox 2987 3683 3042 3738; x_wconf 89' lang='lat' dir='ltr'><strong>in</strong></span> <span class='ocrx_word' id='word_1_480' title='bbox 3075 3693 3320 3755; x_wconf 85' lang='lat' dir='ltr'><strong>satyrum</strong></span> <span class='ocrx_word' id='word_1_481' title='bbox 3350 3699 3481 3739; x_wconf 89' lang='lat' dir='ltr'><strong>con-</strong></span> 
     </span>
    </p>
   </div>
   <div class='ocr_carea' id='block_1_72' title="bbox 1895 3769 3484 3845">
    <p class='ocr_par' dir='ltr' id='par_1_72' title="bbox 1895 3769 3484 3845">
     <span class='ocr_line' id='line_1_72' title="bbox 1895 3769 3484 3845; baseline 0.004 -24"><span class='ocrx_word' id='word_1_482' title='bbox 1895 3784 2091 3825; x_wconf 88' lang='lat' dir='ltr'><strong>versus</strong></span> <span class='ocrx_word' id='word_1_483' title='bbox 2136 3769 2454 3842; x_wconf 77' lang='lat' dir='ltr'><strong>Nycteidem</strong></span> <span class='ocrx_word' id='word_1_484' title='bbox 2488 3773 2783 3843; x_wconf 86' lang='lat' dir='ltr'><strong>nympham</strong></span> <span class='ocrx_word' id='word_1_485' title='bbox 2816 3775 3031 3845; x_wconf 86' lang='lat' dir='ltr'><strong>aliaque</strong></span> <span class='ocrx_word' id='word_1_486' title='bbox 3068 3784 3327 3831; x_wconf 67' lang='lat' dir='ltr'><strong>sexcenta</strong></span> <span class='ocrx_word' id='word_1_487' title='bbox 3383 3773 3484 3828; x_wconf 86' lang='lat' dir='ltr'><strong>lla-</strong></span> 
     </span>
    </p>
   </div>
   <div class='ocr_carea' id='block_1_73' title="bbox 1893 3862 3479 3939">
    <p class='ocr_par' dir='ltr' id='par_1_73' title="bbox 1893 3862 3479 3939">
     <span class='ocr_line' id='line_1_73' title="bbox 1893 3862 3479 3939; baseline 0.003 -24"><span class='ocrx_word' id='word_1_488' title='bbox 1893 3862 2028 3933; x_wconf 90' lang='lat' dir='ltr'><strong>gitia</strong></span> <span class='ocrx_word' id='word_1_489' title='bbox 2069 3872 2293 3935; x_wconf 89' lang='lat' dir='ltr'><strong>propter</strong></span> <span class='ocrx_word' id='word_1_490' title='bbox 2324 3869 2661 3939; x_wconf 87' lang='lat' dir='ltr'><strong>voluptatem</strong></span> <span class='ocrx_word' id='word_1_491' title='bbox 2697 3867 3093 3939; x_wconf 90' lang='lat' dir='ltr'><strong>libidinemque</strong></span> <span class='ocrx_word' id='word_1_492' title='bbox 3126 3867 3479 3939; x_wconf 85' lang='lat' dir='ltr'><strong>perpetravit.</strong></span> 
     </span>
    </p>
   </div>
   <div class='ocr_carea' id='block_1_74' title="bbox 1388 3974 2258 4049">
    <p class='ocr_par' dir='ltr' id='par_1_74' title="bbox 1388 3974 2258 4049">
     <span class='ocr_line' id='line_1_74' title="bbox 1388 3974 2258 4049; baseline 0.026 -34"><span class='ocrx_word' id='word_1_493' title='bbox 1388 3975 1500 4049; x_wconf 67' lang='lat'><strong>[92.</strong></span> <span class='ocrx_word' id='word_1_494' title='bbox 1533 3974 1644 4045; x_wconf 80' lang='grc'><strong>(51)</strong></span> <span class='ocrx_word' id='word_1_495' title='bbox 1690 3974 1761 4028; x_wconf 90' lang='lat' dir='ltr'><strong>De</strong></span> <span class='ocrx_word' id='word_1_496' title='bbox 1781 3974 1977 4031; x_wconf 80' lang='lat' dir='ltr'><strong>Thestii</strong></span> <span class='ocrx_word' id='word_1_497' title='bbox 2016 3978 2258 4047; x_wconf 71' lang='lat' dir='ltr'><strong>ﬁliabus.</strong></span> 
     </span>
    </p>
   </div>
   <div class='ocr_carea' id='block_1_75' title="bbox 278 4065 3483 4147">
    <p class='ocr_par' dir='ltr' id='par_1_75' title="bbox 278 4065 3483 4147">
     <span class='ocr_line' id='line_1_75' title="bbox 278 4065 3483 4147; baseline 0.001 -22"><span class='ocrx_word' id='word_1_498' title='bbox 278 4071 398 4126; x_wconf 89' lang='lat' dir='ltr'><strong>Jam</strong></span> <span class='ocrx_word' id='word_1_499' title='bbox 440 4071 683 4127; x_wconf 77' lang='lat' dir='ltr'><strong>diximus</strong></span> <span class='ocrx_word' id='word_1_500' title='bbox 710 4069 999 4127; x_wconf 80' lang='lat' dir='ltr'><strong>Herculem</strong></span> <span class='ocrx_word' id='word_1_501' title='bbox 1029 4086 1138 4125; x_wconf 89' lang='lat' dir='ltr'><strong>una</strong></span> <span class='ocrx_word' id='word_1_502' title='bbox 1166 4078 1327 4125; x_wconf 86' lang='lat' dir='ltr'><strong>nocte</strong></span> <span class='ocrx_word' id='word_1_503' title='bbox 1374 4084 1499 4123; x_wconf 88' lang='lat' dir='ltr'><strong>cum</strong></span> <span class='ocrx_word' id='word_1_504' title='bbox 1544 4084 1574 4122; x_wconf 78' lang='grc' dir='ltr'><strong>ι</strong></span> <span class='ocrx_word' id='word_1_505' title='bbox 1620 4065 1831 4122; x_wconf 88' lang='lat' dir='ltr'><strong>Thestii</strong></span> <span class='ocrx_word' id='word_1_506' title='bbox 1864 4067 2079 4126; x_wconf 78' lang='lat' dir='ltr'><strong>ﬁliabus</strong></span> <span class='ocrx_word' id='word_1_507' title='bbox 2123 4087 2476 4145; x_wconf 80' lang='lat' dir='ltr'><strong>congressum</strong></span> <span class='ocrx_word' id='word_1_508' title='bbox 2521 4075 2711 4147; x_wconf 78' lang='lat' dir='ltr'><strong>fuisse,</strong></span> <span class='ocrx_word' id='word_1_509' title='bbox 2769 4091 3004 4146; x_wconf 90' lang='lat' dir='ltr'><strong>eumque</strong></span> <span class='ocrx_word' id='word_1_510' title='bbox 3033 4073 3343 4146; x_wconf 81' lang='lat' dir='ltr'><strong>Trivesperi</strong></span> <span class='ocrx_word' id='word_1_511' title='bbox 3382 4090 3483 4128; x_wconf 85' lang='lat' dir='ltr'><strong>no-</strong></span> 
     </span>
    </p>
   </div>
   <div class='ocr_carea' id='block_1_76' title="bbox 207 4163 2023 4237">
    <p class='ocr_par' dir='ltr' id='par_1_76' title="bbox 207 4163 2023 4237">
     <span class='ocr_line' id='line_1_76' title="bbox 207 4163 2023 4237; baseline -0.001 -18"><span class='ocrx_word' id='word_1_512' title='bbox 207 4182 334 4221; x_wconf 90' lang='lat' dir='ltr'><strong>men</strong></span> <span class='ocrx_word' id='word_1_513' title='bbox 362 4182 428 4222; x_wconf 82' lang='lat' dir='ltr'><strong>ex</strong></span> <span class='ocrx_word' id='word_1_514' title='bbox 458 4182 525 4221; x_wconf 90' lang='lat' dir='ltr'><strong>eo</strong></span> <span class='ocrx_word' id='word_1_515' title='bbox 557 4175 939 4231; x_wconf 88' lang='lat' dir='ltr'><strong>consecutum,</strong></span> <span class='ocrx_word' id='word_1_516' title='bbox 973 4165 1118 4237; x_wconf 91' lang='lat' dir='ltr'><strong>quod</strong></span> <span class='ocrx_word' id='word_1_517' title='bbox 1145 4165 1323 4221; x_wconf 89' lang='lat' dir='ltr'><strong>tribus</strong></span> <span class='ocrx_word' id='word_1_518' title='bbox 1358 4163 1553 4217; x_wconf 88' lang='lat' dir='ltr'><strong>diebus</strong></span> <span class='ocrx_word' id='word_1_519' title='bbox 1580 4172 1903 4231; x_wconf 88' lang='lat' dir='ltr'><strong>procreatus</strong></span> <span class='ocrx_word' id='word_1_520' title='bbox 1930 4165 2023 4218; x_wconf 91' lang='lat' dir='ltr'><strong>sit.</strong></span> 
     </span>
    </p>
   </div>
   <div class='ocr_carea' id='block_1_77' title="bbox 1444 4254 2276 4325">
    <p class='ocr_par' dir='ltr' id='par_1_77' title="bbox 1444 4254 2276 4325">
     <span class='ocr_line' id='line_1_77' title="bbox 1444 4254 2276 4325; baseline 0.002 -16"><span class='ocrx_word' id='word_1_521' title='bbox 1444 4256 1533 4309; x_wconf 81' lang='lat'><strong>95.</strong></span> <span class='ocrx_word' id='word_1_522' title='bbox 1596 4255 1672 4309; x_wconf 83' lang='lat' dir='ltr'><strong>De</strong></span> <span class='ocrx_word' id='word_1_523' title='bbox 1710 4254 1883 4309; x_wconf 81' lang='lat' dir='ltr'><strong>Marte</strong></span> <span class='ocrx_word' id='word_1_524' title='bbox 1920 4256 2016 4310; x_wconf 72' lang='lat' dir='ltr'><strong>ira:</strong></span> <span class='ocrx_word' id='word_1_525' title='bbox 2032 4257 2276 4325; x_wconf 71' lang='lat' dir='ltr'><strong>pra&#39;side.</strong></span> 
     </span>
    </p>
   </div>
   <div class='ocr_carea' id='block_1_78' title="bbox 281 4348 3479 4425">
    <p class='ocr_par' dir='ltr' id='par_1_78' title="bbox 281 4348 3479 4425">
     <span class='ocr_line' id='line_1_78' title="bbox 281 4348 3479 4425; baseline -0 -18"><span class='ocrx_word' id='word_1_526' title='bbox 281 4353 428 4409; x_wconf 74' lang='lat' dir='ltr'><strong>Mars</strong></span> <span class='ocrx_word' id='word_1_527' title='bbox 469 4353 738 4408; x_wconf 86' lang='lat' dir='ltr'><strong>bellorum</strong></span> <span class='ocrx_word' id='word_1_528' title='bbox 780 4366 985 4423; x_wconf 58' lang='lat' dir='ltr'><strong>praeses</strong></span> <span class='ocrx_word' id='word_1_529' title='bbox 1008 4351 1232 4412; x_wconf 87' lang='lat' dir='ltr'><strong>dicitur,</strong></span> <span class='ocrx_word' id='word_1_530' title='bbox 1261 4357 1426 4418; x_wconf 89' lang='lat' dir='ltr'><strong>atque</strong></span> <span class='ocrx_word' id='word_1_531' title='bbox 1460 4348 1596 4403; x_wconf 84' lang='lat' dir='ltr'><strong>iram</strong></span> <span class='ocrx_word' id='word_1_532' title='bbox 1627 4348 1867 4416; x_wconf 89' lang='lat' dir='ltr'><strong>spirans,</strong></span> <span class='ocrx_word' id='word_1_533' title='bbox 1897 4350 2157 4418; x_wconf 88' lang='lat' dir='ltr'><strong>quoniam</strong></span> <span class='ocrx_word' id='word_1_534' title='bbox 2188 4364 2251 4404; x_wconf 78' lang='lat' dir='ltr'><strong>ea</strong></span> <span class='ocrx_word' id='word_1_535' title='bbox 2287 4349 2339 4404; x_wconf 90' lang='lat' dir='ltr'><strong>in</strong></span> <span class='ocrx_word' id='word_1_536' title='bbox 2366 4351 2522 4406; x_wconf 88' lang='lat' dir='ltr'><strong>bellis</strong></span> <span class='ocrx_word' id='word_1_537' title='bbox 2555 4352 2867 4425; x_wconf 84' lang='lat' dir='ltr'><strong>indigemus</strong></span> <span class='ocrx_word' id='word_1_538' title='bbox 2900 4358 2960 4407; x_wconf 90' lang='lat' dir='ltr'><strong>ut</strong></span> <span class='ocrx_word' id='word_1_539' title='bbox 2991 4352 3322 4408; x_wconf 80' lang='lat' dir='ltr'><strong>irascibilem</strong></span> <span class='ocrx_word' id='word_1_540' title='bbox 3354 4353 3479 4407; x_wconf 86' lang='lat' dir='ltr'><strong>ani-</strong></span> 
     </span>
    </p>
   </div>
   <div class='ocr_carea' id='block_1_79' title="bbox 207 4442 1150 4501">
    <p class='ocr_par' dir='ltr' id='par_1_79' title="bbox 207 4442 1150 4501">
     <span class='ocr_line' id='line_1_79' title="bbox 207 4442 1150 4501; baseline -0.007 0"><span class='ocrx_word' id='word_1_541' title='bbox 207 4462 313 4501; x_wconf 62' lang='lat' dir='ltr'><strong>mm</strong></span> <span class='ocrx_word' id='word_1_542' title='bbox 339 4454 543 4501; x_wconf 62' lang='lat' dir='ltr'><strong>nostra:</strong></span> <span class='ocrx_word' id='word_1_543' title='bbox 575 4442 890 4498; x_wconf 78' lang='lat' dir='ltr'><strong>facultatem</strong></span> <span class='ocrx_word' id='word_1_544' title='bbox 918 4449 1150 4496; x_wconf 86' lang='lat' dir='ltr'><strong>moveat.</strong></span> 
     </span>
    </p>
   </div>
   <div class='ocr_carea' id='block_1_80' title="bbox 1453 4533 2241 4592">
    <p class='ocr_par' dir='ltr' id='par_1_80' title="bbox 1453 4533 2241 4592">
     <span class='ocr_line' id='line_1_80' title="bbox 1453 4533 2241 4592; baseline 0.005 -4"><span class='ocrx_word' id='word_1_545' title='bbox 1453 4535 1539 4589; x_wconf 65' lang='lat'><strong>95.</strong></span> <span class='ocrx_word' id='word_1_546' title='bbox 1586 4533 1662 4587; x_wconf 89' lang='lat' dir='ltr'><strong>De</strong></span> <span class='ocrx_word' id='word_1_547' title='bbox 1688 4534 1883 4590; x_wconf 85' lang='lat' dir='ltr'><strong>Bacchi</strong></span> <span class='ocrx_word' id='word_1_548' title='bbox 1915 4537 2241 4592; x_wconf 79' lang='lat' dir='ltr'><strong>temulentia.</strong></span> 
     </span>
    </p>
   </div>
   <div class='ocr_carea' id='block_1_81' title="bbox 281 4630 3485 4704">
    <p class='ocr_par' dir='ltr' id='par_1_81' title="bbox 281 4630 3485 4704">
     <span class='ocr_line' id='line_1_81' title="bbox 281 4630 3485 4704; baseline -0.001 -13"><span class='ocrx_word' id='word_1_549' title='bbox 281 4636 559 4691; x_wconf 82' lang='lat' dir='ltr'><strong>Bacchum</strong></span> <span class='ocrx_word' id='word_1_550' title='bbox 594 4634 722 4690; x_wconf 89' lang='lat' dir='ltr'><strong>vitis</strong></span> <span class='ocrx_word' id='word_1_551' title='bbox 756 4648 820 4687; x_wconf 90' lang='lat' dir='ltr'><strong>ac</strong></span> <span class='ocrx_word' id='word_1_552' title='bbox 852 4632 964 4686; x_wconf 89' lang='lat' dir='ltr'><strong>vini</strong></span> <span class='ocrx_word' id='word_1_553' title='bbox 998 4639 1164 4701; x_wconf 86' lang='lat' dir='ltr'><strong>atque</strong></span> <span class='ocrx_word' id='word_1_554' title='bbox 1196 4631 1369 4701; x_wconf 88' lang='lat' dir='ltr'><strong>ipsius</strong></span> <span class='ocrx_word' id='word_1_555' title='bbox 1401 4630 1564 4685; x_wconf 89' lang='lat' dir='ltr'><strong>etiam</strong></span> <span class='ocrx_word' id='word_1_556' title='bbox 1592 4630 1875 4686; x_wconf 87' lang='lat' dir='ltr'><strong>ebrietatis</strong></span> <span class='ocrx_word' id='word_1_557' title='bbox 1910 4633 2194 4702; x_wconf 64' lang='lat' dir='ltr'><strong>praesidem</strong></span> <span class='ocrx_word' id='word_1_558' title='bbox 2238 4649 2362 4690; x_wconf 88' lang='lat' dir='ltr'><strong>esse</strong></span> <span class='ocrx_word' id='word_1_559' title='bbox 2415 4635 2569 4687; x_wconf 90' lang='lat' dir='ltr'><strong>aiunt</strong></span> <span class='ocrx_word' id='word_1_560' title='bbox 2612 4651 2625 4686; x_wconf 91' lang='lat'><strong>:</strong></span> <span class='ocrx_word' id='word_1_561' title='bbox 2678 4634 2967 4704; x_wconf 88' lang='lat' dir='ltr'><strong>ipsumque</strong></span> <span class='ocrx_word' id='word_1_562' title='bbox 3010 4634 3173 4689; x_wconf 87' lang='lat' dir='ltr'><strong>etiam</strong></span> <span class='ocrx_word' id='word_1_563' title='bbox 3226 4650 3376 4689; x_wconf 90' lang='lat' dir='ltr'><strong>mero</strong></span> <span class='ocrx_word' id='word_1_564' title='bbox 3427 4650 3485 4688; x_wconf 85' lang='lat' dir='ltr'><strong>se</strong></span> 
     </span>
    </p>
   </div>
   <div class='ocr_carea' id='block_1_82' title="bbox 207 4724 3484 4802">
    <p class='ocr_par' dir='ltr' id='par_1_82' title="bbox 207 4724 3484 4802">
     <span class='ocr_line' id='line_1_82' title="bbox 207 4724 3484 4802; baseline -0.003 -15"><span class='ocrx_word' id='word_1_565' title='bbox 207 4732 540 4787; x_wconf 88' lang='lat' dir='ltr'><strong>obruentem</strong></span> <span class='ocrx_word' id='word_1_566' title='bbox 565 4731 797 4802; x_wconf 84' lang='lat' dir='ltr'><strong>lingunt,</strong></span> <span class='ocrx_word' id='word_1_567' title='bbox 824 4726 1171 4796; x_wconf 90' lang='lat' dir='ltr'><strong>consilioque</strong></span> <span class='ocrx_word' id='word_1_568' title='bbox 1191 4724 1423 4781; x_wconf 89' lang='lat' dir='ltr'><strong>Junonis</strong></span> <span class='ocrx_word' id='word_1_569' title='bbox 1453 4725 1580 4779; x_wconf 86' lang='lat' dir='ltr'><strong>huic</strong></span> <span class='ocrx_word' id='word_1_570' title='bbox 1606 4726 1741 4780; x_wconf 89' lang='lat' dir='ltr'><strong>vitio</strong></span> <span class='ocrx_word' id='word_1_571' title='bbox 1768 4742 1890 4783; x_wconf 90' lang='lat' dir='ltr'><strong>sese</strong></span> <span class='ocrx_word' id='word_1_572' title='bbox 1921 4729 2218 4794; x_wconf 81' lang='lat' dir='ltr'><strong>addixisse,</strong></span> <span class='ocrx_word' id='word_1_573' title='bbox 2242 4730 2343 4785; x_wconf 91' lang='lat' dir='ltr'><strong>hoc</strong></span> <span class='ocrx_word' id='word_1_574' title='bbox 2366 4729 2621 4784; x_wconf 89' lang='lat' dir='ltr'><strong>videlicet</strong></span> <span class='ocrx_word' id='word_1_575' title='bbox 2648 4727 2880 4799; x_wconf 86' lang='lat' dir='ltr'><strong>agentis,</strong></span> <span class='ocrx_word' id='word_1_576' title='bbox 2911 4736 2971 4782; x_wconf 89' lang='lat' dir='ltr'><strong>ut</strong></span> <span class='ocrx_word' id='word_1_577' title='bbox 3006 4727 3095 4781; x_wconf 82' lang='lat' dir='ltr'><strong>ille</strong></span> <span class='ocrx_word' id='word_1_578' title='bbox 3125 4725 3484 4781; x_wconf 66' lang='lat' dir='ltr'><strong>immoderato</strong></span> 
     </span>
    </p>
   </div>
   <div class='ocr_carea' id='block_1_83' title="bbox 208 4815 3486 4896">
    <p class='ocr_par' dir='ltr' id='par_1_83' title="bbox 208 4815 3486 4896">
     <span class='ocr_line' id='line_1_83' title="bbox 208 4815 3486 4896; baseline -0.003 -17"><span class='ocrx_word' id='word_1_579' title='bbox 208 4834 344 4896; x_wconf 88' lang='lat' dir='ltr'><strong>potu</strong></span> <span class='ocrx_word' id='word_1_580' title='bbox 372 4825 572 4879; x_wconf 85' lang='lat' dir='ltr'><strong>mentis</strong></span> <span class='ocrx_word' id='word_1_581' title='bbox 600 4837 846 4879; x_wconf 87' lang='lat' dir='ltr'><strong>errorem</strong></span> <span class='ocrx_word' id='word_1_582' title='bbox 882 4819 1255 4875; x_wconf 86' lang='lat' dir='ltr'><strong>contraheret.</strong></span> <span class='ocrx_word' id='word_1_583' title='bbox 1282 4816 1387 4887; x_wconf 85' lang='lat' dir='ltr'><strong>ipsi</strong></span> <span class='ocrx_word' id='word_1_584' title='bbox 1417 4817 1562 4872; x_wconf 90' lang='lat' dir='ltr'><strong>enim</strong></span> <span class='ocrx_word' id='word_1_585' title='bbox 1592 4825 1650 4871; x_wconf 92' lang='lat' dir='ltr'><strong>ut</strong></span> <span class='ocrx_word' id='word_1_586' title='bbox 1681 4815 1834 4873; x_wconf 85' lang='lat' dir='ltr'><strong>Jovis</strong></span> <span class='ocrx_word' id='word_1_587' title='bbox 1868 4818 1979 4872; x_wconf 85' lang='lat' dir='ltr'><strong>lilio</strong></span> <span class='ocrx_word' id='word_1_588' title='bbox 2009 4820 2208 4874; x_wconf 80' lang='lat' dir='ltr'><strong>infesta</strong></span> <span class='ocrx_word' id='word_1_589' title='bbox 2239 4828 2378 4875; x_wconf 84' lang='lat' dir='ltr'><strong>erat.</strong></span> <span class='ocrx_word' id='word_1_590' title='bbox 2431 4818 2635 4876; x_wconf 88' lang='lat' dir='ltr'><strong>Omnes</strong></span> <span class='ocrx_word' id='word_1_591' title='bbox 2666 4819 2809 4873; x_wconf 89' lang='lat' dir='ltr'><strong>enim</strong></span> <span class='ocrx_word' id='word_1_592' title='bbox 2860 4832 2927 4873; x_wconf 79' lang='lat' dir='ltr'><strong>ex</strong></span> <span class='ocrx_word' id='word_1_593' title='bbox 2980 4816 3113 4873; x_wconf 86' lang='lat' dir='ltr'><strong>Jove</strong></span> <span class='ocrx_word' id='word_1_594' title='bbox 3171 4818 3486 4886; x_wconf 63' lang='lat' dir='ltr'><strong>prouenitus</strong></span> 
     </span>
    </p>
   </div>
   <div class='ocr_carea' id='block_1_84' title="bbox 211 4914 913 4986">
    <p class='ocr_par' dir='ltr' id='par_1_84' title="bbox 211 4914 913 4986">
     <span class='ocr_line' id='line_1_84' title="bbox 211 4914 913 4986; baseline -0.009 -15"><span class='ocrx_word' id='word_1_595' title='bbox 211 4917 484 4986; x_wconf 78' lang='lat' dir='ltr'><strong>zelotypia</strong></span> <span class='ocrx_word' id='word_1_596' title='bbox 514 4914 913 4970; x_wconf 87' lang='lat' dir='ltr'><strong>insectabatur.</strong></span> 
     </span>
    </p>
   </div>
   <div class='ocr_carea' id='block_1_85' title="bbox 1303 5005 2385 5076">
    <p class='ocr_par' dir='ltr' id='par_1_85' title="bbox 1303 5005 2385 5076">
     <span class='ocr_line' id='line_1_85' title="bbox 1303 5005 2385 5076; baseline 0 -14"><span class='ocrx_word' id='word_1_597' title='bbox 1303 5006 1392 5062; x_wconf 87' lang='lat'><strong>95.</strong></span> <span class='ocrx_word' id='word_1_598' title='bbox 1439 5005 1511 5061; x_wconf 89' lang='lat' dir='ltr'><strong>De</strong></span> <span class='ocrx_word' id='word_1_599' title='bbox 1536 5006 1709 5060; x_wconf 81' lang='lat' dir='ltr'><strong>Diana</strong></span> <span class='ocrx_word' id='word_1_600' title='bbox 1739 5006 1968 5076; x_wconf 76' lang='lat' dir='ltr'><strong>hospites</strong></span> <span class='ocrx_word' id='word_1_601' title='bbox 1991 5005 2114 5059; x_wconf 85' lang='lat' dir='ltr'><strong>odio</strong></span> <span class='ocrx_word' id='word_1_602' title='bbox 2150 5006 2385 5062; x_wconf 81' lang='lat' dir='ltr'><strong>habente.</strong></span> 
     </span>
    </p>
   </div>
   <div class='ocr_carea' id='block_1_86' title="bbox 289 5099 3485 5176">
    <p class='ocr_par' dir='ltr' id='par_1_86' title="bbox 289 5099 3485 5176">
     <span class='ocr_line' id='line_1_86' title="bbox 289 5099 3485 5176; baseline -0.003 -17"><span class='ocrx_word' id='word_1_603' title='bbox 289 5105 362 5162; x_wconf 81' lang='lat' dir='ltr'><strong>De</strong></span> <span class='ocrx_word' id='word_1_604' title='bbox 392 5105 589 5161; x_wconf 84' lang='lat' dir='ltr'><strong>Tauris</strong></span> <span class='ocrx_word' id='word_1_605' title='bbox 624 5113 678 5162; x_wconf 85' lang='lat' dir='ltr'><strong>et</strong></span> <span class='ocrx_word' id='word_1_606' title='bbox 706 5103 989 5176; x_wconf 86' lang='lat' dir='ltr'><strong>Iphigenia</strong></span> <span class='ocrx_word' id='word_1_607' title='bbox 1017 5102 1130 5173; x_wconf 85' lang='lat' dir='ltr'><strong>jam</strong></span> <span class='ocrx_word' id='word_1_608' title='bbox 1163 5102 1328 5157; x_wconf 88' lang='lat' dir='ltr'><strong>verba</strong></span> <span class='ocrx_word' id='word_1_609' title='bbox 1359 5101 1614 5157; x_wconf 79' lang='lat' dir='ltr'><strong>fecimus.</strong></span> <span class='ocrx_word' id='word_1_610' title='bbox 1670 5101 1839 5155; x_wconf 87' lang='lat' dir='ltr'><strong>Diana</strong></span> <span class='ocrx_word' id='word_1_611' title='bbox 1876 5101 2021 5156; x_wconf 91' lang='lat' dir='ltr'><strong>enim</strong></span> <span class='ocrx_word' id='word_1_612' title='bbox 2091 5102 2235 5173; x_wconf 89' lang='lat' dir='ltr'><strong>apud</strong></span> <span class='ocrx_word' id='word_1_613' title='bbox 2301 5101 2710 5171; x_wconf 84' lang='lat' dir='ltr'><strong>Tauroscythas</strong></span> <span class='ocrx_word' id='word_1_614' title='bbox 2735 5100 3018 5155; x_wconf 85' lang='lat' dir='ltr'><strong>colebatur</strong></span> <span class='ocrx_word' id='word_1_615' title='bbox 3054 5119 3066 5154; x_wconf 88' lang='lat'><strong>:</strong></span> <span class='ocrx_word' id='word_1_616' title='bbox 3106 5099 3485 5168; x_wconf 84' lang='lat' dir='ltr'><strong>habebantque</strong></span> 
     </span>
    </p>
   </div>
   <div class='ocr_carea' id='block_1_87' title="bbox 210 5189 3486 5267">
    <p class='ocr_par' dir='ltr' id='par_1_87' title="bbox 210 5189 3486 5267">
     <span class='ocr_line' id='line_1_87' title="bbox 210 5189 3486 5267; baseline -0.001 -17"><span class='ocrx_word' id='word_1_617' title='bbox 210 5196 295 5251; x_wconf 84' lang='lat' dir='ltr'><strong>illi</strong></span> <span class='ocrx_word' id='word_1_618' title='bbox 327 5197 663 5267; x_wconf 85' lang='lat' dir='ltr'><strong>Iphigeniam</strong></span> <span class='ocrx_word' id='word_1_619' title='bbox 695 5195 1123 5267; x_wconf 81' lang='lat' dir='ltr'><strong>Agamemnonis</strong></span> <span class='ocrx_word' id='word_1_620' title='bbox 1157 5194 1324 5248; x_wconf 83' lang='lat' dir='ltr'><strong>ﬁliam</strong></span> <span class='ocrx_word' id='word_1_621' title='bbox 1350 5192 1699 5247; x_wconf 82' lang='lat' dir='ltr'><strong>sacerdotem</strong></span> <span class='ocrx_word' id='word_1_622' title='bbox 1739 5193 1983 5264; x_wconf 90' lang='lat' dir='ltr'><strong>hospites</strong></span> <span class='ocrx_word' id='word_1_623' title='bbox 2008 5194 2113 5262; x_wconf 84' lang='lat' dir='ltr'><strong>ipsi</strong></span> <span class='ocrx_word' id='word_1_624' title='bbox 2170 5194 2566 5249; x_wconf 88' lang='lat' dir='ltr'><strong>immolantem.</strong></span> <span class='ocrx_word' id='word_1_625' title='bbox 2600 5192 2720 5263; x_wconf 83' lang='lat' dir='ltr'><strong>Ipsa</strong></span> <span class='ocrx_word' id='word_1_626' title='bbox 2766 5192 2969 5264; x_wconf 90' lang='lat' dir='ltr'><strong>quippe</strong></span> <span class='ocrx_word' id='word_1_627' title='bbox 3010 5192 3285 5262; x_wconf 77' lang='lat' dir='ltr'><strong>hospitum</strong></span> <span class='ocrx_word' id='word_1_628' title='bbox 3338 5189 3486 5246; x_wconf 71' lang='lat' dir='ltr'><strong>caule</strong></span> 
     </span>
    </p>
   </div>
   <div class='ocr_carea' id='block_1_88' title="bbox 215 5292 650 5367">
    <p class='ocr_par' dir='ltr' id='par_1_88' title="bbox 215 5292 650 5367">
     <span class='ocr_line' id='line_1_88' title="bbox 215 5292 650 5367; baseline -0.002 -18"><span class='ocrx_word' id='word_1_629' title='bbox 215 5292 650 5367; x_wconf 86' lang='lat' dir='ltr'><strong>oblectabatur.]</strong></span> 
     </span>
    </p>
   </div>
   <div class='ocr_carea' id='block_1_89' title="bbox 661 5405 1343 5475">
    <p class='ocr_par' dir='ltr' id='par_1_89' title="bbox 661 5405 1343 5475">
     <span class='ocr_line' id='line_1_89' title="bbox 661 5405 1343 5475; baseline -0.001 -14"><span class='ocrx_word' id='word_1_630' title='bbox 661 5411 775 5475; x_wconf 66' lang='grc' dir='ltr'><strong>ιιςῆ</strong></span> <span class='ocrx_word' id='word_1_631' title='bbox 806 5407 942 5475; x_wconf 75' lang='grc' dir='ltr'>Περὶ</span> <span class='ocrx_word' id='word_1_632' title='bbox 968 5406 1074 5460; x_wconf 82' lang='grc' dir='ltr'>τοῦ</span> <span class='ocrx_word' id='word_1_633' title='bbox 1103 5405 1343 5471; x_wconf 78' lang='grc' dir='ltr'>Λοξίου.</span> 
     </span>
    </p>
   </div>
   <div class='ocr_carea' id='block_1_90' title="bbox 300 5519 1799 5594">
    <p class='ocr_par' dir='ltr' id='par_1_90' title="bbox 300 5519 1799 5594">
     <span class='ocr_line' id='line_1_90' title="bbox 300 5519 1799 5594; baseline -0.001 -19"><span class='ocrx_word' id='word_1_634' title='bbox 300 5523 357 5575; x_wconf 87' lang='lat'><strong>&#39;0</strong></span> <span class='ocrx_word' id='word_1_635' title='bbox 399 5519 673 5574; x_wconf 80' lang='grc' dir='ltr'>Ἀπόλλων</span> <span class='ocrx_word' id='word_1_636' title='bbox 705 5521 1127 5592; x_wconf 84' lang='grc' dir='ltr'>μαντευόμενος,</span> <span class='ocrx_word' id='word_1_637' title='bbox 1158 5521 1220 5575; x_wconf 74' lang='grc' dir='ltr'><strong>οὐ</strong></span> <span class='ocrx_word' id='word_1_638' title='bbox 1254 5519 1462 5591; x_wconf 77' lang='grc' dir='ltr'>σαφῶς,</span> <span class='ocrx_word' id='word_1_639' title='bbox 1506 5520 1624 5574; x_wconf 81' lang='grc' dir='ltr'><strong>οὐδὲ</strong></span> <span class='ocrx_word' id='word_1_640' title='bbox 1652 5520 1799 5594; x_wconf 79' lang='grc' dir='ltr'><strong>διαῤ⁴</strong></span> 
     </span>
    </p>
   </div>
   <div class='ocr_carea' id='block_1_91' title="bbox 213 5611 1797 5686">
    <p class='ocr_par' dir='ltr' id='par_1_91' title="bbox 213 5611 1797 5686">
     <span class='ocr_line' id='line_1_91' title="bbox 213 5611 1797 5686; baseline -0.003 -18"><span class='ocrx_word' id='word_1_641' title='bbox 213 5614 387 5685; x_wconf 74' lang='grc' dir='ltr'>ῥήδην</span> <span class='ocrx_word' id='word_1_642' title='bbox 414 5614 543 5679; x_wconf 78' lang='grc' dir='ltr'>τοὺς</span> <span class='ocrx_word' id='word_1_643' title='bbox 578 5615 861 5686; x_wconf 83' lang='grc' dir='ltr'>χρησμοὺς</span> <span class='ocrx_word' id='word_1_644' title='bbox 897 5615 1008 5678; x_wconf 86' lang='grc' dir='ltr'>τοῖς</span> <span class='ocrx_word' id='word_1_645' title='bbox 1041 5613 1559 5686; x_wconf 81' lang='grc' dir='ltr'>χρησμῳδουμένοις</span> <span class='ocrx_word' id='word_1_646' title='bbox 1592 5611 1797 5681; x_wconf 77' lang='grc' dir='ltr'>ἔλεγεν,</span> 
     </span>
    </p>
   </div>
   <div class='ocr_carea' id='block_1_92' title="bbox 213 5704 1802 5777">
    <p class='ocr_par' dir='ltr' id='par_1_92' title="bbox 213 5704 1802 5777">
     <span class='ocr_line' id='line_1_92' title="bbox 213 5704 1802 5777; baseline -0.003 -15"><span class='ocrx_word' id='word_1_647' title='bbox 213 5707 331 5762; x_wconf 65' lang='grc' dir='ltr'>αλλ’</span> <span class='ocrx_word' id='word_1_648' title='bbox 368 5706 597 5777; x_wconf 81' lang='grc' dir='ltr'>ἀσαφῶς</span> <span class='ocrx_word' id='word_1_649' title='bbox 635 5707 730 5761; x_wconf 75' lang='grc' dir='ltr'><strong>καὶ</strong></span> <span class='ocrx_word' id='word_1_650' title='bbox 766 5705 953 5773; x_wconf 73' lang='grc' dir='ltr'>λοξῶςο</span> <span class='ocrx_word' id='word_1_651' title='bbox 987 5705 1066 5761; x_wconf 78' lang='grc' dir='ltr'>διὸ</span> <span class='ocrx_word' id='word_1_652' title='bbox 1105 5707 1305 5777; x_wconf 80' lang='grc' dir='ltr'>ήκουσε</span> <span class='ocrx_word' id='word_1_653' title='bbox 1347 5704 1562 5774; x_wconf 79' lang='grc' dir='ltr'>Λοξίας,</span> <span class='ocrx_word' id='word_1_654' title='bbox 1603 5704 1676 5768; x_wconf 81' lang='grc' dir='ltr'>ὡς</span> <span class='ocrx_word' id='word_1_655' title='bbox 1708 5704 1802 5757; x_wconf 80' lang='grc' dir='ltr'>τά·</span> 
     </span>
    </p>
   </div>
   <div class='ocr_carea' id='block_1_93' title="bbox 288 5834 1177 5911">
    <p class='ocr_par' dir='ltr' id='par_1_93' title="bbox 288 5834 1177 5911">
     <span class='ocr_line' id='line_1_93' title="bbox 288 5834 1177 5911; baseline -0.006 -19"><span class='ocrx_word' id='word_1_656' title='bbox 288 5839 401 5911; x_wconf 77' lang='grc'><strong>(51)</strong></span> <span class='ocrx_word' id='word_1_657' title='bbox 441 5837 656 5895; x_wconf 85' lang='lat' dir='ltr'><strong>Inclusa</strong></span> <span class='ocrx_word' id='word_1_658' title='bbox 696 5836 902 5892; x_wconf 89' lang='lat' dir='ltr'><strong>omittit</strong></span> <span class='ocrx_word' id='word_1_659' title='bbox 928 5834 1177 5890; x_wconf 79' lang='lat' dir='ltr'><strong>Nonnus.</strong></span> 
     </span>
    </p>
   </div>
   <div class='ocr_carea' id='block_1_94' title="bbox 552 5926 1308 5994">
    <p class='ocr_par' dir='ltr' id='par_1_94' title="bbox 552 5926 1308 5994">
     <span class='ocr_line' id='line_1_94' title="bbox 552 5926 1308 5994; baseline -0.008 0"><span class='ocrx_word' id='word_1_660' title='bbox 552 5933 822 5994; x_wconf 76' lang='grc' dir='ltr'>ΡΑτιιοι..</span> <span class='ocrx_word' id='word_1_661' title='bbox 860 5928 979 5990; x_wconf 79' lang='lat' dir='ltr'><strong>Gn.</strong></span> <span class='ocrx_word' id='word_1_662' title='bbox 1011 5926 1308 5990; x_wconf 79' lang='lat' dir='ltr'><strong>XXXVI.</strong></span> 
     </span>
    </p>
   </div>
   <div class='ocr_carea' id='block_1_95' title="bbox 2255 5384 3205 5481">
    <p class='ocr_par' dir='ltr' id='par_1_95' title="bbox 2255 5384 3205 5481">
     <span class='ocr_line' id='line_1_95' title="bbox 2255 5384 3205 5481; baseline -0.007 -20"><span class='ocrx_word' id='word_1_663' title='bbox 2255 5404 2343 5461; x_wconf 84' lang='lat'><strong>96.</strong></span> <span class='ocrx_word' id='word_1_664' title='bbox 2383 5404 2459 5459; x_wconf 89' lang='lat' dir='ltr'><strong>De</strong></span> <span class='ocrx_word' id='word_1_665' title='bbox 2493 5403 2660 5460; x_wconf 68' lang='lat' dir='ltr'><strong>Lamia</strong></span> <span class='ocrx_word' id='word_1_666' title='bbox 2689 5404 2907 5458; x_wconf 85' lang='lat' dir='ltr'><strong>oracula</strong></span> <span class='ocrx_word' id='word_1_667' title='bbox 2936 5384 3133 5477; x_wconf 52' lang='lat' dir='ltr'><strong>edente.</strong></span> <span class='ocrx_word' id='word_1_668' title='bbox 3166 5386 3172 5395; x_wconf 62' lang='grc'><strong>’</strong></span> <span class='ocrx_word' id='word_1_669' title='bbox 3202 5472 3205 5477; x_wconf 24' lang='grc' dir='ltr'>λ</span> 
     </span>
    </p>
   </div>
   <div class='ocr_carea' id='block_1_96' title="bbox 1980 5494 3485 5590">
    <p class='ocr_par' dir='ltr' id='par_1_96' title="bbox 1980 5494 3485 5590">
     <span class='ocr_line' id='line_1_96' title="bbox 1980 5494 3485 5590; baseline -0.017 -14"><span class='ocrx_word' id='word_1_670' title='bbox 1980 5518 2173 5590; x_wconf 87' lang='lat' dir='ltr'><strong>Apollo</strong></span> <span class='ocrx_word' id='word_1_671' title='bbox 2201 5519 2514 5574; x_wconf 84' lang='lat' dir='ltr'><strong>vaticinans</strong></span> <span class='ocrx_word' id='word_1_672' title='bbox 2544 5498 2893 5590; x_wconf 81' lang='lat' dir='ltr'><strong>nequaquam</strong></span> <span class='ocrx_word' id='word_1_673' title='bbox 2930 5494 3118 5586; x_wconf 85' lang='lat' dir='ltr'><strong>aperte</strong></span> <span class='ocrx_word' id='word_1_674' title='bbox 3170 5526 3234 5566; x_wconf 89' lang='lat' dir='ltr'><strong>ac</strong></span> <span class='ocrx_word' id='word_1_675' title='bbox 3275 5494 3485 5583; x_wconf 68' lang='grc' dir='ltr'>ρει-ερῖ.</span> 
     </span>
    </p>
   </div>
   <div class='ocr_carea' id='block_1_97' title="bbox 1908 5603 3486 5682">
    <p class='ocr_par' dir='ltr' id='par_1_97' title="bbox 1908 5603 3486 5682">
     <span class='ocr_line' id='line_1_97' title="bbox 1908 5603 3486 5682; baseline -0.008 -16"><span class='ocrx_word' id='word_1_676' title='bbox 1908 5625 2010 5666; x_wconf 91' lang='lat' dir='ltr'><strong>cue</strong></span> <span class='ocrx_word' id='word_1_677' title='bbox 2028 5612 2094 5666; x_wconf 91' lang='lat' dir='ltr'><strong>iis</strong></span> <span class='ocrx_word' id='word_1_678' title='bbox 2116 5627 2144 5665; x_wconf 90' lang='lat' dir='ltr'><strong>a</strong></span> <span class='ocrx_word' id='word_1_679' title='bbox 2170 5611 2371 5682; x_wconf 89' lang='lat' dir='ltr'><strong>quibus</strong></span> <span class='ocrx_word' id='word_1_680' title='bbox 2408 5611 2826 5673; x_wconf 84' lang='lat' dir='ltr'><strong>consulebatur,</strong></span> <span class='ocrx_word' id='word_1_681' title='bbox 2864 5607 3088 5664; x_wconf 86' lang='lat' dir='ltr'><strong>oracula</strong></span> <span class='ocrx_word' id='word_1_682' title='bbox 3118 5604 3336 5664; x_wconf 84' lang='lat' dir='ltr'><strong>edebat,</strong></span> <span class='ocrx_word' id='word_1_683' title='bbox 3392 5603 3486 5658; x_wconf 69' lang='lat' dir='ltr'><strong>sed</strong></span> 
     </span>
    </p>
   </div>
   <div class='ocr_carea' id='block_1_98' title="bbox 1911 5695 3487 5773">
    <p class='ocr_par' dir='ltr' id='par_1_98' title="bbox 1911 5695 3487 5773">
     <span class='ocr_line' id='line_1_98' title="bbox 1911 5695 3487 5773; baseline -0.006 -19"><span class='ocrx_word' id='word_1_684' title='bbox 1911 5699 2148 5756; x_wconf 89' lang='lat' dir='ltr'><strong>obscure</strong></span> <span class='ocrx_word' id='word_1_685' title='bbox 2162 5712 2324 5771; x_wconf 88' lang='lat' dir='ltr'><strong>atque</strong></span> <span class='ocrx_word' id='word_1_686' title='bbox 2341 5701 2586 5773; x_wconf 86' lang='lat' dir='ltr'><strong>oblique.</strong></span> <span class='ocrx_word' id='word_1_687' title='bbox 2615 5699 2767 5756; x_wconf 87' lang='lat' dir='ltr'><strong>Unde</strong></span> <span class='ocrx_word' id='word_1_688' title='bbox 2793 5700 2956 5755; x_wconf 89' lang='lat' dir='ltr'><strong>etiam</strong></span> <span class='ocrx_word' id='word_1_689' title='bbox 2982 5696 3182 5752; x_wconf 81' lang='lat' dir='ltr'><strong>Loxias</strong></span> <span class='ocrx_word' id='word_1_690' title='bbox 3199 5695 3380 5751; x_wconf 86' lang='lat' dir='ltr'><strong>dictus</strong></span> <span class='ocrx_word' id='word_1_691' title='bbox 3406 5702 3487 5749; x_wconf 70' lang='lat' dir='ltr'><strong>est</strong></span> 
     </span>
    </p>
   </div>
   <div class='ocr_carea' id='block_1_99' title="bbox 3153 5915 3233 5979">
    <p class='ocr_par' dir='ltr' id='par_1_99' title="bbox 3153 5915 3233 5979">
     <span class='ocr_line' id='line_1_99' title="bbox 3153 5915 3233 5979; baseline -0.063 0"><span class='ocrx_word' id='word_1_692' title='bbox 3153 5915 3233 5979; x_wconf 82' lang='lat'><strong>33</strong></span> 
     </span>
    </p>
   </div>
  </div>
