4018 6296
330 248 471 305 1057

751 358 818 429 β’.
851 356 988 426 Περὶ
1017 356 1127 425 τῆς
1157 358 1501 425 Βερονίκης.

414 473 481 526 Ἦ
513 471 570 525 δι
606 469 701 525 τοῦ
732 469 1015 540 πλοκάμου
1060 469 1158 539 τῆς
1198 468 1491 539 Βερονίκης
1537 467 1685 521 ἐστὶν
1726 465 1866 536 αὕτη
1889 483 1901 495 ·

326 562 596 633 Βερονικη
649 560 785 629 γυνή
815 576 901 623 τις
948 554 1015 629 ἦν
1046 558 1139 611 τοῦ
1185 558 1243 610 ἐν
1284 556 1659 627 Ἀλεξανδρείᾳ
1712 555 1906 610 Πτολε-

331 655 499 725 μαίου
532 653 625 706 τοῦ
668 650 971 721 Εὐεργέτου
1027 648 1382 717 καλουμένου.
1415 649 1522 701 Τοῦ
1568 644 1661 701 οὖν
1712 646 1906 717 ἀνδρὸς

1148 240 1237 294 AD
1283 241 1339 295 S.
1381 238 1707 296 GREGORII
1748 236 1957 299 ORAT.
2001 235 2043 290 ll
2080 236 2357 292 CONTRA
2412 238 2778 299 JULIANUM.

1936 364 1983 420 Λ

3441 246 3464 299 1
3473 246 3577 301 038

2386 359 2439 412 2.
2484 357 2561 411 De
2584 358 2859 412 Berenices
2892 359 3034 412 crine
3062 358 3198 430 (55).

2087 466 2347 526 Berenice
2380 469 2657 525 Ptolemaei
2709 480 3072 541 cognomento
3112 471 3392 545 Evergetis
3441 488 3583 529 uxor

2004 568 2125 615 erat
2165 580 2177 615 :
2214 577 2337 631 qum
2376 564 2576 618 marito
2616 564 2819 619 bellum
2844 580 3071 637 peregre
3094 575 3318 637 gerente
3348 567 3452 622 hoc
3485 580 3585 622 vo-

2010 662 2067 707 to
2097 670 2158 710 se
2193 656 2489 711 obstrinxit
2517 665 2575 713 ut
2606 659 2651 713 si
2676 660 2880 716 illaesus
2910 668 3075 730 atque
3115 660 3412 716 incolumis
3489 662 3583 719 ille

328 747 503 815 αὐτῆς
532 744 625 797 τοῦ
648 742 983 813 Πτολεμαίου
1012 742 1161 804 ὄντος
1182 744 1238 795 ὲν
1266 743 1542 812 πολέμοις,
1575 740 1800 812 ηὔξατο,
1820 743 1904 794 ὅτι

2009 745 2226 813 rediret,
2261 748 2381 817 ipsa
2406 748 2669 806 delonsos
2699 751 2887 807 crines
2919 751 2975 807 in
3012 754 3218 823 templo
3240 754 3457 808 donarii
3490 769 3583 808 cu-

327 840 380 891 εἰ
413 836 743 908 ύποστρέψει
778 834 1040 905 ἄτρωτος,
1080 833 1189 886 τῶν
1223 834 1519 904 πλοκάμων
1548 833 1657 887 τῶν
1704 835 1905 904 εαυτῆς

327 927 634 998 ἀπόκαρμα
659 925 919 995 ἀναθήσει
940 923 1193 994 ἀνάθημα
1221 925 1277 976 ὲν
1296 924 1373 995 τῷ
1405 924 1561 995 ἱερῷ·
1593 925 1687 977 καὶ
1719 925 1908 997 ἀνέθη·

326 1036 429 1072 κεν
462 1021 496 1090 ή
526 1016 790 1089 Βερονίκη
820 1015 912 1069 τὸν
941 1015 1221 1086 πλόκαμον
1266 1016 1605 1087 ἀποκείρασα
1649 1016 1740 1069 τὸν
1782 1019 1909 1070 ἑαυ-

327 1115 464 1183 τῆς,
508 1109 949 1182 ὑποστρέψαντος
977 1107 1070 1161 τοῦ
1112 1106 1470 1178 Πτολεμαίου.
1505 1108 1692 1161 Κόνων
1722 1108 1779 1162 δέ
1827 1126 1911 1173 τις

326 1198 399 1273 ἦν
426 1202 760 1273 ἀστρονόμος
788 1201 879 1252 ἐπὶ
909 1200 1017 1253 τῶν
1040 1200 1213 1269 αὐτῆς
1251 1199 1479 1270 χρόνων,
1505 1199 1563 1263 ὃς
1594 1199 1730 1271 πρὸς
1752 1200 1915 1253 κολα-

2004 837 2225 908 jusdam
2267 840 2389 894 loco
2418 842 2773 910 appenderet.
2816 842 2936 909 Quo
2965 845 3131 899 etiam
3161 851 3290 899 voto
3317 843 3576 899 defuncta

2011 937 2117 984 est.
2155 928 2287 985 Erat
2310 941 2489 987 autem
2520 933 2695 1000 ipsius
2719 940 2961 1004 tempore
2983 944 3331 992 astronomus
3356 936 3581 1006 quidam

2005 1018 2286 1075 Comonus
2315 1023 2561 1087 nomine,
2592 1022 2687 1093 qui
2723 1032 2782 1077 ut
2806 1024 2909 1093 ipsi
2940 1024 3278 1086 adularetur.
3335 1024 3469 1079 deos
3499 1025 3582 1094 ip-

2009 1110 2129 1166 sius
2160 1111 2370 1167 crinem
2411 1112 2557 1168 inter
2618 1122 2769 1169 astra
2818 1115 3078 1172 retulisse
3132 1115 3443 1171 aﬂirmavit.
3505 1117 3583 1169 Ac

2010 1202 2240 1271 proinde
2270 1219 2417 1259 nunc
2445 1220 2620 1261 nexus
2648 1207 2871 1276 quidam
2908 1207 3192 1263 stellarum
3223 1208 3280 1263 in
3304 1208 3445 1264 coelo
3474 1214 3579 1271 est,

328 1293 488 1347 κείαν
517 1294 688 1364 αὐτῆς
717 1309 902 1363 φησιν,
937 1292 1020 1345 ὅτι
1054 1293 1102 1344 οι
1136 1290 1250 1344 θεολ⁸
1280 1291 1372 1344 τὸν
1409 1290 1688 1361 πλόκαμον
1729 1291 1916 1346 τοῦτον

2010 1308 2174 1362 quem
2202 1293 2495 1352 Berenices
2518 1298 2725 1354 crinem
2757 1299 3054 1369 appellant.

328 1391 392 1444 ὲν
422 1390 641 1460 ἄστροις
663 1386 951 1456 ἀνέθηκαν.
972 1386 1084 1440 Καὶ
1110 1384 1206 1439 νῦν
1232 1384 1346 1438 ἐστι
1365 1403 1448 1448 τις
1470 1385 1810 1457 βοτρυοειδὴς
1836 1383 1983 1449 θέσις
2020 1387 2261 1459 ἀστέρων
2290 1391 2347 1444 ὲν
2372 1389 2450 1461 τῷ
2490 1390 2729 1463 οὐρανῷ,
2758 1391 2787 1445 ὃ
2830 1392 3053 1447 καλοῦσι
3092 1392 3368 1464 πλόκαμον
3416 1394 3582 1464 Βερο-

326 1489 509 1558 νίκης.

780 1606 849 1669 γ’.
892 1599 1031 1666 Περὶ
1063 1597 1169 1653 τοῦ
1198 1601 1446 1654 κύκνου.

411 1710 476 1763 Ἦ
505 1708 563 1763 δὲ
593 1711 720 1782 περὶ
748 1710 842 1763 τοῦ
882 1710 1081 1763 κύκνου
1114 1710 1260 1763 ἐστὶν
1294 1710 1432 1782 αὕτη
1460 1727 1475 1739 ο
1516 1709 1572 1762 '0
1607 1708 1741 1771 Ζεὺς
1774 1710 1903 1778 ὲρα-

329 1803 506 1868 σθεὶς,
540 1802 615 1867 ὡς
664 1803 763 1873 μέν
812 1820 957 1866 τινες
994 1803 1232 1871 λέγουσι,
1253 1805 1352 1873 τῆς
1390 1800 1702 1872 Νεμέσεως,
1742 1798 1817 1861 ὼς
1850 1798 1905 1851 δὲ

326 1896 546 1965 ἕτεροι,
601 1896 700 1966 τῆς
753 1894 973 1965 Λήδας,
1035 1894 1131 1947 καὶ
1182 1893 1506 1963 βουλόμενος
1550 1889 1906 1960 συγγενέσθαι

328 1988 493 2059 αὐτῇ,
520 1988 614 2041 καὶ
642 1987 716 2058 μὴ
742 1986 1092 2059 ὁρα[σ]θῆναι
1118 1986 1223 2039 ὑπὸ
1244 1986 1343 2055 τῆς
1360 1986 1559 2057 ’Ἢρας,
1590 1981 1906 2055 ὲξωμοιὼθη

328 2080 540 2151 κύκνῳ,
568 2080 662 2133 καὶ
690 2080 1006 2147 συνεγένετο
1043 2081 1109 2150 τῇ
1136 2079 1409 2151 ἐρωμένῃ.
1456 2077 1571 2131 Νῦν
1612 2072 1705 2130 οὖν
1752 2068 1908 2139 οὗτος

328 2175 359 2226 6
404 2172 605 2235 κύκνος
648 2170 1051 2241 κατεστηρεχθη
1100 2170 1158 2222 ὲν
1204 2169 1282 2239 τῷ
1324 2168 1575 2239 ούρανῷ’
1618 2168 1712 2221 καὶ
1757 2167 1905 2227 ἔστι,

331 2266 519 2336 φησιν,
544 2261 1040 2334 ύποζωγραφηθεὶς
1076 2260 1168 2314 καὶ
1195 2261 1391 2329 ἄστρον
1425 2262 1452 2313 6
1491 2259 1707 2321 κύκνος.

786 2379 849 2434 δ’.
891 2376 1027 2445 Περὶ
1059 2376 1165 2431 τοῦ
1199 2380 1444 2440 ταύρου.

413 2492 478 2544 ’Π
516 2491 571 2543 δὲ
612 2488 741 2561 περὶ
781 2488 875 2543 τοῦ
908 2490 1111 2560 ταύρου
1154 2487 1301 2542 ἐστὶν
1346 2485 1485 2556 αὓτη
1510 2500 1524 2515 ο
1566 2482 1778 2551 Ταῦρός
1826 2500 1910 2546 τις

330 2584 442 2639 ὗτὼ
460 2583 555 2637 τοῦ
585 2580 918 2645 Ποσειδῶνος
947 2579 1169 2651 ἀνεδόθη
1197 2579 1327 2650 περὶ
1349 2578 1447 2648 τὴν
1481 2576 1725 2630 Ἐλλάδα.
1744 2568 1912 2640 Οὗτος

331 2674 662 2745 δλυμαίνετο
682 2674 780 2745 τὴν
805 2672 987 2745 χώραν
1012 2672 1105 2726 καὶ
1126 2670 1332 2724 ἐσίνετο
1360 2669 1551 2723 πολλά.
1582 2668 1704 2721 Ἐπὶ
1725 2667 1912 2721 τοῦτον

331 2763 500 2839 ἦλθεν
532 2769 559 2821 6
592 2766 828 2837 Θησεὺς,
859 2765 953 2818 καὶ
988 2765 1197 2819 ἀνεῖλεν
1232 2763 1416 2818 αὐτόν.
1447 2762 1557 2815 Καὶ
1599 2761 1911 2833 βουλόμενοι

333 2861 385 2913 οἱ
416 2860 530 2914 θεοὶ
557 2860 701 2930 μέγα
726 2859 787 2913 τὸ
814 2858 973 2929 ἔργον
1005 2856 1101 2911 τοῦ
1139 2856 1361 2928 Θησέως
1385 2854 1579 2919 δεῖξαι,
1619 2854 1715 2908 καὶ
1745 2853 1910 2925 θερα-

2594 1596 2650 1649 5.
2692 1596 2766 1650 De
2797 1614 2979 1668 cygno.

2076 1707 2310 1778 Jupiter,
2342 1717 2402 1762 ut
2430 1708 2652 1780 quidam
2687 1711 2932 1776 tradunt,
2967 1711 3282 1779 Nemeseos,
3316 1723 3374 1770 ut
3399 1725 3581 1772 autem

2010 1800 2125 1865 alii,
2159 1800 2317 1854 Ledae
2346 1817 2534 1856 arnore
2569 1803 2965 1871 inflammatus,
3026 1824 3151 1862 cum
3191 1824 3364 1879 eaque
3405 1812 3580 1881 stupri

2009 1894 2397 1949 commercium
2436 1894 2633 1952 habere
2667 1898 2918 1968 cupiens,
2950 1916 3015 1955 ne
3048 1916 3077 1954 a
3109 1899 3323 1957 lunone
3365 1904 3581 1975 perspi-

2009 1994 2249 2052 ceretur,
2291 1985 2450 2057 cygni
2484 1985 2713 2042 formam
2750 1989 2957 2045 subiit:
2991 2000 3157 2062 atque
3179 1994 3253 2048 ita
3282 2010 3406 2048 cum
3441 1994 3582 2048 ami-

2008 2091 2072 2131 ea
2112 2092 2442 2148 congressus
2475 2088 2578 2134 est.
2628 2078 2783 2135 Nunc
2816 2097 2944 2152 ergo
2973 2082 3060 2137 hic
3116 2100 3322 2156 cygnus
3346 2085 3401 2140 in
3444 2085 3583 2140 ctelo

1990 2168 2189 2253 pictus
2221 2177 2500 2241 est,atque
2532 2172 2675 2228 inter
2716 2181 2865 2229 astra
2900 2176 3224 2232 collocatus.

2605 2371 2659 2425 4.
2702 2371 2778 2426 De
2804 2381 2977 2427 tauro.

2083 2484 2303 2541 Taurus
2337 2486 2564 2557 quidam
2601 2501 2632 2541 a
2655 2485 2909 2558 Neptuno
2943 2487 3092 2543 circa
3120 2487 3381 2544 Graeciam
3411 2491 3580 2546 emis-

2012 2594 2110 2634 sus
2149 2587 2276 2635 est:
2326 2580 2419 2650 qui
2469 2594 2594 2634 cum
2656 2581 2936 2649 regionem
2994 2587 3163 2636 totam
3221 2591 3581 2652 pervastaret,

2013 2673 2422 2743 maximamque
2487 2671 2785 2743 perniciem
2846 2674 2951 2744 ipsi
3013 2674 3252 2742 afferret,
3301 2677 3583 2734 tandema

2013 2762 2227 2820 Theseo
2257 2765 2621 2835 interemptus
2659 2773 2764 2821 est.
2805 2765 3075 2833 Quocirca
3113 2768 3188 2823 dii
3224 2777 3286 2823 ut
3325 2785 3583 2841 magnum

2014 2863 2177 2925 atque
2199 2857 2415 2917 illustre
2449 2856 2645 2913 Thesei
2704 2857 2923 2914 facinus
2979 2860 3355 2926 ostenderent,
3416 2863 3583 2917 simul

336 2949 539 3005 πεῦσαι
571 2951 662 3005 τὸν
703 2950 1032 3013 Ποσειδῶνα,
1060 2945 1459 3019 κατεστήριξαν
1493 2945 1586 2998 τὸν
1625 2943 1824 3015 ταῦρον
1852 2947 1910 2998 ὲν

2011 2947 2176 3002 etiam
2207 2954 2267 3003 ut
2304 2949 2441 3003 iram
2470 2946 2707 3019 Neptuni
2738 2949 2994 3014 lenirent,
3020 2948 3258 3005 Taurum
3295 2954 3439 3007 inter
3472 2967 3583 3008 eteo

333 3042 414 3115 τῷ
449 3043 699 3115 οὐρανῷ·
748 3044 844 3098 καὶ
882 3041 980 3096 νῦν
1022 3042 1139 3094 ἐστι
1173 3039 1262 3093 διά
1294 3038 1540 3108 ἀστέρων
1581 3036 1906 3109 ύποζωγρα-

335 3134 531 3207 φηθεὶς
556 3136 585 3188 6
608 3134 807 3205 ταῦρος
840 3136 897 3187 ὲν
927 3131 1003 3203 τῷ
1025 3131 1257 3204 οὐρανῷ.

791 3248 852 3296 ε’.
895 3240 1035 3309 Περὶ
1060 3240 1165 3295 τοῦ
1192 3238 1462 3306 λέοντος.

421 3355 486 3410 Ἦ
515 3355 572 3408 δὲ
603 3355 730 3426 περὶ
759 3354 854 3407 τοῦ
882 3354 1098 3418 λέοντος
1131 3353 1341 3425 ἱστορία
1378 3352 1526 3405 ἐστὶν
1556 3350 1695 3422 αὕτη
1714 3367 1728 3382 ⁸
1760 3351 1911 3406 Λέων

339 3449 475 3515 ζῶον
500 3449 691 3518 ἄγριον
731 3442 801 3517 ἦν
835 3448 893 3501 έν
936 3450 1003 3518 τῇ
1054 3446 1282 3517 Νεμέᾳο
1327 3443 1481 3516 χώρα
1513 3445 1570 3498 δὲ
1621 3444 1758 3515 αὓτη
1812 3444 1912 3515 τῆς

339 3542 771 3612 Πελοποννήσου.
799 3535 964 3603 Οὗτος
994 3534 1086 3594 οὖν
1122 3541 1150 3592 6
1175 3539 1312 3591 λέων
1351 3537 1670 3610 ἐλυμαίνετο
1694 3538 1820 3601 τοὺς
1852 3539 1912 3591 έν

339 3636 405 3704 τῇ
431 3633 602 3704 χώρᾳ.
646 3631 957 3703 Εὐρυσθεὺς
996 3627 1089 3685 οὖν
1122 3629 1421 3701 βασιλεύων
1462 3630 1569 3683 τῶν
1614 3628 1910 3699 Μυκηνῶν,

341 3727 436 3779 καὶ
493 3723 701 3794 μηνιῶν
751 3723 827 3793 τῷ
890 3722 1181 3794 Ἠρακλεῖ,
1236 3721 1445 3792 πέμπει
1494 3719 1656 3773 αὑτὸν
1705 3721 1797 3773 ἐπὶ
1852 3717 1913 3773 τὸ

338 3813 549 3867 ἀνελεῖν
572 3815 664 3867 τὸν
687 3812 877 3866 λέοντα
900 3830 912 3843 ·
949 3814 1043 3866 καὶ
1078 3812 1172 3865 νῦν
1194 3814 1339 3865 ἐστιν
1365 3815 1393 3865 6
1418 3812 1553 3865 λέων
1583 3813 1641 3864 ὲν
1667 3812 1907 3882 ἄστροις.

2010 3040 2170 3095 lestia
2186 3042 2355 3096 'astra
2386 3040 2714 3097 deﬁxerunt.

2612 3242 2666 3297 5.
2710 3241 2788 3297 De
2819 3244 2985 3298 leone.

2086 3350 2198 3409 Leo
2246 3350 2421 3409 ferum
2479 3368 2544 3408 ac
2598 3355 2970 3411 truculentum
3028 3357 3232 3412 animal
3258 3359 3451 3414 eratin
3477 3358 3582 3416 Ne-

2010 3459 2151 3500 mea.
2204 3444 2302 3501 Est
2365 3454 2546 3502 autem
2593 3444 2791 3503 Nemea
2849 3447 3206 3519 Peloponnesi
3253 3451 3424 3521 regio.
3479 3454 3580 3508 Hic

2009 3534 2181 3605 igitur
2209 3536 2295 3592 leo
2327 3537 2582 3594 maximis
2609 3538 2952 3593 detrimentis
2983 3540 3258 3611 regionem
3287 3542 3576 3598 alliciebat.

2012 3628 2352 3700 Eurystheus
2406 3630 2610 3700 itaque,
2646 3631 2993 3701 Mycenarum
3053 3648 3170 3695 rex.
3214 3632 3320 3688 hoc
3375 3634 3583 3689 indicat
3650 3690 3655 3694 ,

2011 3718 2252 3785 Herculi,
2281 3721 2439 3790 eique
2463 3723 2736 3792 negotium
2772 3721 2885 3785 dat,
2921 3731 2985 3776 ut
3028 3722 3239 3779 leonem
3290 3725 3358 3778 de
3402 3723 3582 3779 medio

2018 3813 2190 3868 tollat.
2238 3812 2631 3885 Profectusque
2698 3813 2957 3871 llercules
2996 3816 3208 3871 leonem
3289 3815 3576 3871 interfecit.

339 3906 709 3973 Quamobrem
735 3907 809 3961 dii
837 3913 896 3960 ut
918 3904 1169 3961 Herculis
1189 3912 1462 3961 certamen
1486 3906 1694 3960 clarum
1717 3912 1882 3974 atque
1917 3903 2131 3961 illustre
2156 3905 2469 3972 redderent,
2501 3906 2675 3962 stellis
2729 3905 2784 3961 in
2841 3906 2982 3961 caelo
3038 3906 3250 3963 leonem
3320 3908 3582 3978 depinxe-

344 4007 476 4053 runt
517 4019 528 4052 :
569 4014 631 4053 ac
668 4014 814 4053 nunc
837 3999 922 4053 leo
954 3999 1098 4054 inter
1123 4006 1271 4055 astra
1304 4005 1409 4054 est.

747 4118 820 4176 ς’.
864 4112 1003 4180 Περὶ
1031 4113 1136 4167 τοῦ
1172 4112 1509 4181 Ὀφιούχου.

422 4223 487 4275 Ἦ
513 4223 569 4276 δὲ
598 4224 725 4293 περὶ
751 4223 843 4276 τοῦ
865 4223 1120 4293 ὀφιούχου
1145 4225 1290 4276 ἐστὶν
1311 4222 1449 4294 αὕτη
1474 4239 1486 4252 '
1518 4223 1747 4290 Λέγεται
1772 4219 1908 4277 εἶναι

338 4308 498 4379 οὗτος
525 4315 554 4367 6
580 4314 831 4386 ὀφιοῦχος
850 4316 878 4367 6
923 4315 1269 4386 Ἀσκληπιὸς,
1311 4317 1340 4367 6
1379 4316 1572 4387 ἔφορος
1604 4316 1705 4386 τῆς
1732 4318 1908 4387 ἰατρι-

2557 4107 2609 4160 6.
2652 4105 2728 4161 De
2760 4106 3048 4176 Ophiucho.

2082 4218 2404 4290 Ophiuchus
2456 4219 2545 4274 hic
2590 4219 2825 4289 (Tullius
2887 4220 3339 4305 Anguitenentem
3401 4222 3579 4293 vertit)

2017 4310 2368 4381 Esculapius
2413 4325 2536 4366 esse
2568 4310 2793 4373 dicitur,
2854 4309 3138 4365 medicinae
3176 4326 3377 4381 prases
3416 4330 3429 4366 :
3467 4329 3582 4369 ser-

340 4408 464 4479 κῆς.
499 4408 773 4479 Σύμϐολον
811 4407 867 4461 δὲ
892 4409 921 4461 6
966 4408 1087 4474 ὄφις
1132 4407 1225 4461 τοῦ
1261 4409 1485 4479 ἀγήρω·
1532 4406 1748 4476 λέγεται
1802 4407 1910 4476 γὰρ

2016 4420 2149 4475 pens
2174 4405 2319 4459 enim
2350 4394 2726 4474 longissimam
2749 4401 3043 4472 quamdam
3097 4404 3264 4456 vitam
3309 4418 3374 4457 ac
3427 4421 3582 4459 sene-

336 4499 668 4555 ἀποδύεσθαι
693 4500 753 4553 τὸ
781 4500 957 4571 γῆρας
991 4503 1019 4554 6
1056 4500 1177 4569 ὄφις
1217 4500 1310 4553 καὶ
1340 4499 1714 4554 ἀνανεοῦσθαι.
1756 4498 1909 4552 Ἐπεὶ

337 4589 433 4646 οὖν
471 4593 501 4644 6
540 4592 864 4662 Ἀσκληπιὸς
900 4592 989 4646 διὰ
1019 4593 1119 4663 τῆς
1159 4592 1411 4662 ἰατρικῆς
1453 4592 1665 4645 ἀνανεοί
1699 4591 1767 4643 τὰ
1817 4592 1909 4644 ἀνι

336 4682 584 4754 θρώπινα
615 4686 863 4754 σώματα,
897 4682 1141 4736 ποιοῦσιν
1172 4683 1333 4735 αὐτὸν
1376 4686 1514 4752 μετά
1553 4681 1645 4733 τοῦ
1683 4681 1908 4751 δράκον-

308 4793 450 4838 τος.
501 4774 762 4839 Θέλοντες
809 4771 901 4827 οὖν
935 4776 985 4827 οἱ
1041 4774 1153 4829 θεοὶ
1208 4774 1329 4827 ἀντὶ
1386 4773 1699 4843 ἀγάλματος
1747 4772 1906 4825 αὐτὸν

336 4866 673 4937 ἀνιερῶσαι,
730 4866 795 4918 δι’
849 4865 1095 4936 ἀστέρων
1160 4864 1323 4918 αὑτὸν
1376 4864 1679 4935 ἀνιέρωσαν
1720 4864 1777 4915 ἐν
1830 4862 1907 4933 τῷ

335 4959 397 5012 ού
404 4958 573 5029 ρανῷ.

726 5071 789 5134 ζ’.
833 5069 972 5137 Περὶ
1005 5068 1110 5123 τοῦ
1138 5066 1516 5137 Σαλμωνέως.

408 5161 736 5233 Σαλμωνεὺς
780 5164 969 5216 Αἰόλου
1005 5163 1102 5233 μὲν
1127 5158 1195 5231 ἦν
1227 5161 1363 5224 υἱὸς,
1403 5158 1655 5228 βασιλεὺς
1686 5158 1744 5211 δὲ
1772 5159 1906 5211 Θετ-

333 5254 535 5309 ταλῶν.
568 5249 736 5317 Οὗτος
782 5254 1006 5325 ἀσεϐὴς,
1051 5253 1215 5325 φησιν
1238 5292 1252 5314 ,
1284 5254 1364 5316 εἰς
1415 5251 1570 5313 θεοὺς
1596 5250 1904 5320 γενόμενος,

337 5349 672 5402 προσάπτων
714 5348 920 5419 ἅρματι
948 5347 1153 5419 βύρσας
1185 5346 1355 5416 ξηρὰς
1393 5360 1453 5397 τε
1498 5344 1592 5396 καὶ
1627 5342 1868 5413 σκληρὰς
1888 5384 1903 5407 ν

337 5440 432 5493 καὶ
457 5439 688 5509 λέϐητάς
706 5456 858 5503 τινας
883 5439 1021 5510 μετά
1043 5438 1151 5493 τῶν
1182 5436 1415 5510 βυρσῶν,
1432 5436 1597 5505 ἤχους
1623 5436 1901 5488 cineri-Sket-

341 5532 480 5600 μετὰ
514 5531 703 5602 χεῖράς
725 5549 783 5583 τε
816 5530 1100 5602 βαστάζων
1129 5529 1420 5600 καιομένας
1458 5528 1745 5598 λαμπάδας
1776 5528 1914 5598 ἐμε-’

339 5620 623 5689 γαλαύχει,
664 5620 911 5691 καθάπερ
955 5623 984 5672 6
1016 5623 1149 5683 Ζεὺς
1200 5619 1427 5689 βροντᾷν
1460 5634 1517 5671 τε
1575 5618 1665 5670 καὶ
1702 5619 1904 5687 ἀστρά-

2014 4494 2185 4549 ctutis
2211 4499 2489 4564 expertem
2522 4491 2793 4561 designat.
2822 4488 3027 4546 Ferunt
3060 4492 3204 4546 enim
3240 4507 3363 4547 eum
3423 4510 3582 4549 sene-

1964 4600 1969 4606 '
2014 4593 2215 4640 ctutem
2233 4599 2452 4649 exuere,
2474 4591 2636 4653 atque
2655 4583 2721 4637 ad
2739 4583 3079 4653 juventutem
3101 4584 3578 4651 redire.Quoniam

2016 4678 2182 4748 igitur
2211 4676 2568 4747 Esculapius
2598 4678 2733 4732 artis
2767 4692 2880 4731 suae
2933 4690 3098 4746 opera
3154 4685 3207 4731 et
3260 4678 3579 4748 adjumento

2014 4784 2245 4839 corpora
2273 4769 2510 4823 humana
2542 4775 2792 4833 renovat,
2816 4768 3022 4823 idcirco
3039 4783 3161 4824 eum
3183 4784 3306 4824 cum
3340 4770 3580 4826 dracone

2013 4862 2326 4916 collocavit.
2361 4859 2444 4915 Dii
2478 4871 2656 4915 autem
2681 4876 2805 4915 eum
2853 4866 3048 4915 statua:
3091 4860 3211 4915 loco
3255 4877 3583 4917 consecrare

2013 4953 2319 5023 cupientes,
2351 4968 2447 5022 per
2471 4952 2657 5008 stellas
2686 4952 2863 5021 ipsum
2897 4951 2951 5005 in
2987 4952 3129 5006 cmlo
3160 4963 3577 5010 consecrarunt.

2315 5066 2367 5121 7.
2409 5064 2486 5120 De
2512 5064 2793 5121 Salmonea
2822 5082 2849 5119 e
2877 5065 3019 5119 corio
3056 5074 3290 5120 tonante.

2086 5156 2414 5212 Salmoneus
2440 5155 2587 5211 Eoli
2615 5156 2761 5210 ﬁlius
2792 5171 2888 5210 rex
2921 5155 3312 5212 Thessalorum
3345 5165 3463 5213 erat
3495 5161 3578 5214 vir

2013 5250 2067 5303 in
2099 5250 2230 5304 deos
2252 5249 2454 5318 impius
2477 5263 2540 5302 ac
2569 5248 2836 5304 nefarius.
2874 5248 2973 5304 Hic
3008 5250 3160 5304 coria
3184 5248 3432 5319 quadam
3470 5252 3580 5307 sic-

2009 5358 2072 5397 ca
2099 5349 2153 5396 et
2175 5342 2310 5396 dura
2333 5356 2608 5396 consuens
2630 5348 2793 5411 atque
2816 5340 3255 5406 accommodans,
3279 5355 3344 5395 ac
3374 5342 3579 5401 lebetes

2012 5434 2277 5503 quosdam
2307 5450 2432 5488 cum
2472 5433 2640 5488 coriis
2694 5434 2938 5504 pulsans,
2972 5447 3137 5489 sonos
3157 5432 3421 5502 quosdam
3452 5435 3580 5492 ede-

2012 5525 2125 5588 bat,
2153 5534 2318 5594 atque
2346 5525 2600 5581 ardentes
2630 5527 2779 5581 faces
2800 5525 3056 5581 manibus
3083 5532 3303 5594 gestans
3336 5527 3578 5581 insolen-

2013 5623 2095 5667 ter
2124 5613 2368 5683 jactabat
2398 5630 2457 5669 se
2494 5613 2644 5672 lovis
2703 5615 2890 5670 instar-
2926 5621 3121 5669 tonare
3155 5627 3220 5669 ac
3249 5612 3527 5687 fulgurare
3553 5634 3578 5678 ι

413 5734 526 5807 (55)
563 5734 685 5790 Herc
724 5744 777 5790 et
828 5750 945 5805 quze
993 5743 1298 5805 sequuntur
1350 5749 1523 5805 usque
1559 5732 1623 5786 ad
1657 5731 1800 5787 dicta
1853 5731 1918 5787 de
1954 5730 2242 5789 Salmoneo
2270 5735 2387 5789 sine
2412 5734 2768 5792 distinctione
2797 5735 2852 5791 in
2876 5732 3064 5789 Graeco
3088 5733 3431 5805 legebantur.
