4018 6296
523 212 657 270 1059

1872 219 2157 281 NONNUS
2194 227 2412 285 ABBAS

3641 245 3759 307 ιυιο

522 326 698 398 quoad
732 325 948 382 tandem
993 342 1021 380 a
1056 326 1187 381 Jove
1228 330 1475 386 fulminis
1513 332 1621 385 ictu
1664 348 1958 403 oppressus
1992 346 2087 393 est.

2203 358 2380 407 πτειν,
2410 345 2513 408 ἕως
2543 345 2647 397 ὑπὸ
2674 346 2793 409 Διὸς
2825 348 3193 418 κεραυνωθεὶς
3217 350 3466 422 ἀνῃρέθη
3485 368 3500 383 ⁶
3529 357 3617 408 καὶ
3650 376 3762 422 κατ-

522 416 712 473 Filiam
762 426 947 473 autem
999 419 1341 487 impuberem
1404 422 1628 490 reliquit
1666 425 1889 479 nomine
1931 425 2096 497 Tyro,

521 528 640 582 quae
668 512 812 582 apud
839 520 1093 582 patruum
1131 511 1407 582 Cepheum
1437 516 1667 571 educata
1697 518 1883 588 Enipei
1912 519 2097 574 ﬂumi-

519 606 603 659 nis
643 603 802 673 patrii
827 618 1016 658 amore
1057 603 1288 681 ﬂagrare
1319 609 1508 677 cmpit.
1545 609 1701 675 Quod
1727 626 1850 664 cum
1894 610 2097 681 Neptu-

519 712 622 750 nus
661 674 1171 759 animadvertisset,
1220 696 1371 752 ﬂuvii
1416 699 1833 755 similitudinem
1891 702 2093 767 induit,

517 800 682 861 atque
706 789 901 860 Enipei
938 791 1063 844 loco
1097 807 1157 845 ea
1197 793 1408 862 potitus
1464 801 1551 848 est
1595 812 1607 847 :
1658 810 1725 848 ex
1760 808 1937 865 eoque
1962 811 2098 850 con-

517 898 710 953 gressu
758 880 968 937 Peliam
1001 892 1055 937 et
1088 881 1317 938 Neleum
1371 886 1626 955 concepit
1672 900 1882 955 eosque
1940 895 2097 941 utero

516 974 756 1044 gerebat,
789 990 819 1028 a
862 972 1048 1029 Criteo
1080 982 1269 1045 postea
1304 976 1358 1030 in
1424 977 1839 1031 matrimonium
1872 986 2097 1049 accepta

515 1074 618 1129 est,
649 1058 980 1136 tandquue
1014 1068 1247 1136 peperit,
1283 1079 1339 1121 ut
1363 1068 1585 1137 quidem
1637 1076 1758 1123 erat
1805 1070 2093 1124 hominum

515 1159 720 1230 opinio,
753 1175 820 1217 ex
851 1159 1063 1223 Criteo,
1104 1175 1294 1215 revera
1313 1171 1496 1216 autem
1522 1177 1587 1215 ex
1611 1161 1883 1232 Neptuno.
1905 1162 2093 1228 Quan-

515 1267 675 1323 quam
708 1267 774 1307 ex
801 1251 923 1323 ipso
942 1266 1163 1323 quoque
1193 1252 1380 1308 Criteo
1414 1260 1604 1323 postea
1633 1254 1837 1308 liberos
1863 1253 2086 1309 extulit.

925 1384 979 1438 8.
1018 1383 1098 1438 De
1128 1383 1419 1455 Babylonio
1458 1382 1686 1455 Zopyro.

582 1522 780 1578 Darius
799 1520 1089 1576 Persarum
1116 1535 1209 1575 rex
1227 1535 1350 1574 cum
1368 1518 1699 1591 Babylonem
1719 1519 1978 1573 diuturna
1996 1519 2094 1574 ob-

512 1615 722 1672 sidione
740 1613 975 1668 cinctam
995 1611 1279 1678 tenuisset,
1302 1627 1402 1666 nec
1419 1602 1538 1664 eam
1556 1626 1870 1682 expugnare
1887 1620 2090 1681 posset,

512 1710 578 1763 ob
614 1706 778 1776 idque
816 1705 1000 1759 animo
1050 1711 1363 1775 angeretur,
1429 1703 1678 1775 Zopyrus
1730 1703 1980 1773 quidam,
2006 1704 2092 1759 vir
2122 1700 2165 1755 Β

511 1809 767 1857 strenuus
809 1798 1298 1869 magnitudineque
1332 1797 1501 1851 animi
1530 1805 1821 1866 praestans,
1885 1807 1944 1853 ut
1999 1815 2087 1853 res

511 1907 625 1963 ipsa
662 1890 984 1957 declaravit,
1019 1906 1119 1945 nec
1145 1891 1367 1945 obscuri
1402 1890 1544 1960 apud
1572 1889 1792 1945 Darium
1822 1891 2083 1955 nominis,

509 1990 621 2041 hate
653 1985 1034 2040 machinatur:
1064 1983 1247 2040 lnciso
1284 2000 1421 2039 naso
1462 1992 1625 2054 atque
1652 1986 1904 2049 auribus,
1949 1986 2089 2039 mul-

508 2081 689 2150 tisque
724 2079 827 2135 sibi
851 2077 1075 2132 inﬂictis
1105 2076 1428 2131 verberibus
1453 2074 1520 2130 ad
1544 2075 1877 2148 Babylonios
1902 2088 2085 2134 trans-

507 2170 665 2240 fugit,
695 2168 921 2239 perinde
960 2183 1024 2222 ac
1061 2167 1410 2238 gravissimis
1467 2167 1690 2237 injuriis
1731 2184 1761 2222 a
1794 2168 1958 2223 Dario
2008 2168 2087 2223 af-
2124 2200 2129 2209 ι

506 2259 702 2315 fectus.
732 2257 811 2312 Ita
844 2258 1116 2315 simulans
1149 2272 1208 2312 se
1237 2272 1368 2329 erga
1398 2256 1733 2328 Babylonios
1772 2258 1977 2329 optime
2012 2259 2089 2312 af-

506 2352 709 2407 fectum
744 2367 889 2417 esse,
923 2351 1030 2405 dux
1069 2351 1194 2406 belli
1225 2350 1295 2406 ab
1326 2349 1395 2405 iis
1418 2358 1663 2412 creatur,
1696 2365 1759 2404 ac
1786 2352 2086 2405 certamine

505 2442 745 2514 quodam
780 2443 941 2504 inito,
977 2456 1229 2511 magnam
1268 2443 1325 2496 in
1356 2439 1506 2496 Darii
1550 2442 1795 2497 exercitu
1848 2449 2083 2513 stragem

506 2534 695 2589 edidit.
720 2534 840 2600 Qua
872 2548 931 2587 re
968 2532 1360 2588 benevolentiae
1396 2532 1552 2588 fidem
1581 2533 1725 2603 apud
1766 2548 1861 2589 eos
1888 2543 2084 2588 nactus

507 2626 670 2681 Dario
697 2627 840 2682 diem
874 2626 1193 2696 prmstituit,
1226 2640 1335 2697 qua
1365 2625 1694 2695 Babylonem
1725 2636 2079 2697 oppugnaret.

505 2714 563 2769 In
594 2730 657 2771 ea
685 2716 868 2786 itaque
896 2715 1211 2787 Babyloniis
1231 2716 1528 2788 persuasit,
1571 2724 1632 2770 ut
1659 2716 1763 2770 sibi
1789 2716 1942 2771 urbis
1964 2716 2082 2770 cla-

506 2823 597 2863 ves
615 2807 890 2863 traderent
924 2826 937 2862 :
972 2807 1173 2877 quibus
1206 2810 1471 2880 acceptis,
1515 2816 1703 2879 portas
1739 2809 1976 2877 aperuit,
2018 2824 2081 2863 ac

505 2898 699 2954 Persas
721 2898 1042 2952 introduxit.
1078 2896 1154 2951 Ita
1174 2898 1227 2952 in
1256 2897 1400 2952 Darii
1457 2899 1745 2967 imperium
1792 2899 2081 2954 ditionem-

504 3006 608 3061 que
660 2990 886 3046 redacta
938 3001 1017 3045 est
1050 2989 1315 3061 Babylon.
1384 2988 1510 3045 Haec
1539 2988 1850 3046 Herodotus
1893 2992 1987 3046 lib.
2021 3007 2080 3046 ιιι

504 3079 714 3136 Histor.

841 3216 892 3270 9.
939 3216 1012 3269 De
1045 3214 1184 3285 Cyro
1228 3211 1569 3285 Parysatidis
1599 3215 1736 3284 ﬁlio.

573 3330 771 3386 Darius
809 3332 990 3385 minor
1038 3330 1235 3385 Xerxis
1270 3331 1416 3385 [ilius
1463 3346 1529 3387 ex
1574 3330 1898 3404 Parysatide
1943 3333 2084 3392 ﬁlios

499 3424 641 3479 duos
670 3423 1004 3495 procreavit,
1052 3422 1254 3493 Cyrum
1318 3432 1371 3476 et
1419 3424 1805 3481 Artaxerxem.
1866 3426 2084 3482 Mortuo

499 3525 681 3573 autem
708 3517 869 3571 Dario
897 3515 965 3569 de
991 3514 1219 3584 imperio
1247 3513 1447 3569 fratres
1467 3517 1895 3581 contendebant,
1919 3525 2084 3588 atque

500 3609 797 3664 Artaxerxi
820 3608 1040 3677 quidem
1079 3615 1137 3659 ut
1186 3615 1316 3659 natu
1351 3607 1544 3677 majori
1572 3609 1663 3677 jus
1691 3612 1953 3680 temporis
1994 3626 2083 3666 rc-

500 3717 665 3771 gnum
698 3698 976 3754 asserebat
1001 3716 1013 3749 :
1047 3697 1247 3768 Cyrum
1284 3707 1464 3752 autem
1486 3707 1545 3753 ut
1571 3701 1843 3768 juniorem
1871 3711 1924 3756 et
1950 3703 2083 3757 cha-

498 3794 697 3848 riorem
730 3797 905 3845 mater
937 3789 1265 3861 designabat
1301 3791 1590 3860 ;superior
1633 3800 1815 3848 tamen
1859 3796 2080 3851 obaeta—

501 3892 607 3938 tem
642 3881 745 3935 fuit
777 3881 1131 3947 Artaxerxes,
1166 3881 1569 3953 imperiumque
1602 3884 1859 3941 obtinuit.
1903 3889 2080 3959 Cyrus

500 3976 684 4046 itaque
722 3974 1009 4028 Artaxerxi
1068 3974 1296 4029 subesse
1359 3975 1552 4030 nolens
1592 3991 1620 4029 a
1658 3978 1822 4031 fratre
1850 3995 1952 4033 suo
1992 3996 2080 4051 pe-

499 4069 584 4130 tit,
625 4078 683 4121 ut
715 4068 814 4121 sibi
847 4066 991 4121 Asiae
1014 4068 1312 4137 satrapiam
1339 4083 1403 4122 ac
1432 4069 1582 4122 velut
1605 4070 1943 4138 provinciam
1982 4074 2077 4127 ad-

500 4156 930 4212 ministrandam
968 4157 1313 4213 concederet.
1352 4157 1505 4223 Quod
1545 4172 1671 4213 cum
1707 4159 2074 4229 impetrasset,

501 4250 555 4302 in
598 4248 805 4303 Ioniam
835 4236 1141 4310 descendit,
1173 4249 1392 4319 illicque
1429 4249 1769 4319 praefecturae
1810 4252 1938 4308 sede
1973 4253 2077 4308 ﬁxa

498 4342 565 4396 de
586 4341 818 4411 imperio
851 4357 1044 4397 rursus
1075 4343 1319 4411 cogitare
1352 4342 1542 4413 erepit,
1575 4343 1932 4415 pellectisque
1977 4347 2077 4400 La-

497 4430 848 4485 cedaemoniis
871 4431 1200 4500 quihusdam
1223 4432 1460 4502 aliisque
1484 4432 1691 4490 Grarcis
1714 4451 1947 4491 numero
1966 4438 2072 4492 cir-
2106 4410 2153 4472 ί)

496 4522 636 4576 citer
661 4521 849 4577 decem
878 4523 1293 4593 millibus,ipsis
1318 4526 1618 4595 persuasit,
1654 4536 1710 4581 ut
1742 4527 1870 4583 belli
1894 4531 2075 4585 socie-

497 4620 661 4666 tatem
685 4627 809 4666 cum
840 4627 905 4666 eo
957 4613 1159 4667 inirent
1211 4616 1507 4685 ipsumque
1547 4631 1928 4687 sequerentur.
1982 4620 2077 4677 llis

497 4707 683 4774 itaque
737 4705 1031 4760 comitatus
1087 4707 1152 4760 ad
1217 4707 1499 4765 Persidem
1577 4726 1750 4781 usque
1829 4715 2078 4769 ascendit

495 4806 860 4866 consertoque
885 4797 1029 4851 inter
1069 4798 1390 4856 Artaxerxis
1429 4802 1666 4873 Cyrique
1699 4804 1888 4875 copias
1937 4823 2077 4877 prae-

494 4888 570 4941 lio
600 4886 889 4941 victoriam
935 4888 1178 4944 referunt
1224 4892 1349 4963 Cyri
1404 4894 1630 4961 milites,
1688 4904 1906 4957 tametsi
1956 4919 2077 4974 per-

492 4978 693 5048 exiguo
721 4993 972 5044 numero,
1021 4981 1069 5034 si
1101 4995 1224 5035 cum
1264 4983 1588 5041 Artaxerxis
1612 4992 1854 5046 exercitu
1888 4994 2076 5050 confe-

491 5074 705 5121 rantur.
745 5066 923 5122 Graeci
962 5071 1107 5125 enim
1171 5074 1307 5129 aciei
1366 5077 1704 5135 instruenda:
1754 5085 2073 5154 peritissimi

493 5168 669 5227 erant,
708 5174 772 5215 ac
821 5159 948 5216 licet
1007 5168 1290 5234 perpauci,
1336 5178 1455 5223 arte
1504 5180 1683 5228 tamen
1732 5190 1797 5231 ac
1852 5176 2111 5255 solertia,

493 5254 768 5323 ingentem
817 5253 1058 5310 hostium
1119 5259 1532 5317 multitudinem
1586 5268 1942 5335 superabant.
2002 5272 2072 5324 At

491 5342 671 5415 Cyrus
700 5347 849 5403 brevi
876 5349 1108 5404 victoria
1154 5351 1335 5407 elatus
1366 5364 1533 5426 atque
1586 5358 1828 5416 insolens
1866 5376 1896 5416 e
1937 5362 2067 5432 pha-

493 5434 652 5509 lange
672 5454 771 5494 sua
803 5440 857 5497 in
887 5441 1208 5502 Artaxerxis
1238 5446 1570 5521 phalangem
1600 5451 1861 5523 impetum
1913 5452 2067 5521 facit,

494 5534 555 5581 ut
587 5530 839 5606 videlicet
896 5535 1256 5595 Artaxerxem
1321 5541 1501 5612 ipsum
1551 5545 1932 5603 obtruncaret.
1992 5547 2068 5603 Ita

2202 431 2353 485 ἐλιπε
2398 433 2677 505 θυγατέρα
2729 435 2970 505 ἀφήλικα
2993 436 3218 507 ὀνόματι
3247 438 3436 511 Τυρώ.
3466 440 3609 515 Αὕτη
3646 463 3762 517 τρα-

2202 529 2365 593 φεῖσα
2407 527 2511 579 ὑπὸ
2563 529 2656 582 τοῦ
2701 530 2831 583 ἰδίου
2874 530 3019 585 θείου
3066 534 3204 603 πρὸς
3252 536 3467 604 πατρὸς
3511 539 3763 609 Κηφέως.

2200 618 2416 688 ἠράσθη
2441 619 2535 673 τοῦ
2579 622 2847 694 ἐγχωρίου
2895 623 3144 693 ποταμοῦ
3182 626 3467 691 Ἐνιπέως.
3505 630 3682 702 Τούτῳ
3715 635 3763 687 δὲ

2199 711 2274 781 τῷ
2310 711 2540 783 ποταμῴ
2570 714 2855 782 ὁμοιωθεὶς
2880 718 2909 768 6
2941 716 3212 770 Ποσειδὼν
3240 720 3563 785 συνεγένετο
3590 728 3651 795 τῇ
3676 728 3766 778 Τυ-

2204 806 2306 873 ροῖ,
2330 804 2425 858 καὶ
2451 805 2710 858 συνέλαϐε
2737 806 2831 859 τὸν
2857 808 3046 879 Νηλέα
3067 810 3159 862 καὶ
3183 810 3275 864 τὸν
3306 812 3530 868 Πελίαν.
3553 816 3764 883 Ἐγκυος

2197 894 2254 947 δὲ
2285 891 2422 950 οὖσα
2451 896 2706 969 ἐγαμήθη
2736 898 2842 951 ὑπὸ
2874 899 3162 970 Κρηθέως,
3194 904 3289 957 καὶ
3329 904 3559 977 ὕστερον
3596 908 3764 962 ἔτεκεν

2199 988 2231 1057 ἡ
2269 986 2453 1059 Τυρὼ,
2486 990 2564 1059 τῷ
2600 990 2698 1059 μὲν
2737 990 2915 1044 δοκεῖν
2959 994 3023 1045 ὲκ
3048 994 3335 1065 Κρηθέως,
3368 1000 3436 1069 τῇ
3468 997 3523 1052 δὲ
3558 999 3765 1074 ἀληθείᾳ

2198 1082 2262 1134 ὲκ
2309 1081 2677 1146 Ποσειδῶνος
2715 1083 2943 1155 ὕστερον
2975 1086 3155 1141 δὲκαὶ
3202 1088 3262 1154 ἐξ
3307 1091 3477 1145 αὑτοῦ
3520 1094 3763 1164 Κρηθέως

2197 1172 2321 1244 ἔσχε
2350 1175 2516 1229 παῖδα
2543 1178 2576 1246 ἡ
2608 1176 2791 1247 Τυρώ.

2620 1399 2689 1472 η’.
2731 1403 2870 1471 Περὶ
2908 1404 3014 1459 τοῦ
3042 1407 3353 1474 Ζωπύρου.

2266 1537 2513 1607 Δαρεῖος,
2553 1538 2581 1589 6
2624 1538 2851 1609 Περσῶν
2887 1540 3160 1609 βασιλεὺς,
3206 1542 3518 1615 πολιορκῶν
3551 1545 3644 1617 τὴν
3671 1548 3762 1601 Βα-

2196 1624 2411 1680 ϐυλῶνα
2456 1627 2549 1681 ἐπὶ
2592 1629 2783 1699 χρόνον
2814 1631 3003 1696 πολὺν,
3051 1635 3145 1687 καὶ
3186 1635 3568 1708 δυσπορθήτου
3609 1640 3758 1713 ούσης

2193 1718 2383 1785 αὐτῆς,
2422 1719 2516 1772 καὶ
2547 1721 2908 1791 ἁσχάλλοντος
2949 1726 3040 1778 ἐπὶ
3073 1728 3237 1779 πολὺν
3272 1730 3490 1800 καιρὸν,
3521 1731 3758 1804 Ζώπυρος

2193 1829 2276 1875 τις
2310 1812 2557 1883 ἀνδρεῖος
2587 1813 2685 1884 τὴν
2733 1813 2932 1885 ψυχὴν,
2972 1817 3046 1881 ὡς
3078 1818 3242 1882 ἔδειξε
3284 1821 3347 1873 τὸ
3400 1825 3644 1893 πρᾶγμα,
3674 1826 3757 1878 καὶ

2192 1903 2293 1956 οὐκ
2312 1902 2497 1969 ἄδοξος
2518 1905 2669 1974 παρὰ
2701 1906 2779 1977 τῷ
2806 1909 3035 1979 Δαρείῳ,
3072 1913 3387 1981 μηχανᾶταί
3421 1932 3473 1966 τι
3512 1914 3752 1969 τοιοῦτον·

2193 1994 2378 2064 Κὸψας
2418 1995 2615 2049 ἑαυτοῦ
2657 1998 2755 2069 τὴν
2790 2001 2908 2070 ῥῖνα
2950 2002 3044 2055 καὶ
3074 2004 3139 2055 τὰ
3190 1998 3335 2068 ὦτα,
3388 2007 3482 2059 καὶ
3529 2008 3752 2079 μάστιξιν
3824 2066 3827 2069 _

2193 2086 2385 2169 έαυτδν
2422 2088 2752 2154 καταξάνας,
2794 2092 2953 2161 δῆθεν
2993 2096 3287 2165 αὐτομολεῖ
3325 2100 3463 2169 πρὸς
3507 2104 3625 2164 τοὺς
3662 2104 3751 2155 Βα-

2192 2175 2520 2241 ϐυλωνίους,
2560 2179 2635 2242 ὡς
2662 2179 2809 2233 δεινὰ
2860 2184 3143 2249 πεπονθὼς
3184 2189 3340 2259 παρὰ
3382 2188 3477 2243 τοῦ
3526 2192 3746 2263 Δαρείου.

2192 2264 2324 2322 Εἶτα
2357 2270 2643 2335 ἀπελθὼν,
2687 2279 3065 2344 προσποιεῖται
3112 2279 3321 2333 εὐνοεῖν
3362 2286 3478 2345 τοῖς
3525 2282 3751 2335 Βαϐυλω-

2190 2358 2345 2422 νίοις,
2373 2360 2468 2413 καὶ
2495 2361 2809 2416 ὑποτίθεται
2836 2366 3020 2429 αὐτοῖς
3066 2384 3186 2422 τινα
3218 2372 3364 2425 κατὰ
3389 2373 3483 2426 τοῦ
3510 2374 3715 2445 Δαρείου
3732 2391 3744 2403 ⁸

2191 2452 2285 2503 καὶ
2321 2450 2509 2516 ἅπλῶς
2548 2454 2731 2508 πίστιν
2761 2458 2991 2528 ὲγγεννᾷ
3014 2464 3127 2523 τοῖς
3171 2462 3561 2530 Βαϐυλωνίοις,
3606 2483 3747 2536 στρα-

2189 2542 2438 2611 τηγήσας
2469 2542 2608 2613 ὑπὲρ
2640 2543 3017 2612 Βαϐυλωνίων,
3064 2549 3158 2603 καὶ
3187 2552 3400 2607 ἀνελὼν
3427 2556 3643 2620 πολλοὺς
3665 2554 3745 2609 τοῦ

2189 2634 2441 2703 Δαρείου.
2476 2634 2700 2699 Συνθεὶς
2730 2636 2787 2690 δὲ
2820 2638 3071 2711 σύνθημα
3112 2645 3250 2713 μετὰ
3283 2648 3516 2718 Δαρείου
3559 2649 3745 2719 ἡμέραν

2188 2722 2523 2794 ὡρισμένην,
2547 2726 2606 2778 ὲν
2690 2725 2771 2779 δεῖ
2797 2728 2961 2782 αὑτὸν
2989 2732 3355 2801 προσϐάλλειν
3374 2740 3439 2809 τῇ
3472 2738 3741 2803 Βαϐυλῶνι,

2188 2816 2246 2868 ἐν
2274 2816 2449 2889 ταύτῃ
2476 2816 2653 2871 πείθει
2686 2821 2816 2883 τοὺς
2858 2823 3234 2892 Βαϐυλωνίους
3262 2829 3453 2885 λαϐεῖν
3487 2833 3582 2896 τὰς
3618 2832 3743 2895 κλεῖς

2187 2905 2297 2959 τῶν
2324 2908 2528 2964 πυλῶν.
2559 2906 2692 2965 Εἶτα
2720 2912 2923 2978 λαϐὼν,
2965 2918 3164 2987 ἤνοιξε,
3214 2924 3313 2976 καὶ
3343 2925 3598 2993 εἰσήγαγε
3636 2925 3742 2985 τοὺς

2189 2998 2442 3070 Πέρσαςο
2500 3003 2594 3056 καὶ
2637 3004 2813 3070 οὕτως
2859 3009 3129 3083 ἐχειρώθη
3171 3016 3203 3083 ἡ
3258 3015 3540 3072 Βαϐυλών.
3582 3016 3741 3070 Ταῦτα

2110 3072 2150 3129 (ἶ
2199 3089 2481 3161 Ἡρόδοτός
2513 3110 2678 3165 φησιν
2708 3098 2767 3150 ὲν
2796 3099 2859 3168 τῇ
2887 3072 3046 3173 τρίτῃ
3077 3072 3534 3176 τίύίἹστοριῶν.

2365 3226 2431 3282 θ’.
2472 3230 2613 3298 Περὶ
2644 3231 2752 3285 τοῦ
2788 3234 2982 3325 ξύρου
3015 3238 3123 3293 τοῦ
3157 3243 3586 3310 Παρυσάτιδος.

2255 3340 2479 3412 Δαρεῖος
2509 3343 2537 3394 6
2568 3344 2785 3415 μικρὸς,
2828 3349 2856 3400 6
2886 3348 2999 3412 υίὸς
3052 3350 3278 3422 Ξέρξου,
3344 3356 3505 3426 γεννᾷ
3548 3357 3607 3408 ἐκ
3655 3352 3738 3423 τῆς

2187 3434 2561 3505 Παρυσάτιδος
2615 3436 2710 3491 δύο
2764 3440 2931 3504 υἱοὺς,
2982 3441 3166 3513 Κῦρον
3220 3448 3317 3499 καὶ
3380 3445 3734 3519 Ἀρταξέρξην.

2198 3523 2591 3592 Ἀποθανόντος
2637 3529 2692 3582 δὲ
2726 3529 2819 3583 τοῦ
2858 3533 3117 3604 Δαρείου,
3166 3537 3543 3608 ἡμφισϐήτουν
3577 3537 3621 3588 οί
3660 3534 3736 3586 δύο

2185 3619 2313 3690 περὶ
2360 3620 2462 3689 τῆς
2503 3621 2799 3691 βασιλείας.
2834 3624 2943 3677 Καὶ
2989 3626 3079 3680 τὸν
3113 3628 3209 3697 μὲν
3257 3628 3631 3701 Ἀρταξέρξην.
3672 3628 3735 3689 ὡς

2184 3710 2575 3783 πρεσϐύτερον,
2609 3708 2744 3784 ἦγεν
2777 3717 2804 3768 6
2844 3717 3032 3788 χρόνος
3062 3720 3154 3772 ἐπὶ
3196 3721 3256 3773 τὸ
3292 3721 3631 3791 βασιλεῦσαι·
3657 3717 3733 3771 τὸν

2182 3802 2239 3855 δὲ
2288 3803 2495 3874 Κῦρον,
2546 3804 2617 3869 ὡς
2647 3806 2913 3880 νεώτερον
2970 3812 3061 3864 καὶ
3105 3813 3461 3885 φιλούμενον.
3510 3813 3732 3885 ήμήτηρ

2184 3896 2562 3967 προεϐάλλετο.
2607 3899 2923 3971 Ἐπικρατεῖ
2960 3904 3015 3956 δὲ
3049 3907 3076 3958 6
3136 3906 3501 3981 Ἀρταξέρξης
3531 3906 3613 3960 διὰ
3652 3904 3732 3956 τὸν

2181 3993 2410 4066 χρόνον,
2472 3996 2566 4047 καὶ
2610 3994 2905 4064 βασιλεύει.
2967 3997 3026 4052 Ὀ
3085 3996 3177 4053 οὖν
3227 4002 3411 4075 Κῦρος
3466 4002 3536 4073 μὴ
3583 3998 3731 4051 θέλων

2181 4083 2429 4136 ὑπείκειν
2476 4083 2553 4154 τῷ
2606 4085 2969 4159 Ἀρταξέρξῃ,
3024 4091 3166 4143 αἰτεῖ
3211 4092 3304 4145 τὸν
3351 4093 3475 4145 ίδιον
3527 4086 3728 4155 ἀδελφὸν

2179 4172 2361 4226 δοῦναι
2393 4174 2543 4245 αύτῷ
2572 4175 2672 4247 τὴν
2698 4177 2798 4248 τῆς
2838 4178 3021 4243 Ἀσίας
3050 4183 3406 4253 σατραπείαν,
3448 4177 3551 4235 οἷον
3580 4181 3729 4246 ἐπαρ-

2179 4267 2402 4337 χότητα,
2430 4270 2524 4322 καὶ
2547 4268 2728 4324 λαϐὼν
2754 4272 3024 4344 κατῆλθεν
3044 4277 3135 4329 ἐπὶ
3158 4277 3256 4347 τὴν
3280 4278 3503 4333 Ἰωνίαν⁸
3527 4276 3728 4329 κάκεῖσε

2178 4359 2561 4431 καθεζόμενος,
2593 4365 2674 4427 είς
2704 4363 2911 4418 ἔννοιαν
2940 4366 3110 4421 ἐλθὼν
3141 4370 3302 4423 πάλιν
3325 4371 3422 4441 τῆς
3454 4363 3721 4440 βασιλείας,

2179 4453 2273 4505 καὶ
2306 4454 2498 4518 πείσας
2527 4457 2974 4529 Λακεδαιμονίων
3007 4460 3206 4531 ἄνδρας
3236 4463 3407 4525 τινὰς,
3437 4460 3527 4514 καὶ
3554 4455 3724 4513 ἄλλους

2177 4543 2471 4616 Ἕλληνας.
2502 4547 2578 4611 ὡς
2610 4550 2860 4621 μυρίους,
2898 4552 3309 4609 συνακολουθεῖν
3334 4552 3498 4623 αὐτῷ.
3528 4546 3722 4600 Τούτων

2174 4629 2267 4687 οὖν
2317 4638 2859 4697 συνακολουθούντων
2911 4642 3140 4715 ἀνῆλθεν
3171 4646 3275 4708 ἕως
3328 4642 3598 4717 Περσίδος·
3640 4632 3722 4687 καὶ

2178 4728 2456 4799 συμϐολῆς
2501 4733 2797 4803 γενομένης
2853 4736 3058 4806 μεταξὺ
3106 4737 3214 4791 τῶν
3250 4732 3591 4809 Ἀρταξέρξου
3638 4724 3720 4781 καὶ

2176 4821 2283 4873 τῶν
2311 4821 2517 4892 Κύρου,
2554 4825 2780 4880 νικῶσιν
2820 4830 2872 4881 oi
2896 4830 2989 4882 τοῦ
3021 4830 3225 4902 Κύρου,
3264 4832 3358 4885 καὶ
3397 4827 3555 4883 ταῦτα
3586 4822 3720 4879 ὄντες

2177 4912 2311 4966 πολὺ
2343 4913 2615 4985 ἐλάχιστοι
2647 4918 2779 4989 πρὸς
2813 4919 2912 4991 τὴν
2956 4921 3312 4995 Ἀρταξέρξου
3342 4917 3636 4996 στρατείαν’
3674 4908 3717 4996 οί

2175 5002 2283 5073 γὰρ
2321 5003 2585 5075 Ἕλληνες
2639 5007 2857 5078 ᾔδεισαν
2905 5010 3086 5073 καλῶς
3140 4993 3596 5084 παρατάττεσθαιο
3638 4993 3719 5049 καὶ

2173 5095 2347 5164 ὀλίγοι
2390 5097 2545 5159 ὄντες
2599 5100 2764 5173 τέχνῃ
2807 5101 3003 5155 ὲνίκων
3052 5104 3179 5168 τοὺς
3230 5102 3469 5165 πολλούς.
3508 5098 3560 5150 Ὁ
3604 5088 3716 5159 γοῦν

2174 5189 2359 5262 Κῦρος
2400 5191 2662 5263 ἐπαρθεὶς
2717 5197 2784 5266 τῇ
2833 5196 2990 5269 νίκῃ,
3032 5198 3251 5269 ἐφορμᾷ
3288 5199 3393 5251 ἀπὸ
3442 5193 3534 5261 τῆς
3573 5178 3715 5241 αὑτοῦ

2179 5279 2459 5349 φάλαγγος
2499 5282 2592 5334 ἐπὶ
2619 5283 2718 5354 τὴν
2772 5284 3031 5355 φάλαγγα
3086 5286 3181 5341 τοῦ
3241 5281 3607 5359 Ἀρταξέρξου.
3648 5270 3713 5326 ὡς

2177 5368 2338 5438 δῆθεν
2372 5371 2532 5427 αὑτὸν
2566 5374 2660 5427 τὸν
2710 5375 3072 5448 Ἀρταξέρξην
3106 5380 3476 5449 κατασφάξων,
3502 5368 3585 5426 καὶ
3613 5362 3708 5449 δίῳ

2179 5459 2460 5534 φθείρεται
2490 5464 2650 5535 μόνος
2687 5465 2762 5520 ὧν
2784 5485 2796 5497 ο
2833 5447 3108 5523 καὶοῦτω
3132 5447 3355 5543 τελευτᾷ
3389 5470 3457 5541 μὴ
3492 5447 3704 5534 βασιλεύ·

2180 5568 2298 5617 σας.
2336 5554 2521 5610 Ταῦτα
2544 5557 2696 5626 λέγει
2717 5560 2746 5612 ὁ
2775 5556 3029 5631 Ξενοφῶν
3061 5564 3119 5616 ὲν
3146 5566 3258 5627 τοῖς
3282 5548 3641 5627 Ἑλληνικοῖςο

493 5619 646 5723 solus
694 5637 723 5675 a
770 5625 957 5683 multis
1023 5629 1333 5687 trucidatus
1383 5640 1490 5701 est,
1539 5635 1808 5707 regnique
1854 5653 1954 5709 spe
2000 5638 2300 5699 frustratus
2360 5647 2547 5716 periit.
2591 5619 2717 5706 llaec
2762 5619 3064 5723 Xenophon
3113 5656 3167 5709 in
3209 5619 3386 5713 rerum
3429 5619 3700 5705 tinctam”

492 5715 767 5774 Historiis.
