4018 6296
305 274 434 335 1011

742 400 794 446 ι’.
837 395 973 464 Περὶ
1006 397 1111 451 τοῦ
1144 396 1440 451 Ἰστιαίου.

377 521 632 586 Ἱστιαῖος
665 524 869 595 Σάμιος
906 526 1004 595 μὲν
1030 522 1099 598 ἦν
1129 526 1196 580 τδ
1219 528 1409 596 γένος·
1448 525 1601 596 φίλος
1641 526 1698 580 δὲ
1726 526 1881 596 γενό-

299 633 461 680 μενος
504 618 732 687 Δαρείου
784 618 877 671 τοῦ
929 618 1154 689 Περσῶν
1191 619 1484 688 βασιλέως,
1525 618 1735 690 ἐλήφθη
1784 618 1876 673 ὑπ’

299 708 462 761 αὑτοῦ
497 710 556 760 ὲν
610 710 854 780 Περσίδι.
902 712 1048 763 Ἐκεῖ
1091 711 1147 763 δὲ
1180 711 1567 782 διαιτώμενος,
1610 711 1878 782 ἐπεθύμει

299 801 429 852 ἰδεῖν
465 800 562 871 τὴν
591 802 798 855 οἰκείαν
831 803 1064 875 πατρίδα
1084 820 1098 835 ·
1138 803 1213 875 μὴ
1247 803 1611 874 ἀπολυόμενος
1634 802 1712 866 δὲ,
1744 802 1879 873 γρά-

298 909 387 961 φει
416 892 495 963 τῷ
524 892 638 964 ίδίῳ
668 893 872 964 ἀνεψιῷ
906 894 983 965 τῷ
1016 896 1380 967 Ἀρισταγόρᾳ
1411 895 1705 966 μελετῆσαι
1737 896 1877 949 ἀπο-

296 986 527 1039 στασίαν
548 1003 560 1016 ’
608 987 701 1039 καὶ
749 986 924 1040 πείθει
955 988 1011 1040 δὲ
1046 988 1139 1040 καί
1167 1004 1322 1052 τινας
1354 988 1461 1041 τῶν
1513 986 1704 1041 Ἰώνων
1750 1003 1877 1041 συν-

295 1078 621 1148 ἀποστῆναι.
648 1078 853 1149 Γράφει
885 1078 963 1142 δὲ,
988 1078 1063 1142 ὼς
1093 1079 1167 1150 μὴ
1190 1080 1530 1159 φωραθῆναι,
1561 1078 1652 1132 τὸν
1677 1079 1878 1150 τρόπον

292 1170 516 1224 τοῦτον·
555 1168 751 1223 Λαϐὼν
784 1172 977 1224 πιστὸν
1006 1172 1255 1244 οίκέτην,
1297 1172 1392 1227 καὶ
1427 1173 1617 1226 τούτου
1651 1173 1751 1238 τὴν
1786 1189 1878 1226 κε-

290 1263 471 1333 φαλὴν
527 1262 786 1334 ξυρήσας,
838 1265 1165 1334 ὲγχαράττει
1207 1268 1273 1337 τῇ
1308 1266 1518 1338 κεφαλῇ
1553 1265 1582 1320 ὃ
1623 1265 1876 1320 ἐϐούλετο

290 1351 560 1422 δηλῶσαι·
594 1348 720 1405 εἶτα·
744 1353 933 1423 μέλανι
966 1353 1254 1426 ὲγκαύστῳ
1291 1356 1537 1427 μελαίνει
1572 1356 1671 1428 τὴν
1699 1357 1874 1428 χάρα-

287 1440 397 1506 ξιν,
454 1444 549 1497 καὶ
600 1443 811 1513 ἀφῆκεν
846 1446 1160 1513 ἀνενεγκεῖν
1207 1446 1305 1509 τὰς
1342 1447 1567 1520 τρίχας·
1609 1449 1704 1501 καὶ
1736 1447 1874 1520 μετά

288 1534 349 1586 τὸ
375 1535 616 1606 κομάσαι
644 1536 826 1600 αὑτὸν,
851 1537 1175 1608 ἀποπέμπει
1198 1537 1371 1606 λέγων
1399 1539 1476 1610 τῷ
1501 1540 1688 1613 οἰκέτῃ
1711 1540 1870 1594 πάλιν

287 1628 470 1681 ἐκεῖσε
516 1630 967 1701 ἀποξυρηθῆναι,
1021 1632 1111 1685 ἵνα
1162 1631 1277 1704 γνῷ
1332 1633 1732 1705 Ἀρισταγόρας
1801 1632 1868 1686 τά

1118 280 1206 335 AD
1246 282 1304 337 S.
1342 280 1669 338 GREGORII
1708 274 1921 335 ORAT.
1965 273 2010 333 ll
2047 266 2325 333 CONTRA
2366 275 2732 336 JULIANUM.

3420 285 3554 341 5M!

2338 394 2425 450 10.
2464 393 2540 449 De
2565 392 2871 448 Samiorum
2904 390 3202 461 tyrannide.

2051 529 2308 587 Histiaeus
2346 531 2623 587 Samiusa
2678 528 2841 583 Dario
2901 526 3192 583 Persarum
3250 544 3397 597 rege,
3463 531 3553 601 qui

1978 636 2102 676 eum
2135 637 2320 677 amore
2346 621 2835 692 complectebatur,
2864 621 2918 673 in
2940 617 3163 675 Perside
3184 629 3430 675 retentus
3449 631 3553 689 est,

1978 713 2198 783 illicque
2219 712 2422 784 degens
2439 712 2629 783 patria:
2650 712 2898 766 videndae
2924 710 3227 781 cupiditate
3264 710 3553 782 ﬂagrabat.

1978 803 2227 875 Cumque
2247 812 2610 859 commeatum
2645 819 2675 857 a
2712 818 2837 875 rege
2869 804 3163 872 impetrare
3204 818 3312 856 non
3346 812 3553 873 posset,

1979 914 2105 955 cum
2137 899 2459 971 Aristagora
2492 898 2833 954 consobrino
2865 912 2966 952 suo
3018 912 3117 968 per
3163 897 3375 951 litteras
3417 897 3552 967 egit,

1977 999 2039 1046 ut
2077 992 2439 1047 defectionem
2508 990 2828 1054 moliretur,
2881 998 3046 1065 atque
3135 990 3324 1044 lonum
3385 992 3551 1045 etiam

1977 1084 2242 1154 quosdam
2288 1083 2357 1138 ad
2412 1083 2554 1138 idem
2591 1082 2808 1138 facinus
2844 1082 3188 1139 sollicitaret.
3249 1080 3342 1135 Sic
3388 1097 3550 1152 porro

1978 1173 2484 1246 scripsit:Servum
2509 1174 2803 1244 quemdam
2835 1175 2995 1244 cujus
3032 1174 3189 1230 fidem
3212 1176 3549 1246 exploratam

1976 1268 2233 1332 habebat,
2278 1267 2512 1338 accepit,
2561 1281 2797 1337 rasoque
2851 1267 3028 1337 ipsius
3074 1268 3274 1337 capite.
3307 1283 3369 1323 ea
3431 1284 3577 1339 quan

1975 1359 2307 1430 Aristagorae
2337 1359 2647 1430 signiﬁcare
2682 1360 2926 1424 volebat,
2963 1359 3069 1430 ipsi
3100 1360 3324 1421 inussit,
3387 1369 3549 1430 atque

1975 1451 2050 1507 ita
2093 1466 2216 1506 eum
2261 1452 2532 1520 tantisper
2588 1450 2731 1520 apud
2777 1466 2837 1507 se
2892 1452 3091 1515 tenuit,
3142 1451 3323 1523 quoad
3365 1452 3549 1508 crines

1976 1544 2079 1616 ipsi
2108 1545 2282 1599 renati
2306 1552 2513 1604 essent,
2542 1558 2607 1598 ac
2636 1551 2750 1597 tum
2798 1544 2977 1614 ipsum
3018 1544 3241 1608 emittit,
3287 1544 3549 1614 jubetque

1975 1645 2035 1693 ut
2073 1653 2199 1692 cum
2235 1638 2289 1691 in
2324 1635 2526 1691 Ioniam
2546 1638 2875 1705 pervenerit,
2907 1646 3072 1706 caput
3104 1636 3283 1702 radat,
3326 1646 3383 1691 ut
3426 1635 3548 1691 Ari-

288 1722 612 1792 γράμματα.
654 1722 946 1791 Ἀναγνοὺς
980 1724 1159 1779 τοίνυν
1212 1728 1238 1778 6
1286 1725 1717 1797 Ἀρισταγόρας,
1770 1727 1863 1780 καὶ

1972 1740 2223 1801 stagoras
2255 1731 2464 1785 litteras
2496 1730 2657 1801 legal.
2694 1729 3043 1800 Aristagoras
3079 1731 3259 1801 itaque
3293 1731 3547 1801 perlectis

286 1812 483 1883 μαθὼν
505 1852 521 1876 ,
556 1813 779 1884 ἐποίησε
808 1813 907 1883 τὴν
936 1814 1270 1869 ἀποστασίαν
1298 1816 1479 1886 σχεδὸν
1515 1817 1730 1870 πάντων
1757 1816 1868 1870 τῶν

294 1902 515 1959 Ἰώνων.
552 1901 685 1958 Εἶτα
728 1905 990 1976 μανθάνει
1032 1908 1091 1959 ὲν
1139 1907 1413 1981 Περσίδιό
1450 1908 1733 1977 βασιλεὺς,
1773 1910 1869 1962 καὶ

287 1994 593 2066 σύμϐουλος
626 1998 835 2064 γίνεται
876 1998 952 2070 τῷ
1003 1999 1255 2069 Ἱστιαίῳ,
1296 1999 1372 2063 ὡς
1401 2000 1646 2070 Ἕλληνι,
1697 2000 1749 2053 τί
1788 2001 1871 2055 δεῖ

288 2089 548 2159 ποιῆσαι·
600 2092 695 2144 καὶ
746 2092 1173 2162 συμϐουλεύεται
1236 2094 1387 2164 παρά
1439 2090 1531 2145 τοῦ
1594 2094 1866 2158 Ἰστιαίου,

287 2180 451 2232 αὑτὸν
486 2180 700 2251 πέμψαι
743 2185 821 2245 είς
856 2184 954 2253 τὴν
992 2183 1195 2249 Ἀσίαν,
1217 2183 1292 2246 ὡς
1319 2183 1502 2236 ἱκανὸν
1531 2184 1660 2237 ὄντα
1676 2184 1868 2239 διαλῦ-

287 2289 378 2324 σαι
405 2272 473 2325 τὰ
501 2273 631 2342 περὶ
660 2276 760 2344 τῆς
792 2276 1169 2338 ἀποστάσεως,
1212 2273 1412 2328 Ἐλθὼν
1438 2271 1532 2329 οὖν
1560 2278 1587 2329 6
1622 2277 1869 2341 Ἱστιαῖος

287 2366 341 2416 ὲν
375 2367 443 2436 τῇ
492 2366 676 2437 Ἀσίᾳ,
713 2366 805 2419 καὶ
834 2366 911 2426 ὼς
963 2366 1205 2431 ὕποπτος
1256 2367 1550 2437 γενόμενος
1599 2369 1725 2423 ὅλου
1773 2368 1869 2422 τοῦ

285 2458 647 2528 πράγματος,
696 2458 847 2530 παρά
892 2458 987 2512 τοῦ
1056 2458 1421 2531 Ἀρταφέρνου
1477 2458 1571 2512 τού
1620 2458 1867 2531 ὑπάρχου

286 2549 536 2620 Σάρδεων
577 2551 779 2621 ἢκουσε
810 2551 1016 2605 ταῦτα’
1054 2550 1226 2605 Τοῦτο
1253 2551 1313 2604 τὸ
1368 2552 1624 2623 ὑπόδημα
1661 2551 1867 2625 ἔρῤαψε

284 2638 388 2709 μὲν
427 2640 699 2704 Ἱστιαῖος,
726 2642 1032 2713 ὑπεδήσατο
1062 2642 1119 2695 δὲ
1156 2642 1551 2714 Ἀρισταγόρας
1575 2659 1589 2672 ο
1615 2640 1868 2712 ὑπόδημα

285 2732 358 2798 δὲ,
396 2729 496 2804 τὴν
541 2733 670 2804 ὃλην
701 2734 1048 2806 κατασκευὴν
1088 2734 1265 2802 ἔλεγε.
1304 2734 1488 2789 Ταῦτα
1515 2737 1544 2789 6
1583 2734 1867 2805 Ἡρόδοτος

285 2825 435 2895 λέγει
457 2828 516 2881 ὲν
540 2829 605 2900 τῇ
631 2827 765 2900 ἕκτῃ
790 2828 898 2882 τῶν
946 2827 1261 2897 Ἰστοριῶν.

572 3158 660 3206 ια’.
700 3151 838 3221 Περὶ
881 3152 999 3205 τῶν
1031 3151 1557 3222 ἐκατοιταχείρων.

354 3269 480 3323 ’Ότι
520 3267 777 3338 γεγόνασι
814 3267 908 3320 δύο
938 3266 1081 3329 τινὲς
1099 3307 1112 3327 .
1142 3267 1172 3319 6
1203 3266 1373 3352 Κότυς
1402 3267 1497 3321 καὶ
1528 3267 1557 3320 6
1584 3265 1862 3337 Βριάρεως

281 3361 496 3433 ιχοντες
524 3361 715 3414 ἑκατὸν
741 3362 930 3431 χεῖρας
950 3373 964 3387 ·
991 3359 1084 3411 καὶ
1097 3352 1241 3413 οὗτοι
1273 3358 1410 3429 μετά
1439 3358 1549 3413 τῶν
1571 3358 1709 3413 θεῶν
1731 3360 1863 3413 ἐπο-

283 3454 524 3525 λέμησαν
554 3453 691 3525 πρὸς
724 3452 850 3515 τοὺς
875 3450 1159 3518 Γίγαντας.
1680 3458 1681 3461 “

666 3584 755 3657 ιβ’.
800 3585 938 3655 Περὶ
972 3584 1083 3653 τῆς
1114 3584 1471 3655 ἀμπώτιδος.

352 3699 663 3769 ’Δμπωτις,
697 3698 772 3762 ὡς
816 3698 917 3769 ήδη
952 3699 1082 3768 ἡμῖν
1111 3699 1354 3770 εἴρηται,
1393 3697 1611 3751 ἐναντία
1638 3699 1757 3753 ἐστὶ
1794 3703 1859 3772 τῇ

279 3788 464 3861 ῥαχίᾳ,
499 3787 684 3843 Ταῦτα
727 3788 784 3841 δὲ
816 3788 960 3857 πάθη
1001 3790 1122 3842 ἐστὶ
1166 3789 1441 3859 θαλάσσης
1484 3792 1676 3864 στενῆς
1709 3809 1861 3864 περι-

280 3879 601 3950 κλειομένης
624 3881 658 3950 ἢ
686 3879 791 3933 ὑπὸ
816 3882 1011 3951 νήσων,
1035 3881 1068 3953 ἢ
1100 3882 1204 3935 ὑπὸ
1228 3882 1457 3952 γωνιῶν.
1492 3884 1776 3953 ’Ἀμπωτις
1804 3885 1862 3939 δέ

280 3973 434 4024 ἐστιν
463 3972 625 4024 οἱονε)⁸
650 3971 927 4036 ἀνάπωτις
965 3973 1060 4026 καὶ
1086 3974 1506 4047 ἀναῤῥόφηβις]
1541 3977 1862 4033 ὑποστελλο-

282 4063 447 4135 μένου
477 4063 570 4117 τοὺ
610 4062 800 4127 ὓδατος
837 4066 915 4129 είς
953 4066 1157 4137 μυχούς
1186 4084 1338 4131 τινας
1363 4069 1461 4139 τῆς
1496 4069 1863 4142 ὑποκειμένης

278 4161 406 4231 γῆς,
435 4161 532 4213 καὶ
564 4161 681 4231 μετ’
707 4160 888 4228 ὀλίγον
924 4160 1088 4215 πάλιν
1125 4161 1505 4230 ὲκφοιτῶντος.
1531 4162 1603 4216 T6
1642 4164 1740 4234 μὲν
1767 4160 1861 4220 οὖν

279 4251 648 4323 ὑπωταλῆναι
675 4251 735 4305 τὸ
779 4252 923 4323 ὕδωρ
965 4251 1073 4306 ἐσω
1096 4254 1175 4317 είς
1207 4253 1275 4306 τά
1307 4253 1461 4308 κοῖλα
1496 4254 1593 4325 τῆς
1622 4254 1747 4326 γῆς,
1776 4255 1863 4309 λέ-

277 4359 437 4411 γεται
470 4343 724 4413 ἄμπωτις
747 4361 761 4375 ·
778 4344 841 4398 τὸ
866 4344 921 4398 δὲ
952 4344 1112 4399 πάλιν
1134 4344 1392 4416 ὲκρεῢσαι
1413 4343 1590 4411 τοῦτο,
1619 4346 1860 4403 καλεῖται

279 4435 467 4505 ραχία.
504 4435 718 4489 Γίνεται
746 4434 802 4489 δὲ
843 4435 1001 4489 τοῦτο
1034 4435 1293 4501 πολλάκις
1313 4437 1414 4507 τῆς
1437 4437 1667 4508 ἡμέρας,
1700 4438 1858 4508 μάλι-

1975 1823 2329 1893 cognitisque
2393 1820 2597 1876 Histiaai
2659 1820 2859 1876 litteris
2910 1836 3101 1877 omnes
3156 1821 3547 1892 propemodum

1971 1912 2126 1970 Iones
2150 1914 2218 1969 ad
2248 1913 2609 1969 defectionem
2644 1913 2879 1983 impulit.
2920 1914 3076 1981 Quod
3109 1930 3233 1969 cum
3274 1915 3327 1969 in
3367 1913 3546 1971 Persi-

1971 2006 2093 2063 dem
2128 2007 2197 2061 ad
2260 2022 2441 2077 regem
2491 2006 2715 2061 allatum
2764 2014 2933 2070 esset,
2978 2007 3095 2078 ipse
3151 2006 3435 2062 l-listiaaum
3491 2015 3545 2061 ut

1969 2099 2216 2155 Graecum
2253 2099 2529 2154 hominem
2568 2099 2620 2153 in
2660 2100 2954 2154 consilium
3010 2100 3255 2166 adhibet,
3299 2115 3543 2171 percun-

1970 2200 2260 2262 ctaturque
2287 2190 2415 2261 quid
2442 2190 2586 2246 facto
2608 2207 2745 2260 opus
2767 2192 2859 2256 sit,
2889 2192 3084 2247 suadet
3113 2193 3205 2246 ille
3231 2193 3368 2263 regi,
3401 2202 3461 2247 ut
3489 2204 3544 2249 se

1968 2286 2024 2340 in
2054 2287 2237 2340 Asiam
2282 2285 2484 2339 mittat.
2527 2284 2762 2339 Tantum
2791 2285 2935 2340 enim
2968 2301 3028 2341 se
3052 2286 3163 2340 illic
3211 2286 3543 2340 auctoritate

1969 2393 2034 2433 ac
2066 2378 2309 2447 potentia
2345 2377 2558 2443 ﬂorere,
2593 2386 2654 2431 ut
2685 2382 2859 2431 totum
2901 2376 3037 2431 illud
3066 2376 3393 2432 defectionis
3421 2391 3541 2431 con-

1970 2470 2154 2525 silium
2181 2470 2340 2524 facile
2372 2468 2670 2540 infringere
2694 2476 2880 2539 queat.
2923 2469 3215 2527 ProfeCtus
3267 2470 3435 2540 igitur
3488 2471 3544 2523 in

1967 2565 2179 2627 Asiam,
2214 2563 2358 2635 apud
2394 2563 2793 2633 Artaphernem
2818 2563 2911 2633 qui
2946 2563 3148 2618 Sardes
3171 2578 3295 2617 cum
3317 2563 3544 2634 imperio

1968 2657 2191 2714 tenebat
2219 2656 2272 2711 in
2302 2656 2679 2726 suspicionem
2700 2655 2869 2718 venit,
2896 2656 3057 2726 quasi
3092 2655 3258 2709 totius
3288 2654 3543 2725 conjura-

1966 2749 2135 2804 tionis
2163 2748 2493 2804 architectus
2527 2753 2693 2801 esset.
2725 2747 2800 2800 Ac
2828 2746 3059 2816 proinde
3088 2745 3202 2800 haec
3230 2746 3298 2799 ab
3327 2761 3392 2800 eo
3443 2761 3543 2799 au-

1966 2840 2102 2896 divit
2138 2860 2150 2895 :
2187 2838 2339 2894 Hanc
2370 2844 2575 2893 vestem
2614 2837 2833 2891 consuit
2865 2836 3085 2906 quidem
3140 2834 3417 2899 Histiazus,
3470 2835 3541 2889 in-

1964 2935 2085 2991 duit
2114 2940 2295 2989 autem
2318 2931 2699 3000 Arislagoras;
2733 2945 2829 3001 per
2849 2938 3055 2986 vestem
3088 2927 3343 2985 videlicet
3374 2937 3542 2984 totam

1967 3030 2113 3085 illam
2137 3025 2383 3082 fraudem
2420 3022 2853 3097 proditionisque
2887 3023 3176 3078 consilium
3210 3023 3540 3095 intelligens.

2468 3156 2554 3210 Η.
2600 3154 2679 3210 De
2715 3154 3046 3210 centimania.

2031 3273 2281 3329 Diximus
2327 3270 2383 3325 in
2415 3268 2715 3339 superioris
2761 3268 3031 3323 orationis
3085 3266 3338 3322 historiis
3402 3268 3541 3325 duo:

1963 3366 2230 3439 quosdam
2249 3363 2591 3418 centimanos
2606 3359 2911 3424 exstitisse,
2929 3359 3149 3414 Cottum
3165 3366 3219 3415 et
3233 3358 3539 3424 Briareum,

1965 3460 2056 3532 qui
2107 3472 2233 3513 cum
2263 3454 2372 3511 diis
2401 3453 2669 3509 adversus
2694 3452 2944 3524 gigantes
2978 3452 3180 3507 bellum
3223 3459 3539 3523 gesserunt.

2310 3591 2397 3646 12.
2429 3590 2507 3646 De
2535 3589 2949 3659 reciprocatione
2983 3587 3193 3659 Euripi.

2038 3709 2348 3779 Ἀμπωτις,
2374 3717 2435 3760 ut
2455 3706 2568 3774 jam
2603 3719 2633 3759 a
2674 3704 2835 3759 nobis
2873 3703 3079 3756 dictum
3112 3710 3219 3768 est,
3256 3700 3422 3774 ῥαχίᾳ
3453 3700 3539 3755 ad-

1964 3808 2215 3857 versatur
2244 3819 2257 3854 :
2282 3806 2413 3856 sunt
2433 3806 2614 3853 autem
2635 3797 2718 3851 hae
2739 3795 2907 3851 maris
2935 3794 3250 3849 aﬂ‘ectiones
3275 3793 3539 3847 coarctati

1963 3909 2030 3949 ac
2058 3892 2413 3949 circumclusi
2447 3893 2531 3947 vel
2565 3891 2633 3945 ab
2666 3889 2860 3945 insulis
2889 3889 2972 3944 vel
3006 3904 3034 3941 a
3066 3889 3262 3955 terris;
3288 3888 3539 3958 ἄμπωτις

1962 3992 2142 4041 autem
2170 3992 2254 4040 est
2280 3984 2428 4040 velut
2450 3982 2680 4038 ebibitio
2706 3989 2868 4052 atque
2896 3981 3217 4040 exsorhitio.
3250 3980 3540 4050 colligente

1961 4073 2215 4128 videlicet
2252 4089 2375 4129 sese
2413 4086 2554 4142 aqua
2604 4071 2659 4125 iu
2691 4070 2959 4141 quosdam
2996 4078 3155 4125 terras
3196 4068 3539 4138 subjaccntis

1961 4180 2235 4229 recessus,
2270 4179 2335 4220 ac
2366 4164 2629 4234 paulatim
2665 4178 2861 4217 rursus
2890 4161 3203 4232 eﬂugiente.
3242 4160 3376 4214 Cum
3408 4175 3538 4230 ergo

1962 4257 2018 4311 in
2043 4266 2202 4313 terrai
2227 4257 2490 4313 cavitates
2511 4269 2651 4325 aqua
2682 4270 2802 4310 sese
2835 4254 3072 4324 colligit,
3125 4252 3376 4323 ἄμπωτις
3402 4253 3538 4306 dici-

1961 4355 2054 4402 tur
2100 4365 2112 4402 :
2152 4362 2279 4402 cum
2318 4356 2502 4404 autem
2546 4361 2741 4402 rursus
2776 4344 2971 4411 efﬂuit,
3006 4344 3310 4416 appellatur
3349 4344 3534 4414 ραχία.

1962 4437 2119 4506 Quod
2147 4440 2370 4511 quidem
2428 4439 2535 4495 diei
2575 4439 2744 4495 unius
2783 4438 2961 4508 spatio
2994 4436 3287 4491 identidem
3320 4435 3538 4490 contin-

278 4503 385 4573 στα
422 4521 517 4575 ὲάν
550 4524 654 4593 πνῇ
711 4523 929 4593 ἄνεμος.
975 4524 1181 4595 Πάσχει
1222 4524 1279 4578 δὲ
1323 4503 1384 4579 τδ
1421 4503 1593 4589 πάθος
1639 4503 1796 4581 τούτο
1830 4505 1890 4583 6‘1

1970 4503 2059 4602 git,
2100 4503 2502 4602 adprasertim
2540 4530 2705 4588 ﬂante
2750 4503 2933 4587 vento.
2972 4529 3151 4599 Atque
3186 4529 3260 4582 ita
3301 4528 3537 4582 aﬂicitur

276 4612 519 4684 Εὔριπος
551 4615 680 4685 περὶ
713 4614 812 4686 τὴν
854 4615 1080 4670 Ἐλλάδα
1100 4629 1113 4643 ⁸
1135 4616 1217 4670 διὸ
1259 4619 1353 4671 καὶ
1379 4617 1619 4690 Εὔριπος
1646 4619 1861 4691 ὠνόμα-

277 4722 401 4757 σται
451 4705 614 4758 οίονεὶ
651 4707 680 4758 6
714 4706 1010 4778 εὑτρεπτος
1052 4708 1148 4760 καὶ
1195 4708 1435 4780 εὐχερῶς
1488 4710 1856 4780 περιπίπτων.

276 4796 370 4859 Εἰς
398 4796 586 4850 τοῦτον
617 4797 833 4866 λέγεται
878 4799 1255 4871 Ἀριστοτέλης
1278 4801 1469 4855 ἑαυτὸν
1504 4801 1860 4875 ῥίψαι.Εῐρη-

274 4902 363 4938 ται
387 4886 444 4940 δὲ
471 4888 603 4958 ἡμῖν
629 4889 785 4943 τοῦτο
815 4891 906 4943 καὶ
936 4892 993 4944 ἐν
1021 4890 1102 4961 τῷ
1131 4897 1178 4945 α’
1201 4890 1364 4963 λόγῳ.

548 5029 634 5092 ιγ’.
666 5025 807 5092 Περὶ
842 5024 963 5079 τῶν
1022 5024 1319 5081 Ἠλυσίων
1346 5026 1583 5081 πεδίων.

350 5138 563 5207 ’Ὠσπερ
585 5139 615 5191 6
634 5139 1015 5208 Χριστιανικὸς
1039 5139 1198 5208 λόγος
1229 5141 1536 5212 ὑπογράφει
1570 5142 1691 5199 τινά
1717 5142 1856 5198 εἶναι

1958 4622 2219 4693 Euripus,
2249 4622 2343 4692 qui
2369 4622 2516 4678 circa
2543 4622 2808 4678 Graeciam
2844 4628 2946 4678 est.
2991 4619 3146 4675 Unde
3181 4620 3346 4674 etiam
3376 4616 3538 4673 Euri-

1958 4728 2061 4783 pus
2096 4721 2346 4775 vocatur,
2390 4713 2549 4785 quasi
2593 4712 2907 4786 εὔτρεπτος,
2945 4714 3214 4785 facileque
3252 4713 3307 4766 in
3346 4711 3533 4766 orbem

1957 4804 2238 4862 volubilis.
2257 4806 2314 4860 In
2338 4822 2502 4877 quem
2521 4806 2845 4863 Aristoteles
2861 4822 2981 4863 sese
2999 4806 3333 4877 praecipitem
3357 4803 3536 4875 egisse

1956 4896 2151 4964 fertur,
2184 4908 2245 4953 ut
2272 4899 2611 4971 praecedente
2639 4899 2887 4955 oratione
2913 4900 3174 4955 diximus.

2403 5034 2487 5089 i5.
2527 5033 2600 5088 De
2627 5032 2824 5104 Elysiis
2860 5034 3080 5103 campis.

2027 5146 2500 5214 Quemadmodum
2544 5145 2859 5203 Christiana
2895 5145 3028 5203 fides
3074 5156 3239 5217 atque
3279 5142 3531 5203 doctrina

277 5227 626 5299 παράδεισον,
646 5226 799 5324 ρῦτω
830 5229 925 5281 καὶ
955 5230 1005 5281 οἱ
1036 5230 1299 5301 ’Έλληνες
1327 5232 1704 5301 ὑπογράφουσί
1735 5252 1856 5288 τινα

1970 5239 2270 5308 paradisum
2311 5239 2599 5308 quemdam
2631 5237 2921 5305 describit,
2957 5239 3030 5293 ita
3059 5239 3289 5309 gentiles
3315 5254 3532 5308 quoque

277 5317 477 5389 χῶρον,
507 5318 566 5371 ὃν
602 5317 825 5375 κᾶλοῦσι
854 5321 1134 5395 Μακάρων
1161 5323 1375 5394 νήσους.
1408 5324 1649 5378 Καλοῦσι
1678 5325 1733 5379 δὲ
1759 5327 1855 5380 αύ-

1970 5328 2205 5395 Eictitium
2235 5329 2524 5400 quemdam
2559 5331 2738 5384 locum
2769 5329 3111 5397 describunt,
3155 5344 3316 5400 quem
3336 5328 3531 5384 Fortu-

275 5411 370 5465 τὸν
397 5411 491 5465 καὶ
536 5411 784 5467 Ἠλύσιον
811 5413 1015 5482 πεδίον,
1048 5414 1198 5483 παρά
1237 5414 1299 5467 τὸ
1325 5415 1643 5471 ἐλεύσεσθαι
1673 5420 1852 5473 ἐκεῖσε

1970 5426 2208 5474 satorum
2245 5419 2453 5475 insulas
2486 5426 2682 5475 vocant
2698 5418 3353 5490 siveElysiumcampum,
3385 5419 3528 5488 quod

274 5503 402 5565 τοὺς
430 5501 610 5566 καλῶς
632 5502 982 5572 βεϐιωκότας.
1009 5506 1068 5558 ’0
1084 5505 1140 5559 δὲ
1177 5506 1551 5578 Ῥαδάμανθυς
1571 5508 1682 5572 υίὸς
1706 5508 1856 5578 λέγε-

1970 5509 2205 5567 videlicet
2230 5527 2296 5566 eo
2316 5513 2560 5581 veniant,
2590 5512 2683 5583 qui
2718 5512 2840 5567 vitae
2868 5510 3201 5566 curriculum
3224 5510 3455 5568 honeste
3476 5521 3529 5564 et

273 5612 364 5647 ται
388 5589 528 5647 εἶναι
550 5595 646 5649 τοῦ
666 5596 806 5661 Διὸς,
835 5596 980 5668 ἔχειν
1003 5598 1061 5651 δὲ
1091 5598 1189 5670 τὴν
1209 5599 1529 5673 δικαστικὴν
1559 5601 1738 5667 ἀξίαν,
1759 5604 1853 5658 καὶ

1970 5618 2079 5657 :um
2106 5604 2304 5660 virtute
2330 5603 2706 5661 confecerunt.
2727 5607 2796 5659 At
2816 5620 2945 5661 vero
2957 5601 3407 5660 Rhadamanthus
3437 5603 3529 5660 Jo-

273 5684 515 5751 δικάζειν
550 5687 678 5750 τοὺς
721 5687 779 5742 ὲν
810 5688 971 5759 ’ᾼδου
992 5705 1005 5719 ·
1046 5690 1142 5742 καὶ
1177 5690 1304 5754 τοὺς
1346 5690 1445 5761 μὲν
1474 5689 1659 5755 ἀξίους
1688 5691 1849 5745 κολά-

1970 5693 2034 5748 ris
2068 5693 2209 5751 ﬁlius
2241 5710 2381 5762 esse,
2410 5697 2720 5768 judicisque
2737 5712 2961 5757 munere
2976 5697 3119 5767 apud
3146 5694 3350 5753 inferos
3376 5697 3526 5769 fungi

277 5790 438 5841 σεως,
469 5775 711 5847 πέμπειν
746 5778 896 5848 παρά
931 5778 1022 5832 τὸν
1047 5780 1307 5835 Κωκυτόν
1336 5782 1429 5836 καὶ
1457 5781 1548 5837 τὸν
1578 5783 1849 5857 Πυριφλε-

1970 5785 2151 5843 licitur
2189 5807 2200 5842 :
2228 5795 2388 5862 atque
2408 5806 2502 5847 eos
2531 5790 2751 5862 quidem
2797 5789 2889 5861 qui
2915 5787 3185 5860 supplicio
3206 5787 3353 5861 digni
3377 5796 3525 5851 sunt.
