  <div class='ocr_page' id='page_1' title='image "/cluster/home/n/w/nwhite01/storage/ocr_20150623/36/hvd.32044024464877/557.png"; bbox 0 0 4018 6296; ppageno 0'>
   <div class='ocr_carea' id='block_1_1' title="bbox 504 232 2091 301">
    <p class='ocr_par' dir='ltr' id='par_1_1' title="bbox 504 232 2091 296">
     <span class='ocr_line' id='line_1_1' title="bbox 504 232 2091 296; baseline -0.001 -5"><span class='ocrx_word' id='word_1_1' title='bbox 504 238 642 296; x_wconf 58' lang='grc'><strong>8045</strong></span> <span class='ocrx_word' id='word_1_2' title='bbox 1897 232 2091 290; x_wconf 79' lang='grc' dir='ltr'><strong>ΝΟΝΝ</strong></span> 
     </span>
    </p>
   </div>
   <div class='ocr_carea' id='block_1_2' title="bbox 2154 232 3741 301">
    <p class='ocr_par' dir='ltr' id='par_1_2' title="bbox 2154 236 3741 301">
     <span class='ocr_line' id='line_1_2' title="bbox 2154 236 3741 301; baseline 0.004 -9"><span class='ocrx_word' id='word_1_3' title='bbox 2154 237 2175 292; x_wconf 80' lang='lat'><strong>5</strong></span> <span class='ocrx_word' id='word_1_4' title='bbox 2213 236 2431 292; x_wconf 80' lang='lat' dir='ltr'><strong>ABBAS</strong></span> <span class='ocrx_word' id='word_1_5' title='bbox 3626 242 3741 301; x_wconf 68' lang='lat' dir='ltr'><strong>l0“</strong></span> 
     </span>
    </p>
   </div>
   <div class='ocr_carea' id='block_1_3' title="bbox 504 346 2091 429">
    <p class='ocr_par' dir='ltr' id='par_1_3' title="bbox 504 346 2091 423">
     <span class='ocr_line' id='line_1_3' title="bbox 504 346 2091 423; baseline -0.001 -16"><span class='ocrx_word' id='word_1_6' title='bbox 504 352 570 407; x_wconf 84' lang='lat' dir='ltr'><strong>ad</strong></span> <span class='ocrx_word' id='word_1_7' title='bbox 590 352 857 423; x_wconf 76' lang='lat' dir='ltr'><strong>Cocytum</strong></span> <span class='ocrx_word' id='word_1_8' title='bbox 884 356 937 405; x_wconf 92' lang='lat' dir='ltr'><strong>et</strong></span> <span class='ocrx_word' id='word_1_9' title='bbox 956 346 1522 421; x_wconf 75' lang='lat' dir='ltr'><strong>Pyriphlegethontem</strong></span> <span class='ocrx_word' id='word_1_10' title='bbox 1548 350 1793 417; x_wconf 88' lang='lat' dir='ltr'><strong>mittere;</strong></span> <span class='ocrx_word' id='word_1_11' title='bbox 1811 366 1905 406; x_wconf 88' lang='lat' dir='ltr'><strong>eos</strong></span> <span class='ocrx_word' id='word_1_12' title='bbox 1920 358 2091 405; x_wconf 88' lang='lat' dir='ltr'><strong>autem</strong></span> 
     </span>
    </p>
   </div>
   <div class='ocr_carea' id='block_1_4' title="bbox 2157 346 3744 429">
    <p class='ocr_par' dir='ltr' id='par_1_4' title="bbox 2157 353 3744 429">
     <span class='ocr_line' id='line_1_4' title="bbox 2157 353 3744 429; baseline 0.004 -24"><span class='ocrx_word' id='word_1_13' title='bbox 2157 372 2171 415; x_wconf 62' lang='grc' dir='ltr'>ι</span> <span class='ocrx_word' id='word_1_14' title='bbox 2203 353 2429 421; x_wconf 82' lang='grc' dir='ltr'>γέθοντα</span> <span class='ocrx_word' id='word_1_15' title='bbox 2453 372 2465 383; x_wconf 72' lang='grc' dir='ltr'><strong>ο</strong></span> <span class='ocrx_word' id='word_1_16' title='bbox 2504 355 2629 418; x_wconf 77' lang='grc' dir='ltr'>τοὺς</span> <span class='ocrx_word' id='word_1_17' title='bbox 2666 355 2723 409; x_wconf 77' lang='grc' dir='ltr'><strong>δὲ</strong></span> <span class='ocrx_word' id='word_1_18' title='bbox 2771 356 2951 425; x_wconf 81' lang='grc' dir='ltr'>ἀγαθά</span> <span class='ocrx_word' id='word_1_19' title='bbox 3002 355 3435 426; x_wconf 78' lang='grc' dir='ltr'>ἐργασαμένους,</span> <span class='ocrx_word' id='word_1_20' title='bbox 3476 359 3615 429; x_wconf 67' lang='grc' dir='ltr'>παρὰ</span> <span class='ocrx_word' id='word_1_21' title='bbox 3663 377 3744 426; x_wconf 68' lang='grc' dir='ltr'><strong>τας</strong></span> 
     </span>
    </p>
   </div>
   <div class='ocr_carea' id='block_1_5' title="bbox 505 438 2092 518">
    <p class='ocr_par' dir='ltr' id='par_1_5' title="bbox 505 438 2085 512">
     <span class='ocr_line' id='line_1_5' title="bbox 505 438 2085 512; baseline 0.002 -17"><span class='ocrx_word' id='word_1_22' title='bbox 505 443 596 512; x_wconf 97' lang='lat' dir='ltr'><strong>qui</strong></span> <span class='ocrx_word' id='word_1_23' title='bbox 621 449 771 496; x_wconf 82' lang='lat' dir='ltr'><strong>recte</strong></span> <span class='ocrx_word' id='word_1_24' title='bbox 804 447 858 496; x_wconf 91' lang='lat' dir='ltr'><strong>et</strong></span> <span class='ocrx_word' id='word_1_25' title='bbox 874 454 999 494; x_wconf 92' lang='lat' dir='ltr'><strong>cum</strong></span> <span class='ocrx_word' id='word_1_26' title='bbox 1015 438 1173 494; x_wconf 92' lang='lat' dir='ltr'><strong>laude</strong></span> <span class='ocrx_word' id='word_1_27' title='bbox 1184 439 1456 504; x_wconf 83' lang='lat' dir='ltr'><strong>vixerunt,</strong></span> <span class='ocrx_word' id='word_1_28' title='bbox 1475 439 1540 493; x_wconf 89' lang='lat' dir='ltr'><strong>ad</strong></span> <span class='ocrx_word' id='word_1_29' title='bbox 1559 440 1841 496; x_wconf 83' lang='lat' dir='ltr'><strong>beatorum</strong></span> <span class='ocrx_word' id='word_1_30' title='bbox 1857 441 2085 498; x_wconf 86' lang='lat' dir='ltr'><strong>insulas.</strong></span> 
     </span>
    </p>
   </div>
   <div class='ocr_carea' id='block_1_6' title="bbox 1129 438 2716 518">
    <p class='ocr_par' dir='ltr' id='par_1_6' title="bbox 1129 439 2716 518">
     <span class='ocr_line' id='line_1_6' title="bbox 1129 439 2716 518; baseline 0.005 -26"><span class='ocrx_word' id='word_1_31' title='bbox 1129 439 1540 504; x_wconf 82' lang='lat' dir='ltr'><strong>|evixerunt,ad</strong></span> <span class='ocrx_word' id='word_1_32' title='bbox 1559 440 2085 498; x_wconf 85' lang='lat' dir='ltr'><strong>bcatoruminsulas.</strong></span> <span class='ocrx_word' id='word_1_33' title='bbox 2190 446 2469 518; x_wconf 85' lang='grc' dir='ltr'><strong>Μακάρων</strong></span> <span class='ocrx_word' id='word_1_34' title='bbox 2500 448 2716 517; x_wconf 75' lang='grc' dir='ltr'>νήσους.</span> 
     </span>
    </p>
   </div>
   <div class='ocr_carea' id='block_1_7' title="bbox 684 549 1916 622">
    <p class='ocr_par' dir='ltr' id='par_1_7' title="bbox 684 549 1916 622">
     <span class='ocr_line' id='line_1_7' title="bbox 684 549 1916 622; baseline -0.002 -15"><span class='ocrx_word' id='word_1_35' title='bbox 684 553 772 607; x_wconf 75' lang='grc'><strong>14.</strong></span> <span class='ocrx_word' id='word_1_36' title='bbox 822 550 895 606; x_wconf 88' lang='lat' dir='ltr'><strong>De</strong></span> <span class='ocrx_word' id='word_1_37' title='bbox 935 549 1143 622; x_wconf 70' lang='lat' dir='ltr'><strong>vocibus</strong></span> <span class='ocrx_word' id='word_1_38' title='bbox 1181 549 1395 622; x_wconf 78' lang='grc' dir='ltr'>ἑταίρου</span> <span class='ocrx_word' id='word_1_39' title='bbox 1441 559 1494 604; x_wconf 89' lang='lat' dir='ltr'><strong>et</strong></span> <span class='ocrx_word' id='word_1_40' title='bbox 1535 550 1822 622; x_wconf 83' lang='grc' dir='ltr'>προπίνειν</span> <span class='ocrx_word' id='word_1_41' title='bbox 1860 560 1916 605; x_wconf 85' lang='lat' dir='ltr'><strong>et</strong></span> 
     </span>
    </p>
   </div>
   <div class='ocr_carea' id='block_1_8' title="bbox 1104 620 1478 691">
    <p class='ocr_par' dir='ltr' id='par_1_8' title="bbox 1104 620 1478 691">
     <span class='ocr_line' id='line_1_8' title="bbox 1104 620 1478 691; baseline 0.003 -20"><span class='ocrx_word' id='word_1_42' title='bbox 1104 620 1478 691; x_wconf 78' lang='grc' dir='ltr'>λαρυγγίζειν.</span> 
     </span>
    </p>
   </div>
   <div class='ocr_carea' id='block_1_9' title="bbox 580 712 2167 790">
    <p class='ocr_par' dir='ltr' id='par_1_9' title="bbox 580 712 2089 784">
     <span class='ocr_line' id='line_1_9' title="bbox 580 712 2089 784; baseline -0.001 -16"><span class='ocrx_word' id='word_1_43' title='bbox 580 715 736 769; x_wconf 82' lang='lat' dir='ltr'><strong>Plato</strong></span> <span class='ocrx_word' id='word_1_44' title='bbox 763 713 966 783; x_wconf 83' lang='lat' dir='ltr'><strong>aliique</strong></span> <span class='ocrx_word' id='word_1_45' title='bbox 1014 728 1206 767; x_wconf 90' lang='lat' dir='ltr'><strong>omnes</strong></span> <span class='ocrx_word' id='word_1_46' title='bbox 1239 712 1554 783; x_wconf 86' lang='lat' dir='ltr'><strong>philosophi</strong></span> <span class='ocrx_word' id='word_1_47' title='bbox 1603 729 1719 778; x_wconf 88' lang='lat' dir='ltr'><strong>eos,</strong></span> <span class='ocrx_word' id='word_1_48' title='bbox 1750 715 1843 784; x_wconf 89' lang='lat' dir='ltr'><strong>qui</strong></span> <span class='ocrx_word' id='word_1_49' title='bbox 1878 715 2089 769; x_wconf 88' lang='lat' dir='ltr'><strong>littera-</strong></span> 
     </span>
    </p>
   </div>
   <div class='ocr_carea' id='block_1_10' title="bbox 2167 712 3754 790">
    <p class='ocr_par' dir='ltr' id='par_1_10' title="bbox 2278 713 3754 790">
     <span class='ocr_line' id='line_1_10' title="bbox 2278 713 3754 790; baseline 0.004 -24"><span class='ocrx_word' id='word_1_50' title='bbox 2278 713 2337 767; x_wconf 85' lang='grc' dir='ltr'>Ὀ</span> <span class='ocrx_word' id='word_1_51' title='bbox 2370 713 2595 768; x_wconf 82' lang='grc' dir='ltr'><strong>Πλάτων</strong></span> <span class='ocrx_word' id='word_1_52' title='bbox 2629 716 2721 769; x_wconf 75' lang='grc' dir='ltr'><strong>καὶ</strong></span> <span class='ocrx_word' id='word_1_53' title='bbox 2757 716 2956 781; x_wconf 83' lang='grc' dir='ltr'>πάντες</span> <span class='ocrx_word' id='word_1_54' title='bbox 2984 720 3031 770; x_wconf 87' lang='grc' dir='ltr'>οἱ</span> <span class='ocrx_word' id='word_1_55' title='bbox 3072 716 3349 787; x_wconf 83' lang='grc' dir='ltr'>φιλόσοφοι</span> <span class='ocrx_word' id='word_1_56' title='bbox 3380 718 3506 781; x_wconf 82' lang='grc' dir='ltr'>τοὺς</span> <span class='ocrx_word' id='word_1_57' title='bbox 3528 721 3754 790; x_wconf 82' lang='grc' dir='ltr'>γνησίους</span> 
     </span>
    </p>
   </div>
   <div class='ocr_carea' id='block_1_11' title="bbox 510 802 2097 881">
    <p class='ocr_par' dir='ltr' id='par_1_11' title="bbox 510 802 2090 875">
     <span class='ocr_line' id='line_1_11' title="bbox 510 802 2090 875; baseline 0 -16"><span class='ocrx_word' id='word_1_58' title='bbox 510 823 633 861; x_wconf 88' lang='lat' dir='ltr'><strong>rum</strong></span> <span class='ocrx_word' id='word_1_59' title='bbox 695 804 1069 874; x_wconf 75' lang='lat' dir='ltr'><strong>doctrinzeque</strong></span> <span class='ocrx_word' id='word_1_60' title='bbox 1137 802 1383 859; x_wconf 89' lang='lat' dir='ltr'><strong>studium</strong></span> <span class='ocrx_word' id='word_1_61' title='bbox 1437 806 1580 859; x_wconf 88' lang='lat' dir='ltr'><strong>serio</strong></span> <span class='ocrx_word' id='word_1_62' title='bbox 1647 805 2090 875; x_wconf 71' lang='lat' dir='ltr'><strong>profitebantur,</strong></span> 
     </span>
    </p>
   </div>
   <div class='ocr_carea' id='block_1_12' title="bbox 2166 802 3753 881">
    <p class='ocr_par' dir='ltr' id='par_1_12' title="bbox 2195 807 3753 881">
     <span class='ocr_line' id='line_1_12' title="bbox 2195 807 3753 881; baseline 0.003 -20"><span class='ocrx_word' id='word_1_63' title='bbox 2195 807 2429 879; x_wconf 79' lang='grc' dir='ltr'>ἐραστὰς</span> <span class='ocrx_word' id='word_1_64' title='bbox 2448 808 2557 861; x_wconf 82' lang='grc' dir='ltr'><strong>τῶν</strong></span> <span class='ocrx_word' id='word_1_65' title='bbox 2576 808 2771 876; x_wconf 87' lang='grc' dir='ltr'>λόγων,</span> <span class='ocrx_word' id='word_1_66' title='bbox 2797 809 3045 881; x_wconf 78' lang='grc' dir='ltr'>ἑταίρους</span> <span class='ocrx_word' id='word_1_67' title='bbox 3073 809 3353 871; x_wconf 84' lang='grc' dir='ltr'>καλοῦσιν,</span> <span class='ocrx_word' id='word_1_68' title='bbox 3383 808 3547 862; x_wconf 74' lang='grc' dir='ltr'>οἱονεὶ</span> <span class='ocrx_word' id='word_1_69' title='bbox 3573 810 3753 878; x_wconf 78' lang='grc' dir='ltr'>φίλους.</span> 
     </span>
    </p>
   </div>
   <div class='ocr_carea' id='block_1_13' title="bbox 513 895 2100 973">
    <p class='ocr_par' dir='ltr' id='par_1_13' title="bbox 513 895 2093 969">
     <span class='ocr_line' id='line_1_13' title="bbox 513 895 2093 969; baseline 0.001 -19"><span class='ocrx_word' id='word_1_70' title='bbox 513 897 787 969; x_wconf 81' lang='grc' dir='ltr'>ἑταίρους,</span> <span class='ocrx_word' id='word_1_71' title='bbox 816 896 921 951; x_wconf 88' lang='lat' dir='ltr'><strong>hoc</strong></span> <span class='ocrx_word' id='word_1_72' title='bbox 941 904 1025 952; x_wconf 90' lang='lat' dir='ltr'><strong>est</strong></span> <span class='ocrx_word' id='word_1_73' title='bbox 1044 896 1251 951; x_wconf 90' lang='lat' dir='ltr'><strong>amicos</strong></span> <span class='ocrx_word' id='word_1_74' title='bbox 1288 904 1343 950; x_wconf 90' lang='lat' dir='ltr'><strong>et</strong></span> <span class='ocrx_word' id='word_1_75' title='bbox 1369 895 1589 951; x_wconf 89' lang='lat' dir='ltr'><strong>sodales</strong></span> <span class='ocrx_word' id='word_1_76' title='bbox 1613 897 1900 953; x_wconf 83' lang='lat' dir='ltr'><strong>vocabant.</strong></span> <span class='ocrx_word' id='word_1_77' title='bbox 1924 896 2093 951; x_wconf 84' lang='lat' dir='ltr'><strong>Julia-</strong></span> 
     </span>
    </p>
   </div>
   <div class='ocr_carea' id='block_1_14' title="bbox 2169 895 3756 973">
    <p class='ocr_par' dir='ltr' id='par_1_14' title="bbox 2206 896 3756 973">
     <span class='ocr_line' id='line_1_14' title="bbox 2206 896 3756 973; baseline -0.001 -19"><span class='ocrx_word' id='word_1_78' title='bbox 2206 898 2267 954; x_wconf 81' lang='grc' dir='ltr'><strong>Ὀ</strong></span> <span class='ocrx_word' id='word_1_79' title='bbox 2295 896 2387 954; x_wconf 78' lang='grc' dir='ltr'><strong>οὖν</strong></span> <span class='ocrx_word' id='word_1_80' title='bbox 2433 901 2713 963; x_wconf 86' lang='grc' dir='ltr'>Ἰουλιανὸς</span> <span class='ocrx_word' id='word_1_81' title='bbox 2738 900 2813 964; x_wconf 81' lang='grc' dir='ltr'>ὡς</span> <span class='ocrx_word' id='word_1_82' title='bbox 2859 900 3224 973; x_wconf 68' lang='grc' dir='ltr'><strong>φιλοσοφήσας</strong></span> <span class='ocrx_word' id='word_1_83' title='bbox 3254 944 3268 966; x_wconf 95' lang='grc'><strong>,</strong></span> <span class='ocrx_word' id='word_1_84' title='bbox 3304 902 3408 954; x_wconf 80' lang='grc' dir='ltr'><strong>οὐκ</strong></span> <span class='ocrx_word' id='word_1_85' title='bbox 3442 902 3756 971; x_wconf 74' lang='grc' dir='ltr'>ἀπηυθαδιάο</span> 
     </span>
    </p>
   </div>
   <div class='ocr_carea' id='block_1_15' title="bbox 514 988 2101 1064">
    <p class='ocr_par' dir='ltr' id='par_1_15' title="bbox 514 988 2092 1062">
     <span class='ocr_line' id='line_1_15' title="bbox 514 988 2092 1062; baseline -0.003 -15"><span class='ocrx_word' id='word_1_86' title='bbox 514 1008 619 1047; x_wconf 89' lang='lat' dir='ltr'><strong>nus</strong></span> <span class='ocrx_word' id='word_1_87' title='bbox 671 993 878 1062; x_wconf 85' lang='lat' dir='ltr'><strong>itaque,</strong></span> <span class='ocrx_word' id='word_1_88' title='bbox 926 997 986 1043; x_wconf 90' lang='lat' dir='ltr'><strong>ut</strong></span> <span class='ocrx_word' id='word_1_89' title='bbox 1018 991 1112 1060; x_wconf 88' lang='lat' dir='ltr'><strong>qui</strong></span> <span class='ocrx_word' id='word_1_90' title='bbox 1152 988 1517 1059; x_wconf 68' lang='lat' dir='ltr'><strong>philos0phiae</strong></span> <span class='ocrx_word' id='word_1_91' title='bbox 1558 1004 1779 1059; x_wconf 89' lang='lat' dir='ltr'><strong>operam</strong></span> <span class='ocrx_word' id='word_1_92' title='bbox 1828 989 2092 1054; x_wconf 85' lang='lat' dir='ltr'><strong>dedisset,</strong></span> 
     </span>
    </p>
   </div>
   <div class='ocr_carea' id='block_1_16' title="bbox 2171 988 3758 1064">
    <p class='ocr_par' dir='ltr' id='par_1_16' title="bbox 2197 991 3758 1064">
     <span class='ocr_line' id='line_1_16' title="bbox 2197 991 3758 1064; baseline 0.004 -21"><span class='ocrx_word' id='word_1_93' title='bbox 2197 992 2318 1055; x_wconf 81' lang='grc' dir='ltr'>ζετο</span> <span class='ocrx_word' id='word_1_94' title='bbox 2344 994 2410 1061; x_wconf 84' lang='grc' dir='ltr'>τῇ</span> <span class='ocrx_word' id='word_1_95' title='bbox 2439 991 2681 1064; x_wconf 78' lang='grc' dir='ltr'><strong>βασιλείᾳ</strong></span> <span class='ocrx_word' id='word_1_96' title='bbox 2700 1034 2713 1057; x_wconf 86' lang='grc'><strong>,</strong></span> <span class='ocrx_word' id='word_1_97' title='bbox 2747 992 2860 1045; x_wconf 84' lang='grc' dir='ltr'>ἀλλ’</span> <span class='ocrx_word' id='word_1_98' title='bbox 2908 994 3158 1064; x_wconf 78' lang='grc' dir='ltr'>ἐμιμεῖτο</span> <span class='ocrx_word' id='word_1_99' title='bbox 3188 993 3351 1063; x_wconf 77' lang='grc' dir='ltr'>δῆθεν</span> <span class='ocrx_word' id='word_1_100' title='bbox 3388 994 3643 1049; x_wconf 79' lang='grc' dir='ltr'>Πλάτωνα</span> <span class='ocrx_word' id='word_1_101' title='bbox 3682 998 3758 1049; x_wconf 75' lang='grc' dir='ltr'>καὶ</span> 
     </span>
    </p>
   </div>
   <div class='ocr_carea' id='block_1_17' title="bbox 514 1080 2101 1157">
    <p class='ocr_par' dir='ltr' id='par_1_17' title="bbox 514 1080 2094 1151">
     <span class='ocr_line' id='line_1_17' title="bbox 514 1080 2094 1151; baseline -0.003 -13"><span class='ocrx_word' id='word_1_102' title='bbox 514 1084 688 1138; x_wconf 85' lang='lat' dir='ltr'><strong>nihilo</strong></span> <span class='ocrx_word' id='word_1_103' title='bbox 717 1097 777 1138; x_wconf 87' lang='lat' dir='ltr'><strong>se</strong></span> <span class='ocrx_word' id='word_1_104' title='bbox 805 1080 1218 1136; x_wconf 90' lang='lat' dir='ltr'><strong>insolentiorem</strong></span> <span class='ocrx_word' id='word_1_105' title='bbox 1254 1080 1327 1133; x_wconf 92' lang='lat' dir='ltr'><strong>ob</strong></span> <span class='ocrx_word' id='word_1_106' title='bbox 1359 1080 1650 1149; x_wconf 85' lang='lat' dir='ltr'><strong>imperium</strong></span> <span class='ocrx_word' id='word_1_107' title='bbox 1684 1081 1973 1151; x_wconf 82' lang='lat' dir='ltr'><strong>magisque</strong></span> <span class='ocrx_word' id='word_1_108' title='bbox 2001 1096 2094 1134; x_wconf 87' lang='lat' dir='ltr'><strong>ar-</strong></span> 
     </span>
    </p>
   </div>
   <div class='ocr_carea' id='block_1_18' title="bbox 2173 1080 3760 1157">
    <p class='ocr_par' dir='ltr' id='par_1_18' title="bbox 2195 1083 3760 1157">
     <span class='ocr_line' id='line_1_18' title="bbox 2195 1083 3760 1157; baseline 0.003 -22"><span class='ocrx_word' id='word_1_109' title='bbox 2195 1084 2321 1145; x_wconf 80' lang='grc' dir='ltr'>τοὺς</span> <span class='ocrx_word' id='word_1_110' title='bbox 2341 1083 2533 1147; x_wconf 86' lang='grc' dir='ltr'>ἀλλους</span> <span class='ocrx_word' id='word_1_111' title='bbox 2559 1083 2789 1147; x_wconf 83' lang='grc' dir='ltr'><strong>πάντας,</strong></span> <span class='ocrx_word' id='word_1_112' title='bbox 2816 1084 2996 1138; x_wconf 82' lang='grc' dir='ltr'>καλῶν</span> <span class='ocrx_word' id='word_1_113' title='bbox 3034 1084 3284 1157; x_wconf 76' lang='grc' dir='ltr'>ἑταίρους</span> <span class='ocrx_word' id='word_1_114' title='bbox 3301 1126 3316 1149; x_wconf 90' lang='grc'><strong>,</strong></span> <span class='ocrx_word' id='word_1_115' title='bbox 3340 1085 3438 1139; x_wconf 72' lang='grc' dir='ltr'><strong>καὶ</strong></span> <span class='ocrx_word' id='word_1_116' title='bbox 3470 1086 3598 1139; x_wconf 75' lang='grc' dir='ltr'>πολὺ</span> <span class='ocrx_word' id='word_1_117' title='bbox 3624 1086 3760 1141; x_wconf 80' lang='grc' dir='ltr'>τοῦτο</span> 
     </span>
    </p>
   </div>
   <div class='ocr_carea' id='block_1_19' title="bbox 514 1170 2101 1245">
    <p class='ocr_par' dir='ltr' id='par_1_19' title="bbox 514 1171 2096 1245">
     <span class='ocr_line' id='line_1_19' title="bbox 514 1171 2096 1245; baseline -0.003 -15"><span class='ocrx_word' id='word_1_118' title='bbox 514 1182 797 1245; x_wconf 78' lang='lat' dir='ltr'><strong>rogantem</strong></span> <span class='ocrx_word' id='word_1_119' title='bbox 825 1181 879 1229; x_wconf 89' lang='lat' dir='ltr'><strong>et</strong></span> <span class='ocrx_word' id='word_1_120' title='bbox 905 1179 1283 1229; x_wconf 85' lang='lat' dir='ltr'><strong>contumacem</strong></span> <span class='ocrx_word' id='word_1_121' title='bbox 1308 1172 1584 1241; x_wconf 68' lang='lat' dir='ltr'><strong>praebebat</strong></span> <span class='ocrx_word' id='word_1_122' title='bbox 1617 1190 1629 1225; x_wconf 90' lang='lat'><strong>:</strong></span> <span class='ocrx_word' id='word_1_123' title='bbox 1669 1188 1859 1226; x_wconf 82' lang='lat' dir='ltr'><strong>verum</strong></span> <span class='ocrx_word' id='word_1_124' title='bbox 1886 1179 1947 1226; x_wconf 91' lang='lat' dir='ltr'><strong>ut</strong></span> <span class='ocrx_word' id='word_1_125' title='bbox 1971 1171 2096 1226; x_wconf 87' lang='lat' dir='ltr'><strong>Pla-</strong></span> 
     </span>
    </p>
   </div>
   <div class='ocr_carea' id='block_1_20' title="bbox 2170 1170 3757 1245">
    <p class='ocr_par' dir='ltr' id='par_1_20' title="bbox 2196 1170 3757 1245">
     <span class='ocr_line' id='line_1_20' title="bbox 2196 1170 3757 1245; baseline 0.001 -19"><span class='ocrx_word' id='word_1_126' title='bbox 2196 1173 2258 1226; x_wconf 81' lang='grc' dir='ltr'><strong>τὸ</strong></span> <span class='ocrx_word' id='word_1_127' title='bbox 2295 1173 2463 1244; x_wconf 71' lang='grc' dir='ltr'>ὄνομα</span> <span class='ocrx_word' id='word_1_128' title='bbox 2501 1176 2558 1227; x_wconf 78' lang='grc' dir='ltr'><strong>ἐν</strong></span> <span class='ocrx_word' id='word_1_129' title='bbox 2581 1176 2699 1237; x_wconf 90' lang='grc' dir='ltr'>ταῖς</span> <span class='ocrx_word' id='word_1_130' title='bbox 2727 1175 3032 1239; x_wconf 81' lang='grc' dir='ltr'>συνουσίαις</span> <span class='ocrx_word' id='word_1_131' title='bbox 3057 1175 3220 1228; x_wconf 84' lang='grc' dir='ltr'>αὑτοῦ</span> <span class='ocrx_word' id='word_1_132' title='bbox 3252 1170 3342 1245; x_wconf 78' lang='grc' dir='ltr'><strong>ἦν.</strong></span> <span class='ocrx_word' id='word_1_133' title='bbox 3374 1175 3449 1227; x_wconf 81' lang='grc' dir='ltr'>Τὸ</span> <span class='ocrx_word' id='word_1_134' title='bbox 3477 1175 3534 1228; x_wconf 83' lang='grc' dir='ltr'><strong>δὲ</strong></span> <span class='ocrx_word' id='word_1_135' title='bbox 3570 1175 3757 1243; x_wconf 69' lang='grc' dir='ltr'>προπίε-</span> 
     </span>
    </p>
   </div>
   <div class='ocr_carea' id='block_1_21' title="bbox 497 1263 2084 1339">
    <p class='ocr_par' dir='ltr' id='par_1_21' title="bbox 497 1263 2084 1335">
     <span class='ocr_line' id='line_1_21' title="bbox 497 1263 2084 1335; baseline -0.004 -12"><span class='ocrx_word' id='word_1_136' title='bbox 497 1264 700 1324; x_wconf 80' lang='lat' dir='ltr'><strong>&#39;tonem</strong></span> <span class='ocrx_word' id='word_1_137' title='bbox 730 1268 1008 1332; x_wconf 84' lang='lat' dir='ltr'><strong>videlicet,</strong></span> <span class='ocrx_word' id='word_1_138' title='bbox 1034 1274 1372 1335; x_wconf 69' lang='lat' dir='ltr'><strong>caaterosque</strong></span> <span class='ocrx_word' id='word_1_139' title='bbox 1404 1263 1762 1335; x_wconf 87' lang='lat' dir='ltr'><strong>philosophos</strong></span> <span class='ocrx_word' id='word_1_140' title='bbox 1788 1265 2084 1319; x_wconf 73' lang='lat' dir='ltr'><strong>imitaretur</strong></span> 
     </span>
    </p>
   </div>
   <div class='ocr_carea' id='block_1_22' title="bbox 2170 1263 3757 1339">
    <p class='ocr_par' dir='ltr' id='par_1_22' title="bbox 2198 1265 3757 1339">
     <span class='ocr_line' id='line_1_22' title="bbox 2198 1265 3757 1339; baseline -0.001 -21"><span class='ocrx_word' id='word_1_141' title='bbox 2198 1283 2339 1330; x_wconf 72' lang='grc' dir='ltr'>νων,</span> <span class='ocrx_word' id='word_1_142' title='bbox 2371 1265 2529 1319; x_wconf 88' lang='grc' dir='ltr'>τοῦτό</span> <span class='ocrx_word' id='word_1_143' title='bbox 2562 1267 2678 1320; x_wconf 76' lang='grc' dir='ltr'>ἐστι</span> <span class='ocrx_word' id='word_1_144' title='bbox 2711 1284 2725 1298; x_wconf 80' lang='grc' dir='ltr'><strong>ο</strong></span> <span class='ocrx_word' id='word_1_145' title='bbox 2758 1267 2968 1331; x_wconf 85' lang='grc' dir='ltr'>Πάντες</span> <span class='ocrx_word' id='word_1_146' title='bbox 3014 1270 3063 1320; x_wconf 86' lang='grc' dir='ltr'>οἱ</span> <span class='ocrx_word' id='word_1_147' title='bbox 3098 1268 3320 1339; x_wconf 83' lang='grc' dir='ltr'>ἀρχαῖοι</span> <span class='ocrx_word' id='word_1_148' title='bbox 3372 1266 3609 1337; x_wconf 83' lang='grc' dir='ltr'>βασιλεῖς</span> <span class='ocrx_word' id='word_1_149' title='bbox 3652 1268 3757 1318; x_wconf 79' lang='grc' dir='ltr'>ἐπι-</span> 
     </span>
    </p>
   </div>
   <div class='ocr_carea' id='block_1_23' title="bbox 516 1355 2103 1430">
    <p class='ocr_par' dir='ltr' id='par_1_23' title="bbox 516 1355 2099 1425">
     <span class='ocr_line' id='line_1_23' title="bbox 516 1355 2099 1425; baseline -0.003 -10"><span class='ocrx_word' id='word_1_150' title='bbox 516 1359 735 1415; x_wconf 83' lang='lat' dir='ltr'><strong>sodales</strong></span> <span class='ocrx_word' id='word_1_151' title='bbox 774 1373 965 1413; x_wconf 90' lang='lat' dir='ltr'><strong>omnes</strong></span> <span class='ocrx_word' id='word_1_152' title='bbox 1010 1356 1245 1411; x_wconf 88' lang='lat' dir='ltr'><strong>vocabat</strong></span> <span class='ocrx_word' id='word_1_153' title='bbox 1288 1373 1301 1409; x_wconf 92' lang='lat'><strong>:</strong></span> <span class='ocrx_word' id='word_1_154' title='bbox 1346 1355 1510 1425; x_wconf 90' lang='lat' dir='ltr'><strong>idque</strong></span> <span class='ocrx_word' id='word_1_155' title='bbox 1553 1357 1791 1410; x_wconf 88' lang='lat' dir='ltr'><strong>nominis</strong></span> <span class='ocrx_word' id='word_1_156' title='bbox 1836 1355 2099 1425; x_wconf 83' lang='lat' dir='ltr'><strong>frequens</strong></span> 
     </span>
    </p>
   </div>
   <div class='ocr_carea' id='block_1_24' title="bbox 2170 1355 3757 1430">
    <p class='ocr_par' dir='ltr' id='par_1_24' title="bbox 2200 1356 3757 1430">
     <span class='ocr_line' id='line_1_24' title="bbox 2200 1356 3757 1430; baseline 0.001 -22"><span class='ocrx_word' id='word_1_157' title='bbox 2200 1356 2481 1419; x_wconf 75' lang='grc' dir='ltr'>τελοῦντες</span> <span class='ocrx_word' id='word_1_158' title='bbox 2519 1358 2712 1428; x_wconf 76' lang='grc' dir='ltr'>ἑορτὴν</span> <span class='ocrx_word' id='word_1_159' title='bbox 2745 1359 3046 1430; x_wconf 85' lang='grc' dir='ltr'>πάνδημον,</span> <span class='ocrx_word' id='word_1_160' title='bbox 3078 1360 3135 1410; x_wconf 88' lang='grc' dir='ltr'>ὲν</span> <span class='ocrx_word' id='word_1_161' title='bbox 3166 1359 3389 1428; x_wconf 79' lang='grc' dir='ltr'>φιάλαις</span> <span class='ocrx_word' id='word_1_162' title='bbox 3420 1357 3453 1429; x_wconf 79' lang='grc' dir='ltr'>ἢ</span> <span class='ocrx_word' id='word_1_163' title='bbox 3488 1359 3701 1428; x_wconf 83' lang='grc' dir='ltr'>χρυσαῖς</span> <span class='ocrx_word' id='word_1_164' title='bbox 3730 1356 3757 1428; x_wconf 81' lang='grc' dir='ltr'>ἢ</span> 
     </span>
    </p>
   </div>
   <div class='ocr_carea' id='block_1_25' title="bbox 519 1445 2106 1519">
    <p class='ocr_par' dir='ltr' id='par_1_25' title="bbox 519 1447 2099 1518">
     <span class='ocr_line' id='line_1_25' title="bbox 519 1447 2099 1518; baseline -0.004 -10"><span class='ocrx_word' id='word_1_165' title='bbox 519 1452 630 1508; x_wconf 86' lang='lat' dir='ltr'><strong>illis</strong></span> <span class='ocrx_word' id='word_1_166' title='bbox 666 1451 719 1505; x_wconf 93' lang='lat' dir='ltr'><strong>in</strong></span> <span class='ocrx_word' id='word_1_167' title='bbox 748 1448 1043 1518; x_wconf 86' lang='lat' dir='ltr'><strong>colloquiis</strong></span> <span class='ocrx_word' id='word_1_168' title='bbox 1070 1454 1206 1503; x_wconf 84' lang='lat' dir='ltr'><strong>erat.</strong></span> <span class='ocrx_word' id='word_1_169' title='bbox 1239 1447 1395 1512; x_wconf 84' lang='lat' dir='ltr'><strong>Quod</strong></span> <span class='ocrx_word' id='word_1_170' title='bbox 1443 1456 1623 1502; x_wconf 90' lang='lat' dir='ltr'><strong>autem</strong></span> <span class='ocrx_word' id='word_1_171' title='bbox 1665 1447 1731 1501; x_wconf 88' lang='lat' dir='ltr'><strong>ad</strong></span> <span class='ocrx_word' id='word_1_172' title='bbox 1770 1448 2099 1518; x_wconf 89' lang='lat' dir='ltr'><strong>propinandi</strong></span> 
     </span>
    </p>
   </div>
   <div class='ocr_carea' id='block_1_26' title="bbox 2176 1445 3763 1519">
    <p class='ocr_par' dir='ltr' id='par_1_26' title="bbox 2201 1445 3763 1519">
     <span class='ocr_line' id='line_1_26' title="bbox 2201 1445 3763 1519; baseline 0 -21"><span class='ocrx_word' id='word_1_173' title='bbox 2201 1445 2471 1516; x_wconf 83' lang='grc' dir='ltr'>ἀργυραῖς</span> <span class='ocrx_word' id='word_1_174' title='bbox 2521 1447 2844 1517; x_wconf 83' lang='grc' dir='ltr'>κιρνῶντες,</span> <span class='ocrx_word' id='word_1_175' title='bbox 2876 1447 3119 1517; x_wconf 81' lang='grc' dir='ltr'>ἐδέχοντο</span> <span class='ocrx_word' id='word_1_176' title='bbox 3162 1449 3260 1519; x_wconf 78' lang='grc' dir='ltr'>μὲν</span> <span class='ocrx_word' id='word_1_177' title='bbox 3316 1447 3467 1518; x_wconf 83' lang='grc' dir='ltr'><strong>παρά</strong></span> <span class='ocrx_word' id='word_1_178' title='bbox 3509 1447 3599 1499; x_wconf 80' lang='grc' dir='ltr'><strong>τοῦ</strong></span> <span class='ocrx_word' id='word_1_179' title='bbox 3643 1448 3763 1499; x_wconf 76' lang='grc' dir='ltr'>οἰνο-</span> 
     </span>
    </p>
   </div>
   <div class='ocr_carea' id='block_1_27' title="bbox 519 1535 2106 1611">
    <p class='ocr_par' dir='ltr' id='par_1_27' title="bbox 519 1541 2100 1610">
     <span class='ocr_line' id='line_1_27' title="bbox 519 1541 2100 1610; baseline -0.001 -13"><span class='ocrx_word' id='word_1_180' title='bbox 519 1559 712 1600; x_wconf 86' lang='lat' dir='ltr'><strong>vocem</strong></span> <span class='ocrx_word' id='word_1_181' title='bbox 746 1543 966 1607; x_wconf 83' lang='lat' dir='ltr'><strong>attinet,</strong></span> <span class='ocrx_word' id='word_1_182' title='bbox 998 1541 1283 1595; x_wconf 88' lang='lat' dir='ltr'><strong>sciendum</strong></span> <span class='ocrx_word' id='word_1_183' title='bbox 1318 1548 1404 1595; x_wconf 89' lang='lat' dir='ltr'><strong>est</strong></span> <span class='ocrx_word' id='word_1_184' title='bbox 1434 1541 1635 1610; x_wconf 90' lang='lat' dir='ltr'><strong>priscis</strong></span> <span class='ocrx_word' id='word_1_185' title='bbox 1670 1541 1928 1595; x_wconf 90' lang='lat' dir='ltr'><strong>omnibus</strong></span> <span class='ocrx_word' id='word_1_186' title='bbox 1960 1542 2100 1610; x_wconf 83' lang='lat' dir='ltr'><strong>regi-</strong></span> 
     </span>
    </p>
   </div>
   <div class='ocr_carea' id='block_1_28' title="bbox 2177 1535 3764 1611">
    <p class='ocr_par' dir='ltr' id='par_1_28' title="bbox 2203 1535 3764 1611">
     <span class='ocr_line' id='line_1_28' title="bbox 2203 1535 3764 1611; baseline 0.003 -25"><span class='ocrx_word' id='word_1_187' title='bbox 2203 1535 2327 1605; x_wconf 85' lang='grc' dir='ltr'>χόου</span> <span class='ocrx_word' id='word_1_188' title='bbox 2362 1535 2516 1587; x_wconf 73' lang='grc' dir='ltr'>αὐτοί</span> <span class='ocrx_word' id='word_1_189' title='bbox 2538 1552 2550 1565; x_wconf 90' lang='grc'><strong>·</strong></span> <span class='ocrx_word' id='word_1_190' title='bbox 2585 1537 2850 1590; x_wconf 84' lang='grc' dir='ltr'>ἀπέπινον</span> <span class='ocrx_word' id='word_1_191' title='bbox 2878 1538 2935 1591; x_wconf 83' lang='grc' dir='ltr'><strong>δὲ</strong></span> <span class='ocrx_word' id='word_1_192' title='bbox 2968 1539 3161 1611; x_wconf 74' lang='grc' dir='ltr'>μικρὸν</span> <span class='ocrx_word' id='word_1_193' title='bbox 3209 1540 3273 1591; x_wconf 86' lang='grc' dir='ltr'>ὲκ</span> <span class='ocrx_word' id='word_1_194' title='bbox 3307 1538 3411 1608; x_wconf 75' lang='grc' dir='ltr'>τῆς</span> <span class='ocrx_word' id='word_1_195' title='bbox 3443 1536 3674 1601; x_wconf 86' lang='grc' dir='ltr'>κύλικος,</span> <span class='ocrx_word' id='word_1_196' title='bbox 3702 1536 3764 1599; x_wconf 82' lang='grc' dir='ltr'>ὡς</span> 
     </span>
    </p>
   </div>
   <div class='ocr_carea' id='block_1_29' title="bbox 520 1624 2107 1700">
    <p class='ocr_par' dir='ltr' id='par_1_29' title="bbox 520 1630 2099 1700">
     <span class='ocr_line' id='line_1_29' title="bbox 520 1630 2099 1700; baseline -0.006 -7"><span class='ocrx_word' id='word_1_197' title='bbox 520 1639 627 1693; x_wconf 91' lang='lat' dir='ltr'><strong>bus</strong></span> <span class='ocrx_word' id='word_1_198' title='bbox 666 1635 814 1690; x_wconf 85' lang='lat' dir='ltr'><strong>hunc</strong></span> <span class='ocrx_word' id='word_1_199' title='bbox 858 1647 1064 1687; x_wconf 89' lang='lat' dir='ltr'><strong>morem</strong></span> <span class='ocrx_word' id='word_1_200' title='bbox 1108 1630 1301 1695; x_wconf 89' lang='lat' dir='ltr'><strong>fuisse,</strong></span> <span class='ocrx_word' id='word_1_201' title='bbox 1335 1638 1396 1685; x_wconf 93' lang='lat' dir='ltr'><strong>ut</strong></span> <span class='ocrx_word' id='word_1_202' title='bbox 1434 1647 1557 1687; x_wconf 88' lang='lat' dir='ltr'><strong>cum</strong></span> <span class='ocrx_word' id='word_1_203' title='bbox 1592 1631 1871 1700; x_wconf 88' lang='lat' dir='ltr'><strong>publicum</strong></span> <span class='ocrx_word' id='word_1_204' title='bbox 1902 1630 2099 1686; x_wconf 86' lang='lat' dir='ltr'><strong>festum</strong></span> 
     </span>
    </p>
   </div>
   <div class='ocr_carea' id='block_1_30' title="bbox 2177 1624 3764 1700">
    <p class='ocr_par' dir='ltr' id='par_1_30' title="bbox 2206 1624 3764 1698">
     <span class='ocr_line' id='line_1_30' title="bbox 2206 1624 3764 1698; baseline 0.001 -22"><span class='ocrx_word' id='word_1_205' title='bbox 2206 1624 2474 1696; x_wconf 78' lang='grc' dir='ltr'>συμϐόλου</span> <span class='ocrx_word' id='word_1_206' title='bbox 2495 1626 2646 1689; x_wconf 73' lang='grc' dir='ltr'>ὄντος</span> <span class='ocrx_word' id='word_1_207' title='bbox 2673 1626 2864 1680; x_wconf 88' lang='grc' dir='ltr'>τούτου</span> <span class='ocrx_word' id='word_1_208' title='bbox 2890 1628 3072 1697; x_wconf 84' lang='grc' dir='ltr'>φιλίας</span> <span class='ocrx_word' id='word_1_209' title='bbox 3110 1628 3337 1698; x_wconf 82' lang='grc' dir='ltr'>πολλῆς,</span> <span class='ocrx_word' id='word_1_210' title='bbox 3381 1629 3478 1681; x_wconf 76' lang='grc' dir='ltr'><strong>καὶ</strong></span> <span class='ocrx_word' id='word_1_211' title='bbox 3505 1626 3622 1679; x_wconf 83' lang='grc' dir='ltr'>τότε</span> <span class='ocrx_word' id='word_1_212' title='bbox 3646 1643 3764 1695; x_wconf 81' lang='grc' dir='ltr'>παρ-</span> 
     </span>
    </p>
   </div>
   <div class='ocr_carea' id='block_1_31' title="bbox 523 1704 2110 1793">
    <p class='ocr_par' dir='ltr' id='par_1_31' title="bbox 523 1704 2103 1793">
     <span class='ocr_line' id='line_1_31' title="bbox 523 1704 2103 1793; baseline -0.004 -8"><span class='ocrx_word' id='word_1_213' title='bbox 523 1730 890 1791; x_wconf 87' lang='lat' dir='ltr'><strong>celebrarent,</strong></span> <span class='ocrx_word' id='word_1_214' title='bbox 925 1726 1113 1779; x_wconf 89' lang='lat' dir='ltr'><strong>vinum</strong></span> <span class='ocrx_word' id='word_1_215' title='bbox 1157 1724 1212 1778; x_wconf 89' lang='lat' dir='ltr'><strong>in</strong></span> <span class='ocrx_word' id='word_1_216' title='bbox 1251 1724 1436 1779; x_wconf 89' lang='lat' dir='ltr'><strong>aureis</strong></span> <span class='ocrx_word' id='word_1_217' title='bbox 1468 1722 1553 1777; x_wconf 85' lang='lat' dir='ltr'><strong>vel</strong></span> <span class='ocrx_word' id='word_1_218' title='bbox 1588 1704 1866 1793; x_wconf 48' lang='lat' dir='ltr'><strong>argenteis</strong></span> <span class='ocrx_word' id='word_1_219' title='bbox 1904 1723 2103 1793; x_wconf 87' lang='lat' dir='ltr'><strong>phialis</strong></span> 
     </span>
    </p>
   </div>
   <div class='ocr_carea' id='block_1_32' title="bbox 2173 1704 3760 1793">
    <p class='ocr_par' dir='ltr' id='par_1_32' title="bbox 2173 1711 3760 1793">
     <span class='ocr_line' id='line_1_32' title="bbox 2173 1711 3760 1793; baseline -0.001 -23"><span class='ocrx_word' id='word_1_220' title='bbox 2173 1717 2177 1753; x_wconf 69' lang='grc' dir='ltr'><strong>ί</strong></span> <span class='ocrx_word' id='word_1_221' title='bbox 2208 1720 2355 1787; x_wconf 88' lang='grc' dir='ltr'>εἶχον</span> <span class='ocrx_word' id='word_1_222' title='bbox 2453 1717 2518 1771; x_wconf 74' lang='grc' dir='ltr'><strong>ἂν</strong></span> <span class='ocrx_word' id='word_1_223' title='bbox 2550 1718 2839 1789; x_wconf 78' lang='grc' dir='ltr'>ἠϐούλοντο</span> <span class='ocrx_word' id='word_1_224' title='bbox 2861 1762 2875 1786; x_wconf 92' lang='grc'><strong>,</strong></span> <span class='ocrx_word' id='word_1_225' title='bbox 2905 1721 3251 1793; x_wconf 82' lang='grc' dir='ltr'>χαριζόμενοι</span> <span class='ocrx_word' id='word_1_226' title='bbox 3296 1721 3395 1774; x_wconf 77' lang='grc' dir='ltr'><strong>καὶ</strong></span> <span class='ocrx_word' id='word_1_227' title='bbox 3427 1719 3524 1790; x_wconf 82' lang='grc' dir='ltr'><strong>τὴν</strong></span> <span class='ocrx_word' id='word_1_228' title='bbox 3571 1718 3760 1771; x_wconf 77' lang='grc' dir='ltr'>κύλικα.</span> 
     </span>
    </p>
   </div>
   <div class='ocr_carea' id='block_1_33' title="bbox 524 1810 2111 1889">
    <p class='ocr_par' dir='ltr' id='par_1_33' title="bbox 524 1813 2101 1889">
     <span class='ocr_line' id='line_1_33' title="bbox 524 1813 2101 1889; baseline -0.006 -15"><span class='ocrx_word' id='word_1_229' title='bbox 524 1827 887 1889; x_wconf 84' lang='lat' dir='ltr'><strong>temperatum</strong></span> <span class='ocrx_word' id='word_1_230' title='bbox 925 1832 955 1870; x_wconf 91' lang='lat' dir='ltr'><strong>a</strong></span> <span class='ocrx_word' id='word_1_231' title='bbox 1006 1814 1328 1888; x_wconf 86' lang='lat' dir='ltr'><strong>pocillatore</strong></span> <span class='ocrx_word' id='word_1_232' title='bbox 1369 1813 1589 1884; x_wconf 81' lang='lat' dir='ltr'><strong>quidem</strong></span> <span class='ocrx_word' id='word_1_233' title='bbox 1624 1813 1728 1883; x_wconf 88' lang='lat' dir='ltr'><strong>ipsi</strong></span> <span class='ocrx_word' id='word_1_234' title='bbox 1771 1813 2101 1882; x_wconf 87' lang='lat' dir='ltr'><strong>acciperent,</strong></span> 
     </span>
    </p>
   </div>
   <div class='ocr_carea' id='block_1_34' title="bbox 2177 1810 3764 1889">
    <p class='ocr_par' dir='ltr' id='par_1_34' title="bbox 2210 1810 3764 1884">
     <span class='ocr_line' id='line_1_34' title="bbox 2210 1810 3764 1884; baseline -0.001 -22"><span class='ocrx_word' id='word_1_235' title='bbox 2210 1811 2323 1863; x_wconf 74' lang='lat' dir='ltr'><strong>Kal.</strong></span> <span class='ocrx_word' id='word_1_236' title='bbox 2374 1811 2621 1864; x_wconf 78' lang='grc' dir='ltr'>ἐκαλεῖτο</span> <span class='ocrx_word' id='word_1_237' title='bbox 2680 1812 2779 1884; x_wconf 83' lang='grc' dir='ltr'><strong>μὲν</strong></span> <span class='ocrx_word' id='word_1_238' title='bbox 2835 1814 2967 1867; x_wconf 82' lang='grc' dir='ltr'>αὐτὸ</span> <span class='ocrx_word' id='word_1_239' title='bbox 3010 1814 3201 1877; x_wconf 83' lang='grc' dir='ltr'>τοῦτο,</span> <span class='ocrx_word' id='word_1_240' title='bbox 3254 1814 3575 1881; x_wconf 74' lang='grc' dir='ltr'>προπίνειν</span> <span class='ocrx_word' id='word_1_241' title='bbox 3611 1830 3623 1842; x_wconf 86' lang='grc'><strong>·</strong></span> <span class='ocrx_word' id='word_1_242' title='bbox 3657 1814 3687 1880; x_wconf 80' lang='grc' dir='ltr'>ὴ</span> <span class='ocrx_word' id='word_1_243' title='bbox 3720 1810 3764 1861; x_wconf 79' lang='grc' dir='ltr'><strong>δὲ</strong></span> 
     </span>
    </p>
   </div>
   <div class='ocr_carea' id='block_1_35' title="bbox 525 1902 2112 1983">
    <p class='ocr_par' dir='ltr' id='par_1_35' title="bbox 525 1906 2111 1983">
     <span class='ocr_line' id='line_1_35' title="bbox 525 1906 2111 1983; baseline -0.004 -18"><span class='ocrx_word' id='word_1_244' title='bbox 525 1921 694 1983; x_wconf 89' lang='lat' dir='ltr'><strong>atque</strong></span> <span class='ocrx_word' id='word_1_245' title='bbox 724 1910 776 1965; x_wconf 91' lang='lat' dir='ltr'><strong>in</strong></span> <span class='ocrx_word' id='word_1_246' title='bbox 814 1910 1045 1965; x_wconf 72' lang='lat' dir='ltr'><strong>sincera:</strong></span> <span class='ocrx_word' id='word_1_247' title='bbox 1074 1909 1329 1963; x_wconf 65' lang='lat' dir='ltr'><strong>amicitiae</strong></span> <span class='ocrx_word' id='word_1_248' title='bbox 1358 1908 1573 1978; x_wconf 81' lang='lat' dir='ltr'><strong>signum</strong></span> <span class='ocrx_word' id='word_1_249' title='bbox 1605 1906 1859 1961; x_wconf 92' lang='lat' dir='ltr'><strong>nonnihil</strong></span> <span class='ocrx_word' id='word_1_250' title='bbox 1891 1921 1920 1960; x_wconf 91' lang='lat' dir='ltr'><strong>e</strong></span> <span class='ocrx_word' id='word_1_251' title='bbox 1949 1920 2111 1975; x_wconf 84' lang='lat' dir='ltr'><strong>pocu-</strong></span> 
     </span>
    </p>
   </div>
   <div class='ocr_carea' id='block_1_36' title="bbox 2177 1902 3764 1983">
    <p class='ocr_par' dir='ltr' id='par_1_36' title="bbox 2208 1902 3764 1980">
     <span class='ocr_line' id='line_1_36' title="bbox 2208 1902 3764 1980; baseline -0.004 -21"><span class='ocrx_word' id='word_1_252' title='bbox 2208 1902 2411 1975; x_wconf 80' lang='grc' dir='ltr'>ἡμέρα,</span> <span class='ocrx_word' id='word_1_253' title='bbox 2437 1906 2781 1973; x_wconf 73' lang='grc' dir='ltr'>φιλοτήσια.</span> <span class='ocrx_word' id='word_1_254' title='bbox 2824 1907 2898 1959; x_wconf 82' lang='grc' dir='ltr'>Τὸ</span> <span class='ocrx_word' id='word_1_255' title='bbox 2922 1908 2978 1961; x_wconf 83' lang='grc' dir='ltr'>δὲ</span> <span class='ocrx_word' id='word_1_256' title='bbox 3008 1907 3386 1980; x_wconf 78' lang='grc' dir='ltr'>λαρυγγίζειν,</span> <span class='ocrx_word' id='word_1_257' title='bbox 3423 1904 3647 1977; x_wconf 80' lang='grc' dir='ltr'>μίμησίς</span> <span class='ocrx_word' id='word_1_258' title='bbox 3671 1906 3764 1955; x_wconf 75' lang='grc' dir='ltr'>ἐστι</span> 
     </span>
    </p>
   </div>
   <div class='ocr_carea' id='block_1_37' title="bbox 528 1993 2115 2071">
    <p class='ocr_par' dir='ltr' id='par_1_37' title="bbox 528 1997 2111 2071">
     <span class='ocr_line' id='line_1_37' title="bbox 528 1997 2111 2071; baseline -0.004 -14"><span class='ocrx_word' id='word_1_259' title='bbox 528 2004 581 2057; x_wconf 93' lang='lat' dir='ltr'><strong>lo</strong></span> <span class='ocrx_word' id='word_1_260' title='bbox 613 2002 919 2064; x_wconf 90' lang='lat' dir='ltr'><strong>haurirent,</strong></span> <span class='ocrx_word' id='word_1_261' title='bbox 952 2016 1015 2055; x_wconf 90' lang='lat' dir='ltr'><strong>ac</strong></span> <span class='ocrx_word' id='word_1_262' title='bbox 1050 2009 1240 2071; x_wconf 90' lang='lat' dir='ltr'><strong>postea</strong></span> <span class='ocrx_word' id='word_1_263' title='bbox 1270 2000 1359 2054; x_wconf 93' lang='lat' dir='ltr'><strong>cui</strong></span> <span class='ocrx_word' id='word_1_264' title='bbox 1383 2000 1562 2054; x_wconf 88' lang='lat' dir='ltr'><strong>visum</strong></span> <span class='ocrx_word' id='word_1_265' title='bbox 1589 1999 1723 2069; x_wconf 89' lang='lat' dir='ltr'><strong>ipsis</strong></span> <span class='ocrx_word' id='word_1_266' title='bbox 1761 1997 1978 2061; x_wconf 85' lang='lat' dir='ltr'><strong>fuisset,</strong></span> <span class='ocrx_word' id='word_1_267' title='bbox 2014 2011 2111 2066; x_wconf 90' lang='lat' dir='ltr'><strong>po-</strong></span> 
     </span>
    </p>
   </div>
   <div class='ocr_carea' id='block_1_38' title="bbox 2176 1993 3763 2071">
    <p class='ocr_par' dir='ltr' id='par_1_38' title="bbox 2211 1993 3763 2069">
     <span class='ocr_line' id='line_1_38' title="bbox 2211 1993 3763 2069; baseline -0.003 -19"><span class='ocrx_word' id='word_1_268' title='bbox 2211 1995 2417 2065; x_wconf 78' lang='grc' dir='ltr'>φωνῆς,</span> <span class='ocrx_word' id='word_1_269' title='bbox 2444 1996 2572 2049; x_wconf 80' lang='grc' dir='ltr'>ὅταν</span> <span class='ocrx_word' id='word_1_270' title='bbox 2602 2015 2689 2061; x_wconf 88' lang='grc' dir='ltr'><strong>τις</strong></span> <span class='ocrx_word' id='word_1_271' title='bbox 2736 1999 3164 2069; x_wconf 80' lang='grc' dir='ltr'>ὲπιτερπόμενος</span> <span class='ocrx_word' id='word_1_272' title='bbox 3198 1993 3279 2061; x_wconf 74' lang='grc' dir='ltr'>οἷς</span> <span class='ocrx_word' id='word_1_273' title='bbox 3313 1998 3486 2067; x_wconf 80' lang='grc' dir='ltr'>λέγει,</span> <span class='ocrx_word' id='word_1_274' title='bbox 3512 1994 3763 2067; x_wconf 65' lang='grc' dir='ltr'>ὲπιϐήσσει</span> 
     </span>
    </p>
   </div>
   <div class='ocr_carea' id='block_1_39' title="bbox 527 2084 2114 2163">
    <p class='ocr_par' dir='ltr' id='par_1_39' title="bbox 527 2086 2109 2161">
     <span class='ocr_line' id='line_1_39' title="bbox 527 2086 2109 2161; baseline -0.004 -15"><span class='ocrx_word' id='word_1_275' title='bbox 527 2092 712 2147; x_wconf 91' lang='lat' dir='ltr'><strong>culum</strong></span> <span class='ocrx_word' id='word_1_276' title='bbox 740 2091 1068 2161; x_wconf 69' lang='lat' dir='ltr'><strong>praeberent.</strong></span> <span class='ocrx_word' id='word_1_277' title='bbox 1100 2090 1268 2160; x_wconf 87' lang='lat' dir='ltr'><strong>quue</strong></span> <span class='ocrx_word' id='word_1_278' title='bbox 1289 2089 1583 2159; x_wconf 79' lang='lat' dir='ltr'><strong>prepinare</strong></span> <span class='ocrx_word' id='word_1_279' title='bbox 1604 2088 1929 2149; x_wconf 87' lang='lat' dir='ltr'><strong>vocabatur,</strong></span> <span class='ocrx_word' id='word_1_280' title='bbox 1962 2086 2109 2157; x_wconf 86' lang='lat' dir='ltr'><strong>quod</strong></span> 
     </span>
    </p>
   </div>
   <div class='ocr_carea' id='block_1_40' title="bbox 2179 2084 3766 2163">
    <p class='ocr_par' dir='ltr' id='par_1_40' title="bbox 2210 2084 3766 2163">
     <span class='ocr_line' id='line_1_40' title="bbox 2210 2084 3766 2163; baseline -0.012 -12"><span class='ocrx_word' id='word_1_281' title='bbox 2210 2101 2328 2149; x_wconf 86' lang='grc' dir='ltr'>πως</span> <span class='ocrx_word' id='word_1_282' title='bbox 2373 2090 2438 2158; x_wconf 85' lang='grc' dir='ltr'>τῇ</span> <span class='ocrx_word' id='word_1_283' title='bbox 2472 2091 2624 2161; x_wconf 85' lang='grc' dir='ltr'>φωνῇ</span> <span class='ocrx_word' id='word_1_284' title='bbox 2670 2089 2765 2143; x_wconf 71' lang='grc' dir='ltr'><strong>καὶ</strong></span> <span class='ocrx_word' id='word_1_285' title='bbox 2800 2094 2976 2144; x_wconf 88' lang='grc' dir='ltr'>στενοῖ</span> <span class='ocrx_word' id='word_1_286' title='bbox 3007 2091 3196 2163; x_wconf 80' lang='grc' dir='ltr'>αὐτὴν,</span> <span class='ocrx_word' id='word_1_287' title='bbox 3236 2090 3382 2144; x_wconf 76' lang='grc' dir='ltr'>ὥστε</span> <span class='ocrx_word' id='word_1_288' title='bbox 3428 2089 3600 2143; x_wconf 81' lang='grc' dir='ltr'>δοκεῖν</span> <span class='ocrx_word' id='word_1_289' title='bbox 3630 2090 3680 2140; x_wconf 82' lang='grc' dir='ltr'>ὲν</span> <span class='ocrx_word' id='word_1_290' title='bbox 3702 2084 3766 2155; x_wconf 77' lang='grc' dir='ltr'><strong>τῷ</strong></span> 
     </span>
    </p>
   </div>
   <div class='ocr_carea' id='block_1_41' title="bbox 528 2173 2115 2253">
    <p class='ocr_par' dir='ltr' id='par_1_41' title="bbox 528 2177 2108 2253">
     <span class='ocr_line' id='line_1_41' title="bbox 528 2177 2108 2253; baseline -0.006 -16"><span class='ocrx_word' id='word_1_291' title='bbox 528 2198 630 2239; x_wconf 88' lang='lat' dir='ltr'><strong>nos</strong></span> <span class='ocrx_word' id='word_1_292' title='bbox 659 2180 996 2253; x_wconf 83' lang='grc' dir='ltr'>φιλοτησίαν,</span> <span class='ocrx_word' id='word_1_293' title='bbox 1037 2180 1089 2234; x_wconf 94' lang='lat' dir='ltr'><strong>id</strong></span> <span class='ocrx_word' id='word_1_294' title='bbox 1135 2186 1242 2244; x_wconf 87' lang='lat' dir='ltr'><strong>est,</strong></span> <span class='ocrx_word' id='word_1_295' title='bbox 1277 2179 1346 2232; x_wconf 90' lang='lat' dir='ltr'><strong>ad</strong></span> <span class='ocrx_word' id='word_1_296' title='bbox 1392 2179 1691 2247; x_wconf 84' lang='lat' dir='ltr'><strong>potandum</strong></span> <span class='ocrx_word' id='word_1_297' title='bbox 1729 2177 2108 2230; x_wconf 81' lang='lat' dir='ltr'><strong>invitationem</strong></span> 
     </span>
    </p>
   </div>
   <div class='ocr_carea' id='block_1_42' title="bbox 1569 2173 3156 2253">
    <p class='ocr_par' dir='ltr' id='par_1_42' title="bbox 1569 2173 3156 2253">
     <span class='ocr_line' id='line_1_42' title="bbox 1569 2173 3156 2253; baseline 0.004 -23"><span class='ocrx_word' id='word_1_298' title='bbox 1569 2179 1691 2231; x_wconf 87' lang='lat' dir='ltr'><strong>dum</strong></span> <span class='ocrx_word' id='word_1_299' title='bbox 1729 2177 2108 2230; x_wconf 82' lang='lat' dir='ltr'><strong>invitationem</strong></span> <span class='ocrx_word' id='word_1_300' title='bbox 2208 2173 2441 2246; x_wconf 84' lang='grc' dir='ltr'>λάρυγγι</span> <span class='ocrx_word' id='word_1_301' title='bbox 2464 2178 2632 2251; x_wconf 75' lang='grc' dir='ltr'>αὐτὴν</span> <span class='ocrx_word' id='word_1_302' title='bbox 2659 2182 3156 2253; x_wconf 76' lang='grc' dir='ltr'>παρακατέχεσθαι.</span> 
     </span>
    </p>
   </div>
   <div class='ocr_carea' id='block_1_43' title="bbox 530 2267 3765 2345">
    <p class='ocr_par' dir='ltr' id='par_1_43' title="bbox 530 2267 3765 2345">
     <span class='ocr_line' id='line_1_43' title="bbox 530 2267 3765 2345; baseline -0.003 -15"><span class='ocrx_word' id='word_1_303' title='bbox 530 2275 889 2345; x_wconf 83' lang='lat' dir='ltr'><strong>appellamus.</strong></span> <span class='ocrx_word' id='word_1_304' title='bbox 925 2275 993 2325; x_wconf 84' lang='lat' dir='ltr'><strong>At</strong></span> <span class='ocrx_word' id='word_1_305' title='bbox 1030 2286 1161 2326; x_wconf 90' lang='lat' dir='ltr'><strong>vero</strong></span> <span class='ocrx_word' id='word_1_306' title='bbox 1203 2269 1556 2341; x_wconf 76' lang='grc' dir='ltr'>λαρυγγίζειν</span> <span class='ocrx_word' id='word_1_307' title='bbox 1586 2269 1820 2323; x_wconf 90' lang='lat' dir='ltr'><strong>imitatio</strong></span> <span class='ocrx_word' id='word_1_308' title='bbox 1867 2267 2114 2338; x_wconf 63' lang='lat' dir='ltr'><strong>quaedam</strong></span> <span class='ocrx_word' id='word_1_309' title='bbox 2154 2268 2303 2321; x_wconf 84' lang='lat' dir='ltr'><strong>vocis</strong></span> <span class='ocrx_word' id='word_1_310' title='bbox 2359 2279 2440 2325; x_wconf 86' lang='lat' dir='ltr'><strong>est</strong></span> <span class='ocrx_word' id='word_1_311' title='bbox 2464 2309 2479 2333; x_wconf 90' lang='lat'><strong>,</strong></span> <span class='ocrx_word' id='word_1_312' title='bbox 2524 2286 2647 2326; x_wconf 90' lang='lat' dir='ltr'><strong>cum</strong></span> <span class='ocrx_word' id='word_1_313' title='bbox 2678 2275 2802 2342; x_wconf 90' lang='lat' dir='ltr'><strong>quis</strong></span> <span class='ocrx_word' id='word_1_314' title='bbox 2852 2274 2905 2326; x_wconf 92' lang='lat' dir='ltr'><strong>in</strong></span> <span class='ocrx_word' id='word_1_315' title='bbox 2948 2274 3129 2329; x_wconf 85' lang='lat' dir='ltr'><strong>verbis</strong></span> <span class='ocrx_word' id='word_1_316' title='bbox 3165 2274 3281 2328; x_wconf 91' lang='lat' dir='ltr'><strong>suis</strong></span> <span class='ocrx_word' id='word_1_317' title='bbox 3318 2272 3540 2328; x_wconf 87' lang='lat' dir='ltr'><strong>sibimet</strong></span> <span class='ocrx_word' id='word_1_318' title='bbox 3578 2269 3765 2340; x_wconf 81' lang='lat' dir='ltr'><strong>placens</strong></span> 
     </span>
    </p>
   </div>
   <div class='ocr_carea' id='block_1_44' title="bbox 529 2362 3366 2436">
    <p class='ocr_par' dir='ltr' id='par_1_44' title="bbox 529 2362 3366 2436">
     <span class='ocr_line' id='line_1_44' title="bbox 529 2362 3366 2436; baseline -0.001 -13"><span class='ocrx_word' id='word_1_319' title='bbox 529 2382 720 2423; x_wconf 86' lang='lat' dir='ltr'><strong>vocem</strong></span> <span class='ocrx_word' id='word_1_320' title='bbox 752 2364 1157 2436; x_wconf 88' lang='lat' dir='ltr'><strong>quodammodo</strong></span> <span class='ocrx_word' id='word_1_321' title='bbox 1184 2362 1411 2427; x_wconf 91' lang='lat' dir='ltr'><strong>claudit,</strong></span> <span class='ocrx_word' id='word_1_322' title='bbox 1455 2371 1620 2433; x_wconf 90' lang='lat' dir='ltr'><strong>atque</strong></span> <span class='ocrx_word' id='word_1_323' title='bbox 1645 2363 1701 2417; x_wconf 91' lang='lat' dir='ltr'><strong>in</strong></span> <span class='ocrx_word' id='word_1_324' title='bbox 1733 2372 2028 2434; x_wconf 82' lang='lat' dir='ltr'><strong>angustum</strong></span> <span class='ocrx_word' id='word_1_325' title='bbox 2060 2362 2361 2425; x_wconf 85' lang='lat' dir='ltr'><strong>contrahit,</strong></span> <span class='ocrx_word' id='word_1_326' title='bbox 2390 2376 2446 2419; x_wconf 89' lang='lat' dir='ltr'><strong>ut</strong></span> <span class='ocrx_word' id='word_1_327' title='bbox 2486 2366 2537 2419; x_wconf 91' lang='lat' dir='ltr'><strong>in</strong></span> <span class='ocrx_word' id='word_1_328' title='bbox 2561 2367 2805 2423; x_wconf 80' lang='lat' dir='ltr'><strong>faucibus</strong></span> <span class='ocrx_word' id='word_1_329' title='bbox 2832 2369 3063 2424; x_wconf 89' lang='lat' dir='ltr'><strong>detineri</strong></span> <span class='ocrx_word' id='word_1_330' title='bbox 3094 2368 3366 2423; x_wconf 88' lang='lat' dir='ltr'><strong>videatur.</strong></span> 
     </span>
    </p>
   </div>
   <div class='ocr_carea' id='block_1_45' title="bbox 2399 558 3579 633">
    <p class='ocr_par' dir='ltr' id='par_1_45' title="bbox 2399 558 3579 633">
     <span class='ocr_line' id='line_1_45' title="bbox 2399 558 3579 633; baseline 0.005 -23"><span class='ocrx_word' id='word_1_331' title='bbox 2399 558 2479 611; x_wconf 69' lang='grc' dir='ltr'><strong>ιδ’.</strong></span> <span class='ocrx_word' id='word_1_332' title='bbox 2505 558 2643 626; x_wconf 74' lang='grc' dir='ltr'>Περὶ</span> <span class='ocrx_word' id='word_1_333' title='bbox 2677 560 2805 624; x_wconf 80' lang='grc' dir='ltr'>τοῦ,</span> <span class='ocrx_word' id='word_1_334' title='bbox 2852 561 3065 632; x_wconf 85' lang='grc' dir='ltr'>Ἑταῖρε</span> <span class='ocrx_word' id='word_1_335' title='bbox 3084 602 3099 626; x_wconf 91' lang='grc'><strong>,</strong></span> <span class='ocrx_word' id='word_1_336' title='bbox 3141 561 3237 614; x_wconf 80' lang='grc' dir='ltr'>καὶ</span> <span class='ocrx_word' id='word_1_337' title='bbox 3266 560 3579 633; x_wconf 81' lang='grc' dir='ltr'>Προπίνειν.</span> 
     </span>
    </p>
   </div>
   <div class='ocr_carea' id='block_1_46' title="bbox 992 2458 2579 2539">
    <p class='ocr_par' dir='ltr' id='par_1_46' title="bbox 992 2466 2579 2539">
     <span class='ocr_line' id='line_1_46' title="bbox 992 2466 2579 2539; baseline -0.005 0"><span class='ocrx_word' id='word_1_338' title='bbox 992 2485 1079 2539; x_wconf 81' lang='grc'><strong>15.</strong></span> <span class='ocrx_word' id='word_1_339' title='bbox 1118 2483 1192 2539; x_wconf 89' lang='lat' dir='ltr'><strong>De</strong></span> <span class='ocrx_word' id='word_1_340' title='bbox 1218 2482 1471 2538; x_wconf 75' lang='lat' dir='ltr'><strong>Minerva:</strong></span> <span class='ocrx_word' id='word_1_341' title='bbox 1506 2483 1672 2539; x_wconf 80' lang='lat' dir='ltr'><strong>tibiis.</strong></span> <span class='ocrx_word' id='word_1_342' title='bbox 2377 2467 2455 2514; x_wconf 75' lang='grc' dir='ltr'><strong>ιε’·</strong></span> <span class='ocrx_word' id='word_1_343' title='bbox 2494 2466 2579 2531; x_wconf 64' lang='lat' dir='ltr'><strong>ne.</strong></span> 
     </span>
    </p>
   </div>
   <div class='ocr_carea' id='block_1_47' title="bbox 2050 2458 3637 2539">
    <p class='ocr_par' dir='ltr' id='par_1_47' title="bbox 2377 2458 3637 2533">
     <span class='ocr_line' id='line_1_47' title="bbox 2377 2458 3637 2533; baseline -0.001 -19"><span class='ocrx_word' id='word_1_344' title='bbox 2377 2467 2455 2514; x_wconf 80' lang='grc' dir='ltr'>ιε’.</span> <span class='ocrx_word' id='word_1_345' title='bbox 2494 2463 2634 2531; x_wconf 79' lang='grc' dir='ltr'>Περὶ</span> <span class='ocrx_word' id='word_1_346' title='bbox 2682 2463 2793 2533; x_wconf 84' lang='grc' dir='ltr'>τῆς</span> <span class='ocrx_word' id='word_1_347' title='bbox 2832 2462 3087 2532; x_wconf 79' lang='grc' dir='ltr'><strong>Ἀθηνᾶς</strong></span> <span class='ocrx_word' id='word_1_348' title='bbox 3120 2463 3217 2517; x_wconf 80' lang='grc' dir='ltr'>καὶ</span> <span class='ocrx_word' id='word_1_349' title='bbox 3256 2460 3382 2516; x_wconf 80' lang='grc' dir='ltr'><strong>τῶν</strong></span> <span class='ocrx_word' id='word_1_350' title='bbox 3421 2458 3637 2514; x_wconf 79' lang='grc' dir='ltr'><strong>αὐλῶν.</strong></span> 
     </span>
    </p>
   </div>
   <div class='ocr_carea' id='block_1_48' title="bbox 606 2564 2193 2649">
    <p class='ocr_par' dir='ltr' id='par_1_48' title="bbox 606 2576 2121 2649">
     <span class='ocr_line' id='line_1_48' title="bbox 606 2576 2121 2649; baseline 0 -18"><span class='ocrx_word' id='word_1_351' title='bbox 606 2576 741 2631; x_wconf 84' lang='lat' dir='ltr'><strong>Cum</strong></span> <span class='ocrx_word' id='word_1_352' title='bbox 776 2576 1018 2632; x_wconf 85' lang='lat' dir='ltr'><strong>Minerva</strong></span> <span class='ocrx_word' id='word_1_353' title='bbox 1048 2576 1324 2647; x_wconf 89' lang='lat' dir='ltr'><strong>quondam</strong></span> <span class='ocrx_word' id='word_1_354' title='bbox 1353 2576 1504 2632; x_wconf 88' lang='lat' dir='ltr'><strong>tibiis</strong></span> <span class='ocrx_word' id='word_1_355' title='bbox 1535 2576 1730 2632; x_wconf 89' lang='lat' dir='ltr'><strong>ludens</strong></span> <span class='ocrx_word' id='word_1_356' title='bbox 1757 2576 1961 2632; x_wconf 86' lang='lat' dir='ltr'><strong>flumen</strong></span> <span class='ocrx_word' id='word_1_357' title='bbox 1993 2593 2121 2649; x_wconf 81' lang='lat' dir='ltr'><strong>per-</strong></span> 
     </span>
    </p>
   </div>
   <div class='ocr_carea' id='block_1_49' title="bbox 2179 2564 3766 2649">
    <p class='ocr_par' dir='ltr' id='par_1_49' title="bbox 2302 2564 3766 2649">
     <span class='ocr_line' id='line_1_49' title="bbox 2302 2564 3766 2649; baseline 0.001 -19"><span class='ocrx_word' id='word_1_358' title='bbox 2302 2577 2504 2649; x_wconf 78' lang='grc' dir='ltr'><strong>Ἀθηνᾶ</strong></span> <span class='ocrx_word' id='word_1_359' title='bbox 2553 2595 2683 2631; x_wconf 88' lang='grc' dir='ltr'>ποτε</span> <span class='ocrx_word' id='word_1_360' title='bbox 2714 2580 2841 2641; x_wconf 74' lang='grc' dir='ltr'>τοὺς</span> <span class='ocrx_word' id='word_1_361' title='bbox 2885 2578 3082 2640; x_wconf 75' lang='grc' dir='ltr'>αὐλοὺς</span> <span class='ocrx_word' id='word_1_362' title='bbox 3122 2575 3401 2638; x_wconf 79' lang='grc' dir='ltr'>λαϐοῦσα,</span> <span class='ocrx_word' id='word_1_363' title='bbox 3436 2570 3581 2641; x_wconf 80' lang='grc' dir='ltr'>παρᾶ</span> <span class='ocrx_word' id='word_1_364' title='bbox 3612 2564 3766 2637; x_wconf 74' lang='grc' dir='ltr'>πηγὴν</span> 
     </span>
    </p>
   </div>
   <div class='ocr_carea' id='block_1_50' title="bbox 536 2658 2123 2743">
    <p class='ocr_par' dir='ltr' id='par_1_50' title="bbox 536 2668 2121 2740">
     <span class='ocr_line' id='line_1_50' title="bbox 536 2668 2121 2740; baseline 0.001 -18"><span class='ocrx_word' id='word_1_365' title='bbox 536 2668 815 2731; x_wconf 90' lang='lat' dir='ltr'><strong>transiret,</strong></span> <span class='ocrx_word' id='word_1_366' title='bbox 840 2668 1199 2737; x_wconf 90' lang='lat' dir='ltr'><strong>umbramque</strong></span> <span class='ocrx_word' id='word_1_367' title='bbox 1243 2683 1397 2723; x_wconf 89' lang='lat' dir='ltr'><strong>suam</strong></span> <span class='ocrx_word' id='word_1_368' title='bbox 1448 2669 1757 2740; x_wconf 90' lang='lat' dir='ltr'><strong>buccasque</strong></span> <span class='ocrx_word' id='word_1_369' title='bbox 1807 2668 2022 2726; x_wconf 90' lang='lat' dir='ltr'><strong>inflatas</strong></span> <span class='ocrx_word' id='word_1_370' title='bbox 2063 2670 2121 2724; x_wconf 92' lang='lat' dir='ltr'><strong>in</strong></span> 
     </span>
    </p>
   </div>
   <div class='ocr_carea' id='block_1_51' title="bbox 2181 2658 3768 2743">
    <p class='ocr_par' dir='ltr' id='par_1_51' title="bbox 2222 2658 3768 2743">
     <span class='ocr_line' id='line_1_51' title="bbox 2222 2658 3768 2743; baseline 0.003 -20"><span class='ocrx_word' id='word_1_371' title='bbox 2222 2672 2489 2743; x_wconf 77' lang='grc' dir='ltr'>ισταμένη</span> <span class='ocrx_word' id='word_1_372' title='bbox 2540 2671 2728 2743; x_wconf 75' lang='grc' dir='ltr'>ηὕλισε</span> <span class='ocrx_word' id='word_1_373' title='bbox 2757 2689 2770 2702; x_wconf 69' lang='grc' dir='ltr'><strong>ο</strong></span> <span class='ocrx_word' id='word_1_374' title='bbox 2808 2671 3119 2741; x_wconf 82' lang='grc' dir='ltr'>θεασαμένη</span> <span class='ocrx_word' id='word_1_375' title='bbox 3174 2668 3230 2721; x_wconf 83' lang='grc' dir='ltr'><strong>δὲ</strong></span> <span class='ocrx_word' id='word_1_376' title='bbox 3279 2670 3340 2720; x_wconf 83' lang='grc' dir='ltr'>ὲν</span> <span class='ocrx_word' id='word_1_377' title='bbox 3384 2664 3461 2737; x_wconf 83' lang='grc' dir='ltr'>τῷ</span> <span class='ocrx_word' id='word_1_378' title='bbox 3504 2662 3645 2716; x_wconf 75' lang='grc' dir='ltr'>ὕδατι</span> <span class='ocrx_word' id='word_1_379' title='bbox 3688 2658 3768 2726; x_wconf 64' lang='grc' dir='ltr'><strong>τὴν</strong></span> 
     </span>
    </p>
   </div>
   <div class='ocr_carea' id='block_1_52' title="bbox 538 2749 2125 2834">
    <p class='ocr_par' dir='ltr' id='par_1_52' title="bbox 538 2759 2114 2832">
     <span class='ocr_line' id='line_1_52' title="bbox 538 2759 2114 2832; baseline 0.003 -20"><span class='ocrx_word' id='word_1_380' title='bbox 538 2759 698 2832; x_wconf 88' lang='lat' dir='ltr'><strong>aquis</strong></span> <span class='ocrx_word' id='word_1_381' title='bbox 724 2759 1125 2830; x_wconf 70' lang='lat' dir='ltr'><strong>comperisset,</strong></span> <span class='ocrx_word' id='word_1_382' title='bbox 1169 2760 1239 2815; x_wconf 92' lang='lat' dir='ltr'><strong>ob</strong></span> <span class='ocrx_word' id='word_1_383' title='bbox 1275 2760 1438 2830; x_wconf 88' lang='lat' dir='ltr'><strong>idque</strong></span> <span class='ocrx_word' id='word_1_384' title='bbox 1470 2760 1574 2815; x_wconf 86' lang='lat' dir='ltr'><strong>sibi</strong></span> <span class='ocrx_word' id='word_1_385' title='bbox 1605 2761 1723 2831; x_wconf 92' lang='lat' dir='ltr'><strong>ipsa</strong></span> <span class='ocrx_word' id='word_1_386' title='bbox 1753 2762 1932 2831; x_wconf 88' lang='lat' dir='ltr'><strong>turpis</strong></span> <span class='ocrx_word' id='word_1_387' title='bbox 1968 2761 2114 2816; x_wconf 86' lang='lat' dir='ltr'><strong>vide-</strong></span> 
     </span>
    </p>
   </div>
   <div class='ocr_carea' id='block_1_53' title="bbox 2177 2749 3764 2834">
    <p class='ocr_par' dir='ltr' id='par_1_53' title="bbox 2221 2749 3764 2834">
     <span class='ocr_line' id='line_1_53' title="bbox 2221 2749 3764 2834; baseline -0.006 -19"><span class='ocrx_word' id='word_1_388' title='bbox 2221 2763 2421 2834; x_wconf 80' lang='grc' dir='ltr'>ἑαυτῆς</span> <span class='ocrx_word' id='word_1_389' title='bbox 2473 2763 2651 2828; x_wconf 77' lang='grc' dir='ltr'>σκιὰν,</span> <span class='ocrx_word' id='word_1_390' title='bbox 2701 2761 3090 2832; x_wconf 84' lang='grc' dir='ltr'>πεφυσημένας</span> <span class='ocrx_word' id='word_1_391' title='bbox 3138 2759 3372 2829; x_wconf 77' lang='grc' dir='ltr'>ἔχουσαν</span> <span class='ocrx_word' id='word_1_392' title='bbox 3407 2754 3505 2818; x_wconf 84' lang='grc' dir='ltr'>τὰς</span> <span class='ocrx_word' id='word_1_393' title='bbox 3548 2749 3764 2820; x_wconf 67' lang='grc' dir='ltr'>γνάθους,</span> 
     </span>
    </p>
   </div>
   <div class='ocr_carea' id='block_1_54' title="bbox 537 2838 2124 2927">
    <p class='ocr_par' dir='ltr' id='par_1_54' title="bbox 537 2849 2112 2922">
     <span class='ocr_line' id='line_1_54' title="bbox 537 2849 2112 2922; baseline 0.003 -19"><span class='ocrx_word' id='word_1_394' title='bbox 537 2858 692 2904; x_wconf 82' lang='lat' dir='ltr'><strong>retur</strong></span> <span class='ocrx_word' id='word_1_395' title='bbox 716 2867 729 2904; x_wconf 90' lang='lat'><strong>:</strong></span> <span class='ocrx_word' id='word_1_396' title='bbox 764 2850 951 2917; x_wconf 87' lang='lat' dir='ltr'><strong>tibias,</strong></span> <span class='ocrx_word' id='word_1_397' title='bbox 979 2861 1037 2905; x_wconf 91' lang='lat' dir='ltr'><strong>ut</strong></span> <span class='ocrx_word' id='word_1_398' title='bbox 1066 2849 1434 2908; x_wconf 81' lang='lat' dir='ltr'><strong>deformitatis</strong></span> <span class='ocrx_word' id='word_1_399' title='bbox 1464 2867 1689 2908; x_wconf 85' lang='lat' dir='ltr'><strong>causam</strong></span> <span class='ocrx_word' id='word_1_400' title='bbox 1725 2853 1947 2922; x_wconf 88' lang='lat' dir='ltr'><strong>abjecit.</strong></span> <span class='ocrx_word' id='word_1_401' title='bbox 1976 2850 2112 2907; x_wconf 91' lang='lat' dir='ltr'><strong>Cum</strong></span> 
     </span>
    </p>
   </div>
   <div class='ocr_carea' id='block_1_55' title="bbox 2179 2838 3766 2927">
    <p class='ocr_par' dir='ltr' id='par_1_55' title="bbox 2223 2838 3766 2927">
     <span class='ocr_line' id='line_1_55' title="bbox 2223 2838 3766 2927; baseline -0.003 -18"><span class='ocrx_word' id='word_1_402' title='bbox 2223 2855 2316 2909; x_wconf 72' lang='lat' dir='ltr'><strong>xui.</strong></span> <span class='ocrx_word' id='word_1_403' title='bbox 2351 2857 2620 2927; x_wconf 83' lang='grc' dir='ltr'>ἀπρεπεῖς</span> <span class='ocrx_word' id='word_1_404' title='bbox 2646 2857 2710 2909; x_wconf 80' lang='grc' dir='ltr'>ἐκ</span> <span class='ocrx_word' id='word_1_405' title='bbox 2741 2854 2932 2907; x_wconf 86' lang='grc' dir='ltr'>τούτου</span> <span class='ocrx_word' id='word_1_406' title='bbox 2958 2851 3310 2922; x_wconf 82' lang='grc' dir='ltr'>φαινομένας,</span> <span class='ocrx_word' id='word_1_407' title='bbox 3331 2848 3522 2921; x_wconf 73' lang='grc' dir='ltr'>ἔρριψε</span> <span class='ocrx_word' id='word_1_408' title='bbox 3552 2844 3665 2905; x_wconf 80' lang='grc' dir='ltr'>τοὺς</span> <span class='ocrx_word' id='word_1_409' title='bbox 3689 2838 3766 2927; x_wconf 64' lang='grc' dir='ltr'><strong>αῧέ</strong></span> 
     </span>
    </p>
   </div>
   <div class='ocr_carea' id='block_1_56' title="bbox 539 2926 2126 3021">
    <p class='ocr_par' dir='ltr' id='par_1_56' title="bbox 539 2942 2115 3013">
     <span class='ocr_line' id='line_1_56' title="bbox 539 2942 2115 3013; baseline 0.002 -17"><span class='ocrx_word' id='word_1_410' title='bbox 539 2942 684 2996; x_wconf 86' lang='lat' dir='ltr'><strong>enim</strong></span> <span class='ocrx_word' id='word_1_411' title='bbox 718 2943 844 3013; x_wconf 88' lang='lat' dir='ltr'><strong>quis</strong></span> <span class='ocrx_word' id='word_1_412' title='bbox 884 2942 1019 2996; x_wconf 86' lang='lat' dir='ltr'><strong>tibia</strong></span> <span class='ocrx_word' id='word_1_413' title='bbox 1065 2944 1232 3010; x_wconf 90' lang='lat' dir='ltr'><strong>canit,</strong></span> <span class='ocrx_word' id='word_1_414' title='bbox 1286 2942 1448 2997; x_wconf 85' lang='lat' dir='ltr'><strong>flatus</strong></span> <span class='ocrx_word' id='word_1_415' title='bbox 1501 2946 1754 2999; x_wconf 79' lang='lat' dir='ltr'><strong>maxillas</strong></span> <span class='ocrx_word' id='word_1_416' title='bbox 1811 2945 2115 3013; x_wconf 90' lang='lat' dir='ltr'><strong>tumefacit,</strong></span> 
     </span>
    </p>
   </div>
   <div class='ocr_carea' id='block_1_57' title="bbox 2180 2926 3767 3021">
    <p class='ocr_par' dir='ltr' id='par_1_57' title="bbox 2223 2926 3767 3021">
     <span class='ocr_line' id='line_1_57' title="bbox 2223 2926 3767 3021; baseline -0.013 -19"><span class='ocrx_word' id='word_1_417' title='bbox 2223 2947 2369 3011; x_wconf 75' lang='grc' dir='ltr'>λοὺς,</span> <span class='ocrx_word' id='word_1_418' title='bbox 2399 2926 2473 3012; x_wconf 77' lang='grc' dir='ltr'>ὡς</span> <span class='ocrx_word' id='word_1_419' title='bbox 2507 2947 2782 3021; x_wconf 82' lang='grc' dir='ltr'>ἀμορφίας</span> <span class='ocrx_word' id='word_1_420' title='bbox 2828 2945 3051 3007; x_wconf 76' lang='grc' dir='ltr'>αἰτίους.</span> <span class='ocrx_word' id='word_1_421' title='bbox 3094 2944 3180 2996; x_wconf 87' lang='grc' dir='ltr'>Ἐν</span> <span class='ocrx_word' id='word_1_422' title='bbox 3228 2941 3343 3012; x_wconf 79' lang='grc' dir='ltr'><strong>γὰρ</strong></span> <span class='ocrx_word' id='word_1_423' title='bbox 3386 2938 3464 3009; x_wconf 80' lang='grc' dir='ltr'>τῷ</span> <span class='ocrx_word' id='word_1_424' title='bbox 3511 2934 3695 2991; x_wconf 81' lang='grc' dir='ltr'>αὐλεῖν.</span> <span class='ocrx_word' id='word_1_425' title='bbox 3720 2926 3767 2980; x_wconf 82' lang='grc' dir='ltr'>τὺ</span> 
     </span>
    </p>
   </div>
   <div class='ocr_carea' id='block_1_58' title="bbox 537 3021 2124 3124">
    <p class='ocr_par' dir='ltr' id='par_1_58' title="bbox 537 3033 2120 3106">
     <span class='ocr_line' id='line_1_58' title="bbox 537 3033 2120 3106; baseline 0.003 -19"><span class='ocrx_word' id='word_1_426' title='bbox 537 3035 888 3104; x_wconf 86' lang='lat' dir='ltr'><strong>lusoremque</strong></span> <span class='ocrx_word' id='word_1_427' title='bbox 919 3033 1217 3091; x_wconf 85' lang='lat' dir='ltr'><strong>deformem</strong></span> <span class='ocrx_word' id='word_1_428' title='bbox 1261 3034 1458 3090; x_wconf 88' lang='lat' dir='ltr'><strong>reddit.</strong></span> <span class='ocrx_word' id='word_1_429' title='bbox 1495 3035 1605 3091; x_wconf 84' lang='lat' dir='ltr'><strong>llas</strong></span> <span class='ocrx_word' id='word_1_430' title='bbox 1635 3052 1800 3106; x_wconf 89' lang='lat' dir='ltr'><strong>porro</strong></span> <span class='ocrx_word' id='word_1_431' title='bbox 1832 3038 1993 3094; x_wconf 87' lang='lat' dir='ltr'><strong>tibias</strong></span> <span class='ocrx_word' id='word_1_432' title='bbox 2032 3038 2120 3091; x_wconf 92' lang='lat' dir='ltr'><strong>in-</strong></span> 
     </span>
    </p>
   </div>
   <div class='ocr_carea' id='block_1_59' title="bbox 2181 3021 3768 3124">
    <p class='ocr_par' dir='ltr' id='par_1_59' title="bbox 2181 3021 3768 3124">
     <span class='ocr_line' id='line_1_59' title="bbox 2181 3021 3768 3124; baseline -0.008 -31"><span class='ocrx_word' id='word_1_433' title='bbox 2181 3068 2191 3120; x_wconf 60' lang='lat'><strong>:</strong></span> <span class='ocrx_word' id='word_1_434' title='bbox 2227 3040 2442 3110; x_wconf 87' lang='grc' dir='ltr'>πνεῦμα</span> <span class='ocrx_word' id='word_1_435' title='bbox 2476 3040 2691 3108; x_wconf 81' lang='grc' dir='ltr'>ἐξογκοῖ</span> <span class='ocrx_word' id='word_1_436' title='bbox 2711 3038 2807 3101; x_wconf 84' lang='grc' dir='ltr'>τὰς</span> <span class='ocrx_word' id='word_1_437' title='bbox 2836 3036 3065 3106; x_wconf 82' lang='grc' dir='ltr'>γνάθους</span> <span class='ocrx_word' id='word_1_438' title='bbox 3086 3034 3179 3088; x_wconf 72' lang='grc' dir='ltr'><strong>καὶ</strong></span> <span class='ocrx_word' id='word_1_439' title='bbox 3202 3032 3488 3104; x_wconf 81' lang='grc' dir='ltr'>ἀμόρφους</span> <span class='ocrx_word' id='word_1_440' title='bbox 3515 3027 3647 3124; x_wconf 62' lang='grc' dir='ltr'><strong>ποιεῖ¹</strong></span> <span class='ocrx_word' id='word_1_441' title='bbox 3668 3021 3768 3080; x_wconf 80' lang='grc' dir='ltr'>τοὺς</span> 
     </span>
    </p>
   </div>
   <div class='ocr_carea' id='block_1_60' title="bbox 540 3117 2127 3199">
    <p class='ocr_par' dir='ltr' id='par_1_60' title="bbox 540 3125 2125 3199">
     <span class='ocr_line' id='line_1_60' title="bbox 540 3125 2125 3199; baseline 0.002 -18"><span class='ocrx_word' id='word_1_442' title='bbox 540 3128 755 3183; x_wconf 90' lang='lat' dir='ltr'><strong>venisse</strong></span> <span class='ocrx_word' id='word_1_443' title='bbox 780 3125 1051 3198; x_wconf 85' lang='lat' dir='ltr'><strong>Marsyam</strong></span> <span class='ocrx_word' id='word_1_444' title='bbox 1076 3128 1280 3193; x_wconf 88' lang='lat' dir='ltr'><strong>ferunt,</strong></span> <span class='ocrx_word' id='word_1_445' title='bbox 1307 3136 1474 3197; x_wconf 85' lang='lat' dir='ltr'><strong>atque</strong></span> <span class='ocrx_word' id='word_1_446' title='bbox 1515 3127 1675 3181; x_wconf 88' lang='lat' dir='ltr'><strong>initio</strong></span> <span class='ocrx_word' id='word_1_447' title='bbox 1709 3144 1833 3182; x_wconf 84' lang='lat' dir='ltr'><strong>cum</strong></span> <span class='ocrx_word' id='word_1_448' title='bbox 1869 3128 2125 3199; x_wconf 85' lang='lat' dir='ltr'><strong>Apolline</strong></span> 
     </span>
    </p>
   </div>
   <div class='ocr_carea' id='block_1_61' title="bbox 2179 3117 3766 3199">
    <p class='ocr_par' dir='ltr' id='par_1_61' title="bbox 2179 3117 3766 3198">
     <span class='ocr_line' id='line_1_61' title="bbox 2179 3117 3766 3198; baseline -0.008 -12"><span class='ocrx_word' id='word_1_449' title='bbox 2179 3117 2190 3120; x_wconf 42' lang='lat'><em>-</em></span> <span class='ocrx_word' id='word_1_450' title='bbox 2225 3133 2541 3195; x_wconf 82' lang='grc' dir='ltr'>αὐλοῦντας.</span> <span class='ocrx_word' id='word_1_451' title='bbox 2573 3130 2807 3194; x_wconf 81' lang='grc' dir='ltr'>Τούτους</span> <span class='ocrx_word' id='word_1_452' title='bbox 2860 3130 2988 3192; x_wconf 80' lang='grc' dir='ltr'>τοὺς</span> <span class='ocrx_word' id='word_1_453' title='bbox 3043 3126 3301 3198; x_wconf 81' lang='grc' dir='ltr'>ριφέντας</span> <span class='ocrx_word' id='word_1_454' title='bbox 3355 3122 3547 3183; x_wconf 80' lang='grc' dir='ltr'>αὐλοὺς</span> <span class='ocrx_word' id='word_1_455' title='bbox 3587 3117 3766 3183; x_wconf 77' lang='grc' dir='ltr'>λέγεται</span> 
     </span>
    </p>
   </div>
   <div class='ocr_carea' id='block_1_62' title="bbox 541 3204 2128 3309">
    <p class='ocr_par' dir='ltr' id='par_1_62' title="bbox 541 3219 2125 3290">
     <span class='ocr_line' id='line_1_62' title="bbox 541 3219 2125 3290; baseline 0.001 -16"><span class='ocrx_word' id='word_1_456' title='bbox 541 3219 680 3275; x_wconf 81' lang='lat' dir='ltr'><strong>artis</strong></span> <span class='ocrx_word' id='word_1_457' title='bbox 710 3220 1011 3276; x_wconf 87' lang='lat' dir='ltr'><strong>certamine</strong></span> <span class='ocrx_word' id='word_1_458' title='bbox 1055 3219 1125 3274; x_wconf 91' lang='lat' dir='ltr'><strong>ab</strong></span> <span class='ocrx_word' id='word_1_459' title='bbox 1168 3234 1235 3274; x_wconf 90' lang='lat' dir='ltr'><strong>eo</strong></span> <span class='ocrx_word' id='word_1_460' title='bbox 1280 3219 1509 3282; x_wconf 85' lang='lat' dir='ltr'><strong>victum,</strong></span> <span class='ocrx_word' id='word_1_461' title='bbox 1552 3227 1717 3290; x_wconf 88' lang='lat' dir='ltr'><strong>atque</strong></span> <span class='ocrx_word' id='word_1_462' title='bbox 1766 3221 1833 3276; x_wconf 91' lang='lat' dir='ltr'><strong>ad</strong></span> <span class='ocrx_word' id='word_1_463' title='bbox 1880 3220 2125 3276; x_wconf 86' lang='lat' dir='ltr'><strong>fluminis</strong></span> 
     </span>
    </p>
   </div>
   <div class='ocr_carea' id='block_1_63' title="bbox 2181 3204 3768 3309">
    <p class='ocr_par' dir='ltr' id='par_1_63' title="bbox 2224 3204 3768 3309">
     <span class='ocr_line' id='line_1_63' title="bbox 2224 3204 3768 3309; baseline -0.024 -14"><span class='ocrx_word' id='word_1_464' title='bbox 2224 3226 2491 3297; x_wconf 81' lang='grc' dir='ltr'>Μαρσύας</span> <span class='ocrx_word' id='word_1_465' title='bbox 2531 3224 2844 3297; x_wconf 78' lang='grc' dir='ltr'>εὑρηκέναι,</span> <span class='ocrx_word' id='word_1_466' title='bbox 2876 3223 2971 3277; x_wconf 71' lang='grc' dir='ltr'><strong>καὶ</strong></span> <span class='ocrx_word' id='word_1_467' title='bbox 3011 3221 3191 3293; x_wconf 81' lang='grc' dir='ltr'>ἐρίσαι</span> <span class='ocrx_word' id='word_1_468' title='bbox 3226 3218 3303 3289; x_wconf 87' lang='grc' dir='ltr'>τῷ</span> <span class='ocrx_word' id='word_1_469' title='bbox 3347 3204 3768 3309; x_wconf 38' lang='grc' dir='ltr'>’Δπόλλιονιῖρκαέ</span> 
     </span>
    </p>
   </div>
   <div class='ocr_carea' id='block_1_64' title="bbox 541 3296 2128 3389">
    <p class='ocr_par' dir='ltr' id='par_1_64' title="bbox 541 3310 2125 3385">
     <span class='ocr_line' id='line_1_64' title="bbox 541 3310 2125 3385; baseline 0 -17"><span class='ocrx_word' id='word_1_470' title='bbox 541 3314 719 3385; x_wconf 86' lang='lat' dir='ltr'><strong>ripam</strong></span> <span class='ocrx_word' id='word_1_471' title='bbox 751 3312 1095 3367; x_wconf 82' lang='lat' dir='ltr'><strong>excoriatum</strong></span> <span class='ocrx_word' id='word_1_472' title='bbox 1134 3312 1329 3367; x_wconf 89' lang='lat' dir='ltr'><strong>fuisse.</strong></span> <span class='ocrx_word' id='word_1_473' title='bbox 1367 3310 1522 3367; x_wconf 90' lang='lat' dir='ltr'><strong>Unde</strong></span> <span class='ocrx_word' id='word_1_474' title='bbox 1548 3313 1711 3366; x_wconf 87' lang='lat' dir='ltr'><strong>etiam</strong></span> <span class='ocrx_word' id='word_1_475' title='bbox 1746 3311 1991 3385; x_wconf 68' lang='lat' dir='ltr'><strong>Marsyas</strong></span> <span class='ocrx_word' id='word_1_476' title='bbox 2022 3314 2125 3369; x_wconf 85' lang='lat' dir='ltr'><strong>llu-</strong></span> 
     </span>
    </p>
   </div>
   <div class='ocr_carea' id='block_1_65' title="bbox 2179 3296 3766 3389">
    <p class='ocr_par' dir='ltr' id='par_1_65' title="bbox 2224 3296 3766 3389">
     <span class='ocr_line' id='line_1_65' title="bbox 2224 3296 3766 3389; baseline -0.006 -18"><span class='ocrx_word' id='word_1_477' title='bbox 2224 3296 2545 3389; x_wconf 80' lang='grc' dir='ltr'>ἡττηθῆναι,</span> <span class='ocrx_word' id='word_1_478' title='bbox 2582 3296 2675 3370; x_wconf 74' lang='grc' dir='ltr'><strong>καὶ</strong></span> <span class='ocrx_word' id='word_1_479' title='bbox 2708 3310 3005 3386; x_wconf 66' lang='grc' dir='ltr'>ἐκδαρῆναι</span> <span class='ocrx_word' id='word_1_480' title='bbox 3036 3313 3186 3384; x_wconf 75' lang='grc' dir='ltr'>παρὰ</span> <span class='ocrx_word' id='word_1_481' title='bbox 3221 3311 3314 3363; x_wconf 71' lang='grc' dir='ltr'><strong>τὸν</strong></span> <span class='ocrx_word' id='word_1_482' title='bbox 3352 3303 3588 3377; x_wconf 85' lang='grc' dir='ltr'>ποταμόν</span> <span class='ocrx_word' id='word_1_483' title='bbox 3610 3318 3623 3332; x_wconf 85' lang='grc'>⁶</span> <span class='ocrx_word' id='word_1_484' title='bbox 3651 3296 3701 3361; x_wconf 72' lang='grc' dir='ltr'><strong>ἐξ</strong></span> <span class='ocrx_word' id='word_1_485' title='bbox 3721 3296 3766 3347; x_wconf 64' lang='grc' dir='ltr'><strong>οὗ</strong></span> 
     </span>
    </p>
   </div>
   <div class='ocr_carea' id='block_1_66' title="bbox 543 3404 2130 3479">
    <p class='ocr_par' dir='ltr' id='par_1_66' title="bbox 543 3404 1011 3475">
     <span class='ocr_line' id='line_1_66' title="bbox 543 3404 1011 3475; baseline -0.002 -16"><span class='ocrx_word' id='word_1_486' title='bbox 543 3405 666 3460; x_wconf 89' lang='lat' dir='ltr'><strong>vius</strong></span> <span class='ocrx_word' id='word_1_487' title='bbox 687 3404 1011 3475; x_wconf 87' lang='lat' dir='ltr'><strong>appellatur.</strong></span> 
     </span>
    </p>
   </div>
   <div class='ocr_carea' id='block_1_67' title="bbox 1499 3404 3086 3479">
    <p class='ocr_par' dir='ltr' id='par_1_67' title="bbox 2226 3406 3086 3479">
     <span class='ocr_line' id='line_1_67' title="bbox 2226 3406 3086 3479; baseline -0.005 -16"><span class='ocrx_word' id='word_1_488' title='bbox 2226 3409 2492 3477; x_wconf 75' lang='grc' dir='ltr'>Μαρσύας</span> <span class='ocrx_word' id='word_1_489' title='bbox 2518 3411 2545 3461; x_wconf 82' lang='grc' dir='ltr'>ὁ</span> <span class='ocrx_word' id='word_1_490' title='bbox 2581 3408 2823 3479; x_wconf 76' lang='grc' dir='ltr'>ποταμὸς</span> <span class='ocrx_word' id='word_1_491' title='bbox 2850 3406 3086 3476; x_wconf 79' lang='grc' dir='ltr'>λέγεται.</span> 
     </span>
    </p>
   </div>
   <div class='ocr_carea' id='block_1_68' title="bbox 899 3514 2486 3590">
    <p class='ocr_par' dir='ltr' id='par_1_68' title="bbox 899 3516 1779 3590">
     <span class='ocr_line' id='line_1_68' title="bbox 899 3516 1779 3590; baseline 0.003 -18"><span class='ocrx_word' id='word_1_492' title='bbox 899 3518 987 3573; x_wconf 83' lang='grc'><strong>16.</strong></span> <span class='ocrx_word' id='word_1_493' title='bbox 1025 3516 1103 3573; x_wconf 89' lang='lat' dir='ltr'><strong>De</strong></span> <span class='ocrx_word' id='word_1_494' title='bbox 1131 3517 1431 3574; x_wconf 72' lang='lat' dir='ltr'><strong>dwmonum</strong></span> <span class='ocrx_word' id='word_1_495' title='bbox 1454 3520 1779 3590; x_wconf 83' lang='lat' dir='ltr'><strong>figuritione.</strong></span> 
     </span>
    </p>
   </div>
   <div class='ocr_carea' id='block_1_69' title="bbox 1932 3514 3519 3590">
    <p class='ocr_par' dir='ltr' id='par_1_69' title="bbox 2502 3514 3519 3590">
     <span class='ocr_line' id='line_1_69' title="bbox 2502 3514 3519 3590; baseline -0.015 -14"><span class='ocrx_word' id='word_1_496' title='bbox 2502 3523 2598 3587; x_wconf 79' lang='grc' dir='ltr'>ις’.</span> <span class='ocrx_word' id='word_1_497' title='bbox 2639 3521 2778 3590; x_wconf 80' lang='grc' dir='ltr'>Περὶ</span> <span class='ocrx_word' id='word_1_498' title='bbox 2814 3519 2931 3575; x_wconf 84' lang='grc' dir='ltr'><strong>τῶν</strong></span> <span class='ocrx_word' id='word_1_499' title='bbox 2952 3520 3180 3589; x_wconf 78' lang='grc' dir='ltr'>λίχνων</span> <span class='ocrx_word' id='word_1_500' title='bbox 3206 3514 3519 3583; x_wconf 77' lang='grc' dir='ltr'>δαιμόνων.</span> 
     </span>
    </p>
   </div>
   <div class='ocr_carea' id='block_1_70' title="bbox 618 3591 2205 3684">
    <p class='ocr_par' dir='ltr' id='par_1_70' title="bbox 618 3609 2121 3681">
     <span class='ocr_line' id='line_1_70' title="bbox 618 3609 2121 3681; baseline 0.001 -19"><span class='ocrx_word' id='word_1_501' title='bbox 618 3610 901 3666; x_wconf 63' lang='lat' dir='ltr'><strong>Daemones</strong></span> <span class='ocrx_word' id='word_1_502' title='bbox 948 3624 1141 3665; x_wconf 91' lang='lat' dir='ltr'><strong>omnes</strong></span> <span class='ocrx_word' id='word_1_503' title='bbox 1206 3609 1602 3665; x_wconf 88' lang='lat' dir='ltr'><strong>sacrificiorum</strong></span> <span class='ocrx_word' id='word_1_504' title='bbox 1651 3610 1940 3667; x_wconf 90' lang='lat' dir='ltr'><strong>nidoribus</strong></span> <span class='ocrx_word' id='word_1_505' title='bbox 1988 3624 2121 3681; x_wconf 72' lang='lat' dir='ltr'><strong>gau-</strong></span> 
     </span>
    </p>
   </div>
   <div class='ocr_carea' id='block_1_71' title="bbox 2182 3591 3769 3684">
    <p class='ocr_par' dir='ltr' id='par_1_71' title="bbox 2292 3591 3769 3684">
     <span class='ocr_line' id='line_1_71' title="bbox 2292 3591 3769 3684; baseline -0.017 -12"><span class='ocrx_word' id='word_1_506' title='bbox 2292 3620 2411 3671; x_wconf 88' lang='grc' dir='ltr'>Ὂτι</span> <span class='ocrx_word' id='word_1_507' title='bbox 2446 3615 2645 3678; x_wconf 85' lang='grc' dir='ltr'>πάντες</span> <span class='ocrx_word' id='word_1_508' title='bbox 2667 3616 2714 3666; x_wconf 84' lang='grc' dir='ltr'>οἱ</span> <span class='ocrx_word' id='word_1_509' title='bbox 2731 3612 2998 3684; x_wconf 86' lang='grc' dir='ltr'>δαίμονες,</span> <span class='ocrx_word' id='word_1_510' title='bbox 3033 3610 3279 3671; x_wconf 84' lang='grc' dir='ltr'>κνίσσαις</span> <span class='ocrx_word' id='word_1_511' title='bbox 3300 3605 3597 3677; x_wconf 75' lang='grc' dir='ltr'>χαίροντες,</span> <span class='ocrx_word' id='word_1_512' title='bbox 3630 3591 3769 3684; x_wconf 59' lang='grc' dir='ltr'>λίχνξκ</span> 
     </span>
    </p>
   </div>
   <div class='ocr_carea' id='block_1_72' title="bbox 545 3678 2132 3780">
    <p class='ocr_par' dir='ltr' id='par_1_72' title="bbox 545 3678 2122 3773">
     <span class='ocr_line' id='line_1_72' title="bbox 545 3678 2122 3773; baseline 0.001 -17"><span class='ocrx_word' id='word_1_513' title='bbox 545 3702 757 3767; x_wconf 88' lang='lat' dir='ltr'><strong>dentes,</strong></span> <span class='ocrx_word' id='word_1_514' title='bbox 812 3703 1128 3773; x_wconf 77' lang='lat' dir='ltr'><strong>liguritores</strong></span> <span class='ocrx_word' id='word_1_515' title='bbox 1205 3711 1333 3759; x_wconf 90' lang='lat' dir='ltr'><strong>sunt</strong></span> <span class='ocrx_word' id='word_1_516' title='bbox 1372 3722 1385 3757; x_wconf 88' lang='lat'>:</span> <span class='ocrx_word' id='word_1_517' title='bbox 1418 3703 1719 3773; x_wconf 64' lang='lat' dir='ltr'><strong>praesertim</strong></span> <span class='ocrx_word' id='word_1_518' title='bbox 1784 3710 1965 3758; x_wconf 91' lang='lat' dir='ltr'><strong>autem</strong></span> <span class='ocrx_word' id='word_1_519' title='bbox 1994 3678 2122 3758; x_wconf 45' lang='lat' dir='ltr'><strong>—hoc</strong></span> 
     </span>
    </p>
   </div>
   <div class='ocr_carea' id='block_1_73' title="bbox 2183 3678 3770 3780">
    <p class='ocr_par' dir='ltr' id='par_1_73' title="bbox 2218 3678 3770 3780">
     <span class='ocr_line' id='line_1_73' title="bbox 2218 3678 3770 3780; baseline -0.017 -16"><span class='ocrx_word' id='word_1_520' title='bbox 2218 3710 2320 3765; x_wconf 82' lang='grc' dir='ltr'>είσί</span> <span class='ocrx_word' id='word_1_521' title='bbox 2344 3728 2356 3740; x_wconf 89' lang='grc'><strong>·</strong></span> <span class='ocrx_word' id='word_1_522' title='bbox 2389 3707 2620 3780; x_wconf 86' lang='grc' dir='ltr'>μάλιστα</span> <span class='ocrx_word' id='word_1_523' title='bbox 2648 3706 2702 3758; x_wconf 82' lang='grc' dir='ltr'><strong>δὲ</strong></span> <span class='ocrx_word' id='word_1_524' title='bbox 2737 3678 3081 3775; x_wconf 76' lang='grc' dir='ltr'>κωμῳδεῖται</span> <span class='ocrx_word' id='word_1_525' title='bbox 3108 3703 3137 3754; x_wconf 86' lang='grc' dir='ltr'><strong>ό</strong></span> <span class='ocrx_word' id='word_1_526' title='bbox 3188 3698 3398 3771; x_wconf 79' lang='grc' dir='ltr'>Ἐρμῆς</span> <span class='ocrx_word' id='word_1_527' title='bbox 3423 3713 3438 3727; x_wconf 79' lang='grc' dir='ltr'><strong>ο</strong></span> <span class='ocrx_word' id='word_1_528' title='bbox 3466 3691 3543 3745; x_wconf 82' lang='grc' dir='ltr'><strong>διὸ</strong></span> <span class='ocrx_word' id='word_1_529' title='bbox 3581 3686 3665 3780; x_wconf 55' lang='grc' dir='ltr'><strong>καί</strong></span> <span class='ocrx_word' id='word_1_530' title='bbox 3698 3678 3770 3732; x_wconf 85' lang='grc' dir='ltr'><strong>λέ-</strong></span> 
     </span>
    </p>
   </div>
   <div class='ocr_carea' id='block_1_74' title="bbox 547 3775 2134 3874">
    <p class='ocr_par' dir='ltr' id='par_1_74' title="bbox 547 3792 2123 3867">
     <span class='ocr_line' id='line_1_74' title="bbox 547 3792 2123 3867; baseline 0.001 -19"><span class='ocrx_word' id='word_1_531' title='bbox 547 3795 768 3850; x_wconf 92' lang='lat' dir='ltr'><strong>nomine</strong></span> <span class='ocrx_word' id='word_1_532' title='bbox 820 3793 1111 3865; x_wconf 83' lang='lat' dir='ltr'><strong>sugillatur</strong></span> <span class='ocrx_word' id='word_1_533' title='bbox 1166 3792 1493 3850; x_wconf 80' lang='lat' dir='ltr'><strong>Mercurius.</strong></span> <span class='ocrx_word' id='word_1_534' title='bbox 1544 3793 1700 3849; x_wconf 88' lang='lat' dir='ltr'><strong>Unde</strong></span> <span class='ocrx_word' id='word_1_535' title='bbox 1729 3802 1783 3850; x_wconf 91' lang='lat' dir='ltr'><strong>et</strong></span> <span class='ocrx_word' id='word_1_536' title='bbox 1814 3794 2123 3867; x_wconf 87' lang='grc' dir='ltr'>δηλακρίων</span> 
     </span>
    </p>
   </div>
   <div class='ocr_carea' id='block_1_75' title="bbox 2183 3775 3770 3874">
    <p class='ocr_par' dir='ltr' id='par_1_75' title="bbox 2218 3775 3770 3874">
     <span class='ocr_line' id='line_1_75' title="bbox 2218 3775 3770 3874; baseline -0.017 -18"><span class='ocrx_word' id='word_1_537' title='bbox 2218 3775 2560 3870; x_wconf 22' lang='grc' dir='ltr'>γεταιτκρέα</span> <span class='ocrx_word' id='word_1_538' title='bbox 2607 3798 2748 3869; x_wconf 80' lang='grc' dir='ltr'>δήων</span> <span class='ocrx_word' id='word_1_539' title='bbox 2778 3796 3049 3867; x_wconf 89' lang='grc' dir='ltr'>Λακρίων.</span> <span class='ocrx_word' id='word_1_540' title='bbox 3091 3794 3178 3857; x_wconf 75' lang='grc' dir='ltr'>Ὠς</span> <span class='ocrx_word' id='word_1_541' title='bbox 3214 3786 3481 3858; x_wconf 74' lang='grc' dir='ltr'>ἀπατηλοὶ</span> <span class='ocrx_word' id='word_1_542' title='bbox 3511 3782 3565 3836; x_wconf 86' lang='grc' dir='ltr'>δὲ</span> <span class='ocrx_word' id='word_1_543' title='bbox 3603 3775 3770 3874; x_wconf 54' lang='grc' dir='ltr'>πάντξς</span> 
     </span>
    </p>
   </div>
   <div class='ocr_carea' id='block_1_76' title="bbox 547 3864 2134 3960">
    <p class='ocr_par' dir='ltr' id='par_1_76' title="bbox 547 3864 2122 3957">
     <span class='ocr_line' id='line_1_76' title="bbox 547 3864 2122 3957; baseline 0.001 -17"><span class='ocrx_word' id='word_1_544' title='bbox 547 3885 775 3949; x_wconf 90' lang='lat' dir='ltr'><strong>dicitur,</strong></span> <span class='ocrx_word' id='word_1_545' title='bbox 801 3864 947 3956; x_wconf 69' lang='grc' dir='ltr'>δῄων</span> <span class='ocrx_word' id='word_1_546' title='bbox 968 3885 1126 3957; x_wconf 77' lang='grc' dir='ltr'>κρέα,</span> <span class='ocrx_word' id='word_1_547' title='bbox 1157 3887 1211 3941; x_wconf 93' lang='lat' dir='ltr'><strong>id</strong></span> <span class='ocrx_word' id='word_1_548' title='bbox 1229 3893 1335 3950; x_wconf 89' lang='lat' dir='ltr'><strong>est,</strong></span> <span class='ocrx_word' id='word_1_549' title='bbox 1369 3901 1565 3941; x_wconf 85' lang='lat' dir='ltr'><strong>carnes</strong></span> <span class='ocrx_word' id='word_1_550' title='bbox 1586 3864 1944 3956; x_wconf 84' lang='lat' dir='ltr'><strong>persequens,</strong></span> <span class='ocrx_word' id='word_1_551' title='bbox 1967 3864 2122 3952; x_wconf 77' lang='lat' dir='ltr'><strong>Quod</strong></span> 
     </span>
    </p>
   </div>
   <div class='ocr_carea' id='block_1_77' title="bbox 2183 3864 3770 3960">
    <p class='ocr_par' dir='ltr' id='par_1_77' title="bbox 2218 3864 3770 3960">
     <span class='ocr_line' id='line_1_77' title="bbox 2218 3864 3770 3960; baseline -0.016 -16"><span class='ocrx_word' id='word_1_552' title='bbox 2218 3864 2269 3944; x_wconf 81' lang='grc' dir='ltr'>οἱ</span> <span class='ocrx_word' id='word_1_553' title='bbox 2299 3864 2548 3960; x_wconf 75' lang='grc' dir='ltr'>δαίμονες</span> <span class='ocrx_word' id='word_1_554' title='bbox 2569 3928 2582 3954; x_wconf 90' lang='grc'><strong>,</strong></span> <span class='ocrx_word' id='word_1_555' title='bbox 2612 3864 2972 3959; x_wconf 19' lang='grc' dir='ltr'>ὲέαιρέτωςἽδὲ</span> <span class='ocrx_word' id='word_1_556' title='bbox 3001 3887 3029 3937; x_wconf 84' lang='grc' dir='ltr'><strong>ὁ</strong></span> <span class='ocrx_word' id='word_1_557' title='bbox 3069 3881 3361 3945; x_wconf 79' lang='grc' dir='ltr'>Ἀπόλλων,</span> <span class='ocrx_word' id='word_1_558' title='bbox 3391 3878 3472 3931; x_wconf 81' lang='grc' dir='ltr'>ὅτι</span> <span class='ocrx_word' id='word_1_559' title='bbox 3499 3864 3770 3936; x_wconf 69' lang='grc' dir='ltr'>ἀτνατηλοίις</span> 
     </span>
    </p>
   </div>
   <div class='ocr_carea' id='block_1_78' title="bbox 549 3976 2136 4054">
    <p class='ocr_par' dir='ltr' id='par_1_78' title="bbox 549 3976 2121 4049">
     <span class='ocr_line' id='line_1_78' title="bbox 549 3976 2121 4049; baseline 0.002 -20"><span class='ocrx_word' id='word_1_560' title='bbox 549 3985 732 4032; x_wconf 90' lang='lat' dir='ltr'><strong>autem</strong></span> <span class='ocrx_word' id='word_1_561' title='bbox 757 3977 981 4033; x_wconf 89' lang='lat' dir='ltr'><strong>fallaces</strong></span> <span class='ocrx_word' id='word_1_562' title='bbox 1009 3988 1061 4034; x_wconf 92' lang='lat' dir='ltr'><strong>et</strong></span> <span class='ocrx_word' id='word_1_563' title='bbox 1088 3980 1420 4049; x_wconf 90' lang='lat' dir='ltr'><strong>impostores</strong></span> <span class='ocrx_word' id='word_1_564' title='bbox 1476 3978 1701 4034; x_wconf 92' lang='lat' dir='ltr'><strong>eosdem</strong></span> <span class='ocrx_word' id='word_1_565' title='bbox 1732 3984 1892 4033; x_wconf 89' lang='lat' dir='ltr'><strong>vocat</strong></span> <span class='ocrx_word' id='word_1_566' title='bbox 1916 3976 2121 4049; x_wconf 76' lang='lat' dir='ltr'><strong>Grego-</strong></span> 
     </span>
    </p>
   </div>
   <div class='ocr_carea' id='block_1_79' title="bbox 1128 3976 2715 4054">
    <p class='ocr_par' dir='ltr' id='par_1_79' title="bbox 1128 3976 2715 4054">
     <span class='ocr_line' id='line_1_79' title="bbox 1128 3976 2715 4054; baseline 0.004 -21"><span class='ocrx_word' id='word_1_567' title='bbox 1128 3988 1420 4049; x_wconf 87' lang='lat' dir='ltr'><strong>npostores</strong></span> <span class='ocrx_word' id='word_1_568' title='bbox 1476 3978 1701 4034; x_wconf 91' lang='lat' dir='ltr'><strong>eosdem</strong></span> <span class='ocrx_word' id='word_1_569' title='bbox 1732 3984 1892 4033; x_wconf 89' lang='lat' dir='ltr'><strong>vocat</strong></span> <span class='ocrx_word' id='word_1_570' title='bbox 1916 3976 2121 4049; x_wconf 76' lang='lat' dir='ltr'><strong>Grego-</strong></span> <span class='ocrx_word' id='word_1_571' title='bbox 2230 3983 2381 4051; x_wconf 81' lang='grc' dir='ltr'>ἔλεγε</span> <span class='ocrx_word' id='word_1_572' title='bbox 2413 3981 2715 4054; x_wconf 85' lang='grc' dir='ltr'>χρησμούς.</span> 
     </span>
    </p>
   </div>
   <div class='ocr_carea' id='block_1_80' title="bbox 551 4052 3768 4152">
    <p class='ocr_par' dir='ltr' id='par_1_80' title="bbox 551 4052 3768 4152">
     <span class='ocr_line' id='line_1_80' title="bbox 551 4052 3768 4152; baseline -0.006 -25"><span class='ocrx_word' id='word_1_573' title='bbox 551 4072 690 4133; x_wconf 88' lang='lat' dir='ltr'><strong>rius,</strong></span> <span class='ocrx_word' id='word_1_574' title='bbox 727 4086 1039 4142; x_wconf 89' lang='lat' dir='ltr'><strong>quanquam</strong></span> <span class='ocrx_word' id='word_1_575' title='bbox 1083 4072 1187 4127; x_wconf 89' lang='lat' dir='ltr'><strong>hoc</strong></span> <span class='ocrx_word' id='word_1_576' title='bbox 1217 4079 1439 4143; x_wconf 90' lang='lat' dir='ltr'><strong>propter</strong></span> <span class='ocrx_word' id='word_1_577' title='bbox 1467 4088 1661 4129; x_wconf 89' lang='lat' dir='ltr'><strong>omnes</strong></span> <span class='ocrx_word' id='word_1_578' title='bbox 1693 4073 1846 4141; x_wconf 91' lang='lat' dir='ltr'><strong>dicit,</strong></span> <span class='ocrx_word' id='word_1_579' title='bbox 1882 4074 2230 4144; x_wconf 90' lang='lat' dir='ltr'><strong>potissimum</strong></span> <span class='ocrx_word' id='word_1_580' title='bbox 2264 4052 2460 4135; x_wconf 76' lang='lat' dir='ltr'><strong>tamen</strong></span> <span class='ocrx_word' id='word_1_581' title='bbox 2484 4090 2704 4152; x_wconf 84' lang='lat' dir='ltr'><strong>propter</strong></span> <span class='ocrx_word' id='word_1_582' title='bbox 2736 4078 3065 4150; x_wconf 81' lang='lat' dir='ltr'><strong>Apollinem,</strong></span> <span class='ocrx_word' id='word_1_583' title='bbox 3115 4074 3209 4145; x_wconf 87' lang='lat' dir='ltr'><strong>qui</strong></span> <span class='ocrx_word' id='word_1_584' title='bbox 3254 4072 3421 4128; x_wconf 90' lang='lat' dir='ltr'><strong>dubia</strong></span> <span class='ocrx_word' id='word_1_585' title='bbox 3482 4074 3534 4123; x_wconf 91' lang='lat' dir='ltr'><strong>et</strong></span> <span class='ocrx_word' id='word_1_586' title='bbox 3584 4052 3768 4118; x_wconf 84' lang='lat' dir='ltr'><strong>fallacia</strong></span> 
     </span>
    </p>
   </div>
   <div class='ocr_carea' id='block_1_81' title="bbox 552 4164 1024 4224">
    <p class='ocr_par' dir='ltr' id='par_1_81' title="bbox 552 4164 1024 4224">
     <span class='ocr_line' id='line_1_81' title="bbox 552 4164 1024 4224; baseline -0.004 0"><span class='ocrx_word' id='word_1_587' title='bbox 552 4166 775 4224; x_wconf 88' lang='lat' dir='ltr'><strong>oracula</strong></span> <span class='ocrx_word' id='word_1_588' title='bbox 808 4164 1024 4222; x_wconf 88' lang='lat' dir='ltr'><strong>edebat.</strong></span> 
     </span>
    </p>
   </div>
   <div class='ocr_carea' id='block_1_82' title="bbox 1544 4257 2791 4333">
    <p class='ocr_par' dir='ltr' id='par_1_82' title="bbox 1544 4257 2791 4333">
     <span class='ocr_line' id='line_1_82' title="bbox 1544 4257 2791 4333; baseline 0.003 -19"><span class='ocrx_word' id='word_1_589' title='bbox 1544 4257 1654 4332; x_wconf 80' lang='grc'><strong>[17.</strong></span> <span class='ocrx_word' id='word_1_590' title='bbox 1682 4261 1759 4317; x_wconf 84' lang='lat' dir='ltr'><strong>De</strong></span> <span class='ocrx_word' id='word_1_591' title='bbox 1790 4260 2150 4333; x_wconf 78' lang='lat' dir='ltr'><strong>Triptolemis,</strong></span> <span class='ocrx_word' id='word_1_592' title='bbox 2185 4265 2354 4321; x_wconf 69' lang='lat' dir='ltr'><strong>Celei:</strong></span> <span class='ocrx_word' id='word_1_593' title='bbox 2379 4275 2427 4320; x_wconf 87' lang='lat' dir='ltr'><strong>et</strong></span> <span class='ocrx_word' id='word_1_594' title='bbox 2454 4265 2791 4321; x_wconf 80' lang='lat' dir='ltr'><strong>draconibus.</strong></span> 
     </span>
    </p>
   </div>
   <div class='ocr_carea' id='block_1_83' title="bbox 622 4333 3770 4424">
    <p class='ocr_par' dir='ltr' id='par_1_83' title="bbox 622 4333 3770 4424">
     <span class='ocr_line' id='line_1_83' title="bbox 622 4333 3770 4424; baseline -0.004 -21"><span class='ocrx_word' id='word_1_595' title='bbox 622 4348 873 4405; x_wconf 78' lang='lat' dir='ltr'><strong>Diximus</strong></span> <span class='ocrx_word' id='word_1_596' title='bbox 903 4349 960 4403; x_wconf 94' lang='lat' dir='ltr'><strong>in</strong></span> <span class='ocrx_word' id='word_1_597' title='bbox 983 4349 1326 4419; x_wconf 82' lang='lat' dir='ltr'><strong>praecedente</strong></span> <span class='ocrx_word' id='word_1_598' title='bbox 1353 4350 1622 4416; x_wconf 89' lang='lat' dir='ltr'><strong>oratione,</strong></span> <span class='ocrx_word' id='word_1_599' title='bbox 1649 4351 2044 4424; x_wconf 88' lang='lat' dir='ltr'><strong>Triptolemum</strong></span> <span class='ocrx_word' id='word_1_600' title='bbox 2073 4364 2127 4412; x_wconf 91' lang='lat' dir='ltr'><strong>et</strong></span> <span class='ocrx_word' id='word_1_601' title='bbox 2162 4356 2383 4414; x_wconf 82' lang='lat' dir='ltr'><strong>Celeum</strong></span> <span class='ocrx_word' id='word_1_602' title='bbox 2413 4359 2642 4423; x_wconf 79' lang='lat' dir='ltr'><strong>semina,</strong></span> <span class='ocrx_word' id='word_1_603' title='bbox 2681 4358 2785 4412; x_wconf 91' lang='lat' dir='ltr'><strong>hoc</strong></span> <span class='ocrx_word' id='word_1_604' title='bbox 2814 4363 2899 4409; x_wconf 90' lang='lat' dir='ltr'><strong>est</strong></span> <span class='ocrx_word' id='word_1_605' title='bbox 2931 4352 3170 4408; x_wconf 89' lang='lat' dir='ltr'><strong>triticum</strong></span> <span class='ocrx_word' id='word_1_606' title='bbox 3201 4357 3257 4405; x_wconf 92' lang='lat' dir='ltr'><strong>et</strong></span> <span class='ocrx_word' id='word_1_607' title='bbox 3282 4345 3543 4403; x_wconf 89' lang='lat' dir='ltr'><strong>hordeum</strong></span> <span class='ocrx_word' id='word_1_608' title='bbox 3598 4353 3626 4392; x_wconf 88' lang='lat' dir='ltr'><strong>a</strong></span> <span class='ocrx_word' id='word_1_609' title='bbox 3689 4333 3770 4387; x_wconf 82' lang='lat' dir='ltr'><strong>Ce-</strong></span> 
     </span>
    </p>
   </div>
   <div class='ocr_carea' id='block_1_84' title="bbox 555 4440 3769 4520">
    <p class='ocr_par' dir='ltr' id='par_1_84' title="bbox 555 4440 3769 4520">
     <span class='ocr_line' id='line_1_84' title="bbox 555 4440 3769 4520; baseline -0.003 -22"><span class='ocrx_word' id='word_1_610' title='bbox 555 4457 675 4498; x_wconf 90' lang='lat' dir='ltr'><strong>rere</strong></span> <span class='ocrx_word' id='word_1_611' title='bbox 702 4442 1006 4513; x_wconf 84' lang='lat' dir='ltr'><strong>accepisse,</strong></span> <span class='ocrx_word' id='word_1_612' title='bbox 1044 4451 1207 4513; x_wconf 86' lang='lat' dir='ltr'><strong>atque</strong></span> <span class='ocrx_word' id='word_1_613' title='bbox 1236 4444 1384 4498; x_wconf 90' lang='lat' dir='ltr'><strong>alato</strong></span> <span class='ocrx_word' id='word_1_614' title='bbox 1412 4443 1717 4501; x_wconf 89' lang='lat' dir='ltr'><strong>draconum</strong></span> <span class='ocrx_word' id='word_1_615' title='bbox 1753 4462 1920 4503; x_wconf 90' lang='lat' dir='ltr'><strong>curru</strong></span> <span class='ocrx_word' id='word_1_616' title='bbox 1954 4460 2135 4509; x_wconf 90' lang='lat' dir='ltr'><strong>vectos</strong></span> <span class='ocrx_word' id='word_1_617' title='bbox 2173 4453 2495 4509; x_wconf 88' lang='lat' dir='ltr'><strong>universum</strong></span> <span class='ocrx_word' id='word_1_618' title='bbox 2530 4460 2805 4510; x_wconf 89' lang='lat' dir='ltr'><strong>terrarum</strong></span> <span class='ocrx_word' id='word_1_619' title='bbox 2829 4451 3019 4507; x_wconf 89' lang='lat' dir='ltr'><strong>orbem</strong></span> <span class='ocrx_word' id='word_1_620' title='bbox 3075 4462 3419 4520; x_wconf 79' lang='lat' dir='ltr'><strong>peragrasse,</strong></span> <span class='ocrx_word' id='word_1_621' title='bbox 3474 4440 3769 4497; x_wconf 87' lang='lat' dir='ltr'><strong>frumentum</strong></span> 
     </span>
    </p>
   </div>
   <div class='ocr_carea' id='block_1_85' title="bbox 556 4533 1776 4607">
    <p class='ocr_par' dir='ltr' id='par_1_85' title="bbox 556 4533 1776 4607">
     <span class='ocr_line' id='line_1_85' title="bbox 556 4533 1776 4607; baseline 0.001 -17"><span class='ocrx_word' id='word_1_622' title='bbox 556 4533 879 4591; x_wconf 89' lang='lat' dir='ltr'><strong>mortalibus</strong></span> <span class='ocrx_word' id='word_1_623' title='bbox 914 4533 982 4589; x_wconf 90' lang='lat' dir='ltr'><strong>ad</strong></span> <span class='ocrx_word' id='word_1_624' title='bbox 1014 4535 1307 4591; x_wconf 88' lang='lat' dir='ltr'><strong>serendum</strong></span> <span class='ocrx_word' id='word_1_625' title='bbox 1338 4536 1776 4607; x_wconf 87' lang='lat' dir='ltr'><strong>suppeditantes.</strong></span> 
     </span>
    </p>
   </div>
   <div class='ocr_carea' id='block_1_86' title="bbox 1327 4653 3050 4732">
    <p class='ocr_par' dir='ltr' id='par_1_86' title="bbox 1327 4653 3050 4732">
     <span class='ocr_line' id='line_1_86' title="bbox 1327 4653 3050 4732; baseline 0.003 -25"><span class='ocrx_word' id='word_1_626' title='bbox 1327 4655 1413 4710; x_wconf 76' lang='lat' dir='ltr'><strong>l8.</strong></span> <span class='ocrx_word' id='word_1_627' title='bbox 1438 4653 1515 4708; x_wconf 86' lang='lat' dir='ltr'><strong>De</strong></span> <span class='ocrx_word' id='word_1_628' title='bbox 1541 4654 1749 4726; x_wconf 82' lang='lat' dir='ltr'><strong>Orpheo</strong></span> <span class='ocrx_word' id='word_1_629' title='bbox 1779 4666 1830 4713; x_wconf 87' lang='lat' dir='ltr'><strong>et</strong></span> <span class='ocrx_word' id='word_1_630' title='bbox 1857 4659 1972 4728; x_wconf 83' lang='lat' dir='ltr'><strong>ejus</strong></span> <span class='ocrx_word' id='word_1_631' title='bbox 2008 4661 2372 4732; x_wconf 79' lang='lat' dir='ltr'><strong>nugacissima</strong></span> <span class='ocrx_word' id='word_1_632' title='bbox 2403 4659 2468 4715; x_wconf 86' lang='lat' dir='ltr'><strong>de</strong></span> <span class='ocrx_word' id='word_1_633' title='bbox 2501 4659 2607 4712; x_wconf 78' lang='lat' dir='ltr'><strong>diis</strong></span> <span class='ocrx_word' id='word_1_634' title='bbox 2639 4658 3050 4727; x_wconf 78' lang='lat' dir='ltr'><strong>conscriptione.</strong></span> 
     </span>
    </p>
   </div>
   <div class='ocr_carea' id='block_1_87' title="bbox 630 4740 3769 4828">
    <p class='ocr_par' dir='ltr' id='par_1_87' title="bbox 630 4740 3769 4828">
     <span class='ocr_line' id='line_1_87' title="bbox 630 4740 3769 4828; baseline -0.001 -20"><span class='ocrx_word' id='word_1_635' title='bbox 630 4752 882 4822; x_wconf 89' lang='lat' dir='ltr'><strong>Orpheus</strong></span> <span class='ocrx_word' id='word_1_636' title='bbox 936 4766 1136 4821; x_wconf 78' lang='lat' dir='ltr'><strong>genere</strong></span> <span class='ocrx_word' id='word_1_637' title='bbox 1168 4749 1350 4806; x_wconf 81' lang='lat' dir='ltr'><strong>Thrax</strong></span> <span class='ocrx_word' id='word_1_638' title='bbox 1382 4766 1519 4808; x_wconf 88' lang='lat' dir='ltr'><strong>sono</strong></span> <span class='ocrx_word' id='word_1_639' title='bbox 1549 4753 1778 4811; x_wconf 68' lang='lat' dir='ltr'><strong>citharae</strong></span> <span class='ocrx_word' id='word_1_640' title='bbox 1806 4771 1897 4813; x_wconf 91' lang='lat' dir='ltr'><strong>res</strong></span> <span class='ocrx_word' id='word_1_641' title='bbox 1925 4772 2147 4828; x_wconf 89' lang='lat' dir='ltr'><strong>quoque</strong></span> <span class='ocrx_word' id='word_1_642' title='bbox 2203 4758 2353 4828; x_wconf 88' lang='lat' dir='ltr'><strong>ipsas</strong></span> <span class='ocrx_word' id='word_1_643' title='bbox 2391 4757 2572 4812; x_wconf 88' lang='lat' dir='ltr'><strong>anima</strong></span> <span class='ocrx_word' id='word_1_644' title='bbox 2615 4762 2870 4810; x_wconf 90' lang='lat' dir='ltr'><strong>carentes</strong></span> <span class='ocrx_word' id='word_1_645' title='bbox 2914 4751 3280 4809; x_wconf 89' lang='lat' dir='ltr'><strong>demulcebat.</strong></span> <span class='ocrx_word' id='word_1_646' title='bbox 3317 4748 3489 4820; x_wconf 76' lang='lat' dir='ltr'><strong>Hujus</strong></span> <span class='ocrx_word' id='word_1_647' title='bbox 3555 4740 3769 4815; x_wconf 62' lang='lat' dir='ltr'><strong>poema&quot;</strong></span> 
     </span>
    </p>
   </div>
   <div class='ocr_carea' id='block_1_88' title="bbox 560 4842 3770 4926">
    <p class='ocr_par' dir='ltr' id='par_1_88' title="bbox 560 4842 3770 4926">
     <span class='ocr_line' id='line_1_88' title="bbox 560 4842 3770 4926; baseline -0.004 -15"><span class='ocrx_word' id='word_1_648' title='bbox 560 4848 1062 4911; x_wconf 73' lang='lat' dir='ltr'><strong>circumferuntur.</strong></span> <span class='ocrx_word' id='word_1_649' title='bbox 1119 4847 1175 4901; x_wconf 85' lang='lat' dir='ltr'><strong>in</strong></span> <span class='ocrx_word' id='word_1_650' title='bbox 1233 4848 1433 4918; x_wconf 87' lang='lat' dir='ltr'><strong>quibus</strong></span> <span class='ocrx_word' id='word_1_651' title='bbox 1485 4865 1582 4918; x_wconf 85' lang='lat' dir='ltr'><strong>per</strong></span> <span class='ocrx_word' id='word_1_652' title='bbox 1628 4849 1879 4908; x_wconf 83' lang='lat' dir='ltr'><strong>fabulosa</strong></span> <span class='ocrx_word' id='word_1_653' title='bbox 1940 4855 2184 4926; x_wconf 87' lang='lat' dir='ltr'><strong>symbola</strong></span> <span class='ocrx_word' id='word_1_654' title='bbox 2242 4856 2469 4911; x_wconf 92' lang='lat' dir='ltr'><strong>deorum</strong></span> <span class='ocrx_word' id='word_1_655' title='bbox 2522 4853 2718 4909; x_wconf 90' lang='lat' dir='ltr'><strong>seriem</strong></span> <span class='ocrx_word' id='word_1_656' title='bbox 2773 4850 3134 4920; x_wconf 62' lang='lat' dir='ltr'><strong>essentiaque</strong></span> <span class='ocrx_word' id='word_1_657' title='bbox 3198 4848 3424 4911; x_wconf 89' lang='lat' dir='ltr'><strong>modos,</strong></span> <span class='ocrx_word' id='word_1_658' title='bbox 3477 4842 3770 4898; x_wconf 73' lang='grc' dir='ltr'>ἀεοτυιιιψιε</span> 
     </span>
    </p>
   </div>
   <div class='ocr_carea' id='block_1_89' title="bbox 560 4937 3767 5020">
    <p class='ocr_par' dir='ltr' id='par_1_89' title="bbox 560 4937 3767 5020">
     <span class='ocr_line' id='line_1_89' title="bbox 560 4937 3767 5020; baseline -0.006 -23"><span class='ocrx_word' id='word_1_659' title='bbox 560 4943 808 4998; x_wconf 87' lang='lat' dir='ltr'><strong>actiones</strong></span> <span class='ocrx_word' id='word_1_660' title='bbox 851 4940 1248 5012; x_wconf 87' lang='lat' dir='ltr'><strong>facultatesque</strong></span> <span class='ocrx_word' id='word_1_661' title='bbox 1295 4941 1577 4999; x_wconf 89' lang='lat' dir='ltr'><strong>describit.</strong></span> <span class='ocrx_word' id='word_1_662' title='bbox 1615 4943 1723 5000; x_wconf 81' lang='lat' dir='ltr'><strong>Has</strong></span> <span class='ocrx_word' id='word_1_663' title='bbox 1764 4954 1944 5001; x_wconf 90' lang='lat' dir='ltr'><strong>autem</strong></span> <span class='ocrx_word' id='word_1_664' title='bbox 1973 4948 2186 5005; x_wconf 89' lang='lat' dir='ltr'><strong>fabulas</strong></span> <span class='ocrx_word' id='word_1_665' title='bbox 2230 4948 2483 5020; x_wconf 91' lang='lat' dir='ltr'><strong>Orpheus</strong></span> <span class='ocrx_word' id='word_1_666' title='bbox 2542 4946 2776 5016; x_wconf 89' lang='lat' dir='ltr'><strong>turpiter</strong></span> <span class='ocrx_word' id='word_1_667' title='bbox 2839 4953 3005 5014; x_wconf 88' lang='lat' dir='ltr'><strong>atque</strong></span> <span class='ocrx_word' id='word_1_668' title='bbox 3044 4942 3281 4998; x_wconf 86' lang='lat' dir='ltr'><strong>obscene</strong></span> <span class='ocrx_word' id='word_1_669' title='bbox 3324 4938 3634 5011; x_wconf 89' lang='lat' dir='ltr'><strong>profaneque</strong></span> <span class='ocrx_word' id='word_1_670' title='bbox 3655 4937 3767 4979; x_wconf 84' lang='lat' dir='ltr'><strong>con-</strong></span> 
     </span>
    </p>
   </div>
   <div class='ocr_carea' id='block_1_90' title="bbox 565 5030 883 5100">
    <p class='ocr_par' dir='ltr' id='par_1_90' title="bbox 565 5030 883 5100">
     <span class='ocr_line' id='line_1_90' title="bbox 565 5030 883 5100; baseline 0 -13"><span class='ocrx_word' id='word_1_671' title='bbox 565 5031 720 5100; x_wconf 73' lang='lat' dir='ltr'><strong>fingit</strong></span> <span class='ocrx_word' id='word_1_672' title='bbox 749 5030 883 5100; x_wconf 76' lang='lat'><strong>(54).</strong></span> 
     </span>
    </p>
   </div>
   <div class='ocr_carea' id='block_1_91' title="bbox 642 5028 2229 5258">
    <p class='ocr_par' dir='ltr' id='par_1_91' title="bbox 642 5028 2051 5258">
     <span class='ocr_line' id='line_1_91' title="bbox 642 5030 883 5097; baseline 0.008 -12"><span class='ocrx_word' id='word_1_673' title='bbox 642 5032 720 5085; x_wconf 68' lang='lat' dir='ltr'><strong>uit</strong></span> <span class='ocrx_word' id='word_1_674' title='bbox 774 5030 883 5097; x_wconf 76' lang='grc'><strong>54).</strong></span> 
     </span>
     <span class='ocr_line' id='line_1_92' title="bbox 642 5028 2051 5258; baseline 0.002 -68"><span class='ocrx_word' id='word_1_675' title='bbox 642 5074 689 5190; x_wconf 56' lang='lat' dir='ltr'><strong>Di</strong></span> <span class='ocrx_word' id='word_1_676' title='bbox 701 5030 765 5191; x_wconf 77' lang='lat'><strong>9.(</strong></span> <span class='ocrx_word' id='word_1_677' title='bbox 787 5134 866 5189; x_wconf 85' lang='lat' dir='ltr'><strong>De</strong></span> <span class='ocrx_word' id='word_1_678' title='bbox 891 5028 991 5201; x_wconf 64' lang='lat' dir='ltr'><strong>leo,</strong></span> <span class='ocrx_word' id='word_1_679' title='bbox 1020 5134 1160 5205; x_wconf 77' lang='lat' dir='ltr'><strong>quod</strong></span> <span class='ocrx_word' id='word_1_680' title='bbox 1192 5136 1271 5258; x_wconf 53' lang='lat' dir='ltr'><strong>ai;</strong></span> <span class='ocrx_word' id='word_1_681' title='bbox 1294 5133 1603 5219; x_wconf 60' lang='lat' dir='ltr'><strong>Gregorius,</strong></span> <span class='ocrx_word' id='word_1_682' title='bbox 1636 5154 1885 5198; x_wconf 77' lang='lat' dir='ltr'><strong>ouercam</strong></span> <span class='ocrx_word' id='word_1_683' title='bbox 1908 5138 2051 5209; x_wconf 78' lang='lat' dir='ltr'><strong>loqui</strong></span> 
     </span>
     <span class='ocr_line' id='line_1_93' title="bbox 1272 5222 1474 5258; baseline 0 0"><span class='ocrx_word' id='word_1_684' title='bbox 1272 5222 1474 5258; x_wconf 83' lang='lat' dir='ltr'><strong>esusse.</strong></span> 
     </span>
    </p>
   </div>
   <div class='ocr_carea' id='block_1_92' title="bbox 2065 5028 3652 5258">
    <p class='ocr_par' dir='ltr' id='par_1_92' title="bbox 2391 5117 3652 5204">
     <span class='ocr_line' id='line_1_94' title="bbox 2391 5117 3652 5204; baseline -0.014 -13"><span class='ocrx_word' id='word_1_685' title='bbox 2391 5136 2478 5191; x_wconf 73' lang='lat' dir='ltr'><strong>tO&#39;.</strong></span> <span class='ocrx_word' id='word_1_686' title='bbox 2519 5135 2659 5204; x_wconf 76' lang='grc' dir='ltr'>Περὶ</span> <span class='ocrx_word' id='word_1_687' title='bbox 2699 5133 2806 5188; x_wconf 84' lang='grc' dir='ltr'><strong>τοῦ</strong></span> <span class='ocrx_word' id='word_1_688' title='bbox 2847 5132 3099 5199; x_wconf 69' lang='grc' dir='ltr'>λέϐητος</span> <span class='ocrx_word' id='word_1_689' title='bbox 3128 5128 3215 5198; x_wconf 80' lang='grc' dir='ltr'>μὴ</span> <span class='ocrx_word' id='word_1_690' title='bbox 3255 5117 3652 5195; x_wconf 56' lang='lat' dir='ltr'><strong>908mm-</strong></span> 
     </span>
    </p>
   </div>
   <div class='ocr_carea' id='block_1_93' title="bbox 1272 5222 1474 5264">
    <p class='ocr_par' dir='ltr' id='par_1_93' title="bbox 1272 5222 1474 5264">
     <span class='ocr_line' id='line_1_95' title="bbox 1272 5222 1474 5264; baseline 0.025 -5"><span class='ocrx_word' id='word_1_691' title='bbox 1272 5222 1474 5264; x_wconf 85' lang='lat' dir='ltr'><strong>esusse.</strong></span> 
     </span>
    </p>
   </div>
   <div class='ocr_carea' id='block_1_94' title="bbox 637 5261 2224 5373">
    <p class='ocr_par' dir='ltr' id='par_1_94' title="bbox 637 5296 2219 5373">
     <span class='ocr_line' id='line_1_96' title="bbox 637 5296 2219 5373; baseline 0.002 -20"><span class='ocrx_word' id='word_1_692' title='bbox 637 5296 864 5353; x_wconf 81' lang='lat' dir='ltr'><strong>Dodona</strong></span> <span class='ocrx_word' id='word_1_693' title='bbox 885 5296 1021 5353; x_wconf 88' lang='lat' dir='ltr'><strong>urbs</strong></span> <span class='ocrx_word' id='word_1_694' title='bbox 1038 5305 1125 5354; x_wconf 85' lang='lat' dir='ltr'><strong>est</strong></span> <span class='ocrx_word' id='word_1_695' title='bbox 1151 5297 1207 5354; x_wconf 92' lang='lat' dir='ltr'><strong>in</strong></span> <span class='ocrx_word' id='word_1_696' title='bbox 1224 5297 1388 5370; x_wconf 87' lang='lat' dir='ltr'><strong>Epiro</strong></span> <span class='ocrx_word' id='word_1_697' title='bbox 1417 5301 1616 5369; x_wconf 85' lang='lat' dir='ltr'><strong>sita,in</strong></span> <span class='ocrx_word' id='word_1_698' title='bbox 1642 5316 1750 5372; x_wconf 86' lang='lat' dir='ltr'><strong>qua</strong></span> <span class='ocrx_word' id='word_1_699' title='bbox 1763 5309 1882 5359; x_wconf 89' lang='lat' dir='ltr'><strong>erat</strong></span> <span class='ocrx_word' id='word_1_700' title='bbox 1906 5315 2146 5373; x_wconf 86' lang='lat' dir='ltr'><strong>quercus</strong></span> <span class='ocrx_word' id='word_1_701' title='bbox 2180 5358 2219 5373; x_wconf 41' lang='grc' dir='ltr'><strong>κ</strong></span> 
     </span>
    </p>
   </div>
   <div class='ocr_carea' id='block_1_95' title="bbox 2176 5261 3763 5373">
    <p class='ocr_par' dir='ltr' id='par_1_95' title="bbox 2180 5261 3763 5373">
     <span class='ocr_line' id='line_1_97' title="bbox 2180 5261 3763 5373; baseline -0.017 -20"><span class='ocrx_word' id='word_1_702' title='bbox 2180 5358 2219 5373; x_wconf 38' lang='grc' dir='ltr'>,λ</span> <span class='ocrx_word' id='word_1_703' title='bbox 2330 5296 2396 5349; x_wconf 86' lang='grc' dir='ltr'><em>Ἦ</em></span> <span class='ocrx_word' id='word_1_704' title='bbox 2436 5292 2665 5363; x_wconf 83' lang='grc' dir='ltr'><strong>Δωδώνη</strong></span> <span class='ocrx_word' id='word_1_705' title='bbox 2711 5291 2866 5354; x_wconf 76' lang='grc' dir='ltr'>πόλις</span> <span class='ocrx_word' id='word_1_706' title='bbox 2902 5289 3049 5343; x_wconf 76' lang='grc' dir='ltr'>ἐστὶν</span> <span class='ocrx_word' id='word_1_707' title='bbox 3084 5288 3143 5341; x_wconf 82' lang='grc' dir='ltr'>ὲν</span> <span class='ocrx_word' id='word_1_708' title='bbox 3186 5287 3251 5355; x_wconf 81' lang='grc' dir='ltr'>τῇ</span> <span class='ocrx_word' id='word_1_709' title='bbox 3293 5278 3522 5373; x_wconf 24' lang='grc' dir='ltr'>Ἠπείᾼρφ</span> <span class='ocrx_word' id='word_1_710' title='bbox 3550 5261 3763 5373; x_wconf 33' lang='lat' dir='ltr'><strong>suum</strong></span> 
     </span>
    </p>
   </div>
   <div class='ocr_carea' id='block_1_96' title="bbox 568 5358 2155 5484">
    <p class='ocr_par' dir='ltr' id='par_1_96' title="bbox 568 5389 2145 5464">
     <span class='ocr_line' id='line_1_98' title="bbox 568 5389 2145 5464; baseline 0.002 -19"><span class='ocrx_word' id='word_1_711' title='bbox 568 5389 687 5445; x_wconf 74' lang='grc' dir='ltr'><strong>,Ιογί</strong></span> <span class='ocrx_word' id='word_1_712' title='bbox 733 5405 914 5454; x_wconf 88' lang='lat' dir='ltr'><strong>sacra,</strong></span> <span class='ocrx_word' id='word_1_713' title='bbox 953 5391 1009 5446; x_wconf 90' lang='lat' dir='ltr'><strong>in</strong></span> <span class='ocrx_word' id='word_1_714' title='bbox 1053 5406 1226 5462; x_wconf 89' lang='lat' dir='ltr'><strong>eaque</strong></span> <span class='ocrx_word' id='word_1_715' title='bbox 1270 5393 1556 5449; x_wconf 88' lang='lat' dir='ltr'><strong>oraculum</strong></span> <span class='ocrx_word' id='word_1_716' title='bbox 1593 5394 1753 5464; x_wconf 88' lang='lat' dir='ltr'><strong>cujus</strong></span> <span class='ocrx_word' id='word_1_717' title='bbox 1803 5393 2145 5450; x_wconf 77' lang='lat' dir='ltr'><strong>mulierculae</strong></span> 
     </span>
    </p>
   </div>
   <div class='ocr_carea' id='block_1_97' title="bbox 2178 5358 3765 5484">
    <p class='ocr_par' dir='ltr' id='par_1_97' title="bbox 2178 5358 3765 5484">
     <span class='ocr_line' id='line_1_99' title="bbox 2178 5358 3765 5484; baseline -0.006 -71"><span class='ocrx_word' id='word_1_718' title='bbox 2178 5358 2223 5413; x_wconf 81' lang='grc' dir='ltr'><strong>Ι)</strong></span> <span class='ocrx_word' id='word_1_719' title='bbox 2248 5386 2350 5484; x_wconf 58' lang='lat' dir='ltr'><strong>:Ev</strong></span> <span class='ocrx_word' id='word_1_720' title='bbox 2382 5383 2556 5456; x_wconf 78' lang='grc' dir='ltr'>ταύτῃ</span> <span class='ocrx_word' id='word_1_721' title='bbox 2594 5358 2780 5435; x_wconf 75' lang='grc' dir='ltr'>ἵστατο</span> <span class='ocrx_word' id='word_1_722' title='bbox 2803 5378 2933 5451; x_wconf 83' lang='grc' dir='ltr'>δρῦς</span> <span class='ocrx_word' id='word_1_723' title='bbox 2962 5376 3085 5483; x_wconf 49' lang='grc' dir='ltr'>ἱερά</span> <span class='ocrx_word' id='word_1_724' title='bbox 3102 5374 3213 5484; x_wconf 41' lang='lat' dir='ltr'><strong>rei}!</strong></span> <span class='ocrx_word' id='word_1_725' title='bbox 3233 5374 3372 5437; x_wconf 80' lang='grc' dir='ltr'>Διός,</span> <span class='ocrx_word' id='word_1_726' title='bbox 3413 5358 3765 5484; x_wconf 39' lang='grc' dir='ltr'>Καῖἐνιταᾝ</span> 
     </span>
    </p>
   </div>
   <div class='ocr_carea' id='block_1_98' title="bbox 572 5452 2159 5558">
    <p class='ocr_par' dir='ltr' id='par_1_98' title="bbox 572 5452 2147 5558">
     <span class='ocr_line' id='line_1_100' title="bbox 572 5452 2147 5558; baseline 0.003 -22"><span class='ocrx_word' id='word_1_727' title='bbox 572 5452 934 5553; x_wconf 63' lang='lat' dir='ltr'><strong>prophetissae</strong></span> <span class='ocrx_word' id='word_1_728' title='bbox 959 5452 1153 5541; x_wconf 51' lang='lat' dir='ltr'><strong>erant:</strong></span> <span class='ocrx_word' id='word_1_729' title='bbox 1178 5484 1358 5557; x_wconf 79' lang='lat' dir='ltr'><strong>Atque</strong></span> <span class='ocrx_word' id='word_1_730' title='bbox 1387 5486 1466 5542; x_wconf 88' lang='lat' dir='ltr'><strong>illi</strong></span> <span class='ocrx_word' id='word_1_731' title='bbox 1497 5488 1591 5558; x_wconf 89' lang='lat' dir='ltr'><strong>qui</strong></span> <span class='ocrx_word' id='word_1_732' title='bbox 1627 5452 1909 5544; x_wconf 73' lang='lat' dir='ltr'><strong>oraculum</strong></span> <span class='ocrx_word' id='word_1_733' title='bbox 1944 5502 2147 5543; x_wconf 87' lang='lat' dir='ltr'><strong>consu-</strong></span> 
     </span>
    </p>
   </div>
   <div class='ocr_carea' id='block_1_99' title="bbox 2155 5452 3742 5558">
    <p class='ocr_par' dir='ltr' id='par_1_99' title="bbox 2247 5452 3742 5558">
     <span class='ocr_line' id='line_1_101' title="bbox 2247 5452 3742 5558; baseline -0.018 -26"><span class='ocrx_word' id='word_1_734' title='bbox 2247 5473 2315 5551; x_wconf 74' lang='grc' dir='ltr'>ἦν</span> <span class='ocrx_word' id='word_1_735' title='bbox 2354 5476 2415 5530; x_wconf 82' lang='grc' dir='ltr'>τὸ</span> <span class='ocrx_word' id='word_1_736' title='bbox 2461 5452 2710 5546; x_wconf 71' lang='grc' dir='ltr'>μαντεῖον</span> <span class='ocrx_word' id='word_1_737' title='bbox 2760 5471 3035 5540; x_wconf 81' lang='grc' dir='ltr'>γυναικῶν</span> <span class='ocrx_word' id='word_1_738' title='bbox 3079 5467 3254 5524; x_wconf 78' lang='grc' dir='ltr'>οὐσῶν</span> <span class='ocrx_word' id='word_1_739' title='bbox 3294 5454 3615 5558; x_wconf 48' lang='lat' dir='ltr'><strong>«pensior-tv</strong></span> 
     </span>
    </p>
   </div>
   <div class='ocr_carea' id='block_1_100' title="bbox 573 5529 2160 5647">
    <p class='ocr_par' dir='ltr' id='par_1_100' title="bbox 573 5529 2146 5647">
     <span class='ocr_line' id='line_1_102' title="bbox 573 5529 2115 5558; baseline 0.005 -21"><span class='ocrx_word' id='word_1_740' title='bbox 573 5529 934 5553; x_wconf 57' lang='grc' dir='ltr'><strong>ν--,,....-....η..</strong></span> <span class='ocrx_word' id='word_1_741' title='bbox 961 5529 1137 5541; x_wconf 67' lang='lat'><strong>-._..-.</strong></span> <span class='ocrx_word' id='word_1_742' title='bbox 1178 5529 1357 5557; x_wconf 52' lang='grc' dir='ltr'><strong>...η-ν</strong></span> <span class='ocrx_word' id='word_1_743' title='bbox 1497 5529 1591 5558; x_wconf 63' lang='grc' dir='ltr'><strong>Ψ..</strong></span> <span class='ocrx_word' id='word_1_744' title='bbox 1627 5529 1909 5544; x_wconf 69' lang='grc' dir='ltr'><strong>ν....η.......</strong></span> <span class='ocrx_word' id='word_1_745' title='bbox 1945 5529 2115 5543; x_wconf 56' lang='lat' dir='ltr'><strong>wn..-</strong></span> 
     </span>
     <span class='ocr_line' id='line_1_103' title="bbox 573 5574 2146 5647; baseline 0 -18"><span class='ocrx_word' id='word_1_746' title='bbox 573 5575 781 5638; x_wconf 86' lang='lat' dir='ltr'><strong>lebant,</strong></span> <span class='ocrx_word' id='word_1_747' title='bbox 812 5591 1076 5647; x_wconf 89' lang='lat' dir='ltr'><strong>quercum</strong></span> <span class='ocrx_word' id='word_1_748' title='bbox 1095 5574 1568 5647; x_wconf 72' lang='lat' dir='ltr'><strong>ingrediebantur,</strong></span> <span class='ocrx_word' id='word_1_749' title='bbox 1594 5592 1657 5634; x_wconf 81' lang='lat' dir='ltr'><strong>ac</strong></span> <span class='ocrx_word' id='word_1_750' title='bbox 1681 5586 1796 5633; x_wconf 90' lang='lat' dir='ltr'><strong>tum</strong></span> <span class='ocrx_word' id='word_1_751' title='bbox 1827 5576 2146 5633; x_wconf 85' lang='lat' dir='ltr'><strong>movebatur</strong></span> 
     </span>
    </p>
   </div>
   <div class='ocr_carea' id='block_1_101' title="bbox 2179 5529 3766 5647">
    <p class='ocr_par' dir='ltr' id='par_1_101' title="bbox 2252 5529 3766 5641">
     <span class='ocr_line' id='line_1_104' title="bbox 2252 5529 3766 5641; baseline -0.026 -17"><span class='ocrx_word' id='word_1_752' title='bbox 2252 5529 2501 5641; x_wconf 51' lang='grc' dir='ltr'>εἰσῄεσαν</span> <span class='ocrx_word' id='word_1_753' title='bbox 2528 5571 2575 5621; x_wconf 89' lang='lat' dir='ltr'><strong>oi</strong></span> <span class='ocrx_word' id='word_1_754' title='bbox 2601 5529 2983 5638; x_wconf 68' lang='grc' dir='ltr'>μαντεύόμενοι</span> <span class='ocrx_word' id='word_1_755' title='bbox 3011 5558 3160 5632; x_wconf 85' lang='grc' dir='ltr'><strong>παρά</strong></span> <span class='ocrx_word' id='word_1_756' title='bbox 3182 5560 3279 5631; x_wconf 84' lang='grc' dir='ltr'><strong>τὴν</strong></span> <span class='ocrx_word' id='word_1_757' title='bbox 3302 5529 3446 5630; x_wconf 71' lang='grc' dir='ltr'>δρῦν,</span> <span class='ocrx_word' id='word_1_758' title='bbox 3468 5548 3551 5603; x_wconf 73' lang='grc' dir='ltr'><strong>καὶ</strong></span> <span class='ocrx_word' id='word_1_759' title='bbox 3573 5529 3766 5595; x_wconf 67' lang='grc' dir='ltr'>ἐκινεῖτο</span> 
     </span>
    </p>
   </div>
   <div class='ocr_carea' id='block_1_102' title="bbox 655 5707 1562 5779">
    <p class='ocr_par' dir='ltr' id='par_1_102' title="bbox 655 5707 1562 5779">
     <span class='ocr_line' id='line_1_105' title="bbox 655 5707 1562 5779; baseline -0.002 -16"><span class='ocrx_word' id='word_1_760' title='bbox 655 5708 768 5779; x_wconf 71' lang='grc' dir='ltr'>(ει)</span> <span class='ocrx_word' id='word_1_761' title='bbox 793 5707 1006 5765; x_wconf 83' lang='lat' dir='ltr'><strong>inclusa</strong></span> <span class='ocrx_word' id='word_1_762' title='bbox 1036 5709 1235 5764; x_wconf 88' lang='lat' dir='ltr'><strong>desunt</strong></span> <span class='ocrx_word' id='word_1_763' title='bbox 1259 5709 1314 5765; x_wconf 91' lang='lat' dir='ltr'><strong>in</strong></span> <span class='ocrx_word' id='word_1_764' title='bbox 1351 5707 1562 5766; x_wconf 57' lang='lat' dir='ltr'><strong>Greco.</strong></span> 
     </span>
    </p>
   </div>
  </div>
