4018 6296
232 234 378 291 1045

1070 226 1160 282 AD
1202 228 1261 283 s.
1307 224 1636 283 GREGORII
1676 223 1890 282 ORAT.
1932 222 1977 279 ιι
2017 219 2298 281 comas
2335 198 2709 276 JULIANUM.

3348 210 3485 267 1046

228 346 395 418 δῆθεν
422 345 458 415 ἡ
495 342 625 415 δρῢς
645 359 657 371 ·
679 340 772 395 καὶ
796 339 981 394 λοιπὸν
1013 340 1342 411 ἐφθέγγοντο
1366 342 1420 394 αἱ
1436 341 1689 408 γυναῖκες
1716 339 1807 392 λέ·
1836 342 1858 398 Δ

1935 336 2121 392 .cilicet
2165 347 2424 405 quercus,
2458 337 2757 401 posteaque
2790 324 3156 397 loquebantur
3201 320 3484 385 mulieres,

229 455 452 507 γουσαι,
480 437 561 491 ὅτι
593 435 728 488 Τάδε
759 433 1013 505 προλέγει
1039 436 1066 488 6
1087 433 1240 499 Ζεύς.
1276 435 1349 487 Τὸ
1383 434 1438 487 δὲ
1467 433 1595 504 περὶ
1616 431 1707 486 τοῦ
1730 430 1818 485 λέ-

229 531 399 602 ϐητος
423 528 664 583 τοιοῦτόν
690 528 837 580 ἐστιν
857 544 869 557 ⁸
908 526 996 579 Ἐν
1019 524 1188 598 ταύτῃ
1215 528 1281 597 τῇ
1313 523 1539 597 Δωδώνῃ
1575 524 1815 593 λέγεται,

229 626 315 677 δτι
355 625 415 675 ἐν
448 621 572 691 ὕψει
604 620 711 673 τινὶ
755 620 942 672 ἵστατο
990 618 1215 690 ἀνδριὰς
1267 618 1550 688 βαστάζων
1601 617 1816 689 ῥάϐδον,

230 718 331 769 xit
380 712 512 784 παρ’
534 712 695 766 αὐτὸν
724 710 884 782 λέϐης
914 727 997 773 τις
1036 709 1238 763 ἵστατο.
1268 711 1329 764 Oi
1357 705 1449 762 οὖν
1482 708 1817 779 μαντευόμε-

232 822 317 857 νοι
342 847 356 870 ,
392 803 623 873 ἤρχοντο
668 801 819 870 παρὰ
854 801 945 854 τὸν
990 800 1151 854 τόπον
1178 798 1401 865 τοῦτον,
1440 799 1535 852 καὶ
1569 796 1814 870 ηὔχοντο.

234 895 370 947 Ὅτε
390 888 483 946 οὖν
504 891 663 962 ἦθελε
691 892 1084 963 χρησμῳδῆσαι
1122 891 1303 954 αὐτοῖς
1326 893 1354 944 6
1374 890 1516 955 θεός,
1545 892 1574 945 ό
1600 890 1819 961 ἀνδριὰς

233 990 446 1051 ἐκεῖνος
475 986 630 1040 ἐπαιε
661 988 728 1057 τῇ
762 986 943 1058 ῥάϐδῳ
973 986 1065 1041 τὸν
1093 984 1293 1057 λέϐητα
1313 1003 1326 1016 ·
1354 980 1471 1039 εἶτα
1516 987 1637 1057 ῆχει
1673 986 1701 1038 ὁ
1732 984 1821 1039 λέ-

233 1079 362 1149 ϐης.
397 1080 492 1133 καὶ
536 1080 600 1132 ἐκ
638 1078 730 1132 τοῦ
770 1078 994 1150 λέϐητος
1031 1075 1162 1150 ἦχός
1189 1097 1274 1143 τις
1304 1079 1617 1133 ἀπετελεῖτο
1663 1080 1820 1150 ἐναρ-

239 1170 427 1242 μόνιος
454 1188 468 1202 ο
501 1170 595 1224 καὶ
625 1169 977 1242 ἐνεφοροῦντο
1002 1174 1057 1224 αἱ
1084 1171 1442 1245 προφήτιδες,
1491 1171 1585 1225 καὶ¹
1636 1171 1820 1241 ἔλεγον

232 1260 273 1316 ὃ.
306 1263 490 1326 αὐτοῖς
518 1264 549 1316 6
578 1262 787 1333 δαίμων
811 1261 1082 1318 ἐνέϐαλλε.

690 1464 760 1512 κ’.
792 1458 932 1529 Περὶ
973 1459 1083 1529 τῆς
1134 1462 1379 1527 Πυθίας.

308 1548 510 1613 Φωκὶς,
538 1546 689 1620 χώρα
722 1550 873 1602 ἐστὶν
903 1552 962 1604 ἐν
996 1554 1062 1622 τῇ
1113 1552 1345 1606 Ἑλλάδι.
1391 1554 1477 1606 Ἑν
1507 1552 1678 1627 ταύτῃ
1706 1553 1817 1609 ἐστὶ

1917 426 2158 498 quidque
2195 425 2402 481 diceret
2443 421 2685 493 Jupiter,
2735 416 3145 475 renuntiabant.
3196 411 3270 467 De
3314 410 3489 466 lehete

1917 525 2100 575 autem
2130 518 2205 572 ita
2230 531 2291 572 se
2318 514 2483 569 habet
2512 512 2746 568 historia
2777 529 2789 565 :
2826 510 2886 564 ln
2911 506 3103 564 eadem
3134 503 3270 558 urbe
3305 508 3487 556 statua

1918 610 2167 680 quaedam
2208 614 2329 663 erat
2360 607 2415 661 in
2445 605 2668 661 sublimi
2693 602 2929 675 quodam
2964 602 3087 656 loco
3133 606 3335 662 erecta,
3370 595 3489 649 vir-

1916 717 2038 774 gam
2066 709 2309 771 gestans,
2345 698 2494 752 circa
2526 710 2691 767 quam
2732 694 2881 750 lebes
2917 690 3141 762 quidam
3174 689 3316 743 ﬁxus
3344 693 3486 742 erat.

1917 794 2059 864 Ergo
2089 793 2183 864 qui
2213 791 2497 847 oraculum
2526 787 2910 847 consulebant,
2934 782 3000 837 ad
3040 782 3188 835 hunc
3224 780 3404 833 locum
3430 791 3491 832 se

1918 882 2295 950 conferebant,
2319 893 2622 951 precesque
2656 876 2979 931 fundebant.
2995 872 3132 928 Cum
3163 871 3329 942 igitur
3352 868 3490 939 ipsis

1919 992 2180 1047 responsa
2209 975 2341 1030 dare
2368 974 2531 1030 vellet
2560 972 2717 1036 deus,
2751 978 2933 1027 statua
2963 968 3054 1023 illa
3078 966 3309 1021 lebetem
3337 964 3488 1033 virga

1919 1068 2174 1131 feriebat,
2217 1081 2281 1121 ac
2312 1065 2581 1120 tinniebat
2612 1064 2782 1130 lebes,
2813 1060 3226 1129 concinnusque
3267 1055 3487 1126 quidam

1919 1175 2094 1217 sonus
2127 1174 2195 1213 ex
2232 1173 2299 1212 eo
2326 1156 2614 1213 edebatur.
2647 1152 2787 1208 Tum
2815 1166 2947 1217 vero
2976 1150 3202 1206 numine
3229 1146 3491 1203 afﬂaban-

1921 1262 2010 1308 tur
2038 1248 2425 1322 prophetissze,
2467 1261 2700 1319 quaeque
2730 1246 2868 1316 ipsis
2897 1244 3111 1298 daemon
3142 1238 3488 1311 suggerebat,

1920 1342 2304 1415 loquebantur.

2476 1450 2569 1506 20.
2601 1450 2677 1504 De
2712 1447 2929 1520 Pythia.

1992 1544 2052 1601 In
2087 1543 2347 1607 Phocide,
2376 1558 2497 1613 qua:
2516 1541 2740 1596 Graecia:
2773 1539 2929 1611 regio
2958 1545 3064 1602 est,
3095 1533 3494 1605 Delphosmrbs

238 1639 400 1703 πόλις
439 1641 747 1713 καλουμένη
792 1641 1004 1711 Δελφοί.
1043 1643 1130 1695 Ἐν
1162 1643 1334 1715 ταύτῃ
1359 1644 1506 1698 ἐστὶν
1546 1623 1689 1716 ίερδν
1725 1643 1820 1699 τοῦ
1853 1710 1858 1716 ι

1935 1645 2074 1702 erat,
2110 1639 2166 1693 in
2192 1650 2366 1705 eaque
2408 1632 2677 1705 Apollinis
2710 1631 2996 1700 templum,
3038 1626 3259 1683 nomine
3294 1623 3491 1695 Pytho.

258 1709 626 1794 Ἀπόλλωνος,
647 1728 675 1781 δ
695 1709 939 1784 καλεῖται
969 1729 1150 1784 Πυθώ.
1177 1733 1264 1785 Ἐν
1294 1709 1470 1805 τούτῳ
1496 1735 1576 1805 τῷ
1597 1709 1735 1805 ’ἱερῷ
1754 1730 1822 1805 ἦν
1853 1710 1858 1763 Ῑ

1935 1731 1984 1785 ln
2016 1730 2123 1784 hoc
2153 1742 2318 1799 porro
2346 1725 2549 1795 templo
2588 1724 2768 1795 tripus
2798 1730 2937 1789 erat,
2977 1719 3284 1789 calculique
3305 1716 3496 1771 vatici-

238 1823 547 1894 ότρίπους,
580 1824 676 1878 καὶ
727 1825 784 1877 αί
831 1824 1002 1894 ψῆφοι
1051 1827 1107 1878 αἱ
1149 1826 1427 1895 μαντικαί.
1473 1828 1584 1880 Καὶ
1631 1829 1688 1880 αἱ
1724 1827 1822 1896 μὲν

243 1915 510 1986 μαντικαὶ
529 1915 699 1986 ψῆφοι
721 1912 860 1987 ἦσαν
881 1919 939 1970 ἐν
955 1921 1019 1988 τῇ
1045 1920 1208 1992 φιάλῃ
1228 1919 1322 1972 τοῦ
1340 1920 1604 1990 τρίποδος.
1633 1920 1823 1973 Ἡνίκα

237 2004 338 2061 οὖν
371 2008 400 2060 6
433 2007 833 2078 μαντευόμενος
888 2009 1075 2081 ἠρώτα
1129 2012 1255 2082 περὶ
1308 2011 1408 2081 τῆς
1462 2011 1738 2081 μαντείας,
1766 2012 1824 2064 αἱ

238 2098 417 2169 ψῆφοι
450 2098 675 2167 ἥλλοντο
706 2100 796 2153 καὶ
828 2100 1103 2154 ἐκινοῦντο
1140 2102 1199 2153 ἐν
1236 2105 1300 2172 τῇ
1344 2102 1531 2173 φιάλῃ.
1569 2102 1702 2154 Τότε
1731 2097 1825 2155 οὖν

242 2193 278 2261 ἠ
313 2189 616 2262 [προφῆτις
664 2192 749 2247 vel
802 2191 994 2264 ἱέρεια]
1050 2196 1395 2265 ἐνεφορεῖτο,
1432 2196 1524 2248 καὶ
1577 2194 1762 2262 ἔλεγεν
1789 2193 1825 2248 ἃ

242 2280 440 2351 ἢθελεν
466 2283 496 2335 6
534 2282 809 2337 Ἀπόλλων
837 2300 850 2313 ·
885 2284 1132 2338 ἐκαλεῖτο
1167 2286 1223 2338 δὲ
1252 2288 1285 2356 ἡ
1322 2287 1592 2357 προφῆτις
1626 2286 1821 2340 Πυθία.

242 2372 467 2445 Ταύτην
497 2372 833 2445 πληροῦσθαι
885 2371 1037 2429 εἶπεν
1079 2377 1310 2431 ἐνταῦθα
1345 2379 1439 2431 καὶ
1471 2377 1827 2450 ἐμφορεῖσθαι

244 2464 342 2517 καὶ
363 2464 761 2521 ἐνθουσιᾶσθαι.
794 2544 801 2547 μ

624 2586 728 2634 κα’.
765 2581 903 2651 Περὶ
933 2581 1044 2651 τῆς
1076 2584 1441 2649 Κασταλίας.

314 2672 478 2744 nm
508 2667 575 2744 ἦν
600 2674 657 2725 ἐν
682 2675 866 2748 Δάφνῃ
891 2678 954 2746 τῇ
985 2674 1129 2728 κατὰ
1158 2676 1505 2745 Ἀντιόχειαν,
1533 2674 1590 2727 ἐν
1672 2673 1828 2742 λέγε-

251 2778 340 2815 ται
392 2763 485 2815 τὸν
536 2764 843 2817 Ἀπόλλωνα
895 2765 1252 2837 παρεδρεύειν
1277 2808 1289 2827 ,
1321 2766 1416 2818 καὶ
1454 2763 1710 2835 μαντείας
1737 2764 1831 2816 καὶ

249 2854 535 2926 χρησμοὺς
556 2858 669 2919 τοῖς
692 2856 1024 2928 ἐρχομένοις,
1046 2873 1113 2909 πε
1123 2857 1175 2927 pl.
1190 2855 1251 2908 τὸ
1267 2854 1411 2925 ὕδωρ
1432 2854 1720 2922 λέγεσθαι·
1744 2854 1831 2906 λέ-

259 2963 409 3015 γεται
427 2947 503 3009 δὲ,
522 2949 603 3001 ὅτι
633 2948 793 3018 ἡνίκα
816 2947 1140 3019 ἐμαντεύετό
1157 2965 1238 3011 τις
1255 2950 1311 2999 ἐν
1340 2946 1415 3017 τῷ
1446 2947 1592 3017 τόπῳ
1624 2946 1797 3017 τούτῳ
1813 2985 1829 3011 ,

1926 1823 2000 1878 nii
2031 1821 2086 1875 in
2128 1819 2362 1890 tripodis
2411 1819 2614 1889 phiala.
2660 1817 2796 1872 Cum
2832 1829 2962 1885 ergo
2994 1815 3041 1870 is
3073 1813 3166 1883 qui
3204 1808 3496 1866 oraculum

1925 1915 2131 1978 adibat,
2163 1926 2486 1982 responsum
2522 1911 2762 1980 petebat,
2798 1907 2994 1962 calculi
3041 1904 3400 1977 prosiliebant
3433 1915 3497 1955 ac

1925 2004 2283 2059 movebantur
2315 2019 2328 2054 :
2364 2015 2427 2055 ac
2471 2007 2586 2053 tum
2637 1998 3010 2069 prophetissa,
3041 2010 3204 2065 quam
3245 1991 3501 2063 Pythiam

1926 2097 2264 2153 sacerdotem
2296 2093 2588 2155 vocabant,
2627 2091 2852 2145 numine
2882 2089 3231 2159 implebatur,
3254 2083 3500 2139 dicebat-

1925 2204 2032 2259 que
2068 2186 2332 2258 quidquid
2364 2183 2602 2256 Apollini
2625 2183 2988 2237 collibuisset.
3025 2179 3181 2245 Quod
3226 2176 3370 2232 enim
3398 2176 3505 2229 hoc

1926 2283 2048 2336 loco
2078 2278 2379 2350 Gregorius
2410 2291 2531 2333 eam
2563 2275 2779 2346 impleri
2807 2274 2903 2337 ait,
2932 2272 3073 2328 idem
3110 2280 3197 2326 est
3224 2266 3371 2339 quod
3399 2281 3504 2321 nu-

1927 2373 2075 2427 mine
2104 2369 2300 2426 afﬂari.

2467 2569 2556 2625 2|.
2596 2566 2671 2621 De
2696 2563 2961 2620 Castalia.

1997 2666 2234 2723 Castalia
2281 2662 2404 2718 fons
2449 2668 2568 2716 erat
2601 2659 2656 2713 in
2700 2655 3011 2719 Antiochia,
3063 2653 3152 2706 cui
3193 2650 3502 2721 Apollinem

1931 2757 2177 2815 assidere
2209 2761 2423 2809 veteres
2447 2750 2726 2813 dicebant,
2767 2754 2929 2816 atque
2962 2742 3183 2797 oracula
3210 2740 3276 2794 ad
3308 2753 3507 2809 aquam

1930 2853 2111 2908 edere.
2144 2848 2392 2916 Cumque
2417 2857 2482 2898 eo
2501 2839 2722 2911 quidam
2753 2837 2965 2892 oraculi
2991 2832 3316 2890 consulendi
3340 2844 3509 2893 causa

1934 2961 1994 3001 se
2021 2939 2402 3001 conferebant,
2428 2949 2571 3004 aqua
2603 2932 2717 2997 illa,
2746 2941 2807 2984 ut
2836 2929 3039 2993 ferunt,
3074 2940 3238 2981 auras
3264 2933 3318 2979 et
3347 2922 3510 2978 ﬂatus

251 3014 320 3089 ac
329 3053 429 3107 ρας
448 3037 601 3101 τινὰς
626 3014 721 3090 ita!
752 3014 921 3101 πνοάς
941 3038 1002 3091 τδ
1018 3038 1160 3110 ὕδωρ
1183 3014 1443 3101 ἀνεδίδου,
1474 3014 1574 3090 κατ’
1598 3014 1837 3091 ἀναδιδο-

1938 3033 2224 3091 emittebat
2263 3048 2276 3084 :
2319 3043 2383 3082 ac
2434 3038 2548 3081 tum
2594 3023 2930 3086 sacerdotes,
2981 3019 3075 3089 qui
3108 3018 3257 3073 circa
3301 3014 3510 3095 fontem

255 3130 436 3201 μένων
462 3130 571 3183 τῶν
592 3130 849 3185 τοιούτων
878 3132 1223 3201 πνευμάτων,
1244 3133 1291 3184 οί
1323 3131 1488 3202 ἱερεῖς
1517 3132 1565 3184 οἱ
1590 3132 1715 3203 περὶ
1737 3132 1835 3203 τὴν

254 3221 441 3293 πηγὴν
463 3220 843 3284 ἐνθουσιῶντες
863 3221 1065 3290 ἔλεγον,
1097 3220 1133 3275 ἃ
1167 3221 1356 3292 ἢθελεν
1380 3223 1408 3273 6
1435 3221 1662 3292 δαίμων.

480 3332 582 3404 κβ’.
621 3332 761 3400 Περὶ
800 3332 907 3387 τοῦ
952 3333 1325 3398 ’Λπόλλωνος
1362 3330 1623 3401 ἀφώνου.

327 3426 463 3498 Περὶ
497 3425 687 3477 τούτου
729 3424 908 3477 τοίνυν
949 3423 1042 3476 τοῦ
1073 3423 1384 3494 ἀνδριάντος
1424 3422 1526 3475 ποῦ
1559 3440 1618 3475 τε
1656 3421 1841 3476 ἵστατο

258 3520 355 3572 καὶ
388 3517 505 3581 πῶς
539 3517 855 3587 ἐφθέγγετο,
893 3519 1054 3588 ἡμεῖς
1092 3516 1190 3586 οὐχ
1238 3516 1621 3586 ἱστορήσαμεν.
1657 3517 1750 3569 Δεῖ
1784 3515 1841 3569 δὲ

259 3609 504 3682 νομίζειν
540 3606 680 3664 εἶναι
718 3610 810 3663 τὸν
845 3608 1138 3679 ἀνδριάντα
1174 3609 1231 3662 ἐν
1275 3607 1516 3675 Δελφοῖς,
1552 3608 1647 3661 καὶ
1679 3607 1841 3661 αὐτὸν

258 3703 447 3775 φωνὴν
502 3700 772 3773 άναρθρον
823 3699 1242 3770 άποπέμποντα.
1281 3699 1495 3754 Είδέναι
1533 3699 1642 3772 γὰρ
1700 3699 1840 3771 χρὴ,

259 3798 345 3850 ὅτι
378 3796 435 3848 αἱ
466 3794 575 3847 τῶν
616 3793 885 3865 δαιμόνων
917 3794 1089 3860 φωναὶ
1128 3793 1387 3864 ἄναρθροι
1429 3795 1535 3846 είσι
1562 3792 1649 3846 διὰ
1679 3792 1740 3845 τὸ
1769 3792 1844 3864 μὴ

261 3886 409 3957 ἔχειν
451 3885 657 3956 δργανα
690 3883 1002 3954 φωνητικὰ,
1028 3884 1174 3948 ὅπως
1217 3882 1595 3939 διατυπώσωσι
1629 3884 1725 3956 τὴν
1762 3883 1845 3949 ἐξ·

262 3976 569 4051 ερχομένην
595 3978 797 4048 φωνήν.

626 4080 627 4085 ¹
685 4089 790 4159 κγ’.
836 4089 976 4157 Περὶ
1018 4087 1125 4156 τῆς
1167 4089 1428 4158 Δάφνης.

332 4185 551 4253 Δάφνη,
585 4181 746 4250 φησι,
771 4180 907 4252 κόρη
950 4179 1217 4250 ὑπῆρχεν,
1254 4180 1319 4231 ἐκ
1350 4178 1599 4242 Λάδωνος
1623 4179 1716 4233 τοῦ
1748 4196 1846 4233 πο-

266 4272 446 4345 ταμοῦ
487 4272 582 4326 καὶ
617 4270 725 4342 Γῆς
757 4272 861 4340 γῆς
886 4270 984 4343 τὴν
1024 4271 1236 4339 γένεσιν
1282 4271 1644 4342 εὐτυχήσασα.
1676 4270 1848 4343 Αὕτη,

1938 3136 2113 3192 erant,
2149 3140 2269 3196 qua:
2294 3119 2558 3178 daemonis
2596 3117 2853 3171 voluntas
2884 3113 3125 3178 tulisset,
3148 3108 3425 3165 dicebant.

2427 3315 2517 3369 22.
2548 3314 2622 3368 De
2648 3322 2829 3366 statua
2845 3318 3014 3364 muta.

2012 3413 2087 3467 De
2125 3412 2227 3466 hac
2257 3419 2457 3473 statua,
2491 3421 2591 3462 nec
2618 3419 2730 3474 quo
2768 3410 3042 3472 tempore,
3078 3412 3179 3453 nec
3212 3396 3304 3450 ubi
3332 3401 3516 3450 erecta

1941 3506 2128 3570 fuerit,
2168 3519 2272 3559 nec
2300 3499 2575 3573 quomodo
2607 3497 2958 3568 loquebatur,
2990 3490 3290 3563 quidquam
3340 3486 3519 3542 histo-

1940 3597 2040 3654 riis
2073 3595 2348 3668 proditum
2380 3589 2707 3661 reperimus.
2739 3582 3185 3641 Existimandum
3222 3586 3308 3636 est
3333 3588 3518 3632 autem

1943 3687 2262 3761 Delphicam
2284 3696 2505 3755 quoque
2534 3687 2799 3743 statuam,
2835 3690 2959 3731 cum
2997 3672 3164 3728 verba
3185 3669 3407 3731 faceret,
3437 3668 3523 3721 in-

1945 3781 2264 3838 articulatas
2285 3792 2452 3832 voces
2471 3773 2760 3828 extulisse.
2789 3767 2965 3823 Voces
2991 3766 3194 3836 quippe
3216 3761 3523 3816 daemonum

1946 3875 2170 3930 minime
2201 3869 2504 3925 articulata:
2536 3873 2686 3929 sunt,
2710 3878 2775 3918 eo
2804 3858 2947 3932 quod
2975 3856 3259 3913 vocalibus
3277 3851 3525 3924 organis,

1946 3968 2146 4040 quibus
2175 3970 2439 4022 exeuntes
2473 3973 2641 4015 voces
2669 3955 3081 4025 imprimantur,
3107 3955 3351 4004 careant.

2522 4073 2614 4126 23.
2649 4070 2721 4124 De
2755 4068 2932 4121 Laure
2947 4105 2960 4118 .

1942 4182 1947 4187 ‘
2021 4171 2271 4242 Daphne,
2305 4176 2366 4221 ut
2401 4166 2584 4221 lerunt
2619 4160 2840 4227 fabulae,
2872 4156 3113 4213 Ladonis
3133 4157 3313 4209 amnis
3339 4154 3449 4220 (55)
3478 4164 3532 4209 et

1951 4263 2133 4318 Terrae
2166 4258 2273 4315 ﬁlia
2303 4265 2443 4313 erat.
2486 4254 2613 4309 Haec
2646 4251 2846 4307 eximia
2884 4249 3069 4304 forma:
3122 4243 3535 4318 pulchritudine

268 4333 436 4439 φησὶ,
472 4333 897 4436 περικαλλῆςΙτε
928 4333 1062 4416 οὖσα
1094 4361 1172 4433 τῷ
1215 4363 1365 4427 εῖδει,
1508 4333 1851 4435 ὼραῖζομένῆ

1956 4360 2120 4423 atque
2179 4344 2453 4417 elegantia
2518 4341 2829 4412 Apollinem
2907 4351 3092 4391 amore
3158 4333 3532 4393 inﬂammavit,

269 4463 391 4524 ταῖς
415 4458 572 4528 ὕψεσι
593 4496 608 4520 ,
644 4457 722 4520 εἰς
757 4456 935 4527 ἔρωτα
985 4455 1203 4526 ἐκίνησε
1239 4456 1331 4509 τὸν
1378 4454 1689 4508 Ἀπόλλωνα
1709 4471 1721 4484 ·
1749 4468 1777 4508 ο
1798 4455 1856 4510 δέ

284 4550 564 4606 Ἀπόλλων
607 4548 925 4616 κινούμενος
947 4547 1012 4600 ἐκ
1059 4546 1153 4599 τοῦ
1197 4545 1399 4619 ἔρωτος
1419 4585 1434 4610 ,
1463 4546 1727 4601 ἐπεδίωκε
1758 4548 1855 4619 τὴν

272 4640 581 4712 Δάφνην,εἴ
593 4656 711 4701 πως
735 4637 943 4708 ίσχύσει
973 4637 1329 4706 συγγενέσθαι
1349 4636 1508 4709 αὐτῇ.
1531 4638 1595 4690 Ἦ
1613 4633 1705 4691 οὖν
1722 4637 1858 4710 κόρη

274 4737 375 4807 τὴν
398 4733 695 4806 παρθενίαν
725 4730 986 4785 ἐθέλουσα
1013 4728 1262 4798 φυλάξαι,
1298 4732 1365 4800 τῇ
1390 4730 1564 4801 οἰκεία
1603 4730 1772 4801 μητρὶ
1790 4733 1859 4802 τῇ

278 4827 356 4899 Γῇ
389 4820 735 4897 προσηύξατο
768 4819 1034 4893 βοηθῆσαι
1065 4819 1226 4889 αὐτῇ.
1264 4819 1327 4871 Ἡ
1357 4817 1413 4871 δὲ
1439 4811 1512 4884 Γῆ
1544 4817 1859 4883 διανοίξασα

277 4922 407 4983 τοὺς
437 4919 637 4987 ἐαυτῆς
674 4913 906 4976 κόλπους
945 4910 1165 4975 ἐδέξατο
1212 4911 1310 4980 τὴν
1349 4908 1514 4962 παῖδα
1539 4927 1552 4940 ·
1591 4910 1685 4963 καὶ
1719 4908 1859 4979 ψυχ-

281 5011 573 5081 αγωγῆσαι
607 5005 835 5061 θέλουσα
865 5004 957 5058 τὸν
992 5002 1131 5067 θεὸν,
1163 5002 1327 5070 φυτὸν
1355 5001 1555 5071 ἀνῆκεν
1574 5000 1863 5070 ὁμώνυμον

282 5107 351 5176 τῇ
381 5103 550 5174 κόρῃο
577 5101 713 5171 ὅπερ
744 5095 922 5150 λαϐὼν
941 5098 970 5150 6
1004 5094 1293 5159 Ἀπόλλων,
1313 5094 1565 5162 στέφεται
1598 5093 1745 5165 παρὰ
1775 5093 1864 5147 τὸν

284 5192 549 5267 τρίποδα,
577 5186 1076 5260 ψυχαγωγούμενος
1130 5185 1248 5238 ἀντὶ
1306 5182 1407 5254 τῆς
1463 5184 1742 5255 ἐρωμένης
1789 5182 1867 5253 τῷ

289 5286 443 5358 φυτῷ
470 5284 568 5354 τῆς
597 5282 829 5352 Δάφνης.

550 5397 649 5451 κδ’.
691 5395 832 5465 Περὶ
871 5393 1164 5448 Διονύσου
1208 5390 1601 5461 ἁνδρογύνου.

360 5492 465 5546 Τδν
501 5492 754 5544 Διόνυσον
800 5487 1020 5556 λέγουσι
1060 5484 1157 5538 καὶ
1197 5482 1267 5537 τὰ
1303 5482 1511 5554 ἀνδρῶν
1543 5483 1738 5546 ποιεῖν,
1779 5482 1873 5535 καὶ

292 5586 364 5642 τὰ
389 5580 664 5652 γυναικῶν
715 5579 943 5650 πάσχειν
972 5594 987 5611 ⁸
1020 5577 1111 5631 καὶ
1159 5575 1257 5641 τὰς
1288 5576 1505 5645 Βάκχας
1557 5575 1683 5646 περὶ
1714 5573 1874 5628 αὑτὸν

367 5720 484 5794 (55)
527 5720 700 5777 Penes
737 5716 884 5774 ﬂuvii
912 5716 1021 5772 tilia
1050 5714 1251 5772 dicitur
1281 5713 1436 5771 Ovid.
1466 5711 1683 5768 Metam.

1956 4442 2148 4514 Apollo
2199 4444 2383 4492 autem
2436 4433 2642 4488 amoris
2699 4429 2939 4485 stimulis
2995 4428 3258 4483 incitatus
3299 4424 3537 4495 puellam

1955 4529 2410 4605 persequebatur,
2440 4533 2502 4580 ut
2527 4540 2591 4580 ea
2621 4523 2913 4594 potiretur.
2938 4522 3008 4575 At
3042 4520 3135 4574 illa
3167 4517 3539 4589 virginitatem

1955 4624 2102 4680 tueri
2134 4622 2385 4691 cupiens.
2415 4617 2663 4689 parentis
2690 4616 2877 4670 Terrae
2902 4629 3059 4685 opem
3082 4613 3313 4684 supplex
3345 4610 3540 4681 implo-

1957 4716 2117 4771 ravit.
2144 4709 2385 4767 Proinde
2410 4718 2585 4764 mater
2607 4714 2798 4778 aperto
2824 4708 2948 4763 sinu
2970 4721 3075 4762 suo
3098 4716 3282 4761 natam
3303 4704 3539 4774 excepit,

1959 4816 2123 4878 atque
2151 4806 2206 4859 in
2233 4802 2501 4874 Apollinis
2526 4800 2785 4856 solatium
2818 4801 3070 4855 arborem
3118 4798 3312 4869 puellae
3340 4811 3542 4867 cogno-

1958 4900 2164 4955 minem
2201 4894 2453 4968 protulit.
2487 4892 2663 4960 Quam
2695 4907 2823 4948 cum
2845 4892 2933 4948 ille
2958 4891 3283 4962 accepisset,
3303 4905 3366 4945 ea
3394 4886 3542 4959 apud

1961 4988 2229 5061 tripodem
2262 4989 2479 5042 cinctus
2507 4993 2610 5049 est,
2644 4992 2703 5037 ut
2738 4984 2841 5039 hac
2870 4984 3088 5041 ratione
3117 4981 3387 5039 adamata:
3432 4979 3544 5037 Da-

1965 5084 2137 5155 phnes
2169 5078 2501 5138 desiderium
2533 5078 2747 5133 leniret.

2357 5380 2447 5435 24.
2485 5379 2557 5433 De
2588 5379 2797 5434 Baccho
2831 5380 3161 5450 androgyno.

2049 5474 2321 5531 Bacchum
2380 5472 2564 5528 ferunt
2597 5482 2651 5527 et
2703 5472 3007 5528 masculam
3064 5469 3350 5525 libidinem
3387 5484 3552 5523 exere

1980 5585 2127 5636 cere,
2163 5566 2218 5625 et
2245 5566 2537 5625 femineam
2596 5566 2730 5636 pati,
2772 5580 2837 5620 ac
2872 5562 3209 5621 Maenadibus
3252 5575 3554 5618 Circumce-
