4018 6296
569 147 700 201 ΜΠ

1907 144 2188 203 NONNUS
2223 147 2447 204 ABBAS

3703 162 3820 220 ιαδ

566 267 718 328 ptum
755 270 899 313 esse.
938 257 1327 326 Smpenumero
1367 256 1608 313 diximus
1638 272 1761 312 eum
1794 258 1907 312 vini
1948 270 2130 314 aucto-

2249 262 2508 332 μαινάδας
2541 263 2837 335 γενομένας
2871 268 3247 339 έκϐακχεύειν,
3276 269 3381 323 καὶ
3409 270 3541 333 τοὺς
3570 271 3821 345 Σατύρους

562 364 679 404 rem
714 364 778 403 ac
827 348 1113 420 praesidem
1147 363 1290 413 esse,
1325 347 1570 418 illudque
1606 357 1660 403 et
1700 348 1836 404 viris
1865 358 1920 404 et
1952 351 2145 404 mulie-

562 438 718 493 ribus
766 436 1006 499 dedisse,
1060 453 1168 507 quo
1212 437 1529 506 ingurgitati
1577 448 1743 508 alque
1798 438 1979 493 obruti
2018 456 2143 510 pro-

563 532 774 586 rniscue
796 530 1028 585 choreas
1055 537 1246 601 agunt.
1286 529 1512 602 Satyros
1534 539 1712 586 autem
1745 539 1991 601 pastores
2019 548 2144 588 esse

563 624 750 690 aiunt;
781 630 909 677 sunt
945 630 1124 677 tamen
1146 623 1238 695 qui
1281 637 1376 677 eos
1403 624 1678 679 daemones
1710 624 1977 693 quosdam
2005 623 2143 677 Bac-

563 716 650 768 chi
680 715 916 769 asseclas
947 730 1073 771 esse
1119 715 1457 771 existiment.
1509 713 1583 769 De
1622 714 1812 771 Phallo
1858 719 2143 786 superiore

562 808 814 862 oratione
833 807 1097 873 diximus.
1122 808 1381 863 nimirum
1403 808 1728 863 sceleratum
1753 824 1816 863 ac
1869 809 2140 865 nefarium

560 896 855 969 quemdam
890 900 1172 955 hominem
1218 899 1391 956 fuisse
1423 908 1581 969 turpe
1630 908 1794 970 atque
1838 902 2140 958 obscenum

558 1002 839 1044 veretrum
861 991 1151 1047 habentem
1186 1010 1198 1045 :
1234 991 1300 1045 ad
1336 993 1497 1061 cujus
1530 992 1944 1047 similitudinem
1988 993 2139 1048 mimi

560 1095 755 1151 penem
778 1097 840 1135 ex
867 1082 1101 1153 pellibus
1131 1080 1414 1151 effingunt,
1439 1093 1747 1152 vocantque
1802 1082 2140 1155 φαλητάριον

558 1186 794 1241 eumque
827 1173 879 1226 in
913 1172 1344 1228 bacchanalibus
1375 1189 1471 1245 per
1495 1174 1682 1228 ludum
1706 1172 2136 1229 circumierunt:

559 1266 614 1317 in
649 1279 823 1335 eoque
847 1266 976 1321 olim
1013 1266 1211 1336 perditi
1250 1266 1329 1320 illi
1364 1266 1616 1321 homines
1647 1266 2028 1321 initiabantur.

942 1576 1032 1632 25.
1067 1575 1141 1631 De
1174 1574 1374 1632 Semele
1402 1585 1451 1628 et
1497 1578 1747 1630 tonitrua.

632 1688 850 1746 Semele
862 1688 1055 1746 Cadmi
1077 1690 1185 1744 ﬁlia
1204 1705 1234 1744 a
1251 1688 1383 1746 Jove
1407 1698 1585 1744 amata
1611 1699 1777 1760 atque
1793 1703 2134 1760 compressa,

557 1781 832 1838 Bacchum
854 1798 921 1838 ex
951 1798 1016 1839 eo
1051 1785 1326 1853 concepit.
1358 1781 1480 1849 Quo
1511 1783 1734 1838 nomine
1762 1780 1905 1836 Juno
1928 1781 2136 1852 zeloty-

558 1874 660 1943 piae
696 1874 910 1930 facibus
954 1872 1291 1929 inflammata
1328 1875 1384 1930 in
1417 1873 1660 1929 Semeles
1694 1873 1968 1929 nutricem
2015 1887 2138 1929 sese

558 1967 1002 2032 transformavit,
1042 1968 1449 2037 petendumque
1498 1966 1603 2035 ipsi
1635 1981 1666 2020 a
1714 1962 1849 2021 Jove
1898 1965 2135 2028 censuit,

558 2071 615 2114 ut
646 2076 771 2115 cum
800 2075 863 2116 ea
892 2061 969 2115 ita
994 2058 1453 2117 consuetudinem
1492 2059 1739 2122 haberet,
1781 2057 2139 2128 quemadmo-

556 2146 686 2205 dum
719 2167 843 2207 cum
889 2151 1110 2209 Junone
1152 2153 1555 2207 consuevisset.
1597 2150 1901 2207 Consuevit
1952 2156 2136 2203 autem

555 2260 679 2299 cum
713 2246 961 2300 tonitruo
984 2253 1039 2298 et
1079 2244 1331 2300 fulmine.
1366 2242 1481 2298 Hoc
1524 2258 1689 2313 porro
1725 2242 2018 2297 concilium
2056 2239 2138 2294 id-

555 2338 704 2391 circo
749 2338 800 2392 ei
833 2336 978 2391 Juno
1010 2337 1180 2400 dedit,
1220 2342 1280 2389 ut
1309 2334 1445 2391 Jove
1474 2335 1543 2390 ad
1571 2350 1692 2389 eam
1732 2349 1860 2389 cum
1890 2334 2137 2388 tonitruo

556 2428 850 2484 accedente
882 2427 1175 2482 confestim
1214 2427 1326 2489 illa,
1375 2436 1433 2480 ut
1485 2427 1758 2489 mortalis,
1792 2425 2136 2496 deflagrarct,

556 2531 721 2592 atque
753 2521 828 2574 ita
853 2521 1047 2589 pellice
1080 2518 1497 2590 defungeretur,
1542 2518 1689 2588 quod
1714 2519 1877 2573 etiam
1910 2518 2133 2571 aecidit.

555 2610 691 2665 Nam
724 2626 851 2665 cum
895 2608 1108 2680 Jupiter
1137 2610 1202 2664 ad
1255 2608 1527 2664 Semelem
1567 2608 1831 2671 venisset,
1863 2610 2137 2678 petiisset-

555 2720 662 2773 que
694 2703 807 2765 illa,
837 2715 895 2757 ut
923 2702 1115 2757 eodem
1148 2699 1311 2755 modo
1337 2716 1521 2756 secum
1546 2701 1997 2771 congrederetur,
2027 2715 2136 2768 quo

554 2811 683 2850 cum
720 2794 938 2850 Junone
987 2795 1202 2851 solebat
1254 2813 1268 2850 :
1321 2795 1679 2865 congreditur
1735 2794 1843 2859 ille,
1901 2808 2135 2863 eamque

556 2886 787 2942 fulmine
819 2887 1095 2957 oppressit
1127 2907 1138 2943 :
1171 2901 1235 2941 ac
1267 2895 1382 2940 tum
1407 2896 1693 2956 acceptum
1718 2885 2018 2951 Bacchum,
2056 2884 2133 2941 fe-

2246 356 2339 407 xa‘l
2371 358 2493 420 τοὺς
2524 357 2808 428 Σειληνοὺς
2833 359 3258 432 ὲξορχουμένους
3295 363 3435 432 περὶ
3464 364 3648 419 αὐτόν.
3678 366 3825 422 Εἶπο-

2249 462 2347 514 μεν
2374 445 2431 499 δὲ
2474 446 2731 513 πολλάκις
2752 490 2766 512 ,
2797 451 2877 503 ὅτι
2908 451 3070 505 αὐτόν
3104 451 3364 520 λέγουσιν
3398 449 3544 507 εἶναι
3574 456 3666 507 τοῦ
3695 459 3825 513 οἴνου

2244 534 2574 610 δημιουργὸν
2604 542 2698 594 καὶ
2725 542 2947 613 ἔφορον·
2994 545 3087 597 καὶ
3118 545 3199 598 ὃτι
3236 545 3454 625 δέδωκε
3483 548 3580 598 καὶ
3602 552 3715 613 ταῖς
3741 568 3827 619 γυ-

2240 630 2387 709 ναιξὶ
2415 634 2642 696 καὶτοῖς
2668 635 2914 707 ἀνδράσι,
2955 639 3045 691 καὶ
3079 637 3248 703 ἔπιον,
3298 639 3401 691 καὶ
3434 639 3828 710 ἐμεθύσθησαν,

2245 726 2336 778 καὶ
2375 725 2733 795 μεθυσθέντες
2766 728 2905 798 μετὰ
2935 729 3040 783 τῶν
3074 729 3358 797 γυναικῶν
3389 730 3685 801 χορεύουσι
3718 735 3828 804 περί

2243 819 2425 873 αὐτόν.
2453 820 2591 884 Τοὺς
2630 820 2685 874 δὲ
2732 821 3004 894 Σατύρους
3050 821 3299 891 λέγουσιν
3343 821 3495 877 εἶναι
3535 825 3789 895 ποιμένας
3813 845 3825 856 ·

2243 910 2390 964 ἄλλοι
2440 911 2518 975 δὲ,
2547 912 2726 976 θείους
2754 912 2904 976 τινὰς
2949 913 3210 985 δαίμονας
3250 914 3393 985 περὶ
3437 915 3535 968 τὸν
3571 917 3825 972 Διόνυσον.

2243 1007 2379 1079 Περὶ
2413 1007 2469 1060 δὲ
2514 1006 2606 1061 τοῦ
2664 1007 2863 1077 φαλλοῦ
2910 1009 3012 1079 ἤδη
3064 1010 3378 1081 εἰρήκαμεν
3423 1010 3483 1061 ὲν
3528 1009 3608 1079 τῷ
3645 1010 3827 1080 πρώτῳ

2241 1095 2405 1167 λόγῳ,
2441 1098 2522 1151 ὅτι
2557 1098 2867 1170 ἀκάθαρτός
2897 1117 2979 1162 τις
3009 1094 3076 1171 ἧν
3105 1100 3307 1152 αἰδοῖον
3344 1100 3495 1169 ἔχων
3524 1100 3767 1170 αἰσχρὸν,
3792 1094 3829 1166 ᾧ

2241 1187 2483 1258 ὁμοιοῦσι
2517 1189 2611 1243 νῦν
2641 1191 2690 1243 οἱ
2716 1194 2871 1261 μῖμοι
2900 1191 3242 1263 δερμάτινον,
3271 1190 3301 1243 ὃ
3339 1191 3577 1244 καλοῦσι
3606 1192 3827 1261 φαλητά-

2243 1296 2357 1351 ριον
2378 1296 2391 1309 ·
2424 1281 2516 1333 καὶ
2544 1281 2701 1333 τοῦτο
2722 1280 2934 1351 ἔχουσιν
2959 1285 3015 1334 έν
3042 1286 3156 1346 τοῖς
3184 1282 3516 1345 Διονυσίοις,
3554 1282 3827 1352 φοροῦντες

2241 1372 2298 1423 ὲν
2338 1372 2608 1440 παιγνίοις
2666 1375 2758 1425 καὶ
2807 1374 3188 1445 ἑορτάζουσιν,
3247 1377 3309 1428 ὲν
3361 1368 3408 1442 ᾧ
3446 1374 3571 1427 τότε
3626 1374 3824 1429 ἐτέλουν

2241 1464 2435 1516 ἐκεῖνοι
2446 1507 2457 1517 .

2731 1583 2829 1631 κε’.
2870 1576 3005 1646 Περὶ
3042 1576 3334 1647 Σεμέλης.

2310 1688 2557 1760 Σεμέλη,
2593 1690 2818 1762 Κάδμου
2855 1686 2922 1762 ἦν
2977 1691 3243 1763 θυγάτηρ.
3284 1691 3520 1762 Ταύτης
3571 1691 3821 1764 ἠράσθηὸ

2237 1779 2391 1843 Ζεὺς,
2416 1780 2513 1834 καὶ⁸
2543 1782 2855 1850 συγγίνεται
2891 1784 3059 1854 αύτῇ-
3093 1785 3127 1855 ἡ
3158 1785 3249 1837 καὶ
3296 1782 3653 1837 συλλαϐοῦσα
3691 1781 3817 1853 εἶχεν

2237 1871 2297 1935 ἐξ
2331 1873 2497 1927 αὑτοῦ
2520 1874 2612 1931 τὸν
2638 1875 2912 1931 Διόνυσον.
2956 1876 3019 1928 Ἦ
3057 1876 3112 1929 δὲ
3141 1876 3295 1947 Ἥρα
3322 1875 3654 1946 ζηλοτύπως
3678 1892 3818 1947 (pepo-

2240 1963 2398 2035 μένη,
2446 1966 2841 2037 σχηματίζεται
2884 1967 3175 2041 πρόσωπον
3224 1967 3440 2039 τροφοῦ
3481 1968 3812 2037 ἐγνωσμένης

2235 2057 2301 2124 τῇ
2330 2055 2561 2127 Σεμέλῃ,
2600 2057 2696 2110 καὶ⁵
2731 2057 3086 2128 συμϐουλεύει
3114 2058 3250 2129 αὐτῇ
3284 2061 3357 2129 τῇ
3407 2058 3620 2129 Σεμέλῃ
3652 2057 3813 2127 ἐγκύῳ
3959 2096 3961 2169 4

2235 2146 2390 2218 ούσῃ,
2439 2148 2520 2201 ὅτι
2558 2147 2788 2219 Αίτησαι
2827 2149 2918 2202 τὸν
2958 2149 3055 2202 Δία
3105 2148 3477 2218 συγγενέσθαι
3514 2165 3595 2201 σοι
3643 2146 3807 2217 ὥσπερ

2239 2239 2551 2308 συγγίνεται
2594 2245 2660 2313 τῇ
2694 2242 2862 2313 Ἦρα.
2898 2243 3215 2310 Συνεγίνετο
3248 2243 3309 2295 δὲ
3352 2245 3383 2295 6
3422 2243 3563 2305 Ζεὺς
3593 2244 3657 2311 τῇ
3683 2241 3807 2310 Ἥρα

2240 2333 2377 2402 μετὰ
2405 2332 2643 2406 βροντῶν
2672 2334 2766 2388 καὶ
2810 2336 3109 2407 κεραυνῶν.
3128 2335 3320 2390 Ταῦτα
3348 2336 3410 2389 δὲ
3445 2334 3805 2388 συνεϐούλευεν

2234 2426 2267 2493 ἡ
2302 2424 2450 2495 ’Ἡρα
2506 2427 2571 2496 τῇ
2625 2425 2856 2500 Σεμέλῃ,
2889 2427 2975 2481 ἵνα
3026 2428 3329 2499 ἐρχομένου
3383 2426 3481 2480 τοῦ
3522 2426 3641 2489 Διὸς
3689 2425 3804 2495 μετὰ

2235 2515 2515 2584 κεραυνῶν
2550 2516 2685 2587 πρὸς
2714 2517 2914 2587 αὐτὴν,
2942 2518 3016 2581 ὼς
3064 2518 3230 2589 θνητὴ
3277 2517 3798 2588 καταφλεχθήσεται.

2234 2602 2328 2652 καὶ
2366 2600 2559 2672 μηκέτι
2588 2602 2701 2673 ἔχοι
2732 2604 2830 2676 τὴν
2849 2605 3160 2679 ἁντίζηλονο
3185 2608 3213 2660 ὃ
3238 2607 3303 2679 δὴ
3347 2608 3449 2661 καὶ
3481 2609 3686 2676 γέγονε.
3713 2604 3800 2656 Τοῦ

2234 2687 2342 2762 γὰρ
2363 2691 2480 2756 Διὸς
2507 2693 2750 2760 ἐλθόντος
2785 2698 2948 2751 πάλιν
2976 2700 3111 2769 πρὸς
3153 2701 3253 2771 τὴν
3276 2701 3552 2772 Σεμέλην,
3575 2698 3799 2771 ᾔτησενὴ

2234 2779 2443 2853 Σεμέλη
2480 2783 2652 2850 οὕτως
2692 2789 2829 2860 αὐτῇ
2879 2792 3261 2860 συγγενέσθαι,
3295 2794 3381 2857 ὡς
3418 2796 3486 2864 τῇ
3522 2793 3696 2862 ’Ἢρᾳ·
3723 2790 3797 2841 καὶ

2233 2871 2308 2935 ὡς
2354 2877 2667 2945 συνεγένετο
2719 2883 2887 2954 αὐτῇ,
2915 2883 3273 2955 κεραυνοῦται
3329 2886 3427 2939 καὶ
3467 2881 3795 2950 ἀπόλλυταιή

555 2989 669 3034 ιιιιη
702 2980 881 3034 adhuc
923 2979 1280 3033 immaturum
1319 2977 1512 3031 femori
1546 2994 1648 3033 suo
1693 2980 1883 3044 insuit,
1917 2986 2130 3047 postea-

2236 2963 2468 3036 Σεμέλη.
2492 2971 2600 3024 Καὶ
2624 2971 2743 3025 τότε
2776 2973 2957 3028 λαϐὼν
2982 2978 3009 3029 6
3036 2976 3169 3039 Ζεὺς
3188 2976 3280 3030 τὸν
3305 2979 3569 3031 Διόνυσον
3590 2973 3796 3045 ἔμϐρυον

553 3088 660 3142 que
683 3070 917 3142 septimo
947 3086 1135 3126 mense
1157 3069 1429 3123 accedens
1457 3068 1763 3124 Mercurius
1778 3067 1931 3125 Jovis
1959 3070 2135 3124 femur

553 3166 759 3234 aperuit
791 3182 803 3218 :
839 3164 1029 3233 sicque
1063 3168 1223 3215 natus
1250 3169 1333 3215 est
1371 3160 1621 3215 Bacchus
1653 3163 1978 3231 accepitque
2008 3178 2132 3216 eum

551 3258 787 3328 Jupiter,
807 3264 974 3324 atque
998 3254 1052 3307 in
1077 3252 1278 3325 Nysam
1297 3249 1546 3306 Thraciae
1581 3253 1773 3306 urbem
1798 3251 2132 3321 deportavit,

552 3351 919 3424 nymphisque
956 3348 1099 3403 lacte
1123 3344 1380 3402 alendum
1406 3342 1652 3399 tradidit.

758 3571 849 3627 26.
883 3570 959 3625 De
986 3579 1207 3638 utroque
1240 3565 1368 3637 pede
1416 3565 1609 3620 claudo
1662 3563 1918 3621 Vulcano.

621 3707 864 3767 Claudus
910 3714 1030 3761 erat
1058 3702 1360 3768 Vulcanus,
1395 3701 1540 3757 unde
1577 3710 1631 3756 et
1665 3702 2003 3773 ἀμφιγυήεις
2045 3702 2129 3756 di-

551 3810 675 3857 ctus
704 3808 790 3854 est
834 3798 981 3867 (γυῖα
1010 3793 1154 3849 enim
1174 3792 1419 3846 membra
1439 3792 1613 3859 sunt),
1659 3799 1779 3846 arte
1817 3791 1970 3846 faber
1995 3807 2133 3846 aera-

550 3895 689 3949 rius.
717 3891 818 3944 llic
842 3887 1111 3944 Venerem
1130 3887 1185 3939 in
1211 3884 1562 3937 matrimonio
1585 3883 1842 3949 habebat,
1860 3884 1966 3954 'qua
1987 3884 2130 3940 Mars

552 4004 650 4060 per
685 3982 1013 4041 adulterium
1044 3980 1252 4034 abusus
1277 3985 1381 4033 est.
1410 3978 1591 4046 Atque
1628 3993 1724 4033 eos
1758 3977 1813 4032 in
1842 3979 1963 4049 ipso
1993 3980 2129 4034 faci-

551 4095 686 4136 nore
734 4075 1067 4132 constitutos
1104 4071 1313 4141 laqueis
1346 4069 1720 4139 deprehendit.
1752 4070 1920 4126 Deum
1949 4086 2128 4129 autem

549 4188 675 4229 eum
714 4176 872 4224 vocat
899 4164 1126 4236 fuligine
1154 4178 1219 4218 ac
1247 4164 1397 4217 fumo
1445 4162 1683 4217 obsitum
1710 4179 1724 4227 ;
1754 4163 1947 4235 αἰθάλη
1982 4167 2129 4219 enim

551 4277 721 4335 genus
749 4268 832 4316 est
864 4258 995 4313 fumi
1022 4256 1332 4313 crassioris.
1367 4254 1542 4309 Fumo
1568 4270 1735 4325 porro
1768 4254 1859 4311 ille
1892 4255 2129 4312 infectus

549 4364 688 4419 erat,
731 4363 789 4408 ut
828 4352 999 4407 faber.
1039 4349 1159 4405 Jam
1194 4365 1318 4405 eum
1359 4357 1476 4403 arte
1517 4349 1735 4403 clarum
1765 4358 1819 4405 et
1849 4351 2121 4421 insignem

549 4448 827 4521 appellant
856 4456 1050 4517 poetic,
1083 4444 1342 4514 quoniam
1394 4443 1630 4497 illustris
1681 4449 1799 4497 erat
1830 4444 1971 4512 apud
2002 4444 2126 4499 illos

547 4556 640 4595 ars
660 4538 891 4593 fabrilis.
911 4536 1223 4591 Thersitem
1241 4542 1422 4588 autem
1442 4533 1753 4604 Olympium
1772 4533 1978 4589 idcirco
2000 4551 2121 4589 eum

546 4639 707 4685 vocat
726 4628 1333 4699 Gregorius:Homerus
1364 4624 1507 4680 enim
1531 4624 1819 4695 quemdam
1848 4626 2121 4682 hominem

546 4725 760 4780 inducit
788 4722 1098 4777 Thersitem
1138 4721 1379 4781 nomine,
1406 4719 1684 4782 claudum,
1709 4719 1953 4790 gibbum,
1982 4732 2123 4776 stra-

546 4819 765 4880 bonem,
806 4815 1022 4870 calvum
1066 4827 1127 4866 ac
1155 4825 1443 4881 procacem
1479 4820 1532 4865 et
1563 4811 1918 4881 petulantem,
1941 4815 2125 4886 aitque

546 4912 692 4966 hunc
757 4906 1071 4963 Graecorum
1105 4913 1287 4960 castra
1330 4912 1603 4968 secutum,
1653 4919 1762 4959 non
1808 4913 1867 4959 ut
1922 4908 2120 4963 bellum

547 5011 784 5075 gereret,
850 4999 945 5054 sed
1002 5007 1061 5052 ut
1127 4997 1387 5052 omnibus
1445 4994 1685 5050 ludibrio
1765 5008 1935 5053 esset.
1983 4999 2123 5065 Quo-

545 5097 691 5149 niam
728 5093 893 5163 igitur
928 5089 1210 5143 Vulcanus
1235 5088 1465 5143 claudus
1492 5098 1630 5152 erat,
1683 5087 1941 5159 fumoque
1975 5093 2123 5147 obsi-

544 5199 652 5247 tus,
691 5185 835 5239 Deus
875 5190 1078 5245 vester,
1111 5181 1289 5251 inquit
1313 5180 1381 5235 ad
1418 5180 1693 5245 ethnicos,
1725 5179 2010 5239 Thersites
2035 5195 2120 5240 est

544 5277 845 5349 Olympius,
892 5275 1122 5330 claudus
1179 5274 1440 5327 nimirum
1486 5280 1545 5327 ut
1576 5274 1686 5337 ille,
1718 5290 1784 5329 ac
1836 5292 2039 5346 procax
2065 5288 2119 5334 et

544 5370 818 5440 petulans.
851 5366 1005 5435 Quod
1031 5375 1213 5421 autem
1246 5381 1373 5419 mox
1406 5366 1677 5434 sequitur,
1707 5364 1958 5436 Nonjam
1991 5383 2117 5436 pro-

545 5468 664 5530 pter
698 5460 1025 5515 adulterium
1071 5457 1310 5513 vincitur
1337 5456 1573 5521 Mavors,
1604 5471 1669 5513 ει
1695 5456 1883 5512 eadem
1934 5458 2115 5515 fabula

544 5554 761 5623 pendet.
795 5550 937 5608 Mars
969 5564 1115 5606 enim
1150 5547 1483 5605 adulterium
1512 5564 1640 5605 cum
1675 5547 1885 5606 Venere
1921 5565 2119 5622 perpe-

544 5652 696 5702 tratis
728 5644 960 5701 Vulcani
988 5645 1201 5717 laqueis
1249 5643 1497 5701 irretitus
1526 5650 1633 5701 est.
1669 5642 1826 5708 Ouod
1862 5660 1987 5701 vero
2008 5645 2106 5700 ad-

2236 3055 2384 3123 ὄντα,
2422 3058 2658 3133 ἔρῤαψεν
2696 3066 2754 3117 ἐν
2792 3065 2870 3135 τῷ
2902 3067 3094 3120 ἑαυτοῦ
3137 3070 3336 3141 μηρῷ-
3376 3071 3473 3124 καὶ
3522 3070 3731 3137 ὕστερον
3749 3066 3796 3116 ἐν

2235 3147 2314 3218 τῷ
2356 3151 2566 3223 ἑϐδόμῳ
2616 3156 2745 3227 μηνὶ
2787 3157 2960 3211 ἐλθὼν
2999 3161 3026 3212 6
3062 3160 3305 3232 Ἑρμῆς,
3350 3161 3679 3215 ἀναπτύσσει
3720 3156 3793 3209 τὸν

2239 3242 2411 3311 μηρὸν
2443 3243 2535 3296 τοῦ
2563 3245 2711 3311 Διὸς,
2750 3250 2843 3301 καὶ
2870 3253 3142 3318 γεννᾶται,
3170 3252 3245 3317 ῶς
3277 3272 3471 3322 φασιν,
3499 3255 3527 3306 6
3550 3251 3790 3310 Διόνυσος·

2236 3335 2329 3386 καὶ
2363 3335 2626 3405 λαμϐάνει
2664 3340 2826 3393 αὐτὸν
2859 3346 2937 3407 εἰς
2975 3344 3195 3398 Νύσσαν
3226 3346 3327 3416 τῆς
3383 3348 3622 3419 Θρᾴκης,
3654 3341 3790 3397 κάκεῖ

2234 3425 2385 3497 παρὰ
2413 3427 2517 3482 τῶν
2547 3430 2771 3501 νυμφῶν
2798 3435 3341 3508 γαλακτοτροφεῖται.

2600 3572 2714 3631 κζ’.
2756 3568 2895 3636 Περὶ
2936 3569 3043 3622 τοῦ
3097 3571 3442 3639 Ἡφαίστου.

2304 3696 2488 3762 Χωλδς
2503 3694 2569 3770 ἦν
2586 3701 2615 3753 ὁ
2650 3700 3071 3770 ’Ἦφαιστος,διὸ
3091 3707 3489 3779 καὶάμφιγύης
3505 3724 3518 3739 ’
3547 3708 3665 3777 γυῖα
3696 3701 3787 3771 γὰρ

2232 3791 2301 3843 τὰ
2323 3792 2478 3863 μέλη.
2496 3789 2604 3846 Ἦν
2618 3794 2673 3847 δὲ
2690 3795 2924 3866 χαλκεὺς
2952 3798 3050 3869 τὴν
3068 3800 3283 3872 τέχνην.
3308 3802 3517 3856 Τούτου
3534 3799 3661 3868 γυνὴ
3680 3792 3782 3867 ἧνή

2245 3882 2551 3955 Ἀφροδίτη,
2572 3886 2664 3937 καὶ
2687 3886 2889 3956 ταύτην
2916 3888 3230 3959 ἐμοιχεύετο
3265 3894 3293 3944 6
3333 3896 3400 3945 ’Ἃ
3412 3909 3530 3964 ρης.
3554 3887 3782 3959 Εύρίσκει

2230 3970 2323 4027 οὖν
2346 3978 2376 4028 6
2410 3976 2711 4045 Ἥφαιστος
2743 3977 2839 4048 τὴν
2869 3980 3114 4050 μοιχείαν
3143 3983 3443 4053 γενομένην
3490 3982 3680 4051 στήσας
3703 3973 3783 4027 πά⁴

2230 4081 2350 4133 γας.
2381 4062 2514 4119 Θεὸν
2532 4064 2588 4117 δὲ
2611 4065 2773 4119 αὑτὸν
2790 4067 2938 4136 λέγει
2958 4069 3417 4143 κατῃθαλωμένον
3434 4072 3529 4126 καὶ
3548 4082 3780 4123 κεκαπνι-

2233 4157 2428 4226 σμένον
2450 4172 2463 4185 ·
2499 4156 2694 4227 αἱθόιλη
2725 4158 2851 4229 γὰρ,
2892 4156 3031 4225 εἶδος
3056 4164 3264 4217 καπνοῦ
3302 4164 3606 4237 παχυτέρου
3626 4180 3639 4192 ο
3678 4164 3780 4213 ὲκε-

2232 4254 2493 4307 κάπνιστο
2522 4253 2599 4315 δὲ,
2631 4253 2705 4317 ὼς
2737 4254 2991 4325 χαλκεύς.
3033 4258 3411 4333 κλυτοτέχνην
3442 4261 3497 4313 δὲ
3527 4256 3678 4312 αὑτὸν
3702 4270 3776 4306 κα-

2231 4346 2412 4401 λοῦσιν
2463 4347 2514 4400 οἱ
2564 4350 2814 4419 ποιηταὶ,
2864 4349 2952 4402 διὰ
3001 4350 3060 4404 τὸ
3114 4351 3323 4417 ἔνδοξον
3379 4349 3519 4407 εἶναι
3573 4352 3633 4403 ὲκ
3693 4345 3776 4415 τῆς

2226 4441 2587 4512 χαλκευτικῆς
2617 4441 2830 4511 τέχνης,
2862 4442 2895 4514 ἢ
2923 4444 3016 4497 καὶ
3044 4444 3129 4497 διὰ
3150 4445 3210 4497 τὸ
3240 4446 3456 4514 εὐφυῶς
3487 4444 3648 4512 αὐτὴν
3672 4454 3773 4510 μετ-

2229 4535 2383 4588 ιέναι.
2449 4535 2715 4607 Θερσίτην
2774 4535 2831 4588 δὲ
2883 4536 3043 4589 αὐτὸν
3113 4537 3408 4606 Ὀλύμπιον
3465 4536 3639 4597 καλεῖ,
3698 4526 3771 4581 διὰ

2223 4626 2480 4697 τοιαύτην
2516 4627 2731 4680 αἰτίαν
2785 4627 2844 4680 Ὀ
2873 4628 3120 4699 Ὅμηρος
3159 4630 3404 4702 εἰσφέρει
3437 4628 3553 4682 τινὰ
3595 4622 3768 4691 ἄνθρω-

2226 4737 2326 4773 πον
2370 4721 2595 4790 ὀνόματι
2643 4719 2927 4791 Θερσίτην,
2965 4722 3058 4774 καὶ
3088 4722 3260 4792 χωλὸν
3305 4726 3398 4777 καὶ
3442 4719 3657 4794 στραϐὸν
3688 4713 3767 4767 καὶ

2224 4813 2421 4884 κυρτὸν
2473 4812 2566 4865 καὶ
2618 4812 2856 4883 μαδαρὸν
2907 4814 3000 4865 καὶ
3045 4815 3327 4885 προπετῆ·
3383 4815 3492 4878 καὶ,
3545 4804 3765 4880 consil/,6

2222 4906 2461 4971 τοιοῦτος
2495 4905 2777 4975 ἠκολούθει
2820 4906 2897 4976 τῷ
2950 4907 3315 4980 στρατοπέδῳ,
3364 4908 3424 4960 ού
3472 4904 3555 4959 διὰ
3594 4900 3647 4953 τὸ
3680 4912 3760 4949 πο·

2221 4999 2428 5069 λεμεῖν,
2472 4997 2609 5051 ἀλλὰ
2644 4997 2734 5050 διὰ
2780 4998 2839 5050 τὺ
2878 4998 3158 5066 γελᾶσθαι.
3208 5000 3359 5055 Ἐπεὶ
3396 4995 3486 5052 οὖν
3525 4997 3552 5048 6
3593 4993 3754 5056 Ἥφαι·

2223 5109 2345 5155 στος
2374 5090 2545 5163 χωλὸς
2589 5086 2657 5162 ἦν
2695 5092 2790 5145 καὶ
2822 5092 3277 5162 κεκαπνισμένος,
3326 5093 3470 5161 λέγει
3504 5083 3668 5145 αὐτὸς.
3688 5080 3757 5131 ὅτι

2218 5183 2294 5245 ὡς
2344 5184 2610 5255 Θερσίτης
2654 5178 2723 5255 ἦν
2755 5185 2783 5236 6
2823 5183 3126 5252 Ἥφαιστος
3168 5185 3340 5254 ὑμῶν.
3402 5180 3668 5251 Ὀλύμπιον
3707 5166 3753 5221 δὲ

2219 5276 2381 5329 αὐτὸν
2418 5272 2593 5341 εἶπεν,
2645 5275 2807 5329 οἱονεὶ
2853 5276 3135 5347 οὐράνιονο
3190 5278 3464 5350 Ὄλυμπος
3493 5272 3593 5340 γὰρ
3627 5260 3747 5350 δοὺῗ

2223 5368 2400 5437 ρανός.
2460 5369 2531 5421 Ἢ
2583 5366 2743 5421 πάλιν
2807 5368 3101 5439 Ὀλύμπιον
3161 5347 3495 5431 αύτὸννεῐπε,
3538 5358 3654 5414 διότι
3699 5347 3749 5439 ἐξ

2230 5459 2506 5530 Ὀλύμπου
2546 5455 2636 5532 ἦν,
2690 5460 2812 5532 ἥτις
2850 5437 2963 5531 ἔχει
3001 5461 3064 5514 τὸ
3114 5462 3467 5534 ἐργαστήριον
3511 5444 3680 5508 αὐτοῦ’

2218 5551 2312 5604 καὶ
2341 5551 2444 5614 ἕως
2483 5531 2577 5606 νῦν
2615 5554 2674 5605 ἐν
2705 5554 2770 5625 τῇ
2806 5553 2982 5624 Λυκία
3009 5531 3223 5622 λέγεται
3252 5531 3388 5609 εἶναι
3420 5556 3473 5605 ὲν
3505 5545 3635 5609 τόπῳ
3656 5531 3742 5625 τίν)

2217 5644 2314 5715 τῆς
2365 5644 2663 5716 Ὀλύμπου,
2710 5620 2769 5700 εὖ
2798 5640 2841 5715 ᾧ
2871 5620 3179 5719 αὐτόματον
3218 5647 3328 5723 πῦρ
3360 5640 3631 5703 ἀναδίδοται
3661 5620 3737 5681 καὶ
