4018 6296
232 211 369 270 1οί9

1046 212 1137 268 AD
1172 213 1232 270 S.
1265 212 1597 269 GREGORII
1635 209 1847 270 ORAT.
1890 210 1934 266 ll
1972 209 2255 269 CONTRA
2294 213 2661 271 JULlANUM.

3356 226 3494 281 1650

227 327 617 399 ἐπωνόμασται
649 327 995 397 Ἦφαίστειον
1014 347 1028 363 ο
1062 331 1119 383 ἐν
1145 325 1189 399 ᾦ
1216 332 1368 404 τόπῳ
1397 335 1492 388 καὶ
1519 333 1646 387 ναὸν
1671 332 1818 403 αὐτῷ

1918 333 2121 404 jungit,
2164 333 2299 388 Cum
2342 343 2570 398 terrore,
2602 337 2797 391 timore
2839 346 2893 393 et
2945 340 3205 403 tumultu,
3235 339 3338 395 hoc
3372 342 3495 398 ideo

227 423 277 474 οἱ
324 421 451 473 τότε
504 420 769 491 ’Έλληνες
814 424 1132 495 ἀνήγειραν.
1205 426 1455 498 Ἀντικρὺ
1501 427 1560 481 δὲ
1603 424 1738 481 οὖσα
1782 428 1815 500 ἡ

229 512 518 582 Ὄλυμπος
568 515 669 583 τῆς
711 512 961 581 Κύπρου,
1004 513 1131 568 ἔνθα
1170 515 1478 590 φυγοῦσαή
1529 520 1813 593 Ἀφροδίτη

222 604 543 675 κατῴκησε,
575 604 828 657 κάκεῖθεν
864 604 1197 677 ἠκολούθησε
1232 608 1307 680 τῷ
1344 611 1521 681 Ἀρει,
1551 613 1644 665 καλ⁸
1680 614 1813 683 ἕφυ-

220 712 318 763 γον
354 696 436 753 εἰς
468 694 559 747 τὸν
609 695 856 757 Λίϐανον,
894 698 1054 751 κάκεί
1089 700 1149 752 τὸ
1195 705 1442 773 πορνεῖον
1481 705 1653 775 αὐτῆς
1687 723 1811 760 συν-

220 788 514 856 εστήσατο,
544 786 637 838 καὶ
665 785 855 839 ἔλαϐεν
888 789 1007 840 ἐκεῖ
1036 788 1130 842 καὶ
1159 789 1250 842 τὸν
1279 792 1524 848 Ἀδωνιν.
1546 792 1813 865 Θερσίτης

220 876 317 933 οὖν
361 878 662 948 Ὀλύμπιος
695 880 788 932 καὶ
827 881 854 932 6
878 880 1050 950 χωλὸς
1082 883 1175 936 καὶ
1204 886 1484 957 προπετὴς
1509 886 1634 951 θεὸς
1656 888 1811 958 ὑμῶν

219 973 463 1044 εἴρηται.
501 972 575 1025 Τὸ
619 973 695 1034 δὲ,
728 973 1024 1043 Δεσμώτης
1067 976 1239 1047 Ἀρης
1274 976 1363 1031 διά
1394 979 1660 1049 μοιχείαν,
1709 982 1810 1052 τῆς

1915 427 2074 490 dicit,
2116 426 2246 496 quia
2304 427 2360 480 hi
2418 425 2645 483 Pollidis
2691 429 2810 497 lilii,
2844 429 3034 486 Martis
3103 430 3291 486 famuli
3350 449 3494 500 esse,

1862 572 1865 575 λ
1912 518 2212 589 Martisque
2246 518 2421 572 vicem
2447 518 2631 575 dolere
2658 520 2918 576 dicuntur
2956 540 2969 576 :
3007 531 3121 576 tum
3161 524 3325 577 etiam
3366 526 3495 592 quia

1913 610 2193 666 Vulcanus
2221 626 2322 665 nec
2358 620 2648 676 terrorem,
2681 630 2780 669 nec
2799 623 3027 678 metum,
3062 630 3163 669 nec
3199 618 3493 670 tumultum

1911 705 2213 775 pertimuit.
2248 704 2329 757 Ad
2368 705 2481 759 hate
2510 707 2857 761 vulneratum
2885 708 3059 763 fuisse
3106 708 3331 762 Martem
3374 709 3497 762 sub-

1913 797 2117 867 jungit,
2150 797 2411 866 quoniam
2457 805 2662 853 temere
2705 815 2957 867 pugnans
3001 815 3031 853 a
3069 799 3328 854 Diomede
3366 815 3494 855 sau-

1916 890 2094 944 ciatus
2128 898 2233 944 est.
2260 886 2416 954 Quod
2448 889 2687 959 denique
2725 889 2992 946 Venerem
3031 893 3375 947 meretricem
3406 907 3496 961 ap-

1916 984 2102 1054 pellat,
2140 1000 2264 1037 cum
2295 983 2486 1039 eadem
2542 984 2723 1039 fabula
2757 985 2995 1040 cohaeret
3027 1003 3039 1038 :
3077 1001 3106 1039 a
3137 984 3308 1039 Marte
3346 984 3491 1040 enim

219 1068 398 1137 αὑτῆς
436 1066 731 1138 ἐξήρτηται
784 1065 1042 1137 ἱστορίας.
1091 1069 1375 1139 Μοιχεύων
1423 1070 1531 1143 γὰρ
1568 1074 1596 1125 ὁ
1632 1074 1805 1146 Ἀρης

216 1156 321 1225 τὴν
352 1153 855 1227 Ἀφροδίτην,ἐδέθη
872 1157 991 1218 ταῖς
1014 1156 1220 1223 πάγαις
1240 1157 1345 1210 ὑπὸ
1360 1158 1452 1211 τοῦ
1479 1159 1797 1228 Ἡφαίστου.

216 1246 294 1298 Τὸ
326 1247 405 1309 δὲ,
444 1246 584 1317 μετὰ
609 1247 703 1301 τοῦ
752 1247 939 1318 δειμοῦ
998 1248 1088 1300 καὶ
1152 1247 1247 1300 τοῦ
1313 1249 1478 1318 φόόου
1543 1254 1637 1306 καὶ
1700 1255 1792 1310 τοῦ

1915 1264 2025 1318 dem
2057 1277 2174 1317 eam
2199 1277 2324 1317 esse
2354 1264 2588 1332 gentiles
2622 1263 2893 1318 aﬂirmant

215 1339 503 1410 κυδοιμοῦ,
538 1338 705 1411 λέγει,
746 1344 826 1396 ὅτι
861 1336 1005 1395 οὗτοι
1027 1340 1355 1411 θεράποντες
1417 1339 1557 1399 εἶναι
1625 1348 1872 1420 λέγονται
1918 1358 2013 1411 τοῦ
2053 1358 2281 1426 Ἀρεος,
2335 1357 2442 1409 υίοὶ
2491 1356 2548 1409 δὲ
2606 1358 2700 1410 τοῦ
2743 1358 3016 1429 πολέμουο
3073 1358 3167 1411 καὶ⁹
3215 1359 3297 1411 ὃτι
3342 1348 3490 1410 οὗτοι

217 1432 640 1503 συμπεπόνθασι
701 1433 776 1504 τῷ
852 1433 1041 1503 Ἀρει·
1110 1433 1204 1485 καὶ
1263 1433 1344 1487 ὅτι
1412 1436 1441 1488 6
1501 1438 1808 1510 ’Ἥφαιστος
1868 1450 1968 1503 οὐκ
2036 1447 2275 1518 ἐφοϐήθη
2329 1447 2420 1501 τὸν
2475 1448 2639 1516 φόϐον
2698 1449 2793 1503 καὶ
2851 1450 2944 1503 τὸν
3016 1450 3203 1521 δειμὺν
3261 1449 3355 1504 καὶ
3403 1448 3494 1501 τὸν

215 1523 501 1592 κυδοιμόν.
558 1524 913 1594 Τραυματίαν
957 1523 1013 1576 δὲ
1052 1523 1209 1576 καλεῖ
1235 1524 1325 1576 τὸν
1379 1527 1570 1599 Ἄρεα,
1617 1533 1806 1609 ἐπειδὴ
1872 1539 2085 1611 ἐτρώθη
2130 1539 2235 1593 ὑπὸ
2279 1539 2375 1592 τοῦ
2450 1539 2769 1610 Διομήδους,
2822 1541 3336 1612 προπητευσόμενος
3378 1541 3493 1613 (56)

1912 1086 2271 1147 constuprata
2293 1085 2395 1133 est.
2430 1075 2523 1131 Vel
2553 1078 2713 1132 etiam
2739 1080 3082 1134 meretricem
3106 1095 3224 1134 eam
3259 1078 3329 1133 ob
3352 1079 3494 1131 hanc

1910 1184 2133 1224 causam
2188 1176 2368 1232 vocat,
2399 1169 2658 1237 quoniam
2701 1170 2946 1225 libidinis
2981 1186 3044 1225 ac
3092 1173 3271 1225 coitus
3305 1168 3495 1240 praesi-

215 1621 277 1672 ἔν
319 1618 401 1688 τῷ
437 1618 659 1690 πολέμῳ
684 1637 695 1649 '
740 1620 897 1691 καὶὴ
940 1620 1067 1691 περὶ
1096 1620 1194 1691 τῆς
1240 1620 1561 1693 Ἀφροδίτης
1636 1629 1849 1703 ἱστορία
1906 1634 2158 1689 ἐντεῦθεν
2193 1634 2509 1707 ἐξήρτηται,
2554 1635 2637 1687 ὅτι
2669 1636 2842 1705 πόρνη
2884 1632 2972 1707 ἦν.
3030 1635 3353 1706 Ἐμοιχεύθη
3383 1639 3491 1709 γὰρ

215 1710 325 1763 ὖπδ
363 1709 460 1763 τοῦ
492 1711 708 1781 Ἀρεοςν
760 1712 854 1765 καὶ
920 1712 1000 1765 δτι
1041 1712 1136 1765 καὶ
1200 1711 1301 1781 τῆς
1352 1712 1552 1783 μίξεως
1588 1719 1759 1793 αὐτὴν
1840 1724 2091 1793 λέγουσιν
2142 1725 2337 1797 ἔφορον
2386 1722 2524 1779 εἶναι
2570 1726 2620 1778 oi
2669 1725 2950 1796 Ἕλληνες.
3009 1726 3108 1778 Διὰ
3139 1724 3295 1778 τοῦτο
3341 1720 3495 1781 εἶπεν

214 1804 394 1875 αὐτὴν
425 1805 533 1865 ὑπη
544 1807 735 1861 οετεῑν.

426 1944 529 2009 κζ’.
590 1945 729 2013 Περὶ
792 1943 1046 2012 Ἀθηνᾶς
1098 1946 1194 2000 καὶ
1250 1947 1598 2018 δράκοντος.

301 2058 360 2112 Ὀ
375 2058 532 2122 Ζεὺς,
553 2056 869 2127 βουλόμενος
887 2057 1196 2129 ἀποκυῆσαι
1213 2062 1277 2112 ἐκ
1291 2063 1381 2114 tot
1398 2062 1701 2131 ἐγκεφάλου
1718 2066 1811 2119 αὐ-

215 2150 312 2205 τοῦ
329 2152 429 2222 τὴν
458 2149 709 2221 Ἀθηνᾶν,
732 2150 900 2203 ἐδεῖτο
928 2152 1190 2221 συνεργοῦ
1221 2152 1315 2206 τοῦ
1334 2154 1688 2220 συλλαϐόντος
1716 2158 1809 2210 καὶ

216 2242 514 2313 πλήξοντος
541 2239 636 2311 τὴν
662 2240 923 2309 κεφαλὴν,
944 2241 1027 2293 ἵνα
1055 2240 1230 2313 κυηθῇ
1254 2258 1267 2272 ο
1309 2243 1401 2295 καὶ
1422 2242 1613 2312 λόγους
1643 2261 1811 2316 προσ-

214 2334 374 2404 φέρει
397 2332 525 2402 περὶ
544 2331 732 2385 τούτου
760 2330 837 2401 τῷ
885 2333 1160 2405 Ἡφαίστῳ
1179 2351 1193 2365 θ
1230 2335 1255 2387 6
1294 2334 1352 2387 δὲ
1376 2336 1676 2405 Ἥφαιστος
1708 2338 1808 2390 οὐκ

216 2424 399 2487 ἄλλως
429 2424 602 2476 είλετο
632 2422 810 2492 σχίσαι
836 2423 935 2492 τὴν
964 2425 1207 2496 κεφαλὴν
1236 2425 1330 2479 τοῦ
1365 2427 1505 2490 Διὸς,
1538 2429 1585 2479 εί
1616 2428 1690 2498 μὴ
1709 2429 1808 2499 τὴν

215 2515 565 2587 γεννωμένην
609 2513 1098 2587 άποπαρθενεὺσῃ·
1150 2519 1243 2570 κα)⁸
1286 2517 1553 2589 ὑπέσχετο
1593 2522 1621 2573 6
1650 2519 1806 2583 Ζεύς.

214 2604 415 2662 Λαϐὼν
461 2602 554 2659 οὖν
596 2608 624 2658 ὁ
668 2605 969 2675 Ἥφαιστος
1006 2606 1097 2659 τὸν
1148 2607 1446 2678 βουπλῆγα,
1484 2609 1671 2678 τέμνει
1709 2610 1810 2678 τὴν

215 2699 461 2769 κεφαλὴν
493 2698 587 2751 τοῦ
618 2697 760 2761 Διὸς,
790 2697 882 2751 καὶ
919 2698 1197 2770 ἐξέρχεται
1226 2702 1258 2768 ἡ
1306 2700 1526 2771 Ἀθηνᾶ,
1574 2701 1668 2753 καὶ
1708 2703 1808 2754 ἐπ-

215 2793 445 2847 εδίωκεν
483 2791 654 2860 αὐτὴν
697 2789 726 2841 6
772 2790 1097 2859 Ἥφαιστος,
1147 2790 1233 2844 ἵνα
1283 2790 1420 2861 αὐτῇ
1454 2792 1807 2863 συγγένηται·

216 2885 312 2938 καὶ
373 2880 677 2935 ἐπιδιώκων
718 2880 1147 2951 ἀπεσπέρμηνεν
1203 2884 1285 2943 είς
1339 2881 1430 2933 τὸν
1489 2880 1663 2952 μηρὸν
1710 2883 1809 2952 τῆς

225 2973 484 3044 Ἀθηνᾶς.
543 2972 607 3025 Ἠ
650 2971 707 3024 δὲ
766 2968 969 3039 Ἀθηνᾶ
1009 2969 1250 3023 λαϐοῦσα
1288 2969 1456 3041 ἔριον,
1505 2968 1809 3040 ἐξεμάξατο

214 3069 275 3123 τὸ
317 3067 561 3137 σπέρμα,
594 3064 691 3118 καὶ
728 3062 949 3134 ἔρριψεν
990 3066 1047 3117 ἐν
1085 3067 1151 3136 τῇ
1202 3067 1305 3136 γῇο
1347 3065 1443 3118 καὶ
1487 3064 1706 3131 ἐγένετο
1743 3065 1808 3118 ἐκ

216 3160 315 3231 τῆς
347 3159 452 3229 γῆς
497 3156 714 3211 καὶτοῦ
759 3156 908 3228 ἐρίου
956 3156 1245 3227 ἅνθρωπος
1279 3156 1702 3229 δρακοντόπους,
1747 3157 1807 3222 ὃς

215 3250 464 3304 ἐκαλεῖτο
516 3246 864 3318 Ἐριχθόνιος,
889 3246 998 3299 ἀπὸ
1038 3246 1131 3299 τοῦ
1171 3246 1319 3319 ἐρίου
1354 3248 1450 3300 καὶ
1486 3246 1582 3317 τῆς
1616 3247 1806 3317 χθονὸς

216 3341 399 3396 λαϐὼν
428 3342 490 3395 τὸ
517 3340 707 3412 ὄνομα.

466 3589 573 3654 κη’.
616 3582 753 3650 Περὶ
786 3581 1149 3651 Ἡρακλέους
1170 3582 1559 3653 μαινομένου.

283 3718 520 3790 Μεγάρη
538 3717 682 3771 οὕτω
709 3716 1041 3787 καλουμένη,
1068 3717 1336 3786 Κρέοντος
1362 3715 1458 3769 τοῦ
1487 3714 1681 3787 Θηϐῶν
1709 3714 1807 3785 βα-

216 3813 419 3875 σιλέως
438 3811 708 3880 θυγάτηρ,
739 3808 991 3880 ἐγαμήθη
1027 3808 1105 3879 τῷ
1134 3809 1418 3880 Ἠρακλεῖ,
1452 3809 1546 3862 καὶ
1594 3807 1810 3862 ἐπαιδο-

214 3906 445 3975 ποίησεν
470 3903 531 3967 ἐξ
546 3901 734 3956 αὑτοῦ.
751 3903 815 3954 Ἠ
832 3901 888 3953 δὲ
906 3903 1056 3971 Ἥρα
1084 3903 1337 3972 ἀπεχθῶς
1362 3904 1499 3975 πρὸς
1524 3902 1615 3956 τὸν
1650 3904 1810 3975 Ἡρα.

215 4000 350 4054 κλέα
367 3998 566 4067 ἔχουσα
580 3997 668 4049 διὰ
685 3994 1140 4058 πολλά,ἐνέ6αλεν
1167 3994 1315 4065 αὐτῴ
1343 3996 1560 4066 μανίαν,
1585 3997 1677 4049 καὶ
1701 4013 1807 4067 μα-

214 4092 330 4154 νεὶς
380 4089 669 4143 ἀπέκτεινε
706 4087 775 4140 τά
815 4085 1009 4140 ἑαυτοῦ
1058 4089 1243 4154 τέκνα,
1302 4087 1338 4142 ἃ
1381 4088 1537 4158 ἔσχεν
1583 4089 1647 4140 ἐκ
1706 4090 1808 4159 τῆς

217 4185 510 4252 Μεγαρης.

456 4316 557 4370 κθ’.
618 4315 761 4384 Περὶ
804 4317 937 4381 Διὸς
990 4315 1185 4370 πάντα
1241 4314 1578 4385 γινομένου.

288 4427 526 4496 Λέγεται
557 4429 586 4480 ὁ
603 4428 756 4491 Ζεὺς,
775 4427 1025 4498 ἐρασθεὶς
1046 4427 1145 4498 τῆς
1168 4427 1402 4498 Δανάης,
1419 4427 1617 4499 χρυσὸς
1649 4428 1805 4497 γενέ·-

218 4521 367 4584 σθαι,
382 4521 477 4572 καὶ
495 4518 713 4590 ῥυῆναι,
730 4518 825 4570 καὶ
837 4517 1009 4583 οὕτως
1022 4520 1159 4590 αὐτῇ
1176 4520 1558 4589 συγγενέσθαι.
1575 4520 1805 4590 Ὁμοίως

215 4612 471 4681 ἐρασθεὶς
510 4612 603 4663 καὶ
636 4610 1002 4681 Γανυμήδους,
1044 4612 1198 4675 ἀετὸς
1221 4613 1438 4680 ἐγένετο
1461 4632 1474 4646 ·
1516 4613 1610 4667 καὶ
1633 4611 1806 4676 οὕτως

217 4706 305 4757 ἀεὶ
349 4703 710 4773 μετεϐάλλετο
757 4704 1134 4775 μαγγανείαις,
1194 4704 1370 4758 πάντα
1409 4705 1693 4776 γινόμενος
1737 4705 1803 4759 δι’

218 4792 583 4862 ἀκαθαρσίαν,
603 4794 631 4845 6
662 4795 791 4863 παρ’
813 4794 995 4856 αὐτοῖς
1018 4793 1351 4864 ἐξοχώτατος
1381 4794 1525 4861 θεὸς,
1546 4795 1641 4849 καὶ
1663 4794 1797 4851 πάν-

217 4903 319 4949 τας
340 4886 468 4948 τοὺς
494 4885 685 4949 ἄλλους
718 4885 871 4951 θεοὺς
904 4886 1145 4940 ἀνέλκων
1175 4888 1255 4951 είς
1283 4886 1567 4960 οὐρανούς.

609 5196 672 5249 λ’.
714 5195 857 5264 Περὶ
883 5195 1077 5265 τάφου
1116 5194 1224 5248 τοῦ
1249 5195 1403 5260 Διός.

293 5308 529 5376 Λέγεται
569 5308 598 5360 6
646 5309 781 5370 Ζεὺς
820 5308 1092 5380 τραφῆναι
1140 5306 1234 5359 καὶ
1286 5302 1575 5358 ἀποθανεῖν
1622 5303 1682 5355 ἐν
1733 5304 1799 5372 τῇ

222 5402 440 5472 Κρήτῃ,
478 5399 573 5452 καὶ
594 5400 713 5453 ἐκεῖ
726 5394 868 5453 εἶναι
911 5396 1076 5454 αὑτοῦ
1115 5397 1207 5450 τὸν
1235 5396 1425 5466 τάφον,
1460 5397 1518 5449 ἐν
1552 5388 1596 5463 ᾧ
1623 5394 1805 5463 ἐπιγέ-

222 5487 574 5562 γραπταιτοῦ
600 5490 723 5554 Διὸς
747 5492 936 5560 τάφος,
954 5488 1095 5543 ὥστε
1115 5483 1254 5543 εἶναι
1275 5489 1436 5543 αὑτὸν
1458 5487 1679 5560 ἔλεγχον
1690 5485 1803 5542 τῶν

297 5668 412 5741 (36)
449 5667 512 5723 F.
561 5665 1094 5740 προπετευσάμενος.
1130 5665 1277 5721 Eon.

2045 1955 2136 2011 27.
2174 1953 2252 2009 De
2278 1952 2520 2008 Minerva
2552 1955 2749 2024 virgine
2778 1954 3065 2009 draconem
3092 1955 3348 2023 pariente.

1976 2069 2114 2125 Cum
2145 2068 2358 2139 Jupiter
2400 2067 2701 2123 Minervam
2720 2084 2785 2123 ex
2804 2069 3034 2124 cerebro
3064 2083 3167 2125 suo
3202 2084 3499 2138 procreare

1907 2163 2107 2226 vellet,
2161 2174 2544 2231 quaereretque
2588 2161 2850 2231 aliquem,
2885 2160 2979 2231 qui
3031 2160 3195 2217 facile
3238 2169 3295 2216 et
3324 2176 3494 2231 parvo

1906 2268 2032 2308 cum
2062 2253 2255 2307 dolore
2288 2260 2456 2321 caput
2485 2252 2661 2321 ipsius
2704 2250 2914 2319 feriret,
2937 2260 2997 2305 ut
3016 2252 3109 2306 illa
3134 2253 3187 2307 in
3216 2253 3381 2308 vitam
3406 2252 3493 2307 lu-

1906 2361 2139 2416 cemque
2169 2346 2436 2416 prodiret.
2460 2344 2528 2400 de
2555 2345 2660 2400 hac
2691 2359 2751 2400 re
2780 2358 2907 2399 cum
2936 2345 3179 2400 Vulcano
3213 2346 3379 2403 verba
3414 2345 3494 2402 fe-

1911 2436 2008 2491 cit.
2041 2436 2327 2492 Vulcanus
2357 2447 2541 2491 autem
2577 2436 2680 2492 hac
2710 2450 2820 2490 una
2852 2436 3173 2492 conditione
3198 2443 3364 2506 caput
3390 2436 3497 2505 ipsi

1910 2541 2100 2582 secare
2122 2528 2319 2593 voluit,
2359 2534 2419 2580 ut
2446 2541 2567 2581 eam
2598 2541 2722 2597 quae
2748 2542 2872 2579 mox
2903 2527 3187 2583 nascitura
3214 2537 3355 2590 erat,
3396 2527 3495 2582 dc-

1911 2619 2231 2687 virginaret.
2267 2618 2435 2690 quue
2475 2620 2731 2690 promisit
2763 2619 3001 2689 Jupiter.
3043 2618 3278 2689 Accepta
3311 2618 3497 2689 itaque

1910 2710 2093 2763 securi
2129 2707 2413 2766 Vulcanus
2451 2709 2605 2765 Jovis
2648 2717 2813 2776 caput
2866 2709 3094 2772 scindit,
3131 2710 3323 2779 sicque
3364 2709 3497 2763 exiit

1912 2801 2155 2857 Minerva
2193 2822 2206 2857 :
2234 2818 2399 2875 quam
2431 2804 2683 2874 protinus
2704 2802 2990 2858 Vulcanus
3018 2804 3272 2873 persequi
3302 2802 3494 2873 coepit,

1909 2902 1968 2947 ut
1994 2909 2121 2948 cum
2147 2909 2211 2949 ea
2234 2909 2347 2949 rem
2384 2894 2629 2951 haberet.
2655 2894 2833 2965 Atque
2855 2896 2949 2949 illa
2982 2894 3291 2950 insectione
3314 2894 3368 2948 in
3390 2894 3493 2948 Mi-

1906 3001 2088 3040 nervae
2124 2985 2304 3041 femur
2350 3004 2535 3043 semen
2579 2988 2742 3055 fudit,
2782 2987 2928 3060 quod
2979 2988 3203 3059 quidem
3249 2987 3494 3042 Minerva

1906 3078 2031 3134 lana
2065 3086 2292 3150 accepta
2323 3081 2572 3146 extersit,
2601 3089 2767 3153 atque
2797 3082 2854 3136 in
2900 3090 3106 3136 terram
3148 3080 3373 3151 abiecit.
3413 3079 3493 3134 Ita

1904 3177 2114 3226 eterra
2158 3187 2223 3227 ac
2274 3172 2398 3227 lana
2444 3172 2536 3226 illa
2585 3173 2796 3228 exstitit
2849 3173 3013 3228 homo
3048 3171 3308 3227 draconis
3328 3171 3497 3243 pedes

1912 3265 2142 3329 habens,
2166 3265 2262 3335 qui
2298 3265 2531 3336 proinde
2550 3264 2948 3322 Erichthonius
2981 3276 3233 3329 vocatur,
3270 3265 3379 3319 ἀπὸ
3401 3262 3495 3317 τοῦ

1910 3356 2061 3428 ἐρίου
2089 3357 2182 3412 καὶ
2213 3358 2313 3429 τῆς
2338 3357 2548 3429 χθονός,
2581 3358 2634 3414 id
2665 3366 2770 3424 est,
2816 3374 2848 3413 a
2885 3360 3008 3412 lana
3037 3368 3091 3414 et
3114 3366 3262 3413 terra
3294 3372 3494 3412 nomen

1829 3464 1873 3519 ο
1906 3450 2137 3508 habens.

2228 3580 2321 3638 28.
2352 3581 2432 3636 De
2461 3582 2679 3654 Megara
2715 3584 2964 3640 Herculis
2995 3600 3180 3641 uxore.

1982 3718 2199 3787 Megara
2235 3717 2495 3773 Creontis
2544 3717 2857 3775 Thebarum
2905 3720 3053 3791 regis
3103 3719 3215 3774 filia
3266 3718 3493 3776 Herculi

1911 3812 2119 3883 nupsit,
2143 3826 2209 3866 ex
2247 3827 2423 3883 eoque
2453 3813 2658 3869 liberos
2693 3814 2906 3868 habuit.
2940 3813 3009 3866 At
3032 3812 3175 3868 Juno
3216 3813 3403 3869 multis
3424 3813 3494 3869 de

1908 3904 2092 3961 causis
2121 3903 2409 3960 Herculem
2448 3905 2651 3961 infesto
2679 3905 2807 3961 odio
2836 3921 3200 3977 persequens,
3241 3906 3485 3961 furorem

1909 3997 2013 4066 ipsi
2041 3996 2252 4065 injecit.
2288 3996 2409 4063 Quo
2446 3998 2695 4067 percitus
2738 3998 2830 4053 ille
2883 3997 3049 4063 filios,
3082 4013 3223 4068 quos
3262 4013 3329 4052 ex
3378 3997 3493 4054 Me-

1908 4105 2042 4163 gara
2074 4092 2398 4157 sustulerat,
2430 4090 2804 4146 obtruncavit.

1942 4224 2032 4281 29.
2066 4224 2143 4280 De
2158 4241 2239 4291 eo,
2266 4226 2404 4296 quod
2431 4226 2509 4278 ait
2533 4223 3052 4296 Gregorius,Jovem
3085 4224 3147 4279 ob
3181 4224 3457 4280 libidinem

2278 4295 2328 4350 et
2360 4295 2697 4351 salacitatem
2730 4295 2934 4367 quidvis
2957 4296 3110 4365 eﬂici.

1974 4408 2187 4482 Jupiter
2234 4409 2446 4467 Danaes
2490 4425 2679 4467 amore
2722 4408 2961 4480 ﬂagrans
3009 4424 3208 4464 aurum
3258 4408 3492 4465 effectus

1907 4513 2011 4569 est,
2048 4519 2114 4559 ac.
2159 4502 2398 4560 diffluxit
2448 4519 2465 4556 :
2499 4503 2690 4573 sicque
2723 4516 2849 4557 cum
2900 4515 2963 4557 ea
2996 4515 3331 4571 congressus
3380 4507 3487 4555 est.

1907 4599 2111 4655 Eodem
2154 4596 2315 4653 modo
2354 4596 2688 4669 Ganymedis
2736 4611 2924 4652 amore
2969 4604 3258 4664 correptus
3306 4593 3493 4664 aquila

1908 4691 2086 4746 factus
2120 4697 2227 4745 est.
2256 4688 2433 4759 Atque
2481 4690 2559 4743 ita
2608 4689 2853 4757 seipsum
2906 4685 3142 4742 subinde
3197 4685 3501 4755 praestigiis:

1906 4782 2238 4852 quibusdam
2290 4781 2344 4835 in
2389 4781 2528 4836 alias
2589 4780 2836 4849 aliasque
2877 4778 3083 4833 formas
3143 4776 3493 4843 immutabat,

1903 4884 2068 4944 atque
2103 4874 2174 4928 ob
2202 4873 2473 4942 impuram
2511 4871 2793 4927 libidinem
2824 4871 2879 4924 in
2902 4870 3124 4940 quidvis
3152 4869 3493 4927 vertebatur.

1899 4969 2009 5033 ille,
2046 4967 2289 5038 inquam,
2328 4965 2818 5035 praestantissimus
2850 4964 2995 5033 apud
3037 4961 3290 5017 ethnicos
3332 4961 3490 5028 deus,

1900 5068 2063 5128 atque
2090 5073 2282 5115 omnes
2310 5057 2443 5114 deos
2469 5058 2521 5112 vi
2557 5058 2625 5113 ad
2661 5073 2721 5114 se
2748 5058 2804 5111 in
2836 5058 3036 5113 ccelum
3061 5056 3311 5111 trahens.

2213 5186 2302 5241 30.
2340 5184 2417 5240 De
2442 5183 2594 5241 lovis
2631 5185 2872 5255 sepulcro
2900 5186 2957 5241 in
2997 5184 3176 5241 Creta.

1977 5297 2193 5370 Jupiter
2223 5297 2280 5354 in
2307 5297 2470 5355 Creta
2500 5298 2644 5355 diem
2677 5300 2807 5354 vita
2851 5306 3162 5354 extremum
3218 5293 3495 5349 clausisse

1909 5399 2074 5462 atque
2107 5390 2276 5446 humo
2306 5390 2564 5447 conditus
2597 5390 2773 5447 fuisse
2795 5390 3001 5446 dicitur
3034 5409 3046 5443 :
3078 5389 3263 5458 ibique
3286 5400 3487 5440 monu-

1910 5491 2160 5543 mentum
2197 5483 2372 5555 ipsius
2401 5499 2547 5550 esse,
2571 5484 2627 5540 in
2649 5498 2760 5558 quo
2782 5481 2971 5541 Jovem
3003 5481 3117 5539 illic
3142 5479 3328 5552 jacere
3358 5492 3483 5535 cre-
