4018 6296
585 236 713 293 1051
1958 217 2165 275 NONNI

2272 214 2491 270 ABBAS
3694 200 3807 257 1053

583 345 764 408 datur,
801 340 1067 411 inscripto
1107 338 1287 395 docet.
1339 334 1525 406 quue
1572 331 1824 388 convinci
1856 330 2149 386 amentiam

2271 326 2521 392 ιεγόντων
2552 321 2642 374 τὸν
2665 320 2761 374 Δία
2782 317 2920 372 Θεόν.
2981 315 3327 385 Ἐλέγχονται
3366 312 3492 383 γὰρ,
3514 311 3591 365 ὃτι
3625 314 3707 364 καὶ
3734 314 3809 366 ἂν-

583 444 637 489 et
660 435 950 489 vanitatem
980 446 1191 496 eorum,
1212 430 1306 500 qui
1335 428 1521 484 Jovem
1546 426 1707 482 deum
1733 439 1857 480 esse
1875 428 2153 478 asserunt.

2271 418 2475 490 Βρωπος
2496 412 2562 486 ἦν
2592 414 2684 468 καὶ
2718 412 2947 483 τέθνηκε
2977 409 3073 463 καὶ
3101 411 3281 462 κεῖται
3322 407 3381 459 ὲν
3412 407 3480 475 τῇ
3507 404 3706 475 Κρήτῃ.

583 526 664 580 Ex
691 541 757 580 eo
788 526 933 579 enim
965 522 1389 585 convincuntur,
1435 520 1563 590 quia
1608 527 1663 574 et
1712 517 1876 571 homo
1913 520 2053 578 erat,
2101 520 2156 567 et

584 625 835 672 mortuus
856 626 959 680 est,
985 624 1039 670 et
1062 616 1210 685 jacet
1237 614 1292 668 in
1319 613 1501 669 Creta.

1843 720 1930 776 5i.
1959 720 2036 775 De
2061 718 2250 775 Lucrio
2292 719 2389 773 deo
2437 717 2569 789 (57).

656 823 733 879 De
767 823 870 878 hoc
900 821 1119 876 tametsi
1151 819 1432 890 superiore
1453 817 1704 874 oratione
1735 815 1997 875 diximus,
2036 812 2141 866 hoc
2172 819 2352 866 tamen
2391 824 2538 863 nunc
2575 821 2792 878 quoque
2821 805 3079 873 dicimus,
3106 802 3449 859 Mercurium
3476 812 3664 868 nempe
3690 798 3809 865 apud

587 916 836 971 ethnicos
871 915 1009 968 lucri
1044 913 1332 984 praesidem
1355 926 1479 967 esse
1511 949 1526 964 .
1567 908 1719 964 Unde
1741 908 1905 963 etiam
1939 905 2279 974 marsupium
2312 903 2415 973 ipsi
2444 900 2768 973 geStandum
2800 900 3072 964 tribuunt,
3110 913 3174 952 ac
3227 895 3510 950 furtorum
3546 891 3811 945 antistitem

588 1013 764 1083 ipsum
792 1011 982 1065 dicunt
1015 1028 1027 1063 :
1080 1024 1142 1063 ac
1171 1008 1407 1082 κερδῷον
1431 1016 1485 1063 et
1510 1008 1710 1076 λόγιον,
1746 1013 1799 1059 et
1826 1004 2057 1071 ἄγγελον
2083 1010 2137 1055 et

2273 1001 2423 1073 ραῖον
2446 1005 2500 1053 et
2531 997 2745 1063 κλῶπα,
2771 1002 2824 1051 et
2846 994 3117 1065 ejusmodi
3139 990 3463 1047 nominibus
3491 1001 3612 1042 eum
3658 984 3814 1054 appel-

585 1081 723 1170 lant,
756 1107 807 1163 id
840 1118 943 1172 est,
979 1108 1206 1161 [acrium
1239 1081 1365 1175 (hoc
1388 1106 1532 1160 enim
1555 1105 1777 1159 nomine
1803 1100 2081 1155 Arnobius
2109 1098 2303 1169 utitur)
2335 1104 2389 1152 et
2421 1094 2705 1165 facundum
2727 1100 2781 1149 et
2811 1093 3051 1147 nuntium
3078 1097 3133 1144 et
3164 1089 3430 1149 forensem
3462 1091 3517 1139 et
3546 1081 3725 1150 furem.

646 1251 734 1306 52.
763 1249 835 1303 De
870 1250 1064 1304 honore
1088 1265 1188 1319 quo
1221 1245 1380 1300 Nilus
1412 1246 1478 1299 ab
1508 1243 1777 1315 zEgypliis
1823 1240 2081 1310 afﬁcitur.

658 1360 734 1416 De
765 1362 866 1416 hac
890 1361 1120 1416 historia
1159 1358 1365 1413 nullam
1396 1358 1724 1413 mentionem
1748 1354 2055 1410 Herodotus
2080 1351 2159 1406 fa-

587 1454 683 1509 cit.
716 1452 871 1523 Apud
902 1451 1288 1505 Aristaenetum
1325 1455 1507 1503 autem
1562 1447 1836 1502 rhetorem
1880 1446 1984 1501 hoc
2030 1446 2154 1516 legi,

2766 1227 2867 1298 λβ¹.
2907 1225 3045 1294 Περὶ
3070 1224 3316 1278 Νείλου.

2343 1344 2623 1416 Ἡρόδοτος
2648 1342 2801 1396 οὐδὲν
2829 1340 2971 1409 λέγει
2995 1354 3008 1368 ο
3031 1337 3274 1406 ἀνέγνων
3297 1334 3356 1387 δὲ
3380 1331 3534 1404 παρὰ
3581 1331 3817 1401 Ἀρισται·

2261 1436 2395 1508 νέτῳ
2415 1436 2491 1507 τῷ
2512 1433 2946 1506 ἱστορικῷ,ὅστις
2971 1431 3194 1501 ἱστορεῖ,
3210 1428 3295 1481 ὅτι
3316 1424 3663 1493 ἑορτάζουσιν
3680 1420 3815 1488 Myti-

591 1514 879 1616 A‘Zgyptios
905 1542 1101 1598 festum
1127 1542 1368 1596 solemne
1393 1537 1515 1593 Nilo
1549 1538 1849 1608 publicitus
1881 1514 2156 1593 celebrare

2271 1546 2407 1583 κτιοι
2433 1526 2511 1598 τῷ
2540 1526 2715 1596 Νείλῳ
2744 1525 2935 1595 ἑορτὴν
2969 1520 3241 1591 πανδημεὶ
3286 1518 3490 1580 πάντες
3539 1515 3631 1568 καὶ
3670 1514 3816 1564 πᾶσαι

592 1647 758 1707 atque
787 1649 979 1691 omnes
1007 1641 1114 1687 tam
1138 1633 1287 1688 viros
1321 1646 1484 1701 quam
1520 1631 1783 1685 mulieres
1826 1630 1891 1684 ad
1942 1629 2156 1683 urbium

2271 1619 2540 1692 ἐρχόμενοι
2582 1615 2799 1688 περὶτὰ
2817 1615 3018 1686 θέατρα
3048 1611 3155 1666 τῶν
3182 1610 3421 1673 πόλεων,
3464 1607 3679 1661 κάκεῖσε
3725 1602 3814 1655 θοι·

590 1696 804 1783 theatra
831 1740 953 1781 sese
972 1724 1244 1789 conferre,
1280 1696 1501 1793 illicque
1531 1737 1667 1791 quas
1688 1723 1922 1792 quisque
1945 1729 1999 1775 et
2024 1736 2165 1790 qna:-

2271 1712 2464 1765 νῶνται
2482 1711 2712 1772 ἕκαστος
2732 1708 2761 1760 ὃ
2786 1708 2917 1778 ἔχει,
2935 1704 3129 1777 χορούς
3154 1720 3214 1756 τε
3238 1700 3639 1773 συστησάμενοι
3660 1696 3813 1767 ᾄδουσι

591 1835 697 1891 que
726 1819 918 1888 epulas
950 1817 1167 1879 habeat,
1217 1781 1459 1870 esitare:
1498 1781 1562 1868 ac
1597 1781 1722 1866 tum.
1752 1781 2001 1866 instituta
2023 1781 2165 1865 com-

2271 1800 2342 1871 τῷ
2372 1800 2553 1871 Νείλῳ
2581 1798 2744 1869 ᾠδὰς,
2769 1796 2834 1858 ἃς
2855 1793 2932 1865 τῷ
2951 1795 3034 1847 Διὶ
3053 1791 3291 1864 ᾄδουσιν,
3318 1790 3397 1853 ὡς
3427 1788 3525 1841 τοῦ
3558 1784 3736 1838 Νείλου
3764 1781 3812 1833 τὸ

591 1910 741 1963 muni
780 1908 977 1963 chorea
1010 1907 1241 1977 hymnos
1272 1903 1492 1959 eosdem
1523 1902 1644 1957 Nilo
1686 1903 1989 1965 cantillare,
2027 1915 2164 1970 quos

2271 1891 2359 1945 τοῦ
2407 1890 2528 1952 Διὸς
2554 1888 2712 1959 ἔργον
2748 1883 3049 1947 ποιῶντος,
3078 1882 3174 1934 καὶ
3208 1879 3469 1948 ageam;
3513 1877 3609 1947 τὴν
3639 1874 3811 1943 χώραν.

590 1996 712 2053 Jovi
741 2012 937 2052 canere
960 1997 1174 2051 solent:
1219 2001 1479 2064 tanquam
1513 1992 1766 2048 videlicet
1819 1991 1977 2045 Nilus
2014 1989 2164 2046 Jovis

591 2104 728 2159 opus
754 2090 888 2159 ipsis
909 2096 1261 2157 exsequatur,
1288 2100 1351 2140 ac
1377 2086 1582 2154 regioni
1615 2086 1819 2155 prmsit.
1839 2084 2048 2139 Idcirco
2076 2097 2167 2137 au-

593 2194 698 2238 tem
746 2166 981 2238 fortasse
1028 2181 1472 2250 androgynorum
1507 2180 1742 2232 honores
1791 2183 1969 2240 vocat,
2019 2174 2163 2245 quod

593 2276 739 2331 omni
769 2274 1075 2344 frequentia
1101 2272 1205 2326 viri
1236 2286 1299 2324 ac
1325 2271 1586 2326 mulieres
1613 2268 2066 2341 perbaccbentur,
2103 2282 2168 2322 ac

593 2379 992 2437 saepenumero,
1016 2363 1148 2417 utin
1179 2362 1519 2423 temulentia,
1575 2360 1787 2415 libidini
1827 2358 2162 2431 indulgeant.

927 2496 1017 2551 55.
1042 2491 1120 2548 De
1158 2492 1300 2547 Iside
1324 2503 1372 2547 et
1404 2489 1758 2546 Mendelibus.

663 2611 769 2668 Isis
796 2610 939 2681 apud
970 2609 1264 2681 Egyptios
1306 2624 1640 2680 magnopere
1672 2608 1896 2664 colitur.
1927 2609 1984 2661 lo
2023 2607 2166 2661 hanc

594 2720 718 2760 esse
754 2704 970 2769 dicunt,
1012 2718 1134 2774 quae
1157 2718 1187 2757 a
1215 2702 1348 2757 Jove
1379 2703 1524 2772 Argo
1545 2708 1732 2771 erepta
1763 2709 1867 2767 est,
1915 2708 2079 2768 atque
2112 2703 2166 2752 in

596 2796 789 2852 bovem
826 2804 1187 2851 commutata.
1220 2794 1440 2851 Cornua
1475 2795 1621 2849 enim
1659 2794 1809 2848 circa
1840 2792 2015 2863 ipsius
2051 2798 2167 2845 sta-

596 2899 703 2944 tuae
741 2900 907 2959 caput
953 2892 1276 2962 appingunt.
1310 2891 1370 2945 In
1410 2903 1600 2944 eorum
1634 2887 1802 2951 enim,
1848 2893 1907 2939 ut
1933 2885 2046 2954 jam
2082 2882 2166 2936 di-

2278 1979 2645 2052 ’Δνδρογύνων
2664 1977 2720 2029 δὲ
2738 1977 2885 2029 δοκεῖ
2908 1975 3084 2043 λέγειν
3113 1972 3305 2042 τιμὰς,
3342 1970 3405 2023 τὸ
3437 1966 3695 2036 πανδημεὶ
3714 1962 3813 2021 τοὺς

2266 2074 2502 2145 ἄρρενας
2558 2070 2694 2141 μετὰ
2749 2067 2856 2120 τῶν
2908 2063 3186 2135 γυναικῶν
3246 2057 3671 2132 ἐκϐακχεύεσθαι
3736 2054 3810 2106 καὶ

2270 2163 2531 2227 πολλάκις
2572 2165 2630 2215 ὲν
2664 2160 2804 2232 μέθῃ
2835 2158 3197 2212 ἀσελναίνειν.

2497 2506 2599 2575 λγθ.
2642 2505 2782 2574 Περὶ
2830 2504 3049 2571 Ἴσιδος
3095 2504 3194 2559 καὶ
3228 2502 3605 2571 Μενδησίων.

2349 2622 2411 2673 Ἦ
2433 2616 2570 2683 Ἶσις
2590 2622 2814 2691 τιμᾶται
2831 2620 2981 2691 παρὰ
3000 2623 3111 2683 τοῖς
3132 2618 3475 2688 Αἰγυπτίοις,
3490 2616 3579 2668 καὶ
3598 2613 3804 2685 μεγάλως

2265 2714 2509 2783 τιμᾶται.
2542 2713 2774 2780 Λέγεται
2809 2712 2864 2764 δὲ
2903 2711 3040 2782 αὕτη
3079 2706 3218 2764 εἶναι
3265 2714 3299 2783 ἡ
3344 2708 3481 2778 Ἰὼή
3507 2703 3805 2777 ἁρπασθεῐσα

2278 2804 2430 2875 παρὰ
2454 2802 2549 2858 τοῦ
2581 2804 2700 2868 Διδς
2716 2805 2779 2856 ἐκ
2806 2802 2898 2856 τοῦ
2932 2805 3170 2874 ’Λργους
3209 2803 3305 2855 καὶ
3340 2797 3718 2873 μεταδληθεῑσα
3744 2793 3803 2852 εἰς

2273 2892 2420 2963 βοῦν.
2459 2893 2680 2964 Κέρατα
2715 2893 2823 2963 γὰρ
2854 2893 2981 2962 περὶ
3009 2893 3107 2963 τὴν
3134 2892 3383 2963 κεφαλὴν
3415 2888 3508 2943 τοῦ
3540 2886 3804 2955 ἀγάλματος

597 2982 798 3043 ximus.
834 2982 979 3052 apud
1011 2980 1301 3053 Egyptios
1342 2994 1573 3035 numero
1604 2987 1709 3042 est,
1752 2991 1875 3047 qua:
1905 2975 2162 3030 maximis

2271 2986 2435 3056 αὐτῆς
2468 2984 2732 3039 ποιοῦσιν.
2782 2985 2871 3047 Ὠς
2900 2980 3055 3037 εἶπον
3087 2984 3165 3049 δὲ,
3195 2984 3306 3038 τῶν
3342 2983 3483 3037 πάνυ
3524 2977 3803 3049 τιμωμένων

597 3074 902 3129 honoribus
926 3074 1267 3129 aflieiuntur.
1294 3071 1698 3127 Mendesiorunt
1722 3078 1903 3123 autem
1928 3068 2161 3122 historia

598 3177 681 3224 cst
722 3166 1037 3236 hujusmodi
1071 3180 1087 3217 :
1116 3165 1361 3238 [Egyptii
1406 3164 1554 3218 Pana
1597 3162 1895 3217 Mendetem
1946 3168 2163 3223 vocant,

599 3256 855 3326 quoniam
899 3258 1085 3327 lingua
1126 3257 1373 3326 ipsorum
1437 3253 1662 3309 Mendes
1719 3253 1931 3305 hircum
1981 3257 2162 3307 sonat.

598 3346 709 3403 Pan
741 3363 907 3418 porro
950 3348 1218 3402 hircinam
1257 3346 1490 3402 formam
1536 3346 1719 3400 habet.
1760 3343 1935 3398 Tanta
1984 3352 2164 3399 autem

599 3441 860 3512 religione
899 3439 1204 3496 Mendetem
1249 3439 1398 3493 hunc
1443 3439 1557 3494 sive
1600 3436 1749 3491 Pana
1784 3437 1995 3498 colunt,
2047 3442 2168 3489 uta

600 3531 778 3601 capris
807 3546 1027 3601 quoque
1043 3532 1267 3585 omnino
1294 3529 1625 3594 abstineant,
1661 3528 1807 3597 quod
1844 3525 1990 3581 Deus
2020 3526 2169 3595 ipso.

600 3636 719 3674 rum
776 3622 1005 3691 caprina
1045 3619 1221 3674 forma
1259 3619 1349 3674 sit.
1416 3618 1537 3673 Jam
1579 3632 1709 3673 vero
1749 3616 1955 3687 Apides
1998 3617 2167 3671 boves

600 3720 746 3776 sunt,
774 3712 866 3782 qui
899 3726 1096 3782 magno
1124 3711 1180 3765 in
1210 3711 1418 3766 honore
1460 3710 1604 3779 apud
1636 3707 1924 3780 Egyptios
1960 3709 2168 3764 haben-

601 3810 709 3856 tur.
744 3801 1040 3856 Pariebant
1066 3809 1249 3857 autem
1281 3801 1386 3864 illi.
1430 3800 1556 3854 licet
1584 3800 1795 3869 alioqui
1828 3800 1951 3870 puri
1998 3808 2163 3870 atque

602 3896 902 3965 incorrupti
946 3895 1179 3965 pristino
1227 3902 1472 3963 tempore
1509 3890 1783 3959 fuissent;
1844 3892 2169 3963 signumque

602 3987 819 4059 aliquod
844 3987 1139 4052 habebant,
1179 4002 1244 4041 ex
1285 4000 1394 4056 quo
1430 3984 1573 4055 apud
1610 3982 1899 4056 Egyptios
1948 3993 2169 4039 consta—

602 4083 691 4137 bat
719 4080 923 4151 Apides
955 4094 1052 4136 eos
1079 4094 1225 4146 esse,
1254 4092 1318 4133 ac
1360 4077 1527 4147 longo
1561 4077 1829 4147 temporis
1862 4076 2041 4147 spatio
2082 4077 2167 4147 gi-

603 4173 932 4245 gnebantur.
979 4172 1115 4228 Cum
1162 4178 1345 4226 autem
1397 4178 1727 4241 procreatus
1768 4169 1966 4224 fuisset
2012 4168 2167 4238 Apis,

603 4265 897 4320 maximum
941 4263 1141 4321 festum
1172 4263 1322 4319 circa
1353 4278 1477 4319 eum
1510 4259 1757 4332 Egyptii
1788 4259 2167 4323 celebrabant,

603 4371 665 4412 ac
707 4356 1019 4413 sacerdotes
1053 4358 1214 4412 etiam
1257 4354 1499 4425 quidam,
1540 4358 1634 4424 qui
1679 4352 1805 4408 bovi
1854 4351 1961 4422 ipsi
2004 4366 2164 4407 saera

603 4449 893 4505 faciebant.
931 4448 1090 4516 Quod
1133 4455 1313 4504 autem
1357 4446 1435 4501 ait
1471 4446 1773 4516 Gregorius
1822 4443 1969 4500 feras
2013 4457 2172 4513 quas-

605 4540 723 4595 dam
750 4548 1096 4611 portentosas
1119 4539 1551 4611 compositasque
1579 4546 1810 4601 naturae,
1855 4539 1958 4592 hoc
2007 4538 2168 4593 intel-

605 4632 739 4701 ligit,
772 4631 918 4702 quod
965 4632 1083 4702 ipse
1110 4647 1330 4702 quoque
1359 4628 1711 4685 Alexandria:
1731 4629 1865 4694 vidi,
1906 4629 2167 4683 nimirum

600 4722 928 4792 perexiguas
961 4721 1228 4792 quasdam
1275 4730 1510 4787 statuas,
1557 4729 1723 4790 caput
1753 4720 1906 4774 canis
1960 4719 2166 4773 haben-

607 4829 683 4869 tes
708 4825 871 4884 atque
900 4815 1170 4870 adnexum
1214 4815 1364 4869 aliud
1404 4822 1569 4883 caput
1605 4814 1745 4879 felis,
1784 4810 2042 4881 aliudque
2086 4812 2170 4865 in-

607 4922 765 4977 super
812 4907 1114 4975 accipitris.
1166 4906 1297 4972 Qum
1342 4906 1559 4975 quidem
1604 4903 1846 4974 Egyptii
1890 4905 2165 4970 colebant,

2263 3070 2331 3146 ἦν
2382 3075 2511 3145 παρ’
2546 3073 2880 3142 Αἰγυπτίοις.
2941 3074 3004 3126 Ἡ
3056 3073 3113 3126 δὲ
3158 3076 3290 3144 περὶ
3329 3074 3457 3136 τοὺς
3499 3066 3803 3139 Μενδησίους,

2266 3167 2413 3218 ἐστὶν
2442 3165 2601 3236 αὓτη·
2653 3166 2756 3218 Τὸν
2808 3166 2960 3218 Πᾶνα
2990 3164 3244 3235 Μένδητα
3295 3162 3549 3218 καλοῦσιν
3585 3160 3631 3212 οἱ
3673 3152 3799 3221 Atri-

2267 3273 2432 3318 πτιοι,
2465 3257 2553 3311 διὰ
2583 3257 2643 3309 τὸ
2677 3256 2773 3310 καὶ
2813 3257 2903 3310 τὸν
2947 3257 3148 3327 τράγον
3174 3259 3240 3327 τῇ
3275 3257 3383 3327 ἰδίᾳ
3413 3253 3663 3321 διαλέκτῳ
3689 3246 3804 3301 Μέν-

2264 3348 2399 3418 δητα
2433 3348 2639 3402 καλεῖν.
2685 3349 2746 3401 '0
2795 3348 2852 3401 δὲ
2890 3348 3007 3401 Πὰν
3047 3346 3517 3419 τραγοπρόσωπός
3560 3347 3681 3397 ἐστι,
3726 3335 3803 3389 Σέ-

2265 3440 2448 3494 6ονται
2473 3437 2565 3495 οὖν
2590 3441 2733 3494 οὕτω
2752 3440 2841 3494 τὸν
2869 3440 3125 3511 Μένδητα
3148 3439 3360 3505 τοῦτον,
3387 3440 3503 3510 ἦτοι
3531 3436 3616 3488 τὸν
3646 3433 3771 3485 Πᾶνα
3795 3462 3806 3485 ν

2266 3532 2404 3585 ὥστε
2436 3533 2569 3604 μηδὲ
2604 3533 2861 3601 γεύεσθαι
2890 3532 3063 3601 αἰγῶν
3104 3533 3191 3586 διὰ
3215 3533 3279 3586 τὸ
3312 3532 3502 3585 τοῦτον
3531 3526 3661 3587 εἶδος
3690 3522 3803 3590 ἔχειν

2268 3625 2368 3694 τὴν
2412 3624 2517 3677 τῶν
2566 3624 2735 3691 αἰγῶν
2774 3625 2866 3677 τὸν
2918 3624 3070 3677 Πᾶνα
3116 3624 3206 3677 τὸν
3241 3623 3425 3678 αὐτῶν
3478 3618 3622 3672 Θεόν.
3668 3613 3722 3665 Ol
3760 3607 3802 3658 δὲ

2273 3716 2517 3778 Ἀπιδες,
2559 3715 2682 3785 βοῦς
2713 3718 2820 3769 εἰσι
2860 3714 3161 3785 τιμώμενοι
3197 3716 3328 3785 παρ’
3361 3710 3690 3781 Αἰγυπτίοις·
3718 3697 3802 3753 ὲτίο

2269 3824 2458 3861 κτοντο
2487 3806 2543 3860 δὲ
2568 3802 2711 3861 οὗτοι
2743 3806 2970 3876 καθαροὶ
2998 3805 3066 3875 δή
3100 3822 3263 3868 τινες,
3298 3807 3357 3857 ὲν
3389 3801 3466 3872 τῷ
3499 3797 3619 3869 πρὶν
3642 3791 3800 3863 χρόνίιυι

2271 3901 2367 3954 καὶ
2397 3903 2622 3970 σημεῖον
2648 3894 2792 3969 εἶχόν
2831 3915 2904 3963 τι,
2933 3897 2961 3950 ὂ
2989 3897 3176 3967 ἐδήλου
3204 3897 3401 3958 αὐτοὺς
3429 3890 3561 3945 εἶναι
3590 3881 3801 3970 Ἀπιδαξ-

2284 3966 2615 4058 Ἐγεννῶντο
2647 3966 2831 4040 assis
2860 3966 3077 4058 χρόνου
3102 3984 3300 4039 πολλοῦ
3320 4001 3336 4017 ·
3371 3981 3504 4037 έπάν
3536 3977 3588 4030 δὲ
3622 3966 3799 4058 ἐγεννή-

2272 4056 2465 4150 θησαν,
2513 4079 2706 4150 ὲορτὴν
2741 4056 2982 4149 μεγάῖξην
3012 4073 3145 4148 ἦγον
3186 4078 3237 4130 οἱ
3271 4074 3585 4143 Αἰγύπτιοι·
3621 4060 3704 4116 καὶ
3743 4056 3795 4106 ἴεν

2277 4175 2389 4243 ρείς
2414 4189 2559 4234 τινες
2587 4172 2714 4241 περὶ
2740 4171 2829 4224 τὸν
2853 4171 3180 4241 γεννηθέντα
3211 4169 3356 4240 βοῦν,
3386 4166 3572 4224 οἵτινες
3599 4151 3800 4243 ἱεροῦῨῗθ

2274 4240 2421 4333 ἀὺτῷ
2447 4262 2525 4333 τῷ
2562 4261 2664 4332 βοΐ.
2702 4262 2775 4314 Τὸ
2799 4240 2874 4321 διέ
2910 4240 3142 4335 γράφειν
3172 4262 3336 4333 θηρία
3376 4256 3593 4312 σύνθετα
3629 4246 3711 4300 καὶ

2275 4332 2503 4418 λόκοτα,
2559 4354 2718 4409 τοῦτο
2762 4355 2909 4423 λέγει
2929 4332 2960 4418 ,-
2992 4354 3020 4409 ὃ
3072 4355 3164 4409 καὶ⁹
3217 4332 3354 4408 εἶδον
3402 4348 3509 4418 ἐγὼ
3555 4338 3680 4397 κατὰ
3722 4332 3797 4423 τῂν

2288 4445 2717 4516 Ἀλεξάνδρειαν,
2758 4422 3071 4517 ἀγαλμάτια
3126 4445 3331 4516 μικρὰ,
3369 4442 3553 4512 ἔχοντα
3598 4422 3797 4495 κεφαλὴν

2277 4536 2454 4601 κυνὸς,
2490 4538 2583 4591 καὶ
2616 4538 3044 4610 παραφυομένην
3076 4538 3319 4608 κεφαλὴν
3347 4534 3531 4604 ἑτέραν
3567 4518 3795 4610 αἰλούρου.

2276 4630 2371 4683 καὶ
2404 4631 2595 4702 ἑτέραν
2645 4631 2885 4702 ἱέρακος,
2927 4608 3020 4685 και
3068 4631 3317 4684 ἐσέϐοντο
3354 4626 3519 4681 ταῦτα
3560 4619 3605 4671 οἱ
3638 4608 3795 4702 Ἕλλη*

2273 4739 2383 4788 νες,
2413 4699 2507 4776 και
2533 4725 2591 4775 ὲν
2624 4699 2827 4776 εἰιιόσιν
2858 4724 3179 4793 ἐνέγραφον.
3216 4724 3290 4775 Οὐ
3323 4721 3477 4793 μόνον
3505 4712 3557 4765 δὲ
3585 4699 3795 4793 τοιαύτη]⁹

2278 4784 2439 4883 φύσιν
2470 4815 2792 4885 ἐνέγραφον,
2825 4784 2969 4868 ἀλλδί
2987 4784 3092 4869 ’καὶ
3117 4815 3249 4869 ἄλλα
3277 4784 3604 4885 θηριόμορφά
3631 4784 3793 4853 τίνω

2276 4907 2526 4960 ἐσέϐοντο
2558 4909 2608 4960 οἱ
2643 4905 2929 4975 Αἰγύπτιοι
2954 4924 2969 4939 ο
3004 4907 3039 4961 ἃ
3074 4906 3236 4978 θέμις
3260 4908 3361 4959 οὐκ
3394 4904 3518 4956 ἔστι.

607 5000 912 5069 statuisque
961 4999 1362 5055 inscribebant.
1404 4997 1517 5053 Nec
1559 5012 1690 5053 vero
1726 4999 1927 5067 pictam
1960 4998 2271 5067 hujnsmodi
2310 5011 2562 5056 naturam
2588 5001 3016 5066 venerabantur,
3073 4970 3168 5054 sed
3231 4998 3395 5052 etiam
3450 4989 3641 5046 belluas
3684 4970 3793 5028 alias

606 5100 807 5157 mutas,
836 5106 975 5163 quas
1008 5090 1163 5147 nefas
1191 5104 1276 5147 est
1313 5091 1588 5147 venerari.

1006 5210 1096 5265 34.
1138 5209 1215 5263 De
1255 5209 1401 5263 Patre
1453 5218 1504 5263 et
1560 5209 1780 5279 Priapo.

671 5344 855 5399 Panos
895 5342 1129 5399 historia
1167 5342 1249 5397 sic
1293 5356 1353 5398 se
1390 5340 1553 5396 habet
1584 5339 1833 5395 :Ferunt
1873 5339 2170 5410 Penelopes

611 5437 790 5492 uxoris
828 5434 1042 5508 Ulyssis
1085 5448 1280 5505 procos
1316 5430 1460 5501 apud
1500 5446 1618 5486 eam
1664 5432 1942 5485 obstinato
1985 5430 2171 5484 animo

611 5532 901 5595 mansisse,
943 5531 1274 5600 tandemque
1318 5542 1511 5583 omnes
1556 5542 1617 5582 ea
1662 5525 1867 5595 potitus
1909 5537 2050 5588 esse,
2099 5538 2163 5578 ex

677 5693 795 5759 (57)
835 5691 958 5751 "asc
997 5692 1195 5748 omittit
1235 5688 1479 5745 Nonnus.

2415 5206 2506 5259 λδν.
2549 5203 2689 5275 Περὶ
2721 5202 2828 5256 τοῦ
2876 5202 3143 5270 Πριάπου
3184 5201 3284 5255 και
3326 5195 3427 5253 τοῦ
3468 5183 3662 5246 Πανός·

2352 5337 2604 5404 Λέγεται,
2631 5340 2709 5392 ὅτι
2738 5337 2824 5389 ὅτε
2873 5336 2921 5389 οἱ
2972 5335 3279 5407 μνηστῆρες
3324 5334 3389 5403 τῇ
3439 5300 3782 5407 Πηνελόπηῖἓ

2278 5428 2372 5482 τοῦ
2403 5389 2697 5492 ’ὁδυσσέως
2720 5430 2937 5496 γυναικὶ
2961 5389 3287 5498 sarisas-vox;
3319 5389 3649 5488 συνεμίγησαν
3671 5389 3779 5500 aiis-ﬁ.

2280 5524 2504 5585 πάντες*
2542 5524 2632 5575 καὶ
2673 5492 2934 5591 ἐγεννήθη
2967 5522 2994 5573 ὁ
3026 5492 3163 5585 ιιιν,
3195 5518 3268 5581 ὡς
3301 5517 3392 5570 καὶ
3428 5514 3481 5564 ὲν
3520 5499 3589 5568 τῷ
3620 5492 3781 5559 πρώτῳ
