4018 6296
200 249 346 307 1055

1031 260 1124 313 AD
1162 260 1218 316 S.
1259 261 1590 319 GREGORIJ
1623 264 1831 321 ORAT.
1869 265 1914 321 ll
1956 267 2234 327 CONTRA
2264 274 2633 333 JULIANUM.

3314 285 3450 343 ιοῦι

198 370 349 467 λόγῳ
387 342 638 445 εἴρηταῖ·
676 372 791 428 Πὰν
822 374 878 429 δέ
920 376 1144 449 ἐκλήθη,
1181 380 1367 452 ἐπειδὴ
1415 382 1522 435 ἀπὸ
1570 384 1816 449 πάντων,

1898 390 2137 462 ipsisque
2179 394 2326 449 Pana
2354 397 2654 451 exstitisse.
2692 397 2867 467 Atque
2891 399 3096 455 idcirco
3130 401 3240 456 Pan
3268 404 3451 461 dictus

199 461 313 515 τῶν
362 466 693 535 μνηστήρων
742 468 1069 541 συνελήφθη.
1115 470 1440 539 Λέγουσιδέ
1477 474 1786 542 Αἰγύπτιοι,

203 552 381 623 αὐτῆς
407 554 514 625 τῆς
548 554 749 625 μίξεως
776 553 916 612 εἶναι
946 558 1141 630 ἔφορον
1166 563 1257 615 τὸν
1296 564 1450 618 Πᾶνα
1467 583 1481 595 ·
1518 565 1670 619 ἐνθεν
1695 568 1789 621 καὶ

204 645 552 717 τραγοσκελῆ
587 647 749 701 αὑτὸν
784 649 1018 713 ποιοῦσι,
1070 652 1160 707 διά
1206 654 1267 708 τὸ
1314 658 1606 728 κατωφερῆ
1649 654 1788 711 εἶναι

202 734 299 788 τὸν
343 737 550 806 τράγον
588 740 716 809 περὶ
760 741 859 804 τὰς
909 742 1120 811 μίξεις,
1159 745 1221 798 ὃν
1268 748 1361 799 καὶ
1399 748 1655 801 καλοῦσιν
1690 749 1788 801 Δίς

203 826 428 894 γύπτιοι
470 829 745 900 Μένδητα.
789 833 854 886 Ἥ
902 833 959 887 δὲ
1003 838 1132 907 περὶ
1177 838 1271 891 τὸν
1323 839 1589 910 Πρίαπον,
1642 842 1789 894 ἐστὶν

203 916 346 990 αὕτη
368 935 384 949 ·
422 921 658 989 Λέγεται
694 923 834 994 μετὰ
861 928 921 978 τδ
959 928 1201 982 ἀνελθεῖν
1228 930 1329 1001 τὴν
1375 931 1695 1002 Ἀφροδίτην
1725 934 1791 985 ἐκ

203 1013 306 1083 τῆς
328 1014 636 1083 Αἰθιοπίας,
670 1016 867 1081 κάλλος
900 1019 1208 1090 ἀμέτρητον
1232 1021 1615 1093 ἐπιφέρεσθαι’
1647 1022 1790 1077 ὥστε

204 1106 300 1158 καὶ
326 1104 492 1159 αὐτὸν
521 1107 611 1159 τὸν
645 1108 744 1161 Δία
779 1109 1072 1181 ἐρασθῆναι
1113 1112 1304 1182 αὐτῆς,
1337 1113 1431 1165 καὶ
1460 1115 1792 1185 συγγενόμε-

205 1214 298 1249 νον
322 1198 485 1269 αύτῇ,
516 1197 678 1269 ζῆλον
706 1199 931 1272 ἄπειρον
967 1205 1033 1273 τῇ
1066 1203 1215 1275 ’Ἡρα
1240 1203 1579 1257 καταλιπεῖν.
1612 1206 1790 1270 Εὐθὺς

204 1285 305 1342 οὖν
333 1292 368 1359 ἠ
404 1290 552 1361 Ἦρα
578 1292 640 1343 τὸ
669 1292 859 1361 μέλλον
885 1295 1339 1365 προσκοπήσασα,
1367 1296 1457 1348 καὶ
1482 1296 1566 1348 ὅτι
1589 1294 1790 1365 ήμελλε

204 1382 268 1435 τὸ
300 1381 619 1451 τικτόμενον
658 1383 721 1434 ἐκ
749 1382 951 1452 ταύτης
984 1383 1182 1454 βρέφος
1219 1386 1405 1439 κάλλει
1440 1385 1786 1457 ὑπερφέρειν,

110 1542 115 1547 λ
203 1474 304 1528 καὶ
348 1474 765 1544 κατακρατῆσαι
800 1474 1016 1529 πάντων
1042 1476 1150 1529 τῶν
1200 1479 1265 1530 ἐκ
1307 1477 1429 1540 Διὸς
1469 1476 1789 1547 τεχθέντων,

202 1566 389 1637 ἥψατο
411 1566 510 1637 τῆς
541 1564 747 1629 κοιλίας
786 1566 886 1636 τῆς
924 1567 1263 1637 ’Δφροδίτης,
1288 1569 1382 1621 καὶ
1405 1567 1788 1640 παρεσκεύασε

205 1657 525 1728 μαγγανεία
570 1658 678 1710 τινὶ
732 1656 794 1709 τὸ
850 1656 1047 1727 βρέφος
1099 1660 1449 1730 κακόμορφον
1513 1657 1787 1729 τεχθῆναι.

1885 491 1990 547 εει,
2027 487 2173 553 quod
2211 488 2278 541 ab
2307 489 2562 544 omnibus
2594 490 2775 559 procis
2804 500 3124 559 procreatus
3150 492 3332 548 fuerit.
3366 495 3445 550 Ac

1886 574 2076 629 dicunt
2105 575 2346 647 Egyptii
2392 593 2513 632 eum
2548 581 2726 634 coitus
2758 581 2930 651 ipsius
2958 584 3242 651 praesidem
3280 600 3403 640 esse
3435 606 3447 641 :

1888 668 2033 723 unde
2059 668 2223 723 etiam
2256 670 2485 727 hircinis
2516 674 2773 728 cruribus
2799 689 2921 727 eum
2944 675 3285 739 describunt,
3307 679 3452 747 quod

1889 760 2079 816 hircus
2137 761 2205 814 ad
2249 776 2504 817 venerem
2557 765 2820 832 proclivis
2868 766 2961 823 sit,
3007 780 3167 833 quem
3210 765 3452 837 Egyptii

1889 849 2189 905 Mendetem
2220 860 2436 906 vocant.
2481 852 2607 907 Hazc
2635 854 2702 908 de
2722 852 2870 908 Pane
2898 872 2911 907 :
2941 869 3088 908 nunc
3126 855 3194 909 de
3223 854 3444 926 Priapo.

1887 942 2055 994 Aiunt
2094 940 2384 1006 Venerem,
2428 957 2551 996 cum
2583 958 2648 996 ex
2692 942 2973 1011 AithiOpia
3005 944 3234 1008 veniret,
3277 945 3454 1000 incre-

1888 1032 2108 1086 dibilem
2141 1033 2432 1101 quamdam
2456 1032 2915 1102 pulchritudinem
2940 1049 3124 1089 secum
3157 1036 3452 1091 attulisse:

1890 1124 2026 1179 adeo
2053 1132 2113 1178 ut
2141 1122 2355 1195 Jupiter
2383 1139 2604 1194 quoque
2636 1124 2752 1194 ipse
2773 1125 2894 1194 ejus
2921 1140 3105 1180 amore
3144 1125 3452 1180 inﬂamma-

1889 1222 2000 1279 tus,
2031 1229 2095 1268 ac
2135 1230 2260 1268 cum
2291 1229 2355 1268 ea
2394 1228 2725 1283 congressus
2763 1214 3029 1268 infinitam
3061 1214 3263 1271 Junoni
3308 1219 3455 1272 zelo-

1889 1304 2092 1374 typiam
2117 1303 2387 1373 iniecerit.
2405 1302 2706 1357 Confestim
2722 1319 2851 1374 ergo
2880 1303 3024 1358 Juno
3050 1305 3291 1359 futurum
3312 1322 3453 1376 pra)-

1889 1394 2607 1465 sentiens‘prospiciensquc
2642 1394 2758 1450 fore
2799 1403 2861 1448 ut
2889 1395 3103 1458 infans,
3163 1398 3256 1467 qui
3283 1412 3350 1452 ex
3391 1412 3455 1453 ea

1890 1485 2210 1555 proditurus
2255 1494 2406 1550 erat,
2460 1485 2713 1554 corporis
2759 1486 3028 1557 elegantia
3075 1487 3219 1542 filios
3267 1503 3458 1544 omnes

1888 1576 2038 1632 Jovis
2081 1576 2456 1640 antecelleret,
2496 1576 2790 1646 praestigiis
2836 1578 3166 1647 quibusdam
3206 1587 3458 1634 antever-

1892 1677 2013 1724 tens
2043 1667 2272 1724 Veneris
2302 1678 2546 1724 ventrem
2579 1670 2910 1734 attrectavit,
2946 1669 3235 1741 eﬂ‘ecitque
3264 1680 3325 1725 ut
3368 1672 3457 1726 in-

203 1749 505 1818 Τεχθέντος
561 1742 653 1801 οὖν
702 1748 796 1802 τοῦ
836 1749 1076 1819 βρέφους
1125 1750 1374 1821 ἀμόρφου
1430 1750 1526 1804 καὶ
1573 1750 1788 1821 ἀσήμου

1898 1760 2012 1816 fans
2061 1761 2327 1817 deformis
2380 1768 2689 1832 pareretur.
2740 1760 2878 1815 Cum
2939 1762 3108 1832 igitur
3145 1735 3340 1832 “turpis
3392 1777 3457 1817 ac

203 1840 380 1903 πάνυ,
407 1838 636 1910 αἰσχροῦ
669 1856 729 1892 τε
764 1840 857 1893 καὶ
897 1842 1355 1913 περισσοσάρκου,
1393 1842 1488 1893 καὶ
1516 1841 1790 1911 ἑωρακυῖα

204 1930 347 1984 αὐτὸ
389 1932 421 2000 ἡ
458 1932 659 2001 μήτηρ,
698 1932 779 1984 ὃτι
821 1931 1004 2001 μέλλει
1044 1931 1106 1984 τὸ
1133 1931 1323 2002 τεχθὲν
1365 1931 1614 1985 πλεῖστον
1649 1933 1788 2003 αὐτῇ

205 2021 379 2091 ψόγον
407 2020 707 2091 ἐπιφέρειν,
756 2021 947 2093 ἔρριψε
975 2020 1215 2076 λαϐοῦσα
1253 2024 1333 2085 εἰς
1375 2024 1516 2095 ὅρος.
1559 2024 1788 2096 Περιτυ-

207 2111 321 2182 χὼν
345 2110 403 2163 δέ
440 2128 523 2174 τις
560 2110 734 2182 τούτῳ
775 2112 996 2184 ποιμὴν,
1024 2113 1204 2167 λαϐὼν
1242 2114 1505 2186 ἀνέθρεψε
1528 2133 1541 2148 ·
1579 2117 1673 2170 καὶ
1713 2116 1789 2179 ὡς

209 2204 352 2277 πρὸς
399 2204 706 2274 εὐκαρπίαν
752 2205 851 2275 τῆς
883 2206 987 2275 γῆς
1034 2206 1130 2259 καὶ
1169 2206 1278 2259 τῶν
1325 2208 1537 2278 κτηνῶν
1576 2208 1672 2262 καὶ
1712 2225 1793 2261 τε-

209 2295 498 2367 τραπόδων
542 2296 770 2367 νομίσας
804 2292 941 2349 εἶναι
991 2296 1054 2350 τδ
1098 2297 1291 2369 ἐκείνῳ
1335 2298 1577 2370 ὑπάρχον
1620 2298 1791 2362 πάθος

212 2387 380 2458 (λέγω
408 2387 466 2439 δὲ
494 2387 554 2439 τὸ
580 2386 674 2440 τοῦ
715 2387 911 2441 αἰδοίου
933 2406 947 2420 ο
972 2383 1085 2459 εἶχε
1124 2389 1233 2461 γάρ
1273 2390 1432 2445 τοῦτο
1474 2393 1658 2445 ἐπάνω
1695 2392 1793 2462 τῆς

212 2480 439 2549 πυγῆς),
480 2478 660 2532 λαϐὼν
694 2479 966 2551 ἱδρύσατο,
1000 2481 1094 2533 καὶ
1131 2480 1380 2553 ἐτίμησε,
1414 2484 1510 2536 καὶ
1541 2483 1791 2554 ὠνόμασε

213 2573 497 2643 Πρίαπονο
544 2572 739 2642 δηλῶν,
787 2571 927 2625 κατὰ
966 2573 1064 2643 τὴν
1098 2573 1206 2627 τῶν
1262 2574 1479 2627 Ἰταλῶν
1516 2575 1789 2644 γλῶσσαν,

213 2667 304 2721 τὸν
345 2670 412 2720 ἐκ
448 2667 658 2738 πλάνης
684 2668 811 2731 τοὺς
842 2669 900 2721 ἐν
933 2668 1110 2741 πλάνῃ
1146 2670 1239 2722 καὶ
1272 2670 1477 2741 ἐρημίᾳ
1519 2669 1789 2733 σώζονταο

213 2760 311 2813 καὶ
346 2758 405 2823 ἐξ
423 2759 629 2812 ἐκείνου
658 2760 874 2828 λέγεται
898 2760 1046 2831 παρά
1078 2763 1189 2824 τοῖς
1209 2761 1461 2831 ποιμέσιν
1478 2761 1737 2831 τιμᾶσθαι
1764 2763 1792 2814 ὁ

215 2850 483 2922 Πρίαπος.
536 2851 640 2905 Τὸν
682 2852 738 2905 δέ
785 2852 1235 2924 Ἑρμαφρόδιτον,
1274 2851 1640 2924 ἀρρενόθηλύν
1674 2870 1795 2906 τινα

215 2943 312 2995 καὶ
342 2943 661 3014 ἀνδρόγυνόν
691 2959 854 3011 φασιν
882 2939 1040 3008 εἶναι,
1066 2946 1161 2997 καὶ
1190 2944 1447 3012 γυναικὸς
1485 2943 1578 2997 καὶ
1605 2944 1795 3015 ἀνδρὸς

215 3035 418 3088 αἰδοῖον
450 3036 702 3107 φέροντα,
735 3036 829 3089 κα)⁸
862 3037 1092 3108 πάσχειν
1136 3038 1233 3091 ιιέν
1259 3037 1328 3090 τὰ
1364 3035 1470 3090 τῶν
1497 3037 1791 3106 γυναικῶν,
1821 3070 1867 3133 c

216 3127 350 3198 δρᾷν
374 3126 433 3179 δέ
455 3128 521 3181 τὰ
548 3127 655 3180 τῶν
689 3127 917 3200 ἀνδρῶν.

513 3261 606 3315 λε’.
649 3262 788 3330 Περὶ
822 3262 976 3317 θεῶν
1014 3262 1499 3332 διεσπασμένων.

292 3398 615 3469 Περσεφόνη
637 3399 800 3468 γεννᾷ
813 3399 901 3451 τὸν
913 3400 1183 3469 Ζαγραῖον
1202 3398 1475 3463 Διόνυσον,
1490 3400 1554 3451 ἐκ
1572 3398 1666 3452 τού
1682 3398 1801 3465 Διὸς

218 3489 564 3545 συλλαϐοῦσα
579 3488 761 3543 αὐτόν.
785 3488 985 3541 Τοῦτον
1010 3487 1338 3559 γεννηθέντα
1358 3492 1406 3542 oi
1427 3491 1652 3555 Τιτᾶνες
1670 3490 1801 3562 (δαι-

222 3581 428 3655 μονίων
455 3581 511 3633 δέ
541 3579 725 3646 τάξεις
745 3570 928 3649 αὗται)
960 3577 1321 3648 φθονήσαντες
1344 3578 1420 3649 τῷ
1440 3579 1696 3650 Διονύσῳ,
1728 3579 1804 3643 ὡς

220 3680 288 3729 ἐκ
319 3673 442 3737 Διὸς
462 3671 637 3743 έχοντι
666 3670 763 3741 τὴν
781 3671 1055 3741 γέννησιν,
1094 3670 1593 3741 διασπαράσσουσιν
1618 3670 1799 3724 αὐτόν.

225 3766 416 3819 Ἄλλοι
444 3764 500 3817 δέ
527 3764 805 3831 λέγουσιν,
840 3763 920 3815 ὅτι
950 3761 1073 3815 καθ’
1104 3761 1361 3815 ὑπόθεσιν
1394 3762 1494 3833 τῆς
1527 3763 1702 3833 Ἥρας
1729 3762 1806 3815 δι-

222 3857 479 3927 εσπάσθη
513 3857 616 3909 ὑπὸ
646 3855 756 3909 τῶν
785 3854 1027 3908 Τιτάνων
1060 3856 1088 3907 ὁ
1121 3855 1392 3918 Διόνυσος.
1424 3856 1532 3907 Kal.
1562 3857 1687 3926 περὶ
1708 3855 1805 3926 μὲν

222 3952 335 4005 τῶν
359 3948 772 4017 διεσπασμένων
794 3947 952 4013 θεῶν,
984 3947 1130 4001 ἐστὶν
1173 3948 1308 4019 αὕτη
1339 3946 1488 4017 ἠτοῦ
1527 3948 1801 4003 Διονύσου·

227 4042 357 4112 περὶ
390 4039 446 4093 δὲ
475 4038 586 4092 τῶν
623 4037 1128 4109 περικεκομμένων,
1161 4037 1385 4106 ούδεμία
1429 4055 1515 4100 τις
1560 4038 1807 4108 φαίνεται

225 4132 362 4201 ἡμῖν
411 4127 642 4200 ἱστορία,
688 4127 721 4198 ἢ
758 4129 791 4198 ἡ
836 4127 963 4198 περὶ
1007 4124 1115 4178 τῶν
1149 4125 1443 4195 Γιγάντων.
1495 4121 1652 4180 Οὗτοι
1698 4125 1808 4198 γὰρ

227 4221 491 4291 πολεμεῖν
544 4219 726 4273 ἔθελον
774 4220 888 4282 τοῖς
937 4216 1099 4279 θεοῖς.
1131 4212 1402 4271 Οἱδὲθεοι
1424 4217 1807 4288 ἀντιστρατευ-

229 4312 478 4383 σάμενοι,
525 4308 901 4380 ἐπολέμησαν,
947 4307 1042 4361 καὶ
1084 4305 1393 4375 κατέκοψαν
1439 4307 1668 4372 αὐτοὺς,
1712 4306 1807 4361 τοῦ

1889 1856 2070 1913 fcedns
2103 1857 2158 1910 in
2181 1854 2375 1926 primis
2430 1863 2487 1910 et
2543 1855 2816 1910 obscenus
2874 1854 3185 1923 obesusque
3232 1870 3370 1925 puer
3402 1854 3458 1908 in

1889 1948 2066 2002 lucem
2121 1944 2450 2015 prodiisset,
2496 1945 2843 2015 conspiciens
2891 1956 3064 1999 mater
3120 1945 3217 1999 lilii
3274 1945 3459 2000 defor-

1890 2037 2136 2092 mitatem
2174 2050 2390 2090 summo
2432 2035 2537 2091 sibi
2578 2034 2835 2091 dedecori
2872 2050 2936 2089 ac
2970 2036 3172 2105 probro
3203 2034 3337 2100 fore,
3370 2049 3463 2090 ac-

1890 2133 2109 2195 ceptum
2141 2123 2403 2179 infantem
2424 2125 2477 2178 in
2508 2132 2747 2180 montem
2776 2124 3107 2195 projecitzin
3131 2140 3293 2196 quem
3331 2141 3458 2180 cum

1890 2222 2080 2284 pastor
2112 2212 2334 2282 quidam
2367 2211 2681 2275 incidisset,
2722 2212 2902 2281 ipsum
2928 2213 3138 2282 accepit
3161 2221 3216 2267 et
3249 2212 3455 2267 educa-

1890 2306 1988 2360 vit.
2020 2304 2197 2374 Atque
2227 2312 2289 2358 ιιι
2322 2303 2387 2358 ad
2425 2303 2761 2358 fertilitatem
2808 2310 2970 2357 terra:
3000 2312 3055 2356 et
3086 2303 3459 2372 jumentorum

1892 2412 1956 2452 ac
1986 2395 2404 2467 quadrupedum
2443 2410 2566 2451 esse
2596 2394 2898 2450 arbitratus
2922 2395 3029 2448 hoc
3056 2395 3270 2458 vitium,
3310 2393 3457 2463 quod

1892 2484 1998 2554 ipsi
2032 2485 2229 2547 inerat,
2262 2483 2364 2538 hoc
2392 2490 2476 2538 est
2511 2482 2738 2538 obsceni
2779 2482 3008 2538 membri
3065 2484 3276 2553 accepit
3320 2482 3454 2536 illud

1895 2576 2123 2645 ﬁxitque
2165 2582 2221 2629 et
2244 2573 2940 2643 honoravit,Priapumque
2974 2575 3207 2638 vocavit,
3264 2574 3316 2627 id
3349 2581 3457 2637 est,

1890 2668 2045 2738 juxta
2079 2666 2328 2722 Latinam
2361 2667 2625 2737 linguam,
2666 2682 2789 2721 eum
2821 2666 2913 2735 qui
2946 2680 3013 2721 ει
3038 2681 3223 2721 errore
3260 2666 3461 2720 libera-

1896 2760 2068 2816 tusiis
2100 2759 2192 2829 qui
2229 2759 2283 2813 in
2320 2774 2506 2814 errore
2534 2773 2598 2814 ac
2630 2757 2928 2813 solitudine
2958 2767 3268 2819 versantur,
3316 2757 3466 2814 salu-

1897 2860 2005 2908 tem
2039 2851 2292 2906 illaturus
2330 2859 2413 2906 est
2438 2850 2572 2922 (58).
2612 2849 2790 2919 Atque
2819 2865 2886 2904 ex
2918 2865 2984 2905 co
3018 2858 3264 2920 tempore
3293 2863 3321 2902 a
3369 2863 3467 2919 pa-

1897 2943 2143 3001 storibus
2167 2943 2272 2998 coli
2303 2950 2515 3012 coeptus
2550 2948 2634 2998 est
2657 2940 2910 3011 Priapus.
2942 2942 2955 2983 -τ

2160 3266 2250 3322 55.
2297 3266 2369 3320 De
2387 3265 2714 3323 concisisrac
2744 3263 3022 3332 discerptis
3071 3262 3198 3317 diis.

1972 3400 2302 3470 Proserpina
2329 3416 2395 3455 ex
2441 3399 2575 3453 Jove
2606 3398 2862 3453 Liberum
2907 3403 3114 3467 patrem
3166 3397 3458 3467 concepit,

1901 3510 2086 3566 quem,
2116 3495 2277 3548 simul
2325 3502 2487 3563 atque
2525 3494 2581 3547 in
2624 3492 2800 3546 lucem
2840 3491 3019 3546 editus
3066 3499 3171 3557 est,
3220 3489 3468 3554 Titanes,

1902 3586 1995 3657 qui
2052 3584 2372 3640 dmmoniaci
2433 3582 2656 3654 quidam
2722 3582 2945 3638 ordines
3004 3581 3226 3652 quidam
3316 3588 3468 3645 sunt,

1905 3675 2126 3732 invidia:
2179 3682 2351 3730 (nstro
2397 3672 2664 3728 adversus
2714 3686 2839 3725 eum
2896 3670 3110 3741 perciti,
3147 3670 3404 3739 quoniam
3439 3684 3472 3722 a

1903 3766 2033 3823 Jove
2058 3772 2377 3837 procreatus
2406 3773 2573 3829 esset,
2617 3762 3000 3817 crudelissime
3036 3762 3468 3832 discerpserunt.

1903 3858 2011 3914 Alii
2040 3856 2270 3913 Junonis
2303 3856 2537 3912 consilio
2567 3863 2730 3924 atque
2761 3853 3089 3923 impulsione
3112 3867 3238 3907 eum
3267 3865 3296 3903 a
3323 3847 3476 3904 Tita-

1907 3949 2069 4004 nibus
2123 3949 2425 4003 laceratum
2477 3944 2649 4000 fuisse
2694 3943 2990 3998 affirmant.
3032 3943 3210 4013 Atque
3245 3940 3359 3995 haec
3406 3939 3476 3993 de

1907 4041 2198 4111 discerptis
2227 4040 2355 4095 diis.
2392 4036 2547 4105 Quod
2574 4046 2759 4094 autem
2789 4037 2857 4091 ad
2889 4035 3145 4092 concisos
3176 4033 3309 4088 deos
3346 4034 3475 4086 atti-

1908 4140 2021 4201 net,
2052 4132 2189 4186 nihil
2235 4131 2302 4186 de
2344 4131 2449 4185 hac
2495 4145 2555 4186 re
2602 4130 2880 4185 memoria:
2922 4127 3197 4198 proditum
3225 4133 3330 4190 est,
3367 4124 3475 4179 nisi

1910 4227 2053 4283 forte
2074 4226 2177 4281 hoc
2203 4226 2270 4281 de
2307 4224 2621 4296 gigantibus
2652 4221 3063 4291 intelligendum
3105 4226 3210 4285 est,
3234 4223 3326 4288 qui
3350 4232 3475 4271 cum

1909 4318 2112 4374 bellum
2139 4316 2245 4371 diis
2273 4316 2608 4381 intulissent,
2642 4315 2711 4368 ab
2746 4314 2880 4382 ipsis
2914 4311 3158 4382 superati
3184 4319 3236 4365 et
3262 4309 3476 4363 concisi

227 4405 352 4468 Διὸς
382 4402 474 4456 τὸν
501 4400 758 4472 κεραυνὸν
774 4397 1177 4469 ἐπιπέμψαντος
1199 4398 1383 4462 αὐτοῖς
1413 4398 1507 4453 καὶ
1537 4397 1807 4470 καταφλέ-

1911 4416 2058 4475 sunt,
2083 4415 2245 4479 atque
2280 4421 2310 4461 a
2330 4405 2461 4462 Jove
2491 4405 2738 4461 immisso
2771 4403 3000 4458 fulmine
3042 4399 3402 4457 concremati.

229 4501 422 4569 ξαντος
452 4495 667 4559 αὐτούς.

291 4648 400 4714 λς’.
441 4644 584 4715 Περὶ
606 4643 714 4698 τοῦ
741 4641 1020 4698 Κωκυτοῦ
1047 4641 1146 4695 καὶ
1168 4638 1743 4711 Πυριφλεγέθοντος.

314 4780 374 4836 ὐ
405 4780 632 4836 Πλάτων
662 4780 719 4831 ὲν
748 4776 826 4848 τῷ
856 4772 1107 4830 Φαίδωνι
1162 4775 1289 4845 περὶ
1326 4772 1434 4826 τῶν
1473 4773 1670 4837 λέξεων
1713 4773 1809 4826 καὶ

228 4881 343 4937 τῶν
373 4875 812 4949 ἀποκληρώσεων
842 4874 949 4926 τῶν
976 4871 1162 4942 ψυχῶν
1189 4871 1358 4938 λέγει,
1396 4871 1478 4923 ὅτι
1518 4870 1566 4922 οἱ
1609 4869 1810 4932 ἀδίκως

235 4970 601 5043 βεϐιωκότες,
634 4967 952 5031 κολάζονται
995 4966 1052 5017 ἐν
1095 4963 1173 5033 τῷ
1219 4963 1465 5034 Κωκυτῷ
1507 4963 1600 5015 και
1634 4962 1691 5013 ἐν
1736 4960 1813 5031 τῷ

230 5062 722 5136 Πυριφλεγέθοντι,
757 5059 853 5113 καὶ
896 5059 953 5111 ἐν
994 5055 1072 5127 τῷ
1122 5053 1412 5124 Ταρτάρῳ.
1463 5056 1707 5124 Ποταμοῖ
1756 5054 1813 5107 δέ

233 5152 383 5212 οὗτοί
412 5156 583 5209 εἰσιν
615 5155 646 5207 δ
679 5153 777 5223 μέν
807 5149 1092 5212 Κωκυτὸς,
1114 5146 1452 5217 ψυχρότατος
1471 5162 1485 5177 ·
1513 5148 1542 5198 ὁ
1565 5147 1623 5199 δὲ
1654 5148 1818 5219 Πυρι-

236 5244 551 5316 φλεγέθων,
580 5243 948 5313 θερμότατοςο
995 5241 1024 5292 ὁ
1069 5238 1125 5291 δὲ
1167 5237 1482 5307 Τάρταρος,
1518 5235 1680 5302 μέσος
1730 5253 1815 5296 τις

2470 4639 2562 4696 56.
2612 4639 2691 4695 De
2725 4639 2911 4709 panis.

1977 4777 2129 4834 Plato
2158 4778 2213 4832 in
2245 4775 2507 4832 Phaedone
2538 4776 2606 4832 de
2644 4775 2955 4830 animarum
2982 4773 3203 4831 sedibus
3245 4788 3309 4829 ac
3337 4788 3482 4844 prae-

1918 4871 2044 4926 miis
2070 4871 2359 4941 pinnisque
2388 4870 2555 4925 verba
2606 4867 2837 4932 faciens,
2894 4868 2970 4921 ait
3017 4880 3112 4922 eos
3153 4867 3244 4936 qui
3281 4865 3484 4936 injuste

1918 4973 1972 5018 et
2005 4965 2272 5019 scelerate
2317 4964 2597 5026 vixerunt,
2651 4962 2707 5015 in
2755 4960 2959 5033 Cocyto
3016 4967 3071 5017 et
3134 4959 3484 5030 Pyriphlege-

1917 5055 2108 5111 thonte
2137 5063 2300 5126 atque
2330 5055 2385 5109 in
2410 5054 2646 5109 Tartaro
2672 5069 2859 5124 pmnas
2885 5053 3053 5108 luere.
3085 5049 3262 5105 Fluvii
3304 5059 3484 5105 autem

1920 5158 2049 5204 sunt
2074 5149 2174 5215 illi,
2207 5163 2440 5219 quorum
2465 5148 2605 5202 alter
2627 5144 3018 5218 frigidissimus
3050 5153 3155 5211 est,
3186 5144 3324 5198 alter
3355 5142 3486 5197 cali-

1918 5240 2199 5296 dissimus.
2271 5238 2537 5294 Tartarus
2581 5253 2711 5294 vero
2759 5237 2970 5292 medius
3010 5234 3199 5291 mundi
3262 5232 3483 5303 quidam

230 5337 404 5401 τόπος
431 5335 527 5390 τοῦ
558 5334 778 5398 παντὸς,
806 5335 863 5387 ἐν
910 5326 956 5400 ᾧ
1001 5328 1261 5399 ἀνίμησίς
1291 5328 1440 5379 ἐστιν
1468 5325 1676 5379 ὑδάτων
1722 5328 1816 5380 καὶ

1914 5333 2069 5388 locus
2087 5341 2171 5388 est
2200 5332 2472 5388 obscurus
2504 5339 2558 5387 ει
2579 5331 2941 5402 caliginosus,
2979 5330 3033 5383 in
3064 5343 3174 5399 quo
3222 5322 3482 5394 ﬂagitiosi

236 5429 542 5491 κατάποσις
569 5428 697 5498 ἄχρι
726 5425 822 5479 τοῦ
856 5424 1122 5493 τέλματος
1155 5417 1251 5473 τοῦ
1290 5418 1512 5481 παντὸς,
1542 5419 1814 5482 σκοτεινὸς

234 5536 323 5584 τις
367 5520 466 5574 καὶ
514 5518 791 5590 ἀφεγγήςο
825 5516 918 5571 καὶ
957 5516 1037 5569 ὅτι
1082 5513 1176 5567 καὶ
1213 5512 1271 5564 ἐν
1324 5510 1403 5580 τῷ
1453 5510 1603 5579 τόπῳ
1639 5512 1814 5582 τούτῳ

313 5723 427 5797 (58)
466 5722 843 5780 Hallucinatur
862 5722 1088 5781 Nonnus
1128 5724 1180 5779 in
1218 5722 1319 5779 hac
1346 5722 1691 5795 etymologia.

1919 5433 1974 5480 et
1996 5422 2193 5479 nefarii
2212 5422 2468 5479 homines
2496 5422 2910 5478 excruciantur.
2946 5419 3016 5474 At
3043 5433 3173 5475 vero
3207 5414 3483 5473 Acheron,

1916 5513 2010 5586 qui
2038 5512 2253 5571 medius
2280 5527 2497 5586 quoque
2531 5513 2935 5584 quodammodo
2972 5518 3079 5578 est,
3115 5505 3360 5562 lustralis
3395 5517 3488 5577 νοτ
