4018 6296
630 232 773 289 1055

2012 229 2297 288 NONNUS
2333 230 2552 286 ABBAS

3749 230 3859 287 1056

634 354 750 405 tius
777 365 903 405 esse
955 350 1192 417 videtur,
1230 365 1391 420 quam
1442 351 1711 406 scelerum
1742 351 1963 420 vindex,
2017 359 2192 423 utpote

2307 349 2622 414 κολάζονται
2651 349 2701 400 oi.
2723 347 2896 402 ἄδικοι
2917 363 2928 376 °
2961 346 2990 399 6
3017 344 3073 398 δὲ
3112 345 3384 416 ’Ᾱχέρων,
3417 345 3517 397 xui
3547 344 3700 408 αὐτὸς
3727 349 3861 415 μέσος

630 444 725 513 qui
760 442 1038 498 hominum
1068 452 1287 514 peccata
1311 445 1497 499 abluat
1531 452 1586 500 et
1625 444 1922 515 abstergat.

1093 633 1184 687 57.
1226 632 1301 686 De
1345 633 1574 687 Tantalo
1616 632 1752 703 (59).

701 722 962 780 Tantalus
989 723 1141 781 Jovis
1162 727 1304 780 filius
1331 734 1469 780 erat.
1503 725 1604 781 Hic
1643 742 1769 782 cum
1804 726 2036 781 deorum
2062 742 2206 782 men-

630 832 687 870 sa
716 818 914 885 dignus
966 819 1188 873 habitus
1223 818 1439 881 fuisset,
1476 820 1726 890 ipsorum
1764 820 2025 892 mysteria
2078 835 2205 889 per-

627 910 868 980 vulgarit
905 930 917 965 :
949 912 1019 963 ob
1048 911 1211 980 idque
1250 912 1565 980 huiusmodi
1629 927 1847 982 poenam
1879 911 2071 982 pendit
2099 926 2114 962 :
2146 912 2206 965 in

625 1001 1001 1055 subterraneis
1037 1003 1412 1057 tribunalibus
1447 1011 1657 1072 petram
1718 1004 1887 1074 capiti
1928 1004 2203 1073 superim-

623 1092 860 1160 positam
893 1094 1076 1156 habet,
1125 1103 1290 1163 atque
1342 1095 1484 1149 infra
1525 1110 1585 1151 se
1620 1110 1821 1165 aquam
1874 1078 2100 1151 uberem
2150 1104 2205 1151 et

620 1183 902 1251 copiosam
931 1191 985 1238 et
1015 1183 1306 1253 frugiferas
1341 1187 1554 1254 plantas
1584 1204 1598 1238 :
1647 1186 1860 1258 ipsique
1909 1186 2095 1241 minax
2126 1187 2204 1238 la-

624 1273 1033 1343 pisimpendet.
1082 1283 1243 1343 atque
1292 1275 1346 1329 in
1396 1289 1462 1329 ea
1507 1276 1823 1331 calamitate
1868 1284 1976 1339 est,
2038 1285 2097 1330 ut
2156 1277 2203 1333 si

623 1364 913 1433 adjacente
968 1381 1106 1436 aqua
1142 1368 1289 1423 sitim
1324 1368 1517 1422 sedare
1574 1375 1768 1431 tentet,
1805 1368 1946 1438 lapis
1995 1369 2201 1425 cadens

622 1473 750 1512 cum
782 1460 1092 1514 excruciet:
1127 1461 1202 1514 ita
1238 1461 1403 1516 miser
1435 1467 1488 1515 et
1540 1459 1683 1516 fame
1720 1468 1774 1516 et
1819 1462 1908 1516 siti
1940 1462 2203 1517 contabe-

623 1548 751 1610 scit,
784 1548 976 1603 videns
1004 1550 1227 1619 quidem
1255 1567 1318 1605 ea
1342 1550 1543 1621 quibus
1577 1558 1631 1604 et
1666 1549 1792 1605 fami
1818 1557 1873 1605 et
1898 1550 1988 1606 siti
2015 1550 2200 1605 mede-

623 1642 669 1695 ri
695 1641 888 1711 possit,
906 1652 1160 1697 cmterum
1191 1657 1257 1698 eo
1278 1642 1610 1697 calamitatis
1646 1644 1924 1705 redactus,
1962 1652 2019 1697 ut
2045 1643 2112 1697 iis
2130 1645 2201 1698 ob

2306 460 2409 505 τις,
2444 442 2503 505 ὃς
2531 439 2814 511 καθαρσίῳ
2843 439 3008 504 ἔοικε,
3037 439 3131 491 xui
3162 441 3221 490 οὐ
3263 438 3642 508 κολαστηρίῳ,
3678 439 3862 508 ῥύπτων

2306 534 2399 589 καὶ
2428 534 2653 605 σμήχων
2678 532 2747 585 τὰ
2770 531 3140 601 ἁμαρτήματα
3168 530 3281 583 τῶν
3312 530 3415 583 ἀνθ
3424 529 3643 601 ρώπων.

2767 631 2864 697 λζ’.
2907 632 3042 699 Περὶ
3084 630 3421 685 Ταντάλου.

2386 726 2445 779 Ὀ
2475 725 2570 795 μὲν
2595 724 2866 787 Τάνταλος
2886 724 3000 786 υίὸς
3021 720 3088 795 ἦν
3113 723 3205 777 τοῦ
3227 725 3379 786 Διός.
3398 717 3591 785 Οὗτος,
3613 723 3684 786 ὥς
3707 740 3861 791 φασιν,

2305 816 2509 888 ἠξιώθη
2534 817 2635 888 τῆς
2657 798 2940 889 τραπέζης
2982 816 3089 869 τῶν
3121 817 3258 869 θεῶν
3282 834 3296 847 ·
3338 817 3439 869 xui
3470 816 3738 879 ἀξιωθεὶς,
3762 818 3860 884 ὲδη-

2309 904 2559 977 μοσίευσε
2581 904 2651 958 τὰ
2690 906 2962 977 μυστήρια
2989 905 3192 969 αὐτῶν,
3224 906 3325 958 xui
3351 903 3648 968 κολάζεται
3675 905 3863 957 κόλασιν

2303 996 2389 1050 διὰ
2419 996 2576 1051 τοῦτο
2608 996 2818 1051 τοιάνδε
2837 1012 2851 1026 ·
2880 996 3070 1049 Ἔστιν
3096 998 3154 1049 ἐν
3186 1000 3300 1057 τοῖς
3328 996 3441 1049 ὑπὸ
3480 995 3588 1066 γῆν
3608 995 3861 1067 δικαιωτή-

2308 1087 2476 1156 ρίοις,
2525 1086 2665 1158 ἔχων
2704 1086 2911 1158 πέτραν
2942 1087 3129 1140 ἐπάνω
3161 1086 3356 1151 αὑτοῦ,
3408 1089 3509 1140 xui
3556 1088 3704 1140 κάτω
3748 1089 3861 1159 ὕδωρ

2305 1180 2440 1232 πολὺ
2490 1180 2584 1232 xui
2635 1179 2992 1250 βλαστήματα
3039 1182 3371 1252 καρποφόρα
3396 1197 3411 1209 ’
3460 1182 3557 1234 xui
3602 1182 3859 1253 ήρτηταιό

2303 1270 2448 1335 λίθος
2486 1272 2606 1324 κατ’
2634 1272 2817 1326 αὐτοῦ.
2858 1273 2984 1329 Ἐὰν
3012 1269 3124 1333 οὖν,
3156 1273 3316 1343 φησὶ,
3348 1272 3485 1345 θέλῃ
3518 1275 3663 1324 πιεῖν
3707 1275 3765 1325 ὲκ
3787 1274 3857 1324 τοῦ

2303 1366 2712 1436 παρακειμένου
2734 1365 2948 1431 ὕδατος,
2978 1368 3165 1420 πίπτει
3195 1369 3228 1437 ή
3269 1366 3457 1437 πέτρα
3487 1366 3672 1419 ἐπάνω
3700 1366 3854 1430 αὑτοῦ,

2302 1459 2398 1511 καὶ
2422 1461 2748 1529 τιμωρεῖται
2776 1459 2957 1513 αὐτόν.
2976 1459 3071 1512 Ἐκ
3096 1458 3286 1511 τούτου
3321 1459 3496 1528 φησὶν
3522 1458 3605 1511 ὅτι
3634 1457 3769 1527 λιμῷ
3786 1460 3857 1509 καὶ

2301 1548 2443 1617 δίψει
2466 1552 2694 1619 τήκεται
2714 1569 2728 1583 ³
2755 1552 2895 1622 ὁρῶν
2924 1552 3021 1623 μὲν
3044 1552 3135 1619 ἀφ’
3170 1545 3243 1605 ὧν
3268 1552 3358 1605 δεῖ
3386 1552 3587 1620 φαγεῖν
3608 1550 3695 1603 καὶ
3719 1554 3850 1612 πιεῖν,

2306 1640 2379 1711 μή
2398 1641 2695 1713 δυνάμενος
2718 1642 2774 1696 δὲ
2797 1646 3086 1713 μετασχεῖν
3108 1643 3194 1696 διὰ
3216 1642 3316 1713 τὴν
3347 1641 3737 1712 ἐπηρτημένην
3757 1643 3851 1694 κατ’

623 1709 1023 1805 impendentem
1055 1735 1226 1805 ipsius
1249 1735 1506 1791 cervibus
1537 1743 1771 1806 petram,
1802 1736 1908 1790 frui
1942 1744 2192 1807 nequeat.

2303 1733 2467 1789 αὑτοῦ
2499 1735 2726 1807 πέτραν.
2746 1735 2806 1789 'H
2839 1734 2898 1789 δὲ
2926 1736 3055 1806 περὶ
3085 1735 3178 1789 τοῦ
3210 1733 3441 1799 Τιτυοῦ,
3475 1733 3625 1786 ἐστὶν
3652 1732 3796 1803 uim;-

1180 1841 1269 1895 58.
1311 1840 1386 1895 De
1448 1840 1625 1912 Tityo.

693 1930 883 2002 Tityus
900 1931 1121 1987 Latona:
1154 1947 1341 1989 amore
1357 1942 1552 2005 captus
1578 1941 1683 1996 est,
1729 1949 1962 2003 eamque
1999 1933 2196 1999 capitis

618 2022 737 2076 velo
765 2024 960 2079 tenuit.
992 2023 1187 2080 Postea
1218 2024 1389 2080 Diana
1421 2035 1473 2081 et
1505 2026 1697 2096 Apollo
1729 2025 1950 2079 Latonae
1976 2024 2069 2077 filii
2108 2040 2196 2080 sa-

618 2112 766 2182 gittis
806 2128 928 2167 eum
965 2114 1340 2177 confecerunt,
1386 2131 1451 2171 ac
1490 2117 1856 2169 sustulerunt.
1900 2116 2191 2184 Nuneque,

620 2213 676 2257 ut
707 2203 887 2259 ferunt
912 2206 1130 2269 fabulae,
1172 2207 1390 2277 sagittis
1420 2207 1713 2277 trajectum
1762 2215 1954 2277 pectus
2006 2208 2191 2275 habet,

616 2309 681 2350 ex
704 2312 879 2368 eoque
902 2298 1204 2352 cruciatur.

1177 2490 1266 2546 '59.
1316 2490 1388 2545 De
1410 2490 1620 2548 Ixione.

687 2577 838 2634 Ixion
867 2580 1135 2638 Junonem
1165 2582 1486 2653 deperibat:
1521 2586 1752 2656 ejusque
1785 2584 2057 2639 nefariam
2092 2602 2191 2640 cu-

611 2666 897 2737 piditatem
936 2668 1080 2723 Juno
1112 2670 1179 2725 ad
1205 2670 1392 2726 Jovem
1428 2674 1717 2728 detulerat.
1753 2672 1967 2743 Jupiter
2006 2676 2191 2743 itaque

611 2769 676 2815 ut
725 2762 1066 2834 exploratum
1125 2765 1371 2829 haberet.
1428 2783 1558 2821 num
1607 2783 1735 2822 vere
1787 2767 1879 2822 ille
1916 2765 2188 2822 Junonem

606 2856 911 2923 deamaret,
948 2857 1181 2915 Junonis
1213 2860 1441 2916 formam
1470 2861 1682 2917 nebula:
1714 2863 2015 2931 impressit,
2049 2862 2187 2931 ipsi-

606 2960 720 3012 que
744 2948 1045 3016 proposuit,
1098 2950 1251 3003 Ixion
1289 2958 1471 3005 autem
1525 2952 1699 3020 ipsam
1749 2949 2023 3005 Junonem
2069 2964 2191 3004 esse

2809 1841 2911 1912 λη’.
2956 1841 3092 1909 Περὶ
3135 1840 3367 1894 Τιτυοῦ.

2378 1933 2436 1987 Ὀ
2472 1932 2662 1998 Τιτυὸς
2694 1933 2905 2004 ἠράσθη
2951 1933 3046 2004 τῆς
3072 1931 3305 2003 Λητοῦς,
3333 1933 3432 1985 xui
3455 1931 3699 2002 ἐρασθεὶς
3720 1930 3845 1999 ἐκρά-

2295 2043 2458 2096 τησεν
2503 2025 2671 2095 αὐτὴν
2709 2024 2933 2080 ἀπὸτοῦ
2984 2024 3321 2096 κρηδέμνου,
3367 2022 3541 2076 θέλων
3586 2022 3714 2091 αὐτῇ
3749 2038 3846 2087 cry;-

2295 2118 2574 2185 γενέσθαισ
2606 2114 2723 2170 εἶτα
2758 2119 3020 2188 Ἄρτεμις
3047 2118 3140 2169 xui
3172 2116 3480 2198 Ἀπόλλων,
3523 2114 3702 2175 παῖδες
3730 2112 3845 2171 ὄντες

2294 2209 2393 2280 τῆς
2412 2210 2641 2279 Λητοῦς,
2675 2208 3065 2273 κατετόξευσαν
3088 2208 3249 2260 αὑτὸν
3280 2208 3379 2260 xui
3406 2205 3633 2260 uvei'iov'
3656 2203 3739 2256 xui
3754 2202 3841 2260 νῦν,

2296 2302 2450 2371 φησὶ,
2490 2300 2777 2363 κολάζεται
2807 2302 2862 2352 ὲν
2898 2297 2974 2368 τῷ
3006 2297 3130 2368 ᾄδῃ,
3157 2298 3296 2367 ἔχων
3331 2296 3403 2350 τὰ
3456 2296 3587 2367 βέλη
3610 2297 3842 2364 ἐμπεπαρ·

2299 2394 2435 2465 μένα
2458 2396 2514 2446 ἐν
2536 2391 2614 2463 τῷ
2643 2393 2835 2463 ἥπατι.
2852 2393 2916 2445 Ἡ
2941 2392 2995 2444 δὲ
3017 2393 3145 2463 περὶ
3174 2391 3265 2444 τὸν
3296 2391 3515 2457 Ἰξίωνα
3546 2389 3686 2441 ἐστὶν
3710 2385 3837 2453 αῦτη

2778 2496 2880 2551 λθ¹.
2920 2496 3061 2564 Περὶ
3116 2496 3398 2562 Ἰξίωνος.

2381 2583 2548 2648 Ἰξίων
2593 2585 2806 2655 ἠράσθη
2837 2585 2932 2656 τῆς
2956 2586 3130 2655 ’Ἥρας
3152 2602 3163 2614 ’
3195 2584 3229 2655 ὴ
3270 2584 3330 2636 δὲ
3365 2586 3515 2654 Ἥρα
3556 2578 3836 2653 προσαγγέλ·

2294 2693 2373 2729 Αει
2420 2675 2496 2747 τῷ
2538 2677 2649 2729 Διί·
2697 2679 2726 2730 6
2761 2676 2817 2729 δὲ
2860 2678 2994 2741 Ζεὺς
3037 2676 3321 2747 βουληθεὶς
3368 2675 3574 2745 γνῶναι
3622 2675 3666 2726 εί
3703 2672 3833 2729 ὅντως

2300 2768 2505 2839 ήράσθη
2545 2768 2732 2838 αὐτῆς,
2767 2767 3003 2839 ἐξομοιοῖ
3026 2769 3251 2841 νεφέλην
3291 2773 3360 2840 τῇ
3407 2770 3573 2840 Ἤρᾳ,
3615 2766 3700 2819 καὶ
3726 2762 3833 2830 πέμ-

2293 2875 2384 2911 πει
2413 2859 2547 2930 πρὸς
2577 2859 2735 2911 αὐτόν
2754 2874 2767 2887 ’
2817 2861 2846 2913 6
2865 2859 2920 2912 δὲ
2936 2858 3103 2925 Ἰξίων
3127 2861 3361 2932 νομίσας
3390 2859 3559 2929 αὐτὴν
3580 2857 3671 2928 τὴν
3692 2853 3832 2922 Ἤραί

2294 2943 2453 3010 εἶναι,
2503 2947 2876 3018 συμμίγνυται
2916 2950 3052 3020 αὐτῇ
3081 2952 3146 3020 τῇ
3197 2949 3420 3019 νεφέλῃ.
3460 2948 3568 3001 Καὶ
3603 2938 3830 3015 ὀργισθεὶς

605 3036 1053 3093 arbitratuscum
1088 3055 1151 3095 ea
1193 3041 1568 3111 congreditur.
1612 3044 1732 3107 Quo
1777 3041 2023 3096 facinore
2062 3057 2187 3096 sue-

2297 3040 2317 3091 6
2347 3039 2499 3104 Ζεὺς,
2536 3039 2753 3102 κολάζει
2780 3039 2939 3092 αὑτὸν
2968 3039 3140 3093 οὕτω*
3173 3040 3369 3111 Τροχῷ
3397 3038 3661 3099 διατείνας
3684 3033 3828 3091 αὐτὸν,

604 3143 812 3183 census
827 3128 1039 3199 Jupiter
1067 3131 1383 3200 huiusmodi
1413 3134 1687 3202 supplicio
1725 3148 1850 3187 eum
1884 3131 2095 3187 affecit:
2123 3132 2180 3185 In

606 3228 730 3275 rota
757 3236 881 3275 eum
913 3222 1177 3287 extendit,
1206 3223 1499 3294 effecitque
1536 3234 1595 3278 ut
1626 3232 1746 3278 rota
1792 3233 2051 3295 perpetua
2087 3240 2185 3276 v0-

608 3310 875 3364 lubilitate
900 3309 1125 3366 feratur.
1155 3311 1232 3366 .lta
1270 3313 1359 3368 ille
1405 3329 1624 3369 sursum
1654 3330 1873 3384 semper
1894 3315 2183 3369 deorsum-

606 3416 716 3471 que
741 3403 998 3465 volvitur,
1046 3419 1222 3474 eoque
1255 3406 1507 3476 supplicii
1535 3422 1733 3476 genere
1756 3418 2005 3460 vexatur.

774 3509 865 3564 40.
908 3508 984 3563 De
1014 3526 1074 3564 eo
1104 3511 1256 3580 cujus
1276 3511 1431 3580 jecur
1464 3512 1527 3566 ab
1558 3514 1741 3566 avibus
1779 3513 2010 3567 roditur.

678 3596 1036 3653 Prometheus
1086 3599 1265 3668 ignem
1303 3598 1409 3655 diis
1457 3598 1867 3669 furatus‘esse,
1915 3609 2079 3670 atque
2118 3601 2183 3654 ad

604 3690 856 3745 homines
891 3691 1153 3747 detulisse
1187 3691 1378 3755 fertur,
1403 3692 1589 3747 Jovem
1622 3693 2184 3761 insuperinearnium

607 3785 865 3841 sacrificii
891 3785 1277 3840 distributione
1300 3785 1821 3853 circumscripsisse,
1856 3800 1920 3839 ac
1956 3785 2184 3854 proinde

605 3892 729 3933 eum
759 3877 827 3932 ad
862 3877 998 3931 iram
1030 3876 1312 3931 incitasse.
1342 3874 1552 3946 Jupiter
1583 3877 1766 3946 itaque
1797 3875 1862 3930 ad
1891 3876 2039 3931 hunc
2060 3892 2182 3931 mo-

604 3970 734 4024 dum
773 3969 827 4023 in
849 3985 973 4024 eum
998 3967 1389 4023 animadvertit
1432 3984 1444 4019 :
1475 3969 1553 4023 Ad
1590 3968 1893 4025 Caucasum
1941 3978 2181 4024 montem

603 4075 728 4114 eum
758 4059 1019 4129 alligavit,
1054 4058 1266 4128 ipsique
1298 4058 1532 4128 aquilam
1569 4058 1817 4123 immisit,
1866 4074 1989 4130 qua:
2022 4059 2182 4128 jecur

605 4149 781 4219 ipsius
799 4149 1048 4219 quotidie
1072 4163 1370 4204 renascens
1400 4148 1647 4220 quotidie
1693 4150 2101 4220 depasceretur.

2297 3132 2550 3202 ἐποίησεν
2580 3132 2667 3183 ἀεὶ
2724 3130 2983 3202 φέρεσθαι
3040 3131 3131 3184 τὸν
3184 3133 3410 3202 τροχόνο
3477 3130 3569 3184 xui
3616 3127 3744 3180 ἔστιν
3764 3123 3828 3176 ἀεὶ

2294 3220 2448 3285 οὗτος
2499 3222 2969 3293 ἀνακυκλούμενος
3022 3223 3117 3276 καὶ
3180 3224 3617 3295 καταφερόμενος
3666 3218 3828 3282 ταύτην

2294 3317 2415 3368 τινὰ
2440 3316 2729 3385 τιμωρίαν.

2753 3513 2823 3579 μ’.
2865 3508 3000 3576 Περὶ
3042 3508 3416 3577 Προμηθέως.

2377 3602 2434 3654 ὐ
2466 3601 2807 3674 Προμηθεὺς,
2842 3597 2994 3664 οὗτος
3017 3601 3235 3669 λέγεται
3265 3601 3465 3671 κλέψαι
3494 3599 3553 3650 τὸ
3576 3596 3675 3665 πῦρ
3709 3587 3822 3658 παρᾶ

2293 3693 2400 3746 τῶν
2426 3692 2581 3758 θεῶν,
2616 3694 2709 3747 xui
2736 3695 2978 3761 ἐνεγκεῖν
3008 3695 3087 3756 είς
3116 3692 3442 3764 ἀνθρώπους
3466 3710 3478 3721 ·
3509 3690 3596 3743 καὶ
3626 3688 3698 3739 ὅτι
3723 3680 3820 3748 περὶ

2288 3786 2356 3839 τὰ
2390 3787 2593 3855 κρέατα
2632 3787 2730 3857 τῆς
2761 3786 2952 3850 θυσίας
2991 3787 3281 3855 ἀπατήσας
3318 3786 3412 3840 τὸν
3434 3784 3553 3845 Δία,
3583 3782 3657 3840 εἰς
3684 3771 3820 3872 ὀργᾲς

2288 3873 2507 3943 ἐκίνησε
2554 3872 2744 3925 τοῦτον
2793 3870 2997 3935 διττάς.
3038 3872 3236 3926 Τοῦτον
3274 3868 3369 3925 οὖν
3405 3869 3570 3925 θέλων
3612 3868 3817 3932 τιμωρη-

2291 3964 2507 4027 σασθαι,
2543 3964 2797 4033 ἐποίησεν
2839 3963 2994 4018 ἀετὸν
3040 3964 3347 4018 κατεσθίειν
3379 3960 3541 4019 αὑτοῦ
3584 3956 3640 4010 τὸ
3664 3948 3814 4023 ἧπαρ·

2286 4060 2352 4129 τῇ
2380 4057 2435 4110 δὲ
2468 4058 2620 4111 νυκτὶ
2659 4057 2820 4111 πάλιν
2858 4058 3263 4130 ἀνεπληροῦτοο
3295 4060 3392 4111 xui
3421 4056 3578 4110 πάλιν
3604 4040 3817 4130 ἤρχετοέ

2286 4122 2443 4212 ἀετὸς
2494 4149 2706 4219 ἡμέρας
2738 4122 3182 4221 γινομένης-καὶ
3216 4149 3405 4220 ἢσθιεν
3438 4145 3597 4207 αὐτὸ,
3641 4140 3731 4199 ἕως
3769 4122 3815 4183 οὗ

2216 4232 2261 4287 Ῑ)
2291 4237 2459 4291 ἐλθὼν
2486 4238 2515 4290 6
2549 4238 2844 4311 Ἡρακλῆς,
2879 4239 3128 4306 ἐτόξευσε
3158 4238 3219 4292 τὸ
3244 4239 3431 4311 ὄρνεον
3454 4234 3623 4291 τοῦτο.

1651 4338 1761 4412 μα’.
1787 4339 1927 4409 Περὶ
1957 4340 2066 4409 τῆς
2093 4342 2482 4409 Κυκλωπείας
2505 4341 2678 4413 τιμῆς
2697 4342 2831 4413 (60).

683 4434 743 4486 '0
772 4435 1045 4506 Κύκλωψ,
1092 4428 1245 4499 οὗτος
1279 4435 1497 4504 λέγεται
1550 4429 1686 4490 εἶναι
1731 4439 1878 4509 ἥρως
1909 4453 1991 4501 τις
2036 4438 2324 4511 λῃστρικὸς
2373 4439 2468 4491 xui
2514 4437 2752 4509 ποιμὴν,
2783 4438 2842 4503 ὃς
2887 4436 3020 4510 ῷκει
3047 4436 3146 4507 τήν
3187 4436 3465 4500 Σικελίαν,
3506 4424 3611 4499 εἶχε
3655 4421 3703 4475 δὲ
3741 4414 3812 4511 ἓνξ

601 4526 898 4597 ὀφθαλμόν.
948 4527 1054 4581 Τοῦ
1088 4523 1180 4581 οὖν
1221 4527 1519 4594 Ὀδυσσέως
1558 4508 2029 4601 ἀποπλανηθέντος
2064 4508 2200 4601 μετὰ
2238 4531 2327 4584 τὸν
2368 4508 2621 4601 Τρωϊκὸν
2656 4508 2913 4600 πόλεμον
2932 4530 3072 4600 μετὰ
3106 4530 3216 4585 τῶν
3257 4531 3486 4599 ἑταίρων
3529 4515 3675 4576 αὐτοῦ
3696 4552 3709 4576 ,
3739 4508 3812 4560 καὶ

602 4620 850 4683 ἐλθόντος
904 4624 1032 4692 περὶ
1070 4622 1167 4691 τὴν
1191 4622 1440 4676 Σικελίαν
1465 4662 1479 4683 .
1510 4624 1539 4675 6
1578 4624 1819 4694 Κύκλωψ
1871 4626 2131 4679 συνέλαϐε
2165 4626 2259 4679 xui
2290 4625 2452 4679 αὑτὸν
2494 4625 2587 4678 τὸν
2624 4625 2884 4680 Ὀδυσσέα
2933 4628 3028 4680 xui
3072 4627 3200 4690 τοὺς
3238 4625 3482 4696 ἑταίρους
3523 4611 3705 4672 αὑτοῖν
3738 4602 3812 4654 ἀἱ

601 4713 727 4774 τοὺς
758 4713 854 4782 μὲν
889 4713 1134 4784 ἑταίρους
1181 4714 1345 4766 αὑτοῦ
1384 4713 1633 4784 πρώτους
1664 4716 1961 4784 κατέφαγε,
2006 4717 2096 4768 τὸν
2126 4716 2184 4769 δὲ
2228 4715 2484 4769 Ὀδυσσέα
2529 4717 2774 4787 τηρήσας
2797 4717 2877 4779 είς
2927 4715 3153 4787 ὕστερον
3173 4713 3504 4784 καταφαγεῖν
3523 4706 3613 4759 οὐκ
3658 4699 3807 4788 ἰσχυσξ

600 4804 913 4876 διαδράντος
950 4806 1146 4861 αὑτοῦ·
1201 4808 1446 4879 διέδρασε
1476 4809 1533 4863 δὲ
1561 4809 1801 4878 μεθύσας
1837 4810 1926 4864 τὸν
1962 4811 2242 4867 Κύκλωπα
2269 4812 2363 4865 xui
2406 4811 2690 4879 τυφλώσας
2722 4811 2915 4865 αὐτόν’
2984 4814 3077 4865 xui
3119 4812 3222 4865 ὑπὸ
3265 4812 3324 4864 τὸ
3361 4810 3502 4882 ἔριον
3548 4797 3654 4858 ἐνὸς
3685 4798 3808 4857 κρίθν

603 4900 1032 4971 κατακρεμάσας
1065 4902 1279 4966 ἑαυτὸν,
1310 4901 1405 4957 xui
1447 4899 1678 4967 ἐξελθὼν
1724 4907 1820 4960 σὺν
1868 4906 1946 4977 τῷ
1978 4907 2136 4978 κριῷ,
2168 4906 2342 4971 οὕτως
2371 4908 2603 4978 ἀπέδρα.

1731 5019 1841 5089 με’.
1879 5019 2017 5088 Περὶ
2051 5019 2297 5090 στηλῶν
2332 5023 2716 5091 Ἡρακλείων.

673 5109 780 5166 Τοῦ
817 5108 1149 5181 Ἡρακλέους
1198 5113 1328 5184 περὶ
1376 5114 1447 5170 τά
1486 5116 1721 5187 Γάδειρα
1772 5115 2049 5181 ἐλθόντος,
2112 5119 2207 5172 καὶ
2271 5119 2467 5190 μηκέτι
2518 5119 2837 5189 ἰσχύσαντος
2884 5118 3193 5190 περαιτέρω
3237 5114 3514 5170 ἀπελθεῖν·
3573 5100 3682 5155 οὔτε
3717 5101 3803 5158 γαρ

603 5209 844 5283 περᾶσαι
882 5208 1067 5280 ἴσχυσε
1109 5209 1202 5262 τὸν
1227 5211 1507 5266 Ὠκεανόν·
1553 5213 1623 5267 τὰ
1646 5214 1756 5285 γάρ
1794 5214 2026 5286 Γάδειρα
2057 5215 2262 5279 εἴσοδός
2306 5219 2452 5269 ἐστιν
2482 5217 2589 5269 ἀπὸ
2616 5216 2710 5269 τοῦ
2746 5214 2999 5269 Ὠκεανοῦ
3029 5215 3108 5277 είς
3146 5213 3245 5284 τὴν
3284 5207 3499 5278 δοτικὴν
3539 5194 3799 5286 θάλασσαν’

601 5304 730 5375 ἄχρι
757 5299 850 5358 οὖν
883 5304 991 5357 τῶν
1019 5304 1290 5375 Γαδείρων
1334 5308 1656 5379 γενόμενος,
1703 5311 1903 5380 στήλας
1941 5284 2169 5382 ἔστησεν
2207 5314 2344 5378 ἐκεῖ,
2395 5313 2470 5377 ὡς
2503 5312 2665 5383 μέχρι
2711 5311 2819 5364 τῶν
2845 5312 3023 5363 ἐκεῖσε
3069 5309 3236 5380 βατῆς
3264 5305 3428 5376 οὔσης
3451 5303 3540 5371 τῆς
3572 5284 3797 5347 θαλάσσης

603 5401 700 5455 καὶ
728 5402 828 5472 τῆς
859 5401 985 5471 γῆς,
1020 5402 1113 5455 xui
1139 5402 1202 5456 τὸ
1240 5405 1496 5459 ἐπέκεινα
1522 5408 1737 5461 οὐκέτι·
1786 5410 1879 5463 xui.
1908 5409 2096 5463 ἀκούει
2125 5413 2154 5463 6
2178 5412 2341 5474 τόπος
2374 5410 2732 5478 Ἡρακλέους
2768 5404 3009 5477 στῆλαι.

676 5580 788 5647 (59)
839 5579 1063 5656 _Numm.
1115 5581 1209 5647 37,
1272 5582 1365 5648 38,
1441 5584 1510 5640 39
1552 5585 1672 5640 sine
1720 5584 2078 5641 distinctione
2130 5585 2187 5640 in
2298 5589 2499 5650 sed.ut
2521 5587 2633 5656 jam
2662 5585 2928 5656 diximus,
2962 5584 3483 5656 utrumquetextum
3526 5555 3791 5621 retineam,

603 5651 797 5730 ϐιοαὶεο
839 5651 1116 5730 leguntur.
1404 5721 1424 5730 -
1508 5725 1516 5730 _
2052 5726 2062 5730 Δ

2298 5668 2487 5730 utpote
2517 5651 2547 5714 ὁ
2578 5658 2796 5713 όὶιοτεο
2823 5654 2971 5710 fonte
3005 5652 3332 5707 derivatum.

675 5720 789 5792 (60)
834 5721 1023 5775 Graeca
1063 5723 1175 5794 jam
1229 5736 1354 5777 cum
1404 5721 1615 5781 Latinis
1674 5742 1783 5782 non
1826 5726 2187 5792 concordant,
