  <div class='ocr_page' id='page_1' title='image "/cluster/home/n/w/nwhite01/storage/ocr_20150623/36/hvd.32044024464877/564.png"; bbox 0 0 4018 6296; ppageno 0'>
   <div class='ocr_carea' id='block_1_1' title="bbox 143 233 329 292">
    <p class='ocr_par' dir='ltr' id='par_1_1' title="bbox 143 233 329 292">
     <span class='ocr_line' id='line_1_1' title="bbox 143 233 329 292; baseline -0.005 0"><span class='ocrx_word' id='word_1_1' title='bbox 143 233 329 292; x_wconf 69' lang='grc'><strong>1057</strong></span> 
     </span>
    </p>
   </div>
   <div class='ocr_carea' id='block_1_2' title="bbox 967 245 3450 314">
    <p class='ocr_par' dir='ltr' id='par_1_2' title="bbox 967 245 3450 314">
     <span class='ocr_line' id='line_1_2' title="bbox 967 245 3450 314; baseline 0.006 -14"><span class='ocrx_word' id='word_1_2' title='bbox 967 245 1060 301; x_wconf 81' lang='lat' dir='ltr'><strong>AD</strong></span> <span class='ocrx_word' id='word_1_3' title='bbox 1098 248 1159 305; x_wconf 89' lang='lat' dir='ltr'><strong>S.</strong></span> <span class='ocrx_word' id='word_1_4' title='bbox 1198 251 1527 309; x_wconf 79' lang='lat' dir='ltr'><strong>GREGORII</strong></span> <span class='ocrx_word' id='word_1_5' title='bbox 1562 250 1852 308; x_wconf 77' lang='lat' dir='ltr'><strong>LAUDEM</strong></span> <span class='ocrx_word' id='word_1_6' title='bbox 1896 251 2266 309; x_wconf 77' lang='lat' dir='ltr'><strong>FUNEBREM</strong></span> <span class='ocrx_word' id='word_1_7' title='bbox 2307 252 2367 311; x_wconf 90' lang='lat' dir='ltr'><strong>S.</strong></span> <span class='ocrx_word' id='word_1_8' title='bbox 2411 252 2677 310; x_wconf 78' lang='lat' dir='ltr'><strong>BASILII.</strong></span> <span class='ocrx_word' id='word_1_9' title='bbox 3322 256 3450 314; x_wconf 67' lang='lat'><strong>1058</strong></span> 
     </span>
    </p>
   </div>
   <div class='ocr_carea' id='block_1_3' title="bbox 1468 350 2183 436">
    <p class='ocr_par' dir='ltr' id='par_1_3' title="bbox 1468 350 2183 436">
     <span class='ocr_line' id='line_1_3' title="bbox 1468 350 2183 436; baseline -0.017 -13"><span class='ocrx_word' id='word_1_10' title='bbox 1468 365 1581 435; x_wconf 85' lang='grc' dir='ltr'>μγ⁰.</span> <span class='ocrx_word' id='word_1_11' title='bbox 1608 366 1745 434; x_wconf 83' lang='grc' dir='ltr'>Περί</span> <span class='ocrx_word' id='word_1_12' title='bbox 1778 366 1888 422; x_wconf 83' lang='grc' dir='ltr'>τοῦ</span> <span class='ocrx_word' id='word_1_13' title='bbox 1921 350 2183 436; x_wconf 68' lang='grc' dir='ltr'><strong>φαλλοῦ,</strong></span> 
     </span>
    </p>
   </div>
   <div class='ocr_carea' id='block_1_4' title="bbox 246 444 3451 533">
    <p class='ocr_par' dir='ltr' id='par_1_4' title="bbox 246 444 3451 533">
     <span class='ocr_line' id='line_1_4' title="bbox 246 444 3451 533; baseline 0.007 -35"><span class='ocrx_word' id='word_1_14' title='bbox 246 444 365 498; x_wconf 81' lang='grc' dir='ltr'><strong>Τοῦ</strong></span> <span class='ocrx_word' id='word_1_15' title='bbox 422 444 709 516; x_wconf 79' lang='grc' dir='ltr'><strong>Ὀσίριδος,</strong></span> <span class='ocrx_word' id='word_1_16' title='bbox 735 448 854 519; x_wconf 77' lang='grc' dir='ltr'>ἦτοι</span> <span class='ocrx_word' id='word_1_17' title='bbox 895 451 1171 520; x_wconf 87' lang='grc' dir='ltr'>Διονύσου,</span> <span class='ocrx_word' id='word_1_18' title='bbox 1198 456 1627 521; x_wconf 84' lang='grc' dir='ltr'>διασπασθέντος</span> <span class='ocrx_word' id='word_1_19' title='bbox 1663 459 1770 513; x_wconf 84' lang='grc' dir='ltr'>ὑπὸ</span> <span class='ocrx_word' id='word_1_20' title='bbox 1807 460 2087 529; x_wconf 83' lang='grc' dir='ltr'>Τυφῶνος,</span> <span class='ocrx_word' id='word_1_21' title='bbox 2130 461 2333 529; x_wconf 73' lang='grc' dir='ltr'>φασὶν,</span> <span class='ocrx_word' id='word_1_22' title='bbox 2376 460 2452 524; x_wconf 84' lang='grc' dir='ltr'><strong>ὡς</strong></span> <span class='ocrx_word' id='word_1_23' title='bbox 2485 462 2519 532; x_wconf 80' lang='grc' dir='ltr'>ἡ</span> <span class='ocrx_word' id='word_1_24' title='bbox 2564 460 2754 515; x_wconf 85' lang='grc' dir='ltr'>τούτου</span> <span class='ocrx_word' id='word_1_25' title='bbox 2820 460 3024 532; x_wconf 76' lang='grc' dir='ltr'><strong>ἀδελφὴ</strong></span> <span class='ocrx_word' id='word_1_26' title='bbox 3072 462 3107 533; x_wconf 73' lang='grc' dir='ltr'><strong>ἠ</strong></span> <span class='ocrx_word' id='word_1_27' title='bbox 3139 456 3301 530; x_wconf 84' lang='grc' dir='ltr'>Ἶσις,</span> <span class='ocrx_word' id='word_1_28' title='bbox 3382 464 3451 519; x_wconf 70' lang='grc' dir='ltr'>τὰ</span> 
     </span>
    </p>
   </div>
   <div class='ocr_carea' id='block_1_5' title="bbox 140 537 3449 625">
    <p class='ocr_par' dir='ltr' id='par_1_5' title="bbox 140 537 3449 625">
     <span class='ocr_line' id='line_1_5' title="bbox 140 537 3449 625; baseline 0.005 -32"><span class='ocrx_word' id='word_1_29' title='bbox 140 538 374 593; x_wconf 76' lang='grc' dir='ltr'>τούτου</span> <span class='ocrx_word' id='word_1_30' title='bbox 420 537 558 608; x_wconf 84' lang='grc' dir='ltr'>μέλη</span> <span class='ocrx_word' id='word_1_31' title='bbox 591 540 690 593; x_wconf 83' lang='grc' dir='ltr'>σὺν</span> <span class='ocrx_word' id='word_1_32' title='bbox 736 541 885 613; x_wconf 84' lang='grc' dir='ltr'>πόνῳ</span> <span class='ocrx_word' id='word_1_33' title='bbox 928 544 1110 615; x_wconf 82' lang='grc' dir='ltr'>πολλῷ</span> <span class='ocrx_word' id='word_1_34' title='bbox 1154 547 1477 615; x_wconf 81' lang='grc' dir='ltr'><strong>συλλέξασα,</strong></span> <span class='ocrx_word' id='word_1_35' title='bbox 1520 550 1683 620; x_wconf 87' lang='grc' dir='ltr'>μόνον</span> <span class='ocrx_word' id='word_1_36' title='bbox 1745 551 1808 604; x_wconf 80' lang='grc' dir='ltr'>τὸ</span> <span class='ocrx_word' id='word_1_37' title='bbox 1880 551 2080 605; x_wconf 84' lang='grc' dir='ltr'>αἰδοῖον</span> <span class='ocrx_word' id='word_1_38' title='bbox 2127 552 2225 622; x_wconf 82' lang='grc' dir='ltr'><strong>οὐχ</strong></span> <span class='ocrx_word' id='word_1_39' title='bbox 2253 546 2397 622; x_wconf 74' lang='grc' dir='ltr'>εὗρε.</span> <span class='ocrx_word' id='word_1_40' title='bbox 2437 553 2639 605; x_wconf 86' lang='grc' dir='ltr'>Τούτου</span> <span class='ocrx_word' id='word_1_41' title='bbox 2695 554 2856 625; x_wconf 85' lang='grc' dir='ltr'>χάριν</span> <span class='ocrx_word' id='word_1_42' title='bbox 2902 555 3086 609; x_wconf 89' lang='grc' dir='ltr'>εἰκόνα</span> <span class='ocrx_word' id='word_1_43' title='bbox 3120 554 3215 608; x_wconf 82' lang='grc' dir='ltr'><strong>τοῦ</strong></span> <span class='ocrx_word' id='word_1_44' title='bbox 3249 556 3449 611; x_wconf 76' lang='grc' dir='ltr'><strong>αἰδοίου</strong></span> 
     </span>
    </p>
   </div>
   <div class='ocr_carea' id='block_1_6' title="bbox 140 630 3453 720">
    <p class='ocr_par' dir='ltr' id='par_1_6' title="bbox 140 630 3453 720">
     <span class='ocr_line' id='line_1_6' title="bbox 140 630 3453 720; baseline 0.007 -39"><span class='ocrx_word' id='word_1_45' title='bbox 140 630 467 698; x_wconf 70' lang='grc' dir='ltr'>ποιήσασα</span> <span class='ocrx_word' id='word_1_46' title='bbox 492 670 507 692; x_wconf 95' lang='grc'>,</span> <span class='ocrx_word' id='word_1_47' title='bbox 565 632 985 701; x_wconf 78' lang='grc' dir='ltr'><strong>προσκυνεῖσθαι</strong></span> <span class='ocrx_word' id='word_1_48' title='bbox 1047 636 1154 690; x_wconf 81' lang='grc' dir='ltr'><strong>ὑπὸ</strong></span> <span class='ocrx_word' id='word_1_49' title='bbox 1216 640 1433 693; x_wconf 81' lang='grc' dir='ltr'>πάντων</span> <span class='ocrx_word' id='word_1_50' title='bbox 1483 638 1761 695; x_wconf 81' lang='grc' dir='ltr'>ἐκέλευσε.</span> <span class='ocrx_word' id='word_1_51' title='bbox 1841 641 2058 698; x_wconf 81' lang='grc' dir='ltr'><strong>Γίνεται</strong></span> <span class='ocrx_word' id='word_1_52' title='bbox 2109 638 2205 697; x_wconf 81' lang='grc' dir='ltr'>οὖν</span> <span class='ocrx_word' id='word_1_53' title='bbox 2258 646 2389 713; x_wconf 80' lang='grc' dir='ltr'>παρ’</span> <span class='ocrx_word' id='word_1_54' title='bbox 2435 643 2692 717; x_wconf 78' lang='grc' dir='ltr'>Ἕλλησιν</span> <span class='ocrx_word' id='word_1_55' title='bbox 2739 646 3034 719; x_wconf 73' lang='grc' dir='ltr'>ἑορτὴ,τοῦ</span> <span class='ocrx_word' id='word_1_56' title='bbox 3092 648 3315 717; x_wconf 74' lang='grc' dir='ltr'>φαλλοῦ,</span> <span class='ocrx_word' id='word_1_57' title='bbox 3383 649 3453 720; x_wconf 74' lang='grc' dir='ltr'><strong>ἢν</strong></span> 
     </span>
    </p>
   </div>
   <div class='ocr_carea' id='block_1_7' title="bbox 158 724 1091 796">
    <p class='ocr_par' dir='ltr' id='par_1_7' title="bbox 158 724 1091 796">
     <span class='ocr_line' id='line_1_7' title="bbox 158 724 1091 796; baseline 0.011 -25"><span class='ocrx_word' id='word_1_58' title='bbox 158 724 653 793; x_wconf 74' lang='grc' dir='ltr'>προσηγόρευσαν</span> <span class='ocrx_word' id='word_1_59' title='bbox 682 726 1091 796; x_wconf 70' lang='grc' dir='ltr'>Φαλλαγώγια.</span> 
     </span>
    </p>
   </div>
   <div class='ocr_carea' id='block_1_8' title="bbox 170 913 3439 958">
    <p class='ocr_par' dir='ltr' id='par_1_8' title="bbox 170 913 3439 958">
     <span class='ocr_line' id='line_1_8' title="bbox 170 913 3439 958; baseline 0.004 -15"><span class='ocrx_word' id='word_1_60' title='bbox 170 913 3439 958; x_wconf 51' lang='lat' dir='ltr'><em>W</em></span> 
     </span>
    </p>
   </div>
   <div class='ocr_carea' id='block_1_9' title="bbox 1462 1070 2213 1180">
    <p class='ocr_par' dir='ltr' id='par_1_9' title="bbox 1462 1070 2213 1180">
     <span class='ocr_line' id='line_1_9' title="bbox 1462 1070 2213 1180; baseline -0.001 -1"><span class='ocrx_word' id='word_1_61' title='bbox 1462 1088 2044 1180; x_wconf 88' lang='lat' dir='ltr'><strong>MONITUM</strong></span> <span class='ocrx_word' id='word_1_62' title='bbox 2096 1070 2213 1178; x_wconf 83' lang='grc'><strong>(¹).</strong></span> 
     </span>
    </p>
   </div>
   <div class='ocr_carea' id='block_1_10' title="bbox 252 1458 3451 1531">
    <p class='ocr_par' dir='ltr' id='par_1_10' title="bbox 252 1458 3451 1531">
     <span class='ocr_line' id='line_1_10' title="bbox 252 1458 3451 1531; baseline -0 -15"><span class='ocrx_word' id='word_1_63' title='bbox 252 1459 663 1516; x_wconf 84' lang='lat' dir='ltr'><strong>Collectionem</strong></span> <span class='ocrx_word' id='word_1_64' title='bbox 684 1460 1050 1531; x_wconf 74' lang='lat' dir='ltr'><strong>historiarum</strong></span> <span class='ocrx_word' id='word_1_65' title='bbox 1082 1479 1146 1517; x_wconf 93' lang='lat' dir='ltr'><strong>ac</strong></span> <span class='ocrx_word' id='word_1_66' title='bbox 1180 1463 1512 1524; x_wconf 81' lang='lat' dir='ltr'><strong>fabularum,</strong></span> <span class='ocrx_word' id='word_1_67' title='bbox 1536 1461 1732 1517; x_wconf 87' lang='lat' dir='ltr'><strong>Nonno</strong></span> <span class='ocrx_word' id='word_1_68' title='bbox 1763 1469 2275 1531; x_wconf 87' lang='lat' dir='ltr'><strong>auctore,quarum</strong></span> <span class='ocrx_word' id='word_1_69' title='bbox 2302 1458 2375 1531; x_wconf 25' lang='lat' dir='ltr'><strong>Si</strong></span> <span class='ocrx_word' id='word_1_70' title='bbox 2388 1458 2687 1531; x_wconf 76' lang='lat' dir='ltr'><strong>Gregorius</strong></span> <span class='ocrx_word' id='word_1_71' title='bbox 2716 1460 3095 1517; x_wconf 82' lang='lat' dir='ltr'><strong>Nazianzenus</strong></span> <span class='ocrx_word' id='word_1_72' title='bbox 3121 1461 3362 1517; x_wconf 84' lang='lat' dir='ltr'><strong>meminit</strong></span> <span class='ocrx_word' id='word_1_73' title='bbox 3396 1462 3451 1515; x_wconf 91' lang='lat' dir='ltr'><strong>in</strong></span> 
     </span>
    </p>
   </div>
   <div class='ocr_carea' id='block_1_11' title="bbox 160 1530 3453 1600">
    <p class='ocr_par' dir='ltr' id='par_1_11' title="bbox 160 1530 3453 1600">
     <span class='ocr_line' id='line_1_11' title="bbox 160 1530 3453 1600; baseline -0.001 -12"><span class='ocrx_word' id='word_1_74' title='bbox 160 1534 409 1588; x_wconf 83' lang='lat' dir='ltr'><strong>duabus</strong></span> <span class='ocrx_word' id='word_1_75' title='bbox 439 1542 629 1585; x_wconf 85' lang='lat' dir='ltr'><strong>contra</strong></span> <span class='ocrx_word' id='word_1_76' title='bbox 662 1530 944 1586; x_wconf 71' lang='lat' dir='ltr'><strong>lulianum</strong></span> <span class='ocrx_word' id='word_1_77' title='bbox 974 1535 1101 1599; x_wconf 81' lang='lat' dir='ltr'><strong>imp.</strong></span> <span class='ocrx_word' id='word_1_78' title='bbox 1137 1532 1538 1588; x_wconf 76' lang='lat' dir='ltr'><strong>invectionibus.</strong></span> <span class='ocrx_word' id='word_1_79' title='bbox 1567 1532 1779 1600; x_wconf 82' lang='lat' dir='ltr'><strong>jamdiu</strong></span> <span class='ocrx_word' id='word_1_80' title='bbox 1812 1532 1981 1586; x_wconf 90' lang='lat' dir='ltr'><strong>edidit</strong></span> <span class='ocrx_word' id='word_1_81' title='bbox 2016 1530 2328 1586; x_wconf 84' lang='lat' dir='ltr'><strong>Richardus</strong></span> <span class='ocrx_word' id='word_1_82' title='bbox 2360 1530 2751 1595; x_wconf 83' lang='lat' dir='ltr'><strong>Monlacutius,</strong></span> <span class='ocrx_word' id='word_1_83' title='bbox 2778 1546 2950 1600; x_wconf 89' lang='lat' dir='ltr'><strong>caque</strong></span> <span class='ocrx_word' id='word_1_84' title='bbox 2984 1534 3234 1588; x_wconf 76' lang='lat' dir='ltr'><strong>collectio</strong></span> <span class='ocrx_word' id='word_1_85' title='bbox 3263 1532 3316 1586; x_wconf 91' lang='lat' dir='ltr'><strong>iu</strong></span> <span class='ocrx_word' id='word_1_86' title='bbox 3348 1532 3453 1585; x_wconf 70' lang='lat' dir='ltr'><strong>Na-</strong></span> 
     </span>
    </p>
   </div>
   <div class='ocr_carea' id='block_1_12' title="bbox 162 1601 3453 1672">
    <p class='ocr_par' dir='ltr' id='par_1_12' title="bbox 162 1601 3453 1672">
     <span class='ocr_line' id='line_1_12' title="bbox 162 1601 3453 1672; baseline -0.001 -14"><span class='ocrx_word' id='word_1_87' title='bbox 162 1603 442 1659; x_wconf 86' lang='lat' dir='ltr'><strong>zianzeni</strong></span> <span class='ocrx_word' id='word_1_88' title='bbox 473 1602 744 1658; x_wconf 88' lang='lat' dir='ltr'><strong>editiones</strong></span> <span class='ocrx_word' id='word_1_89' title='bbox 776 1605 986 1657; x_wconf 88' lang='lat' dir='ltr'><strong>utiliter</strong></span> <span class='ocrx_word' id='word_1_90' title='bbox 1020 1612 1239 1672; x_wconf 86' lang='lat' dir='ltr'><strong>recepta</strong></span> <span class='ocrx_word' id='word_1_91' title='bbox 1290 1605 1411 1657; x_wconf 81' lang='lat' dir='ltr'><strong>luit.</strong></span> <span class='ocrx_word' id='word_1_92' title='bbox 1455 1603 1612 1657; x_wconf 66' lang='lat' dir='ltr'><strong>Nunc</strong></span> <span class='ocrx_word' id='word_1_93' title='bbox 1652 1603 1782 1656; x_wconf 89' lang='lat' dir='ltr'><strong>mihi</strong></span> <span class='ocrx_word' id='word_1_94' title='bbox 1813 1602 1868 1655; x_wconf 90' lang='lat' dir='ltr'><strong>in</strong></span> <span class='ocrx_word' id='word_1_95' title='bbox 1902 1601 2188 1657; x_wconf 77' lang='lat' dir='ltr'><strong>Vaticanis</strong></span> <span class='ocrx_word' id='word_1_96' title='bbox 2234 1602 2525 1657; x_wconf 88' lang='lat' dir='ltr'><strong>codicibus</strong></span> <span class='ocrx_word' id='word_1_97' title='bbox 2560 1602 2859 1670; x_wconf 82' lang='lat' dir='ltr'><strong>persimilis</strong></span> <span class='ocrx_word' id='word_1_98' title='bbox 2896 1602 3248 1657; x_wconf 81' lang='lat' dir='ltr'><strong>historiarum</strong></span> <span class='ocrx_word' id='word_1_99' title='bbox 3283 1604 3453 1672; x_wconf 73' lang='lat' dir='ltr'><strong>labu-</strong></span> 
     </span>
    </p>
   </div>
   <div class='ocr_carea' id='block_1_13' title="bbox 158 1671 3453 1754">
    <p class='ocr_par' dir='ltr' id='par_1_13' title="bbox 158 1671 3453 1754">
     <span class='ocr_line' id='line_1_13' title="bbox 158 1671 3453 1754; baseline -0.001 -26"><span class='ocrx_word' id='word_1_100' title='bbox 158 1677 481 1754; x_wconf 68' lang='lat' dir='ltr'><strong>larumque</strong></span> <span class='ocrx_word' id='word_1_101' title='bbox 501 1674 767 1754; x_wconf 68' lang='lat' dir='ltr'><strong>collectio</strong></span> <span class='ocrx_word' id='word_1_102' title='bbox 790 1675 980 1754; x_wconf 79' lang='lat' dir='ltr'><strong>eodem</strong></span> <span class='ocrx_word' id='word_1_103' title='bbox 1008 1671 1210 1754; x_wconf 44' lang='lat' dir='ltr'><strong>Finano</strong></span> <span class='ocrx_word' id='word_1_104' title='bbox 1247 1683 1473 1754; x_wconf 80' lang='lat' dir='ltr'><strong>auctore</strong></span> <span class='ocrx_word' id='word_1_105' title='bbox 1495 1674 1758 1754; x_wconf 62' lang='lat' dir='ltr'><strong>occurrit,</strong></span> <span class='ocrx_word' id='word_1_106' title='bbox 1788 1672 1855 1753; x_wconf 78' lang='lat' dir='ltr'><strong>ad</strong></span> <span class='ocrx_word' id='word_1_107' title='bbox 1887 1673 2028 1727; x_wconf 86' lang='lat' dir='ltr'><strong>alias</strong></span> <span class='ocrx_word' id='word_1_108' title='bbox 2062 1674 2204 1754; x_wconf 78' lang='lat' dir='ltr'><strong>duas</strong></span> <span class='ocrx_word' id='word_1_109' title='bbox 2241 1672 2573 1753; x_wconf 78' lang='lat' dir='ltr'><strong>Nazianzeni</strong></span> <span class='ocrx_word' id='word_1_110' title='bbox 2610 1673 2911 1754; x_wconf 58' lang='lat' dir='ltr'><strong>orationes,</strong></span> <span class='ocrx_word' id='word_1_111' title='bbox 2949 1686 3146 1754; x_wconf 66' lang='lat' dir='ltr'><strong>nempe</strong></span> <span class='ocrx_word' id='word_1_112' title='bbox 3172 1674 3238 1727; x_wconf 86' lang='lat' dir='ltr'><strong>ad</strong></span> <span class='ocrx_word' id='word_1_113' title='bbox 3270 1671 3453 1754; x_wconf 61' lang='lat' dir='ltr'><strong>Epita-</strong></span> 
     </span>
    </p>
   </div>
   <div class='ocr_carea' id='block_1_14' title="bbox 156 1741 3453 1813">
    <p class='ocr_par' dir='ltr' id='par_1_14' title="bbox 156 1741 3453 1813">
     <span class='ocr_line' id='line_1_14' title="bbox 156 1741 3453 1813; baseline -0 -16"><span class='ocrx_word' id='word_1_114' title='bbox 156 1746 365 1813; x_wconf 72' lang='lat' dir='ltr'><strong>pllium</strong></span> <span class='ocrx_word' id='word_1_115' title='bbox 393 1741 512 1797; x_wconf 71' lang='lat' dir='ltr'><strong>divi</strong></span> <span class='ocrx_word' id='word_1_116' title='bbox 552 1743 772 1806; x_wconf 76' lang='lat' dir='ltr'><strong>Basilii,</strong></span> <span class='ocrx_word' id='word_1_117' title='bbox 805 1754 857 1798; x_wconf 88' lang='lat' dir='ltr'><strong>et</strong></span> <span class='ocrx_word' id='word_1_118' title='bbox 886 1744 953 1796; x_wconf 87' lang='lat' dir='ltr'><strong>ad</strong></span> <span class='ocrx_word' id='word_1_119' title='bbox 1008 1743 1286 1798; x_wconf 88' lang='lat' dir='ltr'><strong>homiliam</strong></span> <span class='ocrx_word' id='word_1_120' title='bbox 1321 1747 1373 1798; x_wconf 80' lang='lat' dir='ltr'><strong>in</strong></span> <span class='ocrx_word' id='word_1_121' title='bbox 1420 1754 1609 1798; x_wconf 80' lang='lat' dir='ltr'><strong>sancta</strong></span> <span class='ocrx_word' id='word_1_122' title='bbox 1654 1742 1922 1808; x_wconf 82' lang='lat' dir='ltr'><strong>Lumina;</strong></span> <span class='ocrx_word' id='word_1_123' title='bbox 1953 1743 2098 1812; x_wconf 91' lang='lat' dir='ltr'><strong>quod</strong></span> <span class='ocrx_word' id='word_1_124' title='bbox 2131 1759 2232 1813; x_wconf 72' lang='lat' dir='ltr'><strong>ego</strong></span> <span class='ocrx_word' id='word_1_125' title='bbox 2263 1758 2397 1813; x_wconf 81' lang='lat' dir='ltr'><strong>sane</strong></span> <span class='ocrx_word' id='word_1_126' title='bbox 2448 1742 2740 1813; x_wconf 86' lang='lat' dir='ltr'><strong>scriptum,</strong></span> <span class='ocrx_word' id='word_1_127' title='bbox 2785 1741 3111 1797; x_wconf 82' lang='lat' dir='ltr'><strong>Montacutii</strong></span> <span class='ocrx_word' id='word_1_128' title='bbox 3143 1744 3453 1813; x_wconf 84' lang='lat' dir='ltr'><strong>exemplum</strong></span> 
     </span>
    </p>
   </div>
   <div class='ocr_carea' id='block_1_15' title="bbox 159 1812 3452 1882">
    <p class='ocr_par' dir='ltr' id='par_1_15' title="bbox 159 1812 3452 1882">
     <span class='ocr_line' id='line_1_15' title="bbox 159 1812 3452 1882; baseline -0.001 -12"><span class='ocrx_word' id='word_1_129' title='bbox 159 1824 436 1880; x_wconf 88' lang='lat' dir='ltr'><strong>secutus,</strong></span> <span class='ocrx_word' id='word_1_130' title='bbox 479 1816 533 1869; x_wconf 93' lang='lat' dir='ltr'><strong>in</strong></span> <span class='ocrx_word' id='word_1_131' title='bbox 584 1816 760 1868; x_wconf 87' lang='lat' dir='ltr'><strong>lucem</strong></span> <span class='ocrx_word' id='word_1_132' title='bbox 802 1816 1052 1868; x_wconf 85' lang='lat' dir='ltr'><strong>emittere</strong></span> <span class='ocrx_word' id='word_1_133' title='bbox 1091 1815 1323 1869; x_wconf 81' lang='lat' dir='ltr'><strong>libenter</strong></span> <span class='ocrx_word' id='word_1_134' title='bbox 1362 1816 1604 1879; x_wconf 72' lang='lat' dir='ltr'><strong>decrevi,</strong></span> <span class='ocrx_word' id='word_1_135' title='bbox 1636 1815 1902 1869; x_wconf 90' lang='lat' dir='ltr'><strong>resecatis</strong></span> <span class='ocrx_word' id='word_1_136' title='bbox 1939 1820 2121 1866; x_wconf 88' lang='lat' dir='ltr'><strong>tamen</strong></span> <span class='ocrx_word' id='word_1_137' title='bbox 2154 1812 2221 1867; x_wconf 90' lang='lat' dir='ltr'><strong>iis</strong></span> <span class='ocrx_word' id='word_1_138' title='bbox 2266 1812 2378 1868; x_wconf 82' lang='lat' dir='ltr'><strong>fere</strong></span> <span class='ocrx_word' id='word_1_139' title='bbox 2408 1812 2686 1874; x_wconf 90' lang='lat' dir='ltr'><strong>omnibus,</strong></span> <span class='ocrx_word' id='word_1_140' title='bbox 2718 1827 2839 1882; x_wconf 68' lang='lat' dir='ltr'><strong>qua:</strong></span> <span class='ocrx_word' id='word_1_141' title='bbox 2873 1813 3013 1881; x_wconf 86' lang='lat' dir='ltr'><strong>apud</strong></span> <span class='ocrx_word' id='word_1_142' title='bbox 3053 1812 3315 1868; x_wconf 73' lang='lat' dir='ltr'><strong>Cosmani</strong></span> <span class='ocrx_word' id='word_1_143' title='bbox 3348 1812 3452 1877; x_wconf 71' lang='grc' dir='ltr'><strong>(Ξ),</strong></span> 
     </span>
    </p>
   </div>
   <div class='ocr_carea' id='block_1_16' title="bbox 158 1882 3451 1955">
    <p class='ocr_par' dir='ltr' id='par_1_16' title="bbox 158 1882 3451 1955">
     <span class='ocr_line' id='line_1_16' title="bbox 158 1882 3451 1955; baseline -0.002 -16"><span class='ocrx_word' id='word_1_144' title='bbox 158 1888 240 1940; x_wconf 74' lang='lat' dir='ltr'><strong>ad</strong></span> <span class='ocrx_word' id='word_1_145' title='bbox 278 1888 523 1939; x_wconf 80' lang='lat' dir='ltr'><strong>litteram</strong></span> <span class='ocrx_word' id='word_1_146' title='bbox 555 1883 668 1953; x_wconf 89' lang='lat' dir='ltr'><strong>jam</strong></span> <span class='ocrx_word' id='word_1_147' title='bbox 702 1885 1016 1939; x_wconf 82' lang='lat' dir='ltr'><strong>exstabant.</strong></span> <span class='ocrx_word' id='word_1_148' title='bbox 1052 1883 1163 1939; x_wconf 86' lang='lat' dir='ltr'><strong>Etsi</strong></span> <span class='ocrx_word' id='word_1_149' title='bbox 1195 1885 1339 1937; x_wconf 91' lang='lat' dir='ltr'><strong>enim</strong></span> <span class='ocrx_word' id='word_1_150' title='bbox 1369 1887 1424 1939; x_wconf 90' lang='lat' dir='ltr'><strong>in</strong></span> <span class='ocrx_word' id='word_1_151' title='bbox 1474 1886 1965 1955; x_wconf 70' lang='lat' dir='ltr'><strong>superioreopere</strong></span> <span class='ocrx_word' id='word_1_152' title='bbox 1996 1883 2129 1955; x_wconf 73' lang='lat' dir='ltr'><strong>nihil</strong></span> <span class='ocrx_word' id='word_1_153' title='bbox 2162 1884 2375 1938; x_wconf 70' lang='lat' dir='ltr'><strong>Cosmae</strong></span> <span class='ocrx_word' id='word_1_154' title='bbox 2419 1882 2654 1955; x_wconf 71' lang='lat' dir='ltr'><strong>detraxi,</strong></span> <span class='ocrx_word' id='word_1_155' title='bbox 2693 1897 3007 1955; x_wconf 85' lang='lat' dir='ltr'><strong>quanquam</strong></span> <span class='ocrx_word' id='word_1_156' title='bbox 3054 1885 3101 1939; x_wconf 87' lang='lat' dir='ltr'><strong>is</strong></span> <span class='ocrx_word' id='word_1_157' title='bbox 3132 1899 3273 1952; x_wconf 62' lang='lat' dir='ltr'><strong>sepe</strong></span> <span class='ocrx_word' id='word_1_158' title='bbox 3303 1882 3451 1955; x_wconf 73' lang='lat' dir='ltr'><strong>Mou-</strong></span> 
     </span>
    </p>
   </div>
   <div class='ocr_carea' id='block_1_17' title="bbox 160 1953 3452 2024">
    <p class='ocr_par' dir='ltr' id='par_1_17' title="bbox 160 1953 3452 2024">
     <span class='ocr_line' id='line_1_17' title="bbox 160 1953 3452 2024; baseline -0.001 -15"><span class='ocrx_word' id='word_1_159' title='bbox 160 1957 534 2010; x_wconf 81' lang='lat' dir='ltr'><strong>tacutianum</strong></span> <span class='ocrx_word' id='word_1_160' title='bbox 563 1955 821 2010; x_wconf 79' lang='lat' dir='ltr'><strong>Nonnum</strong></span> <span class='ocrx_word' id='word_1_161' title='bbox 852 1956 1147 2023; x_wconf 78' lang='lat' dir='ltr'><strong>expilabat,</strong></span> <span class='ocrx_word' id='word_1_162' title='bbox 1184 1971 1333 2010; x_wconf 90' lang='lat' dir='ltr'><strong>nunc</strong></span> <span class='ocrx_word' id='word_1_163' title='bbox 1368 1957 1495 2011; x_wconf 88' lang='lat' dir='ltr'><strong>illas</strong></span> <span class='ocrx_word' id='word_1_164' title='bbox 1526 1953 1710 2011; x_wconf 80' lang='lat' dir='ltr'><strong>tamen</strong></span> <span class='ocrx_word' id='word_1_165' title='bbox 1740 1954 1995 2008; x_wconf 75' lang='lat' dir='ltr'><strong>Vaticani</strong></span> <span class='ocrx_word' id='word_1_166' title='bbox 2023 1953 2204 2008; x_wconf 85' lang='lat' dir='ltr'><strong>Nonni</strong></span> <span class='ocrx_word' id='word_1_167' title='bbox 2236 1966 2421 2024; x_wconf 86' lang='lat' dir='ltr'><strong>partes</strong></span> <span class='ocrx_word' id='word_1_168' title='bbox 2457 1954 2511 2007; x_wconf 93' lang='lat' dir='ltr'><strong>in</strong></span> <span class='ocrx_word' id='word_1_169' title='bbox 2543 1953 2650 2009; x_wconf 87' lang='lat' dir='ltr'><strong>hoc</strong></span> <span class='ocrx_word' id='word_1_170' title='bbox 2676 1968 2799 2009; x_wconf 88' lang='lat' dir='ltr'><strong>meo</strong></span> <span class='ocrx_word' id='word_1_171' title='bbox 2826 1954 2966 2007; x_wconf 87' lang='lat' dir='ltr'><strong>libro</strong></span> <span class='ocrx_word' id='word_1_172' title='bbox 3003 1955 3154 2009; x_wconf 90' lang='lat' dir='ltr'><strong>nolui</strong></span> <span class='ocrx_word' id='word_1_173' title='bbox 3190 1954 3452 2008; x_wconf 80' lang='lat' dir='ltr'><strong>recudete</strong></span> 
     </span>
    </p>
   </div>
   <div class='ocr_carea' id='block_1_18' title="bbox 160 2026 1097 2097">
    <p class='ocr_par' dir='ltr' id='par_1_18' title="bbox 160 2026 1097 2097">
     <span class='ocr_line' id='line_1_18' title="bbox 160 2026 1097 2097; baseline 0.003 -21"><span class='ocrx_word' id='word_1_174' title='bbox 160 2043 301 2097; x_wconf 69' lang='lat' dir='ltr'><strong>qua:</strong></span> <span class='ocrx_word' id='word_1_175' title='bbox 330 2027 481 2097; x_wconf 88' lang='lat' dir='ltr'><strong>apud</strong></span> <span class='ocrx_word' id='word_1_176' title='bbox 515 2027 775 2083; x_wconf 88' lang='lat' dir='ltr'><strong>Cosmam</strong></span> <span class='ocrx_word' id='word_1_177' title='bbox 814 2026 1097 2096; x_wconf 79' lang='lat' dir='ltr'><strong>leguntur.</strong></span> 
     </span>
    </p>
   </div>
   <div class='ocr_carea' id='block_1_19' title="bbox 218 2251 3439 2281">
    <p class='ocr_par' dir='ltr' id='par_1_19' title="bbox 218 2251 3439 2281">
     <span class='ocr_line' id='line_1_19' title="bbox 218 2251 3439 2281; baseline -0.001 -9"><span class='ocrx_word' id='word_1_178' title='bbox 218 2251 3439 2281; x_wconf 52' lang='lat' dir='ltr'><em>m</em></span> 
     </span>
    </p>
   </div>
   <div class='ocr_carea' id='block_1_20' title="bbox 490 2444 3128 2542">
    <p class='ocr_par' dir='ltr' id='par_1_20' title="bbox 490 2444 3128 2542">
     <span class='ocr_line' id='line_1_20' title="bbox 490 2444 3128 2542; baseline -0.002 0"><span class='ocrx_word' id='word_1_179' title='bbox 490 2456 721 2542; x_wconf 90' lang='grc' dir='ltr'><strong>ΤΟΥ</strong></span> <span class='ocrx_word' id='word_1_180' title='bbox 777 2455 1045 2541; x_wconf 89' lang='grc' dir='ltr'><strong>ΑΒΒΑ</strong></span> <span class='ocrx_word' id='word_1_181' title='bbox 1116 2452 1576 2540; x_wconf 84' lang='grc' dir='ltr'><strong>ΝΟΝΝΟΥ</strong></span> <span class='ocrx_word' id='word_1_182' title='bbox 1632 2450 2227 2538; x_wconf 87' lang='grc' dir='ltr'><strong>ΣΥΝΑΓΩΓΗ</strong></span> <span class='ocrx_word' id='word_1_183' title='bbox 2301 2452 2498 2537; x_wconf 83' lang='grc' dir='ltr'><strong>ΚΑΙ</strong></span> <span class='ocrx_word' id='word_1_184' title='bbox 2570 2444 3128 2540; x_wconf 86' lang='grc' dir='ltr'><strong>ΕΞΗΓΗΣΙΣ</strong></span> 
     </span>
    </p>
   </div>
   <div class='ocr_carea' id='block_1_21' title="bbox 1314 2675 2309 2733">
    <p class='ocr_par' dir='ltr' id='par_1_21' title="bbox 1314 2675 2309 2733">
     <span class='ocr_line' id='line_1_21' title="bbox 1314 2675 2309 2733; baseline -0.002 -1"><span class='ocrx_word' id='word_1_185' title='bbox 1314 2677 1453 2732; x_wconf 85' lang='grc' dir='ltr'><strong>ΤΩΝ</strong></span> <span class='ocrx_word' id='word_1_186' title='bbox 1512 2675 1931 2733; x_wconf 81' lang='grc' dir='ltr'><strong>ΕΔΔΗΝΙΚΩΝ</strong></span> <span class='ocrx_word' id='word_1_187' title='bbox 1988 2675 2309 2731; x_wconf 82' lang='grc' dir='ltr'><strong>ΙΣΤΟΡΙΩΝ</strong></span> 
     </span>
    </p>
   </div>
   <div class='ocr_carea' id='block_1_22' title="bbox 172 2851 3451 2930">
    <p class='ocr_par' dir='ltr' id='par_1_22' title="bbox 172 2851 3451 2930">
     <span class='ocr_line' id='line_1_22' title="bbox 172 2851 3451 2930; baseline -0 -18"><span class='ocrx_word' id='word_1_188' title='bbox 172 2851 279 2912; x_wconf 79' lang='grc' dir='ltr'>Ὧν</span> <span class='ocrx_word' id='word_1_189' title='bbox 315 2855 562 2929; x_wconf 78' lang='grc' dir='ltr'><strong>ἐμνήσθη</strong></span> <span class='ocrx_word' id='word_1_190' title='bbox 582 2860 610 2911; x_wconf 99' lang='lat'><strong>6</strong></span> <span class='ocrx_word' id='word_1_191' title='bbox 644 2858 917 2927; x_wconf 78' lang='grc' dir='ltr'>πάνσοφος</span> <span class='ocrx_word' id='word_1_192' title='bbox 942 2856 1036 2910; x_wconf 80' lang='grc' dir='ltr'>καὶ</span> <span class='ocrx_word' id='word_1_193' title='bbox 1065 2856 1127 2909; x_wconf 78' lang='grc' dir='ltr'>ἐν</span> <span class='ocrx_word' id='word_1_194' title='bbox 1146 2855 1323 2925; x_wconf 82' lang='grc' dir='ltr'><strong>ἁγίοις</strong></span> <span class='ocrx_word' id='word_1_195' title='bbox 1360 2853 1533 2926; x_wconf 80' lang='grc' dir='ltr'><strong>μέγας</strong></span> <span class='ocrx_word' id='word_1_196' title='bbox 1559 2854 1863 2927; x_wconf 85' lang='grc' dir='ltr'>Γρηγόριος</span> <span class='ocrx_word' id='word_1_197' title='bbox 1887 2856 1918 2910; x_wconf 91' lang='lat'><strong>6</strong></span> <span class='ocrx_word' id='word_1_198' title='bbox 1938 2854 2203 2925; x_wconf 86' lang='grc' dir='ltr'>Θεολόγος</span> <span class='ocrx_word' id='word_1_199' title='bbox 2232 2857 2315 2921; x_wconf 88' lang='grc' dir='ltr'><strong>εἰς</strong></span> <span class='ocrx_word' id='word_1_200' title='bbox 2342 2856 2437 2911; x_wconf 84' lang='grc' dir='ltr'>τὸν</span> <span class='ocrx_word' id='word_1_201' title='bbox 2458 2856 2781 2927; x_wconf 79' lang='grc' dir='ltr'>Ἐπιτάφιον</span> <span class='ocrx_word' id='word_1_202' title='bbox 2808 2854 2906 2909; x_wconf 81' lang='grc' dir='ltr'>τοῦ</span> <span class='ocrx_word' id='word_1_203' title='bbox 2939 2856 2996 2910; x_wconf 81' lang='grc' dir='ltr'>ὲν</span> <span class='ocrx_word' id='word_1_204' title='bbox 3034 2855 3210 2926; x_wconf 80' lang='grc' dir='ltr'>ἁγίοις</span> <span class='ocrx_word' id='word_1_205' title='bbox 3240 2858 3451 2930; x_wconf 71' lang='grc' dir='ltr'>[ἰατρὸς</span> 
     </span>
    </p>
   </div>
   <div class='ocr_carea' id='block_1_23' title="bbox 1310 2950 2305 3027">
    <p class='ocr_par' dir='ltr' id='par_1_23' title="bbox 1310 2950 2305 3027">
     <span class='ocr_line' id='line_1_23' title="bbox 1310 2950 2305 3027; baseline 0.003 -23"><span class='ocrx_word' id='word_1_206' title='bbox 1310 2953 1345 3024; x_wconf 85' lang='grc' dir='ltr'><strong>ή</strong></span> <span class='ocrx_word' id='word_1_207' title='bbox 1355 2950 1473 3022; x_wconf 85' lang='grc' dir='ltr'><strong>μῶν</strong></span> <span class='ocrx_word' id='word_1_208' title='bbox 1502 2950 1602 3006; x_wconf 76' lang='grc' dir='ltr'>καὶ</span> <span class='ocrx_word' id='word_1_209' title='bbox 1632 2951 1873 3025; x_wconf 78' lang='grc' dir='ltr'><strong>μεγάλου</strong></span> <span class='ocrx_word' id='word_1_210' title='bbox 1893 2951 2179 3007; x_wconf 87' lang='grc' dir='ltr'>Βασιλείου</span> <span class='ocrx_word' id='word_1_211' title='bbox 2204 2951 2305 3027; x_wconf 71' lang='grc' dir='ltr'><strong>(ὅ).</strong></span> 
     </span>
    </p>
   </div>
   <div class='ocr_carea' id='block_1_24' title="bbox 244 3273 3386 3375">
    <p class='ocr_par' dir='ltr' id='par_1_24' title="bbox 244 3273 3386 3375">
     <span class='ocr_line' id='line_1_24' title="bbox 244 3273 3386 3375; baseline 0.003 -9"><span class='ocrx_word' id='word_1_212' title='bbox 244 3276 643 3369; x_wconf 83' lang='lat' dir='ltr'><strong>NONNI</strong></span> <span class='ocrx_word' id='word_1_213' title='bbox 750 3273 1243 3365; x_wconf 80' lang='lat' dir='ltr'><strong>ABBATIS</strong></span> <span class='ocrx_word' id='word_1_214' title='bbox 1341 3273 2007 3371; x_wconf 83' lang='lat' dir='ltr'><strong>COLLECTIO</strong></span> <span class='ocrx_word' id='word_1_215' title='bbox 2126 3277 2276 3367; x_wconf 87' lang='grc' dir='ltr'>ΕΤ</span> <span class='ocrx_word' id='word_1_216' title='bbox 2390 3278 3386 3375; x_wconf 82' lang='lat' dir='ltr'><strong>INTERPBETATIO</strong></span> 
     </span>
    </p>
   </div>
   <div class='ocr_carea' id='block_1_25' title="bbox 1204 3476 2421 3553">
    <p class='ocr_par' dir='ltr' id='par_1_25' title="bbox 1204 3476 2421 3553">
     <span class='ocr_line' id='line_1_25' title="bbox 1204 3476 2421 3553; baseline 0 -14"><span class='ocrx_word' id='word_1_217' title='bbox 1204 3477 1357 3539; x_wconf 88' lang='lat' dir='ltr'><strong>HIS</strong></span> <span class='ocrx_word' id='word_1_218' title='bbox 1375 3477 1847 3539; x_wconf 84' lang='lat' dir='ltr'><strong>TORIARUM</strong></span> <span class='ocrx_word' id='word_1_219' title='bbox 1891 3476 2421 3553; x_wconf 66' lang='lat' dir='ltr'><strong>GRIECARUM,</strong></span> 
     </span>
    </p>
   </div>
   <div class='ocr_carea' id='block_1_26' title="bbox 177 3642 3448 3725">
    <p class='ocr_par' dir='ltr' id='par_1_26' title="bbox 177 3642 3448 3725">
     <span class='ocr_line' id='line_1_26' title="bbox 177 3642 3448 3725; baseline 0.001 -17"><span class='ocrx_word' id='word_1_220' title='bbox 177 3648 452 3721; x_wconf 81' lang='lat' dir='ltr'><strong>Quarum</strong></span> <span class='ocrx_word' id='word_1_221' title='bbox 482 3643 767 3708; x_wconf 86' lang='lat' dir='ltr'><strong>meminit</strong></span> <span class='ocrx_word' id='word_1_222' title='bbox 802 3644 1299 3723; x_wconf 83' lang='lat' dir='ltr'><strong>sapientissimus</strong></span> <span class='ocrx_word' id='word_1_223' title='bbox 1343 3649 1404 3705; x_wconf 90' lang='lat' dir='ltr'><strong>et</strong></span> <span class='ocrx_word' id='word_1_224' title='bbox 1443 3642 1608 3704; x_wconf 87' lang='lat' dir='ltr'><strong>inter</strong></span> <span class='ocrx_word' id='word_1_225' title='bbox 1647 3648 1894 3704; x_wconf 85' lang='lat' dir='ltr'><strong>sanctos</strong></span> <span class='ocrx_word' id='word_1_226' title='bbox 1936 3660 2199 3721; x_wconf 78' lang='lat' dir='ltr'><strong>magnus</strong></span> <span class='ocrx_word' id='word_1_227' title='bbox 2224 3642 2562 3721; x_wconf 82' lang='lat' dir='ltr'><strong>Gregorius</strong></span> <span class='ocrx_word' id='word_1_228' title='bbox 2580 3642 2939 3725; x_wconf 78' lang='lat' dir='ltr'><strong>Theologus</strong></span> <span class='ocrx_word' id='word_1_229' title='bbox 2979 3644 3045 3706; x_wconf 91' lang='lat' dir='ltr'><strong>in</strong></span> <span class='ocrx_word' id='word_1_230' title='bbox 3087 3644 3448 3710; x_wconf 78' lang='lat' dir='ltr'><strong>laudatione</strong></span> 
     </span>
    </p>
   </div>
   <div class='ocr_carea' id='block_1_27' title="bbox 1186 3744 2439 3809">
    <p class='ocr_par' dir='ltr' id='par_1_27' title="bbox 1186 3744 2439 3809">
     <span class='ocr_line' id='line_1_27' title="bbox 1186 3744 2439 3809; baseline -0.002 -1"><span class='ocrx_word' id='word_1_231' title='bbox 1186 3745 1435 3809; x_wconf 87' lang='lat' dir='ltr'><strong>funebri</strong></span> <span class='ocrx_word' id='word_1_232' title='bbox 1482 3744 1681 3807; x_wconf 83' lang='lat' dir='ltr'><strong>sancti</strong></span> <span class='ocrx_word' id='word_1_233' title='bbox 1723 3745 1919 3807; x_wconf 88' lang='lat' dir='ltr'><strong>Patris</strong></span> <span class='ocrx_word' id='word_1_234' title='bbox 1962 3744 2161 3807; x_wconf 88' lang='lat' dir='ltr'><strong>nostri</strong></span> <span class='ocrx_word' id='word_1_235' title='bbox 2206 3744 2439 3806; x_wconf 90' lang='lat' dir='ltr'><strong>Basilii.</strong></span> 
     </span>
    </p>
   </div>
   <div class='ocr_carea' id='block_1_28' title="bbox 251 4084 1761 4163">
    <p class='ocr_par' dir='ltr' id='par_1_28' title="bbox 251 4084 1759 4160">
     <span class='ocr_line' id='line_1_28' title="bbox 251 4084 1759 4160; baseline -0.001 -16"><span class='ocrx_word' id='word_1_236' title='bbox 251 4091 314 4144; x_wconf 88' lang='grc' dir='ltr'>Οἰ</span> <span class='ocrx_word' id='word_1_237' title='bbox 354 4088 464 4143; x_wconf 82' lang='grc' dir='ltr'>τῶν</span> <span class='ocrx_word' id='word_1_238' title='bbox 504 4087 609 4153; x_wconf 78' lang='grc' dir='ltr'>ἐξω</span> <span class='ocrx_word' id='word_1_239' title='bbox 650 4084 873 4160; x_wconf 72' lang='grc' dir='ltr'>ῥήτορές</span> <span class='ocrx_word' id='word_1_240' title='bbox 906 4102 962 4138; x_wconf 87' lang='grc' dir='ltr'><strong>τε</strong></span> <span class='ocrx_word' id='word_1_241' title='bbox 1002 4085 1097 4138; x_wconf 75' lang='grc' dir='ltr'>καὶ</span> <span class='ocrx_word' id='word_1_242' title='bbox 1149 4086 1400 4154; x_wconf 73' lang='grc' dir='ltr'>σοφισταὶ</span> <span class='ocrx_word' id='word_1_243' title='bbox 1442 4085 1759 4158; x_wconf 87' lang='grc' dir='ltr'>βουλόμενοι</span> 
     </span>
    </p>
   </div>
   <div class='ocr_carea' id='block_1_29' title="bbox 1866 4084 3447 4163">
    <p class='ocr_par' dir='ltr' id='par_1_29' title="bbox 1934 4088 3447 4163">
     <span class='ocr_line' id='line_1_29' title="bbox 1934 4088 3447 4163; baseline 0.003 -20"><span class='ocrx_word' id='word_1_244' title='bbox 1934 4088 2202 4147; x_wconf 81' lang='lat' dir='ltr'><strong>Rhetores</strong></span> <span class='ocrx_word' id='word_1_245' title='bbox 2236 4098 2290 4147; x_wconf 84' lang='lat' dir='ltr'><strong>et</strong></span> <span class='ocrx_word' id='word_1_246' title='bbox 2320 4089 2583 4159; x_wconf 59' lang='lat' dir='ltr'><strong>sophista!</strong></span> <span class='ocrx_word' id='word_1_247' title='bbox 2624 4089 2841 4159; x_wconf 83' lang='lat' dir='ltr'><strong>profani</strong></span> <span class='ocrx_word' id='word_1_248' title='bbox 2880 4104 2939 4145; x_wconf 89' lang='lat' dir='ltr'><strong>ea</strong></span> <span class='ocrx_word' id='word_1_249' title='bbox 2967 4100 3149 4147; x_wconf 89' lang='lat' dir='ltr'><strong>mente</strong></span> <span class='ocrx_word' id='word_1_250' title='bbox 3183 4100 3261 4159; x_wconf 89' lang='lat' dir='ltr'><strong>ut,</strong></span> <span class='ocrx_word' id='word_1_251' title='bbox 3288 4108 3447 4163; x_wconf 87' lang='lat' dir='ltr'><strong>quem</strong></span> 
     </span>
    </p>
   </div>
   <div class='ocr_carea' id='block_1_30' title="bbox 176 4176 1757 4253">
    <p class='ocr_par' dir='ltr' id='par_1_30' title="bbox 176 4176 1757 4253">
     <span class='ocr_line' id='line_1_30' title="bbox 176 4176 1757 4253; baseline 0.008 -28"><span class='ocrx_word' id='word_1_252' title='bbox 176 4185 269 4239; x_wconf 61' lang='grc' dir='ltr'><strong>τὸν</strong></span> <span class='ocrx_word' id='word_1_253' title='bbox 292 4179 773 4253; x_wconf 69' lang='grc' dir='ltr'>ἐγκωμιαζόμενον</span> <span class='ocrx_word' id='word_1_254' title='bbox 798 4178 925 4249; x_wconf 84' lang='grc' dir='ltr'>παρ’</span> <span class='ocrx_word' id='word_1_255' title='bbox 950 4176 1130 4232; x_wconf 82' lang='grc' dir='ltr'>αὐτῶν</span> <span class='ocrx_word' id='word_1_256' title='bbox 1156 4180 1539 4247; x_wconf 77' lang='grc' dir='ltr'>εὐγενέστατον</span> <span class='ocrx_word' id='word_1_257' title='bbox 1563 4181 1757 4247; x_wconf 79' lang='grc' dir='ltr'>δεῖξαι,</span> 
     </span>
    </p>
   </div>
   <div class='ocr_carea' id='block_1_31' title="bbox 176 4268 1761 4347">
    <p class='ocr_par' dir='ltr' id='par_1_31' title="bbox 176 4268 1761 4347">
     <span class='ocr_line' id='line_1_31' title="bbox 176 4268 1761 4347; baseline -0.004 -13"><span class='ocrx_word' id='word_1_258' title='bbox 176 4282 447 4347; x_wconf 82' lang='grc' dir='ltr'>λέγουσιν,</span> <span class='ocrx_word' id='word_1_259' title='bbox 477 4276 551 4339; x_wconf 83' lang='grc' dir='ltr'>ὡς</span> <span class='ocrx_word' id='word_1_260' title='bbox 594 4268 748 4336; x_wconf 72' lang='grc' dir='ltr'>οὗτος</span> <span class='ocrx_word' id='word_1_261' title='bbox 780 4273 840 4327; x_wconf 82' lang='grc' dir='ltr'><strong>τὸ</strong></span> <span class='ocrx_word' id='word_1_262' title='bbox 881 4272 1036 4341; x_wconf 87' lang='grc' dir='ltr'>γένος</span> <span class='ocrx_word' id='word_1_263' title='bbox 1067 4273 1329 4340; x_wconf 70' lang='grc' dir='ltr'>κατάγει,</span> <span class='ocrx_word' id='word_1_264' title='bbox 1364 4274 1412 4326; x_wconf 88' lang='grc' dir='ltr'><strong>εἰ</strong></span> <span class='ocrx_word' id='word_1_265' title='bbox 1446 4273 1619 4343; x_wconf 84' lang='grc' dir='ltr'>τύχοι,</span> <span class='ocrx_word' id='word_1_266' title='bbox 1653 4275 1761 4327; x_wconf 76' lang='grc' dir='ltr'><strong>ἀπὸ</strong></span> 
     </span>
    </p>
   </div>
   <div class='ocr_carea' id='block_1_32' title="bbox 176 4363 1763 4438">
    <p class='ocr_par' dir='ltr' id='par_1_32' title="bbox 176 4363 1763 4438">
     <span class='ocr_line' id='line_1_32' title="bbox 176 4363 1763 4438; baseline -0.004 -15"><span class='ocrx_word' id='word_1_267' title='bbox 176 4370 426 4431; x_wconf 85' lang='grc' dir='ltr'>Πέλοπος</span> <span class='ocrx_word' id='word_1_268' title='bbox 467 4368 500 4438; x_wconf 83' lang='grc' dir='ltr'>ἢ</span> <span class='ocrx_word' id='word_1_269' title='bbox 536 4367 848 4437; x_wconf 81' lang='grc' dir='ltr'>Κέκροπος,</span> <span class='ocrx_word' id='word_1_270' title='bbox 883 4364 917 4435; x_wconf 75' lang='grc' dir='ltr'><strong>ἢ</strong></span> <span class='ocrx_word' id='word_1_271' title='bbox 959 4363 1322 4435; x_wconf 83' lang='grc' dir='ltr'>Ἡρακλέους,</span> <span class='ocrx_word' id='word_1_272' title='bbox 1374 4363 1408 4437; x_wconf 78' lang='grc' dir='ltr'><strong>ἢ</strong></span> <span class='ocrx_word' id='word_1_273' title='bbox 1447 4365 1556 4417; x_wconf 84' lang='grc' dir='ltr'><strong>τῶν</strong></span> <span class='ocrx_word' id='word_1_274' title='bbox 1588 4364 1763 4418; x_wconf 84' lang='grc' dir='ltr'>ἄλλων</span> 
     </span>
    </p>
   </div>
   <div class='ocr_carea' id='block_1_33' title="bbox 174 4454 1763 4532">
    <p class='ocr_par' dir='ltr' id='par_1_33' title="bbox 174 4454 1763 4532">
     <span class='ocr_line' id='line_1_33' title="bbox 174 4454 1763 4532; baseline -0.005 -15"><span class='ocrx_word' id='word_1_275' title='bbox 174 4464 288 4518; x_wconf 80' lang='grc' dir='ltr'><strong>τῶν</strong></span> <span class='ocrx_word' id='word_1_276' title='bbox 318 4461 684 4532; x_wconf 79' lang='grc' dir='ltr'>νομισθέντων</span> <span class='ocrx_word' id='word_1_277' title='bbox 713 4457 930 4531; x_wconf 78' lang='grc' dir='ltr'>ἡρώων,</span> <span class='ocrx_word' id='word_1_278' title='bbox 964 4456 996 4527; x_wconf 84' lang='grc' dir='ltr'>ἦ</span> <span class='ocrx_word' id='word_1_279' title='bbox 1037 4458 1131 4509; x_wconf 72' lang='grc' dir='ltr'><strong>καὶ</strong></span> <span class='ocrx_word' id='word_1_280' title='bbox 1180 4456 1355 4519; x_wconf 85' lang='grc' dir='ltr'>ἄλλως</span> <span class='ocrx_word' id='word_1_281' title='bbox 1381 4473 1499 4520; x_wconf 84' lang='grc' dir='ltr'><strong>πως</strong></span> <span class='ocrx_word' id='word_1_282' title='bbox 1540 4454 1763 4526; x_wconf 78' lang='grc' dir='ltr'>ἀγαθῶν</span> 
     </span>
    </p>
   </div>
   <div class='ocr_carea' id='block_1_34' title="bbox 173 4546 1763 4629">
    <p class='ocr_par' dir='ltr' id='par_1_34' title="bbox 173 4546 1763 4629">
     <span class='ocr_line' id='line_1_34' title="bbox 173 4546 1763 4629; baseline -0.005 -18"><span class='ocrx_word' id='word_1_283' title='bbox 173 4557 489 4629; x_wconf 78' lang='grc' dir='ltr'>γενομένων</span> <span class='ocrx_word' id='word_1_284' title='bbox 513 4554 743 4626; x_wconf 84' lang='grc' dir='ltr'>ἀνδρῶν.</span> <span class='ocrx_word' id='word_1_285' title='bbox 772 4551 939 4623; x_wconf 71' lang='grc' dir='ltr'>Φησίν</span> <span class='ocrx_word' id='word_1_286' title='bbox 974 4546 1066 4605; x_wconf 79' lang='grc' dir='ltr'>οὖν</span> <span class='ocrx_word' id='word_1_287' title='bbox 1104 4550 1133 4603; x_wconf 89' lang='lat'><strong>6</strong></span> <span class='ocrx_word' id='word_1_288' title='bbox 1165 4549 1306 4613; x_wconf 85' lang='grc' dir='ltr'>θεῖος</span> <span class='ocrx_word' id='word_1_289' title='bbox 1333 4550 1652 4621; x_wconf 83' lang='grc' dir='ltr'>Γρηγορίος,</span> <span class='ocrx_word' id='word_1_290' title='bbox 1681 4550 1763 4604; x_wconf 79' lang='grc' dir='ltr'>ὅτι</span> 
     </span>
    </p>
   </div>
   <div class='ocr_carea' id='block_1_35' title="bbox 173 4642 1763 4715">
    <p class='ocr_par' dir='ltr' id='par_1_35' title="bbox 173 4642 1763 4715">
     <span class='ocr_line' id='line_1_35' title="bbox 173 4642 1763 4715; baseline -0.004 -11"><span class='ocrx_word' id='word_1_291' title='bbox 173 4654 224 4705; x_wconf 86' lang='grc' dir='ltr'><strong>οἱ</strong></span> <span class='ocrx_word' id='word_1_292' title='bbox 253 4649 351 4703; x_wconf 73' lang='grc' dir='ltr'>τοῦ</span> <span class='ocrx_word' id='word_1_293' title='bbox 385 4648 665 4701; x_wconf 82' lang='grc' dir='ltr'>θειοτάτου</span> <span class='ocrx_word' id='word_1_294' title='bbox 700 4644 985 4698; x_wconf 85' lang='grc' dir='ltr'>Βασιλείου</span> <span class='ocrx_word' id='word_1_295' title='bbox 1016 4643 1381 4715; x_wconf 84' lang='grc' dir='ltr'>προπάτορες,</span> <span class='ocrx_word' id='word_1_296' title='bbox 1414 4642 1635 4713; x_wconf 73' lang='grc' dir='ltr'>μείζους</span> <span class='ocrx_word' id='word_1_297' title='bbox 1666 4644 1763 4698; x_wconf 74' lang='grc' dir='ltr'>καὶ</span> 
     </span>
    </p>
   </div>
   <div class='ocr_carea' id='block_1_36' title="bbox 173 4734 1765 4811">
    <p class='ocr_par' dir='ltr' id='par_1_36' title="bbox 173 4734 1765 4811">
     <span class='ocr_line' id='line_1_36' title="bbox 173 4734 1765 4811; baseline -0.004 -15"><span class='ocrx_word' id='word_1_298' title='bbox 173 4742 552 4811; x_wconf 76' lang='grc' dir='ltr'>εὐγενέστεροι</span> <span class='ocrx_word' id='word_1_299' title='bbox 584 4736 724 4810; x_wconf 81' lang='grc' dir='ltr'>ἦσαν</span> <span class='ocrx_word' id='word_1_300' title='bbox 758 4738 867 4791; x_wconf 82' lang='grc' dir='ltr'><strong>τῶν</strong></span> <span class='ocrx_word' id='word_1_301' title='bbox 899 4735 1273 4808; x_wconf 80' lang='grc' dir='ltr'>νομιζομένων</span> <span class='ocrx_word' id='word_1_302' title='bbox 1317 4735 1468 4807; x_wconf 84' lang='grc' dir='ltr'>παρὰ</span> <span class='ocrx_word' id='word_1_303' title='bbox 1509 4738 1619 4801; x_wconf 85' lang='grc' dir='ltr'>τοῖς</span> <span class='ocrx_word' id='word_1_304' title='bbox 1660 4734 1765 4800; x_wconf 79' lang='grc' dir='ltr'>ἔξω</span> 
     </span>
    </p>
   </div>
   <div class='ocr_carea' id='block_1_37' title="bbox 173 4825 1765 4905">
    <p class='ocr_par' dir='ltr' id='par_1_37' title="bbox 173 4825 1765 4905">
     <span class='ocr_line' id='line_1_37' title="bbox 173 4825 1765 4905; baseline -0.006 -16"><span class='ocrx_word' id='word_1_305' title='bbox 173 4834 439 4905; x_wconf 79' lang='grc' dir='ltr'>εὐγενῶν.</span> <span class='ocrx_word' id='word_1_306' title='bbox 473 4831 583 4884; x_wconf 74' lang='grc' dir='ltr'>Καὶ</span> <span class='ocrx_word' id='word_1_307' title='bbox 614 4833 640 4882; x_wconf 89' lang='lat'><strong>6</strong></span> <span class='ocrx_word' id='word_1_308' title='bbox 673 4831 771 4900; x_wconf 83' lang='grc' dir='ltr'><strong>μὲν</strong></span> <span class='ocrx_word' id='word_1_309' title='bbox 802 4828 928 4892; x_wconf 85' lang='grc' dir='ltr'>νοῦς</span> <span class='ocrx_word' id='word_1_310' title='bbox 956 4825 1050 4881; x_wconf 76' lang='grc' dir='ltr'>τοῦ</span> <span class='ocrx_word' id='word_1_311' title='bbox 1083 4827 1240 4897; x_wconf 81' lang='grc' dir='ltr'>ἁγίου</span> <span class='ocrx_word' id='word_1_312' title='bbox 1271 4826 1576 4898; x_wconf 83' lang='grc' dir='ltr'>Γρηγορίου</span> <span class='ocrx_word' id='word_1_313' title='bbox 1602 4825 1765 4880; x_wconf 83' lang='grc' dir='ltr'>τοῦτο</span> 
     </span>
    </p>
   </div>
   <div class='ocr_carea' id='block_1_38' title="bbox 176 4912 1761 4999">
    <p class='ocr_par' dir='ltr' id='par_1_38' title="bbox 176 4912 1761 4999">
     <span class='ocr_line' id='line_1_38' title="bbox 176 4912 1761 4999; baseline -0.006 -19"><span class='ocrx_word' id='word_1_314' title='bbox 176 4926 451 4999; x_wconf 75' lang='grc' dir='ltr'>βούλεται.</span> <span class='ocrx_word' id='word_1_315' title='bbox 489 4923 679 4977; x_wconf 85' lang='grc' dir='ltr'>Εἰπείν</span> <span class='ocrx_word' id='word_1_316' title='bbox 726 4922 783 4974; x_wconf 78' lang='grc' dir='ltr'><strong>δὲ</strong></span> <span class='ocrx_word' id='word_1_317' title='bbox 831 4922 913 4974; x_wconf 85' lang='grc' dir='ltr'><strong>δεῖ</strong></span> <span class='ocrx_word' id='word_1_318' title='bbox 954 4920 1097 4983; x_wconf 86' lang='grc' dir='ltr'>τίνες</span> <span class='ocrx_word' id='word_1_319' title='bbox 1124 4912 1301 4973; x_wconf 71' lang='grc' dir='ltr'>οὗτοιο</span> <span class='ocrx_word' id='word_1_320' title='bbox 1335 4916 1467 4985; x_wconf 73' lang='grc' dir='ltr'>οἷον,</span> <span class='ocrx_word' id='word_1_321' title='bbox 1501 4921 1530 4973; x_wconf 94' lang='lat'><strong>6</strong></span> <span class='ocrx_word' id='word_1_322' title='bbox 1560 4918 1761 4988; x_wconf 79' lang='grc' dir='ltr'>Πέλοψ,</span> 
     </span>
    </p>
   </div>
   <div class='ocr_carea' id='block_1_39' title="bbox 174 5010 1762 5086">
    <p class='ocr_par' dir='ltr' id='par_1_39' title="bbox 174 5010 1762 5086">
     <span class='ocr_line' id='line_1_39' title="bbox 174 5010 1762 5086; baseline -0.006 -12"><span class='ocrx_word' id='word_1_323' title='bbox 174 5019 273 5075; x_wconf 77' lang='grc' dir='ltr'>καὶ</span> <span class='ocrx_word' id='word_1_324' title='bbox 305 5021 334 5071; x_wconf 89' lang='grc' dir='ltr'>ὁ</span> <span class='ocrx_word' id='word_1_325' title='bbox 368 5015 613 5086; x_wconf 72' lang='grc' dir='ltr'>Κέκροψ,</span> <span class='ocrx_word' id='word_1_326' title='bbox 649 5014 744 5068; x_wconf 76' lang='grc' dir='ltr'><strong>καὶ</strong></span> <span class='ocrx_word' id='word_1_327' title='bbox 791 5012 1136 5082; x_wconf 84' lang='grc' dir='ltr'>Ἀλκμαίων,</span> <span class='ocrx_word' id='word_1_328' title='bbox 1179 5012 1271 5065; x_wconf 76' lang='grc' dir='ltr'><strong>καὶ</strong></span> <span class='ocrx_word' id='word_1_329' title='bbox 1296 5014 1323 5064; x_wconf 90' lang='lat'><strong>6</strong></span> <span class='ocrx_word' id='word_1_330' title='bbox 1368 5010 1675 5083; x_wconf 83' lang='grc' dir='ltr'>Ἡρακλῆς’</span> <span class='ocrx_word' id='word_1_331' title='bbox 1714 5012 1762 5064; x_wconf 80' lang='grc' dir='ltr'><strong>οξ</strong></span> 
     </span>
    </p>
   </div>
   <div class='ocr_carea' id='block_1_40' title="bbox 173 5102 1761 5185">
    <p class='ocr_par' dir='ltr' id='par_1_40' title="bbox 173 5102 1761 5185">
     <span class='ocr_line' id='line_1_40' title="bbox 173 5102 1761 5185; baseline -0.006 -20"><span class='ocrx_word' id='word_1_332' title='bbox 173 5113 284 5185; x_wconf 80' lang='grc' dir='ltr'>γὰρ</span> <span class='ocrx_word' id='word_1_333' title='bbox 319 5109 527 5163; x_wconf 82' lang='grc' dir='ltr'>τούτων</span> <span class='ocrx_word' id='word_1_334' title='bbox 574 5108 831 5174; x_wconf 82' lang='grc' dir='ltr'>ἀπόγονοι</span> <span class='ocrx_word' id='word_1_335' title='bbox 882 5105 1131 5173; x_wconf 80' lang='grc' dir='ltr'>λέγονται</span> <span class='ocrx_word' id='word_1_336' title='bbox 1166 5105 1351 5157; x_wconf 80' lang='grc' dir='ltr'>λοιπὸν</span> <span class='ocrx_word' id='word_1_337' title='bbox 1382 5104 1490 5157; x_wconf 83' lang='grc' dir='ltr'>ἀπὸ</span> <span class='ocrx_word' id='word_1_338' title='bbox 1533 5103 1634 5174; x_wconf 84' lang='grc' dir='ltr'><strong>μὲν</strong></span> <span class='ocrx_word' id='word_1_339' title='bbox 1667 5102 1761 5155; x_wconf 80' lang='grc' dir='ltr'>τοῦ</span> 
     </span>
    </p>
   </div>
   <div class='ocr_carea' id='block_1_41' title="bbox 176 5195 1760 5267">
    <p class='ocr_par' dir='ltr' id='par_1_41' title="bbox 176 5195 1760 5267">
     <span class='ocr_line' id='line_1_41' title="bbox 176 5195 1760 5267; baseline -0.007 -8"><span class='ocrx_word' id='word_1_340' title='bbox 176 5205 424 5266; x_wconf 85' lang='grc' dir='ltr'>Πέλοπος</span> <span class='ocrx_word' id='word_1_341' title='bbox 458 5200 772 5262; x_wconf 76' lang='grc' dir='ltr'>Πελοπίδαι,</span> <span class='ocrx_word' id='word_1_342' title='bbox 804 5200 852 5251; x_wconf 89' lang='grc' dir='ltr'>οἰ</span> <span class='ocrx_word' id='word_1_343' title='bbox 890 5198 942 5250; x_wconf 74' lang='grc' dir='ltr'><strong>δὲ</strong></span> <span class='ocrx_word' id='word_1_344' title='bbox 973 5197 1081 5251; x_wconf 76' lang='grc' dir='ltr'><strong>ἀπὸ</strong></span> <span class='ocrx_word' id='word_1_345' title='bbox 1113 5195 1205 5249; x_wconf 82' lang='grc' dir='ltr'>τοῦ</span> <span class='ocrx_word' id='word_1_346' title='bbox 1234 5196 1519 5267; x_wconf 82' lang='grc' dir='ltr'>Κέκροπος</span> <span class='ocrx_word' id='word_1_347' title='bbox 1546 5196 1760 5267; x_wconf 86' lang='grc' dir='ltr'>Κεκρο-</span> 
     </span>
    </p>
   </div>
   <div class='ocr_carea' id='block_1_42' title="bbox 175 5288 1762 5360">
    <p class='ocr_par' dir='ltr' id='par_1_42' title="bbox 175 5288 1762 5360">
     <span class='ocr_line' id='line_1_42' title="bbox 175 5288 1762 5360; baseline -0.004 -11"><span class='ocrx_word' id='word_1_348' title='bbox 175 5296 354 5357; x_wconf 81' lang='grc' dir='ltr'>πίδαι,</span> <span class='ocrx_word' id='word_1_349' title='bbox 386 5294 436 5346; x_wconf 87' lang='grc' dir='ltr'>οἰ</span> <span class='ocrx_word' id='word_1_350' title='bbox 464 5292 521 5345; x_wconf 71' lang='grc' dir='ltr'><strong>δὲ</strong></span> <span class='ocrx_word' id='word_1_351' title='bbox 553 5290 662 5345; x_wconf 80' lang='grc' dir='ltr'><strong>ἀπὸ</strong></span> <span class='ocrx_word' id='word_1_352' title='bbox 695 5289 788 5343; x_wconf 76' lang='grc' dir='ltr'>τοῦ</span> <span class='ocrx_word' id='word_1_353' title='bbox 829 5288 1203 5360; x_wconf 81' lang='grc' dir='ltr'>Ἀλκμαίωνος</span> <span class='ocrx_word' id='word_1_354' title='bbox 1239 5289 1683 5359; x_wconf 82' lang='grc' dir='ltr'>Ἀλκμαιωνίδαι,</span> <span class='ocrx_word' id='word_1_355' title='bbox 1712 5290 1762 5342; x_wconf 88' lang='grc' dir='ltr'><strong>οἰ</strong></span> 
     </span>
    </p>
   </div>
   <div class='ocr_carea' id='block_1_43' title="bbox 175 5380 1761 5455">
    <p class='ocr_par' dir='ltr' id='par_1_43' title="bbox 175 5380 1761 5455">
     <span class='ocr_line' id='line_1_43' title="bbox 175 5380 1761 5455; baseline -0.004 -13"><span class='ocrx_word' id='word_1_356' title='bbox 175 5390 228 5443; x_wconf 81' lang='grc' dir='ltr'><strong>δὲ</strong></span> <span class='ocrx_word' id='word_1_357' title='bbox 267 5387 378 5442; x_wconf 79' lang='grc' dir='ltr'><strong>ἀπὸ</strong></span> <span class='ocrx_word' id='word_1_358' title='bbox 410 5384 505 5439; x_wconf 80' lang='grc' dir='ltr'>τοῦ</span> <span class='ocrx_word' id='word_1_359' title='bbox 560 5384 897 5455; x_wconf 81' lang='grc' dir='ltr'>Ἡρακλέους</span> <span class='ocrx_word' id='word_1_360' title='bbox 949 5380 1338 5454; x_wconf 82' lang='grc' dir='ltr'>Ἡρακλεῖδαι,</span> <span class='ocrx_word' id='word_1_361' title='bbox 1385 5382 1480 5436; x_wconf 70' lang='grc' dir='ltr'>καὶ</span> <span class='ocrx_word' id='word_1_362' title='bbox 1522 5381 1630 5435; x_wconf 83' lang='grc' dir='ltr'><strong>ἀπὸ</strong></span> <span class='ocrx_word' id='word_1_363' title='bbox 1665 5381 1761 5436; x_wconf 82' lang='grc' dir='ltr'>τοῦ</span> 
     </span>
    </p>
   </div>
   <div class='ocr_carea' id='block_1_44' title="bbox 175 5479 694 5536">
    <p class='ocr_par' dir='ltr' id='par_1_44' title="bbox 175 5479 694 5536">
     <span class='ocr_line' id='line_1_44' title="bbox 175 5479 694 5536; baseline -0.01 0"><span class='ocrx_word' id='word_1_364' title='bbox 175 5480 383 5536; x_wconf 78' lang='grc' dir='ltr'>Αἰακοῦ</span> <span class='ocrx_word' id='word_1_365' title='bbox 413 5479 670 5533; x_wconf 75' lang='grc' dir='ltr'>Αἰακίδαι</span> <span class='ocrx_word' id='word_1_366' title='bbox 682 5518 694 5532; x_wconf 93' lang='grc'><strong>.</strong></span> 
     </span>
    </p>
   </div>
   <div class='ocr_carea' id='block_1_45' title="bbox 248 5628 1430 5719">
    <p class='ocr_par' dir='ltr' id='par_1_45' title="bbox 248 5628 1430 5719">
     <span class='ocr_line' id='line_1_45' title="bbox 248 5628 1430 5719; baseline -0.004 0"><span class='ocrx_word' id='word_1_367' title='bbox 248 5630 327 5719; x_wconf 63' lang='lat' dir='ltr'><strong>Si?</strong></span> <span class='ocrx_word' id='word_1_368' title='bbox 369 5630 754 5719; x_wconf 58' lang='grc' dir='ltr'><strong>ἓξὲξὲρίςίίεθτ</strong></span> <span class='ocrx_word' id='word_1_369' title='bbox 787 5630 933 5719; x_wconf 62' lang='lat'><strong>’30?&quot;-</strong></span> <span class='ocrx_word' id='word_1_370' title='bbox 955 5628 1227 5719; x_wconf 54' lang='lat' dir='ltr'><strong>.&quot;r.5_7f°,-</strong></span> <span class='ocrx_word' id='word_1_371' title='bbox 1289 5698 1430 5719; x_wconf 64' lang='grc' dir='ltr'><strong>νυν</strong></span> 
     </span>
    </p>
   </div>
   <div class='ocr_carea' id='block_1_46' title="bbox 177 5696 1749 5844">
    <p class='ocr_par' dir='ltr' id='par_1_46' title="bbox 177 5696 1749 5844">
     <span class='ocr_line' id='line_1_46' title="bbox 246 5696 1749 5772; baseline -0.003 -15"><span class='ocrx_word' id='word_1_372' title='bbox 246 5696 327 5771; x_wconf 68' lang='grc' dir='ltr'><strong>ίῖ)</strong></span> <span class='ocrx_word' id='word_1_373' title='bbox 373 5699 505 5756; x_wconf 85' lang='lat' dir='ltr'><strong>Vide</strong></span> <span class='ocrx_word' id='word_1_374' title='bbox 534 5696 761 5771; x_wconf 69' lang='lat' dir='ltr'><strong>hujusce</strong></span> <span class='ocrx_word' id='word_1_375' title='bbox 782 5702 1103 5772; x_wconf 70' lang='lat' dir='ltr'><strong>Palrologiae</strong></span> <span class='ocrx_word' id='word_1_376' title='bbox 1124 5710 1253 5758; x_wconf 89' lang='lat' dir='ltr'><strong>tom.</strong></span> <span class='ocrx_word' id='word_1_377' title='bbox 1289 5696 1578 5766; x_wconf 74' lang='lat' dir='ltr'><strong>XXXVIII,</strong></span> <span class='ocrx_word' id='word_1_378' title='bbox 1608 5696 1749 5771; x_wconf 86' lang='lat' dir='ltr'><strong>Opp.</strong></span> 
     </span>
     <span class='ocr_line' id='line_1_47' title="bbox 177 5771 730 5844; baseline -0.004 -16"><span class='ocrx_word' id='word_1_379' title='bbox 177 5772 428 5844; x_wconf 68' lang='lat' dir='ltr'><strong>Gregorii</strong></span> <span class='ocrx_word' id='word_1_380' title='bbox 474 5783 607 5827; x_wconf 85' lang='lat' dir='ltr'><strong>tom.</strong></span> <span class='ocrx_word' id='word_1_381' title='bbox 644 5771 730 5827; x_wconf 67' lang='grc' dir='ltr'><strong>ιγ.</strong></span> 
     </span>
    </p>
   </div>
   <div class='ocr_carea' id='block_1_47' title="bbox 1863 4180 3448 4253">
    <p class='ocr_par' dir='ltr' id='par_1_47' title="bbox 1863 4180 3448 4253">
     <span class='ocr_line' id='line_1_48' title="bbox 1863 4180 3448 4253; baseline 0.001 -18"><span class='ocrx_word' id='word_1_382' title='bbox 1863 4182 2171 4244; x_wconf 86' lang='lat' dir='ltr'><strong>celebrant,</strong></span> <span class='ocrx_word' id='word_1_383' title='bbox 2214 4182 2486 4236; x_wconf 83' lang='lat' dir='ltr'><strong>natalibus</strong></span> <span class='ocrx_word' id='word_1_384' title='bbox 2528 4180 2737 4234; x_wconf 90' lang='lat' dir='ltr'><strong>clarum</strong></span> <span class='ocrx_word' id='word_1_385' title='bbox 2786 4180 3099 4249; x_wconf 86' lang='lat' dir='ltr'><strong>ostendant,</strong></span> <span class='ocrx_word' id='word_1_386' title='bbox 3147 4198 3213 4236; x_wconf 79' lang='lat' dir='ltr'><strong>ex</strong></span> <span class='ocrx_word' id='word_1_387' title='bbox 3249 4198 3448 4253; x_wconf 81' lang='lat' dir='ltr'><strong>genere</strong></span> 
     </span>
    </p>
   </div>
   <div class='ocr_carea' id='block_1_48' title="bbox 1866 4272 3448 4343">
    <p class='ocr_par' dir='ltr' id='par_1_48' title="bbox 1866 4272 3448 4343">
     <span class='ocr_line' id='line_1_49' title="bbox 1866 4272 3448 4343; baseline -0.001 -16"><span class='ocrx_word' id='word_1_388' title='bbox 1866 4289 2029 4341; x_wconf 89' lang='lat' dir='ltr'><strong>eum,</strong></span> <span class='ocrx_word' id='word_1_389' title='bbox 2078 4273 2376 4328; x_wconf 88' lang='lat' dir='ltr'><strong>dummodo</strong></span> <span class='ocrx_word' id='word_1_390' title='bbox 2422 4274 2493 4327; x_wconf 90' lang='lat' dir='ltr'><strong>ita</strong></span> <span class='ocrx_word' id='word_1_391' title='bbox 2538 4272 2654 4326; x_wconf 73' lang='lat' dir='ltr'><strong>fieri</strong></span> <span class='ocrx_word' id='word_1_392' title='bbox 2709 4272 2907 4342; x_wconf 85' lang='lat' dir='ltr'><strong>possit,</strong></span> <span class='ocrx_word' id='word_1_393' title='bbox 2951 4272 3037 4326; x_wconf 88' lang='lat' dir='ltr'><strong>vel</strong></span> <span class='ocrx_word' id='word_1_394' title='bbox 3078 4272 3324 4343; x_wconf 81' lang='lat' dir='ltr'><strong>PeIOpis,</strong></span> <span class='ocrx_word' id='word_1_395' title='bbox 3356 4284 3448 4326; x_wconf 88' lang='lat' dir='ltr'><strong>aut</strong></span> 
     </span>
    </p>
   </div>
   <div class='ocr_carea' id='block_1_49' title="bbox 1863 4364 3447 4437">
    <p class='ocr_par' dir='ltr' id='par_1_49' title="bbox 1863 4364 3447 4437">
     <span class='ocr_line' id='line_1_50' title="bbox 1863 4364 3447 4437; baseline -0.001 -14"><span class='ocrx_word' id='word_1_396' title='bbox 1863 4367 2122 4437; x_wconf 87' lang='lat' dir='ltr'><strong>Cecropis</strong></span> <span class='ocrx_word' id='word_1_397' title='bbox 2165 4366 2468 4435; x_wconf 88' lang='lat' dir='ltr'><strong>alieujusve</strong></span> <span class='ocrx_word' id='word_1_398' title='bbox 2516 4381 2582 4420; x_wconf 83' lang='lat' dir='ltr'><strong>ex</strong></span> <span class='ocrx_word' id='word_1_399' title='bbox 2635 4365 2758 4420; x_wconf 89' lang='lat' dir='ltr'><strong>aliis</strong></span> <span class='ocrx_word' id='word_1_400' title='bbox 2805 4378 2905 4435; x_wconf 90' lang='lat' dir='ltr'><strong>pro</strong></span> <span class='ocrx_word' id='word_1_401' title='bbox 2944 4364 3205 4420; x_wconf 88' lang='lat' dir='ltr'><strong>heroibus</strong></span> <span class='ocrx_word' id='word_1_402' title='bbox 3248 4364 3447 4421; x_wconf 78' lang='lat' dir='ltr'><strong>habitis</strong></span> 
     </span>
    </p>
   </div>
   <div class='ocr_carea' id='block_1_50' title="bbox 1863 4458 3447 4529">
    <p class='ocr_par' dir='ltr' id='par_1_50' title="bbox 1863 4458 3447 4529">
     <span class='ocr_line' id='line_1_51' title="bbox 1863 4458 3447 4529; baseline -0.001 -15"><span class='ocrx_word' id='word_1_403' title='bbox 1863 4461 1947 4515; x_wconf 89' lang='lat' dir='ltr'><strong>vel</strong></span> <span class='ocrx_word' id='word_1_404' title='bbox 1987 4475 2051 4514; x_wconf 80' lang='lat' dir='ltr'><strong>ex</strong></span> <span class='ocrx_word' id='word_1_405' title='bbox 2103 4460 2235 4514; x_wconf 81' lang='lat' dir='ltr'><strong>viris</strong></span> <span class='ocrx_word' id='word_1_406' title='bbox 2284 4460 2375 4528; x_wconf 94' lang='lat' dir='ltr'><strong>qui</strong></span> <span class='ocrx_word' id='word_1_407' title='bbox 2420 4472 2641 4529; x_wconf 87' lang='lat' dir='ltr'><strong>quoquo</strong></span> <span class='ocrx_word' id='word_1_408' title='bbox 2684 4458 2844 4512; x_wconf 86' lang='lat' dir='ltr'><strong>modo</strong></span> <span class='ocrx_word' id='word_1_409' title='bbox 2884 4472 3123 4527; x_wconf 89' lang='lat' dir='ltr'><strong>unquam</strong></span> <span class='ocrx_word' id='word_1_410' title='bbox 3172 4459 3447 4513; x_wconf 82' lang='lat' dir='ltr'><strong>inclarue-</strong></span> 
     </span>
    </p>
   </div>
   <div class='ocr_carea' id='block_1_51' title="bbox 1866 4542 3445 4622">
    <p class='ocr_par' dir='ltr' id='par_1_51' title="bbox 1866 4542 3445 4622">
     <span class='ocr_line' id='line_1_52' title="bbox 1866 4542 3445 4622; baseline 0.001 -19"><span class='ocrx_word' id='word_1_411' title='bbox 1866 4562 2012 4616; x_wconf 90' lang='lat' dir='ltr'><strong>runt,</strong></span> <span class='ocrx_word' id='word_1_412' title='bbox 2038 4550 2336 4605; x_wconf 88' lang='lat' dir='ltr'><strong>declarant.</strong></span> <span class='ocrx_word' id='word_1_413' title='bbox 2373 4550 2560 4606; x_wconf 77' lang='lat' dir='ltr'><strong>Refert</strong></span> <span class='ocrx_word' id='word_1_414' title='bbox 2590 4542 2757 4621; x_wconf 81' lang='lat' dir='ltr'><strong>igitur</strong></span> <span class='ocrx_word' id='word_1_415' title='bbox 2805 4549 2964 4605; x_wconf 86' lang='lat' dir='ltr'><strong>divus</strong></span> <span class='ocrx_word' id='word_1_416' title='bbox 2990 4548 3287 4621; x_wconf 81' lang='lat' dir='ltr'><strong>Gregorius</strong></span> <span class='ocrx_word' id='word_1_417' title='bbox 3319 4566 3445 4622; x_wconf 88' lang='lat' dir='ltr'><strong>pro-</strong></span> 
     </span>
    </p>
   </div>
   <div class='ocr_carea' id='block_1_52' title="bbox 1865 4642 3444 4714">
    <p class='ocr_par' dir='ltr' id='par_1_52' title="bbox 1865 4642 3444 4714">
     <span class='ocr_line' id='line_1_53' title="bbox 1865 4642 3444 4714; baseline 0 -17"><span class='ocrx_word' id='word_1_418' title='bbox 1865 4648 2139 4714; x_wconf 75' lang='lat' dir='ltr'><strong>genitores</strong></span> <span class='ocrx_word' id='word_1_419' title='bbox 2192 4643 2527 4699; x_wconf 87' lang='lat' dir='ltr'><strong>sanctissimi</strong></span> <span class='ocrx_word' id='word_1_420' title='bbox 2591 4642 2775 4697; x_wconf 89' lang='lat' dir='ltr'><strong>Basilii</strong></span> <span class='ocrx_word' id='word_1_421' title='bbox 2826 4658 2893 4697; x_wconf 85' lang='lat' dir='ltr'><strong>ex</strong></span> <span class='ocrx_word' id='word_1_422' title='bbox 3004 4643 3073 4697; x_wconf 91' lang='lat' dir='ltr'><strong>iis</strong></span> <span class='ocrx_word' id='word_1_423' title='bbox 3130 4642 3301 4699; x_wconf 79' lang='lat' dir='ltr'><strong>fuisse</strong></span> <span class='ocrx_word' id='word_1_424' title='bbox 3352 4645 3444 4714; x_wconf 92' lang='lat' dir='ltr'><strong>qui</strong></span> 
     </span>
    </p>
   </div>
   <div class='ocr_carea' id='block_1_53' title="bbox 1864 4735 3446 4807">
    <p class='ocr_par' dir='ltr' id='par_1_53' title="bbox 1864 4735 3446 4807">
     <span class='ocr_line' id='line_1_54' title="bbox 1864 4735 3446 4807; baseline 0.002 -18"><span class='ocrx_word' id='word_1_425' title='bbox 1864 4736 1996 4790; x_wconf 89' lang='lat' dir='ltr'><strong>clari</strong></span> <span class='ocrx_word' id='word_1_426' title='bbox 2044 4743 2097 4791; x_wconf 86' lang='lat' dir='ltr'><strong>et</strong></span> <span class='ocrx_word' id='word_1_427' title='bbox 2137 4737 2346 4792; x_wconf 88' lang='lat' dir='ltr'><strong>nobiles</strong></span> <span class='ocrx_word' id='word_1_428' title='bbox 2378 4736 2521 4807; x_wconf 90' lang='lat' dir='ltr'><strong>apud</strong></span> <span class='ocrx_word' id='word_1_429' title='bbox 2556 4736 2805 4791; x_wconf 88' lang='lat' dir='ltr'><strong>ethnicos</strong></span> <span class='ocrx_word' id='word_1_430' title='bbox 2840 4735 3196 4793; x_wconf 87' lang='lat' dir='ltr'><strong>habebantur.</strong></span> <span class='ocrx_word' id='word_1_431' title='bbox 3234 4736 3298 4791; x_wconf 84' lang='lat' dir='ltr'><strong>Et</strong></span> <span class='ocrx_word' id='word_1_432' title='bbox 3332 4737 3446 4792; x_wconf 69' lang='lat' dir='ltr'><strong>haec</strong></span> 
     </span>
    </p>
   </div>
   <div class='ocr_carea' id='block_1_54' title="bbox 1863 4828 3446 4901">
    <p class='ocr_par' dir='ltr' id='par_1_54' title="bbox 1863 4828 3446 4901">
     <span class='ocr_line' id='line_1_55' title="bbox 1863 4828 3446 4901; baseline 0.002 -17"><span class='ocrx_word' id='word_1_433' title='bbox 1863 4838 1948 4884; x_wconf 91' lang='lat' dir='ltr'><strong>est</strong></span> <span class='ocrx_word' id='word_1_434' title='bbox 1977 4845 2131 4884; x_wconf 89' lang='lat' dir='ltr'><strong>mens</strong></span> <span class='ocrx_word' id='word_1_435' title='bbox 2159 4830 2271 4885; x_wconf 89' lang='lat' dir='ltr'><strong>divi</strong></span> <span class='ocrx_word' id='word_1_436' title='bbox 2310 4828 2578 4901; x_wconf 79' lang='lat' dir='ltr'><strong>Gregorii.</strong></span> <span class='ocrx_word' id='word_1_437' title='bbox 2611 4831 2681 4883; x_wconf 84' lang='lat' dir='ltr'><strong>At</strong></span> <span class='ocrx_word' id='word_1_438' title='bbox 2728 4830 2950 4899; x_wconf 89' lang='lat' dir='ltr'><strong>quinam</strong></span> <span class='ocrx_word' id='word_1_439' title='bbox 2993 4832 3103 4885; x_wconf 87' lang='lat' dir='ltr'><strong>sint</strong></span> <span class='ocrx_word' id='word_1_440' title='bbox 3144 4830 3234 4886; x_wconf 88' lang='lat' dir='ltr'><strong>isti</strong></span> <span class='ocrx_word' id='word_1_441' title='bbox 3264 4831 3446 4887; x_wconf 83' lang='lat' dir='ltr'><strong>dicere</strong></span> 
     </span>
    </p>
   </div>
   <div class='ocr_carea' id='block_1_55' title="bbox 1863 4921 3447 4996">
    <p class='ocr_par' dir='ltr' id='par_1_55' title="bbox 1863 4921 3447 4996">
     <span class='ocr_line' id='line_1_56' title="bbox 1863 4921 3447 4996; baseline 0.002 -18"><span class='ocrx_word' id='word_1_442' title='bbox 1863 4930 2098 4992; x_wconf 85' lang='lat' dir='ltr'><strong>oportet.</strong></span> <span class='ocrx_word' id='word_1_443' title='bbox 2132 4922 2347 4993; x_wconf 85' lang='lat' dir='ltr'><strong>Pelops.</strong></span> <span class='ocrx_word' id='word_1_444' title='bbox 2378 4924 2637 4992; x_wconf 84' lang='lat' dir='ltr'><strong>Cecrops,</strong></span> <span class='ocrx_word' id='word_1_445' title='bbox 2662 4922 2958 4988; x_wconf 77' lang='lat' dir='ltr'><strong>Alcnucon,</strong></span> <span class='ocrx_word' id='word_1_446' title='bbox 2994 4921 3286 4980; x_wconf 79' lang='lat' dir='ltr'><strong>Hercules:</strong></span> <span class='ocrx_word' id='word_1_447' title='bbox 3311 4941 3447 4996; x_wconf 61' lang='lat' dir='ltr'><strong>quov</strong></span> 
     </span>
    </p>
   </div>
   <div class='ocr_carea' id='block_1_56' title="bbox 1864 5013 3447 5087">
    <p class='ocr_par' dir='ltr' id='par_1_56' title="bbox 1864 5013 3447 5087">
     <span class='ocr_line' id='line_1_57' title="bbox 1864 5013 3447 5087; baseline -0.001 -16"><span class='ocrx_word' id='word_1_448' title='bbox 1864 5031 1983 5071; x_wconf 89' lang='lat' dir='ltr'><strong>rum</strong></span> <span class='ocrx_word' id='word_1_449' title='bbox 2021 5016 2224 5086; x_wconf 89' lang='lat' dir='ltr'><strong>posteri</strong></span> <span class='ocrx_word' id='word_1_450' title='bbox 2250 5015 2342 5069; x_wconf 88' lang='lat' dir='ltr'><strong>alii</strong></span> <span class='ocrx_word' id='word_1_451' title='bbox 2380 5013 2652 5086; x_wconf 77' lang='lat' dir='ltr'><strong>Pelopidze</strong></span> <span class='ocrx_word' id='word_1_452' title='bbox 2686 5031 2716 5069; x_wconf 94' lang='lat' dir='ltr'><strong>a</strong></span> <span class='ocrx_word' id='word_1_453' title='bbox 2750 5014 2967 5085; x_wconf 81' lang='lat' dir='ltr'><strong>Pelope,</strong></span> <span class='ocrx_word' id='word_1_454' title='bbox 3009 5015 3100 5070; x_wconf 89' lang='lat' dir='ltr'><strong>alii</strong></span> <span class='ocrx_word' id='word_1_455' title='bbox 3129 5015 3447 5087; x_wconf 71' lang='lat' dir='ltr'><strong>CecrOpidae</strong></span> 
     </span>
    </p>
   </div>
   <div class='ocr_carea' id='block_1_57' title="bbox 1864 5105 3447 5176">
    <p class='ocr_par' dir='ltr' id='par_1_57' title="bbox 1864 5105 3447 5176">
     <span class='ocr_line' id='line_1_58' title="bbox 1864 5105 3447 5176; baseline 0.001 -16"><span class='ocrx_word' id='word_1_456' title='bbox 1864 5122 1893 5160; x_wconf 89' lang='lat' dir='ltr'><strong>a</strong></span> <span class='ocrx_word' id='word_1_457' title='bbox 1934 5105 2204 5176; x_wconf 83' lang='lat' dir='ltr'><strong>CecrOpe,</strong></span> <span class='ocrx_word' id='word_1_458' title='bbox 2256 5107 2636 5163; x_wconf 64' lang='lat' dir='ltr'><strong>Alcmmonidaz</strong></span> <span class='ocrx_word' id='word_1_459' title='bbox 2679 5107 2806 5169; x_wconf 89' lang='lat' dir='ltr'><strong>alii,</strong></span> <span class='ocrx_word' id='word_1_460' title='bbox 2860 5107 2929 5161; x_wconf 90' lang='lat' dir='ltr'><strong>ab</strong></span> <span class='ocrx_word' id='word_1_461' title='bbox 2988 5108 3327 5170; x_wconf 70' lang='lat' dir='ltr'><strong>Alcmaeone,</strong></span> <span class='ocrx_word' id='word_1_462' title='bbox 3376 5108 3447 5162; x_wconf 86' lang='lat' dir='ltr'><strong>ab</strong></span> 
     </span>
    </p>
   </div>
   <div class='ocr_carea' id='block_1_58' title="bbox 1866 5199 3446 5264">
    <p class='ocr_par' dir='ltr' id='par_1_58' title="bbox 1866 5199 3446 5264">
     <span class='ocr_line' id='line_1_59' title="bbox 1866 5199 3446 5264; baseline 0 -11"><span class='ocrx_word' id='word_1_463' title='bbox 1866 5200 2150 5256; x_wconf 87' lang='lat' dir='ltr'><strong>Heraclide</strong></span> <span class='ocrx_word' id='word_1_464' title='bbox 2210 5202 2299 5254; x_wconf 90' lang='lat' dir='ltr'><strong>alii</strong></span> <span class='ocrx_word' id='word_1_465' title='bbox 2363 5200 2693 5264; x_wconf 75' lang='lat' dir='ltr'><strong>Heraclidae,</strong></span> <span class='ocrx_word' id='word_1_466' title='bbox 2761 5211 2815 5256; x_wconf 88' lang='lat' dir='ltr'><strong>et</strong></span> <span class='ocrx_word' id='word_1_467' title='bbox 2882 5203 3101 5256; x_wconf 88' lang='lat' dir='ltr'><strong>tandem</strong></span> <span class='ocrx_word' id='word_1_468' title='bbox 3159 5202 3228 5255; x_wconf 85' lang='lat' dir='ltr'><strong>ab</strong></span> <span class='ocrx_word' id='word_1_469' title='bbox 3271 5199 3446 5255; x_wconf 65' lang='lat' dir='ltr'><strong>Eaco</strong></span> 
     </span>
    </p>
   </div>
   <div class='ocr_carea' id='block_1_59' title="bbox 1862 5291 2896 5364">
    <p class='ocr_par' dir='ltr' id='par_1_59' title="bbox 1862 5291 2896 5364">
     <span class='ocr_line' id='line_1_60' title="bbox 1862 5291 2896 5364; baseline -0.001 -18"><span class='ocrx_word' id='word_1_470' title='bbox 1862 5291 2105 5347; x_wconf 66' lang='lat' dir='ltr'><strong>Aiacidaa</strong></span> <span class='ocrx_word' id='word_1_471' title='bbox 2131 5293 2221 5347; x_wconf 88' lang='lat' dir='ltr'><strong>alii</strong></span> <span class='ocrx_word' id='word_1_472' title='bbox 2254 5293 2484 5364; x_wconf 86' lang='lat' dir='ltr'><strong>posthac</strong></span> <span class='ocrx_word' id='word_1_473' title='bbox 2521 5293 2896 5348; x_wconf 90' lang='lat' dir='ltr'><strong>nominantur.</strong></span> 
     </span>
    </p>
   </div>
   <div class='ocr_carea' id='block_1_60' title="bbox 1892 5623 3438 5757">
    <p class='ocr_par' dir='ltr' id='par_1_60' title="bbox 1892 5623 3438 5757">
     <span class='ocr_line' id='line_1_61' title="bbox 1892 5623 3438 5757; baseline -0.006 -69"><span class='ocrx_word' id='word_1_474' title='bbox 2048 5628 2238 5686; x_wconf 83' lang='lat' dir='ltr'><strong>Oratio</strong></span> <span class='ocrx_word' id='word_1_475' title='bbox 2281 5626 2478 5691; x_wconf 76' lang='lat' dir='ltr'><strong>XLI&quot;,</strong></span> <span class='ocrx_word' id='word_1_476' title='bbox 2525 5628 2656 5683; x_wconf 90' lang='lat' dir='ltr'><strong>olim</strong></span> <span class='ocrx_word' id='word_1_477' title='bbox 2707 5624 2932 5690; x_wconf 70' lang='lat' dir='ltr'><strong>XXXII,</strong></span> <span class='ocrx_word' id='word_1_478' title='bbox 2988 5640 3110 5696; x_wconf 79' lang='lat' dir='ltr'><strong>pag.</strong></span> <span class='ocrx_word' id='word_1_479' title='bbox 3160 5623 3258 5678; x_wconf 84' lang='lat'><strong>769</strong></span> <span class='ocrx_word' id='word_1_480' title='bbox 3307 5634 3438 5679; x_wconf 77' lang='lat' dir='ltr'><strong>nov.</strong></span> 
     </span>
     <span class='ocr_line' id='line_1_62' title="bbox 1933 5721 1990 5757; baseline 0.035 -2"><span class='ocrx_word' id='word_1_481' title='bbox 1933 5721 1943 5755; x_wconf 93' lang='lat' dir='ltr'><strong>l</strong></span> <span class='ocrx_word' id='word_1_482' title='bbox 1977 5743 1990 5757; x_wconf 94' lang='lat'><strong>.</strong></span> 
     </span>
    </p>
   </div>
   <div class='ocr_carea' id='block_1_61' title="bbox 1859 5717 1990 5759">
    <p class='ocr_par' dir='ltr' id='par_1_61' title="bbox 1859 5717 1990 5759">
     <span class='ocr_line' id='line_1_63' title="bbox 1859 5717 1990 5759; baseline 0.008 -1"><span class='ocrx_word' id='word_1_483' title='bbox 1859 5717 1990 5759; x_wconf 77' lang='grc' dir='ltr'>εαιι.</span> 
     </span>
    </p>
   </div>
  </div>
