4018 6296
256 266 389 321 NG]

786 376 848 431 δ’.
884 377 1023 444 Περὶ
1056 379 1299 431 Αἰακοῦ.

170 530 183 537 _
326 455 500 528 Οὗτος
526 464 639 528 υίὸς
673 464 891 535 ἐλέγετο
925 461 1063 518 εἶναι
1083 466 1178 519 τοῦ
1216 467 1358 530 Διὸς,
1380 468 1585 532 δίκαιος
1632 470 1698 523 τά
1728 470 1832 541 μά-

248 556 437 609 λιστα.
484 555 577 609 Διὸ
623 556 755 609 ποτὲ
792 557 1054 629 ἁϐροχίας
1082 558 1382 629 γενομένης
1406 561 1465 613 ὲν
1494 563 1559 631 τῇ
1599 561 1829 624 Ἑλλάδι,

243 642 421 718 ἦλθον
453 646 592 717 πρὸς
618 646 782 701 αὐτὸν
805 648 855 700 οἱ
883 646 1227 717 προεστῶτες
1254 648 1363 703 τῶν
1390 649 1617 714 πόλεων,
1655 667 1833 721 παρα-

244 721 553 803 καλοῦντες
576 737 837 805 εὐξασθαι
856 738 935 810 τῷ
959 739 1074 810 ἰδίῳ
1095 740 1283 810 πατρὶ,
1304 741 1392 794 ἵνα
1409 740 1633 812 γένηται
1656 742 1828 804 ύετός.

256 829 322 881 'U
351 828 411 881 δὲ
439 829 571 891 στὰς
601 830 696 881 καὶ
724 829 1034 899 εὐξάμενος,
1071 828 1227 882 ἔλυσε
1253 830 1340 884 διὰ
1376 831 1476 901 τῆς
1511 832 1676 903 εὐχῆς
1706 832 1831 895 τοὺς

243 919 520 989 αὐχμοὺς,
552 921 647 974 καὶ
694 920 970 992 κατερρύη
1003 921 1148 993 ὕδωρ
1186 923 1406 986 ποτίζον
1436 923 1533 995 τὴν
1568 923 1793 977 Ἐλλάδα
1813 942 1827 955 ο

248 1013 497 1082 μάλιστα
526 1015 582 1067 δὲ
632 1015 727 1068 καὶ
779 1015 843 1067 ὲκ
885 1013 1075 1067 τούτου
1119 1017 1152 1084 ἡ
1196 1014 1445 1068 εὐσέϐεια
1494 1014 1706 1086 ἐδείχθη
1736 1014 1828 1068 τοῦ

244 1103 484 1157 Αἰακοῦ.
518 1100 682 1168 Οὗτος
723 1103 817 1158 οὖν
856 1109 1022 1178 γεννᾷ
1053 1108 1147 1162 δύο
1179 1111 1346 1175 υἱοὺς,
1380 1110 1471 1163 τὸν
1509 1110 1695 1179 Πηλέα
1738 1109 1831 1163 καὶ

242 1195 343 1248 τὸν
375 1196 704 1266 Τελαμῶνα·
726 1191 800 1251 ὧν
825 1184 975 1268 ὁμὲν
1003 1201 1215 1269 Πηλεὺς
1238 1202 1412 1254 τίκτει
1436 1202 1526 1255 τὸν
1560 1202 1827 1272 Ἀχιλλέα,

243 1287 277 1338 ὁ
304 1285 362 1338 δὲ
390 1287 657 1356 Τελαμῶν
686 1287 780 1340 τὸν
808 1287 1035 1342 Αἴαντα.
1077 1290 1287 1353 Οἶτινες
1319 1292 1610 1345 ἐκαλοῦντο
1638 1293 1832 1345 Αἰακί-

243 1376 361 1440 δαι,
404 1379 503 1448 τὴν
545 1378 653 1431 ἀπὸ
697 1377 793 1432 τοῦ
829 1379 1056 1433 πάππου
1098 1381 1264 1454 τιμὴν
1298 1383 1363 1436 ὲκ
1406 1382 1596 1437 τούτου
1629 1400 1833 1455 προφε-

249 1471 496 1541 ρόμενοι.

704 1616 765 1666 ε’.
806 1611 947 1681 Περὶ
983 1611 1370 1681 Ἡρακλέους.

323 1691 495 1764 Οὗτος
542 1699 761 1769 λέγεται
812 1702 926 1767 υἱὸς
976 1704 1259 1773 γεγονέναι
1298 1704 1392 1757 τοῦ
1433 1704 1573 1769 Διός.
1629 1705 1688 1758 'O
1722 1706 1829 1778 γὰρ

245 1793 393 1856 Ζεὺς
444 1794 733 1864 ὁμοιωθεὶς
785 1796 865 1866 τῷ
928 1796 1333 1868 Ἀμφιτρύωνι,
1388 1796 1704 1865 συνεγένετο
1760 1800 1824 1867 τῇ

260 1885 579 1958 ’Δλκμήνῃο
625 1887 721 1939 καὶ
766 1888 1026 1959 ἐγεννήθη
1070 1891 1098 1941 6
1135 1888 1427 1960 Ἡρακλῆς,
1456 1888 1515 1951 ὃς
1563 1888 1657 1941 καὶ
1703 1890 1829 1953 τοὺς

248 1978 528 2046 μεγάλους
557 1978 802 2043 ἐκείνους
841 1979 1036 2045 ἄθλους
1066 1981 1305 2052 διήνυσε.
1338 1981 1531 2034 Πολλοὶ
1557 1976 1649 2034 οὖν
1673 1981 1829 2050 γεγό-

245 2085 412 2122 νασιν
452 2070 561 2124 ἀπὸ
616 2070 978 2142 Ἡρακλέους,
1022 2067 1098 2127 ὧν
1143 2072 1359 2143 πρῶτος
1407 2072 1501 2125 καὶ
1547 2071 1757 2138 ἔνδοξος
1800 2073 1829 2124 6

247 2159 468 2225 ’Υλλος,
519 2161 577 2227 ἐξ
629 2155 689 2215 οὗ
724 2161 818 2214 καὶ
858 2162 915 2214 ιοί
958 2162 1067 2215 τῶν
1104 2162 1543 2233 Λακεδαιμονίων
1590 2162 1829 2234 βασιλεῖς

257 2248 499 2322 Ίῐρακλε
508 2253 615 2306 ἰδαι
644 2253 917 2321 λέγονται.

286 2361 364 2421 ς’.
405 2356 545 2424 Περὶ
590 2356 702 2426 τῆς
746 2356 1197 2425 Ἐλαςρηϐόλου,
1228 2356 1331 2411 καί
1365 2357 1658 2426 Ὠρίωνος,
1688 2358 1788 2414 καὶ

863 2428 1229 2494 Ἀκταίωνος.

320 2539 436 2608 Τὴν
463 2540 527 2591 Ἀ
537 2556 727 2609 ρτεμιν
749 2538 966 2607 λέγουσι
988 2539 1087 2609 τῆς
1108 2539 1248 2592 κατὰ
1265 2538 1437 2609 θήραν
1457 2538 1665 2605 τοξείας
1689 2535 1828 2592 εἶναι

245 2629 465 2701 ἔφορον.
509 2630 739 2698 Λέγεται
768 2626 860 2683 οὖν
903 2628 1104 2701 αὐτηὴ
1143 2629 1262 2693 θεὸς
1308 2629 1524 2700 βάλλειν
1555 2631 1828 2702 εὐστόχως

244 2720 348 2783 τὰς
378 2719 644 2789 ἐλάφους,
675 2718 816 2772 ὥστε
866 2719 1101 2774 ἀκοῦσαι
1146 2720 1246 2790 τὴν
1274 2722 1539 2791 ’Ἄρτεμιν
1586 2715 1827 2794 Ἐλαφηὲ

245 2811 406 2866 ϐόλον
439 2810 581 2864 θεόν.
619 2812 675 2863 'O
716 2811 773 2863 δὲ
815 2812 1012 2881 Ὠρίων
1047 2813 1141 2865 καὶ
1180 2812 1209 2863 6
1252 2812 1517 2866 Ἀκταίων
1540 2853 1555 2878 ,
1596 2813 1828 2887 θηραταὶ

244 2904 344 2957 καὶ
381 2897 526 2957 οὗτοι
560 2903 826 2975 ὑπῆρχον.
866 2907 923 2957 ’0
956 2904 1055 2975 μὲν
1092 2901 1186 2959 οὖν
1231 2905 1495 2959 Ἀκταίων
1527 2908 1829 2979 κυνηγέτης

244 2990 338 3064 ἦν,
362 2996 456 3047 καὶ
485 2990 593 3047 εἶδε
620 2996 717 3067 τὴν
744 2996 907 3066 Ἀρτε
916 3014 1009 3067 μιν
1035 2998 1273 3069 γυμνήνσ
1298 2998 1332 3067 ἡ
1353 2996 1408 3049 δὲ
1435 2996 1551 3061 θεὸς
1573 2998 1829 3069 ἀθέμιτον

245 3087 408 3141 τοῦτο
440 3087 806 3158 ὑπολαϐοῦσα,
834 3089 893 3142 τὸ
926 3090 1051 3153 τοὺς
1081 3088 1235 3153 θεοὺς
1278 3089 1406 3142 [δεῖν
1438 3093 1701 3162 γυμνοὺς,
1732 3092 1827 3147 καὶ
1854 3110 1898 3169 c

247 3179 490 3251 μάλιστα
514 3179 612 3243 τάς
635 3179 957 3251 παρθένους,
983 3179 1299 3250 χολωθεῖσα,
1336 3182 1570 3252 μανῆναι
1604 3182 1825 3252 ἐποίησε

244 3276 375 3337 τοὺς
413 3273 583 3337 κύνας
623 3272 786 3326 αὐτοῦ
836 3272 930 3326 τοῦ
986 3272 1334 3337 Ἀκταίωνος,
1364 3274 1459 3327 καὶ
1511 3274 1587 3337 ὡς
1630 3274 1825 3344 ἔλαφον

245 3366 442 3437 ἔχοντα
492 3367 699 3437 κέρατα
735 3364 921 3438 ἑώρων
954 3365 1116 3419 αὐτὸν
1147 3367 1195 3419 οἱ
1235 3365 1430 3431 κύνες,
1471 3366 1643 3430 οὕτως
1684 3367 1826 3422 ὥστε

244 3456 501 3528 λέγεσθαι
551 3457 641 3513 τὸν
676 3456 979 3511 ’Δκταίωνα
1008 3457 1113 3510 ὑπὸ
1146 3457 1323 3511 κυνῶν
1369 3458 1618 3529 συρῆναι.
1649 3461 1762 3513 Καὶ
1800 3462 1828 3513 6

255 3552 452 3621 Ὠρίων
482 3550 559 3611 δὲ,
590 3543 745 3614 οὗτός
772 3551 918 3603 ἐστιν
943 3551 971 3601 6
1006 3550 1070 3603 ὲκ
1102 3548 1193 3602 τοῦ
1246 3550 1477 3622 οὐρῆσαι
1502 3552 1627 3614 τοὺς
1670 3552 1828 3615 θεοὺς

243 3645 306 3697 ὲν
333 3646 402 3715 τῇ
435 3642 610 3717 βύρσῃ
642 3640 738 3696 τοῦ
767 3642 885 3713 βοὸς
911 3640 1005 3695 τοῦ
1041 3641 1344 3711 σφαγέντος
1367 3642 1470 3696 ὐπὸ
1496 3643 1591 3697 τοῦ
1622 3643 1826 3707 Οἰνέως

243 3733 344 3787 τοῦ
377 3733 572 3804 Θηϐῶν
628 3733 894 3804 βασιλέως
931 3732 1023 3785 ἐπὶ
1069 3734 1135 3803 τῇ
1180 3732 1454 3805 φιλοξενίᾳ
1495 3733 1604 3787 τῶν
1648 3733 1822 3789 θεῶν’

196 3818 203 3823 ’
242 3828 543 3898 γενόμενος
572 3826 629 3880 δὲ
667 3826 878 3898 Ὠρίων,
907 3826 1002 3878 καὶ
1030 3823 1106 3878 ὣν
1134 3824 1451 3897 θηρολέτης,
1486 3826 1700 3898 ἠράσθη
1723 3827 1824 3899 τῆς

258 3917 592 3989 ’Δρτέμιδος.
625 3913 758 3970 Εἶτα
787 3919 819 3987 ἠ
850 3915 970 3979 θεὸς
991 3915 1330 3986 ὀργισθεῖσα,
1362 3918 1530 3989 ἀνῆκε
1562 3918 1821 3990 σκορπίον

244 4012 370 4066 κατ’
401 4008 588 4072 αὐτοῦ,
624 4010 718 4063 καὶ
749 4007 1036 4079 κρουσθεὶς
1067 3999 1222 4071 οὗτος
1255 4008 1492 4063 ἀπέθανε
1514 4027 1528 4041 ο
1557 4009 1638 4063 διό
1673 4012 1823 4063 ἐστιν

244 4105 307 4155 έν
342 4102 422 4172 τῷ
447 4099 681 4172 οὐρανῷ,
710 4100 785 4162 ὼς
810 4099 859 4152 οἱ
902 4097 1062 4169 μῦθοι
1095 4096 1333 4167 λέγουσι,
1369 4098 1507 4169 μετὰ
1541 4097 1633 4153 τοῦ
1662 4116 1820 4169 exop-

244 4195 399 4249 πίου.

667 4288 732 4352 ζ’.
773 4285 911 4353 Περὶ
948 4284 1055 4338 τοῦ
1091 4284 1401 4354 Πηγάσου.

315 4404 427 4473 Τῆς
472 4400 790 4472 Παταρικῆς
834 4399 1111 4470 Χιμαίρας
1160 4399 1526 4469 ἀναφυείσης,
1578 4399 1707 4468 περί
1752 4392 1821 4470 ἦς

245 4496 523 4569 μέμνηται
554 4495 646 4546 καὶ
675 4488 827 4556 οὗτος
858 4494 886 4545 6
928 4492 1068 4557 θεῖος
1098 4493 1397 4564 Γρηγόριος
1435 4493 1493 4544 ὲν
1532 4493 1644 4554 τοῖς
1669 4494 1818 4559 Στη-

244 4583 631 4649 ¹λιτευτικοῖς,
666 4585 723 4635 ὲν
763 4582 975 4653 ἱστορίᾳ
1011 4584 1382 4654 πεντηκοστῇ,
1425 4582 1520 4634 καὶ
1562 4580 1820 4651 λυμαινο-

244 4679 415 4751 μένης
449 4678 547 4748 τὴν
596 4676 779 4747 χώραν
809 4675 919 4727 τῶν
952 4675 1189 4738 Λυκίων,
1217 4675 1312 4727 καὶ
1339 4672 1433 4727 τοῦ
1468 4673 1695 4744 Προίτου
1725 4672 1820 4743 βα-

243 4770 547 4832 σιλεύοντος
577 4769 676 4838 τῆς
705 4767 929 4832 Λυκίας,
960 4766 1305 4837 προσετάχθη
1334 4768 1362 4819 6
1388 4766 1819 4838 Βελλεροφόντης

242 4864 562 4917 ἀποκτεῖναι
590 4860 687 4931 τὴν
712 4860 1012 4931 Χίμαιραν.
1039 4854 1148 4911 Ἦν
1178 4857 1234 4909 δὲ
1264 4857 1325 4911 τὸ
1368 4857 1575 4929 θηρίον,
1606 4858 1681 4921 ὡς
1724 4859 1823 4911 κά-

242 4958 393 5009 κεῖσε
446 4954 876 5023 παρεστήσαμεν
929 4951 1207 5005 τοιοῦτονο
1244 4949 1449 5021 πρόσθε
1511 4951 1608 5020 μὲν
1661 4949 1820 5014 λέων,

242 5044 466 5100 δπισθεν
495 5045 551 5097 δὲ
575 5044 812 5116 δράκων.
844 5043 1007 5115 μέσον
1037 5043 1093 5096 δὲ
1123 5041 1400 5114 Χίμαιρα·
1433 5040 1492 5105 ἐξ
1528 5034 1595 5112 ἧς
1624 5040 1824 5111 Χιμαί-

243 5156 345 5210 ρας
376 5138 436 5191 τὸ
467 5137 579 5208 πῦρ
608 5136 896 5199 ἀνεδίδοτο,
938 5133 1031 5187 καὶ
1058 5129 1126 5204 ἦν
1155 5132 1462 5186 δυσάλωτον
1508 5132 1567 5184 τὸ
1613 5130 1819 5203 θηρίον.

241 5230 346 5283 Τὸν
377 5231 546 5283 ἵππον
591 5225 686 5282 οὖν
736 5230 988 5299 Πήγασον
1024 5227 1088 5279 ἐκ
1132 5224 1255 5279 θεοῦ
1297 5224 1469 5297 εὐρὼν
1496 5227 1525 5278 6
1569 5223 1825 5296 Βελλερο-

243 5322 465 5393 φόντης,
508 5322 566 5385 ὃς
600 5321 817 5390 ἐλέγετο
853 5319 1001 5390 ἔχειν
1052 5317 1249 5390 πτερὰ,
1282 5318 1375 5371 καὶ
1405 5314 1547 5388 ὕδωρ
1578 5316 1685 5369 ἀπὸ
1715 5315 1822 5370 τῶν

240 5415 451 5485 ὀνύχων
506 5415 875 5478 ἀποστάζειν,
918 5411 1125 5474 ἐλθὼν,
1175 5411 1466 5482 σύμμαχον
1513 5408 1688 5482 εὐρὼν
1725 5409 1823 5479 τὴν

242 5508 445 5578 πτῆσιν
474 5507 568 5560 τοῦ
602 5508 793 5567 ἵππου,
834 5504 923 5559 διὰ
950 5504 1011 5557 τὸ
1045 5499 1184 5558 εἶναι
1220 5502 1517 5575 πτερωτὸν,
1545 5502 1621 5565 ὡς
1646 5495 1819 5565 εἷπον,

242 5601 336 5655 καὶ
368 5603 604 5670 σφαῖραν
639 5597 887 5669 μολίϐδου
922 5597 1166 5667 περιθεὶς
1199 5598 1257 5649 ὲν
1301 5595 1378 5663 τῷ
1411 5588 1566 5667 ἄκρῳ
1603 5592 1697 5647 τοῦ
1732 5593 1820 5647 δό-

1038 268 1131 323 AD
1171 269 1231 326 S.
1272 266 1599 325 GREGOBII
1636 267 1924 324 LAUDEM
1962 266 2334 324 FUNEDREM
2379 267 2437 324 S.
2478 266 2752 323 BASILII.

3377 265 3520 323 {059

2522 378 2578 433 4.
2615 376 2694 432 De
2725 376 2919 431 Λῐαοο.

2003 468 2211 523 Dicitur
2240 469 2329 523 ille
2355 468 2505 525 Jovis
2537 471 2679 525 filius
2706 479 2760 525 et
2787 486 2896 539 pra:
2917 471 3129 525 cateris
3157 470 3358 539 justus.
3391 467 3517 522 Ideo

1930 576 2053 615 cum
2077 561 2325 616 siccitate
2353 576 2680 631 magnopere
2699 562 2935 632 quodam
2967 576 3110 615 anno
3130 559 3335 616 Graecia
3366 561 3518 615 labo-

1930 658 2098 718 raret,
2139 651 2207 705 ad
2239 668 2363 706 eum
2406 663 2672 707 venerunt
2702 654 2985 708 civitatum
3020 669 3274 723 proceres
3304 654 3514 724 suppli-

1931 757 2022 798 ces
2080 751 2140 797 ut
2198 744 2497 814 genitorem
2556 752 2738 799 oraret
2784 760 2943 799 suum
2992 744 3062 798 ad
3108 745 3511 815 impetrandum

1930 833 2179 889 imbrem.
2217 834 2461 903 Surgens
2505 842 2559 889 et
2606 849 2771 889 orans
2817 834 3067 903 precibus
3116 837 3234 889 suis
3279 836 3509 891 siccitati

1932 923 2092 979 ﬁnem
2137 926 2418 996 imposuit,
2448 934 2503 979 et
2535 925 2733 979 cecidit
2773 924 2947 979 imber
2978 922 3239 979 Graeciam
3276 926 3509 997 irrigans

1931 1028 2093 1088 atque
2136 1020 2484 1088 refrigerans.
2516 1016 2593 1070 Ex
2624 1017 2729 1073 hoc
2758 1024 2937 1072 autem
2969 1024 3213 1089 tempore
3240 1020 3511 1074 celebrata

1931 1108 2033 1164 fuit
2059 1107 2217 1162 Aiaci
2245 1110 2437 1178 pietas.
2469 1105 2568 1160 Hic
2601 1106 2739 1161 duos
2769 1107 2907 1161 lilios
2929 1105 3146 1162 Peleum
3178 1116 3232 1162 et
3259 1107 3511 1163 Telamo-

1930 1214 2053 1254 nem
2083 1201 2297 1270 genuit;
2330 1199 2525 1254 Peleus
2563 1198 2749 1268 genuit
2789 1197 3077 1263 Achillem,
3110 1198 3367 1253 Telamon
3413 1213 3509 1270 ge-

1932 1291 2054 1344 nuit
2088 1291 2329 1360 Ajacem.
2356 1290 2457 1354 Qui
2484 1289 2819 1344 vocabantur
2849 1289 3109 1356 1Eacida3,
3129 1305 3194 1346 ex
3221 1291 3323 1346 hoc
3343 1292 3506 1346 etiam

1932 1379 2091 1434 abavi
2123 1379 2384 1435 memoria
2420 1379 2808 1435 commendati.

2490 1604 2547 1660 5.
2586 1605 2666 1661 De
2695 1605 2945 1662 Hercule.

2001 1696 2097 1752 Ille
2125 1696 2321 1753 dicitur
2360 1695 2531 1753 fuisse
2561 1696 2711 1755 Jovis
2761 1699 2938 1767 tilius;
2981 1697 3195 1768 Jupiter
3221 1698 3365 1752 enim
3404 1696 3509 1753 sub

1926 1786 2345 1860 Amphitryonis
2378 1789 2615 1860 imagine
2656 1800 2986 1858 congressus
3017 1796 3102 1844 est
3131 1803 3256 1844 cum
3290 1789 3508 1845 Alcme-

1929 1896 2040 1935 na:
2075 1882 2217 1937 unde
2260 1889 2425 1937 natus
2474 1891 2557 1937 est
2606 1880 2888 1943 Hercules.
2935 1881 3028 1951 qui
3071 1887 3250 1936 tantos
3291 1880 3505 1937 labores

1929 1970 2176 2040 perfecit.
2233 1971 2385 2026 Multi
2430 1986 2498 2027 ex
2554 1968 2786 2026 Hercule
2827 1971 2933 2025 orti
2973 1978 3128 2037 sunt,
3179 1971 3319 2026 inter
3368 1986 3506 2041 quos

1930 2064 2140 2133 primus
2192 2072 2246 2120 et
2294 2065 2451 2134 longe
2495 2064 2834 2120 clarissimus
2868 2063 3088 2134 Hyllus;
3134 2079 3200 2119 ex
3241 2080 3307 2119 eo
3342 2066 3508 2119 etiam

1928 2155 2459 2212 Lacedaamoniorum
2492 2172 2648 2229 reges
2679 2157 2981 2212 Heraclidae
3017 2165 3303 2213 vocantur.

2142 2341 2197 2400 6.
2240 2340 2319 2396 De
2354 2340 2694 2410 Elaphebolo,
2726 2306 2923 2397 Orione
2948 2351 2997 2397 et
3026 2342 3295 2400 Actwone.

1999 2515 2227 2571 Dianam
2262 2516 2455 2572 dicunt
2502 2518 2800 2574 venatoria:
2828 2519 2964 2574 artis
3010 2519 3295 2590 praesidem
3334 2528 3389 2577 et
3424 2538 3511 2578 so.

1928 2610 2054 2666 lerti
2086 2626 2252 2664 manu
2287 2611 2611 2682 transfigere
2636 2627 2852 2677 cervos,
2895 2614 3043 2669 unde
3076 2613 3180 2668 fuit
3222 2618 3507 2686 cognomi-

1929 2710 2057 2755 nata
2083 2700 2184 2756 dea
2226 2700 2615 2771 Elaphebolus.
2652 2702 2955 2760 Venatores
2999 2704 3225 2761 fuerunt
3255 2705 3423 2761 Orion
3456 2718 3511 2763 et

1927 2795 2173 2847 Actaeon.
2222 2793 2445 2848 Actaeon
2505 2796 2671 2865 igitur
2719 2805 2945 2851 venator
2994 2804 3147 2862 erat,
3191 2807 3246 2854 et
3300 2802 3507 2854 nudam

1929 2886 2143 2955 aspexit
2172 2883 2399 2938 Dianam
2420 2925 2436 2951 ,
2467 2900 2609 2956 quae,
2656 2886 2925 2941 nefarium
2965 2890 3146 2944 scelus
3180 2890 3282 2944 hoc
3316 2892 3508 2946 existi-

1929 2992 2086 3034 mans
2124 2978 2257 3034 deos
2285 2979 2461 3033 nudos
2491 2980 2766 3048 aSpicere,
2797 2989 2850 3034 et
2891 2981 3194 3050 praesertim
3236 2982 3506 3052 virgines,

1931 3069 1997 3123 ad
2040 3069 2413 3125 ulciscendam
2456 3070 2714 3140 injuriarn
2749 3071 2880 3127 fecit
2911 3087 3080 3128 canes
3113 3072 3389 3130 Actaaonis
3420 3090 3509 3129 ra-

1931 3161 2090 3217 bidos
2124 3171 2177 3217 et
2211 3170 2489 3224 amentes,
2524 3164 2616 3234 qui
2646 3164 2798 3217 illum
2832 3166 2991 3235 quasi
3033 3182 3253 3222 cervum
3302 3183 3508 3223 cornua

1931 3251 2222 3307 habentem
2260 3254 2533 3319 videntes,
2568 3263 2627 3309 ut
2668 3254 2869 3321 fertur,
2924 3258 3308 3315 laceraverunt
3344 3270 3508 3332 atque

1932 3352 2283 3399 voraverunt.
2316 3342 2484 3400 Orion
2514 3356 2694 3403 autem
2742 3358 2924 3402 ortum
2970 3350 3123 3405 ducit
3152 3368 3219 3407 ex
3256 3367 3321 3408 eo
3359 3355 3507 3424 quod

1933 3436 2249 3491 minxerunt
2280 3440 2465 3508 superi
2498 3440 2553 3492 in
2598 3440 2738 3509 pelle
2783 3441 2939 3495 bovis
2968 3442 3037 3497 ab
3076 3442 3262 3498 (Eneo
3291 3442 3507 3500 Theba-

1932 3543 2052 3582 rum
2104 3544 2232 3600 rege
2280 3531 2547 3585 immolati
2577 3533 2644 3586 ad
2680 3532 3028 3602 recipiendos
3072 3533 3313 3605 hospitio
3350 3536 3506 3594 deos.

1930 3617 2064 3676 Orto
2088 3636 2218 3692 ergo
2257 3619 2478 3687 Orione,
2517 3637 2643 3677 eum
2687 3622 2929 3679 ferarum
2984 3633 3129 3680 esset
3173 3625 3508 3693 destructor,

1927 3712 2201 3767 adamavit
2238 3729 2363 3769 eum
2394 3712 2587 3770 Diana.
2642 3714 2851 3771 Deinde
2894 3716 2997 3772 dea
3034 3716 3226 3774 furore
3273 3734 3506 3775 accensa

1927 3803 1984 3859 in
2017 3802 2171 3860 illum
2198 3807 2434 3877 projecit
2482 3808 2833 3878 scorpionem
2869 3824 2901 3863 a
2952 3824 3064 3880 quo
3113 3809 3303 3866 infelix
3338 3810 3507 3867 Orion

1927 3912 2168 3965 morsus,
2200 3900 2385 3955 emisit
2420 3900 2702 3971 spiritum.
2735 3900 3084 3973 Quapropter
3129 3903 3187 3958 in
3240 3904 3383 3960 ccelo
3424 3912 3505 3960 est

1928 4005 2054 4046 cum
2085 3991 2400 4062 scorpione,
2437 4000 2498 4048 ut
2524 3992 2859 4051 fabulantur.

2487 4284 2537 4337 7.
2581 4283 2660 4338 De
2690 4282 2918 4355 Pegaso.

1994 4396 2262 4451 Chimaera
2298 4396 2569 4463 Patarica,
2601 4414 2664 4454 ex
2714 4401 2891 4469 seipsa
2931 4409 3271 4467 renascente,
3302 4399 3369 4456 de
3399 4416 3504 4471 qua

1926 4486 1982 4541 in
2016 4485 2392 4553 Steliteuticis,
2429 4488 2482 4543 in
2512 4489 2965 4561 quinquagesima
3006 4492 3236 4547 historia
3276 4497 3504 4549 mentio-

1925 4596 2046 4636 nem
2081 4578 2211 4634 facit
2252 4581 2412 4637 divus
2435 4580 2752 4651 Gregorius,
2785 4584 3058 4652 regionem
3088 4584 3379 4657 Lyciorum
3411 4603 3502 4657 po-

1926 4676 2168 4745 pulante.
2200 4684 2463 4746 regnante
2489 4677 2543 4730 in
2582 4675 2749 4748 Lycia
2776 4676 2980 4742 Proeto,
3011 4676 3415 4750 Belleroplionti
3447 4690 3504 4735 ut

1926 4780 2044 4819 eam
2076 4765 2409 4820 interficeret
2450 4768 2766 4822 mandatum
2803 4776 2909 4823 est.
2948 4768 3075 4823 Erat
3119 4770 3334 4836 bellua,
3364 4773 3503 4828 sicut

1916 4857 2028 4927 jam
2073 4858 2442 4929 depinximus,
2487 4861 2652 4915 talis:
2685 4876 2715 4913 a
2775 4861 2953 4916 lronte
2992 4862 3097 4927 leo,
3132 4877 3162 4916 a
3193 4871 3347 4935 tergo
3380 4866 3502 4920 dra-

1922 4962 2009 5010 co,
2055 4950 2108 5003 in
2162 4950 2342 5004 medio
2389 4948 2657 5006 Chimaera
2700 4951 2818 5020 ipsa
2875 4952 3051 5022 ignem
3104 4954 3423 5025 projiciens,
3455 4965 3502 5012 et

1921 5037 2157 5096 diﬂicilis
2205 5051 2322 5095 erat
2365 5056 2623 5098 accessus
2669 5044 2736 5097 ad
2780 5058 2921 5098 eam.
2973 5044 3109 5098 Cum
3140 5043 3501 5116 Bellerophon:

1922 5133 2221 5188 inuenisset
2256 5132 2524 5205 Pegasum
2578 5134 2824 5190 divinum
2867 5151 3069 5207 equum
3116 5139 3207 5207 qui
3252 5139 3366 5193 alas
3412 5139 3503 5192 ha-

1925 5225 2052 5280 bere
2104 5225 2411 5291 dicebatur,
2460 5235 2514 5280 et
2562 5227 2761 5281 undam
2802 5229 3077 5298 unguibus
3117 5230 3320 5298 jacere,
3372 5245 3499 5285 UStt‘;

1923 5327 2006 5374 est
2038 5320 2196 5388 quasi
2231 5319 2507 5389 adjutorio
2538 5320 2640 5376 alis
2663 5321 2811 5391 equi,
2838 5330 2892 5376 et
2916 5322 3228 5392 plumbeam
3256 5323 3309 5374 in
3341 5338 3501 5391 supr-

1921 5413 2056 5466 riori
2090 5418 2245 5482 parte
2278 5412 2485 5467 lanceae
2518 5413 2802 5469 stabiliens
2842 5414 3111 5483 sphaeram
3144 5426 3308 5483 quam
3359 5412 3413 5465 in
3444 5427 3499 5466 os

1920 5500 2201 5556 Chimaerae
2247 5503 2508 5572 proiecit,
2557 5505 2777 5575 plumbo
2827 5521 2921 5575 per
2962 5505 3139 5575 ignem
3187 5502 3500 5573 liquefacto,

1922 5592 2124 5649 occidit
2145 5592 2494 5650 Chimaeram.

247 5711 426 5762 ρατος,
463 5694 624 5757 αὐτὸς
649 5695 676 5745 6
706 5691 1136 5762 Βελλεροφόντης
1168 5691 1417 5745 ἐνέϐαλεν
1452 5692 1530 5754 εἰς
1569 5688 1627 5743 τὸ
1666 5689 1840 5759 στόμα
1874 5687 1970 5759 τῆς
2005 5687 2301 5759 Χιμαίρας,
2342 5690 2437 5743 καὶ
2469 5691 2577 5744 ἀπὸ
2609 5689 2701 5743 τοῦ
2742 5688 2909 5759 πυρὸς
2945 5685 3156 5759 διελύθη
3185 5687 3213 5740 6
3241 5685 3501 5760 μόλιϐδος,

242 5787 339 5843 καὶ
375 5788 547 5841 ἀνεῖλε
577 5786 673 5847 τὴν
705 5788 1002 5847 Χίμαιραν.
