4018 6296
615 276 757 335 1065

1132 384 1186 439 8.
1230 381 1305 436 De
1330 379 1649 451 .‘abyrintbo.

683 483 742 538 In
770 478 951 537 insula
992 476 1156 533 Creta
1196 490 1357 530 mons
1387 482 1474 529 est
1511 476 1569 528 in
1600 486 1712 543 quo
1754 471 2031 527 invenitur
2064 485 2190 542 spe-

612 577 773 629 lunra
818 572 873 626 in
919 569 1138 624 modum
1194 566 1337 621 antri
1390 565 1457 620 ad
1501 579 1668 636 quam
1721 562 1957 619 diliicilis
1979 562 2185 629 aditus,

611 663 702 717 sed
731 659 997 716 dillicilior
1035 672 1101 711 ex
1143 671 1209 711 ea
1240 656 1488 721 reditus;
1528 655 1619 709 hic
1653 652 1945 707 Minotauri
1972 653 2187 710 mansio

609 771 728 810 csse
754 754 974 807 dicitur.
997 749 1102 805 Per
1121 749 1498 803 diiIicultatem
1516 763 1546 802 e
1567 746 1879 818 labyrintho
1898 743 2183 810 redeundi,

609 847 765 901 divus
796 844 1101 913 Gregorius
1131 839 1538 894 inextricabilia
1581 836 1856 892 sermonis
1894 836 2072 891 obiter
2101 837 2186 891 in-

608 939 725 991 nuit
762 953 790 991 e
822 938 1026 1006 quibus
1065 951 1227 990 nemo
1261 934 1430 990 semel
1468 933 1725 1003 alligatus
1775 946 1897 988 sese
1927 930 2187 1001 expedire

607 1036 817 1099 poterat
839 1045 852 1094 ;
878 1028 1130 1096 adjungit
1154 1028 1351 1097 ᾶρκυς,
1370 1024 1515 1095 quod
1535 1035 1619 1079 est
1640 1024 1857 1094 species
1879 1022 2015 1077 retis
2040 1036 2186 1078 cras-

606 1121 835 1182 sissimi,
875 1137 986 1190 quo
1019 1128 1251 1174 utuntur
1278 1118 1544 1174 adversus
1580 1118 1790 1173 leonem
1821 1116 1908 1172 vel
1930 1114 2211 1187 quamvis

604 1215 764 1268 aliam
794 1231 860 1269 et
894 1215 1027 1269 feris
1061 1213 1355 1267 immanem
1395 1219 1711 1266 venatores.

1160 1326 1213 1381 9.
1256 1324 1333 1379 De
1365 1322 1620 1379 Gadibus.

670 1439 848 1494 Gades
882 1440 1036 1494 locus
1067 1445 1152 1493 est
1182 1439 1233 1491 itt
1267 1438 1516 1509 partibus
1542 1435 1842 1507 Hesperiis.
1868 1432 2051 1490 Locus
2091 1433 2181 1489 hic

602 1533 769 1586 maris
805 1531 1073 1585 terminus
1103 1535 1185 1583 est
1209 1538 1264 1582 et
1305 1529 1463 1598 quasi
1493 1529 1765 1598 sejunctin
1797 1528 1972 1582 nostri
2008 1526 2180 1581 maris

600 1637 630 1675 a
690 1621 827 1675 mari
879 1621 1171 1674 Atlantico.
1233 1618 1392 1674 Circa
1441 1619 1619 1676 Gades
1672 1634 1804 1675 vero
1866 1634 2015 1674 mare
2067 1635 2178 1674 non

1962 264 2244 323 NONNUS
2279 263 2505 321 ABBAS

2210 392 2261 443 Α

2367 176 2383 211 ι

3708 269 3818 328 1063

2675 383 2744 448 η’.
2785 376 2924 445 Περὶ
2958 375 3065 430 τοῦ
3103 375 3492 445 λαϐιφίνθου.

2370 470 2461 524 Ἐν
2484 471 2550 542 τῇ
2577 470 2775 541 Κρήτῃ
2812 472 2878 540 τῇ
2910 469 3061 540 νήσῳ
3081 469 3207 540 ὅρος
3245 468 3417 533 ἐστὶν,
3448 470 3505 523 ὲν
3528 459 3571 537 ᾧ
3597 469 3823 541 σπήλαιον

2285 562 2578 634 ἁντρῶδες,
2614 562 2711 617 καὶ
2737 561 2955 615 δύσοδον
2985 562 3115 632 περὶ
3142 561 3241 631 τὴν
3271 560 3525 626 κάθοδον,
3556 563 3645 615 καὶ
3666 563 3822 634 δυσχε-

2287 654 2380 724 ρὲς
2417 656 2559 709 πάνυ
2589 655 2720 724 περὶ
2766 653 2866 725 τὴν
2908 653 3131 708 ἄνοδον·
3170 656 3228 707 ὲν
3263 646 3308 720 ᾧ
3341 653 3565 721 λέγεται
3606 656 3632 707 ὁ
3676 655 3825 709 Μινώ-

2284 763 2483 817 ταυρος
2525 745 2890 817 ἐμϐληθῆναι.
2927 744 3081 798 Ἐπεὶ
3109 740 3203 798 οὖν
3238 743 3504 814 δυσχερὲς
3534 743 3593 796 τὸ
3635 745 3827 814 ὲκὸἧναι

2284 837 2378 891 τοῦ
2404 837 2750 909 λαϐυρίνθου,
2784 836 2878 890 νῦν
2916 838 2945 890 ὁ
2978 836 3121 900 θεῖος
3159 836 3467 907 Γρηγόριος
3504 836 3683 889 ἔλαϐεν
3721 838 3828 891 αὐτὸ

2283 929 2375 982 ἐπὶ
2405 929 2500 983 τοῦ
2540 929 2701 998 λόγου
2733 929 2844 982 τῶν
2871 928 3153 997 ἁφύκτων,
3181 922 3256 981 ὧν
3300 928 3479 991 οὐδεὶς
3518 928 3733 998 ἠδύνατο
3757 931 3827 981 ὲκ-
3942 936 3943 943 ‘

2284 1023 2499 1089 φυγεῖν,
2525 1020 2641 1074 ἀλλ’
2671 1020 2947 1090 ἡλίσκετο.
2990 1020 3272 1091 Ἐπιφέρει
3312 1019 3373 1072 δὲ
3414 1019 3510 1072 καὶ
3544 1020 3638 1082 τὰς
3659 1020 3824 1090 ἄρκυς·

2282 1113 2454 1184 ἄρκυς
2480 1112 2536 1165 δέ
2577 1114 2723 1165 ἐστιν
2752 1108 2893 1175 εἶδος
2923 1111 3141 1165 δικτύου
3178 1111 3565 1181 παχυσχοίνου,
3609 1112 3637 1164 ὃ
3680 1114 3825 1165 ἱστᾶσι

2283 1205 2419 1277 πρὸς
2447 1204 2619 1277 Θήραν
2648 1204 2880 1271 λέοντος,
2907 1204 2941 1275 ἢ
2975 1204 3136 1259 ἄλλου
3159 1204 3267 1256 τῶν
3294 1202 3536 1274 ἰσχυρῶν
3560 1203 3719 1266 ζώων.

2686 1320 2752 1373 θ’.
2795 1319 2936 1388 Περὶ
2971 1317 3091 1372 τῶν
3116 1317 3445 1386 Γαδείρων.

2349 1433 2588 1505 Γάδειρα
2632 1434 2798 1498 τόπος
2836 1434 2956 1487 ἐστὶ
3004 1435 3133 1503 περὶ
3166 1433 3234 1487 τὰ
3288 1433 3553 1505 Ἐσπέρια
3606 1432 3822 1503 μέρη·ὁ

2278 1527 2440 1589 τόπος
2470 1527 2527 1580 δὲ
2575 1521 2750 1590 οὗτος.
2796 1525 3221 1597 ἁποτελεύτησίς
3259 1528 3379 1579 ἐστι
3423 1525 3721 1596 Θαλάσσης,
3749 1527 3823 1577 καὶ

2278 1619 2442 1671 οἱονεὶ
2473 1618 2724 1690 ἔκκρισις
2751 1619 2860 1673 ἀπὸ
2884 1619 2984 1689 τῆς
3010 1619 3086 1684 ὡς
3107 1619 3245 1690 πρὸς
3267 1620 3419 1689 ἡμᾶς
3453 1619 3731 1690 θαλάσσης,
3752 1621 3822 1671 ἐπὶ

601 1713 906 1785 navigabile
955 1727 1077 1768 esse
1129 1712 1334 1767 dicitur
1366 1719 1591 1783 propter
1626 1712 1747 1781 ejus
1779 1711 2168 1767 turbulentum

2279 1710 2376 1782 τὴν
2410 1711 2723 1765 Ἀτλαντίδα
2765 1711 3061 1766 θάλασσαν.
3096 1713 3332 1781 Λέγεται
3361 1709 3457 1766 οὖν
3500 1714 3686 1783 μηκέτι
3715 1716 3822 1779 μετὰ

600 1819 650 1863 et
702 1807 1115 1862 obscuritatem.
1182 1806 1414 1878 Γάδειρα
1459 1806 1663 1861 dicitur
1713 1806 1864 1878 παρὰ
1918 1806 2018 1878 τὴν
2069 1805 2175 1875 γῆν

599 1900 690 1953 καὶ
729 1899 825 1971 τὴν
863 1900 1083 1970 δειράν·
1127 1899 1278 1971 δειρὴ
1315 1913 1444 1953 vero
1479 1898 1685 1953 dicitur
1712 1898 1956 1954 humilis.
1992 1899 2075 1953 Ex
2107 1914 2174 1954 eo

596 2008 725 2063 ergo
779 1993 926 2064 quod
980 2001 1126 2047 terra
1181 1992 1269 2045 hic
1317 1990 1542 2046 humilis
1581 1999 1666 2047 est
1706 1991 1937 2063 Γάδειρα
1973 2006 2172 2047 nomen

597 2088 824 2157 accepit.
1784 2103 1788 2107 ‘

910 2272 997 2325 10.
1038 2270 1115 2325 De
1140 2287 1271 2341 equo
1303 2270 1512 2325 vincula
1545 2271 1840 2342 frangente.

658 2384 825 2440 Poeta
859 2383 1131 2438 Homerus
1161 2384 1228 2438 ad
1256 2383 1556 2439 Alexandri
1598 2386 1947 2440 velocitatem
1979 2386 2172 2456 depin-

593 2475 822 2546 gendam
856 2475 1009 2530 illum
1043 2489 1342 2544 cumequo
1372 2483 1655 2546 comparat
1688 2475 1775 2531 his
1806 2476 2024 2531 verbis:

593 2680 661 2737 Ut
687 2698 849 2754 equus
881 2682 937 2736 in
964 2679 1173 2735 stabulo
1202 2682 1438 2735 nutritus
1471 2696 1590 2734 cum
1634 2697 1662 2737 e
1700 2680 1938 2823 stabultlwf
1959 2683 2167 2805 elapsus

1937 2770 2045 2807 neri
2080 2794 2093 2807 .

1937 2770 2093 2807 uerat.

656 2867 745 2923 il.
791 2868 866 2922 De
891 2867 1093 2937 sparsis
1113 2874 1164 2921 et
1192 2875 1378 2936 sponte
1404 2866 1740 2920 nascentibus
1769 2867 2094 2938 gigantibus.

654 3020 853 3076 Dicunt
895 3018 1161 3075 Cadmum
1211 3019 1297 3074 vel
1348 3019 1601 3090 quemvis
1643 3020 1811 3074 alium
1854 3018 2059 3078 Thebis
2109 3023 2163 3077 in

588 3113 793 3168 8motia
824 3112 1085 3166 maritimi
1119 3109 1377 3166 draconis
1402 3112 1596 3167 dentes
1626 3113 1849 3169 avulsos
1875 3114 1931 3167 in
1961 3120 2161 3170 terram
2192 3088 2234 3146 Ο

587 3204 742 3276 quasi
774 3219 962 3259 semen
995 3203 1302 3274 projecisse
1351 3202 1497 3259 unde
1542 3205 1645 3259 viri
1679 3219 2044 3262 surrexerunt
2079 3224 2167 3263 ar—

586 3307 749 3354 mati;
782 3296 914 3351 editi
948 3304 1077 3351 sunt
1111 3303 1295 3350 autem
1330 3311 1359 3349 a
1390 3295 1695 3354 femoribus
1720 3297 1788 3352 ad
1818 3315 2079 3370 superna,
2112 3310 2167 3357 et

586 3391 667 3448 sic
698 3398 908 3446 stantes
943 3390 1157 3461 seipsos
1193 3389 1429 3444 invicem
1461 3391 1833 3447 trucidarunt.

726 3516 814 3571 12.
846 3516 921 3570 De
952 3516 1132 3572 Thebis
1159 3533 1277 3587 qua:
1305 3526 1498 3586 septem
1532 3527 1712 3587 partas
1737 3518 2018 3576 habebant.

653 3631 819 3687 Divus
852 3631 1150 3702 Gregorius
1182 3631 1270 3685 hic
1305 3647 1615 3687 sermonem
1659 3632 1792 3688 facit
1830 3633 1897 3689 de
1948 3643 2164 3705 specta-

583 3725 747 3780 culis.
799 3724 944 3779 Urbs
992 3738 1121 3778 vero
1159 3740 1284 3794 quae
1334 3734 1541 3794 septem
1572 3737 1759 3795 portas
1802 3728 2038 3783 habebat
2080 3736 2166 3783 est

583 3825 636 3878 in
676 3822 884 3877 Gracia
913 3835 978 3877 ea
1012 3834 1134 3891 quae
1157 3821 1483 3891 Amphionis
1512 3822 1752 3878 et-Zethi
1788 3825 2014 3879 citharae
2043 3840 2164 3879 mo-

581 3914 954 3969 dulamiuibus
1005 3923 1287 3971 exstructa
1343 3923 1461 3982 est;
1493 3913 1694 3970 Thebaa
1730 3931 1858 3973 vero
1891 3917 2164 3989 Egyptia

581 4005 783 4061 habent
816 4014 1036 4060 centum
1066 4012 1288 4075 portas;
1320 4006 1453 4063 urbs
1485 4008 1616 4063 olim
1652 4009 1910 4073 maxima,
1941 4011 2078 4064 adeo
2102 4020 2164 4063 ut

581 4105 800 4150 centum
835 4103 1024 4164 portas
1057 4095 1301 4150 haberet.
1345 4097 1543 4153 Dicunt
1585 4100 1929 4155 validissima
1974 4099 2149 4155 fuisse

580 4186 870 4259 Babylonis
904 4188 1128 4252 muenia,
1166 4187 1430 4244 lateribus
1461 4189 1938 4261 asphaltojunctis
1955 4200 2161 4246 structa

578 4291 633 4335 et
681 4283 735 4335 in
790 4281 1116 4337 immensum
1163 4280 1553 4351 longitudinis,
1599 4284 1909 4342 latitudinis
1952 4297 2006 4343 et
2050 4290 2161 4341 cir-

576 4373 949 4429 cumferentia:
978 4373 1219 4445 spatium
1259 4384 1533 4445 porrecta.

1031 4600 1118 4653 15.
1163 4597 1238 4650 De
1274 4596 1522 4651 Mausolo
1550 4598 1706 4652 Care.

645 4723 875 4779 Mausoli
936 4723 1094 4779 Caris
1153 4725 1466 4795 sepulcrum
1520 4729 1685 4780 etiam
1736 4728 2154 4799 atnplisStmum.

578 4816 688 4870 Rex
728 4816 831 4869 fuit
859 4816 1033 4870 Cariae
1066 4815 1348 4872 Mausolus
1387 4819 1478 4888 qui
1528 4818 1633 4874 sibi
1678 4820 1880 4891 ingenti
1932 4834 2154 4896 sumptu

577 4907 862 4963 .etliﬁcavit
898 4907 1210 4975 sepulcrum
1252 4923 1416 4977 super
1449 4917 1725 4965 terrenum
1754 4927 2031 4985 aggerem,
2059 4933 2156 4987 pa-

576 4996 786 5052 lttdosis
820 4996 871 5050 in
901 4998 1061 5062 locis,
1085 4997 1277 5067 jaceus
1322 4998 1377 5053 in
1406 5001 1651 5055 interiori
1692 5005 1964 5074 sepulcro.
2006 5006 2154 5063 Scri-

576 5090 722 5145 bitur
774 5089 1071 5158 sepulcrum
1131 5089 1413 5157 Caricum,
1460 5094 1809 5164 possessiva;
1857 5108 1912 5151 et
1961 5098 2148 5165 Caris,

574 5182 718 5254 quod
764 5191 983 5254 gentem
1029 5183 1281 5255 designat
1332 5185 1559 5241 Mausoli
1604 5188 1780 5243 Caris.
1830 5189 2151 5262 Pyramides

572 5276 771 5339 etiam,
825 5276 880 5329 in
922 5274 1159 5347 Egypto
1203 5280 1417 5349 magnis
1472 5282 1785 5350 sumptibus
1834 5285 2146 5354 aedilicatte,

572 5367 938 5424 admiratione
987 5368 1167 5438 iligna:
1232 5377 1383 5425 sunt.
1436 5370 1543 5427 Eas
1601 5372 1904 5430 Christiani
1956 5378 2150 5433 dicunt

572 5461 770 5517 horrea
801 5459 973 5518 fuisse
1010 5458 1233 5533 Joseph,
1277 5462 1481 5518 ethnici
1514 5481 1665 5531 vero,
1701 5466 1844 5524 inter
1871 5485 2010 5541 quos
2042 5472 2151 5527 lle-

572 5555 839 5622 rodotus,
892 5557 1144 5627 sepulcra
1184 5572 1372 5628 regum
1409 5561 1795 5629 quorumdam.
1836 5562 2149 5625 Verisimile

571 5658 658 5703 cst
728 5651 1040 5721 pyramides
1122 5660 1242 5721 post
1316 5661 1558 5723 tempora
1641 5653 1841 5725 Ioseph
1918 5668 1974 5715 et
2051 5677 2149 5716 ex-

571 5740 705 5795 itum
769 5739 939 5796 lsrael
981 5744 1051 5797 ab
1105 5744 1340 5800 ethnicis
1388 5754 1699 5801 exstructas
1751 5757 1807 5801 ut
1850 5752 2145 5822 sepulturae

571 5847 757 5905 regum
838 5835 1185 5895 inservirent.
1268 5838 1541 5898 Rhodium
1620 5842 1896 5900 colossutn
1967 5847 2147 5904 innuit

2277 1804 2344 1857 τὰ
2371 1804 2605 1874 Γάδειρα
2652 1804 2914 1860 πλέεσθαι
2950 1807 3050 1877 τὴν
3085 1806 3360 1861 θάλατταν
3408 1806 3650 1876 ἐκείνην,
3673 1806 3747 1859 διὰ
3776 1806 3821 1858 τὸ

2275 1889 2414 1949 εἶναι
2467 1897 2719 1968 βραχώδη
2775 1899 2869 1952 καὶ
2923 1900 3223 1970 σκοτεινὴν.
3274 1899 3513 1971 Γάδειρα
3558 1900 3612 1952 δὲ
3650 1901 3813 1971 ἢκουσε

2275 1990 2426 2060 παρὰ
2452 1989 2550 2060 τὴν
2578 1991 2681 2061 γῆν
2708 1992 2801 2044 καὶ
2829 1992 2926 2063 τὴν
2950 1992 3136 2064 δειράν
3155 2009 3168 2021 ·
3191 1992 3348 2064 δειρὴ
3374 1992 3432 2045 δὲ
3465 1992 3694 2045 καλεῖται
3719 1992 3819 2061 τρά-

2274 2082 2454 2154 χηλος.
2497 2084 2656 2155 Παρὰ
2684 2084 2746 2136 τὸ
2774 2079 2867 2138 οὖν
2901 2085 3002 2155 τῆς
3043 2085 3146 2155 γῆς
3174 2080 3316 2139 εἶναι
3355 2085 3622 2156 τράχηλον
3656 2086 3815 2149 ἐκεῖσε,

2278 2177 2480 2246 ἤκουσε
2510 2176 2763 2247 Γάδειρα.
3228 2228 3243 2241 ,

2346 2268 2397 2322 ι’.
2442 2268 2582 2337 Περὶ
2624 2269 2813 2323 ἵππου
2847 2269 2952 2323 τοῦ
2990 2268 3434 2338 διαρῤήξαντος
3467 2273 3541 2326 τὰ
3570 2269 3759 2339 δεσμά.

2345 2384 2592 2455 Ὅμηρος
2641 2386 2671 2437 ὁ
2725 2383 2955 2455 ποιητὴς
2992 2383 3320 2455 βουλόμενος
3362 2386 3464 2457 τὴν
3506 2384 3810 2454 Ἀλεξάνδρου

2270 2473 2505 2545 ὀξύτητα
2546 2474 2643 2545 τὴν
2682 2476 2809 2546 περὶ
2850 2474 2945 2528 τού
2986 2475 3165 2529 πώλου
3195 2479 3504 2549 ἐκφράσαι,
3554 2478 3636 2532 διὰ
3669 2494 3809 2549 παρα-

2270 2562 2438 2633 ϐολῆς
2473 2564 2683 2626 εἰκάζει
2714 2564 2807 2617 τὸν
2832 2565 3010 2637 ἥρωα,
3038 2566 3281 2621 ἐπειπὼν
3309 2569 3431 2623 τόδε
3456 2570 3615 2633 ἔπος·

2316 2675 2413 2743 Ὦς
2451 2676 2505 2729 δ’
2550 2676 2648 2731 ὅτε
2694 2694 2785 2743 τις
2825 2677 3046 2746 στατὸς
3088 2682 3273 2748 ἵππος
3325 2684 3671 2752 ἀκοστήσας
3702 2682 3782 2736 ἐπὶ

3471 2754 3724 2827 [φάτνης-

2271 2868 2360 2915 ιαν.
2387 2861 2532 2930 Περὶ
2565 2861 2683 2916 τῶν
2710 2863 3066 2938 σπαρέντων
3090 2867 3189 2920 καί
3212 2868 3493 2937 φυέντων
3518 2867 3810 2938 αὐθημερὸν

2894 2935 3213 3006 γιγάντων.

2352 3045 2441 3100 Ἑν
2468 3046 2673 3119 Θήὸαις
2702 3050 2799 3122 τῆς
2831 3051 3091 3117 Βοιωτίας
3140 3052 3385 3123 λέγεται,
3427 3057 3507 3110 δτι
3536 3055 3753 3124 Κάδμος,
3779 3049 3803 3121 ἦ

2271 3137 2431 3202 ἄλλος
2450 3156 2553 3205 τις,
2580 3140 2761 3195 λαϐὼν
2785 3144 2909 3207 τοὺς
2942 3143 3033 3197 τοῦ
3064 3145 3315 3215 δελφίνου
3355 3148 3638 3219 δράκοντος
3661 3146 3807 3199 ἔσπει-

2272 3247 2366 3301 ρεν
2412 3231 2632 3294 ὀδόντας
2677 3235 2759 3297 είς
2807 3234 2906 3306 τὴν
2939 3236 3074 3307 γῆν,
3111 3238 3205 3291 καὶ
3262 3238 3591 3311 άνεδόθησαν
3632 3236 3804 3293 ἔνοπλοι

2268 3321 2492 3393 ἄνδρες·
2544 3324 2874 3397 άνεδόθησαν
2932 3328 2989 3382 δὲ
3034 3329 3141 3383 άπὸ
3192 3331 3387 3402 μηρῶν
3415 3333 3521 3395 ἕως
3563 3333 3691 3395 ἄνω,
3732 3327 3805 3383 καὶ

2266 3411 2441 3478 οὕτως
2470 3415 2748 3487 ἱστάμενοι
2777 3418 3079 3489 ἐπολέμουν
3113 3420 3389 3493 ἀλλήλοις.

2516 3544 2603 3614 ιβ’.
2644 3546 2784 3615 Περὶ
2815 3546 2934 3601 τῶν
2961 3548 3326 3605 ἐπταπύλων
3358 3554 3579 3621 Θηϐῶν.

2347 3655 2406 3710 '0
2440 3655 2583 3721 θεῖος
2608 3658 2909 3734 Γρηγόριος
2947 3664 3076 3735 περὶ
3113 3664 3368 3736 θεάματα
3390 3669 3632 3740 βούλεται
3660 3669 3802 3722 εἰπεῖν

2264 3748 2402 3819 ἡμῖν
2428 3749 2695 3804 ἐνταῦθα’
2725 3751 2782 3804 αἱ
2810 3752 2867 3804 δὲ
2897 3753 3084 3821 πύλαι,
3111 3757 3420 3814 ἑπτάπυλοι
3452 3762 3604 3820 εἰσιν.
3640 3761 3689 3812 al
3723 3759 3802 3825 τῆς

2276 3840 2548 3905 Ἑλλάδος,
2573 3844 2629 3895 αί
2653 3843 2758 3896 ὑπὸ
2791 3844 3080 3915 Ἀμφίονος
3103 3851 3198 3902 καὶ
3228 3852 3406 3922 Ζήθου
3430 3853 3713 3907 κτισθεῖσαι
3732 3850 3802 3902 διὰ

2264 3931 2525 4003 κιθάρας·
2563 3935 2621 3986 αί
2665 3934 2722 3987 δὲ
2772 3936 3068 4006 Αἰγύπτιαι
3110 3939 3324 4011 θῆὸαι,
3366 3945 3503 3996 εἰσὶν
3542 3940 3801 3996 ἑκατοντάο

2262 4024 2423 4078 πυλοι
2443 4038 2458 4052 ⁸
2497 4025 2729 4097 μεγίστη
2759 4027 2818 4081 δὲ
2849 4028 3014 4083 πάλαι
3039 4030 3252 4099 γέγονε.
3279 4035 3376 4088 καὶ
3403 4035 3572 4098 οὕτως
3603 4031 3799 4104 μεγίστη

2262 4115 2405 4168 ὥστε
2436 4116 2631 4170 ἑκατὸν
2655 4117 2799 4188 ἔχειν
2826 4121 2925 4184 τὰς
2950 4121 3146 4185 πύλας.
3183 4125 3263 4177 Τὰ
3283 4126 3341 4179 δὲ
3373 4128 3524 4199 τείχη
3557 4129 3620 4180 τὰ
3652 4124 3799 4178 Βαϐυ-

2264 4203 2430 4260 λώνια
2477 4206 2696 4277 λέγεται
2743 4206 2882 4265 εἴναι
2926 4214 3283 4284 ἰσχυρότατα·
3315 4219 3424 4273 ἀπὸ
3458 4221 3563 4293 γὰρ
3614 4216 3798 4272 πλίνθου

2262 4298 2437 4369 ὀπτῆς
2492 4301 2587 4354 καὶ
2623 4303 2899 4372 ἀσφάλτου
2944 4305 3214 4379 λυομένης
3260 4311 3600 4382 ἐκτίσθησαν,
3639 4308 3799 4364 καὶτὸ

2188 4438 2234 4494 D
2265 4390 2468 4456 πλάτος
2500 4392 2691 4463 ἔχοντα
2720 4396 2875 4460 πολὺ,
2908 4400 3002 4452 καὶ
3045 4401 3106 4454 τὸ
3140 4401 3292 4472 ὕψος,
3340 4406 3436 4459 καὶ
3474 4408 3568 4478 τὴν
3608 4403 3798 4476 περιφέ-

2265 4501 2435 4555 ρειαν.

2476 4630 2566 4693 ιγ’.
2600 4625 2738 4693 Περί
2771 4625 2878 4680 τοῦ
2907 4631 3250 4687 Μαυσωλοῦ
3277 4633 3382 4689 τοῦ
3412 4634 3613 4703 Καρός.

2340 4747 2398 4800 '0
2431 4749 2601 4816 τάφος
2622 4751 2923 4805 Μαυσωλοῦ
2951 4751 3046 4805 τοῦ
3087 4755 3273 4827 Καρὸς
3308 4757 3555 4827 μέγιστός
3590 4759 3689 4809 ἐστι
3717 4750 3791 4805 καὶ

2258 4837 2445 4903 αὐτός’
2481 4841 2784 4905 Μαυσωλὸς
2825 4842 2933 4916 γὰρ
2981 4846 3195 4917 Καρίας
3231 4849 3420 4918 γέγονε
3445 4850 3719 4919 τύραννος·
3744 4845 3791 4905 ὃς

2257 4927 2472 4982 ἔκτισεν
2501 4931 2682 5002 ἐαυτῷ
2715 4933 2885 5004 τάφον
2918 4936 3348 5005 πολυανάλωτον,
3384 4943 3441 4995 ὲν
3476 4939 3673 5011 χώματί
3700 4951 3788 4989 τινι

2255 5020 2346 5072 καὶ
2377 5021 2433 5073 ὲν
2460 5020 2796 5096 λιμναζούσῃ
2834 5025 2998 5100 λίμνῃ
3031 5030 3179 5084 ἔνδον
3211 5034 3455 5104 κείμενος
3491 5031 3575 5084 τοῦ
3606 5031 3753 5095 τάφου
3773 5037 3786 5052 ⁹

2254 5110 2527 5182 γράφεται
2553 5114 2609 5167 δὲ
2646 5117 2738 5169 καὶ
2761 5119 2789 5171 ὁ
2811 5121 3066 5188 Καρικύς
3099 5123 3307 5192 τάφος,
3351 5126 3436 5179 ἵνα
3532 5119 3753 5193 κτητικός
3769 5130 3783 5146 ⁹

2254 5204 2525 5275 γράφεται
2548 5207 2605 5260 δὲ
2639 5209 2734 5262 κοιλ⁵
2761 5211 2976 5280 Καρὸς,
3001 5212 3140 5288 ἵναῇ
3168 5216 3375 5281 ἐθνικὸς
3403 5216 3491 5271 τοῦ
3517 5206 3781 5270 Μαυσωλοῦ

2252 5293 2346 5347 τοῦ
2383 5297 2586 5368 Καρός.
2633 5299 2699 5351 Ai
2759 5300 2815 5354 δὲ
2858 5305 3190 5374 πυραμίδες,
3222 5309 3316 5363 καὶ
3354 5303 3502 5362 αὗται
3542 5300 3780 5374 θαύματός

2253 5388 2391 5440 εἶσιν
2420 5387 2607 5453 ἄξιαι,
2659 5393 2718 5445 ἐν
2765 5394 2831 5465 τῇ
2885 5395 3148 5470 Αἰγύπτῳ
3193 5402 3499 5473 ὲκτισμέναι
3545 5392 3777 5451 πολυανά-

2252 5477 2443 5533 λωτοι·
2488 5480 2715 5546 ἅστινας
2761 5485 3079 5556 Χριστιανοὶ
3133 5491 3233 5562 μὲν
3282 5493 3506 5562 λέγομεν
3550 5487 3674 5545 εἶναι
3722 5481 3776 5532 τά

2250 5571 2420 5643 ὡρεῖα
2466 5573 2559 5628 τοῦ
2597 5576 2824 5648 Ἰωσὴφ,
2876 5579 3141 5651 Ἕλληνες
3182 5585 3238 5639 δὲ
3300 5586 3495 5656 τάφους
3551 5575 3775 5652 βασιλέων

2251 5664 2430 5726 τινῶν,
2455 5658 2529 5718 ὧν
2557 5667 2673 5720 ἐστι
2700 5670 2793 5722 καὶ
2831 5671 3112 5742 ἠρόδοτος
3131 5693 3144 5705 ·
3171 5676 3245 5740 ὼς
3274 5676 3329 5730 δὲ
3355 5676 3493 5737 εἰκὸς
3522 5668 3645 5742 μετὰ
3669 5663 3771 5721 τοὺς

2253 5758 2478 5828 χρόνους
2519 5760 2613 5813 τοῦ
2650 5762 2869 5834 Ἰωσὴφ,
2919 5767 3013 5820 καὶ
3060 5768 3161 5840 τὴν
3209 5770 3383 5834 ἔξοδον
3422 5766 3508 5822 τοῦ
3560 5754 3771 5830 Ἰσραὴλ.

2251 5850 2584 5923 ἐποιήσαντο
2644 5855 2817 5921 αύτὰς
2868 5859 3075 5929 τάφους
3137 5862 3399 5930 βασιλέων
3449 5862 3496 5914 oi
3526 5853 3762 5921 Ἕλληνές·
