4018 6296
166 329 327 380 1065

1198 317 1270 372 ΙΝ
1310 315 1715 373 ORATIONEM
1755 315 1823 371 1N
1865 315 2137 375 SANCTA
2176 317 2459 378 LUMINA.

3312 317 3452 373 ὶθϐϐ

160 437 322 508 Περὶ
367 435 425 489 δὲ
482 434 578 487 τοῦ
632 432 888 488 κολοσσοῦ
936 432 1082 502 λέγει
1136 430 1233 485 τοῦ
1290 431 1649 503 ἀνακειμένου
1707 432 1799 496 ὲν,

1876 438 1961 508 qui
1996 438 2139 493 mole
2171 452 2272 493 sua
2297 444 2353 491 et
2386 432 2593 506 ingenti
2643 430 2773 488 aeris
2828 429 3057 486 adhibiti
3086 428 3326 503 pondere
3351 432 3451 484 ad-

170 527 397 598 Ῥόδῳ,
445 526 529 580 ὅτι
578 526 834 596 μέγιστός
883 526 1031 580 ἐστιν
1074 523 1332 597 ἀνδριὰς,
1377 522 1579 594 χαλκὸν
1625 522 1767 595 ἔχων

157 618 353 675 πολὺν
392 619 490 674 καὶ⁸
525 618 985 690 ἀξιοθαύμαστόν.

1875 531 2224 588 mirationem
2252 537 2456 584 movet.

164 825 3431 871 ψῃ

904 990 1134 1082 ΤΟΥ
1203 988 1582 1077 ΑΥΤΟΥ
1653 987 2213 1078 ΜΟΝΑΧΟΥ
2268 987 2733 1075 ΝΟΝΝΟΥ

1171 1176 1507 1232 ΕΞΗΙἩΣΙΣ
1539 1175 1676 1229 ΤΩΝ
1710 1175 2118 1235 ΕΛΛΗΝΙΚΩΝ
2154 1175 2471 1231 ΙΣΤΟΡΙΩΝ

561 1338 665 1401 ’Ὧν
694 1339 938 1413 ἐμνήσθη
976 1341 1005 1393 6
1036 1339 1307 1409 πάνσοφος
1333 1339 1425 1392 καὶ
1463 1337 1604 1403 θεῖος
1638 1336 1937 1410 Γρηγόριος
1968 1338 2025 1392 ὲν
2060 1336 2138 1409 τῷ
2165 1339 2269 1403 Εἰς
2298 1335 2371 1389 τὰ
2412 1336 2548 1405 ἅγια
2584 1333 2750 1405 φῶτα
2768 1333 2916 1405 λόγῳ
2945 1334 3045 1407 (1).

820 1693 1462 1810 EJUSDEM
1576 1694 2235 1859 MONACHI
2367 1694 2816 1809 NONNI

1033 1918 1604 1977 INTEKPRETATIO
1654 1918 2072 1977 GRAECABUM
2128 1920 2604 1977 HISTORIARUI

336 2078 613 2152 Quarum
643 2075 928 2138 meminit
957 2075 1460 2156 sapientissimus
1487 2081 1551 2137 et
1579 2074 1759 2137 divus
1779 2075 2119 2154 Gregorius
2154 2077 2221 2139 in
2257 2076 2543 2140 oratione
2583 2078 2666 2138 Dc
2696 2078 2896 2140 sacris
2931 2077 3294 2145 luminibus.

690 2403 760 2451 α’.
797 2397 934 2466 Περὶ
971 2396 1078 2451 τοῦ
1119 2398 1272 2463 Διός.

246 2510 355 2563 Τὸν
390 2508 490 2562 Δία
508 2508 560 2561 οἱ
588 2507 828 2577 θεολόγοι
884 2507 994 2561 τῶν
1035 2507 1305 2580 Ἐλλήνων
1342 2508 1407 2560 ὲκ
1440 2507 1650 2580 Κρόνου
1685 2507 1772 2562 λέ-

169 2619 335 2672 γουσι
356 2601 705 2671 γεννηθῆναι,
726 2602 820 2654 καὶ
834 2601 1161 2671 γεννηθέντα
1190 2600 1561 2672 περισωθῆναι
1580 2602 1771 2655 τοιῶσ-

166 2695 269 2749 δε·
306 2701 369 2755 '0
404 2694 613 2764 Κρόνος
666 2697 733 2765 τῇ
771 2694 899 2767 Ῥέᾳ
951 2694 1240 2764 γενόμενος
1301 2693 1569 2758 σύνοικος,
1625 2693 1768 2768 ἅπερ

170 2790 392 2843 ἔτικτεν
422 2787 561 2858 αὑτὴ
596 2787 805 2852 παιδία,
825 2786 988 2849 αὐτὸς
1009 2784 1302 2855 λαμϐάνων
1329 2785 1619 2838 κατέπινεν
1644 2802 1658 2816 ο
1676 2787 1771 2839 καὶ

170 2881 355 2943 οὕτως
383 2880 478 2933 ἐπὶ
506 2878 714 2931 πολλῶν
746 2878 933 2932 τούτου
968 2877 1283 2948 γενομένου,
1315 2878 1539 2940 ἄτεκνος
1577 2877 1769 2949 ἔμενεν

172 2974 226 3045 ή-
260 2971 408 3025 Ῥέα.
444 2970 574 3024 Ὅτε
622 2966 714 3024 οὖν
742 2970 1000 3040 ἐγέννησε
1037 2969 1127 3022 τὸν
1168 2970 1296 3032 Δία,
1329 2970 1362 3041 ἡ
1404 2969 1531 3022 Ῥέα
1570 2972 1768 3038 φοϐου-

176 3066 321 3136 μένη
356 3064 554 3134 μήπως
587 3063 681 3116 καὶ
714 3062 776 3114 τὸ
803 3061 1003 3133 βρέφος
1029 3060 1185 3114 τοῦτο
1233 3060 1538 3115 καταποθὲν
1568 3060 1772 3134 ἀπόλη-

172 3173 292 3221 ται,
325 3152 473 3207 λίθον
498 3154 597 3225 μὲν
631 3152 1092 3225 σπαργανώσασα,
1126 3153 1324 3206 δέδωκε
1352 3152 1430 3223 τῷ
1462 3153 1656 3225 Κρόνῳ
1694 3155 1771 3218 ὡς

175 3246 384 3318 βρέφος
412 3248 702 3300 καταπιεῖν
720 3262 734 3275 ·
753 3244 844 3298 τὸν
866 3245 923 3298 δὲ
943 3245 1042 3298 Δία
1066 3245 1361 3315 ὑπερέθετο
1383 3247 1440 3298 ἐν
1461 3248 1528 3317 τῇ
1553 3247 1767 3318 Κρήτῃ,

176 3339 277 3391 καὶ
306 3335 616 3411 παρέσταζε
638 3336 717 3408 τῷ
747 3336 934 3409 βρέφει
955 3337 1129 3410 τούτῳ
1152 3340 1277 3402 τοὺς
1294 3337 1649 3409 Κορύϐαντας
1678 3340 1771 3393 καὶ

174 3430 309 3492 τοὺς
338 3429 625 3501 Κουρῆτας
655 3429 933 3500 ὀρχεῖσθαι
958 3430 1052 3485 καὶ
1083 3432 1299 3502 κροτεῖν
1328 3432 1423 3485 καὶ
1452 3434 1679 3484 κτυπεῖν
1704 3434 1771 3485 τὰ

173 3523 323 3577 ὅπλα
353 3521 564 3585 αὐτῶν,
594 3524 691 3576 καὶ
722 3522 976 3591 γενέσθαι
1016 3521 1139 3576 τινὰ
1168 3518 1302 3594 ἦχον
1334 3522 1425 3575 τὸν
1476 3523 1771 3593 δυνάμενον

177 3615 547 3670 ὕποκλέπτειν
577 3614 673 3667 καὶ
719 3613 1091 3686 παρακρούειν
1115 3613 1205 3668 τὸν
1244 3616 1308 3667 ὲκ
1358 3613 1453 3668 τοῦ
1491 3613 1769 3686 κλαυθμοῦ

175 3708 275 3763 τοῦ
296 3706 513 3761 παιδίου
536 3701 690 3776 ἦχον,
715 3706 802 3760 ἵνα
829 3705 902 3777 μὴ
922 3704 1105 3776 μαθὼν
1128 3706 1384 3777 δΚρόνος
1408 3705 1510 3759 ποῦ
1533 3705 1772 3777 κρύπτε-

2499 2401 2547 2455 ι.
2586 2398 2662 2453 De
2690 2397 2837 2455 Jove.

1946 2510 2135 2568 Jovem
2177 2511 2415 2584 theologi
2478 2510 2791 2566 Graecorum
2833 2509 3074 2567 Saturno
3131 2513 3322 2567 dicunt
3360 2529 3453 2569 na-

1876 2612 2015 2669 tum,
2054 2611 2110 2659 et
2147 2611 2338 2659 natum
2378 2604 2644 2660 salvatum
2682 2603 2853 2659 fuisse
2894 2604 3001 2659 isto
3029 2602 3189 2659 modo
3221 2623 3235 2660 :
3267 2603 3454 2661 Satur-

1877 2715 1984 2754 nus
2011 2697 2178 2753 Rhea:
2214 2714 2339 2753 cum
2365 2704 2515 2753 esset
2572 2698 2924 2766 conjunctus,
2964 2713 3104 2771 quos
3152 2698 3351 2755 edebat
3393 2715 3455 2754 ea

1877 2804 2099 2860 pueros,
2138 2789 2228 2844 ille
2260 2788 2510 2859 capiebat
2542 2796 2596 2842 et
2623 2788 2938 2855 hauriebat;
2963 2799 3015 2843 et
3046 2789 3118 2843 ita
3156 2790 3455 2861 saepissime

1875 2895 2002 2934 cum
2057 2879 2161 2935 hoc
2215 2880 2509 2941 evenisset,
2556 2879 2675 2934 sine
2740 2881 2922 2949 pueris
2981 2886 3244 2938 remansit
3282 2879 3454 2938 Rhea.

1875 2971 2011 3026 Cum
2043 2971 2208 3042 igitur
2240 2972 2426 3042 genuit
2468 2970 2679 3038 Jovem,
2714 2970 2865 3027 Rhea
2916 2974 3115 3028 timens
3159 2989 3226 3029 ne
3265 2975 3454 3030 eodem

1876 3064 2040 3119 modo
2055 3079 2273 3135 quoque
2290 3080 2424 3135 puer
2439 3064 2529 3119 ille
2548 3064 2772 3135 periret,
2793 3065 3025 3135 lapidem
3040 3081 3163 3121 cum
3183 3082 3364 3136 panno
3379 3067 3464 3123 in-

1876 3155 2158 3220 volvisset,
2193 3155 2342 3211 dedit
2372 3154 2610 3210 Saturno
2641 3165 2699 3210 ut
2730 3172 2959 3227 puerum
2992 3157 3454 3224 manducandum,

1874 3244 2064 3303 Jovem
2096 3254 2275 3302 autem
2298 3246 2553 3318 deposuit
2590 3247 2645 3302 in
2662 3247 2823 3303 Creta
2844 3291 2861 3317 ,
2886 3258 2942 3304 et
2970 3248 3047 3303 illi
3062 3249 3453 3319 circumposuit

1876 3340 2218 3411 Corybantas
2245 3348 2299 3394 et
2327 3339 2557 3396 Curetas
2583 3340 2677 3411 qui
2721 3340 2953 3398 saltibus
2989 3350 3042 3396 et
3079 3341 3365 3412 plausibus
3404 3352 3454 3397 et

1876 3447 2029 3487 arma
2063 3431 2308 3487 feriendo
2333 3432 2625 3487 tumultum
2661 3432 2866 3487 cierent
2909 3447 3018 3502 quo
3047 3438 3233 3503 posset
3290 3433 3454 3489 celari

1874 3532 1930 3580 et
1967 3524 2075 3593 tegi
2106 3538 2279 3579 sonus
2310 3524 2587 3593 vagituulu
2615 3524 2791 3593 pueri,
2817 3538 2886 3578 ne
2916 3523 3155 3579 disceret
3184 3522 3453 3579 Saturnus

1877 3616 1966 3671 ubi
1991 3615 2192 3670 latebat
2216 3631 2369 3685 puer,
2393 3623 2614 3685 caperet
2636 3630 2759 3671 eum
2789 3623 2843 3670 et
2884 3615 3148 3671 haurire:.
3168 3614 3325 3672 Nunc
3355 3617 3449 3688 igi-

1876 3714 1967 3760 tur
2002 3713 2207 3776 patrem
2240 3720 2436 3775 pueros
2458 3703 2820 3759 detestantem
2841 3703 2977 3758 dicit
3015 3702 3337 3768 Saturnum,
3376 3704 3448 3760 in-

176 3818 269 3854 ται
293 3798 356 3851 τὸ
383 3797 613 3860 παιδίον,
642 3795 801 3850 τοῦτο
826 3796 1004 3850 λαϐὼν
1031 3796 1291 3870 καταπίῃ.
1307 3796 1419 3849 Νῦν
1438 3792 1531 3851 οὖν
1562 3798 1773 3869 πατέρα
1798 3792 1799 3807 ¹

1876 3796 2187 3867 fantemque
2245 3796 2639 3866 gemebundum
2687 3794 2894 3851 Jovem.
2926 3798 3156 3852 Curetas
3197 3797 3329 3852 dicit
3362 3812 3453 3853 eos

179 3889 284 3958 μὲν
319 3887 638 3958 μισότεκνον
652 3886 801 3955 λέγει
827 3886 919 3940 τὸν
946 3887 1171 3957 Κρόνον,
1191 3886 1400 3941 παιδίον
1422 3887 1481 3941 δὲ
1498 3887 1775 3960 κλαυθμυ-

178 3982 334 4053 ρίξον
360 3981 451 4034 τὸν
480 3981 579 4034 Δία
598 3998 614 4010 ⁸
636 3981 761 4042 τοὺς
787 3978 1076 4049 Κουρῆτας
1098 3978 1155 4033 δὲ
1176 3977 1325 4045 λέγει
1347 3980 1473 4044 τοὺς
1505 3981 1641 4051 μετὰ
1664 3980 1774 4035 τῶν

179 4072 553 4142 Κορυϐάντων
593 4070 893 4141 ταχθέντας
938 4070 1090 4140 παρὰ
1138 4070 1236 4140 τῆς
1280 4070 1435 4133 Ῥέας
1472 4070 1772 4141 ὀρχεῖσθαι,

176 4161 436 4231 δαίμονες
469 4161 525 4213 δὲ
553 4156 700 4215 οὗτοι
730 4162 778 4213 οί
827 4158 1176 4230 Κορύϐαντες
1196 4176 1208 4189 ·
1239 4159 1487 4213 ἐνόπλιον
1518 4161 1575 4214 δὲ
1605 4162 1775 4232 ὄρχη-

180 4270 268 4307 σιν
301 4252 452 4322 λέγει
485 4252 584 4325 τὴν
636 4252 923 4323 πυρῤῐχιον
952 4267 965 4282 ·
999 4249 1204 4305 κτύπον
1243 4250 1353 4321 γάρ
1382 4267 1502 4304 τινα
1547 4251 1605 4302 ὲν
1655 4254 1774 4314 ταῖς

179 4345 409 4397 ἀσπίσιν
452 4344 668 4397 ἐποίουν
716 4338 903 4408 οὗτοι,
950 4342 1086 4415 πρὸς
1126 4342 1188 4395 τὸ
1240 4342 1630 4413 ὑπερηχεῖσθαι
1682 4344 1773 4397 τὸν

179 4433 464 4503 κλαυθμὸν
492 4432 586 4486 τοῦ
630 4432 865 4486 παιδίου.
895 4431 1130 4503 Κρητῶν
1164 4431 1222 4485 δὲ
1263 4430 1559 4501 τυράννους
1597 4424 1771 4492 εἶπεν.

176 4527 266 4580 ὅτι
290 4527 339 4578 ot
375 4524 474 4595 μὲν
509 4524 746 4593 θεολόγοι
780 4523 890 4577 τῶν
924 4523 1191 4594 Ἐλλήνων
1225 4521 1344 4575 θεὸν
1370 4521 1589 4590 λέγουσι
1617 4520 1773 4589 γενέ-

180 4617 312 4671 σθαι
338 4616 429 4672 τὸν
456 4616 665 4688 Κρόνον
694 4617 789 4670 καὶ
836 4616 925 4668 τὸν
961 4615 1089 4667 Δία·
1125 4614 1157 4683 ή
1196 4613 1254 4668 δὲ
1281 4613 1491 4685 ίστορία
1520 4614 1554 4685 ἡ
1583 4612 1769 4683 δημὼ-

174 4711 300 4781 δης,
400 4709 494 4762 καὶ
541 4708 746 4761 τίθεται
779 4710 807 4762 6
846 4707 986 4769 θεῖος
1044 4706 1342 4778 Γρηγόριος
1389 4706 1563 4774 λέγων
1583 4746 1599 4774 ,
1627 4705 1710 4759 ὅτι
1740 4707 1769 4758 6

178 4808 320 4870 Ζεὺς
340 4799 497 4870 οὗτος
522 4806 783 4877 τύραννος
820 4801 887 4876 ἦν
920 4803 1173 4877 Κρητῶν,
1204 4805 1298 4859 καὶ
1332 4804 1576 4869 θέλοντες
1606 4802 1768 4857 αὑτὸν

174 4896 509 4968 θεραπεύειν
552 4897 601 4949 οί
645 4898 875 4962 ὑπήκοοι
894 4936 908 4959 ,
938 4895 1320 4965 ἐμυθολόγουν,
1347 4896 1422 4960 ὡς
1460 4898 1524 4950 ὲκ
1556 4894 1768 4968 Κρόνου

1874 3904 2000 3944 cum
2041 3887 2371 3959 Corybantis
2404 3888 2685 3943 ordinatos
2716 3903 2744 3941 a
2781 3886 2932 3943 Rhea
2991 3887 3059 3942 ad
3110 3887 3453 3957 saltandum;

1874 3977 2152 4033 daemones
2182 3993 2311 4032 vero
2339 3985 2470 4033 sunt
2502 3977 2592 4033 isti
2634 3976 2977 4048 Corybantia.
3033 3977 3315 4033 Armatam
3348 3979 3454 4034 salo

1874 4070 2135 4126 tationem
2162 4069 2299 4125 dicit
2317 4068 2709 4140 pyrrhichium:
2742 4085 2937 4125 sonum
2985 4069 3131 4125 enim
3163 4069 3453 4140 quemdam

1876 4161 1933 4215 in
1964 4160 2169 4230 clypeis
2200 4159 2472 4215 faciebant
2521 4160 2620 4222 illi,
2672 4168 2729 4214 ut
2775 4160 3191 4216 dominarentur
3221 4164 3454 4233 gemitus

1866 4254 2117 4313 infantis.
2158 4251 2500 4309 Cretensium
2548 4267 2702 4323 reges
2729 4252 2882 4317 dicit,
2907 4254 3034 4322 quia
3054 4254 3289 4326 theologi
3315 4256 3449 4313 Cra:-

1870 4360 2059 4402 corum
2104 4344 2236 4400 deos
2285 4342 2455 4399 factos
2487 4342 2655 4398 fuisse
2698 4342 2888 4397 dicunt
2929 4342 3226 4398 Saturnum
3270 4353 3326 4400 et
3362 4343 3451 4400 Jo-

1872 4452 2012 4491 vem.
2062 4433 2188 4490 llaec
2229 4441 2316 4489 est
2369 4431 2597 4488 historia
2626 4431 2956 4495 communis,
2998 4444 3159 4499 quam
3206 4430 3451 4500 sequitur

1868 4526 2030 4580 divus
2061 4521 2361 4594 Gregorius
2391 4521 2603 4581 dicens,
2630 4517 2818 4573 Jovem
2864 4518 3030 4571 istum
3064 4530 3246 4587 regem
3283 4515 3453 4571 fuisse

1873 4613 2239 4677 Cretensium,
2263 4621 2317 4665 et
2339 4610 2583 4666 volentes
2611 4623 2735 4662 eum
2772 4607 2953 4661 coiere
3002 4604 3261 4674 'subjecti,
3285 4603 3450 4659 ﬁnxco

1877 4713 2005 4763 runt
2028 4720 2151 4761 eum
2191 4719 2222 4760 e
2256 4702 2495 4758 Saturno
2518 4704 2619 4756 deo
2638 4710 2690 4754 et
2709 4697 2859 4753 Rhea
2878 4705 3057 4752 ortum
3085 4697 3305 4758 habere,
3327 4710 3452 4751 cum

1876 4801 2039 4856 homo
2057 4806 2222 4854 esset.
2241 4797 2365 4852 Ideo
2387 4795 2556 4862 addit,
2577 4791 2839 4860 Quamvis
2856 4789 3028 4846 Graeci
3052 4789 3451 4856 contradicaut;

1875 4891 2049 4948 Graeci
2071 4891 2217 4947 enim
2247 4906 2355 4945 non
2393 4889 2719 4945 volunteum
2749 4899 2873 4941 esse
2891 4883 3166 4938 hominem
3189 4889 3244 4937 et
3271 4895 3453 4955 regem

174 4986 308 5040 θεοῦ
332 4987 429 5041 καὶ
474 4985 635 5049 Ῥέας
668 4985 780 5057 ἔχει
806 4985 902 5057 τὴν
929 4986 1163 5054 γένεσιν,
1197 4986 1318 5039 ἐπεὶ
1340 4986 1627 5059 ἄνθρωπος
1662 4978 1729 5057 ἦν
1751 5001 1767 5017 ο

1876 4982 2239 5045 Cretensium,
2263 4982 2361 5038 sed
2389 4983 2573 5036 deum.

176 5079 263 5133 διδ
305 5079 401 5132 καὶ
445 5078 749 5147 ἐπήγαγεν,
788 5076 889 5130 κᾶν
923 5077 1184 5149 Ἕλληνες
1211 5076 1663 5150 ὰπαρέσκωνται·
1694 5078 1746 5131 οἱ
1786 5075 1895 5149 γὰρ
1924 5073 2187 5146 Ἕλληνες
2229 5074 2290 5128 οὐ
2344 5072 2589 5127 θέλουσιν
2618 5070 2781 5126 αὐτὸν
2810 5064 2953 5123 εἶναι
3016 5066 3305 5139 ἄνθρωπον
3356 5067 3451 5123 καὶ

179 5174 446 5248 τύραννον
472 5172 727 5244 Κρητῶν,
751 5171 889 5226 ἀλλὰ
917 5171 1058 5227 θεόν.

434 5289 500 5359 β’.
533 5290 673 5359 Περὶ
710 5287 820 5358 τῆς
846 5289 1264 5358 ἀρπασθείσης
1303 5290 1519 5358 Κόρης.

252 5394 522 5464 Δημήτηρ
547 5392 668 5456 θεὸς
704 5388 836 5448 οὖσα
864 5393 1036 5447 τίκτει
1071 5393 1344 5465 θυγατέρα
1373 5391 1589 5448 ἀπὸτοῦ
1621 5392 1764 5457 Διὸς,

186 5486 372 5557 ἠντινα
394 5484 621 5538 ἐκάλουν
653 5485 747 5537 καὶ
771 5485 981 5557 Κόρην,
1014 5486 1108 5538 καὶ
1147 5485 1513 5557 Περσεφόνην.
1544 5482 1767 5553 Ταύτης

189 5576 401 5651 ἠράσθη
429 5580 458 5631 6
488 5576 740 5631 Πλούτων
768 5594 783 5607 ο
813 5578 905 5630 καὶ⁵
929 5579 1145 5648 ἥρπασε
1173 5579 1266 5631 καὶ
1300 5577 1567 5647 κατῆλθεν
1599 5579 1659 5631 ὲν
1688 5575 1767 5647 τῷ

184 5670 308 5744 ᾄδῃ.
348 5666 409 5719 Ἡ
456 5660 549 5719 οὖν
594 5666 858 5737 Δημήτηρ
902 5667 1115 5738 περιῄει
1146 5665 1383 5737 ζητοῦσα
1418 5667 1515 5737 τὴν
1551 5666 1763 5737 Κόρην,

2332 5278 2389 5334 2.
2432 5279 2509 5334 De
2535 5287 2717 5346 «cpta
2746 5277 2970 5346 virgine.

1943 5391 2128 5454 Ceres,
2162 5390 2263 5446 dea
2300 5402 2426 5446 cum
2467 5394 2635 5448 esset,
2660 5382 2832 5454 gignit
2867 5381 3031 5437 ﬁliam
3051 5396 3081 5435 a
3109 5378 3261 5442 Jove,
3283 5391 3449 5449 quam

1874 5483 2145 5538 vocabant
2195 5481 2376 5538 Coren
2443 5486 2500 5534 et
2559 5475 2964 5546 Persephonen.
3030 5473 3183 5527 Illam
3244 5469 3450 5527 amavit

1875 5571 2058 5636 Pluto,
2092 5582 2145 5629 et
2195 5570 2421 5628 sustulit
2455 5578 2510 5624 et
2559 5564 2847 5623 descendit
2899 5564 2955 5618 in
3002 5561 3227 5618 inferos.
3273 5558 3449 5617 Ceres

1875 5666 2043 5738 igitur
2064 5662 2395 5720 circumibat
2424 5675 2679 5733 quaerens
2737 5656 3027 5731 virginem,
3058 5661 3113 5710 et
3173 5666 3299 5709 cum
3351 5651 3445 5709 dtu

253 5804 332 5877 (9)
369 5801 559 5860 Oratio
582 5803 710 5859 olim
746 5812 800 5858 et
828 5819 973 5859 nunc
1006 5803 1261 5867 XXXIX.
1332 5823 1385 5879 p.
1427 5805 1534 5862 677
1578 5820 1708 5863 nov.
1774 5805 1908 5863 edit.

502 5902 767 5960 Ps'raOL.
818 5900 937 5960 Cn.
972 5901 1265 5964 XXXVI.

3045 5885 3120 5952 3ft
