  <div class='ocr_page' id='page_1' title='image "/cluster/home/n/w/nwhite01/storage/ocr_20150623/36/hvd.32044024464877/569.png"; bbox 0 0 4018 6296; ppageno 0'>
   <div class='ocr_carea' id='block_1_1' title="bbox 629 299 772 358">
    <p class='ocr_par' dir='ltr' id='par_1_1' title="bbox 629 299 772 358">
     <span class='ocr_line' id='line_1_1' title="bbox 629 299 772 358; baseline -0.035 -2"><span class='ocrx_word' id='word_1_1' title='bbox 629 299 772 358; x_wconf 76' lang='grc'><strong>106⁸1</strong></span> 
     </span>
    </p>
   </div>
   <div class='ocr_carea' id='block_1_2' title="bbox 1993 291 2532 346">
    <p class='ocr_par' dir='ltr' id='par_1_2' title="bbox 1993 291 2532 346">
     <span class='ocr_line' id='line_1_2' title="bbox 1993 291 2532 346; baseline 0.007 -4"><span class='ocrx_word' id='word_1_2' title='bbox 1993 291 2276 344; x_wconf 73' lang='lat' dir='ltr'><strong>NONNUS</strong></span> <span class='ocrx_word' id='word_1_3' title='bbox 2311 291 2532 346; x_wconf 72' lang='lat' dir='ltr'><strong>ADBAS</strong></span> 
     </span>
    </p>
   </div>
   <div class='ocr_carea' id='block_1_3' title="bbox 3724 302 3827 357">
    <p class='ocr_par' dir='ltr' id='par_1_3' title="bbox 3724 302 3827 357">
     <span class='ocr_line' id='line_1_3' title="bbox 3724 302 3827 357; baseline 0.029 -4"><span class='ocrx_word' id='word_1_4' title='bbox 3724 302 3827 357; x_wconf 63' lang='grc' dir='ltr'>ιειιι</span> 
     </span>
    </p>
   </div>
   <div class='ocr_carea' id='block_1_4' title="bbox 627 405 2226 484">
    <p class='ocr_par' dir='ltr' id='par_1_4' title="bbox 627 405 2205 475">
     <span class='ocr_line' id='line_1_4' title="bbox 627 405 2205 475; baseline -0.008 -6"><span class='ocrx_word' id='word_1_5' title='bbox 627 418 887 475; x_wconf 86' lang='lat' dir='ltr'><strong>errasset,</strong></span> <span class='ocrx_word' id='word_1_6' title='bbox 911 419 1057 464; x_wconf 81' lang='lat' dir='ltr'><strong>venit</strong></span> <span class='ocrx_word' id='word_1_7' title='bbox 1086 409 1140 462; x_wconf 89' lang='lat' dir='ltr'><strong>in</strong></span> <span class='ocrx_word' id='word_1_8' title='bbox 1172 406 1428 461; x_wconf 86' lang='lat' dir='ltr'><strong>Atticam.</strong></span> <span class='ocrx_word' id='word_1_9' title='bbox 1462 405 1772 460; x_wconf 79' lang='lat' dir='ltr'><strong>Adveniens</strong></span> <span class='ocrx_word' id='word_1_10' title='bbox 1798 413 2000 469; x_wconf 88' lang='lat' dir='ltr'><strong>autem,</strong></span> <span class='ocrx_word' id='word_1_11' title='bbox 2024 405 2205 458; x_wconf 91' lang='lat' dir='ltr'><strong>locum</strong></span> 
     </span>
    </p>
   </div>
   <div class='ocr_carea' id='block_1_5' title="bbox 2324 405 3833 484">
    <p class='ocr_par' dir='ltr' id='par_1_5' title="bbox 2324 407 3833 484">
     <span class='ocr_line' id='line_1_5' title="bbox 2324 407 3833 484; baseline 0.006 -22"><span class='ocrx_word' id='word_1_12' title='bbox 2324 410 2404 462; x_wconf 65' lang='lat' dir='ltr'><strong>tati</strong></span> <span class='ocrx_word' id='word_1_13' title='bbox 2431 409 2601 462; x_wconf 86' lang='grc' dir='ltr'>πολλὰ</span> <span class='ocrx_word' id='word_1_14' title='bbox 2632 409 2962 480; x_wconf 70' lang='grc' dir='ltr'><strong>πλανηθεῖσα</strong></span> <span class='ocrx_word' id='word_1_15' title='bbox 2982 407 3145 482; x_wconf 79' lang='grc' dir='ltr'>ἦλθεν</span> <span class='ocrx_word' id='word_1_16' title='bbox 3169 413 3224 464; x_wconf 79' lang='grc' dir='ltr'><strong>ἐν</strong></span> <span class='ocrx_word' id='word_1_17' title='bbox 3251 413 3319 484; x_wconf 82' lang='grc' dir='ltr'>τῇ</span> <span class='ocrx_word' id='word_1_18' title='bbox 3364 413 3592 484; x_wconf 79' lang='grc' dir='ltr'><strong>Ἀττικῇ.</strong></span> <span class='ocrx_word' id='word_1_19' title='bbox 3621 414 3833 471; x_wconf 73' lang='grc' dir='ltr'>Ἐλθοῦσα</span> 
     </span>
    </p>
   </div>
   <div class='ocr_carea' id='block_1_6' title="bbox 629 495 2213 573">
    <p class='ocr_par' dir='ltr' id='par_1_6' title="bbox 629 495 2213 573">
     <span class='ocr_line' id='line_1_6' title="bbox 629 495 2213 573; baseline -0.006 -15"><span class='ocrx_word' id='word_1_20' title='bbox 629 506 685 558; x_wconf 89' lang='lat' dir='ltr'><strong>in</strong></span> <span class='ocrx_word' id='word_1_21' title='bbox 715 516 876 573; x_wconf 83' lang='lat' dir='ltr'><strong>quem</strong></span> <span class='ocrx_word' id='word_1_22' title='bbox 908 507 1132 556; x_wconf 90' lang='lat' dir='ltr'><strong>venerat</strong></span> <span class='ocrx_word' id='word_1_23' title='bbox 1162 499 1374 554; x_wconf 88' lang='lat' dir='ltr'><strong>vocavit</strong></span> <span class='ocrx_word' id='word_1_24' title='bbox 1416 497 1672 553; x_wconf 87' lang='lat' dir='ltr'><strong>Eleusina</strong></span> <span class='ocrx_word' id='word_1_25' title='bbox 1691 537 1705 561; x_wconf 93' lang='lat'><strong>,</strong></span> <span class='ocrx_word' id='word_1_26' title='bbox 1731 511 1798 551; x_wconf 75' lang='lat' dir='ltr'><strong>ex</strong></span> <span class='ocrx_word' id='word_1_27' title='bbox 1832 495 1998 551; x_wconf 88' lang='lat' dir='ltr'><strong>verbo</strong></span> <span class='ocrx_word' id='word_1_28' title='bbox 2017 495 2213 566; x_wconf 77' lang='grc' dir='ltr'>ἐληλυ-</span> 
     </span>
    </p>
   </div>
   <div class='ocr_carea' id='block_1_7' title="bbox 629 587 2212 660">
    <p class='ocr_par' dir='ltr' id='par_1_7' title="bbox 629 587 2212 660">
     <span class='ocr_line' id='line_1_7' title="bbox 629 587 2212 660; baseline -0.006 -10"><span class='ocrx_word' id='word_1_29' title='bbox 629 597 802 650; x_wconf 82' lang='grc' dir='ltr'>θέναι.</span> <span class='ocrx_word' id='word_1_30' title='bbox 831 593 1028 648; x_wconf 77' lang='lat' dir='ltr'><strong>Didicit</strong></span> <span class='ocrx_word' id='word_1_31' title='bbox 1057 606 1187 647; x_wconf 88' lang='lat' dir='ltr'><strong>vero</strong></span> <span class='ocrx_word' id='word_1_32' title='bbox 1207 608 1238 646; x_wconf 88' lang='lat' dir='ltr'><strong>e</strong></span> <span class='ocrx_word' id='word_1_33' title='bbox 1265 589 1427 647; x_wconf 87' lang='lat' dir='ltr'><strong>Celeo</strong></span> <span class='ocrx_word' id='word_1_34' title='bbox 1451 597 1506 644; x_wconf 91' lang='lat' dir='ltr'><strong>et</strong></span> <span class='ocrx_word' id='word_1_35' title='bbox 1543 589 1900 660; x_wconf 87' lang='lat' dir='ltr'><strong>Triptolemo,</strong></span> <span class='ocrx_word' id='word_1_36' title='bbox 1947 587 2212 658; x_wconf 79' lang='lat' dir='ltr'><strong>virginem</strong></span> 
     </span>
    </p>
   </div>
   <div class='ocr_carea' id='block_1_8' title="bbox 630 679 2214 758">
    <p class='ocr_par' dir='ltr' id='par_1_8' title="bbox 630 679 2214 758">
     <span class='ocr_line' id='line_1_8' title="bbox 630 679 2214 758; baseline -0.006 -16"><span class='ocrx_word' id='word_1_37' title='bbox 630 697 844 758; x_wconf 80' lang='lat' dir='ltr'><strong>raptam</strong></span> <span class='ocrx_word' id='word_1_38' title='bbox 901 685 1073 741; x_wconf 91' lang='lat' dir='ltr'><strong>fuisse</strong></span> <span class='ocrx_word' id='word_1_39' title='bbox 1101 700 1133 738; x_wconf 87' lang='lat' dir='ltr'><strong>a</strong></span> <span class='ocrx_word' id='word_1_40' title='bbox 1176 683 1407 738; x_wconf 84' lang='lat' dir='ltr'><strong>Plutone</strong></span> <span class='ocrx_word' id='word_1_41' title='bbox 1458 690 1513 736; x_wconf 91' lang='lat' dir='ltr'><strong>et</strong></span> <span class='ocrx_word' id='word_1_42' title='bbox 1542 696 1667 737; x_wconf 88' lang='lat' dir='ltr'><strong>esse</strong></span> <span class='ocrx_word' id='word_1_43' title='bbox 1715 681 1772 736; x_wconf 92' lang='lat' dir='ltr'><strong>in</strong></span> <span class='ocrx_word' id='word_1_44' title='bbox 1827 679 2046 736; x_wconf 83' lang='lat' dir='ltr'><strong>inferis.</strong></span> <span class='ocrx_word' id='word_1_45' title='bbox 2077 679 2214 734; x_wconf 91' lang='lat' dir='ltr'><strong>Cum</strong></span> 
     </span>
    </p>
   </div>
   <div class='ocr_carea' id='block_1_9' title="bbox 629 769 2216 854">
    <p class='ocr_par' dir='ltr' id='par_1_9' title="bbox 629 769 2216 854">
     <span class='ocr_line' id='line_1_9' title="bbox 629 769 2216 854; baseline -0.009 -18"><span class='ocrx_word' id='word_1_46' title='bbox 629 783 797 854; x_wconf 83' lang='lat' dir='ltr'><strong>igitur</strong></span> <span class='ocrx_word' id='word_1_47' title='bbox 823 778 1112 835; x_wconf 85' lang='lat' dir='ltr'><strong>didicisset</strong></span> <span class='ocrx_word' id='word_1_48' title='bbox 1142 775 1242 830; x_wconf 89' lang='lat' dir='ltr'><strong>dea</strong></span> <span class='ocrx_word' id='word_1_49' title='bbox 1274 775 1400 837; x_wconf 90' lang='lat' dir='ltr'><strong>ista,</strong></span> <span class='ocrx_word' id='word_1_50' title='bbox 1438 772 1598 828; x_wconf 84' lang='lat' dir='ltr'><strong>linem</strong></span> <span class='ocrx_word' id='word_1_51' title='bbox 1627 772 1756 827; x_wconf 89' lang='lat' dir='ltr'><strong>fecit</strong></span> <span class='ocrx_word' id='word_1_52' title='bbox 1808 771 2035 826; x_wconf 89' lang='lat' dir='ltr'><strong>erroris.</strong></span> <span class='ocrx_word' id='word_1_53' title='bbox 2074 769 2216 825; x_wconf 87' lang='lat' dir='ltr'><strong>Gra-</strong></span> 
     </span>
    </p>
   </div>
   <div class='ocr_carea' id='block_1_10' title="bbox 622 861 2213 942">
    <p class='ocr_par' dir='ltr' id='par_1_10' title="bbox 622 861 2213 942">
     <span class='ocr_line' id='line_1_10' title="bbox 622 861 2213 942; baseline -0.013 -11"><span class='ocrx_word' id='word_1_54' title='bbox 622 875 737 931; x_wconf 85' lang='lat' dir='ltr'><strong>tias</strong></span> <span class='ocrx_word' id='word_1_55' title='bbox 773 885 942 942; x_wconf 80' lang='lat' dir='ltr'><strong>agens</strong></span> <span class='ocrx_word' id='word_1_56' title='bbox 970 867 1107 922; x_wconf 85' lang='lat' dir='ltr'><strong>viris</strong></span> <span class='ocrx_word' id='word_1_57' title='bbox 1124 881 1224 937; x_wconf 90' lang='lat' dir='ltr'><strong>pro</strong></span> <span class='ocrx_word' id='word_1_58' title='bbox 1247 864 1520 920; x_wconf 82' lang='lat' dir='ltr'><strong>beneficio</strong></span> <span class='ocrx_word' id='word_1_59' title='bbox 1548 863 1663 925; x_wconf 90' lang='lat' dir='ltr'><strong>illo,</strong></span> <span class='ocrx_word' id='word_1_60' title='bbox 1692 861 1842 917; x_wconf 84' lang='lat' dir='ltr'><strong>dedit</strong></span> <span class='ocrx_word' id='word_1_61' title='bbox 1871 862 1950 917; x_wconf 88' lang='lat' dir='ltr'><strong>eis</strong></span> <span class='ocrx_word' id='word_1_62' title='bbox 1981 861 2213 924; x_wconf 87' lang='lat' dir='ltr'><strong>semina,</strong></span> 
     </span>
    </p>
   </div>
   <div class='ocr_carea' id='block_1_11' title="bbox 631 951 2214 1024">
    <p class='ocr_par' dir='ltr' id='par_1_11' title="bbox 631 951 2214 1024">
     <span class='ocr_line' id='line_1_11' title="bbox 631 951 2214 1024; baseline -0.01 -5"><span class='ocrx_word' id='word_1_63' title='bbox 631 976 689 1020; x_wconf 87' lang='lat' dir='ltr'><strong>ut</strong></span> <span class='ocrx_word' id='word_1_64' title='bbox 730 963 1084 1024; x_wconf 82' lang='lat' dir='ltr'><strong>frumentum,</strong></span> <span class='ocrx_word' id='word_1_65' title='bbox 1147 955 1412 1012; x_wconf 86' lang='lat' dir='ltr'><strong>hordeum</strong></span> <span class='ocrx_word' id='word_1_66' title='bbox 1453 963 1507 1010; x_wconf 92' lang='lat' dir='ltr'><strong>ct</strong></span> <span class='ocrx_word' id='word_1_67' title='bbox 1559 953 1746 1019; x_wconf 85' lang='lat' dir='ltr'><strong>olera;</strong></span> <span class='ocrx_word' id='word_1_68' title='bbox 1810 953 2011 1008; x_wconf 89' lang='lat' dir='ltr'><strong>dicitur</strong></span> <span class='ocrx_word' id='word_1_69' title='bbox 2069 951 2214 1006; x_wconf 90' lang='lat' dir='ltr'><strong>enim</strong></span> 
     </span>
    </p>
   </div>
   <div class='ocr_carea' id='block_1_12' title="bbox 633 1043 2214 1127">
    <p class='ocr_par' dir='ltr' id='par_1_12' title="bbox 633 1043 2214 1127">
     <span class='ocr_line' id='line_1_12' title="bbox 633 1043 2214 1127; baseline -0.012 -14"><span class='ocrx_word' id='word_1_70' title='bbox 633 1059 850 1127; x_wconf 85' lang='lat' dir='ltr'><strong>frugum</strong></span> <span class='ocrx_word' id='word_1_71' title='bbox 885 1067 1090 1124; x_wconf 66' lang='lat' dir='ltr'><strong>praeses</strong></span> <span class='ocrx_word' id='word_1_72' title='bbox 1119 1065 1243 1106; x_wconf 86' lang='lat' dir='ltr'><strong>esse</strong></span> <span class='ocrx_word' id='word_1_73' title='bbox 1291 1048 1479 1104; x_wconf 91' lang='lat' dir='ltr'><strong>Ceres.</strong></span> <span class='ocrx_word' id='word_1_74' title='bbox 1526 1046 1662 1100; x_wconf 90' lang='lat' dir='ltr'><strong>Cum</strong></span> <span class='ocrx_word' id='word_1_75' title='bbox 1714 1045 1952 1100; x_wconf 84' lang='lat' dir='ltr'><strong>dedisset</strong></span> <span class='ocrx_word' id='word_1_76' title='bbox 1983 1043 2214 1106; x_wconf 85' lang='lat' dir='ltr'><strong>semina,</strong></span> 
     </span>
    </p>
   </div>
   <div class='ocr_carea' id='block_1_13' title="bbox 631 1135 2216 1205">
    <p class='ocr_par' dir='ltr' id='par_1_13' title="bbox 631 1135 2216 1205">
     <span class='ocr_line' id='line_1_13' title="bbox 631 1135 2216 1205; baseline -0.01 -2"><span class='ocrx_word' id='word_1_77' title='bbox 631 1148 970 1205; x_wconf 87' lang='lat' dir='ltr'><strong>dcditetiam</strong></span> <span class='ocrx_word' id='word_1_78' title='bbox 1009 1145 1278 1200; x_wconf 89' lang='lat' dir='ltr'><strong>dracones</strong></span> <span class='ocrx_word' id='word_1_79' title='bbox 1309 1150 1363 1196; x_wconf 90' lang='lat' dir='ltr'><strong>et</strong></span> <span class='ocrx_word' id='word_1_80' title='bbox 1391 1154 1588 1195; x_wconf 89' lang='lat' dir='ltr'><strong>currus</strong></span> <span class='ocrx_word' id='word_1_81' title='bbox 1621 1139 1724 1192; x_wconf 82' lang='lat' dir='ltr'><strong>alis</strong></span> <span class='ocrx_word' id='word_1_82' title='bbox 1751 1138 2072 1198; x_wconf 89' lang='lat' dir='ltr'><strong>instructos,</strong></span> <span class='ocrx_word' id='word_1_83' title='bbox 2105 1135 2216 1188; x_wconf 78' lang='lat' dir='ltr'><strong>cir-</strong></span> 
     </span>
    </p>
   </div>
   <div class='ocr_carea' id='block_1_14' title="bbox 632 1227 2212 1300">
    <p class='ocr_par' dir='ltr' id='par_1_14' title="bbox 632 1227 2212 1300">
     <span class='ocr_line' id='line_1_14' title="bbox 632 1227 2212 1300; baseline -0.015 0"><span class='ocrx_word' id='word_1_84' title='bbox 632 1241 927 1300; x_wconf 89' lang='lat' dir='ltr'><strong>cumeundi</strong></span> <span class='ocrx_word' id='word_1_85' title='bbox 978 1252 1146 1292; x_wconf 86' lang='lat' dir='ltr'><strong>causa</strong></span> <span class='ocrx_word' id='word_1_86' title='bbox 1197 1243 1252 1290; x_wconf 91' lang='lat' dir='ltr'><strong>et</strong></span> <span class='ocrx_word' id='word_1_87' title='bbox 1293 1231 1458 1287; x_wconf 88' lang='lat' dir='ltr'><strong>dandi</strong></span> <span class='ocrx_word' id='word_1_88' title='bbox 1497 1230 1755 1286; x_wconf 88' lang='lat' dir='ltr'><strong>omnibus</strong></span> <span class='ocrx_word' id='word_1_89' title='bbox 1790 1227 2123 1282; x_wconf 83' lang='lat' dir='ltr'><strong>frumentum</strong></span> <span class='ocrx_word' id='word_1_90' title='bbox 2159 1233 2212 1278; x_wconf 89' lang='lat' dir='ltr'><strong>et</strong></span> 
     </span>
    </p>
   </div>
   <div class='ocr_carea' id='block_1_15' title="bbox 636 1319 2216 1399">
    <p class='ocr_par' dir='ltr' id='par_1_15' title="bbox 636 1319 2216 1399">
     <span class='ocr_line' id='line_1_15' title="bbox 636 1319 2216 1399; baseline -0.015 -7"><span class='ocrx_word' id='word_1_91' title='bbox 636 1335 898 1392; x_wconf 87' lang='lat' dir='ltr'><strong>hordeum</strong></span> <span class='ocrx_word' id='word_1_92' title='bbox 926 1348 941 1399; x_wconf 90' lang='lat'><strong>;</strong></span> <span class='ocrx_word' id='word_1_93' title='bbox 975 1329 1219 1383; x_wconf 84' lang='lat' dir='ltr'><strong>nomium</strong></span> <span class='ocrx_word' id='word_1_94' title='bbox 1250 1326 1394 1380; x_wconf 86' lang='lat' dir='ltr'><strong>enim</strong></span> <span class='ocrx_word' id='word_1_95' title='bbox 1423 1323 1733 1378; x_wconf 86' lang='lat' dir='ltr'><strong>didicerant</strong></span> <span class='ocrx_word' id='word_1_96' title='bbox 1779 1319 2030 1374; x_wconf 84' lang='lat' dir='ltr'><strong>homines</strong></span> <span class='ocrx_word' id='word_1_97' title='bbox 2060 1332 2216 1370; x_wconf 86' lang='lat' dir='ltr'><strong>man-</strong></span> 
     </span>
    </p>
   </div>
   <div class='ocr_carea' id='block_1_16' title="bbox 633 1407 2217 1495">
    <p class='ocr_par' dir='ltr' id='par_1_16' title="bbox 633 1407 2217 1495">
     <span class='ocr_line' id='line_1_16' title="bbox 633 1407 2217 1495; baseline -0.015 -11"><span class='ocrx_word' id='word_1_98' title='bbox 633 1431 836 1484; x_wconf 85' lang='lat' dir='ltr'><strong>ducare</strong></span> <span class='ocrx_word' id='word_1_99' title='bbox 891 1437 1105 1495; x_wconf 82' lang='lat' dir='ltr'><strong>panem,</strong></span> <span class='ocrx_word' id='word_1_100' title='bbox 1155 1425 1248 1472; x_wconf 89' lang='lat' dir='ltr'><strong>aut</strong></span> <span class='ocrx_word' id='word_1_101' title='bbox 1292 1417 1370 1471; x_wconf 87' lang='lat' dir='ltr'><strong>uti</strong></span> <span class='ocrx_word' id='word_1_102' title='bbox 1430 1415 1725 1477; x_wconf 91' lang='lat' dir='ltr'><strong>frumento,</strong></span> <span class='ocrx_word' id='word_1_103' title='bbox 1779 1410 1872 1466; x_wconf 90' lang='lat' dir='ltr'><strong>sed</strong></span> <span class='ocrx_word' id='word_1_104' title='bbox 1924 1407 2217 1464; x_wconf 82' lang='lat' dir='ltr'><strong>nomadum</strong></span> 
     </span>
    </p>
   </div>
   <div class='ocr_carea' id='block_1_17' title="bbox 634 1495 2218 1583">
    <p class='ocr_par' dir='ltr' id='par_1_17' title="bbox 634 1495 2218 1583">
     <span class='ocr_line' id='line_1_17' title="bbox 634 1495 2218 1583; baseline -0.015 -12"><span class='ocrx_word' id='word_1_105' title='bbox 634 1517 801 1571; x_wconf 89' lang='lat' dir='ltr'><strong>vitam</strong></span> <span class='ocrx_word' id='word_1_106' title='bbox 828 1513 1061 1583; x_wconf 78' lang='lat' dir='ltr'><strong>agebant</strong></span> <span class='ocrx_word' id='word_1_107' title='bbox 1093 1525 1108 1560; x_wconf 91' lang='lat'><strong>:</strong></span> <span class='ocrx_word' id='word_1_108' title='bbox 1142 1521 1248 1560; x_wconf 91' lang='lat' dir='ltr'><strong>non</strong></span> <span class='ocrx_word' id='word_1_109' title='bbox 1291 1503 1453 1558; x_wconf 91' lang='lat' dir='ltr'><strong>modo</strong></span> <span class='ocrx_word' id='word_1_110' title='bbox 1513 1501 1872 1562; x_wconf 88' lang='lat' dir='ltr'><strong>frumentum,</strong></span> <span class='ocrx_word' id='word_1_111' title='bbox 1906 1497 1999 1554; x_wconf 88' lang='lat' dir='ltr'><strong>sed</strong></span> <span class='ocrx_word' id='word_1_112' title='bbox 2055 1495 2218 1551; x_wconf 91' lang='lat' dir='ltr'><strong>etiam</strong></span> 
     </span>
    </p>
   </div>
   <div class='ocr_carea' id='block_1_18' title="bbox 637 1587 2221 1664">
    <p class='ocr_par' dir='ltr' id='par_1_18' title="bbox 637 1587 2221 1664">
     <span class='ocr_line' id='line_1_18' title="bbox 637 1587 2221 1664; baseline -0.015 1"><span class='ocrx_word' id='word_1_113' title='bbox 637 1623 831 1664; x_wconf 90' lang='lat' dir='ltr'><strong>omnes</strong></span> <span class='ocrx_word' id='word_1_114' title='bbox 872 1602 1167 1661; x_wconf 80' lang='lat' dir='ltr'><strong>sctninales</strong></span> <span class='ocrx_word' id='word_1_115' title='bbox 1219 1598 1432 1652; x_wconf 89' lang='lat' dir='ltr'><strong>fructus</strong></span> <span class='ocrx_word' id='word_1_116' title='bbox 1460 1593 1631 1658; x_wconf 86' lang='lat' dir='ltr'><strong>dedit,</strong></span> <span class='ocrx_word' id='word_1_117' title='bbox 1657 1602 1712 1647; x_wconf 92' lang='lat' dir='ltr'><strong>et</strong></span> <span class='ocrx_word' id='word_1_118' title='bbox 1750 1591 2008 1663; x_wconf 81' lang='lat' dir='ltr'><strong>mysteria</strong></span> <span class='ocrx_word' id='word_1_119' title='bbox 2062 1587 2221 1644; x_wconf 90' lang='lat' dir='ltr'><strong>insti-</strong></span> 
     </span>
    </p>
   </div>
   <div class='ocr_carea' id='block_1_19' title="bbox 636 1680 2217 1764">
    <p class='ocr_par' dir='ltr' id='par_1_19' title="bbox 636 1680 2217 1764">
     <span class='ocr_line' id='line_1_19' title="bbox 636 1680 2217 1764; baseline -0.015 -7"><span class='ocrx_word' id='word_1_120' title='bbox 636 1702 742 1757; x_wconf 89' lang='lat' dir='ltr'><strong>tuit</strong></span> <span class='ocrx_word' id='word_1_121' title='bbox 770 1708 824 1755; x_wconf 90' lang='lat' dir='ltr'><strong>et</strong></span> <span class='ocrx_word' id='word_1_122' title='bbox 850 1697 1039 1752; x_wconf 89' lang='lat' dir='ltr'><strong>docuit</strong></span> <span class='ocrx_word' id='word_1_123' title='bbox 1073 1690 1348 1764; x_wconf 90' lang='lat' dir='ltr'><strong>quomodo</strong></span> <span class='ocrx_word' id='word_1_124' title='bbox 1376 1694 1594 1759; x_wconf 80' lang='lat' dir='ltr'><strong>oportet</strong></span> <span class='ocrx_word' id='word_1_125' title='bbox 1651 1685 1868 1740; x_wconf 87' lang='lat' dir='ltr'><strong>initiare</strong></span> <span class='ocrx_word' id='word_1_126' title='bbox 1897 1690 1951 1738; x_wconf 90' lang='lat' dir='ltr'><strong>et</strong></span> <span class='ocrx_word' id='word_1_127' title='bbox 1987 1680 2217 1736; x_wconf 85' lang='lat' dir='ltr'><strong>initiari.</strong></span> 
     </span>
    </p>
   </div>
   <div class='ocr_carea' id='block_1_20' title="bbox 2315 494 3806 571">
    <p class='ocr_par' dir='ltr' id='par_1_20' title="bbox 2315 494 3806 571">
     <span class='ocr_line' id='line_1_20' title="bbox 2315 494 3806 571; baseline 0.003 -20"><span class='ocrx_word' id='word_1_128' title='bbox 2315 499 2391 563; x_wconf 82' lang='grc' dir='ltr'><strong>δὲ,</strong></span> <span class='ocrx_word' id='word_1_129' title='bbox 2435 499 2529 552; x_wconf 79' lang='grc' dir='ltr'><strong>τὸν</strong></span> <span class='ocrx_word' id='word_1_130' title='bbox 2564 500 2660 568; x_wconf 85' lang='grc' dir='ltr'><strong>μὲν</strong></span> <span class='ocrx_word' id='word_1_131' title='bbox 2694 500 2858 553; x_wconf 84' lang='grc' dir='ltr'>τόπον</span> <span class='ocrx_word' id='word_1_132' title='bbox 2888 501 2944 552; x_wconf 74' lang='grc' dir='ltr'><strong>ἐν</strong></span> <span class='ocrx_word' id='word_1_133' title='bbox 2976 494 3018 567; x_wconf 80' lang='grc' dir='ltr'>ᾧ</span> <span class='ocrx_word' id='word_1_134' title='bbox 3050 496 3214 571; x_wconf 78' lang='grc' dir='ltr'>ἦλθεν</span> <span class='ocrx_word' id='word_1_135' title='bbox 3236 541 3250 564; x_wconf 93' lang='grc'><strong>,</strong></span> <span class='ocrx_word' id='word_1_136' title='bbox 3287 502 3542 555; x_wconf 78' lang='grc' dir='ltr'>ἐκάλεσεν</span> <span class='ocrx_word' id='word_1_137' title='bbox 3573 504 3806 557; x_wconf 75' lang='grc' dir='ltr'>Ἐλευσῖνα</span> 
     </span>
    </p>
   </div>
   <div class='ocr_carea' id='block_1_21' title="bbox 2319 591 3836 666">
    <p class='ocr_par' dir='ltr' id='par_1_21' title="bbox 2319 591 3836 666">
     <span class='ocr_line' id='line_1_21' title="bbox 2319 591 3836 666; baseline 0.003 -21"><span class='ocrx_word' id='word_1_138' title='bbox 2319 592 2468 664; x_wconf 77' lang='grc' dir='ltr'>παρὰ</span> <span class='ocrx_word' id='word_1_139' title='bbox 2496 592 2557 645; x_wconf 78' lang='grc' dir='ltr'><strong>τὸ</strong></span> <span class='ocrx_word' id='word_1_140' title='bbox 2586 591 2920 663; x_wconf 77' lang='grc' dir='ltr'><strong>ἐληλυθέναι.</strong></span> <span class='ocrx_word' id='word_1_141' title='bbox 2958 591 3166 663; x_wconf 82' lang='grc' dir='ltr'>Ἐμαθε</span> <span class='ocrx_word' id='word_1_142' title='bbox 3189 592 3244 646; x_wconf 84' lang='grc' dir='ltr'>δὲ</span> <span class='ocrx_word' id='word_1_143' title='bbox 3271 610 3349 646; x_wconf 85' lang='grc' dir='ltr'><strong>πα</strong></span> <span class='ocrx_word' id='word_1_144' title='bbox 3359 593 3428 666; x_wconf 72' lang='grc' dir='ltr'>ρὰ</span> <span class='ocrx_word' id='word_1_145' title='bbox 3457 595 3545 646; x_wconf 81' lang='grc' dir='ltr'>τοῦ</span> <span class='ocrx_word' id='word_1_146' title='bbox 3567 595 3740 648; x_wconf 68' lang='grc' dir='ltr'>Κελεοῦ</span> <span class='ocrx_word' id='word_1_147' title='bbox 3767 599 3836 651; x_wconf 76' lang='grc' dir='ltr'><strong>καὶ</strong></span> 
     </span>
    </p>
   </div>
   <div class='ocr_carea' id='block_1_22' title="bbox 2317 685 3835 757">
    <p class='ocr_par' dir='ltr' id='par_1_22' title="bbox 2317 685 3835 757">
     <span class='ocr_line' id='line_1_22' title="bbox 2317 685 3835 757; baseline 0.003 -20"><span class='ocrx_word' id='word_1_148' title='bbox 2317 685 2410 738; x_wconf 82' lang='grc' dir='ltr'>τοῦ</span> <span class='ocrx_word' id='word_1_149' title='bbox 2441 685 2842 756; x_wconf 78' lang='grc' dir='ltr'><strong>Τριπτολέμου,</strong></span> <span class='ocrx_word' id='word_1_150' title='bbox 2860 687 2941 738; x_wconf 83' lang='grc' dir='ltr'><strong>ὅτι</strong></span> <span class='ocrx_word' id='word_1_151' title='bbox 2972 687 3005 756; x_wconf 84' lang='grc' dir='ltr'>ἡ</span> <span class='ocrx_word' id='word_1_152' title='bbox 3042 686 3194 756; x_wconf 80' lang='grc' dir='ltr'>Κόρη</span> <span class='ocrx_word' id='word_1_153' title='bbox 3215 687 3444 757; x_wconf 81' lang='grc' dir='ltr'><strong>ἡρπάγη</strong></span> <span class='ocrx_word' id='word_1_154' title='bbox 3473 687 3571 740; x_wconf 80' lang='grc' dir='ltr'>ὑπὸ</span> <span class='ocrx_word' id='word_1_155' title='bbox 3598 687 3681 740; x_wconf 77' lang='grc' dir='ltr'>τοῦ</span> <span class='ocrx_word' id='word_1_156' title='bbox 3710 688 3835 741; x_wconf 63' lang='lat' dir='ltr'><strong>[lio-3-</strong></span> 
     </span>
    </p>
   </div>
   <div class='ocr_carea' id='block_1_23' title="bbox 2317 775 3840 850">
    <p class='ocr_par' dir='ltr' id='par_1_23' title="bbox 2317 775 3840 850">
     <span class='ocr_line' id='line_1_23' title="bbox 2317 775 3840 850; baseline 0.001 -20"><span class='ocrx_word' id='word_1_157' title='bbox 2317 793 2504 841; x_wconf 87' lang='grc' dir='ltr'>τωνος,</span> <span class='ocrx_word' id='word_1_158' title='bbox 2542 776 2636 830; x_wconf 72' lang='grc' dir='ltr'><strong>καὶ</strong></span> <span class='ocrx_word' id='word_1_159' title='bbox 2661 776 2806 830; x_wconf 81' lang='grc' dir='ltr'>ἔστιν</span> <span class='ocrx_word' id='word_1_160' title='bbox 2830 779 2888 831; x_wconf 86' lang='grc' dir='ltr'>ὲν</span> <span class='ocrx_word' id='word_1_161' title='bbox 2916 776 2994 848; x_wconf 81' lang='grc' dir='ltr'>τῷ</span> <span class='ocrx_word' id='word_1_162' title='bbox 3021 777 3140 847; x_wconf 74' lang='grc' dir='ltr'>ᾄδῃ.</span> <span class='ocrx_word' id='word_1_163' title='bbox 3173 778 3437 832; x_wconf 78' lang='grc' dir='ltr'><strong>Μαθοῦσα</strong></span> <span class='ocrx_word' id='word_1_164' title='bbox 3455 775 3543 832; x_wconf 76' lang='grc' dir='ltr'>οὖν</span> <span class='ocrx_word' id='word_1_165' title='bbox 3566 781 3597 850; x_wconf 82' lang='grc' dir='ltr'><strong>ἡ</strong></span> <span class='ocrx_word' id='word_1_166' title='bbox 3622 779 3840 842; x_wconf 52' lang='lat'><strong>05631-3-</strong></span> 
     </span>
    </p>
   </div>
   <div class='ocr_carea' id='block_1_24' title="bbox 2317 869 3839 941">
    <p class='ocr_par' dir='ltr' id='par_1_24' title="bbox 2317 869 3839 941">
     <span class='ocr_line' id='line_1_24' title="bbox 2317 869 3839 941; baseline 0.001 -19"><span class='ocrx_word' id='word_1_167' title='bbox 2317 887 2412 933; x_wconf 89' lang='grc' dir='ltr'><strong>τα,</strong></span> <span class='ocrx_word' id='word_1_168' title='bbox 2439 869 2594 941; x_wconf 75' lang='grc' dir='ltr'>ἔληξε</span> <span class='ocrx_word' id='word_1_169' title='bbox 2627 872 2726 940; x_wconf 86' lang='grc' dir='ltr'><strong>τῆς</strong></span> <span class='ocrx_word' id='word_1_170' title='bbox 2776 869 3002 941; x_wconf 80' lang='grc' dir='ltr'><strong>πλάνης.</strong></span> <span class='ocrx_word' id='word_1_171' title='bbox 3043 870 3408 941; x_wconf 75' lang='grc' dir='ltr'>’Λμειϐομὲνη</span> <span class='ocrx_word' id='word_1_172' title='bbox 3439 870 3495 923; x_wconf 77' lang='grc' dir='ltr'>δὲ</span> <span class='ocrx_word' id='word_1_173' title='bbox 3536 872 3651 932; x_wconf 69' lang='grc' dir='ltr'>τοὺς</span> <span class='ocrx_word' id='word_1_174' title='bbox 3687 871 3839 941; x_wconf 74' lang='grc' dir='ltr'>ἄνδρας</span> 
     </span>
    </p>
   </div>
   <div class='ocr_carea' id='block_1_25' title="bbox 2321 960 3838 1033">
    <p class='ocr_par' dir='ltr' id='par_1_25' title="bbox 2321 960 3838 1033">
     <span class='ocr_line' id='line_1_25' title="bbox 2321 960 3838 1033; baseline -0.002 -18"><span class='ocrx_word' id='word_1_175' title='bbox 2321 963 2461 1033; x_wconf 83' lang='grc' dir='ltr'>ὑπὲρ</span> <span class='ocrx_word' id='word_1_176' title='bbox 2486 962 2587 1032; x_wconf 78' lang='grc' dir='ltr'>τῆς</span> <span class='ocrx_word' id='word_1_177' title='bbox 2616 961 2835 1030; x_wconf 85' lang='grc' dir='ltr'>χάριτος</span> <span class='ocrx_word' id='word_1_178' title='bbox 2863 961 3068 1033; x_wconf 83' lang='grc' dir='ltr'><strong>ταύτης</strong></span> <span class='ocrx_word' id='word_1_179' title='bbox 3088 1005 3102 1029; x_wconf 91' lang='grc'><strong>,</strong></span> <span class='ocrx_word' id='word_1_180' title='bbox 3127 961 3361 1015; x_wconf 86' lang='grc' dir='ltr'>δέδωκεν</span> <span class='ocrx_word' id='word_1_181' title='bbox 3392 961 3571 1023; x_wconf 80' lang='grc' dir='ltr'>αὐτοῖς</span> <span class='ocrx_word' id='word_1_182' title='bbox 3609 960 3672 1012; x_wconf 79' lang='grc' dir='ltr'>τὰ</span> <span class='ocrx_word' id='word_1_183' title='bbox 3711 963 3838 1032; x_wconf 81' lang='grc' dir='ltr'>σπέρ-</span> 
     </span>
    </p>
   </div>
   <div class='ocr_carea' id='block_1_26' title="bbox 2323 1048 3840 1125">
    <p class='ocr_par' dir='ltr' id='par_1_26' title="bbox 2323 1048 3840 1125">
     <span class='ocr_line' id='line_1_26' title="bbox 2323 1048 3840 1125; baseline -0.003 -18"><span class='ocrx_word' id='word_1_184' title='bbox 2323 1071 2488 1124; x_wconf 78' lang='grc' dir='ltr'>ματα,</span> <span class='ocrx_word' id='word_1_185' title='bbox 2515 1048 2625 1106; x_wconf 76' lang='grc' dir='ltr'>οἷον</span> <span class='ocrx_word' id='word_1_186' title='bbox 2659 1056 2800 1106; x_wconf 87' lang='grc' dir='ltr'>σῖτον</span> <span class='ocrx_word' id='word_1_187' title='bbox 2821 1095 2834 1118; x_wconf 94' lang='grc'><strong>,</strong></span> <span class='ocrx_word' id='word_1_188' title='bbox 2862 1053 3076 1125; x_wconf 77' lang='grc' dir='ltr'><strong>κριθὴν,</strong></span> <span class='ocrx_word' id='word_1_189' title='bbox 3113 1055 3208 1106; x_wconf 72' lang='grc' dir='ltr'>καὶ</span> <span class='ocrx_word' id='word_1_190' title='bbox 3236 1052 3466 1124; x_wconf 74' lang='grc' dir='ltr'>ὄσπριον</span> <span class='ocrx_word' id='word_1_191' title='bbox 3492 1069 3505 1083; x_wconf 77' lang='grc'><strong>⁸</strong></span> <span class='ocrx_word' id='word_1_192' title='bbox 3545 1051 3738 1120; x_wconf 80' lang='grc' dir='ltr'>λέγεται</span> <span class='ocrx_word' id='word_1_193' title='bbox 3764 1051 3840 1121; x_wconf 74' lang='grc' dir='ltr'>γὰρ</span> 
     </span>
    </p>
   </div>
   <div class='ocr_carea' id='block_1_27' title="bbox 2317 1142 3838 1218">
    <p class='ocr_par' dir='ltr' id='par_1_27' title="bbox 2317 1142 3838 1218">
     <span class='ocr_line' id='line_1_27' title="bbox 2317 1142 3838 1218; baseline 0 -18"><span class='ocrx_word' id='word_1_194' title='bbox 2317 1148 2426 1201; x_wconf 86' lang='grc' dir='ltr'><strong>τῶν</strong></span> <span class='ocrx_word' id='word_1_195' title='bbox 2459 1147 2847 1218; x_wconf 78' lang='grc' dir='ltr'>σπερματικῶν</span> <span class='ocrx_word' id='word_1_196' title='bbox 2888 1147 3117 1216; x_wconf 80' lang='grc' dir='ltr'>καρπῶν</span> <span class='ocrx_word' id='word_1_197' title='bbox 3153 1142 3293 1201; x_wconf 75' lang='grc' dir='ltr'>εἶναι</span> <span class='ocrx_word' id='word_1_198' title='bbox 3329 1146 3521 1218; x_wconf 69' lang='grc' dir='ltr'>ἔφορος</span> <span class='ocrx_word' id='word_1_199' title='bbox 3551 1148 3582 1216; x_wconf 81' lang='grc' dir='ltr'>ἡ</span> <span class='ocrx_word' id='word_1_200' title='bbox 3613 1147 3838 1215; x_wconf 72' lang='grc' dir='ltr'>Δημήτηρ.</span> 
     </span>
    </p>
   </div>
   <div class='ocr_carea' id='block_1_28' title="bbox 2320 1239 3840 1316">
    <p class='ocr_par' dir='ltr' id='par_1_28' title="bbox 2320 1239 3840 1316">
     <span class='ocr_line' id='line_1_28' title="bbox 2320 1239 3840 1316; baseline -0.002 -24"><span class='ocrx_word' id='word_1_201' title='bbox 2320 1240 2495 1294; x_wconf 75' lang='grc' dir='ltr'>Δοῦσα</span> <span class='ocrx_word' id='word_1_202' title='bbox 2538 1239 2593 1292; x_wconf 77' lang='grc' dir='ltr'><strong>δὲ</strong></span> <span class='ocrx_word' id='word_1_203' title='bbox 2639 1239 2707 1292; x_wconf 82' lang='grc' dir='ltr'>τὰ</span> <span class='ocrx_word' id='word_1_204' title='bbox 2761 1241 3073 1311; x_wconf 86' lang='grc' dir='ltr'>σπέρματα,</span> <span class='ocrx_word' id='word_1_205' title='bbox 3097 1240 3297 1316; x_wconf 81' lang='grc' dir='ltr'>δέδωκε</span> <span class='ocrx_word' id='word_1_206' title='bbox 3348 1239 3444 1292; x_wconf 78' lang='grc' dir='ltr'><strong>καὶ</strong></span> <span class='ocrx_word' id='word_1_207' title='bbox 3485 1239 3754 1311; x_wconf 83' lang='grc' dir='ltr'>δράκοντας</span> <span class='ocrx_word' id='word_1_208' title='bbox 3775 1239 3840 1290; x_wconf 77' lang='grc' dir='ltr'>καὶ</span> 
     </span>
    </p>
   </div>
   <div class='ocr_carea' id='block_1_29' title="bbox 2323 1329 3840 1406">
    <p class='ocr_par' dir='ltr' id='par_1_29' title="bbox 2323 1329 3840 1406">
     <span class='ocr_line' id='line_1_29' title="bbox 2323 1329 3840 1406; baseline -0.005 -18"><span class='ocrx_word' id='word_1_209' title='bbox 2323 1336 2541 1406; x_wconf 72' lang='grc' dir='ltr'>ἅρματα</span> <span class='ocrx_word' id='word_1_210' title='bbox 2580 1333 2832 1404; x_wconf 83' lang='grc' dir='ltr'>πτερωτὰ</span> <span class='ocrx_word' id='word_1_211' title='bbox 2862 1333 2998 1403; x_wconf 79' lang='grc' dir='ltr'>πρὸς</span> <span class='ocrx_word' id='word_1_212' title='bbox 3025 1333 3084 1385; x_wconf 68' lang='grc' dir='ltr'>τὸ</span> <span class='ocrx_word' id='word_1_213' title='bbox 3109 1331 3415 1404; x_wconf 76' lang='grc' dir='ltr'>περιελθεῖν</span> <span class='ocrx_word' id='word_1_214' title='bbox 3439 1331 3531 1383; x_wconf 69' lang='grc' dir='ltr'><strong>καὶ</strong></span> <span class='ocrx_word' id='word_1_215' title='bbox 3555 1329 3720 1382; x_wconf 72' lang='grc' dir='ltr'>δοῦναι</span> <span class='ocrx_word' id='word_1_216' title='bbox 3747 1332 3840 1381; x_wconf 71' lang='grc' dir='ltr'>πᾶσι</span> 
     </span>
    </p>
   </div>
   <div class='ocr_carea' id='block_1_30' title="bbox 2321 1422 3840 1498">
    <p class='ocr_par' dir='ltr' id='par_1_30' title="bbox 2321 1422 3840 1498">
     <span class='ocr_line' id='line_1_30' title="bbox 2321 1422 3840 1498; baseline -0.005 -17"><span class='ocrx_word' id='word_1_217' title='bbox 2321 1428 2412 1481; x_wconf 77' lang='grc' dir='ltr'><strong>τὸν</strong></span> <span class='ocrx_word' id='word_1_218' title='bbox 2441 1431 2585 1480; x_wconf 90' lang='grc' dir='ltr'>σῖτον</span> <span class='ocrx_word' id='word_1_219' title='bbox 2634 1428 2729 1481; x_wconf 76' lang='grc' dir='ltr'><strong>καὶ</strong></span> <span class='ocrx_word' id='word_1_220' title='bbox 2770 1427 2866 1496; x_wconf 75' lang='grc' dir='ltr'>τὴν</span> <span class='ocrx_word' id='word_1_221' title='bbox 2900 1426 3095 1498; x_wconf 72' lang='grc' dir='ltr'>κριθὴν</span> <span class='ocrx_word' id='word_1_222' title='bbox 3115 1444 3128 1456; x_wconf 91' lang='grc'>·</span> <span class='ocrx_word' id='word_1_223' title='bbox 3159 1425 3316 1479; x_wconf 79' lang='grc' dir='ltr'>οὔπω</span> <span class='ocrx_word' id='word_1_224' title='bbox 3343 1425 3454 1494; x_wconf 72' lang='grc' dir='ltr'><strong>γὰρ</strong></span> <span class='ocrx_word' id='word_1_225' title='bbox 3492 1423 3692 1494; x_wconf 74' lang='grc' dir='ltr'>ᾔδεισαν</span> <span class='ocrx_word' id='word_1_226' title='bbox 3719 1424 3757 1474; x_wconf 81' lang='lat' dir='ltr'><strong>oi</strong></span> <span class='ocrx_word' id='word_1_227' title='bbox 3783 1422 3840 1474; x_wconf 76' lang='grc' dir='ltr'><strong>ἇν-</strong></span> 
     </span>
    </p>
   </div>
   <div class='ocr_carea' id='block_1_31' title="bbox 2323 1515 3836 1593">
    <p class='ocr_par' dir='ltr' id='par_1_31' title="bbox 2323 1515 3836 1593">
     <span class='ocr_line' id='line_1_31' title="bbox 2323 1515 3836 1593; baseline -0.007 -18"><span class='ocrx_word' id='word_1_228' title='bbox 2323 1522 2528 1593; x_wconf 86' lang='grc' dir='ltr'>θρωποι</span> <span class='ocrx_word' id='word_1_229' title='bbox 2569 1521 2767 1573; x_wconf 80' lang='grc' dir='ltr'>ἐσθίειν</span> <span class='ocrx_word' id='word_1_230' title='bbox 2805 1521 2989 1589; x_wconf 84' lang='grc' dir='ltr'>ἄρτον,</span> <span class='ocrx_word' id='word_1_231' title='bbox 3022 1518 3053 1589; x_wconf 82' lang='grc' dir='ltr'><strong>ἢ</strong></span> <span class='ocrx_word' id='word_1_232' title='bbox 3099 1518 3336 1590; x_wconf 76' lang='grc' dir='ltr'>χρῆσθαι</span> <span class='ocrx_word' id='word_1_233' title='bbox 3375 1518 3506 1585; x_wconf 72' lang='grc' dir='ltr'>σίτῳ</span> <span class='ocrx_word' id='word_1_234' title='bbox 3527 1556 3540 1576; x_wconf 87' lang='grc'><strong>,</strong></span> <span class='ocrx_word' id='word_1_235' title='bbox 3572 1515 3694 1568; x_wconf 82' lang='grc' dir='ltr'><strong>ἁλλά</strong></span> <span class='ocrx_word' id='word_1_236' title='bbox 3722 1531 3836 1581; x_wconf 47' lang='lat' dir='ltr'><strong>voca.</strong></span> 
     </span>
    </p>
   </div>
   <div class='ocr_carea' id='block_1_32' title="bbox 2323 1604 3840 1681">
    <p class='ocr_par' dir='ltr' id='par_1_32' title="bbox 2323 1604 3840 1681">
     <span class='ocr_line' id='line_1_32' title="bbox 2323 1604 3840 1681; baseline -0.008 -15"><span class='ocrx_word' id='word_1_237' title='bbox 2323 1612 2468 1666; x_wconf 77' lang='lat' dir='ltr'>6tx6v</span> <span class='ocrx_word' id='word_1_238' title='bbox 2511 1611 2624 1681; x_wconf 84' lang='grc' dir='ltr'>βίον</span> <span class='ocrx_word' id='word_1_239' title='bbox 2670 1610 2806 1676; x_wconf 78' lang='grc' dir='ltr'><strong>ἕξων</strong></span> <span class='ocrx_word' id='word_1_240' title='bbox 2832 1626 2845 1640; x_wconf 89' lang='grc'>·</span> <span class='ocrx_word' id='word_1_241' title='bbox 2873 1610 2936 1663; x_wconf 79' lang='grc' dir='ltr'><strong>οὐ</strong></span> <span class='ocrx_word' id='word_1_242' title='bbox 2989 1611 3146 1681; x_wconf 83' lang='grc' dir='ltr'>μόνον</span> <span class='ocrx_word' id='word_1_243' title='bbox 3177 1610 3233 1663; x_wconf 81' lang='grc' dir='ltr'>δὲ</span> <span class='ocrx_word' id='word_1_244' title='bbox 3285 1609 3376 1662; x_wconf 78' lang='grc' dir='ltr'><strong>τὸν</strong></span> <span class='ocrx_word' id='word_1_245' title='bbox 3431 1611 3603 1670; x_wconf 89' lang='grc' dir='ltr'>σῖτον,</span> <span class='ocrx_word' id='word_1_246' title='bbox 3640 1604 3753 1658; x_wconf 69' lang='grc' dir='ltr'>ἀλλὰ</span> <span class='ocrx_word' id='word_1_247' title='bbox 3778 1604 3840 1655; x_wconf 74' lang='grc' dir='ltr'><strong>καὶ</strong></span> 
     </span>
    </p>
   </div>
   <div class='ocr_carea' id='block_1_33' title="bbox 2327 1694 3939 1774">
    <p class='ocr_par' dir='ltr' id='par_1_33' title="bbox 2327 1694 3939 1774">
     <span class='ocr_line' id='line_1_33' title="bbox 2327 1694 3939 1774; baseline -0.008 -16"><span class='ocrx_word' id='word_1_248' title='bbox 2327 1704 2533 1767; x_wconf 78' lang='grc' dir='ltr'>πάντας</span> <span class='ocrx_word' id='word_1_249' title='bbox 2570 1705 2697 1766; x_wconf 73' lang='grc' dir='ltr'>τοὺς</span> <span class='ocrx_word' id='word_1_250' title='bbox 2727 1703 3134 1774; x_wconf 76' lang='grc' dir='ltr'>σπερματικοὺς</span> <span class='ocrx_word' id='word_1_251' title='bbox 3181 1702 3430 1771; x_wconf 76' lang='grc' dir='ltr'>καρποὺς</span> <span class='ocrx_word' id='word_1_252' title='bbox 3450 1699 3637 1751; x_wconf 84' lang='grc' dir='ltr'>δέδωκε</span> <span class='ocrx_word' id='word_1_253' title='bbox 3661 1714 3674 1727; x_wconf 76' lang='grc' dir='ltr'><strong>ο</strong></span> <span class='ocrx_word' id='word_1_254' title='bbox 3702 1696 3774 1749; x_wconf 71' lang='grc' dir='ltr'>καὶ</span> <span class='ocrx_word' id='word_1_255' title='bbox 3793 1694 3840 1746; x_wconf 70' lang='grc' dir='ltr'><strong>τὰ</strong></span> 
     </span>
    </p>
   </div>
   <div class='ocr_carea' id='block_1_34' title="bbox 636 1763 2226 1873">
    <p class='ocr_par' dir='ltr' id='par_1_34' title="bbox 636 1763 2226 1859">
     <span class='ocr_line' id='line_1_34' title="bbox 636 1763 2226 1859; baseline -0.016 -9"><span class='ocrx_word' id='word_1_256' title='bbox 636 1795 811 1849; x_wconf 85' lang='lat' dir='ltr'><strong>Noctu</strong></span> <span class='ocrx_word' id='word_1_257' title='bbox 871 1797 1051 1844; x_wconf 89' lang='lat' dir='ltr'><strong>autem</strong></span> <span class='ocrx_word' id='word_1_258' title='bbox 1093 1763 1512 1856; x_wconf 77' lang='lat' dir='ltr'><strong>peragebantur</strong></span> <span class='ocrx_word' id='word_1_259' title='bbox 1574 1778 1832 1849; x_wconf 81' lang='lat' dir='ltr'><strong>mysteria</strong></span> <span class='ocrx_word' id='word_1_260' title='bbox 1886 1777 1941 1830; x_wconf 88' lang='lat' dir='ltr'><strong>in</strong></span> <span class='ocrx_word' id='word_1_261' title='bbox 2005 1773 2226 1859; x_wconf 52' lang='lat' dir='ltr'><strong>Eleusii</strong></span> 
     </span>
    </p>
   </div>
   <div class='ocr_carea' id='block_1_35' title="bbox 2324 1763 3939 1873">
    <p class='ocr_par' dir='ltr' id='par_1_35' title="bbox 2331 1763 3939 1867">
     <span class='ocr_line' id='line_1_35' title="bbox 2331 1763 3939 1867; baseline -0.008 -19"><span class='ocrx_word' id='word_1_262' title='bbox 2331 1797 2603 1867; x_wconf 84' lang='grc' dir='ltr'>μυστήρια</span> <span class='ocrx_word' id='word_1_263' title='bbox 2635 1795 2880 1847; x_wconf 74' lang='grc' dir='ltr'>ἐτέλεσεν</span> <span class='ocrx_word' id='word_1_264' title='bbox 2917 1795 3120 1856; x_wconf 79' lang='grc' dir='ltr'>αὐτοῖς,</span> <span class='ocrx_word' id='word_1_265' title='bbox 3153 1793 3248 1845; x_wconf 68' lang='grc' dir='ltr'><strong>καὶ</strong></span> <span class='ocrx_word' id='word_1_266' title='bbox 3287 1789 3459 1855; x_wconf 78' lang='grc' dir='ltr'>ἔδειξε</span> <span class='ocrx_word' id='word_1_267' title='bbox 3492 1789 3601 1852; x_wconf 84' lang='grc' dir='ltr'><strong>πῶς</strong></span> <span class='ocrx_word' id='word_1_268' title='bbox 3627 1788 3696 1841; x_wconf 84' lang='grc' dir='ltr'><strong>δεῖ</strong></span> <span class='ocrx_word' id='word_1_269' title='bbox 3720 1785 3841 1839; x_wconf 79' lang='grc' dir='ltr'>τελεῖν</span> <span class='ocrx_word' id='word_1_270' title='bbox 3937 1763 3939 1828; x_wconf 47' lang='grc' dir='ltr'>ἶ</span> 
     </span>
    </p>
   </div>
   <div class='ocr_carea' id='block_1_36' title="bbox 637 1864 2220 1957">
    <p class='ocr_par' dir='ltr' id='par_1_36' title="bbox 637 1864 2220 1957">
     <span class='ocr_line' id='line_1_36' title="bbox 637 1864 2220 1957; baseline -0.017 -13"><span class='ocrx_word' id='word_1_271' title='bbox 637 1887 896 1957; x_wconf 86' lang='lat' dir='ltr'><strong>templum</strong></span> <span class='ocrx_word' id='word_1_272' title='bbox 937 1881 1084 1937; x_wconf 89' lang='lat' dir='ltr'><strong>enim</strong></span> <span class='ocrx_word' id='word_1_273' title='bbox 1121 1878 1210 1931; x_wconf 89' lang='lat' dir='ltr'><strong>hic</strong></span> <span class='ocrx_word' id='word_1_274' title='bbox 1242 1875 1553 1930; x_wconf 87' lang='lat' dir='ltr'><strong>dedicatum</strong></span> <span class='ocrx_word' id='word_1_275' title='bbox 1591 1872 1694 1926; x_wconf 91' lang='lat' dir='ltr'><strong>fuit</strong></span> <span class='ocrx_word' id='word_1_276' title='bbox 1735 1869 1838 1940; x_wconf 86' lang='lat' dir='ltr'><strong>ipsi</strong></span> <span class='ocrx_word' id='word_1_277' title='bbox 1867 1867 2072 1924; x_wconf 88' lang='lat' dir='ltr'><strong>Cereri.</strong></span> <span class='ocrx_word' id='word_1_278' title='bbox 2125 1864 2220 1918; x_wconf 86' lang='lat' dir='ltr'><strong>Di-</strong></span> 
     </span>
    </p>
   </div>
   <div class='ocr_carea' id='block_1_37' title="bbox 635 1957 2224 2039">
    <p class='ocr_par' dir='ltr' id='par_1_37' title="bbox 635 1957 2224 2039">
     <span class='ocr_line' id='line_1_37' title="bbox 635 1957 2224 2039; baseline -0.016 -2"><span class='ocrx_word' id='word_1_279' title='bbox 635 1983 712 2037; x_wconf 90' lang='lat' dir='ltr'><strong>cit</strong></span> <span class='ocrx_word' id='word_1_280' title='bbox 734 1987 936 2039; x_wconf 78' lang='lat' dir='ltr'><strong>autem,</strong></span> <span class='ocrx_word' id='word_1_281' title='bbox 965 1973 1024 2026; x_wconf 84' lang='lat' dir='ltr'><strong>Et</strong></span> <span class='ocrx_word' id='word_1_282' title='bbox 1051 1973 1168 2026; x_wconf 67' lang='lat' dir='ltr'><strong>haec</strong></span> <span class='ocrx_word' id='word_1_283' title='bbox 1202 1969 1330 2023; x_wconf 91' lang='lat' dir='ltr'><strong>facit</strong></span> <span class='ocrx_word' id='word_1_284' title='bbox 1389 1975 1443 2022; x_wconf 89' lang='lat' dir='ltr'><strong>et</strong></span> <span class='ocrx_word' id='word_1_285' title='bbox 1477 1967 1592 2020; x_wconf 58' lang='lat' dir='ltr'><strong>hinc</strong></span> <span class='ocrx_word' id='word_1_286' title='bbox 1623 1963 1854 2034; x_wconf 90' lang='lat' dir='ltr'><strong>patitur,</strong></span> <span class='ocrx_word' id='word_1_287' title='bbox 1889 1960 2016 2030; x_wconf 84' lang='lat' dir='ltr'><strong>quia</strong></span> <span class='ocrx_word' id='word_1_288' title='bbox 2058 1957 2224 2013; x_wconf 86' lang='lat' dir='ltr'><strong>Ceres</strong></span> 
     </span>
    </p>
   </div>
   <div class='ocr_carea' id='block_1_38' title="bbox 641 2047 2224 2124">
    <p class='ocr_par' dir='ltr' id='par_1_38' title="bbox 641 2047 2224 2124">
     <span class='ocr_line' id='line_1_38' title="bbox 641 2047 2224 2124; baseline -0.016 0"><span class='ocrx_word' id='word_1_289' title='bbox 641 2069 770 2124; x_wconf 79' lang='lat' dir='ltr'><strong>felix</strong></span> <span class='ocrx_word' id='word_1_290' title='bbox 803 2065 905 2120; x_wconf 88' lang='lat' dir='ltr'><strong>fuit</strong></span> <span class='ocrx_word' id='word_1_291' title='bbox 942 2059 1208 2117; x_wconf 84' lang='lat' dir='ltr'><strong>discendo</strong></span> <span class='ocrx_word' id='word_1_292' title='bbox 1253 2057 1378 2111; x_wconf 62' lang='lat' dir='ltr'><strong>filia:</strong></span> <span class='ocrx_word' id='word_1_293' title='bbox 1409 2053 1658 2120; x_wconf 88' lang='lat' dir='ltr'><strong>(sortem)</strong></span> <span class='ocrx_word' id='word_1_294' title='bbox 1689 2060 1743 2106; x_wconf 89' lang='lat' dir='ltr'><strong>et</strong></span> <span class='ocrx_word' id='word_1_295' title='bbox 1777 2050 1938 2104; x_wconf 86' lang='lat' dir='ltr'><strong>ﬁnem</strong></span> <span class='ocrx_word' id='word_1_296' title='bbox 1985 2047 2116 2103; x_wconf 85' lang='lat' dir='ltr'><strong>fecit</strong></span> <span class='ocrx_word' id='word_1_297' title='bbox 2143 2060 2224 2101; x_wconf 86' lang='lat' dir='ltr'><strong>er-</strong></span> 
     </span>
    </p>
   </div>
   <div class='ocr_carea' id='block_1_39' title="bbox 635 2139 2227 2227">
    <p class='ocr_par' dir='ltr' id='par_1_39' title="bbox 635 2139 2227 2227">
     <span class='ocr_line' id='line_1_39' title="bbox 635 2139 2227 2227; baseline -0.016 -8"><span class='ocrx_word' id='word_1_298' title='bbox 635 2162 803 2227; x_wconf 86' lang='lat' dir='ltr'><strong>roris,</strong></span> <span class='ocrx_word' id='word_1_299' title='bbox 853 2166 908 2214; x_wconf 92' lang='lat' dir='ltr'><strong>et</strong></span> <span class='ocrx_word' id='word_1_300' title='bbox 933 2153 1062 2225; x_wconf 87' lang='lat' dir='ltr'><strong>quia</strong></span> <span class='ocrx_word' id='word_1_301' title='bbox 1107 2166 1171 2206; x_wconf 92' lang='lat' dir='ltr'><strong>ea</strong></span> <span class='ocrx_word' id='word_1_302' title='bbox 1222 2147 1545 2204; x_wconf 88' lang='lat' dir='ltr'><strong>beneficium</strong></span> <span class='ocrx_word' id='word_1_303' title='bbox 1583 2144 1766 2198; x_wconf 86' lang='lat' dir='ltr'><strong>intulit</strong></span> <span class='ocrx_word' id='word_1_304' title='bbox 1815 2143 1918 2202; x_wconf 87' lang='lat' dir='ltr'><strong>eis,</strong></span> <span class='ocrx_word' id='word_1_305' title='bbox 1959 2139 2096 2196; x_wconf 88' lang='lat' dir='ltr'><strong>dans</strong></span> <span class='ocrx_word' id='word_1_306' title='bbox 2143 2153 2227 2194; x_wconf 88' lang='lat' dir='ltr'><strong>se-</strong></span> 
     </span>
    </p>
   </div>
   <div class='ocr_carea' id='block_1_40' title="bbox 637 2233 2228 2317">
    <p class='ocr_par' dir='ltr' id='par_1_40' title="bbox 637 2233 2228 2317">
     <span class='ocr_line' id='line_1_40' title="bbox 637 2233 2228 2317; baseline -0.017 -6"><span class='ocrx_word' id='word_1_307' title='bbox 637 2254 831 2317; x_wconf 87' lang='lat' dir='ltr'><strong>mina,</strong></span> <span class='ocrx_word' id='word_1_308' title='bbox 901 2257 956 2304; x_wconf 91' lang='lat' dir='ltr'><strong>et</strong></span> <span class='ocrx_word' id='word_1_309' title='bbox 1019 2253 1266 2300; x_wconf 86' lang='lat' dir='ltr'><strong>statuens</strong></span> <span class='ocrx_word' id='word_1_310' title='bbox 1347 2238 1624 2309; x_wconf 78' lang='lat' dir='ltr'><strong>mysteria.</strong></span> <span class='ocrx_word' id='word_1_311' title='bbox 1707 2233 1970 2304; x_wconf 83' lang='lat' dir='ltr'><strong>Cognovit</strong></span> <span class='ocrx_word' id='word_1_312' title='bbox 2047 2238 2228 2286; x_wconf 81' lang='lat' dir='ltr'><strong>autem</strong></span> 
     </span>
    </p>
   </div>
   <div class='ocr_carea' id='block_1_41' title="bbox 639 2324 2229 2404">
    <p class='ocr_par' dir='ltr' id='par_1_41' title="bbox 639 2324 2229 2404">
     <span class='ocr_line' id='line_1_41' title="bbox 639 2324 2229 2404; baseline -0.016 -3"><span class='ocrx_word' id='word_1_313' title='bbox 639 2344 855 2400; x_wconf 86' lang='lat' dir='ltr'><strong>Eleusis</strong></span> <span class='ocrx_word' id='word_1_314' title='bbox 879 2339 1018 2401; x_wconf 84' lang='lat' dir='ltr'><strong>haec,</strong></span> <span class='ocrx_word' id='word_1_315' title='bbox 1053 2335 1121 2390; x_wconf 87' lang='lat' dir='ltr'><strong>de</strong></span> <span class='ocrx_word' id='word_1_316' title='bbox 1167 2347 1307 2404; x_wconf 86' lang='lat' dir='ltr'><strong>pago</strong></span> <span class='ocrx_word' id='word_1_317' title='bbox 1338 2331 1494 2390; x_wconf 88' lang='lat' dir='ltr'><strong>dicit,</strong></span> <span class='ocrx_word' id='word_1_318' title='bbox 1541 2329 1594 2382; x_wconf 88' lang='lat' dir='ltr'><strong>in</strong></span> <span class='ocrx_word' id='word_1_319' title='bbox 1623 2342 1784 2398; x_wconf 87' lang='lat' dir='ltr'><strong>quem</strong></span> <span class='ocrx_word' id='word_1_320' title='bbox 1814 2341 1937 2380; x_wconf 90' lang='lat' dir='ltr'><strong>cum</strong></span> <span class='ocrx_word' id='word_1_321' title='bbox 1987 2324 2229 2378; x_wconf 85' lang='lat' dir='ltr'><strong>venisset</strong></span> 
     </span>
    </p>
   </div>
   <div class='ocr_carea' id='block_1_42' title="bbox 638 2415 2230 2496">
    <p class='ocr_par' dir='ltr' id='par_1_42' title="bbox 638 2415 2230 2496">
     <span class='ocr_line' id='line_1_42' title="bbox 638 2415 2230 2496; baseline -0.015 -5"><span class='ocrx_word' id='word_1_322' title='bbox 638 2436 830 2496; x_wconf 86' lang='lat' dir='ltr'><strong>Ceres,</strong></span> <span class='ocrx_word' id='word_1_323' title='bbox 877 2428 1114 2484; x_wconf 85' lang='lat' dir='ltr'><strong>faciebat</strong></span> <span class='ocrx_word' id='word_1_324' title='bbox 1163 2421 1442 2494; x_wconf 79' lang='lat' dir='ltr'><strong>mysteria.</strong></span> <span class='ocrx_word' id='word_1_325' title='bbox 1477 2419 1617 2474; x_wconf 87' lang='lat' dir='ltr'><strong>Dicit</strong></span> <span class='ocrx_word' id='word_1_326' title='bbox 1652 2426 1857 2483; x_wconf 84' lang='lat' dir='ltr'><strong>autem,</strong></span> <span class='ocrx_word' id='word_1_327' title='bbox 1895 2415 2134 2470; x_wconf 89' lang='lat' dir='ltr'><strong>Silendis</strong></span> <span class='ocrx_word' id='word_1_328' title='bbox 2175 2421 2230 2468; x_wconf 91' lang='lat' dir='ltr'><strong>et</strong></span> 
     </span>
    </p>
   </div>
   <div class='ocr_carea' id='block_1_43' title="bbox 641 2508 2226 2592">
    <p class='ocr_par' dir='ltr' id='par_1_43' title="bbox 641 2508 2226 2592">
     <span class='ocr_line' id='line_1_43' title="bbox 641 2508 2226 2592; baseline -0.013 -10"><span class='ocrx_word' id='word_1_329' title='bbox 641 2525 862 2582; x_wconf 84' lang='lat' dir='ltr'><strong>silentio</strong></span> <span class='ocrx_word' id='word_1_330' title='bbox 884 2521 1084 2592; x_wconf 86' lang='lat' dir='ltr'><strong>dignis,</strong></span> <span class='ocrx_word' id='word_1_331' title='bbox 1115 2522 1340 2586; x_wconf 81' lang='lat' dir='ltr'><strong>propter</strong></span> <span class='ocrx_word' id='word_1_332' title='bbox 1382 2514 1552 2583; x_wconf 84' lang='lat' dir='ltr'><strong>legem</strong></span> <span class='ocrx_word' id='word_1_333' title='bbox 1613 2511 1896 2581; x_wconf 67' lang='lat' dir='ltr'><strong>iubentem</strong></span> <span class='ocrx_word' id='word_1_334' title='bbox 1954 2508 2226 2563; x_wconf 91' lang='lat' dir='ltr'><strong>neminem</strong></span> 
     </span>
    </p>
   </div>
   <div class='ocr_carea' id='block_1_44' title="bbox 561 2603 2227 2684">
    <p class='ocr_par' dir='ltr' id='par_1_44' title="bbox 561 2603 2227 2684">
     <span class='ocr_line' id='line_1_44' title="bbox 561 2603 2227 2684; baseline -0.016 -6"><span class='ocrx_word' id='word_1_335' title='bbox 561 2625 567 2631; x_wconf 90' lang='grc'><em>’</em></span> <span class='ocrx_word' id='word_1_336' title='bbox 642 2620 988 2678; x_wconf 80' lang='lat' dir='ltr'><strong>initiatorum</strong></span> <span class='ocrx_word' id='word_1_337' title='bbox 1032 2610 1293 2684; x_wconf 81' lang='lat' dir='ltr'><strong>mysteria</strong></span> <span class='ocrx_word' id='word_1_338' title='bbox 1321 2608 1624 2677; x_wconf 84' lang='lat' dir='ltr'><strong>divulgare,</strong></span> <span class='ocrx_word' id='word_1_339' title='bbox 1651 2603 1747 2660; x_wconf 89' lang='lat' dir='ltr'><strong>sed</strong></span> <span class='ocrx_word' id='word_1_340' title='bbox 1793 2603 1978 2663; x_wconf 82' lang='lat' dir='ltr'><strong>silere,</strong></span> <span class='ocrx_word' id='word_1_341' title='bbox 2005 2609 2057 2656; x_wconf 88' lang='lat' dir='ltr'><strong>et</strong></span> <span class='ocrx_word' id='word_1_342' title='bbox 2103 2615 2227 2655; x_wconf 91' lang='lat' dir='ltr'><strong>cum</strong></span> 
     </span>
    </p>
   </div>
   <div class='ocr_carea' id='block_1_45' title="bbox 641 2701 1501 2787">
    <p class='ocr_par' dir='ltr' id='par_1_45' title="bbox 641 2701 1501 2787">
     <span class='ocr_line' id='line_1_45' title="bbox 641 2701 1501 2787; baseline -0.02 -18"><span class='ocrx_word' id='word_1_343' title='bbox 641 2711 890 2787; x_wconf 88' lang='lat' dir='ltr'><strong>profanis</strong></span> <span class='ocrx_word' id='word_1_344' title='bbox 925 2722 1036 2763; x_wconf 91' lang='lat' dir='ltr'><strong>non</strong></span> <span class='ocrx_word' id='word_1_345' title='bbox 1070 2701 1501 2761; x_wconf 89' lang='lat' dir='ltr'><strong>communicare.</strong></span> 
     </span>
    </p>
   </div>
   <div class='ocr_carea' id='block_1_46' title="bbox 2327 1880 3939 1954">
    <p class='ocr_par' dir='ltr' id='par_1_46' title="bbox 2327 1880 3939 1954">
     <span class='ocr_line' id='line_1_46' title="bbox 2327 1880 3939 1954; baseline -0.006 -12"><span class='ocrx_word' id='word_1_346' title='bbox 2327 1889 2421 1942; x_wconf 74' lang='grc' dir='ltr'>καὶ</span> <span class='ocrx_word' id='word_1_347' title='bbox 2475 1886 2763 1940; x_wconf 82' lang='grc' dir='ltr'>τελεῖσθαι.</span> <span class='ocrx_word' id='word_1_348' title='bbox 2810 1885 3043 1953; x_wconf 81' lang='grc' dir='ltr'>Νύκτωρ</span> <span class='ocrx_word' id='word_1_349' title='bbox 3089 1885 3144 1936; x_wconf 82' lang='grc' dir='ltr'><strong>δὲ</strong></span> <span class='ocrx_word' id='word_1_350' title='bbox 3190 1884 3469 1954; x_wconf 79' lang='grc' dir='ltr'>ὲγίνετοή</span> <span class='ocrx_word' id='word_1_351' title='bbox 3511 1880 3687 1950; x_wconf 81' lang='grc' dir='ltr'>τελετὴ</span> <span class='ocrx_word' id='word_1_352' title='bbox 3724 1881 3768 1932; x_wconf 78' lang='grc' dir='ltr'>ἐν</span> <span class='ocrx_word' id='word_1_353' title='bbox 3796 1880 3841 1946; x_wconf 82' lang='grc' dir='ltr'>τῇ</span> <span class='ocrx_word' id='word_1_354' title='bbox 3938 1943 3939 1948; x_wconf 21' lang='grc' dir='ltr'><strong>η</strong></span> 
     </span>
    </p>
   </div>
   <div class='ocr_carea' id='block_1_47' title="bbox 2341 1971 3839 2051">
    <p class='ocr_par' dir='ltr' id='par_1_47' title="bbox 2341 1971 3839 2051">
     <span class='ocr_line' id='line_1_47' title="bbox 2341 1971 3839 2051; baseline -0.01 -15"><span class='ocrx_word' id='word_1_355' title='bbox 2341 1982 2640 2036; x_wconf 86' lang='grc' dir='ltr'>Ἐλευσῖνι·</span> <span class='ocrx_word' id='word_1_356' title='bbox 2679 1980 2822 2051; x_wconf 75' lang='grc' dir='ltr'>ἱερὸν</span> <span class='ocrx_word' id='word_1_357' title='bbox 2853 1979 2960 2051; x_wconf 81' lang='grc' dir='ltr'>γὰρ</span> <span class='ocrx_word' id='word_1_358' title='bbox 2987 1977 3210 2049; x_wconf 79' lang='grc' dir='ltr'>ἐκτίσθη</span> <span class='ocrx_word' id='word_1_359' title='bbox 3254 1979 3435 2032; x_wconf 80' lang='grc' dir='ltr'>ἐκεῖσε</span> <span class='ocrx_word' id='word_1_360' title='bbox 3479 1974 3636 2043; x_wconf 79' lang='grc' dir='ltr'>αὐτῆς</span> <span class='ocrx_word' id='word_1_361' title='bbox 3668 1975 3749 2042; x_wconf 80' lang='grc' dir='ltr'>τῆς</span> <span class='ocrx_word' id='word_1_362' title='bbox 3768 1971 3839 2038; x_wconf 76' lang='grc' dir='ltr'><strong>Δή-</strong></span> 
     </span>
    </p>
   </div>
   <div class='ocr_carea' id='block_1_48' title="bbox 2332 2059 3840 2142">
    <p class='ocr_par' dir='ltr' id='par_1_48' title="bbox 2332 2059 3840 2142">
     <span class='ocr_line' id='line_1_48' title="bbox 2332 2059 3840 2142; baseline -0.009 -19"><span class='ocrx_word' id='word_1_363' title='bbox 2332 2087 2558 2142; x_wconf 82' lang='grc' dir='ltr'>μητρος.</span> <span class='ocrx_word' id='word_1_364' title='bbox 2587 2065 2721 2122; x_wconf 78' lang='grc' dir='ltr'>Εἶπε</span> <span class='ocrx_word' id='word_1_365' title='bbox 2745 2067 2821 2130; x_wconf 82' lang='grc' dir='ltr'><strong>δὲ,</strong></span> <span class='ocrx_word' id='word_1_366' title='bbox 2851 2068 2961 2120; x_wconf 68' lang='grc' dir='ltr'>Καὶ</span> <span class='ocrx_word' id='word_1_367' title='bbox 2987 2067 3055 2120; x_wconf 71' lang='grc' dir='ltr'><strong>τὰ</strong></span> <span class='ocrx_word' id='word_1_368' title='bbox 3089 2067 3186 2138; x_wconf 79' lang='grc' dir='ltr'>μὲν</span> <span class='ocrx_word' id='word_1_369' title='bbox 3218 2069 3382 2128; x_wconf 82' lang='grc' dir='ltr'>ποιεῖ,</span> <span class='ocrx_word' id='word_1_370' title='bbox 3403 2065 3472 2118; x_wconf 80' lang='grc' dir='ltr'>τὰ</span> <span class='ocrx_word' id='word_1_371' title='bbox 3499 2065 3552 2118; x_wconf 80' lang='grc' dir='ltr'>δὲ</span> <span class='ocrx_word' id='word_1_372' title='bbox 3580 2063 3763 2131; x_wconf 78' lang='grc' dir='ltr'>πάσχει,</span> <span class='ocrx_word' id='word_1_373' title='bbox 3779 2059 3840 2112; x_wconf 67' lang='grc' dir='ltr'>διὰ</span> 
     </span>
    </p>
   </div>
   <div class='ocr_carea' id='block_1_49' title="bbox 2330 2147 3840 2231">
    <p class='ocr_par' dir='ltr' id='par_1_49' title="bbox 2330 2147 3840 2231">
     <span class='ocr_line' id='line_1_49' title="bbox 2330 2147 3840 2231; baseline -0.01 -17"><span class='ocrx_word' id='word_1_374' title='bbox 2330 2160 2390 2214; x_wconf 81' lang='grc' dir='ltr'><strong>τὸ</strong></span> <span class='ocrx_word' id='word_1_375' title='bbox 2429 2162 2522 2214; x_wconf 72' lang='grc' dir='ltr'><strong>καὶ</strong></span> <span class='ocrx_word' id='word_1_376' title='bbox 2552 2159 2649 2230; x_wconf 81' lang='grc' dir='ltr'>τὴν</span> <span class='ocrx_word' id='word_1_377' title='bbox 2678 2161 2972 2231; x_wconf 82' lang='grc' dir='ltr'>Δήμητραν</span> <span class='ocrx_word' id='word_1_378' title='bbox 3008 2157 3202 2210; x_wconf 82' lang='grc' dir='ltr'>παθεῖν</span> <span class='ocrx_word' id='word_1_379' title='bbox 3231 2153 3290 2210; x_wconf 75' lang='grc' dir='ltr'><strong>εὖ</strong></span> <span class='ocrx_word' id='word_1_380' title='bbox 3327 2159 3387 2209; x_wconf 84' lang='grc' dir='ltr'>ὲν</span> <span class='ocrx_word' id='word_1_381' title='bbox 3425 2155 3503 2224; x_wconf 81' lang='grc' dir='ltr'>τῷ</span> <span class='ocrx_word' id='word_1_382' title='bbox 3531 2153 3732 2207; x_wconf 82' lang='grc' dir='ltr'>ἀκοῦσαι</span> <span class='ocrx_word' id='word_1_383' title='bbox 3754 2147 3840 2219; x_wconf 66' lang='lat' dir='ltr'><strong>mp!</strong></span> 
     </span>
    </p>
   </div>
   <div class='ocr_carea' id='block_1_50' title="bbox 2333 2242 3838 2324">
    <p class='ocr_par' dir='ltr' id='par_1_50' title="bbox 2333 2242 3838 2324">
     <span class='ocr_line' id='line_1_50' title="bbox 2333 2242 3838 2324; baseline -0.009 -18"><span class='ocrx_word' id='word_1_384' title='bbox 2333 2255 2428 2324; x_wconf 77' lang='grc' dir='ltr'>τῆς</span> <span class='ocrx_word' id='word_1_385' title='bbox 2464 2253 2729 2324; x_wconf 78' lang='grc' dir='ltr'>θυγατρὸς</span> <span class='ocrx_word' id='word_1_386' title='bbox 2763 2250 2918 2318; x_wconf 80' lang='grc' dir='ltr'>λῆξαι</span> <span class='ocrx_word' id='word_1_387' title='bbox 2947 2251 3044 2320; x_wconf 82' lang='grc' dir='ltr'><strong>τῆς</strong></span> <span class='ocrx_word' id='word_1_388' title='bbox 3077 2248 3307 2321; x_wconf 81' lang='grc' dir='ltr'>πλάνης,</span> <span class='ocrx_word' id='word_1_389' title='bbox 3331 2251 3426 2303; x_wconf 66' lang='grc' dir='ltr'><strong>καὶ</strong></span> <span class='ocrx_word' id='word_1_390' title='bbox 3449 2247 3641 2317; x_wconf 84' lang='grc' dir='ltr'>ταύτην</span> <span class='ocrx_word' id='word_1_391' title='bbox 3659 2245 3705 2298; x_wconf 80' lang='grc' dir='ltr'>δὲ</span> <span class='ocrx_word' id='word_1_392' title='bbox 3731 2242 3838 2309; x_wconf 51' lang='lat' dir='ltr'><strong>noti,-</strong></span> 
     </span>
    </p>
   </div>
   <div class='ocr_carea' id='block_1_51' title="bbox 2337 2332 3840 2413">
    <p class='ocr_par' dir='ltr' id='par_1_51' title="bbox 2337 2332 3840 2413">
     <span class='ocr_line' id='line_1_51' title="bbox 2337 2332 3840 2413; baseline -0.011 -15"><span class='ocrx_word' id='word_1_393' title='bbox 2337 2363 2424 2399; x_wconf 88' lang='grc' dir='ltr'><strong>σαι</strong></span> <span class='ocrx_word' id='word_1_394' title='bbox 2457 2343 2515 2398; x_wconf 77' lang='grc' dir='ltr'>εὖ</span> <span class='ocrx_word' id='word_1_395' title='bbox 2536 2346 2778 2406; x_wconf 82' lang='grc' dir='ltr'>τούτους,</span> <span class='ocrx_word' id='word_1_396' title='bbox 2805 2343 2972 2396; x_wconf 75' lang='grc' dir='ltr'>δοῦσα.</span> <span class='ocrx_word' id='word_1_397' title='bbox 3003 2343 3072 2395; x_wconf 84' lang='grc' dir='ltr'><strong>τὰ</strong></span> <span class='ocrx_word' id='word_1_398' title='bbox 3106 2341 3422 2413; x_wconf 81' lang='grc' dir='ltr'>σπέρματα,</span> <span class='ocrx_word' id='word_1_399' title='bbox 3451 2342 3541 2393; x_wconf 73' lang='grc' dir='ltr'><strong>καὶ</strong></span> <span class='ocrx_word' id='word_1_400' title='bbox 3561 2338 3784 2390; x_wconf 83' lang='grc' dir='ltr'>τελέσασα</span> <span class='ocrx_word' id='word_1_401' title='bbox 3796 2332 3840 2383; x_wconf 69' lang='grc' dir='ltr'>τὰ</span> 
     </span>
    </p>
   </div>
   <div class='ocr_carea' id='block_1_52' title="bbox 2337 2425 3837 2512">
    <p class='ocr_par' dir='ltr' id='par_1_52' title="bbox 2337 2425 3837 2512">
     <span class='ocr_line' id='line_1_52' title="bbox 2337 2425 3837 2512; baseline -0.007 -20"><span class='ocrx_word' id='word_1_402' title='bbox 2337 2440 2630 2512; x_wconf 81' lang='grc' dir='ltr'>μυστήρια.</span> <span class='ocrx_word' id='word_1_403' title='bbox 2651 2437 2724 2488; x_wconf 83' lang='grc' dir='ltr'><strong>Τὸ</strong></span> <span class='ocrx_word' id='word_1_404' title='bbox 2749 2435 2825 2496; x_wconf 81' lang='grc' dir='ltr'><strong>δὲ,</strong></span> <span class='ocrx_word' id='word_1_405' title='bbox 2855 2431 3010 2488; x_wconf 77' lang='grc' dir='ltr'>Οἶδεν</span> <span class='ocrx_word' id='word_1_406' title='bbox 3037 2433 3279 2496; x_wconf 74' lang='grc' dir='ltr'>Ἐλευσὶς</span> <span class='ocrx_word' id='word_1_407' title='bbox 3311 2432 3501 2496; x_wconf 75' lang='grc' dir='ltr'>ταῦτα,</span> <span class='ocrx_word' id='word_1_408' title='bbox 3525 2431 3644 2500; x_wconf 80' lang='grc' dir='ltr'>περὶ</span> <span class='ocrx_word' id='word_1_409' title='bbox 3665 2430 3744 2497; x_wconf 77' lang='grc' dir='ltr'><strong>τῆς</strong></span> <span class='ocrx_word' id='word_1_410' title='bbox 3765 2425 3837 2477; x_wconf 78' lang='grc' dir='ltr'><strong>κώ·</strong></span> 
     </span>
    </p>
   </div>
   <div class='ocr_carea' id='block_1_53' title="bbox 2337 2517 3837 2602">
    <p class='ocr_par' dir='ltr' id='par_1_53' title="bbox 2337 2517 3837 2602">
     <span class='ocr_line' id='line_1_53' title="bbox 2337 2517 3837 2602; baseline -0.01 -21"><span class='ocrx_word' id='word_1_411' title='bbox 2337 2547 2444 2602; x_wconf 83' lang='grc' dir='ltr'><strong>μης</strong></span> <span class='ocrx_word' id='word_1_412' title='bbox 2475 2527 2642 2596; x_wconf 83' lang='grc' dir='ltr'>λέγει,</span> <span class='ocrx_word' id='word_1_413' title='bbox 2678 2527 2735 2578; x_wconf 81' lang='grc' dir='ltr'>ὲν</span> <span class='ocrx_word' id='word_1_414' title='bbox 2772 2519 3060 2596; x_wconf 76' lang='grc' dir='ltr'>ᾖὲλθοῧσα</span> <span class='ocrx_word' id='word_1_415' title='bbox 3109 2525 3142 2594; x_wconf 83' lang='grc' dir='ltr'>ἡ</span> <span class='ocrx_word' id='word_1_416' title='bbox 3171 2525 3443 2594; x_wconf 84' lang='grc' dir='ltr'>Δημήτηρ</span> <span class='ocrx_word' id='word_1_417' title='bbox 3489 2521 3649 2574; x_wconf 76' lang='grc' dir='ltr'>ἐποίει</span> <span class='ocrx_word' id='word_1_418' title='bbox 3688 2517 3743 2569; x_wconf 75' lang='grc' dir='ltr'>τᾶ</span> <span class='ocrx_word' id='word_1_419' title='bbox 3775 2533 3837 2586; x_wconf 65' lang='lat' dir='ltr'><strong>pa-</strong></span> 
     </span>
    </p>
   </div>
   <div class='ocr_carea' id='block_1_54' title="bbox 2335 2607 3939 2690">
    <p class='ocr_par' dir='ltr' id='par_1_54' title="bbox 2335 2607 3939 2690">
     <span class='ocr_line' id='line_1_54' title="bbox 2335 2607 3939 2690; baseline -0.01 -20"><span class='ocrx_word' id='word_1_420' title='bbox 2335 2620 2550 2690; x_wconf 81' lang='grc' dir='ltr'>στήρια.</span> <span class='ocrx_word' id='word_1_421' title='bbox 2574 2614 2704 2668; x_wconf 71' lang='grc' dir='ltr'>Εἷπε</span> <span class='ocrx_word' id='word_1_422' title='bbox 2720 2615 2795 2678; x_wconf 73' lang='grc' dir='ltr'>δὲ,</span> <span class='ocrx_word' id='word_1_423' title='bbox 2811 2613 2930 2666; x_wconf 91' lang='grc' dir='ltr'><strong>Τῶν</strong></span> <span class='ocrx_word' id='word_1_424' title='bbox 2960 2613 3388 2684; x_wconf 80' lang='grc' dir='ltr'>σεσιωπημένων</span> <span class='ocrx_word' id='word_1_425' title='bbox 3417 2613 3506 2665; x_wconf 76' lang='grc' dir='ltr'><strong>καὶ</strong></span> <span class='ocrx_word' id='word_1_426' title='bbox 3524 2609 3708 2678; x_wconf 78' lang='grc' dir='ltr'>σιωπῆς</span> <span class='ocrx_word' id='word_1_427' title='bbox 3723 2607 3838 2658; x_wconf 72' lang='grc' dir='ltr'>δντων</span> <span class='ocrx_word' id='word_1_428' title='bbox 3927 2627 3939 2690; x_wconf 53' lang='grc' dir='ltr'><strong>γ</strong></span> 
     </span>
    </p>
   </div>
   <div class='ocr_carea' id='block_1_55' title="bbox 2325 2695 3839 2777">
    <p class='ocr_par' dir='ltr' id='par_1_55' title="bbox 2325 2695 3839 2777">
     <span class='ocr_line' id='line_1_55' title="bbox 2325 2695 3839 2777; baseline -0.012 -14"><span class='ocrx_word' id='word_1_429' title='bbox 2325 2709 2513 2774; x_wconf 80' lang='grc' dir='ltr'>ἀξίων,</span> <span class='ocrx_word' id='word_1_430' title='bbox 2542 2707 2628 2761; x_wconf 86' lang='grc' dir='ltr'><strong>διά</strong></span> <span class='ocrx_word' id='word_1_431' title='bbox 2657 2707 2718 2759; x_wconf 85' lang='grc' dir='ltr'><strong>τὸ</strong></span> <span class='ocrx_word' id='word_1_432' title='bbox 2749 2706 2914 2777; x_wconf 86' lang='grc' dir='ltr'>νόμον</span> <span class='ocrx_word' id='word_1_433' title='bbox 2952 2700 3092 2757; x_wconf 76' lang='grc' dir='ltr'>εἶναι</span> <span class='ocrx_word' id='word_1_434' title='bbox 3122 2705 3212 2756; x_wconf 82' lang='grc' dir='ltr'><strong>τὸν</strong></span> <span class='ocrx_word' id='word_1_435' title='bbox 3248 2704 3540 2757; x_wconf 79' lang='grc' dir='ltr'>κελεύοντα</span> <span class='ocrx_word' id='word_1_436' title='bbox 3574 2701 3746 2773; x_wconf 77' lang='grc' dir='ltr'>μηδένα</span> <span class='ocrx_word' id='word_1_437' title='bbox 3769 2695 3839 2748; x_wconf 81' lang='grc' dir='ltr'><strong>τῶν</strong></span> 
     </span>
    </p>
   </div>
   <div class='ocr_carea' id='block_1_56' title="bbox 639 2785 3836 2890">
    <p class='ocr_par' dir='ltr' id='par_1_56' title="bbox 639 2785 3836 2890">
     <span class='ocr_line' id='line_1_56' title="bbox 639 2785 3836 2890; baseline -0.013 -7"><span class='ocrx_word' id='word_1_438' title='bbox 639 2825 1000 2883; x_wconf 81' lang='grc' dir='ltr'>τελεσθέντων</span> <span class='ocrx_word' id='word_1_439' title='bbox 1036 2819 1105 2874; x_wconf 83' lang='grc' dir='ltr'><strong>τά</strong></span> <span class='ocrx_word' id='word_1_440' title='bbox 1144 2816 1422 2890; x_wconf 80' lang='grc' dir='ltr'>μυστήρια</span> <span class='ocrx_word' id='word_1_441' title='bbox 1467 2810 1814 2886; x_wconf 84' lang='grc' dir='ltr'>δημοσιεύειν</span> <span class='ocrx_word' id='word_1_442' title='bbox 1855 2808 1953 2880; x_wconf 80' lang='grc' dir='ltr'>τὴν</span> <span class='ocrx_word' id='word_1_443' title='bbox 1983 2806 2229 2876; x_wconf 76' lang='grc' dir='ltr'>τελετὴν,</span> <span class='ocrx_word' id='word_1_444' title='bbox 2267 2803 2404 2858; x_wconf 74' lang='grc' dir='ltr'>ἀλλὰ</span> <span class='ocrx_word' id='word_1_445' title='bbox 2457 2803 2636 2870; x_wconf 81' lang='grc' dir='ltr'>σιωπῇ</span> <span class='ocrx_word' id='word_1_446' title='bbox 2692 2797 2965 2867; x_wconf 78' lang='grc' dir='ltr'>κατέχειν,</span> <span class='ocrx_word' id='word_1_447' title='bbox 3032 2797 3126 2849; x_wconf 69' lang='grc' dir='ltr'><strong>καὶ</strong></span> <span class='ocrx_word' id='word_1_448' title='bbox 3158 2795 3232 2866; x_wconf 80' lang='grc' dir='ltr'>μὴ</span> <span class='ocrx_word' id='word_1_449' title='bbox 3288 2795 3540 2866; x_wconf 70' lang='grc' dir='ltr'>ἐκφέρειν</span> <span class='ocrx_word' id='word_1_450' title='bbox 3587 2792 3704 2862; x_wconf 82' lang='grc' dir='ltr'>πρὸς</span> <span class='ocrx_word' id='word_1_451' title='bbox 3755 2785 3836 2844; x_wconf 70' lang='grc' dir='ltr'>τοὺς</span> 
     </span>
    </p>
   </div>
   <div class='ocr_carea' id='block_1_57' title="bbox 641 2924 1472 2998">
    <p class='ocr_par' dir='ltr' id='par_1_57' title="bbox 641 2924 1472 2998">
     <span class='ocr_line' id='line_1_57' title="bbox 641 2924 1472 2998; baseline -0.017 -18"><span class='ocrx_word' id='word_1_452' title='bbox 641 2924 942 2998; x_wconf 82' lang='grc' dir='ltr'>ἀμυήτους.</span> <span class='ocrx_word' id='word_1_453' title='bbox 1449 2981 1472 2996; x_wconf 66' lang='lat'><em>_</em></span> 
     </span>
    </p>
   </div>
   <div class='ocr_carea' id='block_1_58' title="bbox 747 3013 2111 3098">
    <p class='ocr_par' dir='ltr' id='par_1_58' title="bbox 747 3013 2111 3098">
     <span class='ocr_line' id='line_1_58' title="bbox 747 3013 2111 3098; baseline -0.017 -9"><span class='ocrx_word' id='word_1_454' title='bbox 747 3034 804 3090; x_wconf 77' lang='lat'><strong>3.</strong></span> <span class='ocrx_word' id='word_1_455' title='bbox 829 3030 907 3085; x_wconf 77' lang='lat' dir='ltr'><strong>De</strong></span> <span class='ocrx_word' id='word_1_456' title='bbox 935 3027 1133 3098; x_wconf 71' lang='lat' dir='ltr'><strong>{colore</strong></span> <span class='ocrx_word' id='word_1_457' title='bbox 1171 3021 1500 3093; x_wconf 82' lang='lat' dir='ltr'><strong>parturiente</strong></span> <span class='ocrx_word' id='word_1_458' title='bbox 1535 3015 1896 3087; x_wconf 73' lang='lat' dir='ltr'><strong>imperfectum</strong></span> <span class='ocrx_word' id='word_1_459' title='bbox 1927 3013 2111 3082; x_wconf 76' lang='lat' dir='ltr'><strong>fetum.</strong></span> 
     </span>
    </p>
   </div>
   <div class='ocr_carea' id='block_1_59' title="bbox 2395 2989 3794 3073">
    <p class='ocr_par' dir='ltr' id='par_1_59' title="bbox 2395 2989 3794 3073">
     <span class='ocr_line' id='line_1_59' title="bbox 2395 2989 3794 3073; baseline -0.014 -15"><span class='ocrx_word' id='word_1_460' title='bbox 2395 3010 2464 3073; x_wconf 77' lang='grc' dir='ltr'>γ’.</span> <span class='ocrx_word' id='word_1_461' title='bbox 2507 2999 2643 3070; x_wconf 84' lang='grc' dir='ltr'>Περὶ</span> <span class='ocrx_word' id='word_1_462' title='bbox 2671 2997 2777 3053; x_wconf 79' lang='grc' dir='ltr'>τοῦ</span> <span class='ocrx_word' id='word_1_463' title='bbox 2813 2996 3136 3061; x_wconf 70' lang='grc' dir='ltr'>ὠδίνοντος</span> <span class='ocrx_word' id='word_1_464' title='bbox 3165 2994 3367 3063; x_wconf 83' lang='grc' dir='ltr'>μηροῦ</span> <span class='ocrx_word' id='word_1_465' title='bbox 3393 2991 3597 3058; x_wconf 78' lang='grc' dir='ltr'>ἀτελὲς</span> <span class='ocrx_word' id='word_1_466' title='bbox 3624 2989 3794 3056; x_wconf 61' lang='grc' dir='ltr'>κύνα.</span> 
     </span>
    </p>
   </div>
   <div class='ocr_carea' id='block_1_60' title="bbox 713 3096 2226 3206">
    <p class='ocr_par' dir='ltr' id='par_1_60' title="bbox 713 3127 2222 3206">
     <span class='ocr_line' id='line_1_60' title="bbox 713 3127 2222 3206; baseline -0.018 -1"><span class='ocrx_word' id='word_1_467' title='bbox 713 3146 927 3206; x_wconf 83' lang='lat' dir='ltr'><strong>Semele</strong></span> <span class='ocrx_word' id='word_1_468' title='bbox 959 3143 1068 3198; x_wconf 88' lang='lat' dir='ltr'><strong>lilia</strong></span> <span class='ocrx_word' id='word_1_469' title='bbox 1109 3141 1212 3195; x_wconf 87' lang='lat' dir='ltr'><strong>fuit</strong></span> <span class='ocrx_word' id='word_1_470' title='bbox 1251 3136 1442 3192; x_wconf 90' lang='lat' dir='ltr'><strong>Cadmi</strong></span> <span class='ocrx_word' id='word_1_471' title='bbox 1495 3132 1807 3188; x_wconf 85' lang='lat' dir='ltr'><strong>Thebarum</strong></span> <span class='ocrx_word' id='word_1_472' title='bbox 1851 3130 2014 3200; x_wconf 81' lang='lat' dir='ltr'><strong>regis.</strong></span> <span class='ocrx_word' id='word_1_473' title='bbox 2071 3127 2222 3181; x_wconf 89' lang='lat' dir='ltr'><strong>Illam</strong></span> 
     </span>
    </p>
   </div>
   <div class='ocr_carea' id='block_1_61' title="bbox 2324 3096 3838 3206">
    <p class='ocr_par' dir='ltr' id='par_1_61' title="bbox 2396 3096 3838 3187">
     <span class='ocr_line' id='line_1_61' title="bbox 2396 3096 3838 3187; baseline -0.019 -14"><span class='ocrx_word' id='word_1_474' title='bbox 2396 3115 2630 3187; x_wconf 81' lang='grc' dir='ltr'>Σεμέλη.</span> <span class='ocrx_word' id='word_1_475' title='bbox 2662 3111 2912 3181; x_wconf 84' lang='grc' dir='ltr'>θυγάτηρ</span> <span class='ocrx_word' id='word_1_476' title='bbox 2937 3109 3129 3177; x_wconf 84' lang='grc' dir='ltr'>γέγονε</span> <span class='ocrx_word' id='word_1_477' title='bbox 3157 3107 3386 3178; x_wconf 84' lang='grc' dir='ltr'>Κάδμου</span> <span class='ocrx_word' id='word_1_478' title='bbox 3419 3103 3514 3159; x_wconf 79' lang='grc' dir='ltr'>τοῦ</span> <span class='ocrx_word' id='word_1_479' title='bbox 3538 3100 3710 3172; x_wconf 79' lang='grc' dir='ltr'>Θηϐῶν</span> <span class='ocrx_word' id='word_1_480' title='bbox 3729 3096 3838 3166; x_wconf 69' lang='grc' dir='ltr'>βατι-</span> 
     </span>
    </p>
   </div>
   <div class='ocr_carea' id='block_1_62' title="bbox 644 3221 2226 3302">
    <p class='ocr_par' dir='ltr' id='par_1_62' title="bbox 644 3221 2226 3302">
     <span class='ocr_line' id='line_1_62' title="bbox 644 3221 2226 3302; baseline -0.017 -3"><span class='ocrx_word' id='word_1_481' title='bbox 644 3257 769 3300; x_wconf 91' lang='lat' dir='ltr'><strong>cum</strong></span> <span class='ocrx_word' id='word_1_482' title='bbox 799 3237 1096 3293; x_wconf 88' lang='lat' dir='ltr'><strong>amavisset</strong></span> <span class='ocrx_word' id='word_1_483' title='bbox 1134 3230 1365 3302; x_wconf 89' lang='lat' dir='ltr'><strong>Jupiter,</strong></span> <span class='ocrx_word' id='word_1_484' title='bbox 1402 3243 1524 3282; x_wconf 88' lang='lat' dir='ltr'><strong>sese</strong></span> <span class='ocrx_word' id='word_1_485' title='bbox 1547 3223 1764 3280; x_wconf 86' lang='lat' dir='ltr'><strong>miscuit</strong></span> <span class='ocrx_word' id='word_1_486' title='bbox 1788 3223 1858 3288; x_wconf 89' lang='lat' dir='ltr'><strong>ei,</strong></span> <span class='ocrx_word' id='word_1_487' title='bbox 1879 3221 2022 3292; x_wconf 90' lang='lat' dir='ltr'><strong>quod</strong></span> <span class='ocrx_word' id='word_1_488' title='bbox 2053 3221 2106 3274; x_wconf 92' lang='lat' dir='ltr'><strong>in</strong></span> <span class='ocrx_word' id='word_1_489' title='bbox 2141 3221 2226 3273; x_wconf 92' lang='lat' dir='ltr'><strong>in-</strong></span> 
     </span>
    </p>
   </div>
   <div class='ocr_carea' id='block_1_63' title="bbox 650 3308 2225 3388">
    <p class='ocr_par' dir='ltr' id='par_1_63' title="bbox 650 3308 2225 3388">
     <span class='ocr_line' id='line_1_63' title="bbox 650 3308 2225 3388; baseline -0.017 0"><span class='ocrx_word' id='word_1_490' title='bbox 650 3333 857 3388; x_wconf 88' lang='lat' dir='ltr'><strong>vidiam</strong></span> <span class='ocrx_word' id='word_1_491' title='bbox 883 3335 936 3383; x_wconf 87' lang='lat' dir='ltr'><strong>et</strong></span> <span class='ocrx_word' id='word_1_492' title='bbox 957 3325 1143 3383; x_wconf 90' lang='lat' dir='ltr'><strong>odium</strong></span> <span class='ocrx_word' id='word_1_493' title='bbox 1174 3320 1343 3376; x_wconf 86' lang='lat' dir='ltr'><strong>movit</strong></span> <span class='ocrx_word' id='word_1_494' title='bbox 1371 3317 1640 3373; x_wconf 90' lang='lat' dir='ltr'><strong>Junonem</strong></span> <span class='ocrx_word' id='word_1_495' title='bbox 1675 3327 1898 3369; x_wconf 77' lang='lat' dir='ltr'><strong>uxorem</strong></span> <span class='ocrx_word' id='word_1_496' title='bbox 1930 3325 2106 3366; x_wconf 86' lang='lat' dir='ltr'><strong>suam.</strong></span> <span class='ocrx_word' id='word_1_497' title='bbox 2136 3308 2225 3362; x_wconf 91' lang='lat' dir='ltr'><strong>ln-</strong></span> 
     </span>
    </p>
   </div>
   <div class='ocr_carea' id='block_1_64' title="bbox 645 3397 2228 3490">
    <p class='ocr_par' dir='ltr' id='par_1_64' title="bbox 645 3397 2228 3490">
     <span class='ocr_line' id='line_1_64' title="bbox 645 3397 2228 3490; baseline -0.015 -14"><span class='ocrx_word' id='word_1_498' title='bbox 645 3422 771 3478; x_wconf 78' lang='lat' dir='ltr'><strong>vida</strong></span> <span class='ocrx_word' id='word_1_499' title='bbox 812 3418 978 3490; x_wconf 85' lang='lat' dir='ltr'><strong>igitur</strong></span> <span class='ocrx_word' id='word_1_500' title='bbox 1027 3413 1174 3469; x_wconf 90' lang='lat' dir='ltr'><strong>Juno</strong></span> <span class='ocrx_word' id='word_1_501' title='bbox 1229 3408 1498 3465; x_wconf 89' lang='lat' dir='ltr'><strong>Semelem</strong></span> <span class='ocrx_word' id='word_1_502' title='bbox 1543 3405 1744 3460; x_wconf 86' lang='lat' dir='ltr'><strong>aditet</strong></span> <span class='ocrx_word' id='word_1_503' title='bbox 1779 3404 1913 3457; x_wconf 89' lang='lat' dir='ltr'><strong>dicit</strong></span> <span class='ocrx_word' id='word_1_504' title='bbox 1965 3401 2015 3455; x_wconf 91' lang='lat' dir='ltr'><strong>ei</strong></span> <span class='ocrx_word' id='word_1_505' title='bbox 2051 3417 2065 3454; x_wconf 92' lang='lat'>:</span> <span class='ocrx_word' id='word_1_506' title='bbox 2120 3397 2228 3454; x_wconf 81' lang='lat' dir='ltr'><strong>Re-</strong></span> 
     </span>
    </p>
   </div>
   <div class='ocr_carea' id='block_1_65' title="bbox 646 3491 2226 3579">
    <p class='ocr_par' dir='ltr' id='par_1_65' title="bbox 646 3491 2226 3579">
     <span class='ocr_line' id='line_1_65' title="bbox 646 3491 2226 3579; baseline -0.016 -10"><span class='ocrx_word' id='word_1_507' title='bbox 646 3507 928 3579; x_wconf 74' lang='lat' dir='ltr'><strong>Vera(ille)</strong></span> <span class='ocrx_word' id='word_1_508' title='bbox 971 3504 1110 3558; x_wconf 86' lang='lat' dir='ltr'><strong>fallit</strong></span> <span class='ocrx_word' id='word_1_509' title='bbox 1162 3510 1242 3568; x_wconf 88' lang='lat' dir='ltr'><strong>te;</strong></span> <span class='ocrx_word' id='word_1_510' title='bbox 1278 3514 1388 3555; x_wconf 87' lang='lat' dir='ltr'><strong>non</strong></span> <span class='ocrx_word' id='word_1_511' title='bbox 1414 3498 1561 3554; x_wconf 91' lang='lat' dir='ltr'><strong>enim</strong></span> <span class='ocrx_word' id='word_1_512' title='bbox 1585 3495 1801 3566; x_wconf 90' lang='lat' dir='ltr'><strong>Jupiter</strong></span> <span class='ocrx_word' id='word_1_513' title='bbox 1846 3500 1931 3548; x_wconf 89' lang='lat' dir='ltr'><strong>est</strong></span> <span class='ocrx_word' id='word_1_514' title='bbox 1965 3491 2058 3561; x_wconf 83' lang='lat' dir='ltr'><strong>qui</strong></span> <span class='ocrx_word' id='word_1_515' title='bbox 2105 3504 2226 3544; x_wconf 88' lang='lat' dir='ltr'><strong>sese</strong></span> 
     </span>
    </p>
   </div>
   <div class='ocr_carea' id='block_1_66' title="bbox 647 3581 2229 3674">
    <p class='ocr_par' dir='ltr' id='par_1_66' title="bbox 647 3581 2229 3674">
     <span class='ocr_line' id='line_1_66' title="bbox 647 3581 2229 3674; baseline -0.018 -15"><span class='ocrx_word' id='word_1_516' title='bbox 647 3602 830 3674; x_wconf 84' lang='lat' dir='ltr'><strong>jungit</strong></span> <span class='ocrx_word' id='word_1_517' title='bbox 863 3607 1078 3662; x_wconf 90' lang='lat' dir='ltr'><strong>tecum;</strong></span> <span class='ocrx_word' id='word_1_518' title='bbox 1112 3593 1180 3647; x_wconf 88' lang='lat' dir='ltr'><strong>ad</strong></span> <span class='ocrx_word' id='word_1_519' title='bbox 1209 3607 1298 3646; x_wconf 89' lang='lat' dir='ltr'><strong>me</strong></span> <span class='ocrx_word' id='word_1_520' title='bbox 1350 3589 1517 3650; x_wconf 91' lang='lat' dir='ltr'><strong>enim,</strong></span> <span class='ocrx_word' id='word_1_521' title='bbox 1548 3589 1644 3649; x_wconf 91' lang='lat' dir='ltr'><strong>ait,</strong></span> <span class='ocrx_word' id='word_1_522' title='bbox 1669 3600 1802 3642; x_wconf 85' lang='lat' dir='ltr'><strong>cum</strong></span> <span class='ocrx_word' id='word_1_523' title='bbox 1822 3585 2012 3645; x_wconf 88' lang='lat' dir='ltr'><strong>intrat,</strong></span> <span class='ocrx_word' id='word_1_524' title='bbox 2051 3581 2229 3650; x_wconf 80' lang='lat' dir='ltr'><strong>fulgu-</strong></span> 
     </span>
    </p>
   </div>
   <div class='ocr_carea' id='block_1_67' title="bbox 650 3672 2227 3750">
    <p class='ocr_par' dir='ltr' id='par_1_67' title="bbox 650 3672 2227 3750">
     <span class='ocr_line' id='line_1_67' title="bbox 650 3672 2227 3750; baseline -0.016 0"><span class='ocrx_word' id='word_1_525' title='bbox 650 3672 806 3750; x_wconf 76' lang='lat' dir='ltr'><strong>ribus</strong></span> <span class='ocrx_word' id='word_1_526' title='bbox 867 3699 922 3745; x_wconf 88' lang='lat' dir='ltr'><strong>et</strong></span> <span class='ocrx_word' id='word_1_527' title='bbox 982 3683 1297 3741; x_wconf 88' lang='lat' dir='ltr'><strong>tonitrubus</strong></span> <span class='ocrx_word' id='word_1_528' title='bbox 1349 3687 1620 3736; x_wconf 86' lang='lat' dir='ltr'><strong>coruscat.</strong></span> <span class='ocrx_word' id='word_1_529' title='bbox 1669 3677 1726 3730; x_wconf 93' lang='lat' dir='ltr'><strong>Si</strong></span> <span class='ocrx_word' id='word_1_530' title='bbox 1765 3675 1928 3746; x_wconf 88' lang='lat' dir='ltr'><strong>igitur</strong></span> <span class='ocrx_word' id='word_1_531' title='bbox 1973 3675 2122 3728; x_wconf 80' lang='lat' dir='ltr'><strong>venit</strong></span> <span class='ocrx_word' id='word_1_532' title='bbox 2160 3672 2227 3726; x_wconf 90' lang='lat' dir='ltr'><strong>ad</strong></span> 
     </span>
    </p>
   </div>
   <div class='ocr_carea' id='block_1_68' title="bbox 651 3761 2226 3850">
    <p class='ocr_par' dir='ltr' id='par_1_68' title="bbox 651 3761 2226 3850">
     <span class='ocr_line' id='line_1_68' title="bbox 651 3761 2226 3850; baseline -0.016 -11"><span class='ocrx_word' id='word_1_533' title='bbox 651 3793 706 3839; x_wconf 90' lang='lat' dir='ltr'><strong>tc</strong></span> <span class='ocrx_word' id='word_1_534' title='bbox 768 3779 1000 3850; x_wconf 86' lang='lat' dir='ltr'><strong>Jupiter,</strong></span> <span class='ocrx_word' id='word_1_535' title='bbox 1046 3775 1136 3829; x_wconf 90' lang='lat' dir='ltr'><strong>dic</strong></span> <span class='ocrx_word' id='word_1_536' title='bbox 1185 3772 1264 3826; x_wconf 90' lang='lat' dir='ltr'><strong>illi</strong></span> <span class='ocrx_word' id='word_1_537' title='bbox 1318 3777 1378 3824; x_wconf 91' lang='lat' dir='ltr'><strong>ut</strong></span> <span class='ocrx_word' id='word_1_538' title='bbox 1436 3765 1712 3838; x_wconf 89' lang='lat' dir='ltr'><strong>quomodo</strong></span> <span class='ocrx_word' id='word_1_539' title='bbox 1761 3763 2030 3818; x_wconf 88' lang='lat' dir='ltr'><strong>Junonem</strong></span> <span class='ocrx_word' id='word_1_540' title='bbox 2091 3761 2226 3826; x_wconf 89' lang='lat' dir='ltr'><strong>adit,</strong></span> 
     </span>
    </p>
   </div>
   <div class='ocr_carea' id='block_1_69' title="bbox 663 3855 2227 3930">
    <p class='ocr_par' dir='ltr' id='par_1_69' title="bbox 663 3855 2227 3930">
     <span class='ocr_line' id='line_1_69' title="bbox 663 3855 2227 3930; baseline -0.014 -1"><span class='ocrx_word' id='word_1_541' title='bbox 663 3875 746 3930; x_wconf 89' lang='lat' dir='ltr'><strong>sic</strong></span> <span class='ocrx_word' id='word_1_542' title='bbox 797 3881 850 3926; x_wconf 79' lang='lat' dir='ltr'><strong>te</strong></span> <span class='ocrx_word' id='word_1_543' title='bbox 917 3868 1095 3923; x_wconf 81' lang='lat' dir='ltr'><strong>adeat.</strong></span> <span class='ocrx_word' id='word_1_544' title='bbox 1129 3865 1194 3918; x_wconf 87' lang='lat' dir='ltr'><strong>Et</strong></span> <span class='ocrx_word' id='word_1_545' title='bbox 1229 3862 1275 3917; x_wconf 90' lang='lat' dir='ltr'><strong>si</strong></span> <span class='ocrx_word' id='word_1_546' title='bbox 1310 3863 1570 3915; x_wconf 90' lang='lat' dir='ltr'><strong>miscetur</strong></span> <span class='ocrx_word' id='word_1_547' title='bbox 1614 3858 1713 3911; x_wconf 88' lang='lat' dir='ltr'><strong>tibi</strong></span> <span class='ocrx_word' id='word_1_548' title='bbox 1749 3873 1873 3911; x_wconf 88' lang='lat' dir='ltr'><strong>cum</strong></span> <span class='ocrx_word' id='word_1_549' title='bbox 1919 3855 2227 3924; x_wconf 87' lang='lat' dir='ltr'><strong>fulguribus</strong></span> 
     </span>
    </p>
   </div>
   <div class='ocr_carea' id='block_1_70' title="bbox 658 3945 2229 4022">
    <p class='ocr_par' dir='ltr' id='par_1_70' title="bbox 658 3945 2229 4022">
     <span class='ocr_line' id='line_1_70' title="bbox 658 3945 2229 4022; baseline -0.017 0"><span class='ocrx_word' id='word_1_550' title='bbox 658 3977 712 4022; x_wconf 86' lang='lat' dir='ltr'><strong>et</strong></span> <span class='ocrx_word' id='word_1_551' title='bbox 739 3960 1074 4020; x_wconf 85' lang='lat' dir='ltr'><strong>tonitrubus,</strong></span> <span class='ocrx_word' id='word_1_552' title='bbox 1125 3968 1318 4010; x_wconf 85' lang='lat' dir='ltr'><strong>revera</strong></span> <span class='ocrx_word' id='word_1_553' title='bbox 1361 3951 1575 4021; x_wconf 83' lang='lat' dir='ltr'><strong>Jupiter</strong></span> <span class='ocrx_word' id='word_1_554' title='bbox 1606 3949 1702 4002; x_wconf 89' lang='lat' dir='ltr'><strong>tibi</strong></span> <span class='ocrx_word' id='word_1_555' title='bbox 1725 3949 2008 4002; x_wconf 89' lang='lat' dir='ltr'><strong>miscetur.</strong></span> <span class='ocrx_word' id='word_1_556' title='bbox 2043 3945 2102 3999; x_wconf 90' lang='lat' dir='ltr'><strong>Si</strong></span> <span class='ocrx_word' id='word_1_557' title='bbox 2131 3960 2229 3997; x_wconf 83' lang='lat' dir='ltr'><strong>au-</strong></span> 
     </span>
    </p>
   </div>
   <div class='ocr_carea' id='block_1_71' title="bbox 661 4039 2226 4119">
    <p class='ocr_par' dir='ltr' id='par_1_71' title="bbox 661 4039 2226 4119">
     <span class='ocr_line' id='line_1_71' title="bbox 661 4039 2226 4119; baseline -0.013 -7"><span class='ocrx_word' id='word_1_558' title='bbox 661 4067 771 4112; x_wconf 88' lang='lat' dir='ltr'><strong>tem</strong></span> <span class='ocrx_word' id='word_1_559' title='bbox 811 4055 966 4110; x_wconf 80' lang='lat' dir='ltr'><strong>aliter</strong></span> <span class='ocrx_word' id='word_1_560' title='bbox 1000 4061 1330 4119; x_wconf 87' lang='lat' dir='ltr'><strong>quocunque</strong></span> <span class='ocrx_word' id='word_1_561' title='bbox 1361 4045 1544 4107; x_wconf 85' lang='lat' dir='ltr'><strong>modo,</strong></span> <span class='ocrx_word' id='word_1_562' title='bbox 1576 4057 1686 4097; x_wconf 85' lang='lat' dir='ltr'><strong>non</strong></span> <span class='ocrx_word' id='word_1_563' title='bbox 1717 4049 1804 4096; x_wconf 71' lang='lat' dir='ltr'><strong>est</strong></span> <span class='ocrx_word' id='word_1_564' title='bbox 1829 4039 2060 4110; x_wconf 82' lang='lat' dir='ltr'><strong>Jupiter.</strong></span> <span class='ocrx_word' id='word_1_565' title='bbox 2093 4039 2226 4094; x_wconf 85' lang='lat' dir='ltr'><strong>Cum</strong></span> 
     </span>
    </p>
   </div>
   <div class='ocr_carea' id='block_1_72' title="bbox 663 4126 2232 4217">
    <p class='ocr_par' dir='ltr' id='par_1_72' title="bbox 663 4126 2232 4217">
     <span class='ocr_line' id='line_1_72' title="bbox 663 4126 2232 4217; baseline -0.016 -11"><span class='ocrx_word' id='word_1_566' title='bbox 663 4152 780 4206; x_wconf 65' lang='lat' dir='ltr'><strong>haec</strong></span> <span class='ocrx_word' id='word_1_567' title='bbox 814 4142 1164 4217; x_wconf 65' lang='lat' dir='ltr'><strong>praedixisset</strong></span> <span class='ocrx_word' id='word_1_568' title='bbox 1191 4137 1356 4200; x_wconf 86' lang='lat' dir='ltr'><strong>Juno,</strong></span> <span class='ocrx_word' id='word_1_569' title='bbox 1409 4145 1464 4191; x_wconf 82' lang='lat' dir='ltr'><strong>et</strong></span> <span class='ocrx_word' id='word_1_570' title='bbox 1494 4134 1644 4190; x_wconf 83' lang='lat' dir='ltr'><strong>venit</strong></span> <span class='ocrx_word' id='word_1_571' title='bbox 1678 4131 1892 4201; x_wconf 88' lang='lat' dir='ltr'><strong>Jupiter</strong></span> <span class='ocrx_word' id='word_1_572' title='bbox 1939 4129 2007 4183; x_wconf 86' lang='lat' dir='ltr'><strong>ad</strong></span> <span class='ocrx_word' id='word_1_573' title='bbox 2051 4126 2232 4182; x_wconf 88' lang='lat' dir='ltr'><strong>Seme-</strong></span> 
     </span>
    </p>
   </div>
   <div class='ocr_carea' id='block_1_73' title="bbox 657 4215 2227 4305">
    <p class='ocr_par' dir='ltr' id='par_1_73' title="bbox 657 4215 2227 4305">
     <span class='ocr_line' id='line_1_73' title="bbox 657 4215 2227 4305; baseline -0.016 -11"><span class='ocrx_word' id='word_1_574' title='bbox 657 4243 785 4303; x_wconf 90' lang='lat' dir='ltr'><strong>lem,</strong></span> <span class='ocrx_word' id='word_1_575' title='bbox 804 4215 1028 4305; x_wconf 77' lang='lat' dir='ltr'><strong>rogatus</strong></span> <span class='ocrx_word' id='word_1_576' title='bbox 1051 4241 1136 4286; x_wconf 91' lang='lat' dir='ltr'><strong>est</strong></span> <span class='ocrx_word' id='word_1_577' title='bbox 1153 4229 1222 4283; x_wconf 89' lang='lat' dir='ltr'><strong>ab</strong></span> <span class='ocrx_word' id='word_1_578' title='bbox 1241 4243 1306 4282; x_wconf 90' lang='lat' dir='ltr'><strong>ea</strong></span> <span class='ocrx_word' id='word_1_579' title='bbox 1335 4235 1393 4280; x_wconf 93' lang='lat' dir='ltr'><strong>ut</strong></span> <span class='ocrx_word' id='word_1_580' title='bbox 1423 4225 1744 4278; x_wconf 89' lang='lat' dir='ltr'><strong>misceretur</strong></span> <span class='ocrx_word' id='word_1_581' title='bbox 1762 4220 1814 4275; x_wconf 90' lang='lat' dir='ltr'><strong>ei</strong></span> <span class='ocrx_word' id='word_1_582' title='bbox 1842 4219 1985 4275; x_wconf 84' lang='lat' dir='ltr'><strong>sicut</strong></span> <span class='ocrx_word' id='word_1_583' title='bbox 2000 4215 2227 4271; x_wconf 63' lang='lat' dir='ltr'><strong>lunoni.</strong></span> 
     </span>
    </p>
   </div>
   <div class='ocr_carea' id='block_1_74' title="bbox 657 4309 2228 4388">
    <p class='ocr_par' dir='ltr' id='par_1_74' title="bbox 657 4309 2228 4388">
     <span class='ocr_line' id='line_1_74' title="bbox 657 4309 2228 4388; baseline -0.015 -3"><span class='ocrx_word' id='word_1_584' title='bbox 657 4329 863 4386; x_wconf 89' lang='lat' dir='ltr'><strong>Deinde</strong></span> <span class='ocrx_word' id='word_1_585' title='bbox 888 4341 1014 4381; x_wconf 92' lang='lat' dir='ltr'><strong>cum</strong></span> <span class='ocrx_word' id='word_1_586' title='bbox 1045 4323 1136 4378; x_wconf 93' lang='lat' dir='ltr'><strong>ille</strong></span> <span class='ocrx_word' id='word_1_587' title='bbox 1185 4335 1307 4376; x_wconf 88' lang='lat' dir='ltr'><strong>sese</strong></span> <span class='ocrx_word' id='word_1_588' title='bbox 1329 4318 1606 4388; x_wconf 79' lang='lat' dir='ltr'><strong>juitxisset</strong></span> <span class='ocrx_word' id='word_1_589' title='bbox 1642 4315 1692 4370; x_wconf 90' lang='lat' dir='ltr'><strong>ei</strong></span> <span class='ocrx_word' id='word_1_590' title='bbox 1727 4328 1852 4368; x_wconf 88' lang='lat' dir='ltr'><strong>cum</strong></span> <span class='ocrx_word' id='word_1_591' title='bbox 1890 4309 2228 4371; x_wconf 86' lang='lat' dir='ltr'><strong>fulminibus,</strong></span> 
     </span>
    </p>
   </div>
   <div class='ocr_carea' id='block_1_75' title="bbox 656 4401 2232 4481">
    <p class='ocr_par' dir='ltr' id='par_1_75' title="bbox 656 4401 2232 4481">
     <span class='ocr_line' id='line_1_75' title="bbox 656 4401 2232 4481; baseline -0.018 0"><span class='ocrx_word' id='word_1_592' title='bbox 656 4441 768 4481; x_wconf 91' lang='lat' dir='ltr'><strong>non</strong></span> <span class='ocrx_word' id='word_1_593' title='bbox 799 4422 924 4477; x_wconf 88' lang='lat' dir='ltr'><strong>tulit</strong></span> <span class='ocrx_word' id='word_1_594' title='bbox 957 4417 1170 4473; x_wconf 85' lang='lat' dir='ltr'><strong>Semele</strong></span> <span class='ocrx_word' id='word_1_595' title='bbox 1200 4403 1910 4475; x_wconf 87' lang='lat' dir='ltr'><strong>fulmina,etobiit.Jupiter</strong></span> <span class='ocrx_word' id='word_1_596' title='bbox 1935 4404 2099 4472; x_wconf 89' lang='lat' dir='ltr'><strong>igitur</strong></span> <span class='ocrx_word' id='word_1_597' title='bbox 2123 4401 2232 4454; x_wconf 76' lang='lat' dir='ltr'><strong>cito</strong></span> 
     </span>
    </p>
   </div>
   <div class='ocr_carea' id='block_1_76' title="bbox 2331 3184 3837 3274">
    <p class='ocr_par' dir='ltr' id='par_1_76' title="bbox 2331 3184 3837 3274">
     <span class='ocr_line' id='line_1_76' title="bbox 2331 3184 3837 3274; baseline -0.017 -12"><span class='ocrx_word' id='word_1_598' title='bbox 2331 3184 2488 3272; x_wconf 70' lang='grc' dir='ltr'>λέως.</span> <span class='ocrx_word' id='word_1_599' title='bbox 2526 3205 2742 3274; x_wconf 84' lang='grc' dir='ltr'>Ταύτης</span> <span class='ocrx_word' id='word_1_600' title='bbox 2777 3200 3029 3273; x_wconf 75' lang='grc' dir='ltr'>ἐρασθεὶς</span> <span class='ocrx_word' id='word_1_601' title='bbox 3055 3202 3084 3252; x_wconf 97' lang='lat'><strong>6</strong></span> <span class='ocrx_word' id='word_1_602' title='bbox 3107 3199 3261 3264; x_wconf 78' lang='grc' dir='ltr'>Ζεὺς,</span> <span class='ocrx_word' id='word_1_603' title='bbox 3286 3196 3595 3265; x_wconf 73' lang='grc' dir='ltr'>συνεγένετο</span> <span class='ocrx_word' id='word_1_604' title='bbox 3622 3191 3752 3258; x_wconf 81' lang='grc' dir='ltr'>αὐτῇ,</span> <span class='ocrx_word' id='word_1_605' title='bbox 3776 3184 3837 3238; x_wconf 69' lang='grc' dir='ltr'><strong>καὶ</strong></span> 
     </span>
    </p>
   </div>
   <div class='ocr_carea' id='block_1_77' title="bbox 2332 3279 3838 3368">
    <p class='ocr_par' dir='ltr' id='par_1_77' title="bbox 2332 3279 3838 3368">
     <span class='ocr_line' id='line_1_77' title="bbox 2332 3279 3838 3368; baseline -0.017 -16"><span class='ocrx_word' id='word_1_606' title='bbox 2332 3303 2412 3363; x_wconf 85' lang='grc' dir='ltr'>εἰς</span> <span class='ocrx_word' id='word_1_607' title='bbox 2465 3296 2626 3368; x_wconf 80' lang='grc' dir='ltr'>ζῆλον</span> <span class='ocrx_word' id='word_1_608' title='bbox 2671 3294 2766 3347; x_wconf 81' lang='grc' dir='ltr'>καὶ</span> <span class='ocrx_word' id='word_1_609' title='bbox 2813 3291 3006 3359; x_wconf 79' lang='grc' dir='ltr'>φθόνον</span> <span class='ocrx_word' id='word_1_610' title='bbox 3051 3289 3304 3359; x_wconf 79' lang='grc' dir='ltr'>ἐκίνησεν</span> <span class='ocrx_word' id='word_1_611' title='bbox 3327 3288 3505 3359; x_wconf 84' lang='grc' dir='ltr'>Ἥραν</span> <span class='ocrx_word' id='word_1_612' title='bbox 3553 3283 3642 3353; x_wconf 80' lang='grc' dir='ltr'><strong>τὴν</strong></span> <span class='ocrx_word' id='word_1_613' title='bbox 3668 3279 3838 3349; x_wconf 67' lang='grc' dir='ltr'>γυναῖκα</span> 
     </span>
    </p>
   </div>
   <div class='ocr_carea' id='block_1_78' title="bbox 2332 3367 3837 3457">
    <p class='ocr_par' dir='ltr' id='par_1_78' title="bbox 2332 3367 3837 3457">
     <span class='ocr_line' id='line_1_78' title="bbox 2332 3367 3837 3457; baseline -0.016 -12"><span class='ocrx_word' id='word_1_614' title='bbox 2332 3367 2530 3445; x_wconf 52' lang='grc' dir='ltr'>αύτσῧξ</span> <span class='ocrx_word' id='word_1_615' title='bbox 2554 3387 2988 3457; x_wconf 85' lang='grc' dir='ltr'>Ζηλοτυπήσασα</span> <span class='ocrx_word' id='word_1_616' title='bbox 3034 3377 3127 3436; x_wconf 82' lang='grc' dir='ltr'>οὖν</span> <span class='ocrx_word' id='word_1_617' title='bbox 3156 3382 3191 3451; x_wconf 82' lang='grc' dir='ltr'><strong>ἡ</strong></span> <span class='ocrx_word' id='word_1_618' title='bbox 3218 3381 3378 3451; x_wconf 79' lang='grc' dir='ltr'>Ἦρα</span> <span class='ocrx_word' id='word_1_619' title='bbox 3396 3421 3410 3444; x_wconf 88' lang='grc'><strong>,</strong></span> <span class='ocrx_word' id='word_1_620' title='bbox 3442 3377 3710 3448; x_wconf 78' lang='grc' dir='ltr'>ἀπέρχεται</span> 
     </span>
    </p>
   </div>
   <div class='ocr_carea' id='block_1_79' title="bbox 2331 3463 3939 3551">
    <p class='ocr_par' dir='ltr' id='par_1_79' title="bbox 2331 3463 3939 3551">
     <span class='ocr_line' id='line_1_79' title="bbox 2331 3463 3939 3551; baseline -0.017 -17"><span class='ocrx_word' id='word_1_621' title='bbox 2331 3481 2430 3551; x_wconf 83' lang='grc' dir='ltr'><strong>τὴν</strong></span> <span class='ocrx_word' id='word_1_622' title='bbox 2456 3478 2698 3548; x_wconf 82' lang='grc' dir='ltr'>Σεμέλην</span> <span class='ocrx_word' id='word_1_623' title='bbox 2727 3477 2823 3529; x_wconf 78' lang='grc' dir='ltr'>καὶ</span> <span class='ocrx_word' id='word_1_624' title='bbox 2855 3472 3001 3541; x_wconf 82' lang='grc' dir='ltr'>λέγει</span> <span class='ocrx_word' id='word_1_625' title='bbox 3033 3471 3169 3542; x_wconf 83' lang='grc' dir='ltr'>αὐτῇ</span> <span class='ocrx_word' id='word_1_626' title='bbox 3187 3510 3201 3533; x_wconf 92' lang='grc'><strong>,</strong></span> <span class='ocrx_word' id='word_1_627' title='bbox 3249 3471 3334 3523; x_wconf 81' lang='grc' dir='ltr'>ὅτι</span> <span class='ocrx_word' id='word_1_628' title='bbox 3365 3471 3564 3530; x_wconf 83' lang='grc' dir='ltr'>Ὄντως</span> <span class='ocrx_word' id='word_1_629' title='bbox 3593 3463 3747 3531; x_wconf 79' lang='grc' dir='ltr'>ἀπατᾷ</span> <span class='ocrx_word' id='word_1_630' title='bbox 3777 3464 3837 3510; x_wconf 76' lang='grc' dir='ltr'>σε·</span> 
     </span>
    </p>
   </div>
   <div class='ocr_carea' id='block_1_80' title="bbox 2331 3550 3833 3641">
    <p class='ocr_par' dir='ltr' id='par_1_80' title="bbox 2331 3550 3833 3641">
     <span class='ocr_line' id='line_1_80' title="bbox 2331 3550 3833 3641; baseline -0.012 -15"><span class='ocrx_word' id='word_1_631' title='bbox 2331 3550 2452 3626; x_wconf 77' lang='grc' dir='ltr'>οὐδὲ</span> <span class='ocrx_word' id='word_1_632' title='bbox 2484 3570 2593 3641; x_wconf 79' lang='grc' dir='ltr'>γὰρ</span> <span class='ocrx_word' id='word_1_633' title='bbox 2622 3571 2650 3622; x_wconf 89' lang='lat'><strong>6</strong></span> <span class='ocrx_word' id='word_1_634' title='bbox 2683 3566 2817 3628; x_wconf 87' lang='grc' dir='ltr'>Ζεύς</span> <span class='ocrx_word' id='word_1_635' title='bbox 2850 3567 2996 3618; x_wconf 78' lang='grc' dir='ltr'>ἐστιν</span> <span class='ocrx_word' id='word_1_636' title='bbox 3015 3565 3042 3617; x_wconf 87' lang='lat'><strong>6</strong></span> <span class='ocrx_word' id='word_1_637' title='bbox 3065 3561 3463 3632; x_wconf 82' lang='grc' dir='ltr'>συγγενόμενός</span> <span class='ocrx_word' id='word_1_638' title='bbox 3484 3574 3591 3612; x_wconf 89' lang='grc' dir='ltr'>σοι·</span> <span class='ocrx_word' id='word_1_639' title='bbox 3625 3556 3728 3625; x_wconf 78' lang='grc' dir='ltr'>ἐμοὶ</span> <span class='ocrx_word' id='word_1_640' title='bbox 3748 3550 3833 3617; x_wconf 69' lang='grc' dir='ltr'>γὰρ.</span> 
     </span>
    </p>
   </div>
   <div class='ocr_carea' id='block_1_81' title="bbox 2334 3639 3838 3733">
    <p class='ocr_par' dir='ltr' id='par_1_81' title="bbox 2334 3639 3838 3733">
     <span class='ocr_line' id='line_1_81' title="bbox 2334 3639 3838 3733; baseline -0.017 -17"><span class='ocrx_word' id='word_1_641' title='bbox 2334 3663 2516 3733; x_wconf 81' lang='grc' dir='ltr'>φησὶν,</span> <span class='ocrx_word' id='word_1_642' title='bbox 2551 3661 2640 3713; x_wconf 82' lang='grc' dir='ltr'>ὅτε</span> <span class='ocrx_word' id='word_1_643' title='bbox 2685 3656 3018 3726; x_wconf 84' lang='grc' dir='ltr'>συγγίνεται,</span> <span class='ocrx_word' id='word_1_644' title='bbox 3053 3655 3189 3724; x_wconf 81' lang='grc' dir='ltr'>μετὰ</span> <span class='ocrx_word' id='word_1_645' title='bbox 3233 3653 3526 3724; x_wconf 86' lang='grc' dir='ltr'>ἀστραπῶν</span> <span class='ocrx_word' id='word_1_646' title='bbox 3554 3649 3636 3702; x_wconf 78' lang='grc' dir='ltr'>καὶ</span> <span class='ocrx_word' id='word_1_647' title='bbox 3665 3639 3838 3714; x_wconf 79' lang='grc' dir='ltr'>βροντῶν</span> 
     </span>
    </p>
   </div>
   <div class='ocr_carea' id='block_1_82' title="bbox 2336 3731 3837 3822">
    <p class='ocr_par' dir='ltr' id='par_1_82' title="bbox 2336 3731 3837 3822">
     <span class='ocr_line' id='line_1_82' title="bbox 2336 3731 3837 3822; baseline -0.016 -15"><span class='ocrx_word' id='word_1_648' title='bbox 2336 3731 2663 3822; x_wconf 74' lang='grc' dir='ltr'>συγγίνεται.</span> <span class='ocrx_word' id='word_1_649' title='bbox 2703 3750 2827 3802; x_wconf 77' lang='grc' dir='ltr'>Ἐὰν</span> <span class='ocrx_word' id='word_1_650' title='bbox 2866 3743 2958 3800; x_wconf 79' lang='grc' dir='ltr'>οὖν</span> <span class='ocrx_word' id='word_1_651' title='bbox 2996 3746 3124 3818; x_wconf 75' lang='grc' dir='ltr'>ἔλθῃ</span> <span class='ocrx_word' id='word_1_652' title='bbox 3159 3745 3294 3817; x_wconf 76' lang='grc' dir='ltr'>πρὸς</span> <span class='ocrx_word' id='word_1_653' title='bbox 3327 3746 3388 3797; x_wconf 82' lang='grc' dir='ltr'>σὲ</span> <span class='ocrx_word' id='word_1_654' title='bbox 3414 3747 3442 3798; x_wconf 88' lang='lat'><strong>6</strong></span> <span class='ocrx_word' id='word_1_655' title='bbox 3476 3743 3620 3803; x_wconf 78' lang='grc' dir='ltr'>Ζεὺς,</span> <span class='ocrx_word' id='word_1_656' title='bbox 3647 3735 3746 3790; x_wconf 69' lang='grc' dir='ltr'>εἰπὲ</span> <span class='ocrx_word' id='word_1_657' title='bbox 3771 3731 3837 3784; x_wconf 65' lang='lat' dir='ltr'><strong>af)-</strong></span> 
     </span>
    </p>
   </div>
   <div class='ocr_carea' id='block_1_83' title="bbox 2332 3819 3839 3916">
    <p class='ocr_par' dir='ltr' id='par_1_83' title="bbox 2332 3819 3839 3916">
     <span class='ocr_line' id='line_1_83' title="bbox 2332 3819 3839 3916; baseline -0.017 -19"><span class='ocrx_word' id='word_1_658' title='bbox 2332 3819 2460 3916; x_wconf 45' lang='lat' dir='ltr'><strong>«rei;</strong></span> <span class='ocrx_word' id='word_1_659' title='bbox 2511 3844 2597 3906; x_wconf 84' lang='grc' dir='ltr'>Ὠς</span> <span class='ocrx_word' id='word_1_660' title='bbox 2632 3841 2863 3912; x_wconf 83' lang='grc' dir='ltr'>συγγίνῃ</span> <span class='ocrx_word' id='word_1_661' title='bbox 2895 3841 2963 3909; x_wconf 84' lang='grc' dir='ltr'>τῇ</span> <span class='ocrx_word' id='word_1_662' title='bbox 2999 3838 3171 3909; x_wconf 77' lang='grc' dir='ltr'>Ἥρᾳ,</span> <span class='ocrx_word' id='word_1_663' title='bbox 3199 3836 3346 3890; x_wconf 81' lang='grc' dir='ltr'>οὕτω</span> <span class='ocrx_word' id='word_1_664' title='bbox 3395 3832 3607 3889; x_wconf 80' lang='grc' dir='ltr'>σύνελθέ</span> <span class='ocrx_word' id='word_1_665' title='bbox 3637 3845 3730 3900; x_wconf 87' lang='grc' dir='ltr'>μοι.</span> <span class='ocrx_word' id='word_1_666' title='bbox 3763 3819 3839 3875; x_wconf 73' lang='grc' dir='ltr'><strong>Καὶ</strong></span> 
     </span>
    </p>
   </div>
   <div class='ocr_carea' id='block_1_84' title="bbox 2334 3911 3939 4008">
    <p class='ocr_par' dir='ltr' id='par_1_84' title="bbox 2334 3911 3939 4008">
     <span class='ocr_line' id='line_1_84' title="bbox 2334 3911 3939 4008; baseline -0.017 -18"><span class='ocrx_word' id='word_1_667' title='bbox 2334 3911 2395 3992; x_wconf 63' lang='grc' dir='ltr'><strong>εί⁷</strong></span> <span class='ocrx_word' id='word_1_668' title='bbox 2419 3937 2515 4008; x_wconf 79' lang='grc' dir='ltr'><strong>μὲν</strong></span> <span class='ocrx_word' id='word_1_669' title='bbox 2538 3911 2861 4004; x_wconf 84' lang='grc' dir='ltr'>συγγένηταί</span> <span class='ocrx_word' id='word_1_670' title='bbox 2892 3948 2973 3984; x_wconf 89' lang='grc' dir='ltr'><strong>σοι</strong></span> <span class='ocrx_word' id='word_1_671' title='bbox 3006 3929 3143 4000; x_wconf 77' lang='grc' dir='ltr'>μετὰ</span> <span class='ocrx_word' id='word_1_672' title='bbox 3169 3927 3464 4000; x_wconf 83' lang='grc' dir='ltr'>ἀστραπῶν</span> <span class='ocrx_word' id='word_1_673' title='bbox 3493 3927 3580 3977; x_wconf 73' lang='grc' dir='ltr'><strong>καὶ</strong></span> <span class='ocrx_word' id='word_1_674' title='bbox 3602 3911 3839 3990; x_wconf 74' lang='grc' dir='ltr'>κεραυνῶν,</span> <span class='ocrx_word' id='word_1_675' title='bbox 3938 3963 3939 3966; x_wconf 39' lang='grc' dir='ltr'><strong>η</strong></span> 
     </span>
    </p>
   </div>
   <div class='ocr_carea' id='block_1_85' title="bbox 2333 4003 3839 4100">
    <p class='ocr_par' dir='ltr' id='par_1_85' title="bbox 2333 4003 3839 4100">
     <span class='ocr_line' id='line_1_85' title="bbox 2333 4003 3839 4100; baseline -0.011 -16"><span class='ocrx_word' id='word_1_676' title='bbox 2333 4031 2416 4100; x_wconf 79' lang='grc' dir='ltr'>τῷ</span> <span class='ocrx_word' id='word_1_677' title='bbox 2441 4029 2554 4082; x_wconf 79' lang='grc' dir='ltr'>ὗντι</span> <span class='ocrx_word' id='word_1_678' title='bbox 2583 4029 2610 4080; x_wconf 87' lang='lat'><strong>6</strong></span> <span class='ocrx_word' id='word_1_679' title='bbox 2636 4024 2770 4088; x_wconf 65' lang='lat' dir='ltr'><strong>lati;</strong></span> <span class='ocrx_word' id='word_1_680' title='bbox 2798 4040 2879 4076; x_wconf 89' lang='grc' dir='ltr'><strong>σοι</strong></span> <span class='ocrx_word' id='word_1_681' title='bbox 2910 4021 3244 4090; x_wconf 82' lang='grc' dir='ltr'>συγγίνεται.</span> <span class='ocrx_word' id='word_1_682' title='bbox 3279 4021 3343 4073; x_wconf 79' lang='grc' dir='ltr'><strong>Εἰ</strong></span> <span class='ocrx_word' id='word_1_683' title='bbox 3373 4020 3428 4072; x_wconf 82' lang='grc' dir='ltr'><strong>δὲ</strong></span> <span class='ocrx_word' id='word_1_684' title='bbox 3455 4017 3616 4077; x_wconf 74' lang='grc' dir='ltr'>ἄλλως</span> <span class='ocrx_word' id='word_1_685' title='bbox 3637 4025 3748 4069; x_wconf 71' lang='grc' dir='ltr'>πως.</span> <span class='ocrx_word' id='word_1_686' title='bbox 3770 4003 3839 4056; x_wconf 59' lang='grc' dir='ltr'><strong>οὒκ</strong></span> 
     </span>
    </p>
   </div>
   <div class='ocr_carea' id='block_1_86' title="bbox 2336 4097 3838 4182">
    <p class='ocr_par' dir='ltr' id='par_1_86' title="bbox 2336 4097 3838 4182">
     <span class='ocr_line' id='line_1_86' title="bbox 2336 4097 3838 4182; baseline -0.017 -8"><span class='ocrx_word' id='word_1_687' title='bbox 2336 4097 2482 4175; x_wconf 78' lang='grc' dir='ltr'>ἔστιν</span> <span class='ocrx_word' id='word_1_688' title='bbox 2517 4120 2544 4171; x_wconf 87' lang='lat'><strong>6</strong></span> <span class='ocrx_word' id='word_1_689' title='bbox 2573 4117 2728 4180; x_wconf 86' lang='grc' dir='ltr'>Ζεύς.</span> <span class='ocrx_word' id='word_1_690' title='bbox 2759 4115 2946 4169; x_wconf 80' lang='grc' dir='ltr'>Ταῦτα</span> <span class='ocrx_word' id='word_1_691' title='bbox 2974 4113 3318 4182; x_wconf 83' lang='grc' dir='ltr'>ὑποθεμένης</span> <span class='ocrx_word' id='word_1_692' title='bbox 3363 4113 3459 4182; x_wconf 77' lang='grc' dir='ltr'>τῆς</span> <span class='ocrx_word' id='word_1_693' title='bbox 3493 4110 3672 4178; x_wconf 75' lang='grc' dir='ltr'>Ἥρας,</span> <span class='ocrx_word' id='word_1_694' title='bbox 3704 4097 3838 4152; x_wconf 74' lang='grc' dir='ltr'>ἐλθόν·</span> 
     </span>
    </p>
   </div>
   <div class='ocr_carea' id='block_1_87' title="bbox 2335 4187 3840 4281">
    <p class='ocr_par' dir='ltr' id='par_1_87' title="bbox 2335 4187 3840 4281">
     <span class='ocr_line' id='line_1_87' title="bbox 2335 4187 3840 4281; baseline -0.009 -14"><span class='ocrx_word' id='word_1_695' title='bbox 2335 4232 2425 4277; x_wconf 75' lang='grc' dir='ltr'><strong>τος</strong></span> <span class='ocrx_word' id='word_1_696' title='bbox 2461 4211 2554 4266; x_wconf 82' lang='grc' dir='ltr'>τοῦ</span> <span class='ocrx_word' id='word_1_697' title='bbox 2601 4211 2722 4273; x_wconf 77' lang='grc' dir='ltr'>Διὸς</span> <span class='ocrx_word' id='word_1_698' title='bbox 2757 4209 2894 4281; x_wconf 85' lang='grc' dir='ltr'>πρὸς</span> <span class='ocrx_word' id='word_1_699' title='bbox 2936 4207 3032 4279; x_wconf 79' lang='grc' dir='ltr'><strong>τὴν</strong></span> <span class='ocrx_word' id='word_1_700' title='bbox 3063 4205 3338 4278; x_wconf 88' lang='grc' dir='ltr'>Σεμέλην,</span> <span class='ocrx_word' id='word_1_701' title='bbox 3373 4202 3538 4276; x_wconf 69' lang='grc' dir='ltr'>ᾐτήθη</span> <span class='ocrx_word' id='word_1_702' title='bbox 3581 4195 3692 4264; x_wconf 76' lang='grc' dir='ltr'>παρ’</span> <span class='ocrx_word' id='word_1_703' title='bbox 3716 4187 3840 4254; x_wconf 64' lang='grc' dir='ltr'><strong>αὐτῆς</strong></span> 
     </span>
    </p>
   </div>
   <div class='ocr_carea' id='block_1_88' title="bbox 2340 4281 3839 4375">
    <p class='ocr_par' dir='ltr' id='par_1_88' title="bbox 2340 4281 3839 4375">
     <span class='ocr_line' id='line_1_88' title="bbox 2340 4281 3839 4375; baseline -0.004 -16"><span class='ocrx_word' id='word_1_704' title='bbox 2340 4304 2695 4375; x_wconf 76' lang='grc' dir='ltr'>συγγενέσθαι</span> <span class='ocrx_word' id='word_1_705' title='bbox 2733 4304 2871 4372; x_wconf 78' lang='grc' dir='ltr'>αὐτῇ</span> <span class='ocrx_word' id='word_1_706' title='bbox 2913 4302 2988 4364; x_wconf 85' lang='grc' dir='ltr'><strong>ῶς</strong></span> <span class='ocrx_word' id='word_1_707' title='bbox 3032 4303 3098 4369; x_wconf 82' lang='grc' dir='ltr'>τῇ</span> <span class='ocrx_word' id='word_1_708' title='bbox 3135 4300 3303 4370; x_wconf 78' lang='grc' dir='ltr'>Ἱῐρᾳ.</span> <span class='ocrx_word' id='word_1_709' title='bbox 3341 4294 3472 4351; x_wconf 79' lang='grc' dir='ltr'>Εἶτα</span> <span class='ocrx_word' id='word_1_710' title='bbox 3521 4281 3839 4358; x_wconf 75' lang='grc' dir='ltr'>συγγινομένον</span> 
     </span>
    </p>
   </div>
   <div class='ocr_carea' id='block_1_89' title="bbox 2343 4376 3838 4470">
    <p class='ocr_par' dir='ltr' id='par_1_89' title="bbox 2343 4376 3838 4470">
     <span class='ocr_line' id='line_1_89' title="bbox 2343 4376 3838 4470; baseline -0.019 -19"><span class='ocrx_word' id='word_1_711' title='bbox 2343 4397 2482 4470; x_wconf 78' lang='grc' dir='ltr'>μετὰ</span> <span class='ocrx_word' id='word_1_712' title='bbox 2537 4393 2814 4465; x_wconf 85' lang='grc' dir='ltr'>κεραυνῶν</span> <span class='ocrx_word' id='word_1_713' title='bbox 2840 4433 2854 4457; x_wconf 96' lang='grc'><strong>,</strong></span> <span class='ocrx_word' id='word_1_714' title='bbox 2892 4392 2965 4462; x_wconf 83' lang='grc' dir='ltr'>μὴ</span> <span class='ocrx_word' id='word_1_715' title='bbox 3000 4390 3296 4458; x_wconf 76' lang='grc' dir='ltr'>ἐνεγκοῦσα</span> <span class='ocrx_word' id='word_1_716' title='bbox 3330 4391 3366 4460; x_wconf 77' lang='grc' dir='ltr'><strong>ἡ</strong></span> <span class='ocrx_word' id='word_1_717' title='bbox 3409 4384 3602 4455; x_wconf 80' lang='grc' dir='ltr'>Σεμέλη</span> <span class='ocrx_word' id='word_1_718' title='bbox 3648 4376 3750 4436; x_wconf 78' lang='grc' dir='ltr'>τοὺς</span> <span class='ocrx_word' id='word_1_719' title='bbox 3777 4383 3838 4421; x_wconf 73' lang='grc' dir='ltr'>κε’</span> 
     </span>
    </p>
   </div>
   <div class='ocr_carea' id='block_1_90' title="bbox 656 4466 2226 4583">
    <p class='ocr_par' dir='ltr' id='par_1_90' title="bbox 656 4490 2226 4583">
     <span class='ocr_line' id='line_1_90' title="bbox 656 4490 2226 4583; baseline -0.017 -11"><span class='ocrx_word' id='word_1_720' title='bbox 656 4517 828 4573; x_wconf 85' lang='lat' dir='ltr'><strong>fetum</strong></span> <span class='ocrx_word' id='word_1_721' title='bbox 865 4512 957 4583; x_wconf 86' lang='lat' dir='ltr'><strong>qui</strong></span> <span class='ocrx_word' id='word_1_722' title='bbox 987 4517 1104 4566; x_wconf 87' lang='lat' dir='ltr'><strong>erat</strong></span> <span class='ocrx_word' id='word_1_723' title='bbox 1128 4509 1183 4562; x_wconf 91' lang='lat' dir='ltr'><strong>in</strong></span> <span class='ocrx_word' id='word_1_724' title='bbox 1218 4504 1429 4561; x_wconf 89' lang='lat' dir='ltr'><strong>Semele</strong></span> <span class='ocrx_word' id='word_1_725' title='bbox 1462 4500 1626 4570; x_wconf 87' lang='lat' dir='ltr'><strong>cepit,</strong></span> <span class='ocrx_word' id='word_1_726' title='bbox 1649 4497 1832 4568; x_wconf 91' lang='lat' dir='ltr'><strong>posuit</strong></span> <span class='ocrx_word' id='word_1_727' title='bbox 1859 4496 1914 4548; x_wconf 90' lang='lat' dir='ltr'><strong>in</strong></span> <span class='ocrx_word' id='word_1_728' title='bbox 1961 4507 2119 4548; x_wconf 90' lang='lat' dir='ltr'><strong>suum</strong></span> <span class='ocrx_word' id='word_1_729' title='bbox 2153 4490 2226 4546; x_wconf 90' lang='lat' dir='ltr'><strong>fe-</strong></span> 
     </span>
    </p>
   </div>
   <div class='ocr_carea' id='block_1_91' title="bbox 2324 4466 3840 4583">
    <p class='ocr_par' dir='ltr' id='par_1_91' title="bbox 2341 4466 3840 4583">
     <span class='ocr_line' id='line_1_91' title="bbox 2341 4466 3840 4564; baseline -0.005 -21"><span class='ocrx_word' id='word_1_730' title='bbox 2341 4490 2590 4564; x_wconf 76' lang='grc' dir='ltr'>ραυνοὺς,</span> <span class='ocrx_word' id='word_1_731' title='bbox 2627 4487 2917 4540; x_wconf 84' lang='grc' dir='ltr'>ἀπέθανεν.</span> <span class='ocrx_word' id='word_1_732' title='bbox 2966 4486 3024 4538; x_wconf 84' lang='lat'><strong>&#39;0</strong></span> <span class='ocrx_word' id='word_1_733' title='bbox 3055 4481 3146 4537; x_wconf 79' lang='grc' dir='ltr'>οὖν</span> <span class='ocrx_word' id='word_1_734' title='bbox 3180 4484 3314 4545; x_wconf 80' lang='grc' dir='ltr'>Ζεὺς</span> <span class='ocrx_word' id='word_1_735' title='bbox 3345 4483 3530 4535; x_wconf 80' lang='grc' dir='ltr'>θᾶττον</span> <span class='ocrx_word' id='word_1_736' title='bbox 3564 4475 3620 4526; x_wconf 76' lang='grc' dir='ltr'>τὸ</span> <span class='ocrx_word' id='word_1_737' title='bbox 3658 4466 3840 4537; x_wconf 66' lang='grc' dir='ltr'><strong>ἒμδρνον</strong></span> 
     </span>
     <span class='ocr_line' id='line_1_92' title="bbox 2389 4549 3834 4583; baseline 0 0"><span class='ocrx_word' id='word_1_738' title='bbox 2389 4579 2410 4583; x_wconf 80' lang='lat'><strong><em>_</em></strong></span> <span class='ocrx_word' id='word_1_739' title='bbox 2671 4581 2703 4583; x_wconf 64' lang='lat'><strong>,_</strong></span> <span class='ocrx_word' id='word_1_740' title='bbox 2797 4578 2822 4583; x_wconf 83' lang='lat'><strong>-_</strong></span> <span class='ocrx_word' id='word_1_741' title='bbox 2907 4576 2920 4583; x_wconf 76' lang='lat'><strong>-</strong></span> <span class='ocrx_word' id='word_1_742' title='bbox 2985 4575 3037 4583; x_wconf 59' lang='grc' dir='ltr'>ρ.</span> <span class='ocrx_word' id='word_1_743' title='bbox 3164 4574 3224 4583; x_wconf 86' lang='grc'><strong>..-</strong></span> <span class='ocrx_word' id='word_1_744' title='bbox 3264 4573 3278 4583; x_wconf 82' lang='grc'>.</span> <span class='ocrx_word' id='word_1_745' title='bbox 3416 4575 3427 4583; x_wconf 97' lang='grc'><strong>.</strong></span> <span class='ocrx_word' id='word_1_746' title='bbox 3518 4569 3530 4583; x_wconf 80' lang='grc' dir='ltr'><strong>ι</strong></span> <span class='ocrx_word' id='word_1_747' title='bbox 3607 4549 3834 4583; x_wconf 31' lang='lat' dir='ltr'><strong>_,_-i....qi</strong></span> 
     </span>
    </p>
   </div>
   <div class='ocr_carea' id='block_1_92' title="bbox 659 4593 2229 4664">
    <p class='ocr_par' dir='ltr' id='par_1_92' title="bbox 659 4593 2229 4664">
     <span class='ocr_line' id='line_1_93' title="bbox 659 4593 2229 4664; baseline -0.017 -3"><span class='ocrx_word' id='word_1_748' title='bbox 659 4621 781 4662; x_wconf 89' lang='lat' dir='ltr'><strong>mur</strong></span> <span class='ocrx_word' id='word_1_749' title='bbox 817 4611 872 4658; x_wconf 93' lang='lat' dir='ltr'><strong>et</strong></span> <span class='ocrx_word' id='word_1_750' title='bbox 929 4600 1061 4664; x_wconf 85' lang='lat' dir='ltr'><strong>suit,</strong></span> <span class='ocrx_word' id='word_1_751' title='bbox 1103 4599 1274 4652; x_wconf 88' lang='lat' dir='ltr'><strong>donec</strong></span> <span class='ocrx_word' id='word_1_752' title='bbox 1307 4593 1716 4662; x_wconf 86' lang='lat' dir='ltr'><strong>complerentur</strong></span> <span class='ocrx_word' id='word_1_753' title='bbox 1754 4601 1946 4641; x_wconf 87' lang='lat' dir='ltr'><strong>novem</strong></span> <span class='ocrx_word' id='word_1_754' title='bbox 1993 4597 2229 4638; x_wconf 90' lang='lat' dir='ltr'><strong>menses.</strong></span> 
     </span>
    </p>
   </div>
   <div class='ocr_carea' id='block_1_93' title="bbox 657 4670 2234 4752">
    <p class='ocr_par' dir='ltr' id='par_1_93' title="bbox 657 4670 2234 4752">
     <span class='ocr_line' id='line_1_94' title="bbox 657 4670 2234 4752; baseline -0.018 0"><span class='ocrx_word' id='word_1_755' title='bbox 657 4698 792 4752; x_wconf 86' lang='lat' dir='ltr'><strong>Erat</strong></span> <span class='ocrx_word' id='word_1_756' title='bbox 815 4705 944 4748; x_wconf 82' lang='lat' dir='ltr'><strong>vero</strong></span> <span class='ocrx_word' id='word_1_757' title='bbox 965 4690 1058 4744; x_wconf 88' lang='lat' dir='ltr'><strong>ille</strong></span> <span class='ocrx_word' id='word_1_758' title='bbox 1097 4684 1347 4740; x_wconf 83' lang='lat' dir='ltr'><strong>Bacchus</strong></span> <span class='ocrx_word' id='word_1_759' title='bbox 1379 4679 1796 4750; x_wconf 83' lang='lat' dir='ltr'><strong>:imperfectum</strong></span> <span class='ocrx_word' id='word_1_760' title='bbox 1839 4681 2019 4727; x_wconf 88' lang='lat' dir='ltr'><strong>autem</strong></span> <span class='ocrx_word' id='word_1_761' title='bbox 2065 4670 2234 4724; x_wconf 87' lang='lat' dir='ltr'><strong>fetum</strong></span> 
     </span>
    </p>
   </div>
   <div class='ocr_carea' id='block_1_94' title="bbox 613 4763 2236 4854">
    <p class='ocr_par' dir='ltr' id='par_1_94' title="bbox 613 4763 2236 4854">
     <span class='ocr_line' id='line_1_95' title="bbox 613 4763 2236 4854; baseline -0.02 -10"><span class='ocrx_word' id='word_1_762' title='bbox 613 4790 625 4802; x_wconf 87' lang='lat'><strong>&#39;</strong></span> <span class='ocrx_word' id='word_1_763' title='bbox 659 4788 814 4849; x_wconf 90' lang='lat' dir='ltr'><strong>dicit,</strong></span> <span class='ocrx_word' id='word_1_764' title='bbox 849 4784 974 4854; x_wconf 87' lang='lat' dir='ltr'><strong>quia</strong></span> <span class='ocrx_word' id='word_1_765' title='bbox 1011 4781 1186 4835; x_wconf 88' lang='lat' dir='ltr'><strong>femur</strong></span> <span class='ocrx_word' id='word_1_766' title='bbox 1211 4791 1336 4832; x_wconf 91' lang='lat' dir='ltr'><strong>eum</strong></span> <span class='ocrx_word' id='word_1_767' title='bbox 1365 4774 1550 4843; x_wconf 86' lang='lat' dir='ltr'><strong>genuit</strong></span> <span class='ocrx_word' id='word_1_768' title='bbox 1572 4769 1742 4825; x_wconf 89' lang='lat' dir='ltr'><strong>Jovis.</strong></span> <span class='ocrx_word' id='word_1_769' title='bbox 1775 4767 1942 4821; x_wconf 88' lang='lat' dir='ltr'><strong>Deum</strong></span> <span class='ocrx_word' id='word_1_770' title='bbox 1977 4763 2236 4833; x_wconf 80' lang='lat' dir='ltr'><strong>androgy-</strong></span> 
     </span>
    </p>
   </div>
   <div class='ocr_carea' id='block_1_95' title="bbox 661 4857 2237 4933">
    <p class='ocr_par' dir='ltr' id='par_1_95' title="bbox 661 4857 2237 4933">
     <span class='ocr_line' id='line_1_96' title="bbox 661 4857 2237 4933; baseline -0.013 -2"><span class='ocrx_word' id='word_1_771' title='bbox 661 4893 788 4931; x_wconf 84' lang='lat' dir='ltr'><strong>num</strong></span> <span class='ocrx_word' id='word_1_772' title='bbox 833 4881 992 4929; x_wconf 82' lang='lat' dir='ltr'><strong>vocat</strong></span> <span class='ocrx_word' id='word_1_773' title='bbox 1021 4869 1318 4930; x_wconf 85' lang='lat' dir='ltr'><strong>Bacchum,</strong></span> <span class='ocrx_word' id='word_1_774' title='bbox 1355 4872 1414 4918; x_wconf 92' lang='lat' dir='ltr'><strong>ut</strong></span> <span class='ocrx_word' id='word_1_775' title='bbox 1440 4861 1768 4933; x_wconf 85' lang='lat' dir='ltr'><strong>quandoque</strong></span> <span class='ocrx_word' id='word_1_776' title='bbox 1811 4857 2024 4912; x_wconf 69' lang='lat' dir='ltr'><strong>femina:</strong></span> <span class='ocrx_word' id='word_1_777' title='bbox 2052 4863 2237 4926; x_wconf 85' lang='lat' dir='ltr'><strong>partes</strong></span> 
     </span>
    </p>
   </div>
   <div class='ocr_carea' id='block_1_96' title="bbox 662 4945 2239 5039">
    <p class='ocr_par' dir='ltr' id='par_1_96' title="bbox 662 4945 2239 5039">
     <span class='ocr_line' id='line_1_97' title="bbox 662 4945 2239 5039; baseline -0.016 -16"><span class='ocrx_word' id='word_1_778' title='bbox 662 4973 932 5039; x_wconf 83' lang='lat' dir='ltr'><strong>agentem,</strong></span> <span class='ocrx_word' id='word_1_779' title='bbox 950 4961 1004 5016; x_wconf 91' lang='lat' dir='ltr'><strong>id</strong></span> <span class='ocrx_word' id='word_1_780' title='bbox 1025 4968 1108 5015; x_wconf 89' lang='lat' dir='ltr'><strong>est</strong></span> <span class='ocrx_word' id='word_1_781' title='bbox 1129 4959 1317 5012; x_wconf 87' lang='lat' dir='ltr'><strong>eadem</strong></span> <span class='ocrx_word' id='word_1_782' title='bbox 1337 4969 1498 5025; x_wconf 87' lang='lat' dir='ltr'><strong>quam</strong></span> <span class='ocrx_word' id='word_1_783' title='bbox 1533 4951 1790 5005; x_wconf 79' lang='lat' dir='ltr'><strong>mulieres</strong></span> <span class='ocrx_word' id='word_1_784' title='bbox 1811 4948 2126 5018; x_wconf 89' lang='lat' dir='ltr'><strong>patientem,</strong></span> <span class='ocrx_word' id='word_1_785' title='bbox 2146 4945 2239 4998; x_wconf 90' lang='lat' dir='ltr'><strong>ali-</strong></span> 
     </span>
    </p>
   </div>
   <div class='ocr_carea' id='block_1_97' title="bbox 660 5034 2237 5128">
    <p class='ocr_par' dir='ltr' id='par_1_97' title="bbox 660 5034 2237 5128">
     <span class='ocr_line' id='line_1_98' title="bbox 660 5034 2237 5128; baseline -0.015 -17"><span class='ocrx_word' id='word_1_786' title='bbox 660 5034 882 5128; x_wconf 75' lang='lat' dir='ltr'><strong>quando</strong></span> <span class='ocrx_word' id='word_1_787' title='bbox 910 5065 1041 5106; x_wconf 86' lang='lat' dir='ltr'><strong>vero</strong></span> <span class='ocrx_word' id='word_1_788' title='bbox 1068 5049 1171 5103; x_wconf 89' lang='lat' dir='ltr'><strong>viri</strong></span> <span class='ocrx_word' id='word_1_789' title='bbox 1217 5057 1400 5118; x_wconf 91' lang='lat' dir='ltr'><strong>partes</strong></span> <span class='ocrx_word' id='word_1_790' title='bbox 1428 5049 1696 5112; x_wconf 84' lang='lat' dir='ltr'><strong>agentem,</strong></span> <span class='ocrx_word' id='word_1_791' title='bbox 1743 5038 1798 5091; x_wconf 89' lang='lat' dir='ltr'><strong>id</strong></span> <span class='ocrx_word' id='word_1_792' title='bbox 1848 5043 1932 5091; x_wconf 89' lang='lat' dir='ltr'><strong>est</strong></span> <span class='ocrx_word' id='word_1_793' title='bbox 1985 5051 2050 5090; x_wconf 89' lang='lat' dir='ltr'><strong>ea</strong></span> <span class='ocrx_word' id='word_1_794' title='bbox 2089 5034 2237 5088; x_wconf 90' lang='lat' dir='ltr'><strong>viro-</strong></span> 
     </span>
    </p>
   </div>
   <div class='ocr_carea' id='block_1_98' title="bbox 662 5124 2239 5202">
    <p class='ocr_par' dir='ltr' id='par_1_98' title="bbox 662 5124 2239 5202">
     <span class='ocr_line' id='line_1_99' title="bbox 662 5124 2239 5202; baseline -0.016 0"><span class='ocrx_word' id='word_1_795' title='bbox 662 5124 783 5202; x_wconf 69' lang='lat' dir='ltr'><strong>rum</strong></span> <span class='ocrx_word' id='word_1_796' title='bbox 847 5141 1156 5197; x_wconf 86' lang='lat' dir='ltr'><strong>facientem.</strong></span> <span class='ocrx_word' id='word_1_797' title='bbox 1208 5137 1448 5191; x_wconf 90' lang='lat' dir='ltr'><strong>Chorum</strong></span> <span class='ocrx_word' id='word_1_798' title='bbox 1502 5139 1684 5186; x_wconf 90' lang='lat' dir='ltr'><strong>autem</strong></span> <span class='ocrx_word' id='word_1_799' title='bbox 1765 5127 2044 5183; x_wconf 84' lang='lat' dir='ltr'><strong>ebriosum</strong></span> <span class='ocrx_word' id='word_1_800' title='bbox 2105 5124 2239 5178; x_wconf 87' lang='lat' dir='ltr'><strong>dicit</strong></span> 
     </span>
    </p>
   </div>
   <div class='ocr_carea' id='block_1_99' title="bbox 664 5216 2237 5311">
    <p class='ocr_par' dir='ltr' id='par_1_99' title="bbox 664 5216 2237 5311">
     <span class='ocr_line' id='line_1_100' title="bbox 664 5216 2237 5311; baseline -0.015 -17"><span class='ocrx_word' id='word_1_801' title='bbox 664 5241 891 5311; x_wconf 82' lang='lat' dir='ltr'><strong>Satyros</strong></span> <span class='ocrx_word' id='word_1_802' title='bbox 925 5242 980 5290; x_wconf 87' lang='lat' dir='ltr'><strong>et</strong></span> <span class='ocrx_word' id='word_1_803' title='bbox 1014 5231 1254 5286; x_wconf 86' lang='lat' dir='ltr'><strong>Bacchos</strong></span> <span class='ocrx_word' id='word_1_804' title='bbox 1287 5235 1341 5282; x_wconf 90' lang='lat' dir='ltr'><strong>et</strong></span> <span class='ocrx_word' id='word_1_805' title='bbox 1375 5224 1624 5290; x_wconf 89' lang='lat' dir='ltr'><strong>Silenos;</strong></span> <span class='ocrx_word' id='word_1_806' title='bbox 1657 5222 1933 5276; x_wconf 67' lang='lat' dir='ltr'><strong>daemones</strong></span> <span class='ocrx_word' id='word_1_807' title='bbox 1961 5223 2090 5272; x_wconf 89' lang='lat' dir='ltr'><strong>sunt</strong></span> <span class='ocrx_word' id='word_1_808' title='bbox 2145 5216 2237 5271; x_wconf 88' lang='lat' dir='ltr'><strong>isti</strong></span> 
     </span>
    </p>
   </div>
   <div class='ocr_carea' id='block_1_100' title="bbox 661 5311 2239 5385">
    <p class='ocr_par' dir='ltr' id='par_1_100' title="bbox 661 5311 2239 5385">
     <span class='ocr_line' id='line_1_101' title="bbox 661 5311 2239 5385; baseline -0.014 -1"><span class='ocrx_word' id='word_1_809' title='bbox 661 5330 894 5385; x_wconf 87' lang='lat' dir='ltr'><strong>comites</strong></span> <span class='ocrx_word' id='word_1_810' title='bbox 909 5334 964 5382; x_wconf 91' lang='lat' dir='ltr'><strong>et</strong></span> <span class='ocrx_word' id='word_1_811' title='bbox 984 5322 1121 5379; x_wconf 90' lang='lat' dir='ltr'><strong>socii</strong></span> <span class='ocrx_word' id='word_1_812' title='bbox 1145 5319 1360 5373; x_wconf 87' lang='lat' dir='ltr'><strong>Bacchi.</strong></span> <span class='ocrx_word' id='word_1_813' title='bbox 1381 5316 1488 5370; x_wconf 83' lang='lat' dir='ltr'><strong>Eos</strong></span> <span class='ocrx_word' id='word_1_814' title='bbox 1517 5321 1571 5370; x_wconf 90' lang='lat' dir='ltr'><strong>et</strong></span> <span class='ocrx_word' id='word_1_815' title='bbox 1603 5311 1902 5368; x_wconf 75' lang='lat' dir='ltr'><strong>exercitum</strong></span> <span class='ocrx_word' id='word_1_816' title='bbox 1924 5317 2239 5380; x_wconf 86' lang='lat' dir='ltr'><strong>protervum</strong></span> 
     </span>
    </p>
   </div>
   <div class='ocr_carea' id='block_1_101' title="bbox 661 5400 2239 5478">
    <p class='ocr_par' dir='ltr' id='par_1_101' title="bbox 661 5400 2239 5478">
     <span class='ocr_line' id='line_1_102' title="bbox 661 5400 2239 5478; baseline -0.016 1"><span class='ocrx_word' id='word_1_817' title='bbox 661 5424 969 5478; x_wconf 74' lang='lat' dir='ltr'><strong>daemonum</strong></span> <span class='ocrx_word' id='word_1_818' title='bbox 988 5415 1136 5472; x_wconf 90' lang='lat' dir='ltr'><strong>dicit.</strong></span> <span class='ocrx_word' id='word_1_819' title='bbox 1155 5411 1475 5467; x_wconf 88' lang='lat' dir='ltr'><strong>Protervum</strong></span> <span class='ocrx_word' id='word_1_820' title='bbox 1495 5422 1620 5463; x_wconf 90' lang='lat' dir='ltr'><strong>eum</strong></span> <span class='ocrx_word' id='word_1_821' title='bbox 1638 5412 1798 5460; x_wconf 89' lang='lat' dir='ltr'><strong>vocat</strong></span> <span class='ocrx_word' id='word_1_822' title='bbox 1816 5411 2038 5474; x_wconf 90' lang='lat' dir='ltr'><strong>propter</strong></span> <span class='ocrx_word' id='word_1_823' title='bbox 2057 5400 2239 5456; x_wconf 85' lang='lat' dir='ltr'><strong>ebrie-</strong></span> 
     </span>
    </p>
   </div>
   <div class='ocr_carea' id='block_1_102' title="bbox 661 5491 2241 5570">
    <p class='ocr_par' dir='ltr' id='par_1_102' title="bbox 661 5491 2241 5570">
     <span class='ocr_line' id='line_1_103' title="bbox 661 5491 2241 5570; baseline -0.016 -2"><span class='ocrx_word' id='word_1_824' title='bbox 661 5509 1001 5568; x_wconf 80' lang='lat' dir='ltr'><strong>tatem.Cum</strong></span> <span class='ocrx_word' id='word_1_825' title='bbox 1018 5503 1163 5560; x_wconf 88' lang='lat' dir='ltr'><strong>enim</strong></span> <span class='ocrx_word' id='word_1_826' title='bbox 1183 5499 1291 5555; x_wconf 91' lang='lat' dir='ltr'><strong>vini</strong></span> <span class='ocrx_word' id='word_1_827' title='bbox 1313 5513 1512 5570; x_wconf 72' lang='lat' dir='ltr'><strong>praeses</strong></span> <span class='ocrx_word' id='word_1_828' title='bbox 1543 5496 1613 5553; x_wconf 90' lang='lat' dir='ltr'><strong>sit</strong></span> <span class='ocrx_word' id='word_1_829' title='bbox 1633 5493 1903 5554; x_wconf 86' lang='lat' dir='ltr'><strong>Bacchus,</strong></span> <span class='ocrx_word' id='word_1_830' title='bbox 1935 5491 2241 5546; x_wconf 87' lang='lat' dir='ltr'><strong>verisimili-</strong></span> 
     </span>
    </p>
   </div>
   <div class='ocr_carea' id='block_1_103' title="bbox 663 5583 2236 5658">
    <p class='ocr_par' dir='ltr' id='par_1_103' title="bbox 663 5583 2236 5658">
     <span class='ocr_line' id='line_1_104' title="bbox 663 5583 2236 5658; baseline -0.015 -2"><span class='ocrx_word' id='word_1_831' title='bbox 663 5611 746 5658; x_wconf 89' lang='lat' dir='ltr'><strong>ter</strong></span> <span class='ocrx_word' id='word_1_832' title='bbox 775 5615 900 5655; x_wconf 92' lang='lat' dir='ltr'><strong>cum</strong></span> <span class='ocrx_word' id='word_1_833' title='bbox 927 5614 998 5655; x_wconf 88' lang='lat' dir='ltr'><strong>eo</strong></span> <span class='ocrx_word' id='word_1_834' title='bbox 1022 5597 1297 5652; x_wconf 59' lang='lat' dir='ltr'><strong>daemones</strong></span> <span class='ocrx_word' id='word_1_835' title='bbox 1318 5585 1838 5646; x_wconf 88' lang='lat' dir='ltr'><strong>ebriosintroducit.</strong></span> <span class='ocrx_word' id='word_1_836' title='bbox 1871 5583 2008 5637; x_wconf 86' lang='lat' dir='ltr'><strong>Illud</strong></span> <span class='ocrx_word' id='word_1_837' title='bbox 2038 5592 2236 5645; x_wconf 87' lang='lat' dir='ltr'><strong>autem,</strong></span> 
     </span>
    </p>
   </div>
   <div class='ocr_carea' id='block_1_104' title="bbox 663 5671 2241 5745">
    <p class='ocr_par' dir='ltr' id='par_1_104' title="bbox 663 5671 2241 5745">
     <span class='ocr_line' id='line_1_105' title="bbox 663 5671 2241 5745; baseline -0.01 -4"><span class='ocrx_word' id='word_1_838' title='bbox 663 5686 1046 5742; x_wconf 86' lang='lat' dir='ltr'><strong>Thebanorum</strong></span> <span class='ocrx_word' id='word_1_839' title='bbox 1063 5680 1334 5739; x_wconf 87' lang='lat' dir='ltr'><strong>dementia</strong></span> <span class='ocrx_word' id='word_1_840' title='bbox 1350 5694 1472 5734; x_wconf 91' lang='lat' dir='ltr'><strong>eum</strong></span> <span class='ocrx_word' id='word_1_841' title='bbox 1486 5678 1784 5741; x_wconf 89' lang='lat' dir='ltr'><strong>bonorans,</strong></span> <span class='ocrx_word' id='word_1_842' title='bbox 1798 5675 1928 5745; x_wconf 89' lang='lat' dir='ltr'><strong>quia</strong></span> <span class='ocrx_word' id='word_1_843' title='bbox 1946 5671 2241 5726; x_wconf 87' lang='lat' dir='ltr'><strong>Thebanus</strong></span> 
     </span>
    </p>
   </div>
   <div class='ocr_carea' id='block_1_105' title="bbox 665 5764 2244 5847">
    <p class='ocr_par' dir='ltr' id='par_1_105' title="bbox 665 5764 2244 5847">
     <span class='ocr_line' id='line_1_106' title="bbox 665 5764 2244 5847; baseline -0.011 -10"><span class='ocrx_word' id='word_1_844' title='bbox 665 5790 781 5837; x_wconf 84' lang='lat' dir='ltr'><strong>erat</strong></span> <span class='ocrx_word' id='word_1_845' title='bbox 801 5793 994 5847; x_wconf 76' lang='lat' dir='ltr'><strong>genere</strong></span> <span class='ocrx_word' id='word_1_846' title='bbox 1018 5776 1286 5847; x_wconf 84' lang='lat' dir='ltr'><strong>Bacchus,</strong></span> <span class='ocrx_word' id='word_1_847' title='bbox 1302 5781 1360 5830; x_wconf 92' lang='lat' dir='ltr'><strong>ut</strong></span> <span class='ocrx_word' id='word_1_848' title='bbox 1373 5788 1441 5832; x_wconf 76' lang='lat' dir='ltr'><strong>ex</strong></span> <span class='ocrx_word' id='word_1_849' title='bbox 1459 5770 1670 5830; x_wconf 88' lang='lat' dir='ltr'><strong>Semele</strong></span> <span class='ocrx_word' id='word_1_850' title='bbox 1687 5775 1870 5830; x_wconf 71' lang='lat' dir='ltr'><strong>natus.</strong></span> <span class='ocrx_word' id='word_1_851' title='bbox 1885 5765 2095 5839; x_wconf 78' lang='lat' dir='ltr'><strong>Quippe</strong></span> <span class='ocrx_word' id='word_1_852' title='bbox 2109 5764 2244 5822; x_wconf 82' lang='lat' dir='ltr'><strong>dixi-</strong></span> 
     </span>
    </p>
   </div>
   <div class='ocr_carea' id='block_1_106' title="bbox 2333 4549 3838 4653">
    <p class='ocr_par' dir='ltr' id='par_1_106' title="bbox 2333 4549 3838 4653">
     <span class='ocr_line' id='line_1_107' title="bbox 2333 4549 3838 4653; baseline 0.011 -38"><span class='ocrx_word' id='word_1_853' title='bbox 2333 4549 2450 4653; x_wconf 53' lang='grc' dir='ltr'><strong>δῆν</strong></span> <span class='ocrx_word' id='word_1_854' title='bbox 2479 4549 2627 4652; x_wconf 65' lang='grc' dir='ltr'><strong>ὲνξτῇ</strong></span> <span class='ocrx_word' id='word_1_855' title='bbox 2668 4578 2878 4651; x_wconf 70' lang='grc' dir='ltr'>Σεμέλῃ</span> <span class='ocrx_word' id='word_1_856' title='bbox 2907 4575 3124 4638; x_wconf 76' lang='grc' dir='ltr'>λαϐὼν,</span> <span class='ocrx_word' id='word_1_857' title='bbox 3163 4573 3353 4626; x_wconf 79' lang='grc' dir='ltr'>εεαλεν</span> <span class='ocrx_word' id='word_1_858' title='bbox 3383 4575 3458 4634; x_wconf 83' lang='grc' dir='ltr'><strong>εξς</strong></span> <span class='ocrx_word' id='word_1_859' title='bbox 3486 4569 3570 4621; x_wconf 72' lang='grc' dir='ltr'>τὸν</span> <span class='ocrx_word' id='word_1_860' title='bbox 3603 4559 3749 4653; x_wconf 50' lang='lat' dir='ltr'><strong>una?”</strong></span> <span class='ocrx_word' id='word_1_861' title='bbox 3771 4549 3838 4653; x_wconf 62' lang='lat' dir='ltr'><strong>*f}</strong></span> 
     </span>
    </p>
   </div>
   <div class='ocr_carea' id='block_1_107' title="bbox 2335 4640 3839 4746">
    <p class='ocr_par' dir='ltr' id='par_1_107' title="bbox 2335 4640 3839 4746">
     <span class='ocr_line' id='line_1_108' title="bbox 2335 4640 3839 4746; baseline -0.023 -20"><span class='ocrx_word' id='word_1_862' title='bbox 2335 4640 3086 4746; x_wconf 44' lang='grc' dir='ltr'>ἐρραψεν,ηὲω;.οὖ“γένηται</span> <span class='ocrx_word' id='word_1_863' title='bbox 3129 4667 3236 4719; x_wconf 88' lang='grc' dir='ltr'><strong>τῶν</strong></span> <span class='ocrx_word' id='word_1_864' title='bbox 3278 4665 3432 4718; x_wconf 78' lang='grc' dir='ltr'>ἐννέα</span> <span class='ocrx_word' id='word_1_865' title='bbox 3477 4657 3660 4731; x_wconf 83' lang='grc' dir='ltr'>μηνῶν.</span> <span class='ocrx_word' id='word_1_866' title='bbox 3692 4640 3839 4699; x_wconf 80' lang='grc' dir='ltr'>Ἧνδὲ</span> 
     </span>
    </p>
   </div>
   <div class='ocr_carea' id='block_1_108' title="bbox 2333 4744 3838 4828">
    <p class='ocr_par' dir='ltr' id='par_1_108' title="bbox 2333 4744 3838 4828">
     <span class='ocr_line' id='line_1_109' title="bbox 2333 4744 3838 4828; baseline -0.013 -9"><span class='ocrx_word' id='word_1_867' title='bbox 2333 4760 2487 4828; x_wconf 72' lang='grc' dir='ltr'>οὗτος</span> <span class='ocrx_word' id='word_1_868' title='bbox 2517 4767 2544 4818; x_wconf 86' lang='grc' dir='ltr'>ὁ</span> <span class='ocrx_word' id='word_1_869' title='bbox 2573 4765 2843 4825; x_wconf 82' lang='grc' dir='ltr'>Διόνυσος.</span> <span class='ocrx_word' id='word_1_870' title='bbox 2888 4759 3099 4822; x_wconf 82' lang='grc' dir='ltr'>Ἀτελὲς</span> <span class='ocrx_word' id='word_1_871' title='bbox 3135 4759 3192 4812; x_wconf 81' lang='grc' dir='ltr'>δὲ</span> <span class='ocrx_word' id='word_1_872' title='bbox 3228 4757 3412 4828; x_wconf 86' lang='grc' dir='ltr'>κύημα</span> <span class='ocrx_word' id='word_1_873' title='bbox 3439 4753 3596 4820; x_wconf 81' lang='grc' dir='ltr'>λέγει,</span> <span class='ocrx_word' id='word_1_874' title='bbox 3624 4747 3694 4796; x_wconf 83' lang='grc' dir='ltr'>ὅτι</span> <span class='ocrx_word' id='word_1_875' title='bbox 3723 4744 3746 4790; x_wconf 82' lang='grc' dir='ltr'><strong>ὁ</strong></span> <span class='ocrx_word' id='word_1_876' title='bbox 3764 4750 3838 4828; x_wconf 57' lang='grc' dir='ltr'>νηί</span> 
     </span>
    </p>
   </div>
   <div class='ocr_carea' id='block_1_109' title="bbox 2339 4822 3840 4930">
    <p class='ocr_par' dir='ltr' id='par_1_109' title="bbox 2339 4822 3840 4930">
     <span class='ocr_line' id='line_1_110' title="bbox 2339 4822 3840 4930; baseline -0.017 -20"><span class='ocrx_word' id='word_1_877' title='bbox 2339 4857 2430 4930; x_wconf 73' lang='lat' dir='ltr'><strong>pb;</strong></span> <span class='ocrx_word' id='word_1_878' title='bbox 2469 4851 2630 4909; x_wconf 81' lang='grc' dir='ltr'>αὖτδν</span> <span class='ocrx_word' id='word_1_879' title='bbox 2665 4853 2864 4922; x_wconf 78' lang='grc' dir='ltr'>ἐκύησε</span> <span class='ocrx_word' id='word_1_880' title='bbox 2908 4851 3004 4904; x_wconf 76' lang='grc' dir='ltr'>τοῦ</span> <span class='ocrx_word' id='word_1_881' title='bbox 3046 4851 3188 4914; x_wconf 82' lang='grc' dir='ltr'>Διός.</span> <span class='ocrx_word' id='word_1_882' title='bbox 3216 4849 3352 4901; x_wconf 76' lang='grc' dir='ltr'>θεὸν</span> <span class='ocrx_word' id='word_1_883' title='bbox 3394 4843 3689 4914; x_wconf 77' lang='grc' dir='ltr'>ἀνδρόγυνον</span> <span class='ocrx_word' id='word_1_884' title='bbox 3723 4822 3840 4881; x_wconf 74' lang='grc' dir='ltr'>καλεῖ</span> 
     </span>
    </p>
   </div>
   <div class='ocr_carea' id='block_1_110' title="bbox 2335 4917 3836 5010">
    <p class='ocr_par' dir='ltr' id='par_1_110' title="bbox 2335 4917 3836 5010">
     <span class='ocr_line' id='line_1_111' title="bbox 2335 4917 3836 5010; baseline -0.015 -12"><span class='ocrx_word' id='word_1_885' title='bbox 2335 4946 2425 4998; x_wconf 76' lang='grc' dir='ltr'>τὸν</span> <span class='ocrx_word' id='word_1_886' title='bbox 2463 4944 2736 5006; x_wconf 85' lang='grc' dir='ltr'>Διόνυσον,</span> <span class='ocrx_word' id='word_1_887' title='bbox 2771 4942 2845 5004; x_wconf 83' lang='grc' dir='ltr'>ὡς</span> <span class='ocrx_word' id='word_1_888' title='bbox 2878 4941 3008 4994; x_wconf 77' lang='grc' dir='ltr'>ποτὲ</span> <span class='ocrx_word' id='word_1_889' title='bbox 3045 4941 3140 5010; x_wconf 77' lang='grc' dir='ltr'><strong>μέν</strong></span> <span class='ocrx_word' id='word_1_890' title='bbox 3174 4935 3622 5007; x_wconf 77' lang='grc' dir='ltr'>γυναικιζόμενον,</span> <span class='ocrx_word' id='word_1_891' title='bbox 3643 4917 3836 4975; x_wconf 65' lang='grc' dir='ltr'><strong>τοὺτέπι</strong></span> 
     </span>
    </p>
   </div>
   <div class='ocr_carea' id='block_1_111' title="bbox 2336 5015 3835 5103">
    <p class='ocr_par' dir='ltr' id='par_1_111' title="bbox 2336 5015 3835 5103">
     <span class='ocr_line' id='line_1_112' title="bbox 2336 5015 3835 5103; baseline -0.022 -12"><span class='ocrx_word' id='word_1_892' title='bbox 2336 5035 2404 5090; x_wconf 76' lang='grc' dir='ltr'><strong>τά</strong></span> <span class='ocrx_word' id='word_1_893' title='bbox 2431 5035 2540 5088; x_wconf 88' lang='grc' dir='ltr'><strong>τῶν</strong></span> <span class='ocrx_word' id='word_1_894' title='bbox 2583 5033 2859 5103; x_wconf 88' lang='grc' dir='ltr'>γυναικῶν</span> <span class='ocrx_word' id='word_1_895' title='bbox 2900 5031 3176 5102; x_wconf 87' lang='grc' dir='ltr'>πάσχοντα</span> <span class='ocrx_word' id='word_1_896' title='bbox 3201 5048 3214 5060; x_wconf 92' lang='grc'><strong>·</strong></span> <span class='ocrx_word' id='word_1_897' title='bbox 3241 5031 3369 5082; x_wconf 80' lang='grc' dir='ltr'>ποτὲ</span> <span class='ocrx_word' id='word_1_898' title='bbox 3397 5029 3452 5082; x_wconf 77' lang='grc' dir='ltr'>δὲ</span> <span class='ocrx_word' id='word_1_899' title='bbox 3489 5015 3835 5103; x_wconf 75' lang='grc' dir='ltr'>ἀνδριζόμενον,</span> 
     </span>
    </p>
   </div>
   <div class='ocr_carea' id='block_1_112' title="bbox 2336 5101 3834 5193">
    <p class='ocr_par' dir='ltr' id='par_1_112' title="bbox 2336 5101 3834 5193">
     <span class='ocr_line' id='line_1_113' title="bbox 2336 5101 3834 5193; baseline -0.013 -11"><span class='ocrx_word' id='word_1_900' title='bbox 2336 5101 2690 5182; x_wconf 23' lang='grc' dir='ltr'>τούτέστιντά</span> <span class='ocrx_word' id='word_1_901' title='bbox 2736 5124 2845 5178; x_wconf 87' lang='grc' dir='ltr'><strong>τῶν</strong></span> <span class='ocrx_word' id='word_1_902' title='bbox 2883 5101 3091 5193; x_wconf 80' lang='grc' dir='ltr'>ἀνδρῶν</span> <span class='ocrx_word' id='word_1_903' title='bbox 3137 5121 3474 5192; x_wconf 78' lang='grc' dir='ltr'>ἐνεργοῦντα.</span> <span class='ocrx_word' id='word_1_904' title='bbox 3508 5108 3661 5181; x_wconf 81' lang='grc' dir='ltr'>Χορὸν</span> <span class='ocrx_word' id='word_1_905' title='bbox 3684 5101 3731 5154; x_wconf 72' lang='grc' dir='ltr'><strong>δὲ</strong></span> <span class='ocrx_word' id='word_1_906' title='bbox 3767 5110 3834 5193; x_wconf 47' lang='grc' dir='ltr'><strong>μετ</strong></span> 
     </span>
    </p>
   </div>
   <div class='ocr_carea' id='block_1_113' title="bbox 2340 5181 3836 5284">
    <p class='ocr_par' dir='ltr' id='par_1_113' title="bbox 2340 5181 3836 5284">
     <span class='ocr_line' id='line_1_114' title="bbox 2340 5181 3836 5284; baseline -0.015 -11"><span class='ocrx_word' id='word_1_907' title='bbox 2340 5219 2573 5273; x_wconf 84' lang='grc' dir='ltr'>θυόντων</span> <span class='ocrx_word' id='word_1_908' title='bbox 2614 5217 2766 5284; x_wconf 86' lang='grc' dir='ltr'>λέγει</span> <span class='ocrx_word' id='word_1_909' title='bbox 2804 5216 2931 5278; x_wconf 80' lang='grc' dir='ltr'>τοὺς</span> <span class='ocrx_word' id='word_1_910' title='bbox 2965 5181 3241 5283; x_wconf 67' lang='grc' dir='ltr'>έατύρους</span> <span class='ocrx_word' id='word_1_911' title='bbox 3272 5181 3365 5264; x_wconf 71' lang='grc' dir='ltr'><strong>καὶ</strong></span> <span class='ocrx_word' id='word_1_912' title='bbox 3403 5208 3520 5268; x_wconf 76' lang='grc' dir='ltr'>τοὺς</span> <span class='ocrx_word' id='word_1_913' title='bbox 3541 5200 3746 5265; x_wconf 70' lang='grc' dir='ltr'><strong>Βάκχους</strong></span> <span class='ocrx_word' id='word_1_914' title='bbox 3767 5181 3836 5284; x_wconf 53' lang='grc' dir='ltr'><strong>κξὶ</strong></span> 
     </span>
    </p>
   </div>
   <div class='ocr_carea' id='block_1_114' title="bbox 2337 5273 3834 5379">
    <p class='ocr_par' dir='ltr' id='par_1_114' title="bbox 2337 5273 3834 5379">
     <span class='ocr_line' id='line_1_115' title="bbox 2337 5273 3834 5379; baseline -0.026 -15"><span class='ocrx_word' id='word_1_915' title='bbox 2337 5312 2463 5374; x_wconf 85' lang='grc' dir='ltr'>τοὺς</span> <span class='ocrx_word' id='word_1_916' title='bbox 2490 5307 2772 5379; x_wconf 85' lang='grc' dir='ltr'>Σειληνούς</span> <span class='ocrx_word' id='word_1_917' title='bbox 2792 5325 2804 5338; x_wconf 90' lang='grc'>·</span> <span class='ocrx_word' id='word_1_918' title='bbox 2842 5304 3180 5377; x_wconf 78' lang='grc' dir='ltr'>δαίμονες·δὲ</span> <span class='ocrx_word' id='word_1_919' title='bbox 3207 5296 3351 5356; x_wconf 67' lang='grc' dir='ltr'>οὗτοι</span> <span class='ocrx_word' id='word_1_920' title='bbox 3379 5298 3551 5355; x_wconf 67' lang='grc' dir='ltr'>ὀπαδοὶ</span> <span class='ocrx_word' id='word_1_921' title='bbox 3579 5289 3658 5345; x_wconf 73' lang='grc' dir='ltr'>καὶ</span> <span class='ocrx_word' id='word_1_922' title='bbox 3682 5273 3834 5379; x_wconf 55' lang='lat' dir='ltr'><strong>opus:</strong></span> 
     </span>
    </p>
   </div>
   <div class='ocr_carea' id='block_1_115' title="bbox 2339 5357 3833 5456">
    <p class='ocr_par' dir='ltr' id='par_1_115' title="bbox 2339 5357 3833 5456">
     <span class='ocr_line' id='line_1_116' title="bbox 2349 5357 3090 5379; baseline -0.008 -5"><span class='ocrx_word' id='word_1_923' title='bbox 2349 5357 2460 5374; x_wconf 61' lang='lat'><strong>--—.</strong></span> <span class='ocrx_word' id='word_1_924' title='bbox 2491 5357 2772 5379; x_wconf 68' lang='grc'><strong>------,---.</strong></span> <span class='ocrx_word' id='word_1_925' title='bbox 2987 5357 3023 5358; x_wconf 53' lang='grc' dir='ltr'>η</span> <span class='ocrx_word' id='word_1_926' title='bbox 3075 5357 3090 5368; x_wconf 80' lang='lat'><strong>.</strong></span> 
     </span>
     <span class='ocr_line' id='line_1_117' title="bbox 2339 5357 3833 5456; baseline -0.017 -2"><span class='ocrx_word' id='word_1_927' title='bbox 2339 5400 2517 5454; x_wconf 79' lang='grc' dir='ltr'>λευθοι</span> <span class='ocrx_word' id='word_1_928' title='bbox 2560 5397 2653 5450; x_wconf 80' lang='grc' dir='ltr'>τοῦ</span> <span class='ocrx_word' id='word_1_929' title='bbox 2694 5395 2971 5450; x_wconf 89' lang='grc' dir='ltr'>Διονύσου.</span> <span class='ocrx_word' id='word_1_930' title='bbox 3007 5394 3212 5456; x_wconf 77' lang='grc' dir='ltr'>Αὐτοὺς</span> <span class='ocrx_word' id='word_1_931' title='bbox 3254 5392 3314 5444; x_wconf 82' lang='grc' dir='ltr'>δὲ</span> <span class='ocrx_word' id='word_1_932' title='bbox 3355 5388 3560 5444; x_wconf 88' lang='grc' dir='ltr'>τούτους</span> <span class='ocrx_word' id='word_1_933' title='bbox 3588 5357 3833 5456; x_wconf 66' lang='grc' dir='ltr'>λέγει.κέ</span> 
     </span>
    </p>
   </div>
   <div class='ocr_carea' id='block_1_116' title="bbox 2343 5450 3833 5562">
    <p class='ocr_par' dir='ltr' id='par_1_116' title="bbox 2343 5450 3833 5562">
     <span class='ocr_line' id='line_1_118' title="bbox 2343 5450 3833 5562; baseline -0.024 -19"><span class='ocrx_word' id='word_1_934' title='bbox 2625 5486 2846 5540; x_wconf 76' lang='grc' dir='ltr'>ἔκλυτον</span> <span class='ocrx_word' id='word_1_935' title='bbox 2888 5487 3012 5547; x_wconf 77' lang='grc' dir='ltr'>τοὺς</span> <span class='ocrx_word' id='word_1_936' title='bbox 3055 5450 3336 5554; x_wconf 82' lang='grc' dir='ltr'>δαίμονας.</span> <span class='ocrx_word' id='word_1_937' title='bbox 3370 5475 3610 5533; x_wconf 80' lang='grc' dir='ltr'>Ἕκλυτον</span> <span class='ocrx_word' id='word_1_938' title='bbox 3633 5450 3833 5562; x_wconf 39' lang='grc' dir='ltr'>δασύτθΐ</span> 
     </span>
    </p>
   </div>
   <div class='ocr_carea' id='block_1_117' title="bbox 2341 5551 3830 5647">
    <p class='ocr_par' dir='ltr' id='par_1_117' title="bbox 2341 5551 3830 5647">
     <span class='ocr_line' id='line_1_119' title="bbox 2341 5551 3830 5647; baseline -0.014 -12"><span class='ocrx_word' id='word_1_939' title='bbox 2341 5551 2513 5644; x_wconf 82' lang='grc' dir='ltr'>καλεῖ,</span> <span class='ocrx_word' id='word_1_940' title='bbox 2544 5579 2628 5631; x_wconf 81' lang='grc' dir='ltr'>διὰ</span> <span class='ocrx_word' id='word_1_941' title='bbox 2665 5578 2764 5647; x_wconf 75' lang='grc' dir='ltr'><strong>τὴν</strong></span> <span class='ocrx_word' id='word_1_942' title='bbox 2804 5575 2995 5646; x_wconf 83' lang='grc' dir='ltr'>μέθην.</span> <span class='ocrx_word' id='word_1_943' title='bbox 3037 5551 3252 5644; x_wconf 79' lang='grc' dir='ltr'>Ἐπειδὴ</span> <span class='ocrx_word' id='word_1_944' title='bbox 3285 5572 3393 5642; x_wconf 82' lang='grc' dir='ltr'>γὰρ</span> <span class='ocrx_word' id='word_1_945' title='bbox 3419 5565 3506 5621; x_wconf 81' lang='grc' dir='ltr'>τοῦ</span> <span class='ocrx_word' id='word_1_946' title='bbox 3537 5561 3660 5616; x_wconf 77' lang='grc' dir='ltr'>οἴνου</span> <span class='ocrx_word' id='word_1_947' title='bbox 3682 5551 3830 5647; x_wconf 35' lang='lat' dir='ltr'><strong>ﬁlioli?“</strong></span> 
     </span>
    </p>
   </div>
   <div class='ocr_carea' id='block_1_118' title="bbox 2341 5632 3828 5734">
    <p class='ocr_par' dir='ltr' id='par_1_118' title="bbox 2341 5632 3828 5734">
     <span class='ocr_line' id='line_1_120' title="bbox 2341 5632 3828 5734; baseline 0 -8"><span class='ocrx_word' id='word_1_948' title='bbox 2341 5675 2369 5726; x_wconf 89' lang='lat'><strong>6</strong></span> <span class='ocrx_word' id='word_1_949' title='bbox 2396 5673 2663 5733; x_wconf 85' lang='grc' dir='ltr'>Διόνυσος,</span> <span class='ocrx_word' id='word_1_950' title='bbox 2689 5668 2914 5728; x_wconf 79' lang='grc' dir='ltr'>εἰκότως</span> <span class='ocrx_word' id='word_1_951' title='bbox 2947 5666 3072 5728; x_wconf 67' lang='grc' dir='ltr'>τοὺς</span> <span class='ocrx_word' id='word_1_952' title='bbox 3127 5665 3222 5718; x_wconf 77' lang='grc' dir='ltr'><strong>σὺν</strong></span> <span class='ocrx_word' id='word_1_953' title='bbox 3257 5662 3404 5734; x_wconf 79' lang='grc' dir='ltr'>αὐτῷ</span> <span class='ocrx_word' id='word_1_954' title='bbox 3450 5656 3676 5724; x_wconf 66' lang='grc' dir='ltr'><strong>δαίμονας</strong></span> <span class='ocrx_word' id='word_1_955' title='bbox 3701 5632 3828 5732; x_wconf 44' lang='lat' dir='ltr'><strong>&quot;fa&quot;.</strong></span> 
     </span>
    </p>
   </div>
   <div class='ocr_carea' id='block_1_119' title="bbox 2345 5721 3826 5849">
    <p class='ocr_par' dir='ltr' id='par_1_119' title="bbox 2345 5721 3826 5849">
     <span class='ocr_line' id='line_1_121' title="bbox 2345 5721 3826 5849; baseline -0.033 -26"><span class='ocrx_word' id='word_1_956' title='bbox 2497 5721 2728 5849; x_wconf 22' lang='lat' dir='ltr'><strong>lelod&#39;vst</strong></span> <span class='ocrx_word' id='word_1_957' title='bbox 2756 5721 2935 5824; x_wconf 69' lang='grc' dir='ltr'>ὄντας.</span> <span class='ocrx_word' id='word_1_958' title='bbox 2983 5721 3069 5811; x_wconf 45' lang='grc' dir='ltr'>Τὸ,</span> <span class='ocrx_word' id='word_1_959' title='bbox 3101 5755 3158 5810; x_wconf 84' lang='grc' dir='ltr'>δὲ</span> <span class='ocrx_word' id='word_1_960' title='bbox 3184 5793 3198 5822; x_wconf 91' lang='grc'><strong>,</strong></span> <span class='ocrx_word' id='word_1_961' title='bbox 3231 5721 3474 5827; x_wconf 69' lang='grc' dir='ltr'>Θηϐαίων</span> <span class='ocrx_word' id='word_1_962' title='bbox 3514 5721 3646 5802; x_wconf 70' lang='grc' dir='ltr'>άνοια</span> <span class='ocrx_word' id='word_1_963' title='bbox 3681 5721 3826 5782; x_wconf 71' lang='grc' dir='ltr'>τοῦτον</span> 
     </span>
    </p>
   </div>
  </div>
