4018 6296
2583 139 2623 162 ιβ

199 218 353 279 11³30
1233 211 1298 268 IN
1327 209 1733 268 ORATIONEM
1776 212 1844 268 IN
1886 210 2158 268 SANCTA
2197 211 2477 269 LUMINA.
3361 211 3502 268 1070

199 337 447 406 τιμῶσα,
484 335 565 388 ὅτι
608 333 845 406 Θηϐαῖος
876 327 943 404 ἦν
976 332 1037 385 τὸ
1083 333 1239 402 γένος
1273 335 1301 386 ό
1336 332 1612 396 Διόνυσος,
1643 332 1717 396 ὡς
1749 335 1810 386 ἐκ

1941 347 2035 385 nus
2075 331 2345 388 Semelen]
2391 331 2560 386 tiliam
2605 331 2776 389 fuisse
2815 331 3008 388 Cadmi
3055 329 3365 386 Thebarum
3422 341 3500 387 re‘

195 431 308 500 τῆς
344 427 589 500 Σεμέλης
633 425 918 496 γεννηθείς
958 441 970 454 °
1007 425 1236 496 εἴπομεν
1289 424 1400 496 γὰρ
1425 463 1440 486 ,
1474 425 1556 478 ὅτι
1595 422 1806 494 Σεμέλη

1941 423 2017 487 gis.
2061 422 2400 479 Dementiam
2437 439 2566 479 vero
2620 425 2849 494 pulchre
2891 422 3032 478 dixit
3086 421 3501 486 Thebanorum,

195 521 459 592 θυγάτηρ
500 515 570 591 ἦν
601 519 826 589 Κάδμου
871 517 966 571 τοῦ
1006 515 1200 588 Θηϐῶν
1253 513 1541 586 βασιλέως.
1587 515 1810 567 Ἀνοιαν

1941 531 2039 569 ιυιη
2071 515 2343 570 dementia
2367 532 2562 584 magna
2606 517 2855 572 laborent
2883 515 3167 580 Thebani;
3201 522 3357 570 etest
3382 530 3503 586 pro-

196 614 263 668 δὲ
321 613 507 676 καλῶς
538 607 662 666 εἷπε
713 611 1003 682 Θηϐαίων,
1041 609 1228 681 ἐπειδὴ
1263 607 1355 661 ἐπὶ
1404 607 1588 679 μωρίᾳ
1639 605 1807 677 πολλῇ

1941 609 2163 664 'erbium
2197 608 2387 665 dicens
2425 630 2436 664 :
2487 610 2763 665 Thebanus
2820 628 2932 665 sua.
2975 610 3088 664 Cur
3119 625 3250 666 vero
3293 608 3503 664 fulmen
3567 618 3569 620 '

197 704 594 760 διαϐάλλονται
622 704 672 756 οἱ
710 702 961 774 Θηϐαῖοι,
981 701 1076 756 καὶ
1105 700 1222 754 ἔστι
1256 697 1530 771 παροιμία
1558 699 1591 768 ὴ
1621 695 1810 764 λέγου-

1941 698 2222 752 udoratur?
2260 697 2396 764 Quia
2449 700 2695 754 incendit
2737 699 3014 756 Semelen.
3059 699 3196 754 Illud
3246 714 3402 764 vero,
3432 697 3505 754 Ut

203 805 279 848 σα
305 810 320 824 ·
348 791 598 848 Βοιωτία
623 787 721 858 ὗς.
744 791 843 845 Διὰ
873 791 925 844 τί
951 790 1007 843 δὲ
1038 791 1066 844 ό
1093 787 1357 862 κεραυνὸς
1387 787 1775 859 προσκυνεῖται
1797 801 1811 847 ;

1941 789 2268 858 ιοριιιιιιίιιιη
2293 789 2583 859 quemdam
2614 791 2781 848 fetum
2829 792 2982 862 prius
3010 791 3360 862 parturierat,
3399 790 3507 844 alia

201 887 358 940 Διότι
387 882 686 953 κατέφλεξε
709 882 808 954 τὴν
848 879 1114 954 Σεμέλην.
1148 879 1222 934 Τὸ
1243 878 1322 944 δὲ,
1364 879 1578 949 ’Ὠσπερ
1611 870 1737 930 ἄλλο
1758 891 1811 927 τι

1941 889 2004 935 εει
2031 881 2281 936 historia.
2302 877 2438 936 Cum
2459 891 2639 938 autem
2672 885 3158 955 comprehenditur
3181 883 3236 938 in
3259 897 3323 937 ea
3341 896 3508 952 quam

203 975 424 1048 κεφαλὴ
449 976 740 1048 πρότερον,
780 973 944 1046 ἑτέρα
985 973 1083 1045 μὲν
1113 972 1261 1026 ἔστιν
1300 971 1546 1042 ἱστορία·
1621 964 1812 1038 ἐπειδὴ

1941 969 2156 1028 licimus
2191 989 2418 1030 necesse
2463 976 2625 1030 etiam
2654 991 2773 1031 eam
2807 977 3094 1047 explicari.
3137 977 3313 1046 Caput
3353 973 3508 1028 Iovis

201 1067 263 1122 δὲ
299 1068 684 1140 συμπλέκεται
715 1067 890 1137 ταύτῃ
911 1106 925 1130 ,
953 1065 1255 1134 ἀναγκαῖον
1282 1063 1378 1116 καὶ
1422 1059 1594 1130 αὐτὴν
1626 1057 1816 1129 ἐξηγή-

1941 1063 2236 1121 )arturieus
2264 1063 2388 1132 fuit,
2410 1068 2539 1138 quia
2573 1068 2627 1122 in
2651 1083 2715 1123 eo
2739 1069 2930 1124 habuit
2955 1068 3274 1123 Minervam.
3299 1066 3510 1121 Dicitur

205 1161 440 1217 σασθαι.
483 1157 548 1214 Ἢ
599 1158 811 1230 κεφαλὴ
841 1156 936 1212 τοῦ
981 1159 1105 1222 Διὸς
1156 1157 1352 1227 γέγονε
1409 1148 1621 1223 κεφαλή
1683 1166 1815 1205 ποτε

1941 1155 2066 1210 enim
2098 1151 2338 1214 Minerva
2379 1176 2409 1215 e
2439 1160 2622 1231 capite
2669 1159 2822 1218 Jovis
2857 1162 3148 1232 prodiisse,
3180 1160 3383 1232 quippe
3419 1159 3511 1213 hic

202 1253 447 1317 ὠδίνων,
477 1253 558 1308 ὅτι
584 1256 641 1307 ἐν
668 1249 836 1324 ἑαυτῇ
874 1249 990 1324 εἶχε
1019 1253 1117 1324 τὴν
1164 1248 1416 1321 Ἀθηνᾶν.
1448 1247 1682 1316 Λέγεται
1705 1241 1817 1314 γὰρ

1941 1259 2044 1300 ιιιιιι
2071 1250 2258 1317 genuit
2292 1245 2528 1322 Jupiter.
2561 1260 2616 1308 et
2669 1267 2794 1308 cum
2830 1269 2933 1324 ope
2957 1253 3172 1309 securis
3200 1251 3436 1307 Vulcani
3479 1265 3512 1305 θ

205 1351 243 1422 ἡ
285 1347 526 1421 Ἀθηνᾶ,
564 1343 648 1402 ὅτι
682 1348 748 1400 ἐκ
786 1349 885 1418 τῆς
928 1344 1173 1416 κεφαλῆς
1215 1342 1309 1398 τοῦ
1357 1337 1480 1406 Διὸς
1513 1335 1812 1409 ἐγεννήθηο

1941 1336 2106 1407 :apite
2139 1336 2353 1411 Jupiter
2385 1343 2663 1405 traxisset.
2693 1345 2883 1414 genuit
2908 1361 2972 1400 ex
2997 1361 3062 1401 eo
3089 1345 3410 1400 Minervam.

205 1441 333 1496 ὲκεῖ
360 1441 471 1514 γὰρ
492 1439 662 1511 αὐτὴν
697 1435 884 1492 ὤδινεν
919 1437 948 1490 ὁ
982 1438 1151 1502 Ζεὺς,
1185 1437 1278 1490 καὶ
1307 1433 1490 1488 λαϐὼν
1531 1428 1683 1502 παρὰ
1721 1425 1814 1480 τοῦ
1863 1424 2161 1495 Ἡφαίστου
2203 1433 2341 1502 μετὰ
2384 1433 2572 1505 ἀξίνης
2621 1436 2764 1490 κατὰ
2801 1437 2901 1508 τῆς
2973 1435 3217 1505 κεφαλῆς
3279 1437 3309 1489 ό
3354 1434 3507 1497 Ζεὺς,

207 1534 408 1590 ἔτεκεν
432 1530 700 1601 ὲξάύτῆς
731 1531 832 1601 τὴν
869 1528 1124 1600 Ἀθηνᾶν.

303 1651 368 1704 δ’.
413 1648 553 1716 Περὶ
599 1645 712 1714 τῆς
758 1642 1112 1721 Ἀφροδίτης
1163 1641 1272 1721 καὶ
1311 1637 1430 1693 τῶν
1487 1631 1758 1705 αἰσχρῶν
1858 1648 1902 1702 Β

2137 1632 2192 1686 4.
2215 1631 2288 1687 De
2331 1632 2526 1690 Venere
2555 1645 2606 1689 et
2627 1637 2866 1705 turpibus
2893 1637 3163 1695 musleriis
3196 1635 3333 1705 ejus.

719 1713 1074 1785 μυστηρίων
1118 1713 1329 1780 αὐτῆς.

289 1835 555 1904 Λέγεται,
586 1832 669 1885 ὅτι
705 1830 770 1884 ὲκ
793 1828 904 1882 τῶν
933 1827 1148 1882 αἰδοίων
1179 1825 1273 1880 τοῦ
1298 1822 1543 1897 Οὐρανοῦ
1571 1822 1697 1894 ἔσχε
1726 1819 1827 1891 τὴν

212 1929 481 1999 γέννησιν
529 1927 562 1996 ἡ
604 1920 895 1994 Ἀφροδίτη
931 1939 944 1952 ⁸
978 1923 1006 1975 ό
1056 1921 1166 1992 γὰρ
1199 1919 1442 1990 Κρόνος,
1486 1917 1680 1987 φησὶν,
1710 1913 1826 1976 υἱὸς

212 2019 314 2076 τοῦ
346 2016 620 2091 Οὐρανοῦ,
653 2013 836 2070 λαϐὼν
866 2013 927 2066 τὸ
963 2012 1254 2084 δρέπανον,
1283 2007 1526 2078 ἀπέκοψε
1557 2003 1651 2060 τοῦ
1695 2000 1823 2058 ἰδίου

219 2116 438 2184 πατρὸς
455 2109 526 2163 τὰ
548 2109 743 2172 αἰδοῖα,
781 2105 875 2159 καὶ
897 2103 1120 2175 ἔρριψεν
1148 2103 1229 2164 εἰς
1259 2099 1358 2172 τὴν
1389 2097 1668 2152 θάλασσαν
1687 2112 1700 2124 ·
1730 2095 1825 2147 καὶ

219 2206 466 2262 πεσόντα
492 2202 689 2263 ταῦτα,
724 2199 820 2253 καὶ
851 2196 1023 2270 ἀφρὸν
1055 2193 1382 2259 συνάξαντα,
1415 2184 1696 2260 ἀπεκύησε
1725 2186 1824 2256 τὴν

230 2293 586 2368 Ἀφροδίτην.
617 2292 708 2346 Διὸ
741 2291 836 2346 καὶ
875 2288 1165 2360 Ἀφροδίτη
1219 2283 1485 2350 καλεῖται,
1509 2283 1584 2346 ὡς
1633 2282 1698 2334 ὲκ
1729 2277 1820 2331 τοῦ

216 2388 408 2460 ἀφροῦ
432 2385 529 2440 καὶ
553 2385 654 2455 τῆς
683 2381 1035 2445 καταδύσεως
1066 2379 1356 2450 γενομένη.
1388 2375 1477 2430 Διὸ
1508 2371 1659 2428 εἶπεν
1683 2389 1696 2402 ⁸
1726 2372 1822 2424 Αί-

221 2481 415 2555 σχρῶς
440 2477 736 2550 γινομένης
766 2479 860 2530 καὶ
881 2470 1221 2565 τιμωμένης.
1251 2469 1484 2565 ’ριιοίως
1505 2466 1614 2539 γὰρ
1647 2463 1821 2565 καῖ.οαί

218 2572 390 2643 τιμαὶ
415 2571 474 2624 αἱ
496 2578 627 2640 περι
654 2565 855 2638 ἑαυτὴν
895 2559 990 2617 καὶ
1023 2562 1079 2615 αἱ
1111 2557 1296 2632 ἑορταὶ
1334 2558 1400 2612 δι’
1429 2557 1820 2626 αἰσχρουργίας

220 2642 327 2721 καὶ
354 2657 694 2735 ἡδυπαθείας
727 2656 824 2711 καὶ
865 2653 1122 2727 πορνείας
1151 2645 1449 2711 ἐτελοῦντο,
1486 2642 1560 2710 ὡς
1603 2645 1694 2698 καὶ
1723 2643 1821 2712 τῆς

222 2756 494 2832 πορνείας
525 2751 697 2824 αὐτῆς
719 2747 888 2823 οὔσης
917 2750 1115 2820 ἐφόρου
1146 2746 1244 2818 τῆς
1287 2740 1626 2816 Ἀφροδίτης.

400 2871 462 2926 ε’.
498 2867 639 2937 Περὶ
676 2864 786 2934 τῆς
813 2862 932 2917 τῶν
964 2861 1200 2930 Ταύρων
1231 2853 1640 2923 ξενοκτονίας.

2000 1807 2213 1864 Dicitur
2243 1825 2274 1864 e
2298 1805 2567 1880 pudendis
2594 1811 2732 1868 Coeli
2777 1811 3038 1869 habuisse
3075 1820 3258 1868 ortum
3290 1811 3507 1868 Venus:

1927 1896 2168 1972 Tempus
2199 1902 2369 1965 enim,
2403 1904 2500 1970 ait,
2533 1906 2676 1961 lilius
2711 1905 2847 1960 Coeli
2879 1907 3023 1976 cepit
3072 1904 3291 1971 falcem,
3329 1906 3506 1962 secuit

1926 1995 2129 2066 proprii
2168 1997 2342 2066 patris
2399 1998 2689 2068 pudenda,
2729 2007 2784 2056 et
2832 2000 3066 2071 projecit
3123 2001 3177 2054 in
3226 2016 3399 2067 mare,
3457 2009 3512 2056 et

1926 2088 2164 2142 labentia
2233 2089 2324 2143 illa
2397 2105 2648 2162 spumam
2725 2107 2853 2148 cum
2916 2095 3349 2157 contraxissent,
3419 2108 3512 2165 ge.

1925 2188 2163 2234 nuerunt
2223 2178 2512 2238 Venerem.
2568 2182 2756 2256 Itaque
2805 2194 2860 2241 et
2907 2187 3209 2258 Aphrodite
3259 2198 3509 2254 vocatur,

1925 2278 1986 2322 ut
2011 2284 2043 2325 e
2077 2283 2271 2338 spuma
2300 2279 2354 2327 et
2391 2272 2745 2348 immersioue
2780 2285 2928 2331 nata.
2962 2273 3150 2348 Itaque
3181 2277 3337 2339 dicit,
3371 2275 3514 2333 Tur-

1924 2363 2068 2432 piter
2109 2369 2236 2416 nata
2293 2370 2348 2419 et
2373 2363 2663 2420 honorata.
2701 2365 2940 2422 Decebat
2971 2369 3114 2422 enim
3149 2379 3206 2423 ut
3249 2370 3432 2426 cultus
3461 2378 3516 2426 et

1927 2449 2065 2506 festa
2104 2451 2331 2509 Veneris
2362 2454 2416 2508 in
2444 2456 2814 2526 turpitudine,
2843 2457 3057 2513 deliciis
3090 2467 3147 2514 et
3175 2461 3517 2515 scortatione

1925 2543 2360 2612 celebrarentur,
2393 2561 2517 2600 cum
2553 2549 2670 2618 ipsa
2694 2549 2765 2603 sit
2802 2550 3158 2608 scortationis
3182 2567 3408 2622 prases.

2376 2850 2430 2909 Ei.
2476 2855 2552 2908 De
2592 2853 2892 2910 Taurorum
2921 2859 3085 2913 ccede.

301 2987 370 3042 Oi
403 2981 607 3054 Ταῦροι
654 2978 807 3040 ἔθνος
846 2973 1134 3038 Σκυθικὸν,
1167 2971 1352 3035 καθώς
1383 2987 1550 3041 φησιν
1579 2968 1607 3020 ό
1661 2964 1818 3054 Ἡρό-

1996 2965 2185 3032 Tauri,
2204 2968 2441 3038 populus
2462 2968 2778 3040 Scythicus,
2797 2978 2856 3026 ut
2871 2971 3009 3027 dicit
3023 2972 3518 3046 Herodotus,apud

226 3076 408 3144 δοτος,
437 3077 498 3130 ὲν
600 3067 668 3143 ἦν
702 3069 846 3142 ἱερὸν
872 3069 967 3138 τῆς
1014 3063 1365 3136 Ἀρτέμιδος,
1394 3064 1474 3126 εἰς
1503 3060 1530 3114 ὃ
1555 3056 1623 3132 ἦν
1653 3053 1823 3144 ἱέρεια

227 3167 266 3238 ὴ
297 3143 549 3234 θυγάτηρ
582 3158 678 3213 τοῦ
715 3155 1124 3226 Ἀγαμέμνονος
1166 3152 1476 3223 Ἰφιγένεια.
1524 3153 1612 3205 Ἐν
1651 3143 1828 3219 τούτῳ

227 3256 316 3329 τῷ
360 3254 491 3326 ἱερῷ
525 3251 704 3306 πάντα
743 3249 1030 3321 ἄνθρωπον
1077 3242 1447 3317 ἐπιδημοῦντα
1489 3243 1640 3309 ξένον
1670 3241 1826 3296 ἔθυον

193 3354 196 3356 ⁷
230 3350 304 3421 τῇ
353 3344 650 3418 Ἀρτέμιδι.
689 3339 800 3396 Καὶ
841 3337 970 3412 περὶ
998 3335 1208 3411 ταύτης
1248 3339 1350 3410 τῆς
1381 3335 1623 3408 ἱστορίας
1658 3336 1716 3388 ἐν
1749 3333 1826 3404 τῷ

231 3430 674 3511 Στηλιτευτικῷ
699 3433 883 3504 σαφῶς
911 3431 1160 3504 λέξομεν.

631 3558 702 3616 ς’.
744 3549 884 3618 Περὶ
911 3548 1018 3602 τοῦ
1055 3546 1416 3616 Τροφωνίου.

308 3667 624 3739 Τροφώνιος
652 3665 748 3718 καὶ
789 3659 1105 3732 Ἀγαμήδης
1147 3659 1368 3729 ἀδελφοὶ
1413 3657 1508 3712 δύο
1536 3655 1826 3726 γεγόνασι,
1895 3649 1898 3652 λ

239 3759 467 3831 μάντεις
493 3755 592 3828 τὴν
624 3755 842 3825 τέχνην.
871 3751 1088 3806 Τούτων
1116 3754 1145 3805 ὁ
1170 3749 1504 3822 Τροφώνιος,
1543 3749 1650 3803 ὑπὸ
1677 3764 1829 3802 κενο-

234 3853 422 3919 δοξίας
450 3847 778 3921 ὑποϐρύχιος
809 3846 874 3916 δὴ
900 3843 1163 3913 γεγονὼς,
1195 3845 1252 3897 ὲν
1280 3841 1530 3914 σπηλαίῳ
1550 3843 1659 3895 τινὶ
1692 3839 1830 3894 ἀπέ-

236 3945 433 4015 ψυξεν.
475 3939 612 3996 Εἶτα
657 3942 705 3994 οἱ
749 3939 876 3992 Θεοὶ
905 3938 1265 4010 ἐλεήσαντες,
1307 3936 1492 4007 φησὶν,
1546 3935 1708 3988 αὑτὸν
1741 3933 1828 3986 τὸν

237 4039 408 4093 τόπον
456 4036 514 4089 ὲν
557 4027 602 4102 ᾧ
640 4032 940 4104 ἀπέψυξεν,
984 4030 1249 4099 ἐποίησαν
1293 4026 1688 4100 μαντεύεσθαιο
1738 4027 1832 4081 καὶ

240 4127 521 4202 κατῄεσαν
548 4128 629 4192 είς
662 4125 724 4179 τὸ
749 4124 1036 4195 σπήλαιον,
1067 4119 1161 4176 καί
1183 4137 1338 4185 τινας
1360 4119 1583 4182 τελετὰς
1609 4116 1828 4171 ποιοῦν-

238 4239 334 4286 τες
367 4221 624 4292 ἀνῄεσαν,
654 4217 730 4282 ὼς
774 4213 1352 4288 χρησμοδοτισθέντες.
1379 4211 1611 4280 Λέγεται
1637 4211 1714 4276 δὲ,
1745 4211 1829 4264 ὅτι

239 4317 351 4378 πᾶς
380 4310 656 4367 κατελθὼν
688 4311 768 4372 εἰς
807 4308 868 4362 τὸ
898 4307 1162 4377 σπήλαιον
1189 4305 1385 4369 ἐκεῖνο,
1422 4306 1485 4358 ὲκ
1516 4303 1610 4358 τοῦ
1637 4301 1824 4357 λοιποῦ

239 4405 540 4475 ἀγέλαστος
564 4398 654 4475 ἦν.

533 4540 597 4605 ζ’.
640 4537 782 4606 Περὶ
814 4535 926 4605 τῆς
956 4535 1302 4599 Δωδωναίας
1339 4533 1538 4602 δρυός.

327 4653 392 4709 ’Β
421 4651 649 4721 Δωδώνη
695 4649 852 4712 πόλις
896 4647 1012 4701 ἐστὶ
1047 4646 1176 4718 περὶ
1215 4646 1314 4716 τὴν
1357 4644 1594 4698 παλαιὰν
1634 4645 1830 4697 Ἤπει-

243 4763 360 4824 ρον.
401 4748 492 4801 Ἐν
513 4745 692 4815 ταύτῃ
715 4739 784 4814 ἦν
809 4741 957 4814 δρῦς,
985 4743 1044 4793 ὲν
1130 4739 1348 4808 ἐλέγετο
1367 4741 1396 4792 ό
1416 4739 1550 4802 Ζεὺς
1578 4737 1830 4791 ἐπισκιά-

242 4845 359 4909 ζειν
390 4838 485 4893 κα¹ι
531 4834 791 4908 μαντείαν
822 4833 1020 4888 διδόναι
1067 4834 1183 4895 τοῖς
1228 4829 1524 4903 χρῄζουσι,
1571 4830 1830 4900 μαντείας

241 4936 304 5001 ιξ
327 4932 499 5002 αὐτῆς
527 4929 687 5000 δρυὸς
718 4928 995 4996 κινήματα
1025 4923 1102 4996 τῷ
1135 4924 1324 4994 μάντει
1365 4921 1724 4992 ἐξηχούμενα,

619 5057 690 5128 η’.
731 5055 869 5124 Περὶ
905 5051 1014 5124 τῆς
1043 5052 1418 5120 Κασταλίας.

323 5168 482 5225 Ἐστι
527 5170 680 5241 πηγὴ
721 5169 850 5239 περὶ
893 5167 990 5237 τὴν
1030 5166 1382 5236 Ἀντιόχειαν,
1427 5167 1485 5217 ἐν
1575 5167 1604 5218 ὀ
1642 5165 1830 5217 Ἀπόλ-

245 5260 361 5318 λων
407 5260 724 5332 ὲφεδρεύειο
772 5260 830 5310 ὲν
956 5257 1106 5326 πηγῇ
1151 5254 1379 5326 μαντεία
1425 5269 1506 5316 τις
1542 5251 1830 5323 ἐξεφέρετο

245 5355 392 5412 κατὰ
417 5354 517 5425 τὴν
547 5352 753 5407 τοιάνδε
793 5349 992 5422 ἐκροὴν
1025 5346 1118 5401 τοῦ
1147 5346 1407 5416 νάματος,
1441 5347 1501 5398 ού
1545 5346 1684 5398 κατὰ
1716 5361 1829 5414 φω-

248 5452 366 5521 νήνο
394 5448 455 5502 ού
476 5447 585 5518 γὰρ
614 5446 764 5515 φωνὴ
791 5460 874 5506 τις
901 5444 1164 5513 ὲξηχεῖτο,
1191 5439 1304 5493 ἀλλ’
1329 5439 1500 5492 ἁπλοῦ
1526 5440 1658 5508 ἦχον
1686 5437 1830 5502 τινὸς

247 5543 345 5596 καὶ
393 5539 706 5611 πνεύματος
761 5535 1148 5607 ἀναδιδομένου
1195 5533 1289 5586 καὶ
1329 5531 1560 5603 ἐκροῆς,
1612 5531 1749 5602 πρὸς
1793 5529 1834 5584 α

249 5632 394 5695 me;
425 5631 704 5702 ἱστάμενοι
731 5630 822 5684 καὶ
849 5627 1094 5690 νοοῦντες
1120 5624 1184 5680 τὰ
1217 5624 1460 5678 σύυιϐολα
1490 5623 1683 5678 ταῦτα.
1714 5622 1830 5676 ἕλε-

253 5743 344 5796 τον
371 5726 435 5778 τὰ
475 5724 748 5794 μέλλοντα,

1928 3070 2068 3127 quos
2090 3054 2191 3112 fuit
2213 3060 2476 3128 templum
2505 3057 2713 3124 Dianae,
2748 3061 2800 3115 in
2825 3077 2936 3132 quo
2955 3071 3075 3118 erat
3115 3065 3377 3122 sacerdos
3408 3065 3518 3122 ﬁlia

1927 3152 2357 3222 Agamemnonis
2383 3151 2682 3224 Iphigenia.
2717 3152 2773 3207 In
2804 3153 2907 3208 hoc
2947 3155 3150 3226 templo
3169 3171 3386 3213 omnem
3417 3158 3518 3213 ho-

1931 3236 2131 3291 minem
2153 3239 2529 3296 advenientem
2554 3241 2902 3313 peregriuum
2923 3244 3278 3301 immolabant
3311 3245 3515 3304 Dianae.

1929 3327 1996 3382 Et
2025 3329 2093 3384 de
2123 3345 2186 3386 ea
2219 3331 2450 3386 historia
2477 3333 2530 3386 in
2563 3333 2889 3389 Steliteutico
2921 3336 3080 3407 plane
3103 3338 3372 3396 dicemus.

2449 3533 2500 3587 6.
2548 3534 2620 3587 De
2659 3535 2982 3604 Trophonio.

2005 3639 2355 3714 Trophonius
2409 3654 2464 3700 et
2519 3647 2826 3719 Agamedes
2889 3640 3088 3708 fratres
3124 3654 3235 3708 duo
3269 3655 3516 3722 fuerunt.

1931 3746 2084 3793 vates
2122 3745 2270 3793 arte:
2298 3754 2533 3808 quorum
2564 3742 2724 3809 alter,
2749 3742 3124 3815 Trephonius,
3152 3748 3409 3819 superbia
3435 3752 3519 3806 ni-

1933 3829 2100 3882 mium
2132 3827 2375 3898 inﬂatus,
2408 3833 2724 3901 speluncam
2767 3836 3059 3904 quamdam
3117 3840 3286 3896 subiit
3321 3848 3376 3896 et
3407 3856 3520 3896 non

1932 3921 2166 3992 amplius
2205 3925 2478 3994 apparuit.
2515 3925 2718 3982 Deinde
2775 3927 2857 3983 Dii
2909 3931 3142 3996 miscrti,
3185 3933 3283 3999 ait,
3338 3933 3519 4004 ipsum

1933 4007 2110 4066 locum
2154 4013 2210 4066 in
2247 4029 2355 4083 quo
2397 4027 2714 4083 evanuerat,
2758 4021 2984 4075 oraculo
3031 4021 3430 4093 insignierunt;
3464 4033 3521 4080 et

1932 4103 2336 4160 descenderunt
2359 4107 2411 4160 in
2433 4116 2672 4173 antrum,
2693 4118 2748 4164 et
2776 4112 3023 4180 quaedam
3050 4117 3306 4184 mysteria
3354 4116 3522 4172 insti-

1932 4204 2178 4258 tuerunt,
2227 4205 2286 4251 ut
2315 4199 2535 4254 oracula
2563 4200 2777 4257 dantes.
2807 4201 3004 4258 Dicunt
3036 4221 3255 4262 omnem
3289 4207 3522 4266 descenc

1935 4287 2153 4343 dentem
2227 4290 2280 4342 iu
2340 4291 2444 4346 hoc
2507 4303 2767 4356 antrum,
2819 4295 2871 4347 in
2942 4296 3182 4352 futurum
3240 4315 3521 4371 nunquam

1939 4381 2134 4436 ridere.

2379 4519 2434 4574 7.
2475 4519 2552 4574 De
2578 4519 2853 4576 Dodona'a
2876 4538 3089 4591 querCu.

2009 4629 2234 4687 Dodone
2280 4631 2414 4688 urbs
2439 4643 2524 4688 est
2569 4649 2764 4689 versus
2803 4643 3041 4689 veterem
3075 4634 3322 4706 Epirum.
3364 4637 3420 4694 In
3453 4655 3518 4697 ea

1937 4728 2056 4776 erat
2105 4736 2344 4791 quercus
2403 4722 2507 4778 sub
2555 4724 2716 4793 cujus
2746 4725 2941 4779 umbra
2987 4725 3274 4782 dicebatur
3310 4727 3535 4799 Jupiter

1937 4811 2222 4881 quiescere
2250 4823 2304 4866 et
2353 4813 2577 4868 oracula
2610 4814 2742 4869 dare
2777 4814 3106 4883 petentibus,
3175 4819 3397 4872 oracula
3452 4834 3521 4876 ex

1937 4905 2052 4975 ipsa
2084 4919 2291 4975 quercu
2323 4906 2565 4962 motibus
2598 4907 2704 4962 vati
2726 4909 3070 4964 sonantibus.

2479 5020 2538 5096 8:
2577 5040 2654 5095 De
2691 5040 2964 5098 Castalia.

2008 5154 2105 5210 Est
2151 5154 2274 5212 fons
2324 5171 2518 5212 versus
2581 5157 2949 5224 Antiochiam,
3004 5162 3092 5216 cui
3144 5162 3338 5234 Apollo
3385 5177 3522 5233 pra-

1937 5249 2176 5306 sidebat.
2199 5248 2256 5304 In
2291 5265 2357 5306 eo
2395 5250 2546 5306 fonte
2568 5251 2850 5306 oraculum
2893 5255 3167 5324 quoddam
3194 5256 3512 5310 narrabatur

1937 5342 2240 5400 secundum
2267 5343 2430 5398 talem
2451 5344 2535 5399 vel
2552 5344 2712 5400 talem
2737 5360 2960 5404 cursum
2985 5349 3162 5412 undae,
3188 5364 3296 5403 non
3321 5363 3520 5403 secun-

1936 5435 2065 5490 dum
2095 5449 2320 5501 vocem;
2381 5451 2489 5491 non
2538 5439 2684 5493 enim
2731 5454 2835 5494 vox
2879 5439 3124 5511 quadam
3171 5439 3518 5501 audiebatur,

1938 5527 2034 5585 sed
2065 5536 2277 5584 tantum
2318 5544 2570 5585 murmur
2613 5531 2889 5602 quoddam
2919 5541 2974 5587 et
3010 5533 3169 5604 quasi
3199 5531 3425 5602 spiritus
3453 5547 3518 5587 ex

1937 5624 2156 5680 ﬂuentis
2188 5623 2398 5692 exiens,
2426 5625 2583 5693 juxta
2629 5626 2775 5696 quod
2812 5626 3032 5697 quidam
3066 5624 3305 5683 scientes
3331 5636 3384 5682 et
3439 5628 3517 5681 in-

1939 5715 2243 5784 telligentcs
2277 5715 2429 5785 signa
2474 5717 2600 5783 ista,
2640 5715 2892 5772 dit-ebant
2929 5717 3130 5772 futura.
