4018 6296
596 219 739 278 ῚθἹΙ

1078 325 1130 381 9.
1178 323 1250 377 De
1285 324 1449 392 poenis
1481 320 1721 376 Mithrw.

678 441 755 495 De
796 438 992 492 lllitbra
1025 436 1116 491 alii
1146 436 1303 491 aliter
1333 442 1660 490 senserunt:
1689 432 1909 503 quidam
1928 433 2072 487 enim
2093 448 2186 488 so-

610 531 738 593 lem,
771 529 865 582 alii
905 526 1190 597 praesidem
1244 525 1409 596 ignis,
1443 525 1643 593 aliique
1674 524 1967 593 specialem
2000 538 2190 589 quam-

611 625 734 679 dam
754 620 1050 692 potentiam
1083 619 1487 674 intellexerunt.
1514 615 1771 681 Quaedam
1806 615 2060 685 mysteria
2093 614 2189 667 ha-

609 717 720 780 bet,
742 714 881 783 apud
899 710 1180 766 Chaldaeos
1195 709 1480 779 imprimis.
1498 707 1749 761 lnitiandi
1769 705 1977 759 Mithrm
1996 714 2191 775 myste-

610 807 707 861 riis
729 805 1027 860 secundum
1048 800 1337 872 quamdam
1359 812 1669 853 mensuram
1691 812 1973 867 pinnarum
1993 797 2190 865 proba-

613 897 836 959 bantur,
867 896 1101 965 primum
1148 889 1465 953 levioribus,
1484 888 1678 944 deinde
1694 888 1993 957 majoribus
2012 887 2190 957 poenis

611 988 834 1051 addicti,
863 993 941 1052 ut,
960 983 1191 1053 exempli
1226 980 1636 1051 causa,jejnnio
1661 979 2053 1050 quinquaginta
2071 965 2187 1034 die-

610 1097 758 1147 rum;
795 1079 937 1148 quod
989 1079 1035 1133 si
1076 1080 1343 1147 patienter
1397 1074 1615 1149 tulisset
1662 1073 1944 1137 initiatus,
1998 1082 2187 1142 postea

607 1186 703 1240 per
725 1168 947 1223 biduum
968 1167 1347 1237 sealpebatur;
1373 1180 1496 1220 eum
1513 1163 1708 1219 deinde
1724 1178 1889 1233 supra
1914 1164 2091 1217 nivem
2110 1164 2188 1218 vi-

607 1262 743 1331 ginti
775 1261 970 1315 diebus
1013 1274 1235 1313 manere
1265 1256 1551 1326 iubebant,
1582 1255 1663 1311 sic
1694 1255 1956 1325 paulatim
1987 1258 2053 1310 ad
2079 1270 2190 1309 ma-

605 1354 811 1407 ximum
844 1366 1016 1421 usque
1041 1364 1230 1420 poenas
1253 1359 1534 1418 augentes.
1553 1345 1607 1401 Si
1631 1347 1844 1416 patiens
1866 1346 2188 1400 l'ortianimo

606 1460 730 1499 esse
759 1443 1069 1506 videbatur,
1109 1450 1238 1496 tunc
1261 1456 1385 1497 eum
1410 1439 1692 1495 recondita
1720 1438 1980 1510 mysteria
2012 1438 2179 1493 doce-

608 1535 759 1590 bant.

1206 1731 1294 1786 10.
1328 1730 1405 1786 De
1438 1731 1613 1788 Iside.

677 1845 779 1903 isis
828 1845 1017 1915 eadem
1074 1844 1258 1899 habita
1292 1855 1375 1900 est
1420 1862 1542 1903 cum
1598 1846 1674 1909 lo,
1711 1863 1834 1918 qua:
1871 1856 2028 1919 rapta
2082 1846 2187 1903 fuit

606 1956 637 1992 a
682 1937 834 1993 Jove.
862 1935 1077 2007 Jupiter
1115 1937 1281 2001 enim,
1313 1937 1409 2000 ait,
1474 1938 1659 2007 rapuit
1710 1938 1783 2005 lo,
1830 1948 1885 1993 et
1937 1948 2184 1995 metuens

605 2029 876 2085 lunonem
925 2043 1151 2083 uxorem
1185 2044 1340 2083 suam
1394 2029 1626 2084 mutavit
1676 2028 1730 2084 lo
1770 2030 1825 2083 in
1855 2045 2099 2098 vaccam,
2130 2040 2186 2086 et

605 2137 751 2176 nunc
778 2121 831 2174 in
863 2121 1074 2183 albam,
1110 2119 1330 2173 nuncin
1358 2118 1590 2186 nigram,
1627 2134 1771 2173 nunc
1809 2121 1863 2172 in
1888 2120 2181 2187 cineream,

603 2218 656 2264 et
686 2211 759 2263 ita
789 2209 1004 2263 errabat
1032 2223 1158 2261 cum
1194 2224 1279 2281 ea.
1316 2205 1478 2262 Venit
1513 2207 1677 2277 igitur
1711 2215 1765 2261 et
1792 2207 1845 2260 in
1888 2205 2183 2278 IEgyptum

604 2316 799 2356 errans
832 2315 956 2355 cum
998 2316 1083 2363 ea,
1126 2307 1180 2354 et
1216 2302 1437 2370 propter
1469 2299 1573 2352 hoc
1608 2300 1880 2353 honorant
1942 2299 2184 2372 Egyptii

602 2395 683 2459 lo,
723 2394 776 2448 id
807 2401 892 2448 est
940 2392 1089 2449 lsim.
1134 2392 1264 2447 ldeo
1295 2392 1349 2445 in
1385 2391 1583 2447 statuis
1612 2391 1733 2460 ejus
1784 2392 1946 2463 capiti
1976 2408 2183 2447 cornua

604 2492 785 2537 vacca:
817 2483 1121 2552 imponunt,
1172 2480 1541 2552 signiﬁcantes
1589 2480 1814 2551 virginis
1868 2482 1925 2536 in
1961 2496 2180 2537 vaccam

606 2576 987 2630 mutationem.

1014 2856 1099 2909 Η.
1142 2855 1218 2908 De
1248 2853 1535 2909 Mendesiis
1572 2854 1757 2909 hircis.

675 2972 1055 3043 Egyptiorum
1081 2972 1262 3043 lingua
1291 2972 1479 3027 hircus
1513 2981 1737 3028 vocatur
1765 2973 2182 3045 pév6nngono-

605 3066 799 3119 rabant
830 3065 1050 3135 quidam
1080 3064 1457 3135 Egyptiorum
1495 3066 1706 3121 hircum
1743 3066 1983 3121 dicatum
2031 3070 2183 3139 geni-

604 3158 701 3212 tali
733 3160 1009 3227 potentize.
1058 3157 1265 3212 Dicitur
1306 3158 1452 3213 enim
1519 3159 1781 3214 lascivum
1831 3160 2031 3214 animal
2062 3176 2184 3217 esse

604 3251 813 3307 hircus.
857 3250 1049 3305 llircos
1094 3250 1261 3320 igitur
1290 3250 1481 3304 incola:
1510 3266 1678 3321 prope
1708 3248 2041 3306 Mendesium
2064 3267 2185 3305 cor-

606 3358 678 3396 nu
704 3356 813 3395 non
836 3341 1273 3405 manducabant,
1308 3353 1416 3408 pm
1450 3342 1749 3393 reverentia
1790 3340 2041 3409 genitalis
2064 3339 2179 3395 Dei.

606 3432 961 3488 "onerabant
993 3440 1046 3486 et
1084 3446 1414 3501 magnopere
1448 3439 1694 3502 pastores
1724 3432 2001 3487 hircorum
2028 3451 2042 3501 ;
2066 3441 2184 3488 erat

604 3530 658 3580 et
684 3526 943 3594 templum
992 3523 1257 3578 Mendetis
1302 3522 1447 3593 apud
1490 3522 1798 3594 Egyptios,
1843 3525 1895 3578 in
1929 3540 2038 3595 quo
2071 3534 2185 3581 sta-

605 3625 695 3670 tua
732 3617 897 3687 pedes
952 3615 1196 3670 hircinos
1224 3624 1277 3670 et
1327 3624 1568 3670 erectum
1607 3616 1918 3684 pudendum
1957 3617 2180 3673 habens.

1191 3811 1278 3866 12.
1323 3811 1402 3864 De
1448 3809 1597 3865 Nilo.

675 3924 834 3980 Nilus
878 3924 1080 3979 ﬂuvius
1145 3933 1230 3980 est
1282 3925 1543 3997 Egypti,
1600 3926 1732 3997 qui.
1799 3943 1963 3998 super
2033 3932 2183 4000 ripas

607 4035 729 4075 sese
767 4019 1057 4075 effundens
1087 4021 1271 4076 causis
1309 4036 1448 4091 quas
1480 4019 1614 4074 dicit
1662 4020 1991 4077 omnisciens
2014 4022 2184 4079 llero-

607 4111 791 4175 dotus,
814 4110 1116 4164 honoratur
1148 4112 1216 4167 ab
1236 4112 1336 4168 eis.
1366 4111 1424 4166 In
1453 4111 1773 4166 ascensione
1820 4113 1962 4166 enim
2018 4130 2183 4170 vene-

603 4212 797 4258 rantur
839 4219 961 4258 eum
994 4211 1053 4257 ut
1092 4202 1284 4268 Deum,
1336 4212 1390 4260 et
1435 4204 1712 4260 celebrant
1749 4212 1809 4258 ut
1841 4206 2195 4263 abundantia}

604 4294 892 4357 nuntium,
956 4301 1209 4364 putantes
1265 4309 1459 4365 aquam
1523 4294 1995 4365 superefﬂuentem
2060 4314 2183 4355 esse

604 4385 783 4439 dcuun

606 4499 693 4553 15.
716 4497 791 4552 De
847 4497 1167 4553 animalibus
1210 4501 1611 4571 et_serpenlibus
1635 4518 1765 4571 quos
1798 4502 2180 4556 venerabantur

1241 4568 1471 4640 Egyptii.

673 4679 916 4751 Egyptii
953 4681 1356 4736 venerabantur
1415 4682 1615 4747 ibides,
1670 4684 2004 4747 crocodilos.
2069 4700 2182 4741 ser-

604 4777 816 4839 pentes,
867 4769 999 4825 feles
1029 4779 1083 4826 et
1133 4771 1380 4842 quaedam
1422 4774 1656 4843 piscium
1687 4791 1909 4845 genera,
1962 4775 2182 4833 irratio-

604 4861 717 4914 nali
786 4860 936 4914 cultu
975 4861 1081 4916 sibi
1112 4860 1348 4917 dedecus
1383 4864 1704 4920 tribuentes.
1739 4865 1814 4921 De
1838 4868 1921 4923 eis
1952 4882 2178 4923 accura-

607 4961 663 5006 te
699 4952 833 5006 dicit
883 4950 1209 5017 Herodotus,
1251 4954 1342 5023 qui
1386 4955 1550 5009 etiam
1590 4957 1658 5012 de
1685 4958 1833 5012 omni
1865 4974 2055 5015 eorum
2094 4977 2183 5016 re-

607 5045 809 5116 ligione
829 5052 883 5100 et
913 5044 1133 5115 regibus
1159 5043 1445 5117 diligenter
1470 5055 1523 5104 et
1554 5049 1777 5119 c0piose
1803 5052 2037 5122 scripsit.

746 5304 821 5377 tl)
867 5305 1005 5366 Cod.
1044 5314 1087 5367 Ἵ
1097 5317 1221 5373 σιδι.

1320 208 1603 267 NONNUS
1642 206 1861 262 sonas
1896 206 1964 260 IN
2001 188 2406 263 ORATIONEM
2448 205 2511 259 lN
2554 203 2828 259 samera
2868 205 3155 263 LUMINA.

3745 214 3859 272 1073

2509 317 2574 372 θ’.
2623 319 2760 388 Περὶ
2789 317 2906 373 τῶν
2932 321 3254 375 κολάσεων
3286 321 3401 376 τοῦ
3429 318 3673 391 Μίθρου.

2364 429 2469 483 Τὸν
2495 429 2710 501 Μίθραν
2736 429 2885 483 ἄλλοι
2911 430 3084 495 ἄλλως
3105 431 3384 502 ἐνόμισαν
3407 450 3421 463 ·
3458 436 3507 487 οί
3542 436 3634 505 μὲν
3663 437 3761 511 γάρ
3787 440 3863 496 τὸν

2289 521 2463 591 ἣλιον,
2493 524 2541 574 οἱ
2576 521 2633 574 δὲ
2668 522 2758 577 τὸν
2794 522 2987 594 ἔφορον
3030 522 3122 577 τοῦ
3161 525 3388 595 πυρὸς,
3419 525 3572 578 ἄλλοι
3604 528 3658 579 δὲ
3688 532 3863 603 εἰδικήν

2291 627 2413 664 τινα
2438 610 2688 680 δύναμιν.
2729 612 2973 666 Γίνονται
3007 613 3062 666 δὲ
3091 614 3277 684 τούτῳ
3300 613 3390 684 τῷ
3429 614 3617 689 Μίθρῃ
3640 620 3769 681 τινὲς
3791 638 3864 673 τε-

2288 700 2461 766 λεταὶ,
2494 702 2587 754 καὶ
2621 703 2773 774 παρὰ
2816 703 2924 757 τῶν
2966 705 3257 760 Χαλδαίων
3307 706 3572 775 μάλιστα.
3612 712 3671 761 Οἱ
3714 710 3764 762 δὲ
3800 729 3866 763 τε-

2288 793 2537 865 λούμενοι
2586 795 2664 867 τῷ
2717 796 2936 870 Μίθρῃ,
2988 798 3128 851 κατὰ
3179 798 3408 871 βαθμὸν
3459 816 3581 851 τινα
3622 801 3863 855 ἐτελοῦντο

2290 884 2600 941 κολάσεων·
2648 888 2914 959 πρότερον
2960 889 3016 941 δὲ
3066 890 3161 953 τὰς
3203 890 3603 961 ἐλαφροτάτοις
3647 892 3863 956 κολάσεις

2288 976 2739 1047 παρελάμϐανον,
2782 979 2876 1032 καὶ
2920 975 3019 1032 εἷθ’
3048 980 3226 1044 οὕτως
3262 980 3370 1044 τὰς
3413 981 3858 1054 δραστικωτὲραςο

2288 1060 2421 1131 οἷον,
2463 1066 2726 1139 πρότερον
2770 1068 3066 1139 ἐλίμωττον
3112 1071 3325 1134 αὐτοὺς
3357 1058 3492 1134 τοὺς
3540 1072 3860 1143 τελουμένους

2288 1160 2381 1213 ἐπὶ
2413 1161 2749 1230 πεντήκοντα
2773 1161 3007 1231 ἡμέρας,
3039 1163 3294 1233 εἰτύχοι·
3326 1159 3452 1215 εἶτα
3478 1166 3527 1216 εξ
3558 1164 3725 1234 ἤγαγε
3751 1183 3857 1237 καρ-

2287 1249 2543 1321 Ιιἰερικῶς,
2581 1251 2798 1304 ἐποίουν
2830 1252 2991 1305 αὑτὸν
3027 1254 3187 1307 πάλιν
3224 1252 3500 1324 ξεσθῆναι
3523 1254 3614 1306 ἐπὶ
3635 1253 3722 1306 δύο
3750 1257 3858 1324 ήμέ·

2291 1355 2425 1414 ρας’
2459 1338 2576 1394 εἶτα
2616 1343 2776 1396 πάλιν
2806 1346 2885 1407 είς
2930 1345 3082 1414 χιόνα
3122 1346 3362 1415 ποιῆσαι
3400 1346 3610 1398 εἴκοσιν
3650 1346 3855 1418 ἡμέρας·

2288 1434 2383 1486 καὶ
2428 1432 2598 1498 οὕτως
2629 1434 2813 1498 ἁπλῶς
2855 1436 2952 1499 τὰς
3000 1436 3257 1499 κολάσεις
3296 1437 3395 1489 ἐπὶ
3425 1438 3489 1489 τὸ
3533 1440 3714 1508 μεῖζον
3748 1440 3858 1492 κατὰ

2292 1522 2487 1594 μικρὸν
2526 1522 2815 1588 αὔξοντεςο
2869 1527 2917 1577 εἰ
2956 1527 2983 1579 6
3025 1526 3361 1596 τελούμενος
3418 1528 3701 1597 καρτερῶν
3730 1530 3858 1598 ἐφαί-

2290 1628 2430 1680 νετο,
2469 1614 2590 1668 τότε
2623 1614 2811 1669 λοιπὸν
2839 1617 3003 1671 αὑτὸν
3030 1618 3253 1671 ἐτέλουν
3284 1618 3359 1671 τὰ
3397 1620 3721 1674 τελεώτατα.

2734 1735 2787 1783 ι’.
2833 1730 2972 1798 Περὶ
3010 1729 3119 1799 τῆς
3171 1731 3442 1799 Ἴσιδος.

2372 1840 2437 1894 Ἠ
2466 1835 2607 1905 Ἶσις
2630 1840 2766 1913 αὕτη
2799 1843 3059 1914 ἐνομίσθη
3094 1846 3159 1915 τῇ
3201 1844 3293 1915 Ἰῷ
3326 1844 3405 1915 (1)
3450 1848 3518 1916 τῇ
3553 1846 3853 1918 ἁρπασθείη

2288 1930 2391 1985 ὑπὸ
2416 1932 2509 1985 τοῦ
2542 1933 2661 1996 Διὸς
2681 1950 2693 1963 ·
2721 1936 2749 1987 6
2789 1933 2915 2005 7&9
2946 1935 3116 2001 Ζεὺς,
3151 1937 3353 2007 φησὶν,
3394 1937 3614 2007 ἥρπασε
3650 1936 3736 2008 τὴν
3768 1937 3847 1999 Ἰὼ,

2287 2024 2381 2078 καὶ
2408 2024 2739 2096 φοϐούμενος
2759 2026 2859 2097 τὴν
2887 2027 3065 2098 ’Ἥραν
3092 2027 3192 2099 τὴν
3211 2028 3421 2083 ἑαυτοῦ
3446 2031 3698 2097 γυναῖκα,
3725 2029 3845 2099 μετέ-

2287 2115 2415 2169 ϐαλε
2443 2116 2540 2187 τὴν
2582 2116 2667 2169 Ἰὼ
2699 2119 2778 2181 εἰς
2803 2117 2948 2188 βοῦν,
2973 2119 3068 2171 καὶ
3096 2120 3230 2171 ποτὲ
3261 2120 3368 2190 μὲν
3401 2121 3485 2184 εἰς
3509 2120 3716 2191 λευκὴν,
3745 2120 3844 2173 ποτὲ

2286 2207 2343 2260 δὲ
2380 2210 2460 2271 εἰς
2496 2208 2774 2277 μέλαιναν,
2834 2209 2965 2262 ποτὲ
3009 2209 3065 2263 δὲ
3112 2212 3193 2274 εἰς
3244 2211 3537 2276 ἰάζουσαν,
3588 2214 3677 2264 καὶ
3704 2210 3841 2272 οὕτως

2286 2296 2553 2349 ἐπλανᾶτο
2585 2300 2701 2367 μετ’
2747 2299 2939 2369 αὐτῆς.
2994 2295 3206 2354 ἾΙλθεν
3257 2298 3357 2355 οὗν
3394 2303 3492 2356 καὶ
3529 2304 3585 2355 ὲν
3629 2301 3839 2371 Αἰγύπτιε·

2286 2386 2633 2457 πλανώμενος
2663 2388 2782 2459 μετ’
2823 2390 2997 2460 αὐτῆς
3020 2407 3033 2420 ’
3085 2392 3183 2445 καὶ
3212 2392 3306 2447 διὰ
3346 2392 3511 2446 τοῦτο
3556 2392 3763 2464 τιμῶσιν
3799 2392 3835 2443 οι

2284 2477 2572 2546 Αἰγύπτιοι
2592 2478 2690 2551 τὴν
2713 2478 2822 2544 Ἰὼ,
2852 2480 2971 2552 ἦτοι
3003 2481 3101 2554 τὴν
3139 2483 3342 2537 Ἰσιδα·
3371 2484 3455 2537 διὸ
3483 2485 3578 2537 ἐπὶ
3598 2483 3684 2535 τοῦ
3708 2483 3833 2550 ἀγάλ-

2287 2586 2456 2639 ματος
2485 2569 2659 2641 αὐτῆς
2694 2569 2789 2622 ἐπὶ
2833 2573 2930 2642 τῆς
2969 2573 3215 2644 κεφαλῆς
3261 2576 3477 2647 κέρατα
3521 2576 3636 2645 βοὸς
3673 2574 3831 2642 ἐγγλύ-

2287 2679 2499 2738 φθυσινν
2546 2663 2902 2735 σημαίνοντες
2939 2666 3038 2736 τῆς
3077 2666 3251 2737 κόρης
3283 2667 3389 2739 τὴν
3422 2670 3504 2731 είς
3548 2667 3669 2737 βοῦν
3702 2680 3835 2735 p.511-

2286 2752 2471 2825 ϐολήν.

2536 2867 2625 2920 ια’.
2667 2865 2806 2934 Περὶ
2830 2865 2951 2921 τῶν
2986 2867 3352 2937 Μενδησίων
3388 2868 3633 2938 τράγων.

2353 2977 2678 3045 Αἰγυπτιστὶ⁹
2708 2980 2736 3031 6
2776 2978 2979 3049 τράγος
3018 2979 3265 3033 καλεῖται
3316 2980 3540 3051 μένδης.
3594 2975 3832 3031 Ἐσέϐοντο

2285 3067 2342 3121 δὲ
2382 3068 2510 3122 ἔνιοι
2544 3068 2653 3122 τῶν
2691 3070 3005 3138 Αἰγυπτίων
3044 3072 3135 3123 τὸν
3167 3072 3375 3143 τράγον
3417 3069 3752 3139 ἀνακείμενον
3784 3066 3833 3135 τῇ

2285 3159 2493 3231 γονίμῳ
2535 3160 2795 3232 δυνάμει·
2830 3161 3047 3230 λέγεται
3078 3162 3186 3233 γάρ
3230 3163 3517 3232 ὀχευτικὸν
3555 3160 3682 3225 ζῶον
3718 3151 3829 3209 εἶναι

2284 3250 2313 3301 ὁ
2350 3251 2572 3321 τράγος·
2607 3250 2745 3314 Τοὺς
2791 3247 2884 3304 οὖν
2931 3251 3167 3321 τράγους
3213 3255 3263 3305 οἱ
3314 3252 3592 3313 οἰκοῦντες
3632 3250 3755 3300 κατὰ
3788 3243 3836 3295 τὸ

2289 3342 2574 3413 μενδήσιον
2597 3341 2765 3413 κέρας
2796 3343 2895 3396 οὐκ
2918 3343 3123 3414 ἤσθιον,
3163 3344 3305 3397 αἰδοῖ
3332 3343 3430 3397 τοῦ
3461 3342 3674 3412 γονίμου
3700 3336 3826 3389 Θεοῦ-

2286 3433 2489 3505 ὲτίμων
2519 3433 2575 3487 δὲ
2612 3434 2862 3504 μεγάλως
2901 3435 3148 3497 καὶτοὺς
3191 3435 3455 3498 αἰπόλους
3492 3432 3597 3486 τῶν
3630 3429 3827 3503 τράγων.

2285 3520 2393 3578 τΗν
2424 3525 2480 3578 δὲ
2502 3525 2595 3577 καὶ
2626 3525 2766 3596 ἱερὸν
2787 3524 2882 3578 τοῦ
2918 3525 3192 3595 Μένδητος
3218 3528 3355 3599 παρ’
3385 3524 3704 3593 Αἰγυπτίοις,
3727 3512 3828 3583 ὲνῷ

2294 3615 2427 3687 ἱερῷ
2463 3616 2526 3669 τὸ
2573 3615 2798 3686 ἄγαλμα
2839 3616 3198 3688 τραγοσκελὲς
3234 3614 3326 3689 ἦν,
3361 3617 3541 3690 apem
3577 3614 3634 3667 τὸ
3666 3612 3828 3665 αἰδοῖον

2285 3705 2429 3775 ἕχον.

2737 3817 2824 3887 ιβ’.
2858 3820 2997 3887 Περὶ
3028 3820 3134 3874 τοῦ
3172 3821 3418 3875 Νείλου.

2354 3927 2607 3997 Ππαμός
2641 3928 2787 3981 ἐστιν
2826 3931 2855 3982 6
2887 3931 3076 3995 Νεῖλος
3115 3933 3172 3985 ὲν
3205 3935 3272 4004 τῇ
3302 3929 3579 3999 Αἰγύπτῳ,
3609 3925 3662 3987 ὃς
3686 3923 3822 3990 ὑπερ·

2285 4019 2646 4089 εκχυνόμενος
2702 4020 2788 4074 διὰ
2814 4022 2912 4086 τὰς
2936 4024 3134 4089 αἰτίας,
3162 4026 3227 4089 ἃς
3250 4042 3418 4096 φησιν
3448 4025 3476 4075 6
3510 4013 3822 4085 πανσοφώτα·

2285 4129 2374 4175 τος
2406 4110 2707 4182 Ἡρόδοτος,
2737 4118 2962 4184 τιμᾶται
2985 4118 3117 4188 παρ’
3145 4118 3347 4171 αὐτῶν.
3388 4116 3474 4168 Ἔν
3503 4112 3606 4181 γὰρ
3635 4110 3692 4177 τῇ
3716 4106 3819 4157 ἀπ’

2285 4201 2440 4255 ϐάσει
2486 4201 2715 4271 τιμῶσιν
2762 4203 2923 4257 αὑτὸν
2963 4204 3037 4268 ὡς
3087 4205 3229 4272 θεὸν,
3271 4206 3367 4260 καὶ
3409 4198 3724 4272 εὐφημοῦσιν
3759 4190 3819 4251 t'o;

2286 4292 2543 4364 εὐφορίας
2579 4292 2771 4358 αἴτιον,
2816 4295 3125 4367 νομίζοντες
3148 4296 3207 4351 τὸ
3245 4297 3390 4368 ὕδωρ
3415 4294 3474 4347 τὸ
3502 4287 3817 4357 αὐξανόμενον

2217 4367 2258 4421 ί)
2282 4378 2421 4436 εῖναι
2454 4380 2592 4436 θέον.

2286 4500 2372 4569 ιγ’.
2424 4496 2560 4565 Περὶ
2610 4496 2729 4553 τῶν
2779 4500 3104 4555 κνωδάλων
3151 4499 3250 4554 καὶ
3306 4498 3425 4553 τῶν
3461 4486 3702 4563 ἑρπετῶν
3741 4474 3813 4535 ὧν

2703 4570 2985 4625 ἐσέϐοντο
3014 4574 3069 4625 οἱ
3090 4572 3418 4641 Αἰγύπτιοι.

2355 4687 2420 4740 Οἱ
2443 4687 2728 4755 Αἰγύπτιοι
2752 4684 3000 4738 ἐσέϐοντο
3018 4684 3115 4748 τὰς
3138 4683 3294 4748 ἴϐεις,
3318 4682 3441 4745 τοὺς
3463 4667 3807 4747 κροκοδείλουςν

2286 4777 2410 4840 τοὺς
2430 4778 2603 4848 ὄφεις,
2629 4779 2729 4842 τάς
2755 4778 3059 4847 αἰλούρους,
3088 4776 3181 4831 καί
3203 4794 3322 4831 τινα
3342 4775 3448 4828 τῶν
3477 4765 3654 4840 ἰχθύων
3679 4755 3806 4848 γένη-ι

2289 4870 2347 4936 ἐξ
2380 4843 2573 4939 ἀλόγου
2603 4871 2770 4943 τιμῆς
2808 4843 3019 4933 ἑαυτοῖς
3055 4871 3276 4941 ἀτιμίαν
3318 4864 3657 4939 ποριζόμεν⁰⁸”
3696 4843 3805 4943 Περ

2286 4935 2341 5014 δὲ
2368 4935 2574 5017 τούτων
2624 4935 3010 5035 ἀκριϐέστερόν
3058 4935 3224 5033 φησιν
3269 4965 3297 5016 6
3348 4935 3628 5029 Ἡρόδοτοςν
3663 4945 3701 5035 ὁ,
3727 4935 3802 5035 ξω

2288 5057 2415 5125 περὶ
2440 5057 2619 5127 πάσης
2655 5054 2835 5108 αὐτῶν
2860 5055 2957 5124 τῆς
2992 5054 3287 5127 θρησκείας
3322 5050 3414 5105 καὶ
3445 5044 3544 5098 τῶν
3577 5027 3799 5110 βασιλέων

2286 5145 2529 5216 ἀκριϐῶς
2558 5147 2651 5199 καὶ
2679 5146 2764 5200 διὰ
2800 5145 3000 5208 πλάτος
3031 5143 3493 5217 συγγραζάιιενοςο
