4018 6296
238 271 375 328 1031

1171 269 1466 327 SCIIOLIA
1506 266 1575 324 IN
1610 267 1823 327 ORAT.
1864 267 1885 323 Ῑ
1921 264 2200 325 CONTRA
2236 262 2604 323 JULIANUM.

3387 254 3522 316 Μ)ίῆ

234 390 334 443 καὶ
383 390 464 452 τίς
510 388 673 442 αὑτὸν
721 387 814 442 τδν
854 386 949 442 τοῦ
990 388 1189 454 παντὸς
1239 390 1446 462 κόσμου
1489 388 1678 461 κύριον
1731 390 1824 444 καὶ

1936 394 2016 442 rat
2063 388 2106 455 ',
2150 393 2315 455 atque
2361 384 2417 438 in
2473 383 2651 453 ipsum
2704 379 2873 435 totius
2917 376 3108 433 mundi
3146 374 3436 431 Dominum
3466 384 3520 430 et

232 478 524 549 τεχνίτηνο
567 478 792 542 εἰκότως
817 474 909 532 οὖν
932 480 1051 550 ούχὶ
1075 481 1201 541 τοὺς
1233 479 1329 553 τὴν
1372 480 1697 551 οἰκουμένην
1734 479 1831 552 μό·

233 585 330 619 νον
364 567 648 630 οἰκοῦντας
681 567 869 635 καλεῖ,
918 568 1055 621 ἀλλὰ
1102 570 1196 622 καὶ
1239 568 1337 633 τὰς
1367 569 1651 641 οὐρανίους
1689 570 1826 642 [Sic.

234 657 412 713 Coisl.
452 658 584 714 Cod.
631 660 737 716 575
775 659 1053 732 οὐρανίας]
1090 661 1268 725 πάσας
1302 662 1600 733 Δυνάμεις,
1639 663 1700 715 τὸ
1725 664 1827 733 κή-

236 766 434 820 ρυγμα
468 750 730 820 μειζόνως
782 751 1046 821 ἐπαίρων,
1104 752 1179 815 ὼς
1211 750 1275 804 ἐκ
1314 769 1459 815 τινος
1508 752 1825 822 περιωπῆςο

232 840 401 894 τοῦτο
420 843 531 911 γὰρ
553 843 616 894 τὸ
641 841 914 895 ἄποπτον
941 840 1215 910 βούλεται,
1251 841 1310 906 ἐξ
1342 835 1402 895 οὗ
1430 842 1581 896 ἐστὶν
1602 841 1828 910 ὄψεσθαι

233 932 435 995 πολλὰ,
463 932 691 1004 μηδενὸς
710 933 832 1002 ὄψιν
854 933 948 986 καὶ
974 932 1154 1003 φωνὴν
1181 932 1655 1005 ὲπιπροσθούντος.
1677 932 1828 985 Ἐπεὶ

233 1018 333 1074 οὖν
383 1023 479 1075 καὶ⁵
531 1022 666 1093 πρὸς
709 1022 1036 1092 οἰκουμένην
1081 1023 1209 1093 ὅλην
1252 1022 1345 1075 καὶ
1394 1021 1597 1091 κόσμον
1647 1021 1765 1075 ὅλον
1799 1021 1829 1073 ό

232 1110 429 1182 λόγος,
480 1114 580 1166 οὐκ
624 1112 693 1178 ἐξ
736 1114 1010 1168 ἀπόπτου
1068 1114 1255 1185 μόνον,
1311 1113 1447 1193 ἀλλά
1494 1113 1587 1166 καὶ
1613 1127 1825 1181 μεσαι-

232 1207 429 1276 τάτης
460 1206 563 1279 ἔφη
606 1205 941 1276 περιωπῆς·
995 1206 1110 1260 ἔστι
1163 1207 1262 1277 μὲν
1316 1206 1425 1277 γάρ
1474 1222 1590 1269 πως
1638 1206 1731 1259 καὶ
1769 1206 1827 1258 ὲν

234 1290 434 1371 ὕψηλῷ
460 1298 584 1353 τινὰ
613 1299 705 1352 καὶ
734 1300 792 1352 ὲν
820 1298 1049 1368 ἀπόπτῳ
1079 1293 1217 1352 εἶναι
1235 1340 1250 1361 ,
1289 1298 1362 1369 μὴ
1397 1297 1503 1369 μὴν
1536 1297 1593 1349 ὲν
1625 1313 1828 1367 μεσαι-

235 1393 389 1463 τάτῳ
428 1390 525 1444 καὶ
563 1390 657 1443 ἐπὶ
696 1389 935 1461 κέντρῳ·
983 1389 1078 1442 καὶ
1110 1389 1170 1441 ού
1205 1389 1268 1460 δή
1293 1405 1396 1442 που
1430 1388 1688 1461 πρόσεστι
1716 1386 1827 1441 τῶν

235 1502 307 1554 κη
318 1483 660 1555 ρυττομένων
690 1481 782 1534 ὑπ’
810 1481 975 1535 αὑτοῦ
997 1481 1206 1544 πάντας
1235 1481 1430 1551 ἐπίσης
1451 1479 1681 1533 ἐπαΐειν.

309 1572 433 1629 Col.
458 1574 563 1629 533
586 1572 611 1625 1
640 1571 704 1626 A.
739 1570 915 1639 Πλὴν
942 1571 1111 1626 ὅσον.
1138 1572 1268 1642 Διχῆ
1293 1570 1588 1625 διαστέλλει
1615 1568 1824 1633 τούτοις

234 1664 334 1718 καὶ
363 1664 457 1717 τὸν
492 1661 695 1715 σκοπὸν
731 1661 899 1732 χωρὶς
927 1660 1140 1732 ίστησιν
1182 1661 1428 1726 Ἡσαΐου,
1460 1660 1552 1713 τὸν
1583 1660 1680 1731 μὲν
1700 1662 1824 1714 ὅσον

233 1758 333 1812 ἐπὶ
356 1756 436 1827 τῷ
468 1753 682 1826 Ἰσραὴλ
704 1752 993 1823 ὴθετηκότι
1018 1750 1338 1823 μαρτύρασθ
1349 1768 1421 1815 αι,
1444 1751 1535 1805 τὸν
1556 1750 1610 1804 δε
1637 1751 1819 1816 πάλιν,
1853 1741 1897 1796 Β

234 1851 338 1905 ἐπὶ
375 1849 626 1920 τυράννῳ
652 1844 979 1916 ἀθετήσαντι
1009 1845 1103 1897 καλ⁵
1135 1844 1519 1899 καταπεσόντι.

304 1962 448 2018 Ibid.
500 1961 555 2015 6.
602 1961 811 2013 Ἄκουε
858 1956 957 2010 καὶ
991 1958 1028 2025 ἡ
1059 1957 1166 2011 τοῦ
1200 1956 1469 2025 μεγάλου
1512 1959 1829 2010 Κωνσταν-

234 2057 367 2111 τίου
398 2050 605 2122 ψυχὴ,
648 2050 704 2104 εἷ
733 2067 821 2116 τις
873 2048 1177 2116 αισθησις.
1223 2047 1463 2100 Ἐπαινεί
1508 2046 1602 2099 κα)⁵
1634 2045 1826 2114 Μέγαν

235 2145 403 2201 αὑτὸν
449 2142 709 2205 πολλάκις
758 2140 928 2205 καλεῖ,
956 2139 1050 2192 καὶ
1080 2138 1313 2207 μάλιστα
1345 2140 1402 2192 ὲν
1429 2141 1541 2203 τοῖς
1566 2139 1706 2192 κατὰ
1730 2133 1825 2191 τοῦ

249 2238 590 2294 Ἀποστάτου
653 2234 863 2302 λόγοις,
912 2232 972 2299 ἐξ
1031 2232 1511 2305 ἀντιπαραθέσεως
1564 2232 1827 2304 τυράννου

237 2326 333 2380 καὶ
371 2322 749 2396 μισοχρίστου,
770 2322 845 2386 ὡς
875 2320 1218 2392 φιλόχριστον
1248 2321 1433 2376 τοῦτον
1465 2322 1829 2392 κατακοσμῶν

236 2419 347 2480 τοῖς
381 2415 644 2478 ἐπαίνοις.
695 2414 852 2466 Ἔστι
888 2412 944 2465 δὲ
988 2414 1047 2466 ὲν
1088 2406 1171 2476 οἷς
1216 2414 1311 2467 καὶ
1342 2413 1830 2485 ύπεραπολογεῖται

236 2507 339 2578 τῆς
388 2504 659 2574 ὑποψίας,
703 2501 777 2565 ὼς
824 2501 1262 2572 συναπαχθέντος
1313 2503 1613 2572 Ἀρειανοίς
1658 2501 1830 2556 ἁπλό-

235 2615 387 2670 τητι,
418 2597 481 2651 οὐ
526 2596 635 2667 μὴν
675 2594 982 2665 κακουργίᾳ
1026 2595 1118 2646 καὶ
1163 2593 1449 2665 δυσφημίᾳ
1471 2610 1484 2623 ο
1521 2595 1593 2648 τὰ
1617 2593 1661 2647 δ’
1696 2594 1832 2648 ἄλλα

235 2687 575 2759 κριστιανοῖς
606 2684 747 2755 μέγα
776 2684 964 2753 ὄφελος
998 2685 1092 2737 καὶ
1112 2683 1259 2752 λέγει
1300 2685 1393 2738 καὶ
1418 2684 1641 2755 ἐξυμνεῖ
1675 2702 1832 2755 γεγε-

236 2778 453 2850 νῆσθαι.
489 2777 563 2831 Εἴ
600 2793 691 2842 τις
718 2776 774 2828 δὲ
808 2776 1116 2842 αίσθησις,
1153 2777 1322 2847 φησὶ,
1377 2778 1465 2832 διὰ
1500 2778 1560 2831 τὸ
1589 2778 1829 2845 Ἄκουε,

236 2870 317 2933 ὡς
367 2868 444 2939 μὴ
487 2868 664 2937 πάντη
698 2866 859 2937 δήλου
894 2866 1027 2938 μηδὲ
1070 2869 1234 2921 πᾶσιν
1272 2868 1523 2938 αίσθησιν
1562 2867 1671 2921 τῶν
1703 2869 1831 2939 τῇδε

235 2960 350 3022 τοῖς
368 2955 695 3012 ἀπελθοῦσιν
722 2955 863 3026 ἔχειν
887 2955 1001 3027 (23)
1018 2973 1031 2986 °
1058 2957 1247 3027 μόναις
1267 2958 1376 3028 γὰρ
1404 2956 1563 3010 τοῦτο
1580 2961 1699 3021 ταῖς
1720 2957 1830 3012 τῶν

235 3047 541 3119 Μακαρίων
564 3047 621 3099 ὲν
644 3045 823 3110 ἄλλοις
848 3047 1013 3117 φησὶν
1040 3047 1439 3119 ἀποκεκρίσθαι
1466 3048 1686 3120 ψυχαῖς.

308 3142 446 3198 Ibid.
483 3140 524 3196 C
561 3142 648 3195 12.
690 3141 801 3196 Καὶ
834 3138 944 3209 γὰρ
973 3142 1046 3195 οὐ
1073 3142 1153 3206 τῷ
1185 3142 1354 3211 Λόγῳ
1383 3142 1495 3212 (24)
1524 3144 1708 3212 μόνῳ.
1738 3142 1830 3214 Τῷ

235 3234 370 3307 θείῳ
398 3235 546 3303 λέγει
577 3235 737 3304 Λόγῳ
756 3250 773 3265 ο
803 3233 975 3297 οὕτως
996 3234 1103 3306 γάρ
1133 3236 1475 3306 ὀνομάζεται.

309 3348 449 3403 Ibid.
490 3348 577 3403 15.
616 3347 780 3401 Μετὰ
810 3346 927 3401 τῶν
977 3348 1201 3401 ἄλλων.
1258 3348 1435 3402 Ποίων
1484 3349 1691 3415 mm;
1748 3343 1830 3415 οἷς

234 3440 566 3512 ὀνομάζεται
611 3438 769 3503 Υἱὸς,
812 3440 1012 3508 Σοφία,
1064 3440 1335 3510 Δύναμις,
1390 3441 1483 3492 καὶ
1531 3440 1599 3493 τὰ
1641 3442 1823 3496 λοιπά.

231 3534 431 3603 Χαίρει
459 3533 587 3604 γὰρ,
634 3531 804 3601 φησὶ,
842 3533 934 3585 καὶ
978 3530 1053 3599 τῇ
1090 3532 1461 3601 προσηγορίᾳ
1499 3533 1686 3601 ταύτῃ
1728 3532 1828 3587 καί

230 3620 310 3691 τῇ
344 3622 626 3691 δυνάμει.
664 3622 829 3694 Ποίας
864 3622 961 3694 τῆς
992 3622 1237 3693 κλήσεως
1263 3623 1468 3692 ταύτης
1490 3638 1503 3652 ο
1532 3623 1687 3677 οὐδὲν
1717 3625 1827 3695 γὰρ

229 3714 422 3785 ἕτερον
474 3715 693 3769 δύναται
732 3714 855 3767 νοῦν
904 3713 1239 3785 ἑρμηνεῦσαι
1287 3713 1507 3780 καλῶς,
1571 3714 1605 3786 ἡ
1654 3715 1827 3786 Λόγος

228 3804 354 3862 ὅλον
387 3807 447 3859 ἐν
479 3806 655 3878 ἑαυτῷ
678 3805 869 3879 [CoisL
900 3809 958 3861 ὲν
985 3805 1159 3879 αὐτῷ]
1185 3806 1367 3879 φέρων
1388 3806 1480 3859 τὸν
1502 3804 1628 3862 νοῦν
1646 3823 1663 3840 ⁶
1693 3806 1770 3871 ὡς
1797 3810 1831 3862 ὀί

241 3896 372 3961 Υἱὸς
396 3895 489 3947 καὶ
509 3893 680 3963 Λόγος
704 3894 796 3948 τὸν
816 3894 1032 3965 Πατέρα
1050 3910 1110 3946 τε
1131 3897 1224 3949 καὶ
1246 3896 1551 3969 Γεννήτορα
1566 3913 1582 3931 ο
1621 3897 1686 3952 Ὅ
1714 3898 1824 3970 γὰρ

228 3985 527 4055 ἑωρακὼς,
554 3990 739 4059 φησιν,
768 3987 894 4057 ἐμὲ,
933 3987 1040 4041 τὸν
1070 3988 1302 4056 Πατέρα
1331 3987 1554 4058 ἑώρακε
1578 3990 1596 4060 (
1616 3987 1820 4045 Jomm.

231 4094 314 4145 vr,
350 4077 479 4146 46.)

300 4181 424 4237 Col.
460 4183 566 4238 537
588 4181 634 4237 Α
664 4184 718 4239 2.
758 4185 825 4237 Ei
855 4183 925 4237 δὲ
952 4183 1109 4251 ὅλως
1147 4184 1457 4255 συμμίξαι.
1498 4187 1654 4240 Κατὰ
1683 4189 1822 4240 ἁπο-

228 4275 473 4345 στροφὴν
519 4274 657 4345 πρὸς
701 4275 868 4329 αὑτὸν
928 4276 1135 4329 ἐκεῖνον
1179 4276 1381 4347 φησίν·
1428 4277 1678 4343 Ἐδειξάς
1726 4296 1819 4332 σου

1929 479 2219 534 artiticem.
2250 476 2369 532 Non
2394 477 2666 532 immerito
2697 474 2863 545 igitur
2887 487 2996 528 non
3028 479 3303 526 terrarum
3331 471 3520 525 orbem

1932 571 2236 625 incolentes
2270 568 2432 623 modo
2460 574 2638 632 vocat,
2666 567 2761 622 sed
2791 573 2845 621 et
2874 564 3127 619 ctelestes
3150 577 3342 617 omnes
3369 571 3520 632 pote-

1930 668 2122 726 states,
2172 661 2534 717 advocatione
2588 659 2753 713 altius
2801 658 2968 721 elata,
3013 654 3174 726 quasi
3221 670 3251 708 e
3296 650 3518 723 specula

1929 751 2187 823 quadam.
2227 750 2340 804 Hoc
2384 751 2529 805 enim
2575 749 2691 804 vult
2740 731 3040 811 ἄποπτον,
3088 746 3142 801 id
3184 753 3269 801 est
3301 761 3365 799 ex
3410 760 3520 814 quo

1930 844 2100 898 multa
2135 843 2263 897 licet
2296 843 2562 912 aspicere,
2597 841 2732 895 nihil
2766 840 2957 894 oculos
2995 840 3080 894 vel
3110 853 3297 893 vocem
3330 836 3518 906 probi-

1928 935 2110 990 bente.
2142 935 2277 990 Cum
2324 934 2492 1003 igitur
2519 940 2574 987 et
2602 931 2669 985 ad
2697 932 3013 986 universam
3043 938 3266 991 terram,
3294 929 3517 983 univer-

1928 1041 2160 1096 sumque
2200 1024 2464 1079 mundum
2506 1038 2687 1078 sermo
2719 1022 2820 1085 sit,
2856 1037 2964 1076 non
3006 1035 3070 1074 ex
3098 1020 3242 1074 edita
3278 1026 3519 1072 tantum-

1930 1118 2113 1181 modo,
2151 1117 2246 1173 sed
2288 1132 2352 1171 ex
2407 1116 2793 1171 mediterranea
2834 1114 3045 1184 specula
3094 1113 3252 1168 dixit.
3301 1111 3517 1166 Etenim

1928 1204 2041 1260 ﬁeri
2073 1211 2253 1275 potest
2288 1212 2347 1258 ut
2381 1204 2563 1274 quivis
2612 1205 2666 1259 in
2721 1204 2941 1259 excelso
2987 1203 3222 1273 quodam
3261 1202 3519 1272 editoque

1927 1299 2049 1352 loco
2085 1295 2157 1352 sit
2191 1297 2560 1361 constitutus,
2612 1312 2725 1351 non
2774 1303 2957 1351 autem
3006 1295 3062 1349 in
3114 1295 3518 1350 mediterraneo

1924 1396 1981 1442 et
2013 1386 2066 1441 in
2100 1394 2324 1454 centro,
2377 1402 2556 1458 neque
2603 1387 2672 1442 ab
2722 1386 3015 1451 omnibus,
3051 1386 3117 1440 ad
3163 1401 3303 1457 quos
3349 1385 3518 1441 verba

1926 1478 2076 1543 facit.
2111 1481 2317 1552 pariter
2347 1481 2698 1535 exaudiatur.

1997 1570 2114 1626 Hoc
2145 1589 2306 1625 unum
2334 1573 2571 1626 interest.
2601 1570 2698 1627 Ilis
2722 1570 2916 1627 dividit
2944 1569 3303 1642 propositum,
3334 1575 3520 1622 osten-

1925 1665 2113 1736 ditque
2159 1666 2229 1722 ab
2274 1665 2427 1721 Isaia:
2457 1663 2735 1720 diversum
2779 1682 2795 1719 :
2842 1664 2931 1719 hic
2959 1664 3105 1719 enim
3149 1677 3213 1717 ea
3250 1660 3320 1715 ob
3353 1658 3519 1715 Israel

1926 1756 2018 1826 qui
2053 1754 2146 1809 Dei
2177 1756 2346 1825 legem
2382 1754 2647 1824 rejecerat
2675 1761 3048 1817 contestatur;
3083 1762 3270 1807 noster
3293 1766 3421 1806 vero
3447 1749 3519 1804 ob

1928 1855 2220 1919 tyrannum
2257 1848 2349 1916 qui
2380 1853 2435 1901 et
2462 1860 2584 1900 eam
2617 1845 2809 1914 rejecit
2838 1853 2892 1900 et
2921 1846 3122 1900 misere
3150 1842 3374 1898 occidit.

1996 1960 2142 2013 Audi
2177 1959 2288 2013 lucc
2323 1961 2508 2023 etiam,
2542 1959 2845 2015 Constantii
2874 1958 3057 2029 Magni
3086 1958 3289 2022 anima,
3319 1957 3365 2010 si
3402 1957 3518 2027 quis

1927 2054 2150 2108 mortuis
2196 2068 2403 2107 sensus.
2463 2051 2674 2106 Laudat
2730 2051 3096 2120 Magnumque
3141 2065 3264 2105 eum
3319 2051 3518 2119 saepius

1927 2153 2124 2208 vocat,
2198 2152 2253 2200 et
2288 2143 2527 2199 maxime
2562 2145 2614 2199 in
2662 2142 3009 2199 sermonibus
3043 2143 3330 2198 adversum
3371 2141 3518 2209 Apo-

1930 2247 2161 2300 statam,
2203 2252 2270 2291 ex
2322 2236 2585 2306 parallelo
2633 2234 2852 2306 tyranni
2904 2232 3235 2303 Christoque
3279 2232 3516 2291 inimici.

1929 2327 2089 2397 quasi
2137 2324 2346 2380 Christi
2401 2335 2673 2378 amantem
2723 2325 2870 2377 hunc
2917 2322 3171 2377 laudibus
3222 2334 3517 2376 exornans.

1929 2420 2144 2476 Alicubi
2178 2435 2302 2475 eum
2335 2417 2634 2473 defendens
2668 2416 2802 2471 dicit
2843 2417 2910 2470 ad
2954 2416 3325 2470 Arianismum
3359 2413 3519 2467 incli-

1931 2521 2122 2568 natum
2178 2511 2349 2567 fuisse
2404 2511 2791 2581 simplicitate,
2848 2523 2957 2564 non
3011 2518 3190 2562 autem
3244 2508 3521 2577 impietate

1932 2609 2096 2670 atque
2117 2599 2343 2669 infamia
2368 2617 2381 2653 :
2407 2607 2665 2654 caeterum
2684 2598 3016 2654 Christianis
3038 2597 3286 2653 eumdem
3314 2611 3519 2667 magna

1930 2692 2154 2747 utilitati
2185 2691 2352 2747 fuisse
2374 2702 2426 2748 et
2453 2692 2527 2746 ait
2549 2700 2604 2747 et
2634 2691 2912 2761 praedicat.
2948 2690 3010 2745 Si
3038 2690 3155 2760 quis
3188 2705 3392 2754 sensus,
3423 2689 3518 2752 ait,

1932 2784 2079 2849 audi,
2112 2792 2332 2854 propter
2360 2782 2506 2854 quod
2541 2799 2647 2838 non
2688 2784 2916 2837 omnino
2943 2791 3090 2852 patet
3122 2797 3298 2851 neque
3339 2781 3520 2835 omni-

1931 2881 2035 2937 bus
2069 2880 2297 2949 hujusce
2339 2876 2525 2933 mundi
2572 2893 2758 2933 rerum
2794 2893 3016 2933 sensum
3051 2892 3174 2933 esse
3204 2875 3516 2932 defunctis:

1933 2973 2066 3029 solis
2122 2973 2268 3027 enim
2330 2971 2435 3025 hoc
2492 2971 2777 3025 beatorum
2836 2970 3124 3024 animabus
3194 2983 3517 3024 concessum

1856 3084 1903 3146 ρ
1933 3067 2070 3123 alias
2099 3065 2253 3121 dicit.

2002 3156 2183 3227 Neque
2240 3156 2381 3210 enim
2450 3153 2616 3209 Verbo
2681 3155 2965 3208 duntaxat.
3046 3151 3244 3207 Divino
3302 3151 3517 3206 scilicet

1931 3251 2116 3307 Verbo
2147 3269 2160 3305 :
2195 3249 2270 3302 ita
2298 3248 2446 3303 enim
2478 3249 2817 3303 nominatur.

2004 3364 2207 3419 Praeter
2254 3364 2367 3416 alia
2417 3361 2699 3416 vocabula.
2768 3359 3028 3427 Quanam
3091 3357 3235 3412 alia?
3303 3356 3517 3423 Quibus

1928 3456 2247 3511 nominatur
2300 3452 2496 3516 Filius,
2561 3451 2870 3522 Sapientia,
2928 3449 3143 3515 Virtus,
3196 3458 3250 3504 et
3294 3457 3515 3504 caetera.

1930 3547 2137 3603 Gaudet
2166 3547 2337 3623 enim,
2370 3547 2468 3610 ait,
2502 3545 2598 3598 hoc
2628 3546 2837 3599 nomine
2884 3560 2946 3597 ac
2995 3543 3227 3596 nominis
3271 3542 3320 3595 ri
3356 3551 3405 3594 et
3441 3541 3515 3609 [a-

1928 3641 2151 3700 cultate.
2218 3637 2378 3706 Qua?
2436 3637 2605 3708 hujus
2657 3636 2923 3692 nominis.
2957 3634 3145 3705 Neque
3184 3636 3330 3689 enim
3377 3634 3518 3690 alius

1927 3737 2079 3786 recte
2123 3743 2324 3785 sensus
2357 3728 2534 3798 accipi
2572 3733 2778 3798 potest.
2815 3725 2919 3781 nisi
2964 3723 3203 3781 Verbum
3254 3731 3429 3779 totum
3460 3724 3517 3780 in

1926 3837 1988 3878 se
2046 3820 2169 3892 ipso
2214 3835 2437 3877 sensum
2497 3819 2721 3875 ferens:
2768 3817 2914 3875 sicut
2960 3816 3135 3873 Filius
3179 3825 3233 3872 et
3276 3816 3516 3872 Verbum

1926 3909 2256 3980 Patremque
2286 3917 2343 3964 et
2388 3908 2708 3965 Genitorem
2744 3926 2757 3962 :
2788 3906 2895 3974 Qui
2936 3907 3076 3963 enim
3106 3906 3236 3961 vidit
3268 3923 3369 3974 me,
3416 3906 3516 3970 ait,

1925 4000 2142 4057 Patrem
2175 4003 2304 4057 vidit
2330 4001 2371 4059 ³.

2000 4193 2154 4259 Quod
2188 4195 2234 4248 si
2268 4195 2483 4248 ontniuo
2506 4194 2658 4262 signa
2694 4193 2953 4263 conferre.
2996 4190 3100 4246 Per
3135 4189 3511 4262 apostrophen

1925 4286 2072 4342 hunc
2118 4287 2289 4341 istum
2329 4286 2646 4356 compellat.
2707 4284 2806 4342 His
2858 4294 2911 4339 te
2955 4285 3158 4339 victum
3193 4282 3511 4346 declarasti,

224 4365 441 4429 τούτοις
488 4367 586 4438 τὴν
632 4361 838 4437 ἧτταν,
892 4366 1161 4439 συμμίξαι
1216 4370 1348 4440 ἡμῖν
1396 4368 1489 4424 καὶ
1530 4371 1610 4435 είς
1634 4374 1821 4442 χεῖρας

1936 4378 2080 4448 signa
2109 4375 2401 4431 nobiscum
2438 4376 2694 4432 conferre
2728 4384 2783 4432 et
2823 4391 3019 4430 manus
3053 4389 3347 4429 conserere
3372 4373 3514 4428 veri-

225 4460 403 4516 ιλθεῖν
437 4459 717 4530 φοϐηθεὶς,
748 4461 853 4515 κᾶν
885 4461 1072 4528 ἔδοξας
1100 4466 1257 4535 νικᾷν
1292 4466 1531 4530 ἐκεῖνον,
1570 4464 1628 4519 ὃν
1664 4468 1817 4535 ἡγω-

1936 4487 2033 4535 .us,
2067 4469 2171 4525 etsi
2209 4469 2503 4524 devinccre
2543 4469 2875 4525 existimasti
2910 4484 3058 4532 eum,
3082 4478 3240 4534 quem
3269 4482 3331 4521 ne
3361 4466 3511 4519 dimi-

226 4552 383 4604 νίσω
433 4549 602 4620 (Cod.
653 4566 706 4621 p.
743 4551 889 4623 265)
935 4552 1021 4623 μὴ
1072 4554 1481 4624 ἀγωνίσασθαι
1526 4556 1661 4628 πρὸς
1719 4557 1817 4611 αύ-

220 4644 315 4697 τδν
353 4643 496 4713 (25),
532 4645 812 4699 τουτέστιν
852 4646 1037 4717 ἡμᾶς’
1072 4647 1130 4699 ὲν
1163 4640 1245 4712 οἷς
1274 4647 1514 4702 δείκνυσι
1559 4649 1653 4702 καὶ
1703 4649 1813 4703 τῶν

221 4736 398 4803 λόγων
417 4736 680 4807 τύραννον
700 4738 847 4804 ὄντα,
875 4739 1108 4812 ἐσχάτην
1139 4739 1385 4809 ἀλογίαν,
1412 4741 1472 4794 ού
1500 4741 1659 4812 μόνον
1692 4741 1812 4813 βίαν

222 4826 516 4898 προσάψας
543 4826 715 4897 αὐτῷ.

328 5007 350 5038 ¹
380 5004 526 5063 Psal.
557 5023 728 5074 Lxxu,
753 5008 808 5064 8.
922 5010 944 5042 ³
974 5009 1172 5067 Joann.
1201 5028 1312 5077 xiv,
1335 5012 1388 5070 9.

297 5187 409 5256 (23)
438 5186 750 5254 Legendum
781 5188 996 5244 videtur
1029 5184 1169 5242 εἶναι
1204 5190 1288 5245 vel
1317 5192 1444 5253 τοὺς
1482 5190 1815 5256 ἀπελθόντας

219 5255 399 5331 Exeat.
430 5257 763 5331 Scholiastes
802 5258 1118 5331 Montacutii
1139 5260 1228 5314 hic
1260 5269 1583 5331 ropportune
1638 5255 1815 5317 notat:

218 5327 915 5395 Αἴσθησις,’1σοκρατικόν.
946 5330 1155 5384 Similia
1182 5327 1328 5385 enini
1352 5327 1525 5387 habet
1543 5329 1815 5388 Isocrates

218 5397 283 5473 in
314 5397 580 5473 Euagora,
611 5399 803 5473 initio;
840 5400 908 5453 EI
937 5417 1021 5465 τις
1059 5400 1319 5473 αἴσθησις
1350 5404 1465 5473 τοῖς
1497 5403 1815 5473 τετελευτη-

218 5468 342 5522 κόσι
366 5469 495 5539 περὶ
514 5468 621 5541 τῶν
639 5468 823 5541 ἐνθάδε
844 5470 1199 5541 γιγνομένων.
1222 5468 1362 5526 Huic
1376 5471 1631 5529 Isocratis
1669 5468 1808 5538 loco,

219 5552 382 5615 quem
424 5540 725 5615 exscripsit
774 5540 1215 5615 D_._Clemenc_et,
1282 5544 1429 5615 alius
1465 5542 1589 5615 addi
1633 5551 1812 5615 potest

221 5606 366 5685 haud
391 5607 657 5685 absimilis
687 5626 752 5664 ex
794 5609 1076 5685 Menemcno
1106 5606 1344 5670 Platonis
1374 5614 1439 5685 (§
1465 5614 1557 5683 21)
1584 5632 1600 5670 :
1634 5606 1710 5685 Et
1724 5616 1807 5678 τίς

220 5679 340 5754 ἔστι
369 5680 481 5754 τοῖς
514 5679 924 5754 τετελευτηκόσι
955 5684 1201 5754 αἴσθησις
1241 5685 1347 5738 τῶν
1388 5679 1624 5748 ζῖὐντων.
1670 5682 1805 5737 For-

226 5748 373 5803 mula
412 5748 462 5800 εί
493 5767 575 5814 τις
606 5748 875 5818 αἴσθησις,
913 5769 1036 5808 cum
1076 5748 1143 5808 de
1173 5757 1402 5811 mortuis
1428 5756 1625 5824 agitur,
1670 5757 1803 5810 alias

1916 4577 2087 4625 cares,
2138 4569 2409 4628 tantopere
2443 4578 2475 4614 a
2517 4568 2565 4616 te
2602 4560 2919 4614 dimicatum
2957 4567 3058 4621 est,
3101 4574 3202 4612 nos
3252 4558 3509 4613 scilicet:

1926 4652 1983 4706 in
2032 4651 2237 4721 quibus
2285 4650 2530 4707 ostendit
2575 4659 2631 4706 et
2684 4667 3000 4707 sermonum
3048 4659 3341 4723 tyrannum
3383 4665 3509 4705 cum

1922 4758 2140 4800 summa
2171 4744 2492 4811 stoliditate,
2518 4762 2627 4801 non
2654 4761 2777 4800 cum
2809 4745 3070 4801 violentia
3108 4743 3509 4811 tantummodo,

1912 4849 2119 4908 egisse.

1918 5189 2367 5262 etiamhoccurrit.
2392 5193 2672 5262 Gottteber
2694 5192 2746 5246 in
2771 5195 3052 5247 Menexeue
3073 5191 3318 5262 quaedam
3335 5205 3520 5245 exem-

1915 5262 2002 5332 pla
2034 5260 2207 5317 aﬂ'ert.
2241 5260 2375 5317 Vide
2408 5262 2543 5318 clar.
2584 5259 2753 5317 Wolf.
2788 5263 2841 5317 in
2874 5264 3021 5318 hunc
3042 5259 3303 5332 Leptinem
3328 5262 3506 5315 locum

1917 5335 1936 5385 ί
1955 5330 1982 5403 §
2017 5332 2102 5395 71,
2136 5341 2253 5403 not.
2282 5333 2353 5403 ad
2385 5347 2435 5387 ν.
2467 5332 2630 5402 505):
2676 5332 2743 5387 Εί
2781 5351 2926 5397 τινες
2968 5330 3171 5387 τούτων
3205 5334 3312 5385 τῶν
3359 5347 3509 5403 τετε-

1914 5402 2255 5475 λευτηκότων
2280 5402 2493 5475 λάδοιεν
2522 5405 2710 5475 τρόπῳ
2751 5406 2859 5459 τινὶ
2892 5403 2985 5459 τοῦ
3019 5404 3135 5458 νυνὶ
3182 5402 3506 5473 γιγνομένου

1914 5472 2241 5545 πράγματος
2272 5473 2432 5545 αῐσθη
2440 5490 2543 5527 σιν.

1986 5545 2096 5616 (24)
2130 5544 2294 5616 βόὶῑὶ,
2324 5544 2467 5616 λόγῳ
2498 5545 2675 5615 μόνον.

1986 5610 2098 5685 (25)
2130 5613 2355 5671 Videtur
2398 5610 2636 5672 Bas-ilius
2674 5622 2880 5671 textum
2924 5628 3079 5684 sequi
3130 5612 3183 5666 in
3225 5610 3507 5668 nonnullis

1914 5683 2313 5758 discrepantem
2340 5686 2408 5743 ab
2439 5703 2503 5743 eo
2532 5702 2694 5759 quem
2718 5700 2865 5743 nunc
2893 5683 3185 5742 habemus.
3378 5691 3385 5702 ‘

3992 5490 3997 5527 λ

3992 5642 3995 5693 :

3992 5708 3995 5901 ί

3992 5946 3993 5999 ι
