4018 6296
491 325 495 329 .
528 246 666 302 mss
1891 246 2125 301 BASILll

2232 245 2393 300 iNlMI'
3690 232 3786 287 I08
3799 233 3831 288 ἰ

602 362 881 418 Enimuero
928 364 1055 419 mihi
1095 365 1213 436 jam
1265 365 1468 430 exsilit,
1516 375 1670 435 atque
1714 366 1785 419 ad
1829 367 2109 437 panegyri-

2282 361 2417 416 lbid.
2451 358 2574 412 B'9.
2599 356 2754 424 Ἤδη
2786 356 2853 408 δέ
2870 354 2972 424 μοι
3001 350 3163 421 πηδᾷ
3188 349 3299 404 καὶ
3341 348 3508 401 ἵεται
3543 347 3699 413 πρὸς
3723 365 3828 402 πα-

478 436 479 439 Ἲ
530 471 700 509 unum
752 460 907 525 gestit
959 460 1154 514 oratio.
1203 458 1591 515 Animadverte
1634 476 1756 531 qua:
1807 461 1987 516 innuit
2042 460 2110 516 de

2232 451 2580 523 *ηγυρισμὸν
2636 452 2668 503 ὁ
2723 448 2925 516 λόγος.
2981 444 3306 515 Σημείωσαι
3348 441 3442 494 ὅτι
3502 439 3602 492 καὶ
3637 441 3828 513 ἐπιση-

531 549 861 621 panegyrico
892 566 1112 620 genere.

2232 547 2461 600 ιαίνεται
2487 542 2574 596 διὰ
2603 541 2663 595 τὸ
2695 537 3064 609 πανηγυρικὸν
3092 531 3228 598 εἶδος
3266 532 3425 604 (26).

608 638 738 694 Tum
791 641 882 708 qui
924 639 1172 709 jejuniis.
1217 641 1382 696 Deum
1437 642 1762 712 suppliciter
1815 651 2110 700 exorantes

2282 637 2421 690 Ibid.
2454 635 2540 689 Η.
2574 634 2736 686 Ὅσοι
2767 648 2832 685 τε
2864 629 3193 697 νηστείαις.
3220 626 3389 689 Τοὺς
3416 625 3484 677 τὸ
3504 625 3666 679 Θεῖον
3693 623 3833 677 ἐκλι-

533 739 696 787 noctu
747 731 973 803 diuque,
1019 735 1075 788 in
1130 735 1427 791 solitudine
1476 737 1749 800 viventes,
1800 745 1896 790 aut
1942 737 2110 791 vitam

2232 724 2521 796 ταροῦντας
2569 724 2763 786 νυκτὸς
2800 723 2892 776 καὶ
2911 721 3157 793 ἡμέρας,
3208 716 3587 791 μονάζοντάς
3633 734 3717 782 τε,
3744 719 3834 770 καὶ

533 824 704 879 simili
756 828 920 881 modo
977 827 1237 898 degentes
1289 830 1557 902 designat,
1601 832 1835 902 illosque
1875 848 2110 903 quorum

2232 818 2337 880 τοὺς
2370 815 2460 868 τὸν
2488 814 2600 885 βίον
2643 814 2871 877 ἐκείνοις
2918 812 3350 885 παραπλησίους
3384 809 3583 876 λέγει,
3619 807 3750 871 τούς
3779 826 3835 861 τε

533 916 676 971 bona
717 918 994 987 publicata
1039 928 1191 983 sunt,
1231 922 1316 976 vel
1369 900 1459 993 qui
1497 923 1668 977 variis
1708 900 1903 977 adhuc
1933 930 2111 977 tenta-

2232 907 2503 979 ῑημεύσεις
2536 905 3053 976 ὑπομεμενηκότας,
3075 903 3166 957 καὶ
3195 904 3335 965 τοὺς
3368 900 3460 953 ἔτι
3497 900 3836 969 προσταλαι-

535 1008 778 1065 tionibus
811 1011 1083 1077 laborant,
1112 1014 1316 1083 quique
1352 992 1406 1068 in
1432 1016 1732 1079 montibus,
1771 1024 1863 1070 aut
1898 1017 2115 1086 spelun-

2232 1000 2531 1070 τωροῦντας
2554 998 2751 1070 [CoisL
2784 999 2920 1070 πρὸς
2946 997 3063 1049 ταλ.
3088 995 3107 1068 ]
3132 997 3189 1049 ἐν
3218 994 3529 1057 ποικίλαις
3556 992 3833 1062 βασάνοις,

537 1102 641 1164 cis,
697 1111 790 1157 aut
846 1111 1008 1158 terra:
1066 1105 1218 1160 cavis
1277 1106 1548 1170 habitant,
1609 1107 1831 1178 quibus,
1884 1118 1941 1162 ut
1985 1124 2113 1164 vere

547 1189 747 1258 dicam,
777 1193 1019 1249 mundus
1046 1210 1155 1250 non
1182 1195 1381 1266 dignus
1413 1206 1551 1252 erat.

2214 1093 2307 1146 καὶ
2354 1091 2504 1162 ὄρεσι
2536 1090 2592 1143 δὲ
2638 1090 2731 1143 καὶ
2775 1088 3053 1159 σπηλαίοις
3088 1089 3183 1141 καὶ
3218 1089 3357 1149 ταῖς
3396 1085 3512 1154 τῆς
3540 1084 3651 1154 γῆς
3680 1083 3834 1145 ὀπαῖς

2213 1178 2678 1252 ὲνδιαιτωμένους,
2758 1171 2833 1231 ὧν
2887 1178 2962 1242 ὡς
3014 1177 3227 1250 ἀληθῶς
3285 1176 3405 1229 οὐκ
3463 1171 3539 1246 ἦν
3593 1172 3748 1237 aito;
3810 1176 3835 1227 ό

2221 1273 2438 1343 κόσμος.

616 1362 713 1420 Vel
755 1368 934 1437 patria
967 1385 1086 1436 sua,
1122 1379 1180 1423 ut
1203 1370 1413 1440 quidem
1446 1371 1661 1428 dicitur.
1705 1372 1985 1444 Fugitivos
2026 1375 2113 1430 in-

2286 1364 2423 1419 Ibid.
2457 1361 2498 1417 C
2530 1363 2617 1418 12.
2672 1363 2741 1418 Ἢ
2765 1362 2876 1432 τῆς
2903 1361 3132 1415 ἑαυτῶν
3173 1360 3205 1414 ὃ
3240 1359 3326 1427 δὴ
3373 1357 3659 1427 λέγεται.
3704 1355 3835 1419 Τοὺς

539 1456 659 1510 nuit
684 1467 738 1512 et
769 1473 798 1511 a
841 1461 1084 1531 propriis
1114 1462 1448 1528 disiunctos.
1483 1461 1599 1518 Hoc
1628 1480 1782 1530 vero,
1820 1475 1875 1518 ut
1902 1466 2113 1536 quidem

2232 1454 2456 1524 ρυγάδας
2494 1454 2783 1508 αἰνίττεται
2822 1455 2914 1506 καὶ
2954 1452 3060 1506 τῶν
3099 1451 3326 1506 οἰκείων
3366 1448 3829 1518 διαζευχθέντας.

536 1544 737 1599 dicitur
776 1558 999 1618 propter
1040 1549 1342 1608 familiares
1374 1552 1592 1624 adjacet
1621 1571 1795 1624 parva:
1826 1565 1880 1612 et
1918 1572 2117 1628 corpo-

2232 1545 2298 1599 rat
2317 1546 2374 1600 δὲ
2400 1546 2432 1599 ὃ
2456 1545 2531 1611 δὴ
2554 1547 2788 1615 λέγεται
2809 1546 2896 1599 διὰ
2920 1547 3044 1609 τοὺς
3066 1544 3302 1609 οἰκείους
3345 1544 3474 1613 (27)
3504 1542 3831 1621 πρόσκειται

539 1634 675 1690 ralis
744 1639 1163 1695 necessitudinis.
1231 1640 1370 1697 Vera
1427 1645 1573 1699 enim
1645 1647 2000 1702 necessitudo
2062 1657 2117 1704 et

2232 1637 2327 1706 τῆς
2365 1637 2582 1707 μικρᾶς
2625 1638 2717 1691 καὶ
2766 1637 3081 1708 σωματικῆς
3146 1636 3578 1701 οἰκειότητοςο
3640 1636 3674 1702 ἡ
3728 1632 3829 1711 γὰρ

540 1727 779 1781 maxima
820 1743 941 1796 quae
990 1745 1246 1800 supernae
1291 1735 1479 1802 patriae
1532 1745 1587 1789 et
1639 1739 1978 1805 cognationis
2010 1748 2115 1800 est.

2232 1729 2426 1801 Ξιληθῆς
2471 1730 2736 1801 οἰκειότης
2775 1730 2866 1782 καὶ
2920 1729 3169 1799 μεγίστη.
3198 1729 3233 1798 ἡ
3262 1728 3375 1797 τῆς
3412 1726 3539 1780 ἄνω
3573 1725 3831 1796 πατρίδος

554 1817 682 1872 Vitii
713 1828 894 1875 autem
929 1825 1206 1878 materiam
1238 1824 1459 1880 divitias
1489 1838 1671 1885 vocat.

609 1994 852 2051 Alteram
886 2012 1017 2053 vero
1056 2008 1263 2067 partem
1312 2000 1447 2055 dicit
1494 2017 1590 2058 eos
1634 2002 1751 2074 qui,
1788 2019 1914 2060 cum
1950 2004 2118 2062 Deum

540 2087 928 2154 conﬁteantur,
956 2089 1161 2146 talibus
1207 2093 1660 2150 scandalizentur
1713 2097 1896 2165 rebus,
1936 2100 2123 2170 impiis

542 2182 760 2238 scilicet
795 2183 1082 2250 exaltatis;
1116 2186 1563 2262 scandalizentur
1584 2205 1714 2245 vero
1741 2190 1804 2245 ob
1838 2202 2120 2260 pauperta-

543 2284 667 2340 tem,
715 2286 775 2329 ut
824 2275 915 2329 hic
969 2276 1066 2342 ait,
1124 2278 1341 2341 animle,
1396 2282 1825 2351 cogitationibus
1882 2284 2118 2350 incensi,

542 2377 894 2437 peccatorum
948 2383 1139 2441 pacem
1205 2384 1269 2423 ac
1330 2369 1647 2427 felicitatem
1698 2390 1806 2428 non
1860 2375 2119 2442 ferentes,

544 2462 904 2530 prementibus
947 2461 1334 2530 inservientes,
1385 2473 1439 2519 et
1485 2465 1834 2522 solummodo
1889 2468 2122 2539 hujusce

543 2551 690 2605 modi
720 2553 1004 2607 miraculis
1036 2555 1091 2608 in
1121 2555 1353 2611 veritate
1388 2556 1808 2614 conﬁrmantur.

614 2720 791 2794 Atque
829 2725 1035 2779 utinam
1080 2726 1172 2783 ille
1199 2744 1401 2799 quoque
1445 2739 1609 2785 coetus
1650 2732 1718 2783 ad
1764 2731 1983 2786 chorum
2025 2751 2122 2789 no-

544 2824 713 2873 strum
755 2834 811 2871 se
858 2818 1188 2890 adjungeret.
1230 2819 1441 2876 Exinde
1481 2829 1629 2892 patet
1679 2824 1825 2892 quod
1880 2826 2122 2881 nondum

543 2909 800 2963 monachi
838 2910 892 2964 in
944 2927 1113 2965 unum
1148 2912 1419 2978 coierant,
1472 2913 1672 2983 quibus
1715 2918 1777 2969 de
1827 2933 1952 2983 pace
1996 2936 2123 2974 ora-

2221 1823 2317 1875 καὶ
2359 1821 2670 1890 συγγενείας
2724 1822 2860 1876 ὲστί.
2902 1822 3125 1886 Κακίας
3162 1820 3220 1873 δὲ
3248 1820 3428 1886 ὕλην
3468 1818 3570 1872 τὸν
3607 1818 3827 1872 πλοῦτον

2220 1908 2373 1967 εἶπεν
2402 1913 2562 1982 (Ibid.
2593 1912 2633 1967 C
2661 1914 2771 1982 Η).

2292 2006 2408 2061 Col.
2434 2005 2537 2060 540
2565 2005 2605 2058 Α
2632 2006 2681 2059 7.
2727 2004 2972 2073 Ἑτέραν
2998 2004 3053 2057 δὲ
3078 2003 3299 2073 μοῖραν
3325 2002 3495 2071 λέγει
3524 2001 3684 2064 τοὺς,
3718 2002 3821 2055 ὅσοι

2220 2098 2355 2153 Θεὸν
2420 2094 2810 2166 ὁμολογοῦντες
2862 2093 3305 2153 σκανδαλίζονται
3358 2095 3495 2155 ταῖς
3551 2091 3823 2154 τοιαύταις

2220 2186 2581 2258 οἰκονομίαις,
2612 2185 2928 2255 ὑψουμένων
2952 2186 3058 2239 τῶν
3077 2181 3311 2237 ἀσεϐῶν·
3365 2182 3815 2247 σκανδαλίζονται

2220 2279 2277 2332 δὲ
2305 2278 2403 2331 διὰ
2433 2277 2749 2345 πτωχείαν,
2777 2277 2852 2340 ὡς
2889 2274 3051 2338 αὐτὸς
3082 2274 3185 2344 ἔφη
3217 2273 3411 2343 (Ibid.
3449 2274 3495 2327 A
3534 2275 3605 2327 I3
3627 2275 3644 2341 )
3666 2316 3681 2339 ,
3710 2276 3815 2340 31m-

2222 2370 2361 2441 χῆς,
2400 2367 2823 2441 ἐμπυριζόμενοι
2860 2369 2972 2431 τοῖς
3017 2367 3337 2438 λογισμοῖς,
3372 2367 3619 2438 εἰρήνην
3652 2366 3812 2435 ἁμαρ·

2221 2460 2407 2514 τωλῶν
2445 2460 2538 2514 καὶ
2585 2460 2837 2529 εὐτυχίαν
2882 2459 2955 2530 μὴ
2992 2459 3278 2529 φέροντες,
3311 2457 3691 2519 δοῦλοιόντες
3720 2454 3813 2507 τῶν

2223 2550 2525 2622 παρόντων,
2552 2550 2643 2602 καί⁵
2675 2550 2855 2620 μόνοις
2884 2550 2995 2612 τοῖς
3022 2548 3285 2612 τοιούτοις
3324 2547 3675 2619 παραδόξοις
3702 2544 3810 2598 Θαύ-

2227 2659 2358 2715 μασι
2385 2642 2521 2712 πρὸς
2546 2642 2646 2712 τὴν
2674 2640 2931 2710 ἀλήθειαν
2956 2639 3312 2710 βεϐαιοῦνται.

2295 2734 2427 2786 Ibid.
2459 2732 2500 2787 Ω
2530 2734 2580 2787 5.
2609 2732 2747 2785 Εἴθε
2770 2748 2872 2800 μοι
2894 2731 3001 2784 τοῦ
3033 2729 3217 2799 χοροῦ
3246 2728 3449 2799 μέρος
3472 2725 3560 2800 ἦν
3584 2725 3810 2782 κάκεῖνο

2225 2825 2289 2878 τὸ
2319 2825 2621 2892 σύστημα.
2682 2822 2964 2877 Ἐντεῦθεν
3006 2822 3163 2893 δῆλον
3191 2823 3271 2875 ὅτι
3299 2822 3471 2875 οὔπω
3500 2824 3535 2891 ἡ
3581 2819 3691 2872 τῶν
3720 2835 3804 2888 μο-

2224 2915 2405 2985 ναχῶν
2451 2916 2643 2979 ἓνωσις
2681 2916 3005 2985 ἐγεγένητο,
3054 2916 3140 2983 ἐφ’
3177 2910 3259 2978 οἷς
3291 2914 3621 2986 ὲρῤἐθησαν
3657 2914 3701 2964 oi
3725 2912 3803 2961 El-

547 2998 712 3054 tiones
753 3002 1007 3073 ascripta:
1050 3011 1201 3068 sunt,
1252 3020 1599 3076 quorumque
1647 3024 1759 3062 non
1798 3011 2123 3067 criminatur

2232 3004 2454 3071 ρηνικοὶ
2494 2998 2708 3077 (28),ὧν
2741 3005 2802 3058 οὐ
2838 3005 3112 3075 μέμφεται
3139 3004 3238 3075 τὴν
3270 3003 3491 3068 πίστιν,
3528 3001 3803 3070 ἀκίϐδηλον

546 3093 729 3161 fidem,
770 3112 880 3150 non
930 3096 1297 3153 adulterinam
1347 3101 1719 3157 cantationem
1774 3118 1964 3157 eorum
2004 3105 2124 3175 Opi-

545 3188 765 3243 nionem
810 3204 1035 3255 vocans,
1070 3206 1250 3260 neque
1297 3190 1591 3261 ignobilem
1644 3193 2123 3262 inconcinnamve,

546 3277 641 3334 sed
673 3280 1003 3349 peculiarem
1041 3296 1218 3352 neque
1250 3282 1317 3336 ad
1358 3281 1546 3337 eadem
1576 3293 1910 3354 vergentem.

619 3371 919 3439 Quamnam
962 3382 1136 3429 autent
1174 3383 1225 3427 et
1255 3373 1488 3443 qualem.
1529 3375 1795 3431 Incitatus
1836 3378 2003 3449 igitur
2039 3380 2128 3437 llic

548 3459 616 3515 ad
656 3462 825 3516 verba
876 3462 1127 3534 quaedam
1166 3462 1421 3529 molesta,
1449 3469 1615 3533 atque
1658 3464 1725 3519 ad
1774 3466 2130 3536 vituperatio-

548 3566 695 3614 nem,
738 3552 1069 3608 verecundia
1103 3562 1285 3607 autem
1324 3550 1620 3617 retinetur,
1673 3564 1729 3609 ut
1768 3557 1886 3626 ipse
1930 3558 2030 3624 ait,
2075 3566 2129 3613 et

547 3658 646 3713 spe
687 3644 916 3698 unitatis
951 3647 1329 3713 procuranda}.

627 3733 801 3789 Unam
841 3736 1068 3790 classant
1115 3755 1377 3813 unumque
1408 3746 1709 3799 animarum
1746 3760 1908 3814 genus
1940 3742 2128 3799 abdico

550 3838 705 3898 atque
732 3828 990 3897 propella.
1031 3828 1219 3887 Parvae
1250 3833 1373 3889 ﬁdei
1407 3836 1656 3891 homines
1690 3837 1956 3905 designat,
1984 3844 2039 3890 ct
2073 3837 2129 3890 in

552 3920 915 3975 tentationum
965 3932 1207 3993 tempore
1252 3928 1680 3992 scandalizatos,
1725 3936 1780 3983 et
1828 3943 2013 3983 errore
2042 3929 2129 3983 de-

552 4018 776 4082 ductos,
805 4018 1008 4088 quibus
1039 4026 1096 4073 et
1141 4020 1358 4089 pejores
1405 4021 1483 4075 ait
1510 4036 1625 4086 eos,
1661 4020 1755 4090 qui
1799 4021 2029 4089 tempori
2063 4037 2130 4075 ne

556 4111 829 4167 tantillum
861 4111 1080 4181 quidem
1117 4114 1470 4180 obstiterunt,
1501 4114 1595 4169 sed
1630 4122 1824 4184 sponte
1854 4112 2130 4183 improbos

555 4217 612 4256 se
645 4201 1013 4273 praebuerunt.

2227 3095 2367 3167 ᾠδὴν
2397 3097 2497 3167 τὴν
2541 3095 2717 3149 αὐτῶν
2759 3096 2917 3161 δόξαν
2962 3094 3250 3149 ἀποκαλῶν
3301 3095 3490 3165 (ibid.
3520 3093 3586 3149 C.
3634 3093 3695 3159 5)
3727 3091 3805 3143 καὶ

2226 3188 2326 3240 οὐκ
2353 3187 2644 3257 ἀδόκιμον,
2682 3186 2781 3239 οὐκ
2812 3184 3084 3259 εὔρυθμον
3123 3186 3202 3252 δὲ,
3243 3186 3363 3241 ἀλλ’
3402 3187 3547 3240 ἰδίαν
3585 3184 3679 3238 καὶ
3718 3183 3807 3235 οὐκ

2227 3280 2307 3343 είς
2338 3278 2399 3331 τὸ
2433 3276 2566 3331 αὐτὸ
2589 3277 2911 3349 ἐρχομένην.

2297 3373 2435 3427 Ibid.
2484 3370 2571 3425 12.
2624 3373 2774 3425 Ἀλλ’
2814 3371 3029 3425 ὁποίαν
3067 3370 3165 3424 καὶ
3210 3372 3365 3424 τίνα.
3425 3367 3686 3441 Κινηθείς
3718 3359 3802 3416 οὖν

2228 3462 2477 3518 ἐντεῦθεν
2527 3463 2663 3533 πρὸς
2696 3462 2854 3531 λόγον
2891 3462 3029 3533 ἀηδῆ
3071 3479 3193 3515 τινα
3235 3462 3329 3514 καὶ
3356 3462 3564 3531 ψόγον,
3590 3458 3802 3525 ἐπέσχεν

2210 3558 2366 3611 ἀἰδοῖ
2397 3556 2495 3627 τῆς
2530 3556 2780 3623 ἐλπίδος,
2813 3555 2889 3619 ὡς
2931 3554 3093 3618 αὐτός
3125 3572 3257 3625 φησι
3291 3556 3456 3626 (ibid.
3491 3552 3534 3608 C
3576 3552 3683 3618 15),
3715 3549 3796 3601 καὶ

2229 3650 2327 3720 τῆς
2356 3648 2623 3713 ἑνώσεως.

2301 3740 2416 3795 Col.
2444 3741 2541 3796 541
2588 3739 2633 3794 Α
2668 3741 2719 3796 1.
2757 3740 2917 3795 Μίαν
2946 3740 3165 3810 μοῇοαν
3191 3742 3293 3793 καὶ
3323 3739 3397 3794 ἓν
3442 3738 3556 3810 (29)
3602 3731 3794 3805 ψυχῶν

2229 3831 2404 3901 γένος
2437 3832 2847 3899 ἀποκηρύττω.
2889 3832 3027 3896 Τοὺς
3071 3832 3451 3900 ὀλιγοπίστους
3498 3830 3679 3896 λέγει,
3713 3821 3799 3875 καὶ

2232 3927 2288 3978 ἐν
2316 3922 2491 3994 καιρῷ
2523 3923 2841 3994 πειρασμῶν
2878 3923 3387 3987 σκανδαλισοέντας,
3422 3923 3517 3976 καὶ
3545 3921 3608 3989 τῇ
3638 3915 3793 3981 πλάνῃ

2230 4014 2712 4086 καθυπαχϐἐντας,
2766 4007 2840 4067 ὧν
2872 4015 2967 4068 καὶ
2996 4015 3209 4086 χείρους
3259 4016 3425 4085 φησὶν
3467 4012 3719 4071 ἐκείνους,
3750 4003 3802 4057 οῖ’

2235 4105 2370 4178 μηδὲ
2422 4105 2618 4175 μικρὸν
2670 4103 2976 4172 ἀντέϐησαν
3024 4102 3255 4176 [Coisl.,
3305 4098 3674 4172 ἀντεϐόησαν]
3725 4094 3793 4163 τῷ

2231 4196 2431 4268 καιρῷ,
2460 4195 2581 4250 οὐδὲ
2611 4195 2747 4266 πρὸς
2775 4194 2955 4265 ὀλίγον
2983 4195 3336 4267 ἀντέστησαν,
3362 4195 3478 4249 ἀλλ’
3507 4195 3573 4247 ἐκ
3595 4204 3787 4261 περιου-

2232 4288 2349 4350 σίας
2376 4286 2651 4358 ἐφάνησαν
2671 4286 2850 4340 κακοί.

626 4377 744 4435 Hoc
769 4381 908 4435 enim
932 4382 1172 4438 immuto.
1203 4380 1474 4451 Quidnam
1506 4385 1677 4440 vero?
1708 4383 1844 4451 Iloc,
1869 4385 1925 4439 in
1979 4401 2125 4441 mare

2302 4380 2437 4435 Ibid.
2484 4379 2524 4435 (Γ.
2557 4379 2610 4433 6.
2664 4378 2842 4433 Τοῦτο
2888 4377 2999 4449 γὰρ
3033 4377 3389 4446 μεθαρμόζω.
3416 4377 3584 4432 Τοῦτο
3624 4372 3787 4430 ποῖονς

555 4473 1103 4543 projecitmonenim
1140 4475 1197 4528 in
1231 4490 1399 4530 mare.
1431 4470 1665 4532 Immuto
1708 4477 1874 4541 enim,
1917 4477 2014 4541 ait,
2061 4493 2125 4532 ac

556 4574 856 4635 transpono
889 4564 1043 4620 illud.
1096 4566 1343 4637 Namque
1390 4568 1622 4637 projeeit
1665 4568 1991 4639 Apostatam
2039 4583 2127 4622 sc-

555 4658 906 4728 cundumque
933 4657 1295 4724 Pharaonem,
1326 4660 1418 4714 ubi
1448 4660 1550 4730 ipsi
1576 4661 1884 4730 projieienti
1912 4669 2128 4732 gratum

562 4743 681 4815 fuit,
731 4757 807 4815 et,
834 4757 895 4804 ut
916 4751 1010 4815 ait,
1031 4750 1493 4820 quemadmodum
1522 4751 1869 4821 ipsejustum
1890 4755 2128 4811 censuit.

626 4922 703 4976 Ac
742 4923 879 4976 velut
904 4939 996 4990 per
1038 4923 1293 4976 circulum
1327 4924 1626 4993 quemdam.
1668 4923 1951 4990 Quomodo
1984 4926 2130 4981 velut

558 5030 656 5087 per
693 5016 960 5070 circulum
1009 5018 1295 5086 quemdam
1327 5019 1515 5091 dirigit
1544 5035 1607 5075 ac
1645 5018 1995 5074 moderatur?
2019 5017 2125 5074 Ne-

628 5216 739 5286 (26)
774 5214 973 5288 Recepi
996 5217 1363 5287 πανηγυρικόν
1381 5232 1453 5288 ex
1483 5216 1710 5272 Coislin.
1751 5231 1859 5288 pro
1889 5234 2135 5288 τυραννι-

558 5290 654 5344 κόν
676 5304 777 5343 ms.
806 5287 931 5341 573.
964 5288 1227 5356 Craterum
1265 5287 1395 5356 quid
1428 5288 1530 5342 sibi
1572 5288 1702 5341 velit
1747 5287 1981 5342 Basilius
2024 5302 2133 5341 non

560 5360 697 5413 bene
737 5358 913 5412 video.
950 5355 1399 5439 Scltolium'torte
1432 5358 1704 5439 quoddam
1733 5359 2001 5439 innuit-de
2039 5373 2125 5427 ge-

561 5443 691 5485 nere
721 5429 1078 5499 panegyrico;
1102 5436 1153 5482 et
1179 5429 1357 5497 reipsa
1389 5428 1712 5484 scholiastes
1741 5430 1882 5497 apud
1922 5428 2134 5483 Monta-

562 5500 764 5554 cntium
790 5504 898 5570 agit
924 5500 990 5555 de
1019 5498 1219 5569 triplici
1259 5514 1456 5570 genere
1496 5499 1774 5554 oratorio:
1810 5500 2135 5570 panegyrico

562 5508 764 5554 cultum
790 5515 817 5551 a
859 5508 898 5553 it
924 5508 990 5555 dc
1019 5508 1219 5569 triplici
1259 5514 1456 5569 genere
1496 5515 1536 5554 o:

563 5516 1172 5639 scilicet,deliberativo
1197 5578 1249 5624 et
1267 5568 1536 5639 judiciali.

635 5639 744 5709 (27)
777 5637 1045 5694 Nonnulla
1074 5641 1163 5695 hic
1186 5637 1375 5697 deesse
1401 5647 1551 5709 puto.

636 5710 748 5781 (28)
796 5709 1041 5782 Gregorii
1093 5712 1364 5767 orationes
1407 5720 1516 5767 tres
1591 5709 1838 5781 intelligit
1867 5709 2135 5782 εἰρηνικὸς

2231 4471 2293 4523 τὸ
2324 4488 2342 4522 ι
2380 4471 2459 4533 είς
2512 4468 2784 4523 θάλασσαν
2813 4487 2833 4519 ι
2886 4465 3136 4539 ἔρριψεν·
3186 4466 3305 4529 οὐδὲ
3333 4467 3443 4539 γὰρ
3488 4466 3567 4527 είς
3614 4459 3786 4514 θάλασ-

2238 4579 2354 4615 σαν.
2390 4560 2736 4632 Μεθαρμόζω
2779 4558 3053 4631 γὰρ,ἔιρη,
3085 4557 3173 4611 καὶ
3239 4558 3565 4628 μετατίθημι
3615 4548 3781 4604 τοῦτο·

2240 4653 2427 4728 ἔρριψε
2462 4653 2569 4724 γὰρ
2615 4653 2701 4706 τὸν
2740 4650 3039 4724 [ms.575,
3088 4650 3276 4721 ερριψε
3329 4650 3457 4722 τόν]
3499 4642 3785 4707 ἀποστάτην

2242 4728 2337 4800 καὶ
2367 4744 2618 4815 δεύτερον
2646 4743 2847 4815 Φαραὼ
2882 4744 3004 4797 ὅποι
3034 4743 3186 4811 φίλον
3219 4742 3297 4814 τῷ
3328 4739 3679 4813 exceptam:
3701 4728 3779 4800 ἦν.

2238 4838 2331 4891 καὶ
2367 4838 2532 4901 ὅπως,
2560 4837 2744 4908 φησὶν,
2776 4836 3111 4891 ἐδικαίωσεν.

2304 4927 2439 4982 Ibid.
2467 4927 2553 4982 11.
2579 4907 2691 4981 Καὶ
2725 4921 2857 4981 οἷον
2881 4927 2991 4995 ('50)
3046 4925 3144 4979 διὰ
3187 4924 3416 4979 κύκλου
3445 4918 3614 4982 τινός.
3662 4907 3771 4968 Πῶς

2232 5020 2320 5076 διὰ
2343 5019 2540 5073 κύκλου
2561 5020 2704 5084 τινὸς
2731 5015 2842 5084 οἷός
2865 5017 3079 5090 [Coisl.,
3114 5014 3247 5091 οἷον]
3274 5017 3334 5069 τέ
3359 5018 3503 5071 ἐστιν
3531 5007 3773 5065 εὐθύνειν;

2239 5220 2319 5279 A',
2353 5218 2429 5281 Bt,
2463 5218 2516 5269 I"
2551 5218 2874 5290 inscriptas,
2912 5234 3033 5289 qua:
3082 5219 3135 5272 in
3184 5216 3421 5272 editione
3478 5195 3770 5290 (Σιθιηθιιςςξί

2242 5274 2983 5353 εθὲιισξνίρεοίιιιιιἐρρύηᾶιι
3038 5298 3091 5343 et
3143 5290 3401 5343 vicesima
3463 5280 3607 5337 tertia
3639 5274 3761 5353 sunt;

2244 5334 2490 5413 Schisina
2514 5359 2581 5430 d_e
2600 5350 2705 5427 quo
2735 5360 2821 5413 hic
2848 5361 3025 5429 agitur
3047 5368 3222 5412 ortum
3241 5358 3473 5430 duxerat
3492 5368 3549 5430 ex
3566 5334 3765 5430 poti“?!

2241 5438 2392 5499 pater
2433 5429 2489 5485 S.
2526 5418 2773 5499 Gregorii
2798 5418 3199 5499 subscripserat
3229 5427 3472 5483 formulae
3493 5418 3683 5477 Arianae
3718 5418 3765 5462 Ill

2242 5500 2473 5555 concilio
2506 5499 2838 5553 Ariminensi
2863 5500 3039 5557 edilaz.

2316 5570 2572 5639 (29)Editi
2599 5571 2855 5624 omittunt
2882 5571 2991 5625 καί.

2315 5641 2425 5713 (30)
2452 5640 2613 5708 Editi,
2643 5641 2821 5694 οἱονεί.
