4018 6296
335 292 484 347 £035
1301 292 1596 348 SCIIOLIA
1634 292 1702 346 IN
1742 292 1950 348 ()RAT.
1985 293 2005 347 Ι
2047 293 2328 349 CONTRA
2361 295 2726 352 JULIANUM.
3473 301 3611 359 I086

334 416 461 471 οὐδὲ
486 414 594 485 γάρ
617 416 644 467 ὁ
676 412 874 477 κύκλος
906 413 1067 477 εὐθὺς
1103 411 1226 484 [ηις.
1266 414 1369 467 575
1390 454 1403 475 ,
1436 412 1635 484 εύοής]
1670 413 1923 483 ὑπάρχει,
1959 466 1961 473 ,

2071 429 2136 468 ue
2158 415 2303 469 enim
2326 416 2569 471 circulus
2602 422 2786 470 rectus
2814 424 2898 471 est
2925 432 3102 487 neque
3133 417 3352 487 dirigit;
3380 418 3613 491 ideoun

334 508 461 565 οὐδὲ
484 507 694 561 εὐθύνει
715 524 728 538 ·
773 507 854 559 διὸ
881 504 1051 577 (Cod.
1074 521 1125 574 p.
1156 506 1262 561 265
1283 507 1297 575 )
1318 508 1410 558 καὶ
1434 505 1493 557 τὸ
1515 505 1657 567 τινὸς
1700 502 1925 574 [Codd.,

2071 503 2295 574 djieitur
2341 507 2643 577 quemdam,
2692 510 2853 580 quasi
2894 510 3039 565 enim
3074 526 3172 580 per
3211 511 3477 565 circulum
3528 512 3612 569 di-

335 598 529 671 τίνος]
561 599 912 671 πρόσκειται·
944 598 1021 661 ὡς
1043 599 1205 651 οίονεί
1235 615 1351 660 πως
1378 598 1490 665 (51)
1517 596 1604 650 διὰ
1629 596 1826 650 κύκλου
1857 613 1932 648 κι-

2070 597 2204 652 ectis
2257 599 2423 653 rebus
2465 601 2711 665 nostris,
2777 617 2843 657 ex
2900 617 3009 672 quo
3075 602 3295 672 pietatis
3347 602 3505 673 signo
3561 612 3616 657 et

1574 686 1598 696 ο
1649 687 1731 706 1,-»
1766 680 1817 706 ,τ

341 784 577 854 σημείου
608 781 721 853 (52)
768 782 866 853 τῆς
921 780 1201 843 εὐσεϐείας
1248 781 1342 833 καὶ
1391 779 1479 834 διὰ
1525 780 1625 849 τῆς
1678 778 1932 841 ἀσεϐείας

342 875 626 938 κυκλικῶς
656 873 1030 945 πορευθέντων
1064 875 1142 936 είς
1173 871 1233 924 τὸ
1260 871 1390 925 αὐτὸ
1429 871 1590 924 πάλιν
1639 870 1737 940 τῆς
1780 870 1935 922 εὐσε-

344 966 501 1028 ϐείας
528 962 888 1035 παρεληλύθει
911 963 1135 1033 σημεῖον
1155 978 1168 991 ’
1186 960 1320 1031 όμοῦ
1348 960 1446 1030 μὲν
1471 960 1576 1031 γάρ
1598 958 1935 1028 σαλευόμενά

346 1074 469 1121 πως
498 1056 593 1110 καὶ
639 1054 713 1126 μὴ
761 1054 1098 1125 σαλευόμενα
1139 1051 1208 1105 τὰ
1258 1051 1531 1122 ἡμέτερα,
1570 1049 1665 1103 καὶ
1690 1051 1809 1111 ταῖς
1839 1047 1933 1101 τοῦ

351 1149 472 1220 βίου
500 1150 859 1220 περιτροπαῖς
877 1164 937 1199 τε
961 1145 1055 1200 καὶ
1078 1144 1423 1216 παλιρῤοίαις
1455 1142 1751 1212 φερόμενα,
1778 1136 1934 1204 αὖθις

350 1243 433 1305 ὡς
478 1245 537 1295 ὲν
582 1242 825 1311 ἀκινήτῳ
856 1239 963 1293 τιν).
989 1237 1140 1303 τάξει
1172 1237 1264 1290 καὶ
1292 1236 1520 1306 προνοίᾳ
1550 1235 1700 1305 μένει
1739 1233 1933 1301 πάγια,

352 1334 426 1387 τά
446 1334 589 1386 αύτά
621 1331 711 1385 διὰ
733 1331 843 1385 τῶν
864 1329 1121 1384 ἐναντίων
1140 1327 1459 1400 παραδόξως
1489 1325 1762 1379 ὁδεύοντα.

424 1425 549 1481 Col.
586 1424 690 1477 544
720 1424 762 1476 Α
791 1422 843 1477 9.
877 1423 1067 1476 Ὅταν
1094 1418 1292 1474 αὐτῶν
1316 1418 1426 1488 (55)
1459 1416 1808 1485 δυνηθῶμεν
1830 1428 1938 1467 πα-

347 1516 590 1585 ρελθεῖν
636 1514 803 1584 τάχει
867 1512 1066 1568 ποδῶν
1118 1510 1232 1579 τὴν
1272 1510 1572 1565 ἀσέϐειαν.
1641 1504 1936 1579 Παρῴδηκε

2070 1517 2312 1570 νγιειειοὶνε
2376 1517 2661 1584 possimus.
2720 1515 2929 1570 Alludit
2988 1514 3055 1571 ad
3107 1515 3219 1568 haec
3255 1513 3617 1584 prophetica:

348 1609 414 1663 τὸ
444 1606 783 1681 προφητικόν
814 1602 1004 1675 (Psal.
1039 1619 1225 1670 xxxvr,
1250 1601 1377 1673 55)‘
1415 1596 1595 1654 Εἶδον
1622 1599 1729 1653 τὸν
1748 1596 1937 1667 ἀσεϐῆ

2070 1606 2176 1661 Vidi
2227 1608 2448 1678 impium
2498 1608 2952 1678 superexaltalum
2991 1616 3039 1662 et
3098 1606 3455 1672 elevatum,et
3501 1620 3624 1675 quae

349 1700 857 1769 ὐπερυψούμενον
918 1697 1015 1750 καὶ
1066 1696 1493 1764 ἐπαιρόμενον,
1552 1692 1641 1745 καὶ
1689 1691 1756 1745 τὰ
1809 1690 1937 1761 ἑξῆς

2070 1710 2352 1770 equuntur
2395 1716 2570 1771 usque
2617 1699 2684 1754 ad
2732 1700 2822 1753 illa
2854 1718 2867 1753 :
2894 1694 2963 1752 Et
2997 1700 3240 1764 transivi,
3264 1707 3314 1752 et
3356 1714 3471 1752 ecce
3519 1714 3624 1756 non

355 1792 522 1864 μέχρι
545 1791 639 1845 τοῦ
666 1788 944 1857 Παρῆλθε
969 1786 1104 1873 (54),
1135 1786 1233 1839 καὶ
1263 1784 1391 1839 ἰδοὺ
1415 1786 1526 1838 οὐκ
1550 1780 1649 1854 ἦν’
1687 1782 1780 1836 καὶ
1809 1783 1939 1834 πότε

2070 1795 2227 1849 ταιι.
2295 1792 2397 1849 Ubi
2454 1801 2658 1858 autem,
2711 1794 2809 1858 ait,
2866 1793 2997 1846 illud
3041 1793 3367 1864 conspicere
3418 1791 3626 1847 liceat?

353 1879 450 1939 οὖν
476 1885 592 1936 ἐστι
613 1921 628 1945 ν
657 1880 791 1951 φησὶ
827 1870 1126 1951 [τηε-575,
1153 1870 1246 1930 οὖν
1274 1875 1407 1947 φησι
1430 1873 1449 1947 J
1469 1915 1483 1939 ,
1513 1874 1673 1928 τοῦτο
1713 1873 1869 1936 ἰδεῖν;
1903 1873 1937 1941 ἢ

2070 1887 2261 1959 )trippe
2311 1885 2666 1941 manifestum
2699 1900 2825 1941 cum
2878 1884 3213 1956 impietatem
3258 1899 3447 1940 eorum
3482 1883 3625 1939 cclcc

2040 783 2255 852 pietatis
2280 785 2600 852 pertransiit
2633 785 2849 855 signum
2876 804 2888 839 ε
2914 784 3243 841 ﬂuctuantes
3271 786 3417 841 enim
3450 786 3615 843 simul

2038 882 2094 929 et
2130 889 2237 928 non
2262 873 2592 931 ﬂuctuantes
2628 891 2716 931 res
2742 884 2966 941 nostrae,
3001 891 3065 930 ac
3087 891 3181 947 per
3214 876 3337 932 vita:
3364 876 3616 947 agitatio-

2042 977 2141 1018 nes
2193 972 2473 1034 aestusque
2533 964 2749 1030 ablatze,
2788 981 2980 1021 rursus
3028 966 3082 1020 in
3138 966 3317 1021 stabili
3379 964 3616 1037 quodam

2042 1053 2235 1110 ordine
2284 1062 2337 1110 et
2384 1056 2944 1125 providentiaﬁrmae
2992 1064 3237 1121 manent,
3287 1056 3479 1113 iisdem
3521 1068 3617 1126 per

2044 1147 2326 1203 contraria
2359 1148 2560 1203 mirum
2591 1148 2647 1204 in
2682 1148 2901 1203 modum
2932 1148 3329 1220 gradientibus.

2116 1421 2177 1478 Si
2202 1423 2411 1494 quidem
2473 1423 2706 1491 ipsorum
2745 1423 3066 1492 impietatem
3113 1420 3303 1491 pedum
3358 1421 3623 1477 celeritate

360 1975 522 2047 δῆλον
574 1975 703 2027 ὅταν
744 1972 856 2042 (55)
906 1971 1004 2043 τὴν
1050 1970 1304 2024 ἀσέϐειαν
1349 1969 1530 2022 αὐτῶν
1574 1968 1730 2039 τάχει
1784 1967 1941 2030 ποδὸς

356 2067 635 2137 ἀσφαλεῖ,
679 2064 956 2117 τουτέστιν
1009 2063 1303 2133 ἀποφυγῇ,
1351 2060 1545 2114 θᾶττον
1584 2060 1942 2131 δυνηθείημεν

357 2159 672 2232 παρελθεῖν.

431 2252 567 2306 Ibid.
602 2249 644 2302 Β
672 2250 721 2302 6.
758 2245 938 2312 Λαοῖς
977 2241 1069 2313 οἷς
1108 2245 1432 2314 παρέδωκε.
1475 2244 1766 2308 Τουτέστι,
1799 2243 1941 2315 Πέρ-

361 2359 503 2404 σαις.
532 2339 690 2393 Οὓτω
728 2336 836 2408 γὰρ
874 2335 1228 2409 μεθηρμόσθη
1252 2335 1542 2399 καὶτοῦτο,
1569 2336 1689 2390 ἀντὶ
1713 2336 1818 2389 τῶν
1852 2336 1944 2388 ΑΞ-

361 2434 564 2487 θιόπων
590 2431 706 2499 (56)
737 2428 944 2500 ληφθέν
964 2446 978 2459 ·
1024 2430 1260 2493 ἐκείνοις
1284 2428 1394 2501 γὰρ
1423 2429 1517 2482 τὸν
1547 2427 1807 2500 ὑϐριστὴν
1840 2444 1945 2479 πα-

367 2522 660 2597 ραδέδωκε.

438 2609 577 2664 Ibid.
627 2608 682 2664 9.
752 2610 874 2663 Οὐκ
924 2608 1023 2661 ἐπὶ
1082 2609 1241 2663 πολὺ
1289 2609 1402 2679 (57)
1453 2606 1943 2679 μετεωρισθέντα.

367 2702 505 2771 Ἐτη
555 2699 665 2769 γάρ
696 2698 789 2753 δύο
833 2698 1182 2755 ἐϐασίλευσεν
1233 2702 1262 2753 ὁ
1309 2700 1769 2771 τρισκατάρατος,
1826 2699 1948 2751 ἐπεὶ

369 2793 529 2846 πέντε
560 2790 655 2862 ἐτη
686 2793 887 2863 καῖσαρ
920 2791 1162 2859 ἐγένετο,
1195 2790 1640 2862 προϐαλλομένου
1668 2790 1828 2845 αὑτὸν
1854 2788 1945 2843 τοῦ

364 2884 522 2939 Θείου
546 2888 640 2942 καὶ
672 2886 956 2957 βασιλέως.

438 2980 575 3037 Ibid.
626 2979 715 3033 15.
756 2978 1110 3045 Διαιρόντων
1147 2976 1440 3046 κεφαλήν.
1474 2977 1949 3047 Παραπέφρασται

370 3068 649 3126 καὶτοῦτο
688 3070 797 3125 άπὸ
840 3068 935 3122 τοῦ
985 3070 1042 3122 ὲν
1094 3070 1361 3141 κατάραις
1411 3069 1589 3138 ὄφεως
1630 3068 1947 3140 εἰρημένου·

369 3160 562 3228 Αὐτός
611 3175 732 3216 σου
772 3161 1020 3230 τηρήσει
1076 3136 1386 3231 κεφαλὴν,
1440 3136 1522 3213 σὺ
1557 3159 1626 3213 δὲ
1674 3136 1953 3229 τηρήσεις
1979 3136 2022 3193 c

372 3253 556 3308 αὐτοῦ
611 3252 839 3323 πτέραν
892 3252 1062 3324 (Gen.
1119 3270 1214 3321 Ill,
1265 3254 1390 3325 15).
1449 3253 1640 3326 Λάθρα
1700 3253 1798 3324 μὲν
1848 3252 1957 3324 γὰρ

373 3342 558 3417 ὥσπερ
581 3343 840 3416 ἔρποντες
877 3346 975 3416 τὴν
1017 3344 1173 3416 ἡμῶν
1197 3346 1428 3417 ἐτήρουν
1464 3345 1726 3415 ’Έλληνες
1750 3344 1959 3416 πτέραν

376 3436 465 3497 καὶ
488 3434 557 3489 τὰ
587 3434 819 3506 ἔσχατα,
865 3436 939 3507 μὴ
968 3430 1071 3489 οἷοί
1115 3454 1174 3489 τε
1216 3440 1371 3500 ὅντες
1401 3436 1642 3506 κεφαλὴν
1674 3437 1921 3506 ἐπαίρειν
1945 3476 1960 3501 ,

375 3529 468 3581 καὶ
496 3526 972 3599 παρρησιάζεσθαι
1000 3528 1355 3597 κακουργεῖν·
1415 3527 1813 3599 ἐκελεύσθησαν
1857 3527 1965 3599 γὰρ

378 3616 667 3671 πατεῖσθαι
711 3618 799 3686 ὑφ’
845 3618 1030 3689 ἡμῶν,
1067 3619 1171 3673 κᾶν
1230 3618 1425 3689 μικρόν
1458 3636 1512 3672 τι
1560 3620 1655 3673 καὶ
1707 3620 1961 3692 φανερῶς

381 3709 570 3777 ἔδοξαν
595 3711 817 3781 κρατεῖν

452 3814 572 3872 Col.
619 3816 724 3872 545
774 3816 818 3869 Α
856 3816 909 3872 9.
959 3815 1313 3877 Συστενάζει
1357 3816 1457 3871 καὶ
1501 3816 1842 3871 συνωδίνει.
1891 3817 1965 3873 Τδ

381 3906 741 3967 smmum
768 3907 1094 3979 τρανότερον
1121 3907 1398 3978 ἐξηγεῖται
1419 3907 1524 3961 τίνι
1556 3908 1830 3961 συνωδίνει
1870 3909 1965 3962 καὶ

380 3994 697 4062 συστέναξει
731 3998 874 4067 (58)’
923 3998 1006 4050 ὃτι
1049 4001 1163 4061 τοῖς
1201 3996 1509 4069 ἀνθρώποις
1556 3998 1651 4051 καὶ
1689 4000 1755 4068 τῇ
1787 3997 1964 4069 φθορᾷ

385 4091 489 4145 τῶν
532 4092 868 4161 γιγνομὲνων
921 4092 1017 4144 καὶ
1064 4091 1543 4161 ἀπογιγνομένωνο
1601 4090 1776 4144 στένει
1835 4087 1962 4157 οὖν,

383 4184 547 4255 φησὶ,
598 4182 694 4236 καὶ
741 4182 995 4237 ὀδυνᾶται
1036 4182 1126 4236 διὰ
1171 4183 1262 4235 τὸν
1310 4184 1376 4235 ἐκ
1422 4185 1703 4254 παρακοῆς
1737 4182 1965 4237 θάνατον

385 4275 480 4329 καὶ
502 4274 599 4346 τὴν
630 4273 857 4344 φθοράν.
896 4274 1044 4346 Πλὴν
1068 4274 1471 4345 άποκαραδοκεῖ
1493 4273 1593 4345 τὴν
1619 4275 1729 4328 τῶν
1758 4274 1966 4329 τέκνων

384 4367 478 4422 τοῦ
527 4364 663 4419 Θεοῦ
717 4365 1090 4435 ἀποκάλυψιν,
1142 4365 1320 4420 εἴτουν
1371 4366 1669 4420 ἀνάστασιν
1722 4367 1816 4420 καὶ
1868 4368 1967 4438 τὴν

454 4545 477 4577 ⁸
505 4544 651 4602 Psal.
695 4561 880 4611 xxxvi,
914 4545 1006 4612 55,
1040 4545 1130 4603 56.
1201 4545 1222 4577 ⁸
1252 4544 1388 4600 Gen.
1429 4545 1483 4609 5,
1516 4544 1600 4600 l5.
1671 4546 1692 4577 ⁸
1720 4543 1878 4600 Rom.
1906 4543 2037 4613 VIII,

460 4700 848 4840 :3I)Coislin.,
884 4700 981 4764 ὡς.

484 4770 574 4840 52)
603 4773 657 4826 In
683 4789 786 4827 tus.
823 4772 927 4831 575
952 4789 980 4827 v

484 4770 574 4842 52)
603 4773 657 4826 In
683 4789 786 4827 ms.
823 4772 927 4831 575
952 4786 1054 4827 vox
1089 4772 1318 4841 σημείου
1347 4771 1735 4842 compendiose
1776 4770 1975 4826 scribi-

390 4841 550 4923 turi}.

465 4939 963 5011 (55)Εάἰιί,αύτοῦ,
998 4942 1140 5011 quod
1190 4943 1255 4995 ad
1292 4938 1813 5011 praecedentetnaoii
1849 4939 1977 5011 ἀσε-

393 5010 522 5076 ϐοῦς
545 5018 785 5081 spectat;
818 5011 995 5064 αὐτῶν
1015 5009 1202 5065 tamen
1234 5009 1370 5065 forte
1405 5021 1649 5080 praestat.
1672 5009 1795 5081 Mox
1825 5009 1976 5081 editi,

392 5082 548 5152 τάχει
578 5080 671 5152 καὶ
704 5081 975 5152 ἀσφαλείᾳ
1017 5082 1196 5145 ποδός.
1254 5081 1489 5137 Basilius
1530 5082 1746 5136 videtur
1779 5080 1978 5151 legisse

390 5151 548 5222 ea:st
574 5151 731 5215 ποδὸς
764 5151 1014 5221 ἀσφαλεῖ.

467 5219 580 5293 ἰ54)
613 5219 865 5290 Coislin.,
913 5221 1222 5295 παρῆλθενς
1273 5221 1429 5277 editt.
1485 5220 1781 5297 παρῆλθον,
1829 5219 1977 5292 quod

434 5303 638 5351 rtestat.

395 5308 969 5435 Prgsgillécribendum
992 5371 1122 5435 puto
1144 5357 1180 5435 ἧ
1203 5361 1361 5435 δῆλον
1390 5362 1539 5435 ὅταν.
1585 5360 1704 5435 Non
1738 5378 1980 5435 consen-

397 5432 542 5491 tiunt
570 5435 892 5502 interpretes
915 5434 970 5487 in
998 5432 1303 5504 scribendis
1326 5432 1574 5504 formulis
1607 5451 1638 5503 η
1668 5432 1867 5504 δηλαδη
1896 5434 1978 5486 ὃτι

401 5540 417 5555 .
435 5544 449 5558 .
468 5523 565 5581 ..-η
612 5504 872 5581 δηλονότι.
897 5503 1142 5581 Quidam
1180 5503 1217 5581 ᾗ
1238 5502 1465 5581 Δδηλαδςξ]
1514 5502 1633 5581 ὅτι,
1658 5504 1690 5575 ἥ
1722 5502 1977 5581 δηλονότι

400 5569 797 5649 δοτὶδὶιηιξιιὶίἰ
826 5569 861 5644 ἦ
892 5574 1026 5643 δῆλα
1047 5573 1133 5649 δὴ,
1178 5569 1390 5649 ἧδῆλον
1425 5569 1527 5627 ὅτι.
1577 5569 1716 5628 Sunt
1751 5569 1853 5649 qui
1894 5575 1978 5628 in-

401 5644 925 5715 terrogandinotam
955 5655 1073 5714 post
1105 5644 1219 5699 hac
1246 5646 1408 5700 verba
1441 5654 1671 5715 ponant;
1716 5646 1804 5700 alii
1844 5662 1975 5701 non.

402 5713 870 5778 Clar.Heindorll‘,
900 5713 1043 5770 inter
1063 5731 1159 5771 eos
1187 5713 1632 5770 annmnerandus
1653 5716 1743 5786 qni
1768 5715 1835 5771 tle
1859 5715 1975 5769 Pla-

407 5796 530 5843 tone
546 5787 683 5843 bene
706 5794 1040 5854 meruerunt,
1070 5786 1193 5859 legit
1219 5786 1273 5842 in
1308 5786 1620 5861 Protagora,
1656 5788 1845 5843 initio:
1882 5786 1979 5841 116-

2049 1981 2211 2035 ritate
2257 1978 2413 2056 pedis
2445 1978 2651 2046 stabili,
2697 1977 2753 2032 id
2803 1984 2889 2034 est
2929 1976 3174 2047 ell'ugiat,
3212 1976 3446 2032 celerius
3482 1989 3627 2045 pra:-

2051 2073 2214 2128 terire
2240 2086 2552 2142 possemus.

2124 2255 2347 2324 Populis
2396 2251 2584 2323 quibus
2618 2252 2849 2306 traditus
2893 2260 2991 2314 est,
3040 2250 3251 2306 scilicet
3298 2248 3502 2304 Persis.
3551 2246 3629 2303 Ita

2051 2349 2198 2404 enim
2241 2347 2496 2402 convenit
2551 2351 2605 2400 et
2639 2344 2771 2399 illud
2821 2359 2920 2414 pro
2946 2342 3299 2413 IEtbiOpibus
3322 2350 3631 2412 acceptum.

2052 2442 2301 2512 Namque
2332 2439 2453 2494 istis
2486 2437 2789 2493 violentum
2822 2434 3070 2489 tradidit.

2125 2619 2259 2675 Cum
2283 2618 2425 2672 haud
2454 2617 2545 2671 diu
2578 2615 2977 2670 intumuissent.
3033 2610 3256 2666 Duobus
3296 2623 3422 2665 eum
3478 2606 3635 2663 annis

2056 2719 2138 2766 ter
2166 2709 2489 2764 maledictus
2514 2708 2619 2762 iste
2652 2705 2920 2775 regnavit,
2936 2703 3189 2773 cumjam
3216 2716 3245 2754 a
3272 2700 3512 2772 quinque
3541 2713 3636 2752 an-

2057 2801 2144 2855 nis
2159 2799 2344 2854 Caesar
2370 2796 2549 2852 factus
2581 2803 2750 2861 esset,
2784 2803 3135 2865 promovente
3167 2807 3289 2847 eum
3316 2789 3426 2846 Deo
3456 2802 3510 2845 et
3538 2791 3637 2844 im-

2057 2898 2327 2961 peratorc.

2130 2982 2299 3049 Caput
2340 2977 2664 3033 attollentes.
2726 2975 2827 3030 llic
2869 2974 3135 3030 alluditur
3191 2971 3260 3025 ad
3306 2985 3370 3025 ea
3421 2983 3543 3039 qua:
3586 2968 3639 3021 in

2061 3074 2333 3146 serpentis
2362 3070 2754 3127 maledictione
2789 3069 2935 3123 dicta
2980 3075 3146 3124 sunt:
3195 3065 3316 3134 Ipse
3346 3061 3640 3118 observabit

2059 3173 2217 3236 caput
2269 3172 2439 3231 tuum,
2499 3171 2551 3216 et
2605 3170 2661 3214 tu
2701 3160 3009 3215 calcaneum
3066 3156 3232 3225 ipsius
3276 3151 3574 3209 observabis
3623 3189 3640 3207 .

2059 3256 2287 3313 Occulte
2316 3254 2459 3308 enim
2500 3252 2643 3308 sicut
2676 3259 2960 3320 serpentes
2992 3258 3242 3303 nostrum
3272 3240 3640 3300 observabant

2060 3346 2290 3417 gentiles
2306 3345 2643 3406 calcaneum,
2677 3351 2840 3411 atque
2870 3348 3135 3401 extrema,
3173 3351 3296 3391 eum
3339 3350 3447 3390 non
3483 3339 3642 3404 capul

2064 3440 2313 3494 valerent
2346 3437 2619 3501 attollere,
2651 3442 2705 3490 ct
2738 3434 2878 3488 male
2916 3433 3096 3486 facere
3144 3430 3371 3485 liberius
3421 3428 3644 3482 audere.

2067 3532 2213 3588 Jussi
2247 3540 2375 3586 sunt
2417 3528 2561 3583 enim
2613 3542 2644 3580 a
2691 3525 2850 3580 nobis
2903 3521 3231 3594 proculcari,
3272 3521 3374 3576 etsi
3418 3533 3644 3589 parvum

2070 3622 2276 3694 aliquid
2312 3629 2366 3676 et
2397 3617 2687 3675 manifeste
2713 3612 2984 3671 dominari
3018 3610 3310 3667 videantur

2145 3808 2451 3881 Ingentiscit
2502 3815 2551 3861 et
2598 3803 2852 3873 parturit.
2906 3799 3153 3871 Apostoli
3205 3805 3387 3852 textus
3428 3793 3637 3849 manifc'

2071 3905 2211 3960 stius
2246 3903 2454 3957 indicat
2483 3900 2688 3971 quibus
2725 3894 3036 3967 ingemiscit
3070 3901 3124 3949 et
3154 3892 3421 3962 parturit;
3472 3889 3525 3943 id
3569 3895 3649 3943 est

2075 3995 2392 4051 hominibus
2431 4001 2485 4047 et
2516 3989 2857 4061 corruptioni
2903 3987 3245 4043 nasccntium
3278 3992 3330 4039 ct
3374 3984 3648 4037 intereun-

2068 4091 2229 4146 tium.
2262 4087 2445 4146 Gcmit
2490 4086 2676 4157 igitur,
2734 4084 2832 4149 ait,
2875 4083 3152 4151 doletque,
3187 4078 3258 4132 ob
3308 4084 3537 4131 mortem
3587 4089 3650 4129 ex

2070 4181 2417 4237 contumacia
2467 4187 2521 4233 et
2582 4175 3032 4244 corruptionem;
3090 4178 3329 4224 attamen
3371 4173 3651 4237 exspectat

2074 4276 2166 4330 Dei
2200 4274 2437 4327 ﬂliorum
2483 4271 2875 4325 rcvelationem
2897 4267 2941 4329 °_.
2975 4280 3070 4320 seu
3105 4260 3565 4317 resurrectionem
3600 4264 3649 4313 et

2075 4362 2547 4435 incorruptionem
2590 4364 2980 4429 speratamque
3032 4352 3338 4407 libertatem
3391 4345 3652 4418 adipisci-

2083 4544 2166 4599 l9.

2077 4699 2187 4762 θεν,
2220 4691 2273 4750 ’ὦ
2294 4696 2598 4766 Σώκρατες,
2632 4693 2829 4763 φαίνῃς
2854 4688 3040 4814 Ἄδῆλα
3068 4686 3131 4758 δὴ
3164 4688 3243 4740 ὅτι
3273 4683 3381 4767 ἀπὸ
3406 4684 3656 4755 Κυνηγεα

2078 4771 2194 4814 σίου
2222 4768 2314 4814 τοῦ
2348 4771 2476 4814 περὶ
2509 4765 2608 4814 τὴν
2648 4762 2856 4814 ’Λλκιϐι
2897 4762 2985 4813 δου
3021 4758 3199 4814 ὦωνξ
3234 4758 3324 4811 nln
3374 4757 3656 4814 legendum

2078 4757 2194 4837 σίου
2222 4768 2314 4822 τοῦ
2348 4757 2476 4837 περὶ
2509 4757 2608 4837 τήν
2644 4757 3199 4837 Ἇλκίϐιάδου-ὦραη
3234 4758 3324 4837 tibi
3374 4757 3659 4836 legendum

2078 4836 2277 4911 ἦδῆλα
2306 4827 2452 4911 δὴ,ἦ
2486 4827 2645 4907 δῆλον
2675 4836 2777 4911 ὅτι,
2831 4833 2950 4911 sine
2998 4827 3446 4911 interrogationis
3492 4827 3657 4911 isignu

2080 4898 2139 4966 tit
2189 4898 2246 4963 Iit
2292 4898 2452 4965 inler'
2479 4898 2976 4967 sei'tnocinandum,
3008 4917 3131 4955 cum
3186 4900 3394 4955 scilicet
3430 4898 3657 4951 interlo-

2081 4990 2239 5036 cutor
2267 4996 2381 5036 suae
2417 4979 2589 5051 ipsius
2610 4973 3031 5051 interrogationi
3074 4970 3390 5051 allirtnative
3432 4982 3656 5051 respon-

2081 5052 2209 5116 det;
2238 5052 2319 5105 vel
2340 5039 2638 5120 adn'iissoi]
2669 5061 2794 5102 cum
2820 5039 2949 5099 nota
2991 5039 3384 5112 interrogandi,
3423 5039 3657 5093 reticen-

2080 5125 2153 5177 tia
2187 5118 2669 5192 subintelligenda.

2151 5207 2259 5277 (56)
2293 5205 2429 5274 Quia
2463 5203 2644 5277 reipsa
2671 5199 2738 5254 de
2771 5196 3123 5277 [Etliiopibus
3144 5197 3321 5277 agitur
3350 5195 3402 5277 in
3449 5193 3657 5277 psalmo

2076 5263 2255 5332 intti
2278 5263 2440 5345 (ἵετε.
2472 5263 2580 5345 14),
2605 5289 2671 5345 ex
2704 5286 2812 5338 quo
2835 5263 3131 5345 Paterbmc
3161 5263 3464 5320 mutuatur:
3496 5263 3659 5317 Ἔδω-

2078 5367 2181 5412 κας
2216 5335 2377 5401 αὐτὸν
2407 5335 2602 5416 βρῶμα
2640 5335 2789 5403 λαοῖς
2810 5342 2922 5403 τοῖς
2951 5335 3184 5404 Αἰθίοψι.

2152 5430 2262 5497 (57)
2294 5412 2453 5481 Deest
2489 5412 2898 5497 bocscliolium
2932 5420 2983 5473 in
3022 5416 3158 5480 575;
3211 5415 3374 5469 habet
3425 5412 3654 5468 Coislin.

2081 5494 2500 5568 adimarginem,
2533 5495 2635 5568 sed,
2668 5494 2838 5568 prima
2874 5506 3058 5568 manu.

2154 5552 2264 5639 (58)
2300 5552 2497 5638 igitur
2522 5566 2592 5639 de
2627 5552 2747 5618 luco
2775 5562 2925 5639 I’auli
2968 5560 3033 5612 ad
3058 5557 3211 5639 lion].
3244 5572 3362 5639 vui,
3386 5554 3457 5607 2?.
3479 5574 3490 5605 :
3511 5552 3658 5639 ρζδα-

2087 5626 2185 5712 μεν
2213 5626 2321 5709 γάρ
2342 5626 2424 5691 ότι
2456 5637 2605 5689 πᾶσα
2640 5638 2672 5705 ἡ
2703 5626 3218 5712 κτίσις-συστενάζει
3250 5628 3342 5680 καὶ
3383 5626 3658 5678 συνωδίνει

2084 5703 2333 5783 expleas
2356 5708 2471 5763 νῦν.
2515 5703 2791 5783 Ut_autem
2826 5703 3017 5757 seholii
3061 5714 3256 5755 sensus
3290 5705 3489 5769 pateat,
3529 5708 3657 5747 con-

2088 5775 2343 5839 iciendus
2375 5784 2550 5834 textus
2586 5775 2867 5829 Paulinus.
