4018 6296
278 263 414 316 ίσβῒὶ

1203 263 1490 321 SCllOLI.\
1525 263 1590 320 ΙΝ
1631 261 1836 322 ()RAT.
1877 266 1896 318 ι
1937 258 2216 320 CONTRA
2251 265 2617 324 ιιιιΑΝυΜ.

3405 293 3422 325 -.
3432 265 3538 327 θοι

265 379 476 431 autem
520 375 597 442 τῷ
637 377 889 447 Καίσαρι
920 369 1020 433 καὶ
1051 383 1084 432 ό
1105 380 1247 446 ,βίος
1299 380 1610 450 λαμϐάνει.
1657 381 1839 437 rem

1962 383 2108 452 cipit.
2151 381 2366 436 Gallum
2397 382 2544 437 enim
2587 381 2797 437 creavit
2839 382 3136 452 imperator
3176 384 3538 446 Constantius

265 470 379 540 γὰρ
420 468 695 533 ἀνέδειξεν
726 471 754 522 ὁ
779 469 1048 540 σβασιλεὺς
1095 472 1473 535 Κωνστάντιος
1523 474 1853 544 Ἀντιοχείας

263 559 530 630 καίσαρα,
567 560 632 613 τὸ
656 562 857 614 οἰκεῖον
892 561 1141 634 περιθεὶς
1178 561 1327 633 αὐτῷ
1356 561 1513 634 [(Ῑοιι.
1560 564 1662 618 575
1699 565 1851 637 αὑτό]

259 652 360 705 τοῦ
397 654 528 734 πρὶν
559 650 869 725 ἀξιώματος
903 654 1094 725 ὄνομα.
1148 656 1303 710 Ἐπεὶ
1328 657 1384 708 δε
1427 657 1716 727 τυραννίδα
1759 675 1854 727 με-

261 743 503 812 λετήσας
545 743 640 795 καὶ
677 742 753 813 μὴ
790 741 970 796 λαθὼν
999 745 1260 818 ἀνῃρέθη,
1296 745 1421 816 ὅρον
1458 747 1700 817 εἴληφεν,
1735 748 1852 818 ἢτοι

257 833 420 897 τέλος
446 836 542 887 καὶ
581 833 1010 906 περιορισμὸν,ἦ
1031 853 1090 889 τε
1131 837 1244 908 ζωὴ
1292 838 1457 892 αὐτοῦ
1492 839 1584 892 καὶ
1614 840 1647 911 ή
1699 840 1852 909 βασι-

258 924 408 978 λεία.
439 919 550 978 Ἦν
580 927 689 999 γὰρ
721 925 946 987 ἀνελὼν,
981 926 1052 997 μὴ
1091 927 1339 997 μηνύσας
1365 927 1443 998 τῷ
1475 928 1687 998 βασιλεῖ
1712 928 1856 984 Κων-

261 1015 526 1084 σταντίῳ,
558 1015 900 1082 Μαγνέντιον
917 1015 1029 1086 (59)
1053 1016 1294 1086 ὕπαρχον
1331 1016 1504 1087 Ἐῲας
1525 1020 1619 1071 καὶ
1635 1021 1853 1088 Μάγνον

260 1108 638 1181 κουαίστωρα·
659 1106 740 1175 ἐφ’
765 1105 794 1157 ὃ
823 1104 982 1176 [forte
1013 1107 1100 1174 ἐφ’
1137 1101 1204 1177 ᾧ]
1236 1107 1480 1178 κινηθεὶς
1508 1109 1536 1160 ὁ
1564 1111 1854 1164 Κωνστάν-

260 1211 418 1260 τιος,
467 1196 958 1268 μεταστειλάμενος
1017 1197 1202 1262 αὐτὸν,
1249 1200 1378 1270 περὶ
1427 1201 1590 1271 νῆσον
1636 1202 1854 1256 Φλανω-

259 1287 390 1339 νίαν
431 1288 546 1358 (60)
587 1289 945 1362 ἀναιρεθῆναι
995 1291 1304 1346 ἐκέλευσεν.
1358 1295 1575 1366 Σιωπᾷν
1613 1297 1670 1350 δὲ
1721 1297 1854 1369 φησὶ

255 1381 332 1432 τὰ
377 1380 438 1432 ἐν
469 1382 640 1452 μέσῳ,
677 1381 995 1453 αἰδούμενος
1032 1384 1213 1439 αὐτῶν
1240 1385 1300 1438 τὸ
1345 1385 1588 1451 εὐσεϐὲς,
1617 1388 1693 1452 ὠς
1733 1407 1855 1460 χρι-

260 1477 537 1530 στιανῶν·
581 1477 828 1549 Θρασέως
858 1479 966 1551 γὰρ
1003 1481 1031 1534 ὁ
1067 1481 1164 1550 μὲν
1203 1481 1477 1552 ἐπανέστη
1507 1484 1535 1535 ὁ
1577 1481 1795 1544 Γάλλος.
1827 1482 1856 1534 ό

255 1569 318 1622 δὲ
363 1571 749 1635 Κωνστάντιος
789 1572 1018 1627 ἀνεῖλεν.
1061 1574 1214 1627 Ἐπεὶ
1241 1570 1335 1628 οὖν
1373 1576 1854 1646 κατηγορήσαντος

258 1659 361 1712 τοῦ
398 1661 611 1730 ἐτέρου,
657 1661 750 1716 τὸν
792 1663 981 1738 ἕτερον
1023 1665 1240 1733 ἀφεῖναι
1285 1665 1388 1736 τῆς
1429 1665 1610 1729 αἰτίας
1639 1666 1851 1736 ἀνάγκη

261 1746 354 1823 ἦν,
383 1751 446 1804 τὸ
469 1751 670 1823 θράσος
691 1754 912 1824 ἀμφοῖν.
939 1755 1192 1824 ἐπαφεὶς,
1211 1756 1276 1810 τὰ
1295 1758 1355 1810 ὲν
1373 1757 1522 1828 μέσῳ
1543 1758 1701 1829 σιγᾷν
1719 1756 1846 1828 ἔφη.

337 1845 457 1899 (ΣοΙ.
503 1845 600 1897 561
657 1843 698 1897 C
742 1845 794 1899 4.
845 1848 953 1901 Καὶ
1002 1848 1078 1901 δι’
1109 1847 1308 1902 αὐτῶν
1348 1849 1434 1903 ὧν
1483 1849 1844 1920 ἐγκέκληκα.

275 1933 655 2002 Ἀπολογεῖται
689 1935 828 2007 ὑπὲρ
856 1937 1264 2003 Κωνσταντιόυ,
1293 1940 1398 2006 ὅτι,
1426 1941 1521 1995 καλ⁹
1554 1941 1621 1994 δι’
1653 1934 1728 1995 ὧν
1753 1943 1848 2011 ἐγ·-

265 2025 536 2097 κέκληκα,
555 2027 702 2096 (cod.
731 2043 783 2096 p.
809 2027 935 2096 265)
963 2029 1080 2100 ἦτοι
1104 2029 1544 2100 ὲνεγκλημάτισα
1571 2030 1693 2103 [leg.
1727 2033 1847 2085 ἐνε-

262 2116 486 2191 κλημ.],
533 2119 918 2191 κατηγόρηκα,
968 2120 1400 2194 ἀπολελόγημαι,
1438 2124 1606 2194 φησὶ,
1648 2123 1849 2186 ἱκανῶς

261 2213 416 2284 ὑπὲρ
447 2213 634 2266 αὐτοῦδ
649 2215 993 2286 χρηστότητα
1027 2215 1184 2288 [ϐοά.
1212 2216 1602 2289 χρηστότητος]
1634 2218 1742 2288 γὰρ
1769 2219 1848 2270 εί-

261 2305 405 2373 πὼν,
437 2307 681 2379 ἐδήλωσα
717 2309 816 2381 τὴν
853 2311 952 2380 τῆς
983 2311 1318 2379 κατηγορίας
1347 2309 1542 2379 ἄφεσιν
1565 2325 1580 2339 ⁸
1621 2310 1707 2363 διὰ
1739 2311 1847 2382 γὰρ

257 2398 577 2469 ἀγαθότητα
610 2399 770 2454 ἔλαθε
815 2400 907 2453 τὸν
937 2400 1078 2471 θῆρα
1120 2403 1236 2465 τοῖς
1271 2401 1364 2455 τοῦ
1399 2400 1637 2473 Χριστοῦ
1678 2402 1846 2472 θρέμ-

259 2511 432 2564 μασιν
465 2495 786 2566 ἐπιστήσας.

334 2585 454 2639 (Σοὶ.
482 2585 588 2640 564
621 2585 662 2638 Β
693 2585 746 2639 4.
797 2585 906 2651 "Oc
950 2602 1016 2656 γε
1053 2585 1151 2639 καὶ
1197 2585 1256 2638 ετ
1293 2602 1346 2639 τι
1385 2587 1838 2654 παρελύπησεν.

269 2677 497 2732 Ἐλύπει
529 2678 636 2750 γὰρ
666 2679 793 2742 τοὺς
847 2676 1180 2750 ὀρθοδόξους,
1219 2677 1532 2752 προστεθεὶς
1576 2677 1843 2746 ἁπλότητι

252 2771 374 2833 τοῖς
425 2771 748 2842 Ἀρειανοῖς,
783 2768 956 2822 ἕλκων
991 2769 1087 2822 καὶ
1117 2767 1436 2838 βιαζόμενος
1470 2767 1606 2838 πρὸς
1627 2766 1840 2830 ἕνωσιν,

254 2863 403 2917 ὥστε
441 2864 515 2935 μὴ
548 2863 823 2916 διεστάναι
851 2863 971 2924 ταῖς
993 2860 1194 2924 δόξαις,
1227 2859 1342 2912 ἀλλ’
1383 2857 1440 2911 ἓν
1481 2859 1693 2945 πέιντας
1722 2873 1845 2927 χρι-

257 2957 512 3019 στιανοὺς
541 2950 701 3008 εἶναι.
732 2954 877 3026 Πλὴν
899 2953 1010 3016 δύο,
1041 2951 1196 3022 φησὶ,
1229 2952 1593 3022 χρηστότητες
1626 2951 1684 3004 οὐ
1715 2967 1842 3003 συν-

252 3048 425 3120 ἦλθον
461 3048 596 3118 (61),
626 3048 696 3118 ἦν
725 3064 782 3100 τε
813 3046 948 3117 πρὸς
973 3044 1070 3115 τὴν
1109 3043 1391 3096 εὐσέϐειαν
1419 3043 1514 3097 καὶ
1561 3044 1688 3106 τοὺς
1720 3061 1841 3116 χρι-

1957 474 2264 530 Antiochiae
2291 473 2586 536 Cmsarem,
2637 474 2684 527 ei
2713 473 2978 528 attributo
3011 475 3208 530 veteris
3255 475 3537 546 dignitatis

1956 566 2201 622 nomine.
2232 566 2369 620 Cum
2401 563 2920 636 vero'tyrannidem
2963 566 3187 622 molitus
3233 567 3538 638 deprehen-

1956 673 2160 727 snsque
2208 656 2532 712 interfectus
2579 665 2749 721 esset,
2803 657 3099 713 terminum
3153 663 3389 732 accepit,
3439 671 3536 718 aut

1955 741 2116 807 tinem
2147 758 2312 822 atque
2342 752 2711 821 peractionem
2753 759 2807 804 et
2836 750 2946 804 vita
2977 751 3098 820 ejus
3135 759 3189 808 et
3221 753 3531 824 imperium.

1955 843 2310 898 Interfecerat
2350 843 2520 906 enim,
2574 843 2753 897 inscio
2799 842 3127 898 Constantio
3179 845 3531 916 imperatore,

1955 934 2323 1008 Magnentium
2381 933 2622 991 Orientis
2655 937 2888 1006 legatum
2922 946 2974 990 ct
3007 937 3256 1008 Magnum
3298 949 3536 1011 quaesto-

1954 1043 2070 1083 rem
2107 1045 2120 1082 :
2154 1042 2263 1098 quo
2284 1033 2577 1097 permotus
2601 1027 2957 1082 Constantius
3001 1032 3235 1084 accitum
3290 1047 3415 1086 eum
3463 1033 3532 1089 ad

1953 1115 2313 1171 Phlanoniam
2356 1116 2590 1172 insulam
2627 1115 2859 1170 interﬁci
2891 1117 3058 1185 jussit
3101 1137 3114 1174 :
3153 1134 3212 1174 se
3245 1129 3424 1176 autem
3457 1125 3534 1176 ait

1957 1208 2179 1262 silentio
2235 1223 2483 1278 premere
2535 1223 2657 1275 qua:
2711 1207 2918 1262 interea
2958 1209 3298 1271 acciderunt.
3343 1226 3533 1267 eorum

1955 1300 2209 1369 pietatem
2239 1314 2529 1361 venerans,
2551 1307 2605 1352 ut
2630 1298 3094 1354 Christianorum.
3129 1299 3358 1356 Temere
3387 1305 3531 1358 enim

1955 1391 2332 1446 iusurrexcrat
2384 1388 2606 1455 Gallus,
2658 1389 3012 1448 Constantius
3067 1408 3195 1448 vero
3237 1395 3529 1451 interfecit.

1959 1481 2093 1536 Dum
2131 1483 2298 1553 igitur
2329 1483 2562 1537 alterum
2592 1494 2836 1549 accusat,
2861 1485 3092 1541 alterum
3139 1487 3371 1542 crimine
3399 1489 3533 1544 libe-

1953 1582 2038 1630 ret
2092 1590 2318 1630 neccsse
2369 1565 2454 1631 est
2503 1594 2516 1629 :
2567 1576 2799 1645 ideoque
2853 1579 3161 1633 temeritate
3207 1583 3259 1633 in
3301 1588 3533 1650 utroque

1955 1667 2311 1736 reprehensa,
2347 1682 2468 1736 qua:
2501 1667 2554 1720 in
2584 1667 2762 1722 medio
2802 1672 2906 1723 sita
2944 1678 3096 1734 sunt,
3139 1669 3362 1724 silentio
3393 1686 3533 1741 prte-

1883 1746 1926 1803 Β
1956 1759 2120 1813 terire
2148 1773 2206 1813 se
2225 1759 2380 1814 dicit.

2035 1847 2133 1902 Per
2152 1865 2214 1903 ea
2248 1866 2452 1920 quoque
2469 1863 2586 1920 qua'
2627 1846 2812 1918 objeci.
2851 1846 3234 1902 Constantium
3271 1847 3532 1914 defendit,

1956 1941 2121 2010 quod,
2147 1949 2196 1996 et
2225 1957 2321 2012 per
2350 1957 2413 1994 ea
2461 1956 2583 2011 quae
2608 1941 2809 2011 objeci,
2863 1943 2980 1996 sive
3022 1941 3348 1996 criminatus
3385 1958 3531 2007 sum,

1955 2034 2306 2104 reprehendi,
2338 2049 2560 2089 causam
2600 2035 2742 2103 ejus,
2793 2045 2888 2098 ait,
2925 2033 3058 2088 satis
3109 2032 3352 2090 defendi.
3394 2032 3532 2088 Nam

1954 2126 2345 2196 benignitatem
2378 2126 2498 2194 ejus
2535 2126 2856 2192 ostendens,
2895 2126 3267 2180 accusationis
3315 2125 3529 2179 veniam

1955 2218 2212 2274 iudicavi.
2243 2217 2474 2289 Propter
2503 2218 2898 2288 benignitatem
2938 2220 3083 2274 enim
3111 2219 3281 2274 feram
3321 2213 3529 2272 Christi

1953 2312 2150 2368 ovibus
2181 2313 2418 2368 insciens
2454 2311 2718 2382 praefecit.

2029 2576 2134 2644 Qui
2176 2575 2386 2648 quidem
2435 2585 2484 2631 et
2535 2574 2584 2631 si
2631 2573 2757 2647 quid
2802 2575 2950 2630 nobis
2991 2571 3245 2630 molestia:
3273 2571 3528 2632 exhibui;

1953 2667 2289 2725 Orthodoxis
2335 2670 2643 2726 molestiam
2674 2669 2940 2735 exhibuit,
2983 2669 3203 2724 Arianis
3234 2684 3356 2724 cum
3396 2669 3526 2724 sim-

1954 2761 2196 2833 plicitate
2239 2761 2552 2831 indulgens,
2627 2761 2694 2815 ad
2742 2763 3007 2816 unitatem
3050 2761 3300 2816 excitans
3361 2769 3526 2830 atque

1953 2855 2311 2926 compellens,
2372 2865 2433 2909 ut
2480 2869 2590 2909 non
2633 2855 2746 2924 jam
2792 2854 3146 2925 opinionibus
3189 2853 3527 2920 differentes,

1952 2965 2122 3004 unum
2146 2963 2338 3006 omnes
2367 2947 2664 3004 Christiani
2715 2955 2924 3004 essent.
2983 2947 3235 3001 Attamen
3279 2947 3359 3000 hae
3384 2945 3527 3011 dum,

1952 3042 2149 3114 inquit,
2181 3043 2545 3114 benignitates
2577 3057 2686 3096 non
2735 3041 3144 3096 concordarunt
3177 3057 3190 3093 :
3224 3041 3397 3095 altera
3416 3039 3525 3094 sci-

256 3143 512 3205 στιανοὺς
568 3134 736 3210 εἶχεν,
784 3139 878 3192 καὶ
907 3135 972 3205 ἦν
1017 3135 1154 3208 πρὸς
1199 3136 1260 3189 τὸ
1290 3135 1656 3190 ἀσεϐέστατον
1704 3153 1839 3207 χρη-

1950 3108 2080 3194 licet
2127 3108 2258 3210 erga
2311 3108 2568 3208 pietatem
2632 3144 2684 3193 et
2722 3137 3064 3192 Christianos
3102 3156 3114 3192 :
3150 3136 3318 3192 altera
3364 3145 3526 3206 quam

261 3234 630 3306 γευσάμενος
647 3232 946 3296 ἐνεδείξατο
965 3228 1062 3283 τοῦ
1093 3229 1376 3299 μέλλοντος
1403 3231 1460 3282 ὲν
1488 3230 1698 3300 ἀγνοίᾳ.

331 3415 469 3470 Ibid.
499 3415 540 3469 C
568 3415 620 3468 7.
665 3412 1044 3480 Δυσκίνητον
1069 3410 1248 3478 λόγῳ.
1309 3407 1572 3478 ’ἰσχυρὸν,
1604 3407 1838 3461 δυσανά-

255 3521 476 3568 σκευον,
516 3505 612 3558 καὶ
643 3503 718 3574 μὴ
745 3501 1044 3573 δυνάμενον
1077 3501 1219 3570 λόγῳ
1257 3498 1516 3570 ἀληθείας
1547 3497 1838 3570 κινηθῆναι

253 3599 351 3653 καὶ
382 3598 785 3670 ἀνατραπῆναι.

328 3691 466 3746 Ibid.
506 3691 559 3743 9.
601 3686 934 3758 Ἣμιλλήθη
955 3686 1035 3752 τῷ
1055 3685 1466 3750 ἀναδείξαντα
1507 3684 1598 3756 Τῷ
1625 3683 1833 3738 ἀναδεί-

253 3780 408 3848 ξαντι
441 3780 664 3852 βασιλέα
698 3777 1079 3850 Κωνσταντίῳ.
1106 3779 1232 3843 Πῶς
1252 3777 1558 3850 ήμιλλήθη;
1593 3777 1839 3830 καινότε-

254 3894 350 3948 ρον
391 3877 613 3948 τρόπον,
661 3877 734 3947 μὴ
773 3876 883 3950 γὰρ
916 3876 1083 3946 ἀρετῇ
1123 3873 1358 3939 σθένων,
1410 3873 1507 3926 κα)⁹
1553 3871 1833 3943 εὐσεϐείᾳ,

251 3968 480 4041 ἀσεϐείᾳ
507 3987 563 4022 τε
597 3970 689 4023 καὶ
724 3967 892 4035 κακίᾳ
922 3966 1324 4037 ἐφιλονείκησεν
1353 3965 1596 4034 ὲκνικᾷν.

325 4146 446 4201 Col.
485 4146 587 4201 565
614 4146 656 4200 Β
694 4147 744 4201 5.
789 4146 884 4211 Τίς
934 4145 1002 4198 δὲ
1028 4146 1139 4198 οὐκ
1171 4144 1240 4197 ἐκ
1272 4141 1380 4212 τῆς
1402 4143 1689 4208 πίστεωςς
1713 4143 1830 4208 Τίς,

251 4241 441 4312 φησὶν,
481 4241 578 4293 οὐκ
603 4239 666 4293 ἂν
694 4240 922 4310 ἤλπισεν
955 4237 1242 4292 Ἰουλιανὺν
1270 4239 1334 4290 ὲκ
1368 4237 1468 4308 τῆς
1503 4237 1738 4301 πίστεως
1761 4233 1830 4308 ἧς

247 4330 671 4398 ἑπιστεύθτκίϐὶ)
705 4329 854 4398 παρὰ
887 4329 1288 4392 Κωνσταντίου,
1319 4325 1647 4397 γεγενῆσθαι
1669 4325 1830 4380 αὐτὸν

319 4494 436 4572 (59)
467 4500 682 4554 Socratt
715 4501 1158 4572 etri’hilostorgio
1186 4496 1695 4564 Domittanus.Qntn
1718 4495 1827 4552 Ba-

248 4571 701 4628 silius'erraverit
737 4571 824 4625 vix
865 4571 1152 4626 dubitandi
1195 4572 1370 4625 locus.

320 4642 434 4713 (60)
464 4640 936 4713 Aputl__Socratem
965 4641 1184 4695 Φλάνων
1211 4641 1384 4713 audit,
1416 4638 1544 4710 περὶ
1571 4638 1828 4713 Φλάνωνα

245 4709 348 4782 τὴν
381 4709 562 4782 νῆσον.
609 4709 712 4766 Ubi
760 4713 962 4782 caedes
993 4713 1065 4766 sit
1117 4712 1357 4782 admissa
1393 4709 1501 4782 non
1547 4711 1827 4782 consentit

248 4779 394 4837 inter
420 4779 733 4837 historicos.
759 4780 895 4836 Vide
921 4781 1195 4837 Valesium
1215 4782 1281 4837 ad
1310 4781 1654 4836 Ammianum
1688 4779 1828 4834 Mar-

247 4854 530 4923 cellinum,
562 4868 673 4915 xlv,
711 4867 762 4906 c.
797 4854 881 4916 lt,
915 4870 968 4923 p.
997 4853 1086 4907 5'7.

318 4923 432 4996 (6i)
458 4920 1303 4996 Coislin.etediti,cuvatcﬁmov.
1327 4923 1518 4996 Melius
1541 4920 1821 4996 συνῆλθον.

244 4991 593 5047 Admittentla
609 4995 771 5047 etiam
791 4994 1004 5049 videtur
1024 5010 1090 5048 ex
1121 4991 1251 5050 mss.
1281 4993 1546 5062 particula
1574 4991 1825 5060 negativa

243 5065 307 5116 οὐ
339 5079 468 5134 qua:
494 5065 548 5134 in
593 5064 758 5134 editis
808 5063 1174 5126 desideratur,
1221 5066 1316 5118 καὶ
1347 5064 1441 5119 δύο
1457 5063 1825 5132 χρηστότητες

242 5135 305 5187 οὐ
324 5133 590 5206 σιδνῆλθον
602 5133 877 5206 ἀλλήλαις.
901 5153 920 5184 ι
944 5135 1020 5189 Ac
1037 5135 1155 5189 duae
1175 5135 1536 5206 benignitates
1561 5147 1669 5186 non
1685 5149 1821 5206 con-

243 5202 545 5260 cordarunt
573 5222 590 5257 ελ
619 5202 790 5259 altera
829 5207 1038 5260 scilicet
1067 5222 1193 5275 erga
1237 5202 1384 5274 pium
1419 5215 1613 5275 genus,
1647 5202 1818 5275 altera

241 5290 431 5344 quam.
477 5275 640 5329 futuri
676 5277 920 5346 nescius.
958 5291 1084 5346 erga
1116 5271 1362 5330 omnium
1404 5271 1686 5330 Hominum
1719 5273 1822 5328 im-

243 5347 554 5416 piissimum
590 5345 859 5416 exhihuit.
903 5367 921 5398 ι
1027 5345 1034 5346 “
1346 5415 1353 5416 γ
1568 5385 1572 5388 ,

315 5418 431 5488 (62)
464 5415 713 5488 Editores
733 5413 998 5488 _Gregorii
1030 5417 1097 5488 ἥν
1137 5415 1430 5488 ἐπιστεύθη
1473 5420 1819 5488 retinuerunt

241 5481 367 5542 cuin
402 5481 690 5558 lectionem
729 5481 797 5558 ἧς
830 5481 894 5541 ei
933 5481 1179 5558 pluribus
1213 5503 1346 5558 mss.
1383 5481 1668 5547 haberent.
1707 5487 1816 5553 Ἦς

241 5557 617 5625 recipiendum
649 5557 780 5627 puto
821 5572 882 5611 ea
923 5559 1135 5612 ratione
1173 5557 1317 5626 quod
1353 5575 1418 5611 ex
1469 5560 1686 5614 duabus
1737 5561 1817 5616 le~

239 5628 518 5699 ctionibus
561 5642 623 5682 ea
657 5628 903 5698 eligenda
938 5637 1022 5684 est
1055 5644 1176 5699 quae
1203 5629 1382 5681 minus
1415 5631 1542 5683 trita
1575 5631 1812 5687 videtur.

1949 3229 2122 3285 futuri
2172 3231 2394 3287 nescius
2447 3245 2579 3302 erga
2631 3229 3016 3300 impiissimum
3080 3228 3311 3299 benigne
3361 3243 3529 3297 agens

1948 3320 2215 3376 exhibuit.

2023 3411 2089 3466 Ut
2129 3428 2367 3467 sermone
2401 3411 2489 3466 vix
2522 3411 2744 3465 convelli
2787 3421 2983 3479 posset.
3027 3403 3302 3476 Validum,
3355 3404 3525 3466 infra-

1946 3515 2117 3568 ctum.
2153 3522 2250 3561 nec
2277 3505 2422 3577 quod
2454 3505 2702 3562 veritatis
2727 3520 2982 3560 sermone
3015 3505 3220 3560 moveri
3257 3511 3311 3560 et
3340 3503 3514 3559 everti

1981 3607 2148 3651 OSSBI.

1981 3613 2148 3651 osset.

1943 3613 1978 3668 Ρ
2013 3685 2146 3741 Cum
2177 3703 2236 3741 eo
2272 3687 2363 3757 qui
2393 3684 2700 3756 designatus
2732 3659 2906 3753 fuerat
2937 3685 3177 3740 certavit.
3214 3684 3318 3752 Qui
3350 3683 3523 3757 impe-

1940 3785 2175 3833 ratorem
2197 3794 2320 3833 eum
2368 3777 2750 3850 designaverat
2788 3776 3161 3833 Constantius.
3200 3777 3320 3846 Quo
3362 3777 3526 3834 modo

1938 3869 2205 3927 certavit?
2235 3886 2378 3926 novo
2417 3865 2579 3925 modo
2606 3888 2620 3925 :
2652 3885 2760 3925 non
2798 3869 2946 3925 enim
2993 3871 3214 3928 virtutis
3243 3885 3307 3927 ac
3339 3872 3524 3942 pieta-

1939 3964 2011 4020 tis
2062 3964 2243 4028 laude,
2293 3963 2387 4018 sed
2445 3962 2722 4032 impietate
2763 3969 2818 4018 et
2861 3960 3208 4032 improbitate
3256 3977 3522 4033 superare

1943 4069 2072 4118 eum,
2096 4053 2396 4109 contendit.

2017 4147 2148 4214 Quis
2179 4164 2282 4201 non
2313 4162 2379 4200 ex
2417 4146 2562 4215 ﬁde?
2597 4144 2754 4211 Quis,
2788 4149 2885 4209 ait,
2921 4159 3026 4199 non
3057 4145 3387 4214 speravisset
3420 4140 3521 4199 Ju-

1942 4238 2145 4292 liannm
2175 4254 2241 4292 ex
2286 4237 2388 4292 fide
2427 4252 2548 4308 qua:
2581 4252 2612 4292 a
2648 4237 2977 4292 Constantio
3019 4236 3202 4290 habita
3245 4245 3351 4301 est,
3401 4237 3521 4292 fieri

1936 4331 2248 4402 justiorem,
2289 4331 2432 4400 quod
2467 4329 2686 4401 quidem
2718 4337 2916 4384 nraeter
2942 4345 3183 4390 arcuum,
3219 4339 3275 4385 et
3315 4331 3521 4401 impro-

1941 4497 2088 4558 tabat
2115 4509 2341 4557 verbum
2383 4509 2502 4555 loco
2546 4515 2712 4555 casus
2750 4503 2908 4568 q‘u'etn
2941 4483 3256 4568 po‘stul‘abat
3289 4501 3512 4555 nomen.

1932 4572 2090 4640 Quod
2111 4589 2175 4628 ex
2198 4582 2322 4626 nota
2347 4569 2602 4626 Brunckii
2636 4570 2702 4624 ad
2733 4569 3152 4640 AristOphanem
3172 4570 3515 4640 (Thesmoph.

1931 4639 2057 4713 835)
2092 4644 2326 4712 patebit,
2364 4651 2425 4697 ut
2451 4643 2486 4696 ii
2534 4650 2763 4697 noscent
2790 4639 2991 4713 quibus
3019 4654 3139 4713 eam
3159 4641 3354 4713 legere
3397 4639 3515 4710 pla-

1931 4709 2127 4770 cuerit.
2163 4715 2221 4767 In
2260 4728 2370 4767 uno
2403 4728 2432 4768 e
2471 4709 2838 4766 marmoribus
2873 4709 3278 4782 Oxoniensibus
3318 4712 3518 4782 legitur

1930 4785 2210 4840 decretum
2261 4784 2406 4853 quod
2461 4783 2514 4836 in
2571 4785 2849 4853 honorem_
2879 4780 3514 4853 cujusdamlllinodemi

1931 4854 2064 4910 Delii
2097 4845 2333 4908 tulerant
2366 4873 2378 4907 :
2409 4855 2516 4908 ΕΠΙ
2553 4855 2669 4907 ΊῊι
2695 4845 2962 4906 ΑΙΡΕΣΕῙ
2982 4848 3051 4901 Ηι
3068 4845 3252 4902 ΕΧΩΝ
3287 4854 3517 4908 ΔΙΑΊῈ⁴

1927 4926 2039 4978 ΛΕΙ
2086 4925 2250 4979 ΠΕΡΙ
2292 4925 2379 4978 ΤΟ
2430 4925 2636 4978 ΙΕΡΟΝ
2683 4925 2803 4976 ΚΑΙ
2837 4923 2975 4977 ΤΟΝ
3011 4922 3272 4976 ΔΗΜΟΝ.
3319 4925 3513 4980 Ηείιιθα

1927 4997 2065 5060 sius,
2097 4998 2189 5068 qui
2219 4996 2334 5068 haec
2363 4997 2677 5068 exscripsit,
2713 4994 2809 5046 HN
2841 4995 3026 5047 ΕΧΩΝ
3059 4993 3222 5068 l_e_git._
3261 4993 3333 5049 Ut
3371 4996 3515 5049 inter

1928 5063 2217 5136 utramque
2273 5063 2563 5121 lectioneui
2617 5073 2974 5128 statueretur,
3011 5063 3320 5136 videndum
3344 5075 3512 5136 esset

1925 5134 2202 5204 marmor;
2246 5137 2464 5205 interim
2509 5151 2704 5205 magna
2739 5151 2862 5188 cum
2903 5134 3300 5205 probabilitate
3323 5135 3515 5189 dicere

1924 5203 2222 5282 possumus
2255 5203 2516 5282 ﬁveram
2554 5203 2684 5282 esse
2702 5206 3028 5282 _legtioue1n_
3045 5219 3168 5282 quae
3192 5205 3244 5258 in
3277 5204 3343 5275 ἥν
3371 5205 3516 5282 male

1924 5274 2132 5332 mutata
2181 5274 2364 5332 fuerit.
2417 5275 2624 5330 Horatii
2668 5275 2716 5344 (Ι
2749 5274 2864 5332 Sat.
2903 5293 2977 5342 v1,
3009 5277 3074 5330 15
3105 5276 3123 5346 )
3156 5274 3368 5330 veteres
3399 5275 3511 5329 edi-

1924 5349 2106 5403 tiones
2142 5357 2200 5403 et
2232 5364 2366 5404 mss.
2408 5347 2613 5401 habent
2659 5364 2673 5400 :

2419 5459 2433 5473 .
2480 5457 2493 5470 ο
2541 5458 2555 5472 .
2594 5457 2606 5471 .
2647 5426 2868 5471 notante

2195 5486 2407 5549 Iudice,
2438 5505 2541 5559 quo
2576 5489 2735 5548 nosti,
2761 5487 2971 5556 populo.
3015 5524 3030 5540 .
3073 5526 3086 5539 .

1989 5558 2125 5613 Cum
2159 5569 2336 5613 autem
2370 5556 2597 5613 criticus
2625 5560 2810 5611 nescio
2835 5559 2960 5625 quis
2991 5556 3303 5625 scripsisset
3329 5575 3508 5625 quem,

1920 5631 2174 5685 mendum
2218 5631 2271 5682 in
2308 5630 2562 5684 omnibus
2593 5629 2932 5682 editionihus
2966 5630 3252 5694 repetitum
3287 5630 3384 5682 l'uit
3415 5646 3548 5698 us-_

241 5698 301 5751 in
349 5699 486 5753 locis
525 5698 1402 5769 quaeiattractionem'admittunt
1453 5716 1814 5757 amanuenses
1918 5715 2025 5769 que
2084 5702 2149 5752 ad
2211 5701 2433 5754 Bentleii
2479 5699 2890 5759 recensionetn,
2934 5699 3026 5769 qui
3081 5699 3376 5769 ablativum
3427 5709 3515 5752 at-

239 5779 385 5840 σερε
432 5768 748 5858 prouolvtu‘iui
785 5782 974 5825 casum
1031 5772 1382 5844 assignarunt
1423 5787 1585 5845 quem
1622 5781 1812 5845 postu-

1920 5767 2209 5850 tractivum
2259 5787 2359 5846 quo
2406 5771 2648 5843 reposuit
2694 5778 2748 5824 et
2798 5768 3062 5841 exemplis
3108 5767 3511 5824 demonstravit
