4018 6296
257 255 411 317 τιον

1195 260 1585 319 εοιιοιιΑιΝ
1628 260 1885 319 ΟΒᾹΤ.1
1922 255 2197 314 CONTRA
2238 256 2608 340 .IllLIANUM.

3392 256 3531 312 ιιιο

248 374 358 441 δίς
377 375 609 430 δεικνύει
631 414 647 441 ,
677 378 758 432 ότι
785 379 850 449 τῇ
885 376 1173 449 μεταθέσει
1205 381 1306 449 τῆς
1345 381 1591 453 κλήσεως
1619 381 1727 435 τῶν
1757 379 1859 433 Γα-

1984 375 2198 430 uvenile
2217 384 2272 429 et
2310 375 2427 431 leve
2446 376 2621 447 ipsius
2654 376 2921 440 ostendit,
2976 378 3236 446 quoniam
3290 378 3532 430 nominis

251 465 492 521 λιλαίων
549 467 703 540 ᾠήθη
773 470 869 523 καὶ
926 469 1025 541 τὴν
1073 470 1312 525 διάθεσιν
1370 469 1852 541 συνακολουθῆσαι⁵

253 555 410 628 πλὴν
449 558 543 611 καὶ
581 557 728 629 ἔργῳ
770 558 1067 630 δεδήλωται
1094 561 1177 614 δτι
1214 562 1470 633 μέγιστον
1513 563 1593 627 είς
1629 559 1785 627 δόξαν
1821 562 1854 631 ἡ

252 650 362 704 τοῦ
406 651 736 725 Χριστιανοῦ
782 651 929 724 [ηις.
967 654 1069 709 573
1109 654 1566 728 Χριστιανισμοῦ]
1641 653 1854 725 κλῆσις,

253 742 362 795 καὶ
395 741 486 796 διὰ
514 740 670 795 τοῦτο
700 743 1023 817 ἀποστερεῖν
1048 747 1195 816 ἡμᾶς
1228 747 1418 800 τούτου
1442 748 1777 819 ἐμηχανᾶτο,
1816 745 1850 815 ἦ

252 832 544 899 δεδοικὼς,
574 834 831 907 καθάπερ
863 838 911 888 οί
945 835 1222 907 δαίμονες,
1256 839 1355 910 τὴν
1388 838 1783 911 προσηγορίαν.

341 1005 476 1060 Ibid.
507 1005 548 1061 C
580 1005 635 1061 2.
690 1006 889 1077 Ἡμεῖς
914 1007 968 1061 δ’
996 1009 1068 1062 οὐ
1110 1011 1613 1079 ,τειιρακινήσόμειΑ
1648 1007 1857 1074 αὐτοῖς

256 1098 347 1152 τὰ
382 1099 664 1167 ὀνόματα.
696 1100 809 1153 οὐκ
841 1098 1037 1170 ἔχομεν
1063 1101 1192 1171 γὰρ,
1229 1101 1413 1172 φησιν,
1448 1103 1527 1164 εἰς
1548 1103 1576 1155 ὃ
1606 1119 1659 1154 τι
1695 1118 1860 1155 κατα-

255 1190 658 1261 γελαστότερον
683 1190 1122 1262 μετατεθεικέναι
1154 1192 1223 1245 τὰ
1254 1192 1498 1263 ἡμέτερα
1526 1192 1632 1245 τῶν
1662 1192 1862 1263 ὀνομά-

257 1300 405 1345 των,
438 1281 546 1335 τῶν
573 1282 786 1353 σεμνῶν
818 1283 1034 1352 φαλλῶν
1074 1283 1227 1355 ὑμῶν
1272 1285 1369 1338 καὶ
1404 1283 1512 1337 τῶν
1563 1285 1688 1355 ἑξῆς
1757 1288 1859 1338 ὲπ-

256 1370 580 1442 αγομένων.

351 1465 490 1521 Ibid.
523 1464 576 1519 8.
613 1464 717 1521 Δεῖ
747 1466 851 1536 γὰρ
878 1466 917 1535 ἣ
957 1466 1216 1536 ἀτυχεῖν,
1244 1467 1356 1536 (95)
1386 1469 1522 1537 παρ’
1564 1469 1821 1536 ἐκείνοις
1846 1508 1860 1522 .

261 1558 402 1622 ἰιῶς
449 1559 698 1629 ἀτυχείνς
755 1560 835 1623 εἰς
872 1558 1073 1624 πολλὰς
1128 1560 1539 1615 ἀκολασταίνειν
1596 1564 1863 1630 γυναῖκας

260 1651 393 1714 Ξνα,
427 1650 672 1705 τουτέστι
696 1651 788 1704 τὸν
817 1652 1106 1722 κράτιστον
1151 1652 1441 1724 Ἡρακλέα.

1963 465 2322 523 Galilaeorum
2346 469 2698 523 mutationem
2717 467 3025 524 animorum
3039 480 3255 538 quoque
3277 463 3537 519 mutatio-

1958 572 2081 613 nem
2106 556 2421 613 secuturam
2474 574 2600 614 esse
2632 558 2935 614 arbitratus
2984 565 3089 614 est.
3142 556 3537 612 Verumtamen

1959 648 2147 718 reipsa
2183 649 2535 719 perspicuum
2574 648 2677 704 fuit
2715 649 3015 707 Christiani
3066 664 3266 705 nomen
3309 646 3539 703 maximi

1958 740 2025 795 ad
2055 741 2285 810 gloriam
2324 741 2582 810 ponderis
2615 756 2760 808 esse,
2795 757 2858 798 ac
2890 742 3122 812 proinde
3157 740 3262 796 hoc
3289 741 3337 797 is
3373 741 3537 795 moli-

1956 841 2046 887 tus
2080 839 2186 895 est,
2220 841 2277 887 ut
2305 832 2359 887 id
2389 831 2550 887 nobis
2577 833 2839 903 eriperet,
2866 835 2952 891 vel
2982 835 3206 899 timens,
3244 843 3305 890 ut
3333 834 3537 889 daemo—

1959 940 2078 990 nes,
2130 923 2271 978 hanc
2304 924 2751 994 appellationem.

2035 1010 2148 1067 Nos
2204 1022 2379 1068 autem
2445 1014 2661 1067 nomina
2767 1015 2893 1082 ipsis
2960 1013 3368 1085 haudquaquam
3458 1013 3542 1065 in-

1960 1114 2235 1159 vertemus.
2275 1102 2460 1175 Neque
2508 1105 2657 1159 enim
2690 1106 2862 1159 ullum
2906 1106 3061 1161 aliud
3114 1105 3288 1175 magis
3338 1104 3540 1159 ridica-

1960 1199 2073 1252 lum
2136 1207 2255 1261 est,
2332 1200 2385 1251 in
2449 1198 2595 1269 quod
2654 1206 2844 1254 nostra
2912 1198 3133 1252 nomina
3162 1197 3536 1256 immutemus.

1960 1290 2242 1358 praeclaris
2274 1290 2472 1343 vestris
2500 1287 2721 1359 phallis,
2738 1297 2791 1342 et
2819 1288 2941 1342 aliis
2970 1301 3094 1358 qua:
3118 1286 3385 1343 continuo
3410 1302 3545 1341 enu-

1963 1387 2272 1436 merentur.

2036 1470 2191 1541 Apud
2223 1469 2344 1524 illo:
2374 1470 2579 1539 injuria
2612 1471 2812 1539 afﬁcere
2860 1477 3080 1536 oportet.
3133 1466 3419 1532 Quomodo
3460 1467 3548 1520 in-

1961 1564 2111 1635 juria
2159 1561 2413 1619 allicere?
2474 1560 2681 1632 Nempe
2725 1562 2930 1616 multas
2983 1558 3284 1630 ignominia
3334 1556 3551 1613 allicere

1962 1652 2218 1711 mulieres
2237 1667 2426 1715 unum,
2460 1652 2670 1706 scilicet
2702 1650 3066 1707 fortissimum
3104 1648 3415 1708 Herculem.

348 1740 487 1796 Ibid.
518 1740 570 1797 9.
605 1744 681 1797 Ἦ
702 1742 770 1796 ἐκ
797 1740 1044 1796 πολλῶν
1068 1741 1392 1812 γεννᾶσθαι
1414 1742 1868 1817 [εάά.γίγεσθαι]

2054 1739 2148 1796 νει
2183 1757 2248 1797 ea:
2273 1741 2453 1795 multis
2483 1741 2757 1811 procreari
2787 1756 2975 1796 unum.
3018 1739 3368 1808 Quemnam?
3401 1739 3551 1797 Pana

262 1832 405 1884 ἕνα.
434 1832 599 1898 Τίνα;
644 1831 734 1885 τὸν
778 1832 931 1885 Πᾶνα
979 1832 1150 1901 λέγει,
1186 1832 1244 1887 ὃν
1283 1850 1437 1903 φασι,
1474 1833 1702 1898 πολλοὺς
1738 1852 1871 1905 μνη-

269 1919 487 1991 στῆρας
521 1921 587 1990 τῇ
613 1918 900 1991 Πηνελόπῃ
927 1919 1301 1987 συνελθόντας,
1330 1919 1425 1974 ἕνα
1462 1918 1651 1975 τοῦτον
1676 1935 1870 1992 γεννη⁹

264 2012 438 2081 θῆναι
466 2010 556 2063 τὸν
582 2010 883 2080 αἴσχιστον,
915 2010 1255 2082 κερασφόρον
1289 2011 1385 2064 καὶ
1413 2010 1778 2082 τραγοσκελῆ.

347 2096 468 2153 Col.
522 2095 626 2153 604
658 2099 703 2149 Α
745 2097 799 2151 5.
843 2099 1179 2152 Βουθοίναν
1204 2096 1303 2152 καὶ
1355 2096 1730 2166 Τριέσπερον.
1765 2096 1869 2151 Τὸν

266 2188 441 2244 αὐτὸν
470 2187 615 2254 λέγει
659 2185 955 2260 Ἡρακλέα.
995 2180 1166 2253 Οὗτος
1196 2190 1306 2261 γὰρ
1328 2188 1705 2262 διερχόμενος.
1747 2188 1868 2254 ζευ-

269 2282 439 2352 γίτην
477 2280 818 2352 ἀροτριῶντα
855 2279 1055 2355 εὑρὼν,
1085 2281 1180 2335 καὶ
1214 2281 1306 2334 τὸν
1331 2283 1516 2355 ἕτερον
1548 2281 1739 2335 τούτου
1776 2280 1869 2334 θύ-

274 2390 382 2436 σας
411 2372 520 2426 τῶν
551 2370 712 2442 βοῶν,
751 2372 933 2444 θοίνην
972 2370 1164 2426 ἑαυτοῦ
1195 2371 1290 2425 καὶ
1322 2371 1517 2445 βρῶμα
1547 2374 1861 2444 πεποίηται·

270 2466 339 2532 ἐξ
374 2458 437 2518 οῦ
468 2465 561 2519 καὶ
597 2464 933 2535 ὠνόμασται.
989 2464 1046 2517 '0
1092 2464 1255 2528 αὐτὸς
1290 2458 1445 2528 οὗτος
1486 2463 1643 2535 (ibid.
1688 2464 1744 2533 7)
1775 2465 1867 2517 καὶ

268 2558 380 2622 τὰς
406 2555 632 2613 Θεστίου
661 2556 704 2610 ν’
727 2555 1030 2627 θυγατέρας
1056 2558 1114 2609 ὲν
1151 2556 1250 2627 μιᾷ
1281 2555 1556 2627 διέφθειρε
1573 2556 1748 2610 νυκτίο
1772 2556 1868 2609 καὶ

269 2651 370 2705 διὰ
414 2649 583 2722 τριῶν
616 2648 826 2702 νυκτῶν
855 2648 1047 2719 ἐτέχθη
1079 2650 1145 2720 τῇ
1201 2648 1505 2721 Ἀλκμήνῃ,
1541 2648 1870 2719 καινοτομή-

278 2758 475 2806 σαντος
512 2740 607 2796 τοῦ
653 2740 889 2810 μεγάλου
921 2739 1076 2807 Διὸς,
1107 2738 1183 2803 ὥς
1229 2756 1413 2808 φασιν,
1460 2738 1527 2793 δι’
1575 2738 1869 2801 ἀκολασίας

276 2835 482 2905 ἔρωτα,
521 2832 614 2885 καὶ⁸
640 2830 741 2895 τὰς
764 2830 998 2902 ἡμέρας,
1021 2830 1113 2883 καὶ
1132 2829 1489 2893 κελεύσαντος
1512 2827 1704 2901 [ϐοίει.
1730 2827 1870 2898 ἡμέ-

282 2943 387 2999 ρας
420 2923 561 2998 κελ.]
597 2924 735 2999 ἡλίῳ
773 2925 863 2979 ἐπὶ
887 2925 1037 2996 τρισὶ
1088 2924 1162 2996 μὴ
1194 2924 1471 2979 ἀνατεῖλαι
1508 2922 1764 2995 ⁴ἡμέραις,
1794 2922 1870 2986 ώς

283 3017 364 3089 μὴ
390 3016 668 3089 ἀρκούσης
694 3016 886 3080 νυκτὸς
913 3017 1043 3086 μιᾶς
1064 3015 1337 3085 ἐκπλῆσαι
1376 3014 1467 3068 τὸν
1497 3012 1641 3067 οῦτω
1664 3011 1868 3084 θερμὸν

280 3112 429 3180 (cod.
456 3125 510 3179 p.
541 3108 667 3171 268,
699 3108 767 3177 2)
809 3107 904 3161 καὶ
934 3106 1131 3180 ἀτειρῆ
1155 3106 1355 3178 ἔρωτα.

355 3200 490 3257 Ibid.
517 3199 607 3254 M.
657 3198 1028 3256 Είδωλιανὸν
1064 3198 1161 3253 καί
1187 3198 1461 3254 Πισαῖον.
1498 3197 1595 3251 Διά
1620 3197 1720 3269 τὴν
1751 3211 1878 3266 μετ-

278 3292 533 3361 ωνυμίαν
576 3290 685 3344 τῶν
763 3290 1101 3354 Γαλιλαίων,
1160 3288 1629 3353 ἀντισκώπτοντες
1681 3286 1871 3360 [CoisL

284 3387 409 3441 ἀντὶ
434 3383 529 3439 τοῦ
559 3382 925 3455 σκώπτοντες]
955 3383 1280 3437 Είδωλιανδν
1323 3382 1484 3436 αὐτὸν
1522 3380 1617 3434 καὶ
1652 3380 1878 3433 Πισαῖον

289 3476 485 3551 [CoisL
522 3473 807 3548 Πισσαῖον]
834 3475 1084 3539 ἐκάλουν,
1125 3474 1174 3528 oi
1213 3473 1289 3546 μὴ
1333 3473 1773 3545 συναπαχθέντες
1811 3476 1877 3546 τῇ

286 3570 647 3640 δεισιδαίμονι
690 3568 870 3641 πλάνῃ
898 3567 1087 3631 αὐτοῦ,
1118 3568 1180 3621 τὸ
1211 3568 1309 3639 μὲν
1339 3568 1448 3621 ἀπὸ
1481 3565 1590 3620 τῶν
1623 3566 1876 3632 εἰδώλων,

285 3664 351 3718 τὸ
371 3662 561 3730 δὲιάπὺ
586 3661 685 3731 τῆς
711 3660 884 3731 Πίσης
906 3658 1095 3731 [CoiaL
1121 3657 1399 3731 Πισσης.]·
1424 3657 1566 3713 οῦτω
1594 3658 1703 3731 γὰρ
1729 3657 1785 3712 έν
1804 3676 1882 3712 τι·

289 3770 377 3811 σιν
410 3753 763 3827 εῦρηταιτῶν
788 3754 1159 3825 ἀντιγράφωνο
1188 3753 1221 3823 ἢ
1248 3753 1356 3807 ἀπὸ
1384 3754 1482 3824 τῆς
1505 3752 1743 3817 πειθοῦς·
1776 3752 1881 3815 δτι,

291 3850 448 3919 φασὶ,
477 3849 573 3901 καὶ
598 3845 779 3909 τοῦτο,
810 3847 858 3898 εί
890 3845 983 3899 καὶ
1019 3844 1350 3917 βραχύτερον
1392 3844 1491 3916 τῆς
1538 3844 1688 3915 βίας,
1731 3845 1883 3915 ὅμως

292 3942 428 4007 παρ’
456 3937 605 4009 αύτῷ
634 3933 724 4010 ἦν.
754 3936 1076 3991 summm
1102 3932 1196 3991 οὖν
1218 3937 1382 3991 αὑτὸν
1415 3937 1757 4008 ὠνομάκασι,
1789 3936 1881 3990 καὶ

306 4032 593 4086 Ἀδωναῖον
614 4030 772 4103 (ibid.
804 4028 887 4100 15)
913 4028 1021 4083 ἀπὸ
1044 4029 1343 4094 Ἀδώνιδος,
1367 4030 1460 4083 καὶ
1477 4028 1759 4083 Καυσίταυ
1769 4046 1880 4101 ρον,

292 4126 377 4179 δτι
412 4122 676 4186 πολλάκις
702 4122 937 4195 ταύρους
975 4120 1291 4175 ὡλοκαύτει·
1339 4119 1475 4175 ἀλλά
1516 4120 1619 4173 κάν
1651 4121 1764 4182 τοῖς
1798 4137 1883 4172 νο-

298 4216 535 4287 μίσμασι
558 4213 761 4287 ταῦρον
786 4214 1045 4269 ἐνετύπου
1069 4231 1081 4245 ·
1105 4214 1185 4267 διὸ
1206 4214 1298 4267 καὶ
1324 4212 1615 4283 Ἀντιοχεῖς
1631 4210 1885 4267 ἀποσκώ-

296 4324 524 4373 πτοντις
575 4306 716 4362 κατὰ
760 4307 1050 4379 πρόσωπον
1088 4305 1301 4375 ελεγονσ
1358 4302 1426 4358 Τὸ
1472 4301 1734 4373 νόμισμά
1766 4319 1882 4357 σου

295 4401 520 4471 ταῦρον
540 4399 664 4472 ἔχει
692 4399 794 4454 καὶ
822 4398 931 4454 τὸν
953 4400 1187 4463 κόσμον
1210 4396 1546 4467 ἀνατρέπει·
1582 4393 1879 4467 τροπικῶς,

295 4495 407 4549 ἀπὸ
443 4493 539 4548 τοῦ
581 4493 687 4547 ύπδ
728 4491 838 4546 τῶν
882 4491 1100 4564 ταύρων
1130 4492 1226 4546 καὶ
1266 4489 1376 4544 τῶν
1412 4489 1549 4561 βοῶν
1584 4488 1880 4561 ἑλκομένου

297 4588 392 4642 καὶ
422 4587 524 4657 τὴν
558 4585 663 4657 γῆν
690 4584 1089 4656 ἀνατρέποντος
1133 4584 1385 4655 ἀρότρου.

316 4680 325 4686 ’
368 4676 487 4731 Col.
529 4674 634 4730 605
678 4674 723 4729 A
771 4674 861 4730 10.
909 4672 988 4743 Τῇ
1028 4672 1249 4742 λεοντῇ
1282 4671 1399 4742 τὴν
1430 4669 1735 4739 ηρδαλῆν
1786 4671 1884 4741 ἐγ-

297 4770 598 4838 κρύπτων.
637 4766 1026 4840 Παροιμιακῶς
1064 4768 1276 4838 εἴρηται
1306 4764 1417 4820 ἀπὸ
1449 4764 1548 4837 τῆς
1583 4764 1746 4836 δορᾶς
1786 4764 1881 4817 τοῦ

300 4856 510 4925 λέοντος
538 4861 632 4915 καὶ
669 4859 767 4929 τῆς
796 4876 856 4914 κε
868 4857 1043 4929 ρδοῦς,
1072 4860 1247 4914 show
1280 4856 1582 4921 ἀλώπεκος.
1613 4854 1883 4929 Είληπται

297 4953 407 5009 ἀπὸ
436 4952 546 5007 τῶν
590 4950 767 5017 ζώων.
804 4952 974 5015 Λέων,
1014 4950 1361 5023 ἰσχυρότατον
1396 4951 1490 5005 καὶ
1520 4946 1882 5019 βασιλικώτα-

299 5064 391 5101 τον
432 5046 538 5100 τῶν
572 5043 748 5111 ζώων,
775 5044 1002 5115 δυνάμει
1032 5042 1268 5117 θαρροῦν
1301 5043 1540 5119 ἀτρύτῳ,
1573 5042 1724 5097 δόλου
1754 5059 1887 5097 παν-

298 5140 392 5205 τὸς
446 5138 749 5210 ἐλεύθερονο
777 5136 953 5209 κερδὼ
980 5136 1058 5201 δὲ,
1105 5134 1264 5210 ῥώμῃ
1302 5136 1399 5206 μὲν
1440 5134 1664 5199 ἀσθενὲς
1695 5133 1881 5207 [εοάά.

301 5227 752 5301 ἀσθενὴς],“δόλῳ
787 5216 851 5281 δε
873 5225 1109 5299 κρατοῦν
1138 5228 1232 5280 καὶ
1265 5224 1647 5298 ἰσχυροτέρων.
1688 5225 1886 5280 Βούλε-

302 5338 391 5381 ται
424 5322 482 5374 δὲ
508 5320 689 5389 λέγειν
714 5323 741 5375 ό
770 5320 946 5395 λόγος,
969 5319 1051 5373 ὃτι
1070 5318 1146 5392 τῷ
1173 5318 1480 5392 τυραννικῷ
1504 5319 1594 5373 καὶ
1622 5318 1889 5392 βασιλικῷ

302 5413 425 5486 seu
455 5411 727 5483 ἔκρυπτεν
759 5413 788 5464 ὁ
832 5398 1167 5484 Ἀποστάτης
1194 5412 1256 5465 τὸ
1285 5410 1591 5481 πανοῦργον
1621 5411 1716 5466 καὶ
1743 5411 1883 5466 δολε-

308 5508 420 5578 ρὸν,
475 5504 591 5559 ἀλλ’
633 5503 753 5574 οὐχ.
806 5503 882 5568 ὼς
923 5504 1195 5575 βασιλεὺς,
1235 5504 1302 5558 τὰ
1354 5502 1563 5575 βασιλᾶ
1609 5503 1887 5575 πρέποντα

305 5594 630 5666 ἐλευθερίως
664 5592 759 5647 καὶ
785 5592 1147 5666 ἀπανούργως
1182 5594 1369 5649 ἐτέλει.

1972 1835 2127 1901 dicit,
2160 1850 2325 1906 quem
2360 1836 2538 1903 aiunt,
2595 1835 2783 1889 multis
2832 1834 3176 1889 amatoribus
3209 1848 3333 1887 cum
3380 1831 3552 1888 Pene-

1972 1928 2096 1998 lope
2144 1927 2485 1997 congressis,
2531 1942 2700 1982 unum
2752 1935 3102 1995 procreatum
3152 1926 3326 1982 fuisse
3376 1925 3555 1981 defore

1973 2020 2303 2083 missimum,
2337 2020 2687 2090 cornigerum
2724 2027 2889 2089 atque
2920 2018 3149 2072 hircinis
3183 2017 3437 2087 pedibus.

2039 2104 2355 2168 Butha’nam
2381 2121 2430 2166 et
2462 2109 2837 2179 Trivesperum.
2867 2109 3128 2165 Eumdem
3156 2112 3229 2163 ita
3260 2108 3550 2164 Herculem

1979 2213 2156 2260 vocat.
2205 2201 2307 2258 Hic
2355 2204 2503 2259 enim
2558 2205 2661 2259 iter
2714 2201 2948 2269 iaciens,
2984 2218 3109 2258 cum
3159 2203 3351 2274 jugum
3387 2202 3553 2257 boum

1970 2306 2176 2354 terram
2209 2306 2395 2351 aratro
2423 2298 2650 2353 sulcans
2679 2297 2903 2351 obvium
2936 2296 3243 2360 habuisset,
3278 2311 3448 2350 unum
3478 2312 3546 2350 ex

1971 2390 2148 2444 bobus
2182 2396 2471 2459 acceptum
2507 2387 2797 2460 jugulavit,
2827 2401 3060 2457 eumque
3091 2387 3194 2443 sibi
3235 2388 3453 2457 epulum
3500 2382 3556 2442 et

1970 2495 2154 2536 escam
2193 2478 2340 2536 fecit.
2379 2478 2537 2536 Unde
2562 2487 2616 2536 et
2643 2479 2725 2536 sic
2759 2480 2939 2535 dictus
2961 2489 3065 2535 est.
3092 2476 3194 2534 Hic
3222 2479 3369 2534 idem
3396 2480 3556 2549 quin-

1970 2573 2237 2644 quaginta
2267 2570 2476 2629 Thestii
2509 2571 2650 2628 lilias
2693 2586 2799 2626 una
2830 2580 2991 2626 nocte
3029 2571 3324 2642 stupravit.
3357 2569 3418 2624 Et
3454 2586 3550 2642 per

1970 2673 2083 2720 tres
2114 2676 2305 2719 noctes
2333 2664 2590 2718 Alcmene
2635 2678 2758 2718 eum
2792 2663 3071 2734 concepit,
3120 2680 3184 2719 ex
3218 2665 3432 2733 integro
3462 2679 3550 2719 re-

1971 2764 2256 2813 staurante
2291 2770 2487 2827 magno
2516 2752 2672 2818 Jove,
2722 2761 2783 2809 ut
2805 2754 2983 2817 aiunt,
3008 2755 3078 2810 ob
3105 2754 3352 2809 libidinis
3395 2762 3553 2824 petu-

1971 2849 2222 2914 lantiam,
2256 2862 2493 2910 amores,
2543 2855 2596 2902 et
2642 2845 2781 2909 dies.
2826 2846 3040 2915 solique
3088 2846 3397 2914 imperante
3453 2860 3551 2915 per

1972 2954 2083 2998 tres
2110 2942 2403 2997 continuos
2427 2941 2546 2996 dies
2578 2955 2686 2995 non
2719 2938 2877 3003 oriri,
2920 2938 3077 3009 quasi
3106 2953 3215 2993 non
3245 2936 3553 2993 suiliciente

1897 3052 1940 3149 c‘
1974 3046 2135 3092 nocte
2167 3049 2274 3090 una
2306 3034 2375 3089 ad
2407 3033 2736 3104 explendum
2767 3032 2906 3089 adeo
2935 3029 3174 3086 calidum
3203 3040 3369 3101 atque
3397 3024 3555 3085 inde-

1983 3129 2189 3183 fessum
2216 3140 2483 3181 amorem.

1992 3224 1995 3231 “
2052 3218 2361 3275 Idolianum
2395 3227 2445 3272 et
2477 3216 2731 3272 Pisaeam.
2781 3214 3014 3287 Propter
3071 3211 3424 3267 Galilaeorum
3463 3226 3564 3266 no-

1982 3313 2151 3369 minis
2188 3310 2647 3375 immutationem,
2686 3307 2877 3363 eodem
2901 3306 3029 3361 ludo
3057 3304 3409 3367 ulciscentes,
3441 3299 3563 3355 Ido-

1982 3406 2192 3461 Iianum
2223 3420 2346 3459 eum
2374 3412 2429 3459 et
2460 3402 2691 3457 Pisaeum
2718 3399 3013 3462 vocabant,
3043 3396 3138 3467 qui
3162 3410 3271 3450 non
3301 3395 3566 3463 supersti-

1982 3500 2140 3555 tiosis
2175 3497 2295 3567 ejus
2337 3496 2620 3552 erroribus
2661 3495 2927 3550 abstracti
2971 3500 3151 3551 erant,
3196 3488 3566 3558 alterum‘quio

1983 3590 2105 3644 dem
2142 3589 2210 3644 ab
2248 3586 2432 3651 idolis,
2490 3588 2723 3642 alterum
2763 3601 2793 3640 a
2829 3584 3005 3656 Πίσης
3061 3581 3260 3654 (Pisa).
3302 3578 3382 3634 Ita
3416 3581 3564 3634 enim

1983 3684 2040 3737 in
2071 3681 2351 3737 nonnullis
2385 3681 2665 3736 invenitur
2699 3677 3131 3748 manuscriptis;
3180 3675 3317 3731 vela
3344 3672 3569 3737 πειθοῦς

1985 3768 2410 3843 (persuasione);
2453 3770 2621 3842 quod,
2671 3771 2846 3835 aiunt,
2899 3767 3014 3823 haec
3050 3782 3291 3839 quoque,
3344 3764 3449 3821 etsi
3480 3780 3568 3818 ra-

1984 3866 2098 3919 rior
2153 3864 2436 3927 violentia,
2483 3870 2667 3919 tamen
2701 3859 2847 3933 apud
2898 3874 3025 3916 eum
3067 3871 3204 3915 erat.
3258 3857 3569 3913 ldolianum

1984 3955 2151 4027 igitur
2189 3972 2314 4011 eum
2361 3962 2840 4026 nuncupaverunt,
2876 3963 2929 4007 et
2963 3951 3281 4007 Adoniaeum
3313 3950 3385 4005 ab
3420 3949 3571 4003 Ado-

1985 4050 2134 4114 nide,
2192 4056 2247 4104 et
2288 4046 2733 4113 Tauricremum,
2789 4045 2937 4117 quod
2985 4047 3189 4114 saepius
3225 4043 3393 4099 boves
3447 4041 3573 4108 igne

1984 4147 2275 4196 cremarat.
2313 4139 2587 4195 Monetam
2619 4152 2841 4208 quoque
2890 4145 3053 4191 tauro
3089 4134 3368 4203 signabat.
3426 4129 3571 4197 Qua-

1984 4237 2207 4302 propter
2240 4228 2567 4285 Antiocheni
2618 4228 2827 4282 vultum
2876 4227 3000 4297 ejus
3043 4225 3360 4282 deridentes
3421 4223 3574 4279 dice-

1984 4323 2165 4379 bant:
2231 4320 2449 4376 Moneta
2504 4329 2596 4375 tua
2634 4330 2850 4374 taurum
2905 4318 3060 4374 habet
3103 4328 3152 4373 et
3185 4324 3442 4372 mundum
3491 4315 3573 4373 iu-

1915 4432 1958 4487 D
1988 4414 2138 4469 vertit
2170 4428 2191 4468 :
2258 4411 2632 4484 metaphorice
2685 4410 3031 4480 desumptum
3086 4425 3151 4465 ex
3207 4419 3388 4466 aratro
3428 4404 3574 4479 quod

1988 4520 2021 4561 ι
2051 4505 2227 4562 bobus
2251 4504 2555 4561 extrahitur
2581 4512 2891 4574 terramque
2925 4501 3165 4556 invertit.

2063 4681 2308 4738 Leonina:
2336 4680 2462 4751 pelli
2495 4680 2764 4751 vulpinam
2803 4688 3117 4747 pratexens.
3149 4672 3577 4730 Proverbialiter

1989 4774 2197 4830 dictum
2245 4790 2274 4828 a
2310 4774 2484 4829 leonis
2517 4773 2689 4837 corio,
2724 4773 3030 4843 vulpisque.
3067 4767 3179 4824 Hoc
3214 4767 3285 4823 ab
3326 4767 3576 4823 animali-

1991 4870 2095 4925 bus
2130 4867 2499 4939 desumptum.
2550 4866 2676 4931 Leo,
2707 4865 3105 4921 validissimum
3149 4862 3577 4934 regalissimum-

1992 4960 2099 5035 Que
2141 4962 2481 5026 animalium,
2513 4961 2724 5017 viribus
2766 4959 3048 5015 conlidens
3080 4955 3381 5016 indomitis,
3412 4961 3578 5023 atque

1994 5054 2063 5109 ab
2087 5054 2237 5109 omni
2257 5053 2383 5109 dolo
2402 5052 2652 5110 liberum.
2671 5051 2873 5108 Contra
2901 5051 3109 5120 vulpes,
3137 5048 3333 5102 rubore
3353 5044 3574 5116 quidem

1994 5145 2212 5212 debilis,
2249 5153 2372 5201 astu
2414 5145 2668 5216 superior
2698 5150 2754 5199 et
2786 5142 3054 5197 valentior
3095 5147 3199 5196 est.
3236 5136 3410 5206 Cujus
3452 5150 3573 5191 ser-

1991 5239 2172 5296 monis
2217 5239 2303 5294 hic
2355 5254 2572 5303 sensus,
2624 5235 2773 5308 quod
2817 5236 2922 5293 sub
2965 5231 3267 5307 tyrannicis
3304 5229 3576 5300 regiisque

1991 5332 2237 5386 moribus
2282 5332 2599 5401 Apostatam
2646 5328 2893 5385 fraudem
2942 5336 2998 5383 et
3039 5322 3336 5383 versutiam
3386 5321 3575 5375 occul-

1992 5421 2161 5482 tabat,
2192 5437 2368 5491 neque
2394 5429 2453 5475 ut
2484 5422 2800 5490 imperator,
2828 5434 2889 5474 ea
2917 5434 3037 5489 qua:
3070 5418 3454 5485 imperatorem
3478 5410 3574 5465 do-

1992 5514 2208 5578 cebant,
2244 5514 2411 5570 libere
2433 5528 2495 5569 ac
2523 5513 2848 5586 simpliciter
2869 5509 3289 5581 exsequebatur.
3424 5506 3427 5509 λ

378 5706 492 5776 (95)
520 5702 685 5779 ῌΕιίίιὶ
730 5707 955 5768 ἀδικεῖν,
1011 5716 1195 5774 recte;
1244 5707 1468 5779 ἀτυχεῖν
1506 5706 1650 5778 quod
1680 5708 1869 5779 legunt

1983 5715 2158 5771 nnulh
2193 5730 2351 5779 mss,
2392 5711 2579 5769 sensui
2624 5709 2852 5766 multum
2896 5705 3094 5775 ollicit;
3132 5713 3182 5763 et
3253 5703 3373 5760 ideo
3413 5695 3567 5758 Busir-

307 5777 436 5845 Iius,
467 5775 585 5840 πῶς
612 5780 864 5848 ἀτυχεῖν,
901 5779 1097 5848 inquit.
