4018 6296
136 303 297 360 ill?

1076 310 1370 370 SCIIOLIA
1405 316 1472 372 IN
1492 316 1699 376 ORAT.
1743 315 1761 369 I
1800 312 2075 373 CONTRA
2109 312 2474 371 JULIANUM.

3276 313 3417 369 lll3

136 421 251 476 καὶ
302 417 657 477 ἀσυστάτου
694 419 886 492 [ϐοίδί.
946 425 1334 500 προστάτου].
1381 429 1600 501 Ἐπειδὴ
1628 430 1737 503 γὰρ

1862 428 2015 482 :iatus
2074 440 2272 496 genere
2314 426 2613 489 lacessens,
2656 431 2710 479 et
2736 422 3040 487 trucidatis,
3079 432 3135 478 et
3178 422 3416 478 fortunis

136 512 375 567 τύπτων
396 513 491 566 καὶ
516 513 788 579 παντοίως
821 514 1165 587 αἰκιζόμενος
1194 522 1288 573 καὶ
1320 521 1620 592 μιαιφονῶν
1644 525 1736 577 καὶ

137 603 263 659 τῶν
310 604 613 677 χρημάτων
659 606 973 678 ἀπεστέρει,
1024 609 1100 681 μὴ
1143 610 1342 678 ἐξεῖναι
1388 613 1544 678 δίκας
1596 615 1735 689 ὑπὲρ

136 694 366 749 τούτων
414 696 714 766 λαμϐάνειν
745 698 1091 767 Χριστιανοῖς
1141 702 1479 774 ἐνομοθέτει,
1521 707 1585 759 ἑκ
1628 706 1737 759 τῶν

139 787 444 861 ἡμετέρων
507 788 690 859 νόμων
740 788 901 860 δῆθεν
960 793 1339 860 καταδικάζων
1394 797 1541 867 ἡμᾶς
1599 800 1735 869 μήτε

139 878 483 951 ἀμύνεσθαι,
534 882 671 952 μήτε
708 882 1023 947 δικάζεσθαι
1068 888 1552 958 τυραννουμένους,
1598 892 1737 962 μήτε

145 970 266 1043 μὴν
305 971 377 1025 τά
420 973 663 1043 ἡμέτερα
694 974 946 1028 ἀπαιτεῖν
976 976 1083 1029 ἀπὸ
1109 977 1219 1032 τῶν
1258 979 1557 1049 αίρόντων,
1601 983 1737 1052 μήτε

141 1076 205 1113 τι
242 1060 381 1125 ὅλως
410 1062 524 1130 (11)
554 1064 874 1135 κεκτῆσθαι,
911 1066 1005 1121 καὶ
1032 1066 1100 1121 τὰ
1131 1067 1294 1122 λοιπὰ
1323 1068 1432 1123 τῶν
1465 1070 1624 1124 θείων
1652 1073 1739 1124 ὲν-

139 1152 331 1206 τολῶν
357 1156 669 1223 προσετίθει
687 1173 699 1186 ⁸
729 1157 903 1212 ταῦτά
934 1176 1099 1229 φησιν
1125 1161 1369 1233 ἀκριϐῶς
1396 1164 1740 1236 προσωμιλη-

148 1243 317 1301 κέναι
350 1246 379 1298 ὁ
413 1246 637 1317 Πατὴρ,
668 1249 845 1302 ἐκεῖνο
872 1250 930 1303 δὲ
960 1252 1061 1304 οὐκ
1093 1253 1463 1321 ἀνεγνωκέναι
1500 1254 1737 1325 (Matth.

148 1350 274 1399 ιιι,
306 1336 423 1406 41).
454 1338 537 1391 ὅτι
562 1338 731 1404 κακὸς
758 1342 942 1405 κακῶς
969 1344 1248 1398 ἀπολεῖται
1275 1347 1304 1397 ό
1325 1345 1386 1398 τὸ
1408 1346 1562 1400 Θεῖον
1590 1347 1741 1419 ἐξαρ-

149 1427 490 1499 νησάμενος,
532 1430 609 1492 ὡς
647 1431 807 1494 αὑτός
835 1433 852 1504 l
878 1431 1047 1488 Coisl.
1086 1435 1269 1506 έξαρν.
1323 1438 1441 1490 αὐτ.
1464 1437 1506 1509 ].
1531 1439 1740 1510 Ὥσπερ

147 1513 254 1572 οὖν
288 1520 439 1589 ἡμᾶς
470 1519 745 1585 τοιούτους
778 1518 916 1577 εἶναι
949 1525 1233 1595 νομοθετεῖ
1274 1526 1293 1598 [
1322 1544 1422 1583 ms.
1472 1530 1594 1593 575,
1631 1547 1743 1582 νου-

150 1608 311 1664 θετεῖ
330 1609 373 1681 ],
396 1613 495 1664 καὶ
530 1613 665 1684 πρὸς
703 1614 765 1667 τὸ
798 1615 1102 1687 ἀκρότατον
1127 1621 1229 1689 τῆς
1267 1620 1467 1691 ἀρετῆς
1496 1623 1739 1691 ἐπείγειδ

1839 520 2100 591 spolians,
2131 534 2241 574 non
2266 519 2431 575 licere
2458 517 2788 575 Christianis
2821 533 2885 573 ea
2918 515 3114 571 ulcisci
3144 516 3409 581 ediceret,

1839 614 1955 683 lege
2007 619 2195 667 nostra
2246 610 2498 666 videlicet
2542 625 2643 667 nos
2686 608 3081 671 condemnans,
3131 622 3200 663 ne
3274 609 3416 662 mala

1839 703 2021 757 aﬂlicti
2053 702 2465 767 ulcisceremur,
2497 716 2597 756 nec
2642 700 2788 756 litem
2833 698 3261 763 intenderemus,
3319 712 3420 752 nec

1840 803 2028 852 nostra
2059 796 2128 851 ab
2157 794 2517 864 eripientibus
2560 803 2950 863 repeteremus,
2988 805 3087 847 nec
3116 791 3416 862 quidquam

1839 890 2063 945 omnino
2091 886 2517 956 possideremus,
2551 894 2857 955 ceteraque
2894 900 2924 938 e
2956 884 3157 940 divinis
3188 883 3419 937 manda-

1840 982 1912 1036 tis
1947 979 2226 1050 adjiceret.
2257 978 2361 1045 Qui
2395 976 2639 1047 quidem,
2668 986 2725 1031 ut
2748 977 2823 1031 ait
2855 978 3032 1038 Pater,
3052 976 3108 1032 i‘n
3132 975 3220 1030 his
3251 990 3421 1029 accu-

1840 1078 1960 1125 rate
1996 1077 2265 1133 versatus,
2300 1066 2433 1122 illud
2478 1073 2657 1121 tamen
2702 1081 2813 1121 non
2859 1065 3009 1137 legit,
3045 1062 3193 1135 quod
3242 1063 3421 1117 malus

1839 1162 1983 1217 male
2022 1159 2301 1231 perdetur,
2354 1159 2460 1213 hoc
2504 1166 2589 1213 est
2628 1157 2880 1227 quisquis
2927 1156 3173 1211 divinum
3222 1167 3422 1208 nomen

1839 1252 2091 1321 ejurarit,
2160 1259 2219 1304 ut
2245 1250 2383 1320 ipse.
2440 1247 2909 1315 Quemadmodum
2963 1247 3133 1317 igitur
3181 1254 3241 1300 ut
3285 1244 3425 1299 tales

1842 1344 2015 1399 simus
2071 1341 2401 1412 praescribit,
2440 1348 2496 1395 et
2527 1337 2596 1393 ad
2630 1353 2906 1394 summum
2952 1336 3172 1392 virtutis
3214 1334 3422 1406 apicem

1840 1434 2053 1490 extollit
2082 1452 2096 1488 :
2129 1432 2245 1487 haec
2283 1432 2428 1488 enim
2461 1438 2647 1485 nostra
2676 1443 2902 1485 summae
2936 1425 3290 1499 philosophiae
3318 1424 3424 1478 Do-

1843 1527 1975 1581 mini
2006 1532 2307 1595 przecepta;
2351 1523 2431 1578 sic
2467 1521 2709 1577 ostendit
2747 1522 2987 1591 seipsum
3019 1516 3428 1587 comparatione

1844 1619 2180 1689 pessimum;
2224 1617 2499 1686 simulque
2536 1615 2669 1672 deos
2714 1629 2846 1670 suos
2882 1613 3208 1674 criminans,
3254 1608 3430 1679 pessi—

148 1703 392 1775 τοιαῦτα
426 1704 535 1775 γάρ
563 1706 633 1760 τά
670 1706 914 1779 ἡμέτερα
953 1709 1053 1779 τῆς
1090 1710 1267 1782 ἄκρας
1295 1712 1615 1782 φιλοσοφίας
1642 1714 1738 1767 τοῦ

1862 1726 1965 1766 nos
2003 1708 2175 1765 fuisse
2220 1708 2591 1779 reprehendit.
2632 1705 2691 1761 ln
2731 1707 2817 1761 his
2848 1706 2993 1761 enim
3021 1704 3183 1759 nobis
3204 1699 3425 1772 quidem

152 1794 376 1867 Κυρίου
409 1796 725 1868 ὲντάγματα
746 1813 759 1828 ³
790 1799 932 1853 οὕτω
955 1780 1224 1856 δείκνυσιν
1252 1806 1441 1858 ἑαυτὸν
1462 1780 1527 1877 τῇ
1562 1824 1741 1877 παρα-

1862 1818 1973 1871 pars
2014 1801 2227 1863 melior,
2267 1800 2376 1855 illis
2416 1814 2544 1854 vero
2590 1797 2761 1868 pejor.
2816 1795 2913 1851 Sin
2943 1802 3125 1850 autem
3156 1792 3259 1863 ipsi
3293 1806 3433 1861 quo-

155 1884 317 1939 θέσει
365 1888 651 1945 κάκιστον·
685 1890 804 1961 ἅμα
840 1891 896 1944 δὲ
939 1895 1032 1946 καὶ
1063 1893 1251 1966 [CoisL
1286 1896 1456 1952 δείκν.
1496 1899 1546 1953 ἑ.
1583 1915 1633 1951 τ.
1675 1917 1735 1952 π.

154 1977 293 2031 κάκ.
335 1978 524 2032 ἑαυτόν
544 1997 559 2013 ·
600 1980 716 2051 ἅμα
746 1984 841 2037 καὶ
864 1986 882 2055 j
918 1987 1028 2049 τοῖς
1059 1987 1254 2042 ἑαυτοῦ
1288 1990 1536 2057 ἐγκαλῶν
1577 1991 1738 2058 Θεοῖς,

154 2067 225 2120 τὸ
277 2068 560 2132 κακίστοις
619 2070 824 2141 [CoisL
887 2074 1191 2148 κακίστην]
1248 2073 1387 2132 εἶναι
1442 2081 1741 2154 ἀποκέκρι-

156 2175 257 2211 ται
289 2158 427 2230 (12)·
466 2162 524 2214 ὲν
555 2162 765 2226 τούτοις
790 2164 899 2237 γὰρ
930 2168 1062 2237 ἡμῖν
1092 2167 1193 2238 μὲν
1218 2172 1252 2240 ἡ
1281 2171 1546 2239 κρείττων
1560 2176 1742 2244 μοῖρα,

159 2249 402 2313 έκείνοις
437 2252 495 2306 δὲ
527 2253 560 2323 ἡ
593 2251 716 2324 [mm
752 2254 877 2319 575,
904 2256 947 2309 δ’
987 2256 1055 2329 ἠ]
1080 2259 1299 2331 χείρων.
1334 2262 1395 2315 Ei
1425 2261 1489 2331 δή
1519 2280 1624 2334 περ
1652 2266 1747 2318 καὶ

159 2343 326 2397 αὐτοὶ
355 2341 495 2415 [πη.
525 2345 633 2401 575
662 2346 832 2420 αὐτὰ]
866 2351 1305 2420 μεταποιοῦνται,
1332 2356 1379 2407 εἰ
1406 2356 1501 2409 καὶ
1534 2356 1610 2427 μὴ
1636 2359 1750 2418 τοῖς

161 2432 356 2505 ἔργοις
375 2476 392 2500 ,
421 2434 535 2489 ἀλλ’
558 2432 652 2491 οὖν
678 2439 789 2509 (15)
825 2441 1229 2510 καλοκαγαθίας
1260 2446 1353 2498 κιι.)⁵
1379 2447 1746 2517 ἡμερότητος,

164 2527 268 2579 καὶ
308 2525 414 2580 ποῦ
455 2526 662 2583 δίκαιον
690 2532 839 2602 ἡμᾶς
871 2531 969 2603 μὲν
999 2534 1092 2587 καὶ
1126 2535 1435 2605 πάσχοντας
1464 2540 1752 2608 καρτερεῖν

160 2616 351 2685 λέγειν
380 2616 476 2670 καὶ
507 2619 630 2689 μηδ’
663 2620 982 2688 ἀντιλέγειν,
1014 2623 1208 2687 αὐτοὺς
1244 2623 1302 2677 δὲ
1330 2624 1466 2695 μηδὲ
1502 2625 1754 2696 φειδομέ-

161 2724 279 2761 νων
307 2708 614 2777 φείδεσθαις
655 2710 754 2764 οὐκ
793 2711 1180 2783 αισθανόμενος
1212 2714 1241 2767 ὀ
1267 2713 1502 2777 ἀνόσιος,
1533 2714 1615 2768 ὅτι
1654 2716 1751 2785 τῆς

1844 1911 1955 1966 que
2000 1894 2288 1964 probitatis
2331 1891 2537 1962 aliquid
2593 1900 2646 1943 et
2693 1889 2955 1954 lenitatis,
3011 1888 3057 1942 si
3114 1899 3223 1939 non
3265 1881 3433 1938 rebus

1849 1987 2005 2057 ipsis,
2046 1986 2296 2041 oratione
2320 1985 2516 2039 saltem
2539 1982 2644 2039 sibi
2683 1980 2985 2045 vindicant,
3003 1990 3241 2048 quonam
3267 1971 3431 2029 modo

1848 2090 2062 2145 aequum
2098 2081 2204 2139 est,
2230 2089 2330 2129 nos
2361 2071 2603 2145 quidem,
2644 2086 2767 2127 cum
2809 2070 2968 2125 malis
3003 2065 3291 2128 al'ﬁclmur,
3336 2078 3438 2133 pa-

1844 2168 2089 2221 tientiam
2128 2164 2406 2228 adbibere,
2462 2177 2563 2218 nec
2616 2160 2870 2231 injuriam
2902 2157 3125 2220 referre,
3164 2154 3259 2212 sed
3297 2152 3437 2223 ipsis

1850 2275 1917 2314 ne
1959 2255 2313 2326 parcentibus
2358 2253 2578 2325 quidem
2610 2251 2874 2324 parcere?
2911 2249 3131 2303 Minime
3171 2251 3436 2315 reputans

1852 2351 2053 2421 impius
2093 2350 2237 2419 quod
2279 2348 2386 2403 alia
2436 2346 2653 2419 quidem
2688 2344 3017 2401 necessitate
3055 2341 3434 2400 observamus.

1853 2451 1908 2498 et
1952 2459 2058 2497 non
2097 2442 2518 2498 observantibus
2567 2440 2867 2511 periculum
2916 2433 3292 2503 consequitur,
3330 2428 3439 2484 alia

1857 2544 2038 2591 autem
2079 2535 2331 2599 arbitrio,
2368 2549 2477 2590 non
2523 2549 2655 2589 vero
2691 2531 3054 2592 necessitate;
3094 2522 3440 2581 observanti—

1863 2628 1965 2683 bus
2002 2630 2175 2682 honor
2200 2636 2254 2682 et
2290 2628 2608 2698 praemium;
2653 2641 2762 2681 non
2803 2633 2984 2678 autem
3023 2615 3443 2678 observantibus

1863 2719 1996 2773 nihil
2033 2719 2280 2790 periculi.
2312 2719 2556 2785 Quorum
2579 2717 2825 2789 exempla
2853 2714 3097 2786 exponit.

161 2799 452 2872 ἡμετέρας
503 2801 824 2873 νομοθεσίας
860 2804 931 2856 τὰ
989 2805 1090 2872 μὲν
1136 2804 1384 2875 ἀνάγκην
1424 2804 1538 2876 ἔχει
1569 2807 1878 2877 τηρεῖσθαι,
1914 2810 2007 2864 καὶ
2059 2810 2305 2875 κίνδυνος
2370 2813 2485 2875 τοῖς
2526 2811 2601 2882 μὴ
2680 2808 3046 2879 φυλάσσουσιν
3116 2802 3329 2861 Enecat,
3372 2796 3444 2851 τά

164 2893 215 2946 δ’
249 2892 465 2962 αἰρεσιν
501 2893 615 2946 ἀλλ’
641 2895 742 2947 οὐκ
762 2894 1031 2965 ἀνάγκην,
1064 2896 1158 2948 καὶ
1185 2895 1521 2965 φυλάσσουσι
1588 2899 1686 2969 μὲν
1752 2900 1913 2971 τιμὴν
1952 2903 2047 2955 καὶ
2089 2901 2379 2964 ἀντίδοσιν,
2455 2901 2530 2971 μὴ
2579 2899 2910 2969 φυλάσσουσι

2990 2893 3195 2967 [σοέεί.
3241 2890 3445 2962 φυλάσ-

172 3004 295 3042 σειν
314 2986 333 3059 j
367 2986 424 3039 δὲ
450 2986 560 3040 οὐδ’
584 2987 824 3042 ὁντινοῦν
857 2971 1055 3060 [ϐοίέί.
1091 2989 1295 3054 δντινες
1323 2986 1448 3063 οὖν]
1483 2991 1746 3046 κίνδυνον.
1788 2994 1898 3047 Καὶ
1925 2994 1993 3048 τὰ
2016 2994 2220 3048 τούτων
2243 2993 2662 3066 παραδείγματα
2684 2990 2854 3061 δηλοῖ.

245 3080 371 3135 Col.
411 3081 515 3136 636
557 3082 601 3135 A
646 3081 736 3137 14.
776 3084 847 3136 ‘0
896 3082 1133 3151 πρῶτον
1174 3085 1326 3154 μετὰ
1368 3085 1477 3139 τὸν
1529 3087 1756 3156 πρῶτον

1937 3089 2090 3156 Quod
2119 3090 2347 3158 primunt
2369 3099 2484 3153 post
2510 3089 2564 3142 id
2588 3087 2726 3158 quod
2746 3086 2974 3156 primum
2997 3089 3075 3137 est
3110 3078 3444 3147 amplexatus

168 3172 573 3244 ήσπασάμην.
628 3174 695 3228 Ὃ
738 3173 986 3246 πρῶτον⁸
1034 3176 1095 3229 τὸ
1134 3176 1244 3229 τῶν
1292 3177 1467 3246 λόγων
1499 3178 1747 3250 δηλονότι

173 3268 403 3338 κράτος,
434 3269 623 3338 φησιν,
651 3268 1008 3340 ἡσπασάμην·
1042 3268 1179 3340 μετὰ
1203 3269 1314 3342 γὰρ
1335 3271 1396 3324 τὸ
1418 3271 1633 3343 πρῶτον
1663 3273 1756 3326 καὶ

172 3360 240 3413 τὸ
264 3359 410 3413 θεῖον
435 3358 493 3428 (ὃ
517 3362 611 3413 καὶ
635 3360 910 3433 ἐπιφέρων
932 3360 1210 3430 διασαφεῖ,
1231 3363 1303 3416 τά
1321 3362 1440 3417 θεῖα
1467 3362 1641 3433 λέγων
1664 3364 1759 3417 καὶ

177 3450 290 3503 τῶν
311 3450 516 3519 νοητῶν
536 3451 634 3516 τὰς
656 3452 929 3522 ὲλπίδας)“
961 3451 1100 3523 μετά
1128 3452 1237 3526 γάρ
1260 3453 1331 3508 τά
1352 3455 1546 3527 πρῶτα
1566 3456 1756 3520 ταῦτα,

177 3542 274 3595 τὸν
306 3543 439 3596 Θεὸν
482 3545 577 3597 καὶ
604 3544 672 3597 τά
705 3543 822 3597 θεῖα
842 3585 858 3609 ,
903 3545 1167 3616 πρότερον
1216 3547 1325 3601 τῶν
1353 3548 1553 3603 λοιπῶν
1592 3551 1760 3604 ἀπάν-

175 3653 292 3691 των
317 3635 381 3689 τὸ
401 3637 621 3705 κράτος,
653 3636 838 3706 φησὶν.
863 3637 1199 3709 ἡσπασάμην
1222 3638 1331 3691 τῶν
1354 3639 1548 3708 λόγων.

252 3728 374 3784 Col.
404 3729 508 3783 637
535 3729 579 3784 Α
612 3729 666 3783 5.
699 3724 799 3796 Οἷς
835 3730 903 3783 τὸ
941 3748 960 3781 ι
991 3730 1184 3797 Αὐτὸς
1216 3731 1332 3801 ἔφα
1379 3752 1397 3783 ι
1430 3731 1497 3787 τὸ
1530 3731 1767 3801 πρῶτον

182 3820 202 3889 (
223 3818 352 3873 cod.
387 3835 439 3887 p.
468 3818 597 3882 ΤΗ),
617 3819 673 3888 '2)
703 3819 804 3873 καί
826 3819 1119 3890 μέγιστόν
1135 3822 1265 3875 ἐστι
1289 3820 1409 3876 τῶν
1432 3822 1762 3893 δογμάτων.

183 3913 310 3975 Τοῖς
344 3912 752 3983 Πυθαγορείοις.
777 3912 933 3966 Μετά
958 3912 1058 3984 τὴν
1084 3912 1300 3985 πρῶτον
1320 3914 1421 3984 τῆς
1452 3914 1768 3985 φιλοσοφίας

186 4002 421 4071 σιωπὴν,
463 4003 497 4073 ἢ
540 4001 739 4072 μέτρον
752 4001 931 4070 λόγων
970 4002 1235 4069 ἐδίδασκε,
1265 4004 1430 4076 νόμος
1465 3999 1535 4077 ἧν
1561 4005 1764 4070 αὐτοῖς,

184 4094 217 4149 δ
235 4114 288 4150 τι
310 4091 380 4148 ἀν
410 4093 519 4148 τῶν
546 4093 832 4165 δογμάτων
860 4095 1351 4166 ὲρωτωμένοις,είς
1377 4095 1649 4162 ἀπόδειξιν
1685 4096 1768 4157 τὸ,

186 4187 386 4252 Αὐτὸς
408 4186 527 4254 ἔφα
546 4201 561 4215 ⁸
593 4186 755 4256 μόνον
786 4185 947 4258 ἤρκει
978 4186 1061 4238 ὅτι
1089 4185 1255 4255 φάναι
1295 4184 1588 4258 Πυθαγόρᾳ
1622 4185 1769 4238 τοῦτ’

189 4282 277 4351 εἴη
308 4278 631 4349 δεδογμένον
655 4293 671 4309 θ
693 4277 831 4348 ὅπερ
858 4276 1080 4331 δύναται
1111 4278 1169 4329 ὲν
1190 4276 1368 4340 ἀλλοις
1397 4279 1635 4348 ῥήμασιν
1660 4275 1773 4331 ἴσον

186 4375 286 4431 τοῦ
365 4373 706 4429 Πίστευσον
776 4371 1064 4442 ἡμετέρου.
1100 4370 1355 4425 Βοὺλεται
1383 4371 1439 4425 δὲ
1463 4373 1490 4424 ὁ
1519 4372 1676 4440 λόγος
1700 4369 1774 4442 μὴ

188 4469 394 4536 ἐξεῖναι
424 4466 725 4520 διαπιστεῖν
752 4468 866 4531 τοῖς
921 4465 1027 4520 ὑπὸ
1066 4465 1364 4537 προφητῶν
1404 4466 1498 4519 καὶ⁵
1542 4465 1774 4519 ἀποστό-

189 4560 301 4613 λων
325 4559 420 4613 καὶ
442 4557 738 4625 ἀξιολόγων
767 4556 1075 4628 προσώπων
1102 4556 1431 4628 εἰρημένοις.
1455 4557 1543 4610 Ἐν
1569 4556 1769 4622 ἄλλοις,

183 4651 275 4723 μὴ
308 4649 610 4715 ἐπεξιέναι
638 4648 738 4703 διὰ
774 4649 1007 4714 πίστιν,
1030 4649 1322 4720 γράφεται,
1372 4649 1494 4702 ἀντὶ
1528 4648 1645 4714 τοῦ,
1697 4651 1771 4722 μὴ

191 4741 659 4815 περιεργάζεσθαι
715 4743 811 4796 καὶ
884 4742 1380 4813 πολυπραγμονεῖν.
1452 4742 1683 4814 Χρυσῶν
1716 4743 1773 4797 δὲ

187 4832 344 4887 ἐπῶν
379 4832 546 4900 λέγει,
575 4825 653 4889 ὧν
680 4833 1003 4907 Πυθαγόρας
1031 4832 1430 4904 συνεγράψατο,
1447 4833 1481 4885 ἦ
1511 4849 1654 4886 τινε⁸
1678 4834 1773 4889 ἀλ-

267 5037 384 5107 m)
412 5035 635 5108 Orator,
673 5036 797 5108 aliis
836 5002 1061 5099 verbis:
1079 5036 1215 5107 μήτε
1257 5036 1556 5106 κεκτῆσθαί
1591 5055 1644 5091 τι
1675 5038 1777 5108 τὴν

195 5106 400 5180 ἀρχήν,
427 5106 586 5180 quod
608 5107 669 5161 D.
697 5106 1008 5180 Clemencet
1055 5108 1110 5180 in
1139 5106 1481 5180 notaverat,
1510 5123 1602 5161 nec
1621 5106 1780 5177 quid-

193 5177 359 5250 quam
406 5177 769 5245 possideamus
802 5177 927 5246 jure
946 5177 1188 5250 dominii.
1223 5177 1414 5250 Billius
1435 5218 1449 5239 ,
1467 5185 1647 5250 recte,
1684 5197 1775 5234 nec

193 5247 487 5319 quidquam
534 5250 750 5304 omnino
798 5249 1187 5318 possideamur.
1230 5248 1421 5302 Editor
1462 5247 1772 5319 Benedicti-

199 5318 331 5385 uus,
369 5319 518 5403 quod
551 5329 605 5375 et
641 5320 972 5401 interpretes
1006 5319 1127 5401 ipso
1163 5319 1456 5389 peritiores
1489 5318 1665 5389 fugit,
1692 5323 1775 5374 vi-

197 5392 363 5445 detur
394 5404 702 5445 mnorasse.
733 5391 788 5445 in
818 5390 1128 5445 istiusmodi
1155 5389 1471 5445 nbrasibus.
1491 5406 1616 5444 cum
1642 5400 1774 5445 sunt

201 5399 363 5447 detur
394 5399 702 5461 ignorasse,
733 5399 788 5446 in
818 5399 1128 5446 istiusmodi
1155 5399 1471 5460 phrastbus,
1491 5406 1616 5444 cum
1642 5400 1774 5446 sunt

201 5461 504 5532 negativae,
540 5476 728 5516 vocem
768 5462 871 5531 τὴν
901 5462 1075 5532 ἀρχὴν
1116 5462 1248 5532 nihil
1283 5459 1429 5514 aliud
1463 5461 1775 5532 signiﬁcare

198 5549 365 5657 gnam
404 5548 645 5601 prorsus,
685 5531 1097 5615 omnium'Vide.
1129 5531 1371 5613 Lennep.
1407 5531 1475 5583 ad
1520 5531 1774 5614 [fhalari-

238 5620 321 5657 em
354 5602 463 5657 (en.
500 5604 587 5657 16.
624 5618 678 5657 n.
699 5601 1064 5657 Siletscher
1086 5620 1138 5657 in
1163 5602 1347 5657 Indice
1372 5600 1655 5656 )Eschuus
1679 5602 1774 5657 So-

238 5620 321 5659 em
354 5600 463 5671 (ep.
500 5604 587 5665 16,
624 5618 678 5672 p.
699 5601 1064 5671 82);Fischer
1085 5604 1138 5658 in
1163 5600 1347 5657 Indice
1372 5600 1655 5672 IEschiuis
1679 5602 1776 5657 So-

202 5674 434 5743 rratici;
476 5671 673 5743 Elsuer
700 5672 756 5725 in
790 5672 1251 5743 observationibus
1282 5674 1450 5727 sacris
1484 5671 1575 5743 (p.
1600 5671 1766 5743 A519);

204 5742 518 5798 Fabricium
551 5744 606 5798 in
638 5742 797 5798 Sexto
830 5740 1095 5811 Empirico
1120 5744 1136 5809 (
1159 5742 1296 5812 Hyp.
1331 5744 1368 5799 ι.
1407 5740 1531 5806 xw,
1551 5741 1654 5809 96;
1702 5745 1764 5803 ll,

204 5815 260 5877 ὃ,
301 5814 413 5885 50).
470 5814 551 5870 An
586 5829 716 5871 vero
758 5812 901 5869 idem
933 5815 1218 5871 dicendum
1264 5816 1333 5870 sit
1372 5814 1435 5871 dc
1475 5815 1769 5884 phrasith

1857 3196 1993 3235 sum.
2025 3180 2181 3247 Quod
2212 3181 2442 3252 primum
2477 3196 2490 3234 :
2522 3194 2714 3249 nempe
2757 3190 3074 3233 sermonum
3116 3173 3309 3237 robur,
3346 3168 3441 3224 ait.

1859 3273 2200 3344 amplexatus
2262 3288 2412 3331 sum:
2448 3272 2652 3327 etenim
2686 3277 2810 3341 post
2854 3267 2907 3323 id
2943 3265 3088 3338 quod
3125 3263 3358 3335 primum
3392 3266 3446 3313 et

1859 3366 2104 3422 divinum
2142 3374 2227 3422 est
2259 3366 2577 3436 (statimque
2625 3372 2814 3434 postea
2846 3374 3147 3431 exponens,
3187 3370 3275 3411 res
3309 3351 3450 3407 divi-

1862 3472 1981 3523 nas,
2006 3460 2102 3520 ait,
2142 3465 2198 3512 et
2228 3473 2359 3527 spes
2395 3470 2584 3511 eorum
2626 3471 2750 3525 quae
2787 3460 2968 3508 mente
3018 3447 3446 3517 intelliguntur),

1863 3556 1985 3619 post
2033 3550 2148 3602 haec
2190 3547 2388 3617 prima,
2427 3546 2593 3600 Deum
2648 3558 2712 3597 ac
2750 3541 2957 3605 divina,
2999 3540 3181 3611 potius
3223 3536 3451 3607 reliquis

1864 3642 2118 3697 omnibus
2141 3641 2327 3706 robur,
2364 3641 2457 3702 ait,
2487 3639 2830 3708 amplexatus
2855 3650 2975 3691 sum
3008 3646 3345 3689 sermonum.

1928 3732 2131 3800 Quibus
2173 3733 2328 3799 illud,
2369 3730 2520 3802 «Ipse
2550 3731 2707 3796 dixit,
2728 3730 3065 3799 idogmatum
3085 3725 3318 3781 omnium
3341 3723 3445 3792 pri‘

1871 3841 2014 3879 mum
2055 3836 2131 3879 est
2173 3834 2223 3879 et
2269 3827 2583 3879 maximum.
2618 3821 2821 3892 Nempe
2876 3818 3269 3894 Pythagoricis.
3321 3815 3452 3871 Post

1869 3915 2108 3985 primum
2149 3914 2508 3985 philosOphiae
2548 3913 2696 3969 illius
2744 3912 3048 3975 silentium,
3089 3925 3199 3982 quo
3239 3923 3450 3966 sermo-

1869 4022 2000 4063 num
2025 4005 2243 4061 modum
2276 4006 2665 4073 edocebantur,
2701 4020 2820 4060 mos
2848 4014 2967 4060 erat
2996 4005 3143 4075 apud
3174 4003 3452 4063 illoscum

1871 4098 1939 4155 de
1977 4098 2324 4167 dogmatibus
2355 4100 2845 4169 interrogarentur,
2893 4095 3235 4166 probationis
3278 4095 3453 4163 gratia

1875 4188 2207 4259 reSpondere
2247 4209 2261 4244 :
2303 4188 2421 4255 Ipse
2452 4190 2609 4244 dixit.
2679 4188 2827 4244 Satis
2849 4198 2966 4243 erat
3002 4190 3077 4243 ita
3110 4187 3212 4242 hoc
3250 4185 3452 4259 Pytha-

1874 4297 2019 4353 gorae
2048 4283 2223 4336 visum
2262 4280 2453 4336 fuisse.
2487 4281 2642 4347 Quod
2674 4283 2894 4354 quidem
2937 4296 3121 4352 parem
3152 4280 3259 4333 vim
3296 4279 3456 4332 habet

1876 4376 2020 4445 quod
2064 4384 2309 4429 nostrum
2360 4371 2542 4429 Crede.
2580 4373 2711 4429 Vult
2754 4388 2917 4446 porro
2953 4373 3109 4428 nobis
3150 4372 3240 4425 hic
3272 4386 3458 4425 sermo

1881 4484 1987 4523 non
2021 4468 2186 4524 licere
2223 4467 2291 4523 iis
2326 4467 2484 4521 (idem
2516 4467 2802 4538 abrogare,
2843 4481 2965 4537 qua:
2994 4480 3023 4518 a
3059 4462 3363 4535 prophetis,
3405 4470 3460 4515 et

1879 4559 2158 4632 apostolis,
2183 4560 2424 4629 virisque
2458 4559 2559 4616 lide
2592 4560 2772 4631 dignis
2807 4559 2952 4615 dicta
2996 4565 3141 4613 sunt.
3178 4556 3331 4609 Alias
3355 4571 3458 4607 mm

1880 4652 2283 4708 discurrendum
2315 4652 2378 4705 de
2408 4652 2513 4721 ﬁde
2543 4654 2822 4714 scribitur,
2852 4650 2904 4704 id
2929 4656 3013 4705 est
3042 4663 3148 4704 non
3182 4645 3461 4701 curiosius

1880 4745 2264 4815 inquirendum
2305 4754 2469 4815 atque
2517 4742 2976 4816 investigandum.
3023 4741 3098 4797 De
3127 4739 3313 4796 aureis
3341 4752 3463 4791 car-

1884 4839 2139 4894 minibus
2175 4839 2505 4894 mentionem
2575 4836 2723 4903 lacit,
2774 4853 2895 4909 quae
2944 4836 3279 4909 Pythagoras
3326 4846 3461 4887 cou-

1878 5040 2240 5101 aﬂirmativis.
2271 5041 2416 5111 apud
2454 5040 2703 5097 eruditos
2733 5055 2843 5094 non
2867 5046 3106 5111 constat.
3132 5037 3276 5092 Loca
3307 5054 3460 5107 quae-

1877 5112 2002 5166 dam
2046 5110 2417 5168 invenire’est
2464 5112 2518 5166 in
2570 5113 2774 5181 quibus
2815 5113 3055 5181 lia-reas;
3097 5110 3152 5164 in
3208 5111 3460 5181 sequenti

1877 5191 2059 5238 tamen
2121 5182 2377 5238 Herodoti
2429 5183 2551 5237 loco
2588 5179 2938 5254 ιορίλάρχήν
2974 5180 3158 5254 (quo,
3202 5179 3460 5254 l.l_0,_15)

1878 5269 2075 5309 sensus
2106 5271 2211 5309 non
2249 5255 2467 5308 videtur
2496 5250 2821 5309 tribuendus
2840 5250 3014 5322 quem
3035 5250 3461 5322 Latine_hahent

1874 5340 2116 5393 prorsus,
2155 5327 2391 5388 omnino,
2425 5339 2642 5379 revera:
2687 5324 2794 5375 Καὶ
2839 5320 2984 5393 ἀμφὶ
3036 5322 3134 5393 μὲν
3180 5320 3258 5392 τῷ
3310 5321 3462 5391 νόμῳ

1878 5395 2054 5467 τούτῳ
2083 5395 2252 5467 gem
2279 5395 2353 5459 ὡς
2376 5396 2472 5467 καὶ
2502 5393 2676 5467 ἀρχὴν
2704 5393 2992 5467 ἐνομίσθη.

1955 5414 2054 5519 at;
2083 5414 2252 5463 εχετω
2279 5414 2353 5459 ως
2380 5414 2472 5477 και
2502 5414 2676 5467 αρχην
2703 5414 2992 5476 ενομισυτι.
3338 5461 3348 5472 _

1955 5466 2001 5537 (l
2051 5464 2481 5537 )Υοιινὲγκαλων
2509 5474 2628 5537 orta
2666 5464 2883 5519 videtur
2915 5479 2978 5518 ex
3020 5477 3184 5537 prava
3208 5460 3461 5537 lectione

1881 5530 2059 5607 quam
2091 5530 2327 5591 Basilius
2377 5536 2633 5607 habuerit
2680 5537 2878 5607 inisuo
2922 5530 3243 5607 exemplari.
3288 5530 3459 5596 Editi,

1878 5602 2045 5669 recte,
2076 5609 2189 5668 τοῖς
2222 5606 2386 5661 αὑτοῦ
2414 5609 2556 5676 θεοῖς
2588 5608 2647 5659 ἐν
2677 5605 2827 5676 καλῷ
2856 5603 3011 5676 τοῦτο
3041 5602 3329 5676 τυγχάνον.

1950 5678 2064 5743 (15)
2109 5677 2270 5733 Forte
2313 5676 2428 5731 ἀλλ’
2474 5674 2568 5731 οὖν
2607 5677 2751 5746 λόγῳ
2799 5670 2855 5730 iit
2898 5670 3462 5745 ιιΙιιἮεὶςᾶκολουθία

1878 5758 2092 5806 constet
2119 5756 2172 5805 et
2199 5747 2488 5806 antithesis
2521 5748 2614 5803 ﬁat
2642 5763 2765 5804 cum
2793 5746 2993 5818 ἔργοις.
