4018 6296
188 158 191 159 ⁷
306 178 445 238 ms

1130 136 1131 139 γ
1169 177 1464 237 senem
1486 179 1552 235 ιιι
1589 178 1796 237 οιιΑτ.
1829 176 1869 234 ιι
1901 177 2179 236 οοΝτιιΑ
2204 178 2582 238 JULIANUM.

3413 186 3547 246 H3O

296 297 447 353 ὥστε
473 299 567 353 καὶ
597 297 906 370 βροντιῖΝτι,
938 298 1090 367 φασὶ,
1110 296 1190 368 ’τῷ
1211 298 1315 358 Διὶ.
1348 297 1573 370 βροντᾷν
1613 297 1703 352 καὶ
1728 296 1875 373 αὐτὸς

1987 296 2174 353 Jovem
2207 298 2451 353 aemulari
2480 297 2804 363 conabatur,
2824 315 2921 369 per
2952 298 3160 356 corium
3185 301 3390 358 siccum
3408 314 3546 361 stre-

299 392 748 462 ἀντεμηχανᾶτο,
800 393 864 443 ἐκ
922 388 1125 461 βύρσης
1194 389 1510 443 ἐπικτυπῶν
1566 390 1733 462 ξηρᾶς
1790 391 1881 443 καὶ

302 482 604 552 χλευάζων.

374 592 510 649 Ibid.
554 594 596 649 C
644 595 696 649 1.
751 596 1071 663 Τραῖαγοὺς
1112 596 1184 650 δὲ
1229 594 1508 668 λέγεικαὶ
1551 598 1883 667 Ἆδριανοίνς

299 684 739 752 πληθυντικῶς.
771 688 978 752 Οἴτινες
1002 687 1239 758 βασιλεῖς
1253 690 1423 761 ἤστην
1456 689 1872 758 Ῥωμαίων,ἐπὶ

294 780 364 847 τῇ
386 776 579 847 ἀνδρίᾳ
598 776 695 830 καὶ
716 776 777 830 τὸ
792 778 1027 847 ἀσφαλὲς
1048 781 1356 852 ἐσχηκότες·
1370 781 1449 834 διὸ
1461 779 1552 835 καὶ
1577 781 1699 833 πολε
1707 794 1881 852 μικω-

296 866 450 920 τάτω
474 867 783 937 ἐγενέσθην,
811 871 904 924 καὶ
941 870 1140 934 πολλάς
1173 872 1358 935 πόλεις
1397 873 1491 925 καὶ
1538 872 1715 945 χώρας
1754 871 1881 936 ὅλας

296 959 395 1011 καὶ
437 958 562 1028 ἔθνη
618 959 787 1029 μυρία
825 963 891 1031 τῇ
951 962 1237 1032 Ῥωμαίων
1301 963 1574 1030 ὑπέταξαν
1626 962 1877 1034 ἐξουσίᾳ.

298 1049 620 1104 Τούναντίον
652 1050 707 1103 δὲ
736 1051 919 1125 Κάρον
940 1051 1130 1125 [CoisL
1154 1055 1358 1128 Κᾶρον]
1389 1056 1483 1111 καὶ
1524 1055 1880 1126 Οὐαλεριανὸν

296 1142 446 1210 ὁρμῇ
516 1139 732 1207 λέγεται
799 1143 1023 1215 ἀτάκτῳ
1088 1146 1182 1199 καὶ
1240 1147 1395 1218 ἀνοίᾳ
1448 1146 1771 1201 πεπονθέναι
1823 1148 1880 1200 ἐν

298 1230 528 1301 Περσῶν
557 1232 725 1304 ὁρίοις
752 1234 1179 1299 καταλυθέντας·
1215 1237 1371 1308 πλὴν,
1408 1237 1561 1307 φησι,
1607 1236 1707 1290 οὐκ
1750 1236 1883 1290 ὀνει-

294 1322 434 1387 δίζω
497 1323 698 1394 τύχας,
753 1325 1179 1399 διεξοδικώτερον
1245 1328 1555 1398 καταλέγων
1598 1328 1666 1382 τὰ
1729 1329 1879 1398 σφίσι

297 1413 723 1485 συμϐεϐηκότα’
766 1416 1022 1487 εἴληπται
1064 1416 1121 1470 δὲ
1162 1418 1320 1472 τοῦτο
1358 1417 1482 1490 [ms.
1514 1418 1616 1472 573
1639 1417 1741 1474 είλ.
1771 1416 1878 1491 γάρ

294 1505 377 1580 τ.]
408 1508 517 1560 ἀπὸ
542 1508 640 1578 τῆς
664 1508 955 1579 Εὐριπίδου
983 1510 1288 1581 τραγῳδίας
1329 1511 1602 1579 Ὀρέστου
1637 1510 1773 1581 (55).

1982 390 2153 459 pitum
2178 391 2347 447 edens
2381 389 2744 461 irridensque.

2056 588 2415 657 Troianosque
2443 585 2563 641 illos
2603 597 2651 640 et
2686 584 2951 640 Adriauos
2968 586 3071 640 sibi
3101 591 3163 639 ob
3196 590 3375 644 oculos
3422 608 3546 661 pro-

1980 698 2196 751 ponens.
2222 680 2326 746 Qui
2360 678 2575 750 quidem
2592 677 2963 732 Romanorum
2986 678 3341 749 imperatores
3361 693 3541 749 erant,

1982 780 2145 843 atque
2175 771 2362 825 virtuti
2392 768 2736 839 prudentiam
2772 768 3108 839 adjecerant.
3137 771 3371 843 Ideoque
3398 776 3454 830 in
3482 791 3544 832 re

1980 863 2205 919 militari
2239 862 2634 923 excelluerunt,
2656 860 2963 930 multasque
2988 861 3172 928 urbes,
3194 862 3546 935 integrasque

1981 954 2315 1026 provincias,
2364 958 2527 1021 atque
2585 950 2903 1004 innumeras
2943 958 3129 1020 gentes
3177 952 3544 1010 Romanorum

1980 1044 2175 1098 ditioni
2213 1042 2637 1111 subjunxerunt.
2668 1040 2870 1095 Contra
2900 1040 3097 1095 Carum
3115 1053 3167 1097 et
3191 1032 3546 1103 Valerianum

1980 1135 2163 1191 ferunt
2192 1133 2376 1189 stolidi
2406 1148 2470 1187 ac
2502 1132 2777 1187 temerarii
2805 1133 3038 1203 impetus
3085 1150 3275 1204 pmnas
3305 1137 3545 1206 dedisse,

1979 1236 2033 1283 et
2077 1229 2135 1283 in
2175 1226 2465 1281 Persarum
2515 1223 2717 1279 ﬁnibus
2768 1222 2940 1281 fuisse
2984 1227 3212 1282 deletos.
3266 1228 3543 1295 Attamen,

1979 1322 2075 1385 ait,
2109 1335 2216 1374 non
2255 1317 2505 1373 fortunas
2541 1317 2834 1386 exprobro,
2860 1317 3036 1373 fusius
3069 1334 3191 1388 quae
3221 1319 3289 1375 iis
3319 1322 3540 1377 accide-

1979 1420 2108 1469 runt
2138 1426 2440 1482 exponens.
2481 1410 2564 1464 Ab
2597 1409 2853 1480 Euripide
2877 1426 3043 1483 porro
3075 1411 3132 1469 in
3177 1412 3379 1469 Orestis
3425 1422 3544 1471 tra-

1979 1506 2178 1583 gcedia,
2209 1505 2311 1560 hoc
2339 1510 2614 1575 sumptum
2646 1510 2749 1559 est.

368 1620 511 1675 Ibid.
542 1619 583 1675 C
609 1621 693 1675 l4.
730 1620 846 1690 Τῆς
868 1621 1057 1692 ὁρμῆς
1089 1622 1189 1690 ἢν.
1224 1624 1424 1689 Ποίας;
1453 1623 1547 1679 τοῦ
1570 1625 1865 1697 προκειμέ-

2042 1623 2305 1688 Totusque
2325 1616 2607 1686 ferebatur.
2638 1616 2699 1671 In
2729 1614 3033 1686 quidnam?
3061 1615 3121 1671 in
3151 1632 3270 1673 eam
3308 1619 3535 1689 expedi-

294 1726 393 1762 νου
448 1709 688 1763 σκοποῦ·
731 1710 821 1775 ἵν’,
869 1714 917 1765 εί
962 1713 1255 1783 κρατήσειε
1304 1714 1550 1785 Περσῶν,
1599 1716 1718 1770 ὅλον
1756 1718 1869 1779 τοῖς

292 1803 516 1873 δαίμοσι
550 1806 895 1875 παραστῆσαι
939 1804 999 1858 τὸ
1027 1806 1365 1877 Χριστιανῶν
1391 1809 1564 1877 γένος,
1601 1809 1871 1879 ἐπαγόμε-

296 1909 391 1955 νος
421 1893 514 1945 καὶ
544 1894 622 1955 εἰς
660 1891 718 1945 ἓν
762 1894 943 1947 πᾶσαν
974 1895 1234 1966 μαντείας
1271 1898 1365 1950 καὶ
1410 1896 1670 1967 γοητείας
1698 1898 1869 1969 ῥητῆς

294 2000 361 2037 τε
404 1986 498 2038 καὶ
546 1985 786 2055 ἀρρήτου
828 1985 1019 2050 Θυσίας
1062 1988 1349 2060 τερατείαν
1393 1989 1539 2057 ἄγων
1584 1988 1708 2059 [ms.
1745 1989 1868 2054 575,

293 2092 353 2145 ρ.
383 2076 511 2141 ΞΗ,
544 2075 596 2142 1,
634 2092 733 2129 om.
775 2076 982 2151 άγων],
1018 2080 1301 2151 οἰκονομίᾳ
1328 2079 1470 2151 θείᾳ,
1507 2080 1595 2133 ἵνα
1630 2081 1777 2134 πᾶσα
1813 2083 1870 2133 ἐν

290 2167 466 2239 ὀλίγῳ
517 2167 947 2240 συγκαταλυθείη
994 2168 1148 2240 αὐτῷ
1195 2170 1333 2244 eam
1368 2170 1464 2224 καὶ
1505 2170 1727 2243 τελεστῇ
1761 2171 1871 2225 τῶν

295 2259 577 2314 τοιούτων.

365 2368 485 2425 Col.
527 2370 631 2425 676
669 2369 711 2423 Β
766 2370 819 2425 9.
874 2371 1102 2439 Ὥσπερ
1151 2369 1400 2442 ψάμμου
1457 2372 1647 2441 ποδὸς
1714 2376 1871 2430 ὑπο-

290 2461 704 2528 σπασθείσης.
723 2461 1001 2535 Ἐπείπερ,
1031 2463 1201 2536 λεπτὴ
1227 2463 1414 2535 ὥσπερ
1437 2466 1585 2529 κόνις
1610 2466 1674 2520 ἐκ
1699 2466 1873 2531 λιθίας

298 2554 506 2625 μικρᾶς
531 2552 915 2625 διωρισμένης,
940 2553 1057 2608 ἀλλ’
1086 2556 1148 2609 οὐ
1180 2557 1409 2629 συνεχὴς
1440 2559 1473 2629 ἡ
1498 2558 1748 2629 ψάμμος,
1780 2560 1873 2613 καὶ

295 2642 362 2697 οὐ
397 2642 551 2712 βάσιν
576 2642 774 2713 ἔχουσα
792 2642 882 2696 διὰ
908 2644 1065 2698 τοῦτο
1094 2645 1342 2718 στερεὰν,
1387 2646 1509 2700 οὐδέ
1536 2646 1702 2717 πῆξιν
1746 2650 1873 2703 ἀντ-

298 2734 601 2806 ερείδοντος
634 2734 693 2788 ἐν
716 2734 853 2807 αὐτῇ
878 2734 973 2790 τοῦ
999 2736 1177 2801 ποδὸς,
1210 2738 1521 2793 ὑποσπᾶται
1552 2740 1625 2811 μὴ
1657 2740 1876 2809 ὑφιστα-

300 2829 444 2899 μένη
474 2828 828 2883 σκεδάννυται
860 2833 924 2901 τῇ
958 2830 1183 2902 διεχείᾳ,
1214 2832 1309 2885 κοιλ¹
1336 2834 1416 2896 εἰς
1456 2833 1700 2887 τούπίσω
1736 2833 1872 2903 pa)..-

299 2917 393 2971 λον
418 2917 451 2988 ἢ
479 2916 860 2989 τοῦμπροσθεν
890 2918 1072 2989 βάλλει
1102 2920 1193 2973 τὸν
1223 2922 1522 2991 ὁδοιπόρον.

373 3025 511 3081 Ibid.
543 3025 585 3079 C
614 3030 664 3082 8.
708 3027 811 3091 Ἐξ
840 3027 1224 3097 ὑπερδεξίων.
1280 3029 1372 3093 Ὦς
1399 3031 1464 3083 άν
1491 3046 1575 3094 τις
1608 3031 1753 3085 εἴποι
1787 3031 1872 3085 δε-

303 3116 432 3182 ξιῶς
461 3117 694 3187 ἐχόντων
737 3119 830 3171 καὶ
872 3119 1192 3189 ἐπιτηδείων
1222 3120 1315 3174 καὶ
1344 3120 1481 3192 πρὸς
1518 3122 1728 3191 ἄμυναν
1761 3123 1871 3175 ἐπι-

300 3208 526 3272 δεξίων*
552 3208 774 3261 τοιαῦτα
804 3208 860 3262 δὲ
905 3208 973 3262 τά
1015 3210 1384 3281 ὑπερκείμενα
1424 3212 1598 3282 χωρία
1634 3213 1727 3267 καὶ
1760 3212 1871 3273 τοῖς

305 3299 559 3369 βάλλουσι
604 3300 697 3352 καὶ
728 3299 1053 3369 μαχομένοις
1085 3300 1407 3371 εύεπίφορα.
1447 3303 1600 3353 Δυεῐν
1627 3301 1738 3369 γὰρ
1776 3302 1873 3356 πό-

303 3388 440 3442 λεων
495 3389 925 3460 ὑπερκειμένων,
975 3389 1032 3454 ἐξ
1067 3381 1142 3442 ὧν
1175 3388 1282 3442 ἔδει
1312 3388 1651 3459 ἑκατέρωθεν
1682 3388 1872 3458 βάλλε-

306 3478 429 3532 σθαι
464 3480 590 3541 τοὺς
620 3478 1011 3548 ὑποκειμένους
1036 3477 1131 3530 καὶ
1165 3477 1392 3547 ποταμῷ
1419 3478 1569 3549 μέσῳ
1593 3478 1871 3541 πλέοντας.

304 3568 414 3638 πρὸ
444 3567 737 3637 ὀφθαλμῶν
767 3567 952 3619 λοιπὸν
987 3566 1166 3620 αὐτῶν
1192 3566 1261 3619 τὰ
1291 3566 1503 3638 πέρατα
1530 3568 1621 3620 καὶ
1646 3566 1705 3619 τὸ
1725 3566 1875 3629 τέλος

301 3660 399 3715 τοῦ
436 3658 557 3712 ὀλέθ
565 3675 679 3730 ρου,

375 3772 511 3827 Ibid.
546 3772 631 3827 1⁵2..
675 3771 1050 3840 ῖΛπορῤήξας
1078 3772 1176 3826 καὶ
1221 3774 1610 3842 περιαγαγὼν.
1642 3771 1749 3825 Τοῦ
1779 3790 1875 3825 πο·

304 3863 484 3935 ταμοῦ
526 3862 817 3933 ἀποτεμὼν
873 3865 1039 3935 μέρος
1069 3864 1161 3917 καὶ
1202 3862 1539 3936 ἀπορρήξας,
1580 3863 1673 3918 καὶ
1705 3862 1781 3925 ὡς
1818 3865 1875 3916 ἐν

306 3956 494 4027 κύκλῳ
540 3954 893 4026 περιαγαγὼν
945 3957 1040 4010 καὶ
1083 3954 1467 4025 περικάμψας·
1507 3956 1541 4025 ἡ
1590 3954 1700 4025 γὰρ
1738 3954 1877 4024 περί

307 4048 564 4120 πρόθεσις
593 4047 777 4118 κύκλῳ
801 4047 895 4100 καὶ
915 4048 975 4101 οὐ
1009 4047 1130 4101 κατ’
1164 4046 1380 4101 εὐθεῖαν
1402 4046 1499 4117 τὴν
1527 4047 1748 4117 ἀγωγὴν
1777 4049 1876 4117 ἐμ-

307 4140 510 4212 ξαίνει.

381 4253 500 4310 Col.
529 4253 631 4307 677
662 4255 704 4306 A
744 4253 798 4308 3.
834 4254 993 4308 Κατὰ
1031 4248 1307 4321 μετώπου
1340 4250 1408 4304 δὲ
1445 4249 1729 4306 ἵστασθαι
1774 4251 1873 4304 καί

309 4344 705 4399 κινδυνεύειν.
767 4343 833 4398 Ἦ
866 4343 1105 4416 Περσικὴ
1138 4342 1365 4413 δύναμις
1406 4342 1547 4395 κατά
1591 4340 1876 4412 πρόσωπον

310 4436 563 4489 ἵστασθαι
588 4436 681 4489 καὶ
729 4434 995 4505 μάχεσθαι
1033 4433 1133 4487 οὐκ
1162 4430 1298 4505 ᾤετο
1332 4432 1440 4486 δεῖν
1465 4432 1588 4503 δίχα
1635 4432 1877 4502 μεγάλης

311 4527 574 4597 ἀνάγκης,
598 4527 992 4598 ἐνυπάρχοντος
1018 4526 1153 4597 αὐτῇ
1176 4527 1239 4578 ἐκ
1266 4524 1581 4596 περιουσίας
1611 4523 1704 4576 καὶ
1730 4522 1880 4577 ἀκιν-

311 4618 482 4682 δύνως
511 4618 755 4689 κρατεῖν.

383 4727 518 4783 ibid.
546 4727 598 4783 5.
642 4729 738 4781 Ἐκ
780 4726 849 4780 δὲ
881 4724 999 4781 τῶν
1024 4727 1231 4797 λόφων
1268 4724 1367 4781 καὶ
1410 4724 1528 4779 τῶν
1565 4722 1798 4778 στενῶν
1840 4717 1881 4793 ᾗ

312 4816 617 4885 παρείκοι.
666 4815 921 4868 Τουτέστι
959 4814 1226 4884 βάλλουσα
1267 4814 1361 4866 καὶ⁴
1399 4809 1717 4881 τοξεύουσαι,
1747 4809 1881 4862 ὅπου

314 4909 382 4964 ἃν
420 4911 684 4979 ἐγχωρεῖν
716 4906 889 4961 ἐδόκει
928 4905 1230 4969 ἀκινδύνως
1257 4904 1435 4958 ἐνίκα.

385 5000 521 5055 Ibid.
534 4998 576 5052 Β
597 4998 649 5052 2.
675 4997 894 5065 Τὸνῐέπὶ
910 4995 1218 5051 Βαϐυλῶνι
1232 4995 1382 5063 πρὸς
1394 4994 1589 5063 Κύρον
1602 4986 1884 5059 Ζώπυρον

310 5088 742 5160 μιμησάμενος.
782 5086 1039 5159 Ζώπυρος
1064 5085 1177 5157 (54)
1204 5080 1355 5148 οὗτος
1383 5082 1726 5153 ὑπασπιστὴς
1758 5080 1876 5134 Κυ-

386 5309 499 5381 (33)
522 5306 605 5381 En
634 5306 881 5381 Gregorii
912 5307 1076 5381 verb_a
1116 5328 1130 5363 :
1160 5307 1228 5381 ἵν’
1261 5306 1290 5364 ὅ
1322 5326 1486 5381 φησιν
1512 5308 1547 5378 ἠ
1588 5302 1881 5381 τραγῳδία,

321 5377 656 5450 ιιῆὸνειδίξω
679 5378 779 5450 τὰς
806 5377 992 5448 τύχας.
1021 5378 1087 5450 Et
1118 5379 1299 5449 reipsa
1324 5377 1548 5450 orestes
1568 5379 1656 5450 ait
1689 5378 1745 5430 in
1768 5383 1883 5429 tra—

316 5448 497 5519 goedia
526 5463 648 5519 qua:
678 5448 799 5518 eius
828 5449 1048 5504 nomine
1077 5448 1423 5515 inscribitur,
1460 5448 1620 5503 initio
1656 5461 1671 5500 :

436 5576 633 5663 :O‘n‘rp
649 5576 961 5663 μακάριος..
984 5579 1135 5663 κοΑἰζκ
1169 5572 1424 5663 (ir-etagro:
1443 5577 1649 5663 τύχας,

420 5646 555 5717 Διὸς
589 5646 892 5717 πεφυκὼς,
919 5650 998 5715 ὠς
1028 5648 1298 5718 λέγουσι,
1327 5646 1644 5713 Τὰνῖανος.

1970 1716 2191 1770 tionem.
2214 1708 2286 1764 Ut
2316 1708 2365 1762 si
2394 1705 2588 1761 Persas
2606 1714 2906 1775 superaret,
2926 1705 3243 1760 universum
3272 1707 3543 1764 Christia-

1970 1818 2169 1862 norum
2233 1813 2407 1872 genus
2460 1798 2563 1852 sub
2605 1798 2911 1852 daemonum
2945 1806 3268 1866 potestatem
3326 1801 3541 1872 redige-

1970 1906 2074 1962 ret,
2106 1894 2254 1953 omni
2306 1890 2660 1948 divinationis
2720 1898 2774 1945 et
2820 1891 3238 1960 praestigiarum,
3274 1891 3540 1950 dicendo.

1969 2004 2203 2060 rumque
2234 1994 2289 2043 et
2332 1983 2690 2039 tacendorum
2743 1981 3138 2036 sacriﬁciorum
3187 1983 3427 2038 vanitate
3486 1984 3544 2039 in

1971 2096 2140 2136 unum
2162 2077 2411 2138 collecta,
2437 2072 2673 2143 quadam
2691 2070 2783 2126 Dei
2811 2069 3180 2142 providentia,
3209 2080 3268 2126 ut
3286 2073 3541 2130 universa

1969 2186 2034 2226 ea
2068 2167 2233 2225 simul
2276 2178 2400 2219 cum
2451 2161 2571 2232 ipso
2601 2160 2916 2231 huiusmodi
2964 2176 3146 2217 rerum
3184 2161 3437 2218 sacriﬁco
3489 2170 3546 2219 et

1972 2259 2251 2314 initiatore
2284 2253 2579 2309 deleretur.

2055 2370 2203 2427 i’elut
2253 2383 2417 2422 arena
2474 2364 2690 2433 pedibus
2740 2363 3035 2418 subtracta.
3086 2363 3270 2420 Arena
3339 2367 3546 2439 quippe

1971 2463 2155 2522 tenuis
2193 2460 2410 2531 quidem
2439 2468 2525 2514 est
2556 2462 2616 2510 ut
2651 2454 2855 2525 pulvis,
2885 2470 2995 2510 non
3026 2463 3206 2511 autem
3235 2456 3542 2521 cohaerens,

1974 2566 2034 2612 ut
2069 2570 2190 2626 qua:
2217 2568 2283 2609 ex
2314 2547 2629 2622 perexiguis
2670 2546 2871 2617 lapillis
2912 2554 3233 2602 coacervata
3282 2547 3384 2610 sit,
3417 2563 3546 2619 pro-

1976 2656 2271 2719 ptereaque
2324 2640 2462 2697 nihil
2496 2638 2711 2693 ﬁrmum
2764 2651 2829 2691 ac
2880 2636 3116 2694 solidum
3167 2636 3400 2702 habeat,
3453 2639 3546 2693 ubi

1973 2750 2198 2811 gressus
2220 2732 2310 2804 ﬁgi
2344 2728 2560 2800 possit;
2588 2728 2665 2781 ita
2695 2734 2755 2780 ut
2792 2726 3071 2797 impresso
3113 2725 3238 2796 pedi
3287 2741 3408 2782 sese
3430 2727 3546 2798 ipsa

1974 2827 2267 2887 subducat.
2298 2821 2584 2881 diducens,
2616 2823 2781 2886 atque
2812 2814 2866 2868 in
2896 2820 3109 2886 tergum
3154 2815 3340 2886 potius
3381 2831 3545 2887 quam

1979 2921 2035 2975 in
2069 2917 2305 2972 frontem
2336 2911 2601 2964 viatorem
2628 2905 2830 2959 mittat.

2049 3028 2097 3083 E
2122 3026 2235 3082 loco
2264 3020 2542 3093 superiori.
2581 3016 2885 3073 Sciiicetex
2916 3013 3241 3079 commodis,
3274 3021 3442 3085 atque
3477 3014 3545 3070 ad

1976 3117 2357 3174 defensionem
2422 3108 2662 3165 maxime
2723 3104 2937 3160 idoneis
3004 3103 3163 3159 locis.
3220 3102 3348 3160 Haec
3399 3105 3543 3160 enin.

1974 3211 2121 3267 edita
2150 3209 2269 3264 loca
2309 3204 2379 3259 ad
2434 3200 2741 3258 feriendum
2779 3197 3320 3268 propulsandumque
3357 3198 3547 3254 admo«

1975 3302 2104 3356 dum
2134 3295 2444 3354 commoda.
2486 3292 2618 3346 Duae
2649 3289 2793 3345 enim
2826 3288 2990 3344 urbes
3011 3288 3349 3352 eminebant,
3374 3305 3404 3345 e
3425 3286 3549 3360 qui-

1976 3393 2080 3448 bus
2113 3403 2339 3445 necesse
2368 3391 2487 3440 erat
2519 3382 2777 3451 utrinque
2809 3381 2934 3436 telis
2974 3381 3088 3451 peti
3132 3381 3228 3451 qui
3269 3382 3326 3435 in
3370 3379 3549 3435 humi-

1981 3483 2215 3539 tioribus
2248 3478 2387 3534 locis
2414 3483 2574 3532 erant
2621 3488 2684 3528 ac
2724 3470 2923 3527 ﬁumen
2968 3470 3224 3540 trajicere
3266 3470 3548 3527 conaban-

1983 3582 2076 3628 tur
2113 3592 2126 3627 :
2163 3571 2236 3626 ita
2262 3579 2322 3626 ut
2366 3568 2444 3621 illi
2531 3572 2656 3620 ante
2698 3563 2888 3619 oculos
2935 3562 3069 3616 nihil
3115 3562 3219 3616 nisi
3251 3561 3546 3633 perniciem

1984 3672 2305 3733 certamque
2345 3672 2533 3715 necem
2566 3654 2995 3726 prospiciebant.

2057 3776 2190 3832 Cum
2215 3772 2502 3842 dirupiuet
2526 3784 2589 3824 ac
2627 3763 3089 3822 circumduxisset.
3134 3762 3299 3820 Parte
3342 3765 3550 3821 scilicet

1991 3866 2141 3922 ﬂuvii
2179 3865 2407 3936 praecisa
2436 3860 2778 3929 abductaque
2797 3865 2850 3913 et
2878 3858 3038 3928 quasi
3084 3858 3139 3911 in
3183 3857 3391 3913 circulo
3440 3859 3550 3914 cir-

1976 3957 2265 4012 eumducta
2295 3961 2350 4008 et
2380 3951 2599 4007 inﬂexa.
2629 3948 2957 4018 Praepositio
2981 3949 3129 4003 enim
3172 3948 3299 4019 περί
3344 3949 3548 4005 circui-

1979 4052 2115 4105 tum,
2145 4056 2251 4096 non
2285 4046 2491 4095 rectam
2522 4036 2882 4092 directionem
2914 4034 3138 4092 indicat.

2053 4238 2290 4294 Adversa
2342 4233 2553 4306 quidem
2601 4234 2714 4289 acie
2755 4233 2860 4288 sibi
2900 4234 3148 4289 standum
3164 4243 3214 4288 et
3253 4237 3549 4303 periculum

1914 4306 1955 4359 θ
1985 4331 2152 4387 adire.
2185 4329 2416 4385 Persicae
2445 4325 2618 4397 copiae
2646 4325 2874 4380 adversa
2914 4326 3032 4381 acie
3059 4325 3165 4381 sibi
3203 4328 3460 4382 standum
3491 4338 3547 4384 et

1984 4416 2373 4479 decertandum
2398 4433 2507 4473 non
2541 4422 2893 4489 putaverunt,
2936 4416 3044 4471 nisi
3078 4430 3273 4486 magna
3299 4421 3547 4475 necessi-

1990 4520 2101 4567 tate
2125 4516 2372 4582 urgente,
2401 4523 2527 4565 cum
2552 4506 2703 4561 nullo
2731 4506 2950 4578 negotio
2986 4522 3053 4562 ac
3090 4506 3411 4566 discrimine
3434 4512 3553 4567 vico

1985 4605 2181 4660 loriam
2209 4600 2457 4657 obtinere
2485 4594 2699 4655 liceret.

2059 4715 2107 4771 E
2128 4713 2345 4769 tumulis
2367 4721 2419 4768 et
2455 4712 2689 4767 locorum
2728 4710 2991 4781 angustiis
3013 4751 3027 4775 ,
3052 4720 3141 4764 ubi
3175 4711 3408 4779 facultas
3448 4714 3552 4769 da-

1988 4818 2154 4864 retur.
2187 4805 2243 4862 ld
2289 4813 2375 4861 est
2427 4803 2533 4859 tela
2572 4810 2627 4859 et
2677 4803 2911 4873 sagittas
2956 4802 3312 4873 dejicientes,
3364 4804 3457 4861 ubi
3498 4805 3554 4862 id

1990 4900 2213 4969 impune
2248 4896 2366 4952 ﬁeri
2388 4894 2691 4951 videretur.

2061 4984 2257 5057 Zopyri
2287 4985 2432 5040 illius
2468 5001 2596 5052 erga
2615 4982 2831 5054 Cyrum.
2856 4985 2914 5038 in
2941 4981 3231 5057 Babylonis
3259 4985 3548 5051 obsidione.

1992 5074 2200 5143 facinus
2243 5070 2501 5128 imitatur.
2544 5066 2790 5141 Zopyrus
2833 5069 2925 5127 ille
2970 5071 3096 5145 Cyri
3153 5076 3388 5142 armiger
3438 5090 3557 5133 erat

2057 5294 2137 5353 Ex
2179 5297 2286 5353 hoc
2333 5292 2523 5353 Basilii
2560 5296 2691 5353 loco
2732 5296 3130 5367 expungendus
3170 5296 3277 5351 erit
3310 5297 3363 5351 in
3403 5302 3555 5367 textu

1979 5366 2239 5437 Gregorii
2258 5368 2528 5437 articulus
2549 5368 2649 5431 τάς
2679 5366 2827 5437 quod
2860 5366 3268 5437 hemistichium
3303 5366 3554 5437 impedit.

2059 5432 2407 5507 (34),Zopyri
2440 5432 2731 5507 historiam
2766 5444 2957 5507 narrat
2984 5432 3558 5507 Herodotns(ni,153

1984 5505 2161 5577 ειμι).
2176 5505 2389 5579 Lapsus
2412 5514 2496 5561 est
2527 5505 2838 5579 Gregorius
2855 5506 3052 5579 Cyrum
3082 5521 3182 5575 pro
3210 5506 3551 5579 Darioiscrio

1995 5575 2132 5645 bene
2156 5617 2172 5642 ,
2209 5575 2357 5645 quod
2409 5575 2762 5632 secutus'est
2800 5575 3080 5645 Basilius;
3124 5586 3179 5632 at
3232 5578 3559 5633 scholiastes

1994 5642 2314 5703 Montacutii
2344 5645 2565 5703 Darium
2593 5644 2857 5703 restituit.
