4018 6296
452 176 586 234 H35

1797 157 2037 217 BASILII
2070 150 2290 213 MINIMI

3563 151 3700 207 “36

450 288 778 361 Babylonem
824 284 1147 341 obsidentis.
1179 283 1373 349 Quem,
1403 294 1526 335 cum
1555 292 1674 334 eam
1706 290 2022 348 oppugnare

2151 288 2223 324 »ου
2311 267 2516 332 τελῶν,
2588 264 3001 338 πολιορκοῦντος
3073 263 3364 316 Βαϐυλῶνα
3433 262 3526 317 καὶ
3597 266 3703 335 οὐχ

451 382 675 436 minime
711 386 915 450 posset,
946 376 1100 439 adiit,
1124 376 1275 429 urbis
1313 370 1771 444 oppugnationem
1813 366 2023 437 pollici-

455 481 565 526 tus.
598 471 676 524 Ac
705 485 763 525 se
797 470 972 538 ipsum
1021 465 1163 520 finde
1208 464 1548 524 dilacerans,
1594 460 1663 512 ad
1701 456 2025 528 Babylonios

454 562 770 631 transfugit,
806 560 965 631 quasi
987 558 1131 630 Cyro
1166 556 1404 609 maxime
1433 552 1705 612 infensus,
1726 548 1819 618 qui
1847 548 2023 617 ipsum

456 656 592 709 adeo
623 652 901 708 atrocibus
934 651 1110 722 plagis
1161 646 1613 707 exeruciavisset,
1665 641 2025 711 corporisque

457 746 858 801 mutilationem
890 741 1208 797 ostendens.
1236 738 1318 793 illi
1344 753 1476 793 vero
1517 736 1637 792 istis
1665 734 1821 788 fidem
1872 729 2028 785 adhi-

459 840 651 892 bentes
679 845 733 891 et
765 835 955 889 fraude
989 834 1225 902 decepti,
1252 831 1411 886 inscii
1449 830 1663 899 scipsos
1692 833 1747 881 et
1789 823 2027 894 Babylo-

458 946 582 987 nem
613 928 825 999 Zopyro
852 936 906 982 et.
938 925 1082 997 Cyro
1117 924 1484 979 tradiderunt.

527 1131 603 1183 Ac
626 1129 766 1181 risus
802 1126 1012 1192 insuper
1059 1120 1357 1176 accedebat.
1408 1118 1752 1185 Quibusnam
1799 1112 2028 1167 accede-

458 1222 584 1277 bat?
611 1218 814 1288 Nempe
849 1215 1120 1270 hostibus.
1156 1207 1626 1266 Persuadentine?
1651 1206 1733 1260 vel
1768 1217 2032 1273 persuaso

460 1323 513 1368 et
543 1309 853 1369 exercitui?
889 1307 1172 1367 llostibus,
1227 1306 1473 1374 inquam,
1525 1301 1675 1355 risus
1719 1296 2031 1361 accedebat,

462 1422 586 1460 cum
618 1406 730 1474 jam
764 1404 818 1456 in
857 1416 921 1457 eo
947 1407 1133 1456 essent
1164 1407 1221 1453 ut
1268 1409 1562 1467 persuasos
1628 1389 1969 1445 trucidarent
2018 1408 2031 1443 :

470 1513 611 1568 quos
647 1496 790 1551 enim
834 1494 938 1549 sibi
976 1492 1112 1562 ipsis
1146 1495 1374 1545 mortem
1407 1481 2039 1546 consciscercvidebant,

2124 364 2236 416 οἵου
2280 377 2339 414 τε
2372 360 2525 421 ὃντος
2558 358 2720 420 ἑλεῖν,
2770 355 3088 427 προσελθὼν
3140 355 3329 426 Κύρῳ,
3360 355 3704 425 ὑπισχνεῖται

2123 453 2222 525 τὴν
2256 454 2455 507 ἅλωσιν
2475 468 2492 484 ·
2540 449 2635 502 καὶ⁹
2681 448 2745 519 δὴ
2775 448 3127 518 αἰκισάμενος
3157 447 3367 509 ἑαυτὸν,
3410 446 3707 516 αὐτομολεῖ

2126 540 2515 604 Βαϐυλωνίοις,
2566 538 2641 602 ὡς
2681 538 2743 608 δή
2763 536 3292 608 τιπροσκεκρουκὼς
3329 535 3532 607 Κύρῳ,
3574 537 3602 587 ὀ
3643 536 3706 588 δὲ

2125 632 2389 685 αἰκίσαιτο
2431 632 2553 693 ταῖς
2595 631 2940 692 ἀνυποίστοις
2986 628 3211 691 ταύταις
3261 627 3459 688 αὐτὸν,
3516 629 3705 698 φησιν,

2128 722 2318 795 [CoisL
2361 722 2524 775 άνυπ.
2565 720 2789 784 ταύταις
2826 718 3021 790 φησ.],
3057 719 3295 783 αἰκίαις,
3346 720 3561 781 δεικνὺς
3606 718 3710 789 τὴν

2128 812 2220 866 τού
2254 810 2504 882 σώματος
2529 807 2710 880 λώϐην
2735 826 2749 839 ·
2775 810 2824 862 οἱ
2848 809 2906 861 δὲ
2926 813 3046 872 ταῖς
3076 809 3350 873 τοιαύταις
3377 810 3712 863 πιστεύσαν-

2128 920 2220 966 τες
2266 901 2361 955 καὶ
2399 898 2803 972 τεθαρρηκότες
2838 898 3109 961 ἀπάταις,
3151 896 3341 950 ἔλαθον
3391 896 3617 960 ἑαυτούς
3645 913 3712 949 τε

2132 990 2529 1066 προδεδωκότες
2558 990 2652 1043 καὶ
2677 988 2969 1042 Βαϐυλῶνα
2998 987 3243 1059 Ζωπύρῳ
3267 988 3359 1041 καὶ
3389 987 3578 1058 Κύρῳ.

2205 1105 2341 1161 Ibid.
2388 1104 2429 1159 C
2471 1104 2556 1158 12.
2587 1101 2697 1158 Kal
2733 1100 3024 1170 προσῆνό
3060 1101 3265 1170 γέλως.
3308 1101 3431 1154 Τίσι
3464 1102 3713 1171 προσῆν;

2139 1193 2249 1267 ἆρα
2278 1199 2390 1259 τοῖς
2434 1194 2750 1265 πολεμίοις;
2786 1193 2819 1263 ἢ
2864 1192 2943 1263 τῷ
2975 1191 3363 1262 βουλεύσαντες
3405 1192 3438 1263 ἢ
3478 1192 3555 1263 τῷ
3589 1209 3716 1244 πει-

2137 1288 2314 1342 σθέντι
2343 1288 2438 1341 καὶ
2472 1289 2539 1358 τῇ
2572 1287 2848 1357 στρατιᾷς
2881 1286 3005 1349 Τοῖς
3051 1284 3352 1355 πολεμίοις,
3392 1282 3579 1355 οἶμαι,
3612 1303 3717 1338 κα-

2135 1380 2377 1449 τάγελως
2423 1375 2512 1451 ἦν,
2565 1377 2750 1446 ἐπειδὴ
2796 1377 2890 1430 καὶ
2921 1379 2955 1448 ή
3006 1377 3189 1447 σφαγὴ
3220 1376 3281 1429 οὗ
3338 1377 3555 1449 μακράν
3604 1378 3719 1429 τῶν

2140 1473 2581 1526 πεπιστευκότων
2606 1486 2618 1501 '
2649 1469 2970 1541 αὐτόχειρας
2998 1470 3108 1540 γὰρ
3142 1470 3238 1539 τῆς
3262 1469 3467 1522 ἑαυτῶν
3497 1469 3721 1538 σφαγῆς

465 1559 849 1659 propriamque
872 1559 1102 1641 salutem
1135 1583 1257 1653 igne
1289 1579 1694 1649 coullagrantes
1718 1616 1732 1642 ,
1765 1572 2039 1644 quomodo

2151 1564 2432 1632 γεγονότας
2478 1562 2804 1633 ἑωρακότες,
2836 1561 2930 1614 καὶ
2971 1559 3159 1632 [CoisL
3198 1576 3303 1614 om.
3350 1560 3466 1631 καὶ]
3496 1560 3595 1631 τὴν
3626 1562 3723 1614 αὑ·-

468 1691 717 1752 poterant
763 1696 871 1735 non
930 1677 1151 1733 ridere?
1190 1675 1346 1742 Quod
1402 1672 1621 1744 quidem
1664 1683 1765 1740 pro
1811 1668 1941 1738 joco
1986 1672 2040 1721 et

464 1776 585 1830 risu
634 1769 965 1833 habendum,
1011 1766 1313 1823 credidisse
1355 1764 1573 1821 scilicet
1623 1761 1946 1831 Apostatam
1988 1763 2043 1812 et

408 1888 415 1894 ι
466 1879 598 1921 suos
662 1878 691 1915 a
742 1861 848 1916 Deo
912 1858 1184 1915 dementia
1229 1855 1533 1927 perculsos,
1583 1850 1741 1923 quasi
1782 1861 2043 1919 superva-

468 1972 632 2012 cuum
664 1970 803 2011 onus
829 1952 1140 2023 rejicientes
1187 1958 1242 2007 et
1315 1948 1552 2004 celerius
1598 1959 1762 2017 quam
1804 1957 1925 2014 quae
1975 1955 2041 1995 ex

469 2048 725 2120 opinione
757 2044 1012 2117 praedicta
1040 2048 1220 2109 erant,
1252 2040 1489 2096 evenire.

546 2329 809 2385 Nonnulli
847 2327 985 2382 enim
1047 2342 1081 2379 a
1134 2322 1313 2377 Persis
1371 2337 1490 2376 eum
1526 2319 1714 2389 jaculo
1774 2318 2043 2386 conﬁxum

470 2423 632 2494 fuisse
662 2421 830 2473 aiunt.
863 2415 1092 2483 Quidam
1117 2414 1260 2469 enim
1277 2428 1403 2467 eum
1435 2410 1727 2467 temerario
1750 2424 1813 2465 ac
1838 2409 2047 2463 furioso

471 2515 679 2583 impetu
714 2512 820 2564 huc
853 2516 1016 2577 atque
1046 2506 1176 2560 illuc
1228 2513 1480 2559 ruentem
1530 2502 1672 2556 idem
1722 2501 1865 2572 quod
1906 2500 2047 2572 Cyro

474 2600 811 2673 Parysatidis
841 2600 952 2653 lilio
994 2597 1429 2665 Artaxerxisque
1487 2592 1644 2647 fratri
1673 2592 1892 2657 accidit,
1919 2606 2050 2662 pas-

476 2710 597 2751 sum
631 2693 800 2749 fuisse
830 2691 1003 2746 aiunt.
1033 2688 1131 2744 ilic
1189 2689 1334 2743 enim
1380 2688 1579 2758 Cyrus,
1629 2686 1723 2741 sed
1768 2699 1877 2738 non
1928 2699 2048 2739 nta-

475 2802 635 2859 gnus,
686 2783 1032 2854 congregatis
1073 2780 1259 2835 decem
1316 2778 1631 2836 Graecorum
1680 2776 1946 2842 millibus,
1992 2776 2047 2830 in

480 2877 686 2947 quibus
713 2873 1015 2943 Xenophon
1040 2870 1210 2941 Grylli
1241 2869 1404 2934 lilius,
1441 2876 1499 2922 ut
1532 2868 1619 2922 ille
1644 2867 1838 2935 ipsein
1868 2865 2051 2921 suade

2141 1654 2247 1707 τῶν
2282 1653 2554 1724 σωτηρίαν
2595 1652 2728 1720 πυρὶ⁴
2778 1650 3227 1722 παραδεδωκότας
3252 1689 3265 1712 ,
3304 1649 3421 1714 πῶς
3453 1652 3516 1703 ού
3547 1669 3722 1705 κατα-

2142 1744 2303 1813 γελᾷν
2336 1744 2481 1806 εἰκὸς
2504 1738 2607 1814 ἦνς
2642 1742 2797 1794 Ἐστι
2822 1741 2880 1795 δὲ
2906 1745 3044 1796 νοεῖν
3074 1742 3168 1794 καὶ
3198 1742 3273 1805 ὼς
3304 1743 3363 1795 ὲν
3392 1744 3589 1813 παιδιᾷ
3619 1745 3718 1797 καὶ

2143 1834 2340 1904 γέλωτι
2374 1834 2519 1906 ἔχειν
2566 1834 2627 1887 τὸ
2654 1833 2874 1903 γεγονὸς
2895 1872 2910 1897 ,
2942 1834 3031 1888 τόν
3070 1851 3129 1887 τε
3183 1834 3555 1888 πιστεύσαντα
3589 1832 3718 1906 [πη.

2145 1930 2251 1983 575
2289 1928 2381 1981 τὸν
2409 1924 2587 1997 πιστ.]
2626 1927 2961 1997 Ἀποστάτην
2994 1927 3120 1991 τοὺς
3163 1928 3260 1982 σὺν
3303 1927 3455 1998 αύτῷ
3498 1928 3726 1983 050613-

2145 2019 2267 2092 δείᾳ
2304 2018 2618 2090 βληθέντας,
2651 2018 2727 2082 ῶς
2755 2019 3005 2090 περιττὸν
3034 2019 3229 2090 φόρτον
3261 2020 3719 2091 ἀποσεισαμένων

2090 2144 2102 2164 ι
2144 2111 2271 2183 [ηη.
2293 2111 2397 2166 573
2412 2108 2865 2187 ἀποσεισάμενον]
2883 2113 2976 2165 καὶ
3002 2111 3194 2166 θᾶττον
3223 2115 3345 2181 (ms.
3376 2113 3486 2167 573
3508 2130 3561 2185 p.
3583 2114 3654 2168 27
3666 2114 3720 2183 ί)

2144 2203 2251 2257 τῶν
2276 2206 2416 2259 κατὰ
2439 2203 2662 2276 γνώμην
2691 2202 3151 2276 προηγγελμένων
3184 2206 3483 2274 ἐπιτυχεῖν.

2226 2314 2346 2370 Col.
2381 2315 2485 2371 680
2519 2317 2560 2369 A
2606 2316 2660 2371 4.
2718 2318 2781 2369 ω
2810 2314 2926 2384 μὲν
2960 2318 3072 2386 γὰρ
3122 2317 3239 2370 ὑπὸ
3280 2316 3533 2385 Περσῶν
3588 2335 3725 2371 κατα

2146 2410 2498 2475 ηκογτίσυαι
2520 2410 2728 2475 φασιν.
2748 2406 3046 2470 Ἀτάκτοις,
3073 2408 3254 2478 φησὶν,
3286 2409 3580 2481 ἐκδρομαῖς
3600 2411 3726 2481 τῇδε

2147 2500 2372 2554 κάκεῖσε
2402 2499 2497 2552 σὺν
2525 2497 2802 2570 ὲμπληξίᾳ
2832 2497 3022 2570 [CoisL
3053 2499 3351 2574 ἐκπληξίᾳ]
3399 2503 3726 2575 φερόμενον,

2148 2590 2330 2662 ὅμοιόν
2352 2608 2400 2643 τι
2427 2590 2747 2644 πεπονθέναι
2771 2590 2937 2662 Κύρῳ
2956 2590 3035 2662 τῷ
3058 2593 3444 2662 Παρυσάτιδος,
3473 2596 3568 2649 καὶ
3599 2598 3725 2669 Ἀρι

2148 2679 2404 2752 ταξέρξου
2437 2679 2679 2752 ἀδελφῷ·
2707 2675 2858 2746 οὗτος
2884 2681 2994 2752 γάρ
3024 2684 3053 2735 ὁ
3082 2682 3283 2755 Κῦρος,
3312 2686 3425 2738 ἀλλ’
3455 2688 3553 2756 οὐχ
3573 2690 3603 2740 ό
3629 2689 3725 2759 μέ-

2149 2789 2273 2841 γας,
2318 2771 2655 2825 συνανελοὼν
2688 2772 2829 2842 μετά
2857 2774 3068 2844 μυρίων
3124 2774 3412 2846 Ἑλλήνων,
3439 2780 3497 2831 ἐν
3524 2773 3608 2843 οἷς
3637 2780 3731 2832 καὶ

2151 2863 2397 2934 Ξενοφῶν
2449 2866 2477 2918 ὁ
2518 2864 2757 2936 Γρύλλου
2780 2903 2793 2928 ,
2834 2866 2911 2929 ὡς
2943 2868 3105 2931 αὐτὸς
3139 2870 3343 2933 ἐκεῖνος
3374 2871 3431 2923 ὲν
3469 2875 3535 2942 τῇ
3585 2875 3731 2926 Ἀναο

473 2967 598 3038 Cyri
637 2963 980 3035 expeditione
1006 2960 1240 3016 historia
1273 2967 1482 3023 narrat,
1509 2957 1663 3011 fratri
1694 2958 1749 3010 in
1797 2957 1914 3010 acie
1954 2970 2047 3010 oc-

2152 2954 2308 3009 6άσει
2335 2955 2536 3026 γράφει
2562 2995 2576 3019 ,
2610 2954 2785 3009 συνὼν
2818 2955 3006 3028 [CoisL
3046 2958 3236 3031 συνῆν]
3267 2960 3403 3029 μετὰ
3436 2961 3532 3015 τοῦ
3575 2963 3731 3016 ἁδελ-

476 3055 671 3117 currit,
705 3062 759 3108 et
788 3067 913 3107 cum
944 3065 1010 3105 eo
1039 3061 1388 3118 congressus,
1434 3045 1660 3114 jamque
1688 3043 1889 3107 vietor,
1924 3057 2049 3111 pro-

474 3148 596 3218 prio
630 3147 832 3215 impetu
862 3141 1048 3212 lapsus
1078 3153 1202 3193 cum
1237 3135 1402 3190 fratre
1428 3134 1658 3193 interiit.
1693 3132 1784 3187 Sic
1813 3142 1867 3188 et
1918 3147 2047 3187 eum

478 3239 632 3292 aiunt
661 3233 937 3289 interiisse
968 3247 997 3284 a
1024 3229 1209 3285 Persis
1249 3227 1434 3298 jaculo
1476 3226 1777 3282 conﬁxum.
1820 3225 2051 3295 Quoquo

477 3337 656 3381 autem
697 3328 854 3394 pacto
881 3336 967 3376 res
1002 3336 1063 3376 se
1094 3318 1312 3383 habeat,
1362 3326 1417 3372 et
1469 3332 1499 3370 a
1566 3332 1677 3387 quo
1724 3316 2052 3371 interfectus

481 3418 573 3482 sit,
607 3415 769 3469 letale
798 3419 948 3467 certe
993 3409 1221 3479 orbique
1259 3407 1521 3463 universo
1566 3407 1804 3461 salutare
1852 3406 2053 3462 vulnus

481 3506 703 3576 accipit,
736 3519 800 3557 ac
832 3518 929 3573 per
957 3500 1175 3556 unicam
1229 3499 1557 3554 incisionem
1604 3499 1901 3552 multorum
1942 3498 2055 3551 vis-

482 3612 693 3660 cerum,
724 3595 866 3650 male
896 3593 1252 3655 creditorum,
1292 3589 1580 3646 incisionis
1635 3605 1824 3659 ptenas
1872 3590 2053 3645 exsol-

487 3691 587 3743 vit.
614 3686 770 3754 Quod
805 3686 966 3740 etiam
990 3683 1171 3752 ipsum
1220 3680 1582 3735 admiratione
1621 3680 1865 3752 dignum,
1913 3697 2051 3752 quo-

485 3778 649 3835 modo
676 3779 766 3847 qui
806 3791 864 3831 se
896 3790 990 3844 per
1024 3775 1293 3828 viscerum
1347 3772 1623 3827 sectiones
1662 3771 1845 3826 omnia
1892 3787 2057 3827 nosse

486 3869 878 3927 arbitrabatur,
915 3864 1129 3933 plagam
1161 3863 1573 3930 sectionemque
1604 3860 1914 3917 visceribus
1938 3864 2055 3918 suis

488 3957 829 4028 inlligendatn
871 3951 1147 4025 ignorarit.

560 4064 862 4139 Tyramtide
888 4063 1117 4133 profecto
1140 4061 1323 4133 digna.
1394 4062 1682 4119 Iovianum
1739 4062 1872 4118 dicit
1903 4064 2055 4133 pium

486 4161 667 4215 virum
727 4164 891 4227 atque
946 4154 1177 4223 imperio
1234 4152 1528 4207 admodum
1582 4153 1826 4224 dignum.
1862 4153 2057 4210 iPrisci

488 4252 632 4307 enim
660 4262 815 4317 reges
848 4255 1110 4317 tyrannos
1146 4243 1516 4315 appellabant,
1541 4254 1594 4298 et
1622 4258 1849 4316 regnum
1874 4255 2058 4316 tyran-

488 4343 691 4398 nidem.
728 4338 921 4394 Postea
958 4344 1139 4391 autem
1180 4335 1476 4391 discrimen
1505 4334 1620 4390 haec
1670 4352 1776 4391 vox
1821 4337 2055 4407 accepit,

488 4433 657 4503 utqui
687 4445 782 4501 per
807 4430 914 4485 vim
946 4438 1009 4483 ac
1039 4442 1150 4482 non
1184 4440 1250 4482 ex
1284 4426 1461 4497 legum
1492 4427 1815 4498 pra-scripto
1844 4444 1931 4485 res
1963 4430 2060 4483 ad-

438 4568 447 4575 .
498 4524 873 4585 ministraret,
918 4524 1188 4591 tyrannus
1224 4525 1543 4585 vocaretur;
1601 4530 1696 4574 rex
1740 4522 2061 4591 autem,qui

490 4617 730 4689 legitime
758 4614 1044 4684 imperium
1090 4614 1441 4683 gubernaret,
1475 4620 1531 4667 et
1574 4613 1865 4667 consiliItm
1909 4612 2061 4668 adhi-

490 4711 661 4773 beret,
722 4721 920 4778 resque
952 4704 1248 4775 prudenter
1284 4712 1338 4760 et
1367 4705 1620 4761 consulte
1654 4710 1889 4776 gereret.

558 4907 662 4959 Aut
684 4902 832 4957 aliud
868 4902 1123 4971 quiddam
1150 4917 1354 4965 eorum,
1389 4916 1506 4972 qua:
1536 4901 1683 4970 fama
1728 4901 2053 4970 ferebantur,

491 5005 797 5053 metuentes.
839 4993 1142 5059 Quanam?
1175 4988 1509 5049 Timuerunt
1541 4994 1688 5049 enim
1718 5009 1786 5048 ne
1810 4992 1951 5048 forte
1975 5011 2062 5051 ne-

489 5088 746 5147 cessitate
791 5085 856 5139 ad
911 5083 1350 5155 desperationem
1401 5084 1685 5155 compulsi,
1724 5099 1787 5140 ac
1821 5100 1918 5157 per
1966 5085 2062 5142 de-

493 5180 860 5252 sperationem
910 5176 1168 5231 excitatis
1198 5176 1421 5241 animis,
1482 5175 1746 5233 furiosius
1777 5177 1831 5231 in
1854 5192 1949 5233 eos
1986 5177 2064 5232 ir-

560 5405 674 5475 t55)
711 5404 767 5459 Si
806 5405 984 5475 reipsa
1034 5404 1271 5459 Basilius
1299 5404 1576 5475 inimente
1626 5406 1856 5473 habuit,
1889 5412 1949 5459 ut
1983 5422 2051 5462 ex

488 5475 612 5545 ejus
658 5474 805 5531 textu
864 5475 1045 5530 induci
1088 5482 1305 5545 potest,
1345 5474 1548 5546 Cyrum
1593 5484 1648 5546 et
1688 5477 2071 5532 Artaxerxem

490 5562 597 5601 una
628 5546 679 5599 in
713 5546 897 5616 praelio
923 5547 1065 5615 apud
1100 5545 1593 5605 Cunaxam’ctesos
1622 5545 1817 5614 fuiSse,
1851 5564 1882 5601 a
1918 5561 2052 5604 vero

489 5618 717 5670 multum
753 5616 1049 5672 aberravit.

2152 3045 2274 3116 φοῦ,
2316 3046 2630 3117 συμϐαλὼν,
2656 3048 2769 3114 καὶ,
2800 3049 2963 3103 νικῶν
2988 3048 3089 3120 ἥδη
3109 3091 3123 3117 ,
3153 3050 3341 3121 θράσει
3374 3054 3560 3123 οίκείῳ
3588 3072 3730 3125 συμ-

2152 3138 2332 3193 πεσὼν
2362 3139 2438 3209 τῷ
2478 3140 2694 3211 ἀδελφῷ
2737 3143 3104 3213 συνανῄρηται
3153 3144 3287 3213 (35).
3319 3144 3475 3199 Οὕτω
3527 3146 3592 3218 δὴ
3632 3152 3733 3202 καὶ

2152 3228 2309 3282 αὐτόν
2343 3246 2503 3297 φασιν
2553 3229 2858 3303 ἀνῃρῆσθαι
2894 3232 2998 3285 ὑπὸ
3034 3234 3259 3304 Περσῶν
3299 3234 3659 3306 βεϐλημένονο
3696 3238 3732 3309 ἢ

2151 3316 2244 3375 οὖν
2291 3320 2464 3385 οὕτως
2505 3322 2537 3393 ἦ
2572 3323 2795 3386 ἐκείνως
2831 3321 3021 3395 [CoisL
3054 3325 3283 3398 ἐκεῖνος]
3304 3368 3321 3389 ,
3356 3328 3447 3397 ὑφ’
3475 3331 3601 3383 ὅτου
3634 3333 3732 3385 καὶ⁵

2153 3414 2238 3485 δὴ,
2296 3413 2444 3484 ὅμως
2493 3413 2710 3484 δέχεται
2767 3414 2988 3487 πληγὴν
3047 3418 3268 3488 καιρίαν
3319 3420 3412 3473 καὶ
3449 3424 3613 3475 παντὶ
3653 3422 3734 3493 τῷ

2153 3505 2345 3574 κόσμῳ
2384 3505 2648 3577 σωτήριον
2672 3547 2689 3572 ,
2724 3507 2823 3578 μιᾷ
2870 3506 3045 3581 τόλμῃ
3075 3509 3188 3577 (36)
3231 3512 3484 3579 σφαγέως
3518 3515 3733 3567 πολλῶν

2157 3593 2477 3665 σπλάγχνων
2490 3596 2766 3667 ἀνατομῆς
2788 3597 2975 3661 κακῶς
2996 3599 3391 3654 πιστευθέντων
3406 3603 3733 3676 ἀπαιτηὼεὶς

2154 3685 2459 3757 τιμωρίανο
2504 3687 2641 3758 ὅπερ
2682 3689 2776 3741 καὶ
2821 3687 3096 3759 θαύματος
3142 3690 3506 3765 ἄξιονηὸπως
3554 3698 3737 3750 πάντα

2155 3772 2438 3841 γινώσκειν
2470 3775 2714 3845 οἰόμενος
2741 3778 2860 3837 ταῖς
2893 3777 3188 3848 ἀνατομαῖς
3211 3821 3227 3845 ,
3266 3779 3365 3852 τὴν
3392 3782 3503 3836 τῶν
3538 3784 3732 3839 ἑαυτοῦ

2160 3864 2481 3935 σπλάγχνων
2511 3866 2742 3937 ἠγνόησε
2773 3869 2946 3940 τομὴν
2983 3870 3077 3923 καὶ
3105 3869 3340 3942 πληγήν.

2228 4058 2343 4116 Col.
2384 4061 2476 4115 681
2517 4062 2555 4116 C
2592 4061 2642 4116 Ι.
2677 4061 2784 4117 Kal
2826 4062 2891 4117 τὸ
2922 4061 3084 4131 εἶδος
3134 4067 3375 4136 ἀληθῶς
3404 4070 3581 4135 ἄξιοι·
3630 4088 3735 4128 tv-

2151 4151 2455 4219 ραννίδος.
2501 4152 2753 4207 ἰοόιανὸν
2781 4154 2925 4224 λέγει
2949 4155 3115 4227 ἄνδρα
3139 4159 3337 4229 εὐσεϐῆ
3377 4162 3470 4213 καὶ
3503 4162 3565 4214 τὸ
3590 4160 3735 4228 εἶδος

2161 4243 2307 4309 ἀξιον
2335 4243 2525 4314 ἔχοντα
2554 4243 2857 4314 βασιλείας·
2886 4247 3011 4311 τοὺς
3040 4249 3146 4320 γάρ
3175 4248 3412 4319 βασιλεῖς
3439 4253 3486 4304 ol
3511 4254 3738 4307 παλαιοὶ

2162 4334 2454 4406 τυράννους
2496 4336 2719 4390 ἐκάλουν
2744 4378 2757 4402 ,
2808 4339 2900 4391 καὶ
2943 4338 3041 4411 τὴν
3086 4340 3363 4409 βασιλείαν
3408 4345 3691 4414 τυραννίδα
3718 4362 3731 4375 ο

2166 4426 2389 4500 ὕστερον
2411 4426 2520 4499 γάρ
2544 4428 2804 4502 διαφορὰν
2827 4431 3043 4499 ἐδέξατο
3071 4435 3103 4504 ἡ
3130 4432 3299 4504 φωνὴ,
3324 4435 3414 4487 τὸν
3446 4437 3544 4506 μὲν
3562 4436 3736 4507 βίαιον

2164 4520 2257 4571 καὶ
2291 4520 2365 4589 μὴ
2402 4520 2540 4572 κατὰ
2576 4522 2702 4583 τοὺς
2738 4521 2934 4593 νόμους
2975 4525 3385 4595 πολιτευόμενον
3435 4527 3727 4601 μόναρχον.

2164 4609 2444 4680 τύραννον,
2479 4610 2701 4681 βασιλέα
2728 4613 2805 4677 δὲ,
2834 4614 2925 4666 τὸν
2953 4614 3273 4685 πειθόμενον
3302 4619 3506 4689 νόμοις,
3542 4624 3637 4675 καὶ
3670 4626 3733 4694 τῇ

2169 4698 2330 4771 βουλῇ
2370 4700 2671 4773 χρώμενον,
2725 4706 2819 4757 καὶ
2866 4705 3174 4776 πράττοντα
3215 4708 3283 4763 τά
3339 4711 3737 4783 βεϐουλευμένα

2172 4792 2263 4844 καὶ
2297 4791 2513 4862 ἔννομα.

2240 4903 2375 4959 Ibid.
2405 4904 2457 4960 9.
2497 4906 2576 4960 Ἤ
2604 4924 2659 4960 τι
2696 4907 3011 4976 Δείσαντες
3040 4908 3197 4964 ἄλλο
3228 4910 3348 4965 τῶν
3375 4916 3734 4983 λεγομένων.

2168 4996 2341 5049 Τίνων
2384 4996 2723 5068 λεγομένων;
2757 4999 2969 5053 ἔδεισαν
2999 5001 3105 5071 γάρ
3141 5003 3270 5066 ἴσως
3307 5005 3379 5075 μή
3413 5022 3527 5068 πως
3570 5007 3737 5075 ὁμόσε

2166 5090 2236 5160 τῇ
2279 5088 2491 5161 ἀνάγκῃ
2535 5090 2882 5161 χωρήσαντες
2930 5092 3025 5145 καὶ
3069 5093 3374 5161 ἀπογνώσει
3428 5096 3518 5147 τὸν
3567 5096 3740 5167 Θυμὺν

2168 5179 2506 5249 ἀνάψαντες,
2560 5184 2679 5235 κατ’
2714 5183 2894 5238 αὐτῶν
2938 5186 3251 5257 ὁρμήσωσιν
3292 5188 3736 5260 ἀμεταστρεπτὶ,

2232 5409 2341 5483 (56)
2375 5412 2557 5485 Τόλμη
2590 5428 2693 5469 ms.
2748 5422 3009 5485 uterque;
3044 5414 3175 5469 editi
3209 5416 3371 5483 τομῇ,
3405 5413 3552 5483 quod
3600 5429 3740 5485 prm-

2163 5488 2306 5557 stat;
2342 5490 2396 5557 et
2427 5482 2686 5537 Basiliunt
2712 5482 2904 5557 ipsum
2920 5488 3062 5557 τομῇ
3096 5482 3293 5557 legisse
3325 5482 3468 5557 patet
3500 5501 3568 5542 ex
3604 5482 3739 5541 Voce

2160 5552 2453 5625 ἀνατομῆς,
2480 5569 2601 5626 qua:
2630 5552 2753 5610 cuni
2786 5559 2926 5627 τομῇ
2966 5552 3262 5611 antithesin
3295 5552 3477 5611 efﬁcit.
