4018 6296
229 314 370 371 ιιιθ

1150 314 1438 373 SCIIOLIA
1463 313 1533 368 IN
1570 314 1780 374 OllA’I‘.
1822 316 1861 371 ll
1889 316 2166 374 CONTRA
2191 318 2551 378 JULIANUM.

3340 316 3477 371 “50

221 432 287 488 τὸ
317 432 659 504 ἀποϐεϐηκὸς
691 432 792 505 ήδη
825 434 984 500 τάξαι
1015 433 1233 502 λέγεται
1261 433 1352 486 τὸν
1385 434 1519 486 Θεὸν
1545 435 1798 505 γραφικῷ

1908 435 2001 489 ciis
2047 450 2145 505 per
2198 435 2351 489 illum
2384 433 2477 504 qui
2528 434 2583 488 in
2633 434 2753 504 ipso
2785 434 3001 489 locutus
3045 440 3182 500 erat,
3233 440 3476 503 peccato.

220 524 568 596 χαρακτῆρι,
617 524 708 578 τὸν
749 523 893 577 οὕτω
934 524 1026 577 τὸν
1069 522 1355 595 ἄνθρωπον
1382 523 1662 579 πλάσαντα
1707 525 1802 578 καὶ

219 614 419 668 τούτου
448 614 696 669 δεκτικὸν
721 615 1117 687 ἐργασάμενον.

198 760 205 777 ’
291 787 412 843 Col.
451 787 554 842 708
580 788 622 840 Α
657 789 692 841 2
746 789 1035 857 Δεύτερον
1069 789 1137 842 δὲ
1163 791 1243 856 ὠς
1265 789 1466 862 [CoisL
1493 790 1654 845 δεύτ.
1688 790 1802 863 ὡς]

184 895 189 899 ·
217 878 357 947 ἐμοῖ
381 878 561 931 δοκεῖ.
595 878 818 947 Πρώτου
854 879 984 950 [ms.
1022 880 1125 933 575
1153 879 1411 953 Πρῶτος]
1437 881 1680 944 τεθέντος
1707 881 1801 934 τοῦ

221 969 301 1041 μὴ
325 972 596 1042 ἁμαρτεῖν
630 971 662 1040 ἦ
707 972 781 1041 μὴ
815 971 984 1040 μέγα,
1016 970 1265 1041 δεύτερον
1311 972 1500 1025 ἕπεται
1549 972 1610 1025 τὸ
1641 972 1800 1025 πταί-

218 1079 428 1126 σαντας
456 1063 552 1116 καὶ
582 1062 987 1125 παιδευθέντας,
1018 1057 1138 1115 εἶτα
1165 1063 1400 1127 ἀνέσεως
1429 1063 1799 1133 ἐπιτυχόντας,

218 1154 280 1207 ἑν
324 1152 576 1224 αἰσθήσει
618 1154 704 1207 ἀεὶ
756 1155 849 1207 καὶ
891 1155 1080 1226 μνήμῃ
1123 1154 1222 1222 τῆς
1268 1154 1599 1217 παιδεύσεως
1628 1150 1799 1220 εἶναι,

218 1246 319 1297 καὶ
372 1244 447 1315 μὴ
503 1246 770 1319 ἁμαρτεῖν
810 1245 1001 1308 πάλιν,
1040 1244 1155 1297 ἀλλ’
1210 1246 1512 1314 ἀποφυγεῖν
1564 1246 1804 1316 μάστιγα

213 1336 372 1390 δειδτέ
384 1353 478 1409 ραι
503 1338 566 1389 ix
587 1336 839 1407 δευτέρας
862 1378 876 1402 ,
908 1336 1039 1407 φησί
1063 1377 1077 1401 ,
1108 1335 1303 1400 κακίας
1335 1338 1427 1392 καὶ
1452 1336 1743 1408 ἁμαρτίας.

291 1515 415 1567 (Σοὶ.
452 1512 553 1567 709
584 1514 624 1565 Α
652 1513 706 1566 4.
752 1512 916 1579 Μηδὲ
954 1513 1058 1567 τὸν
1104 1513 1369 1581 παρόντα
1406 1514 1612 1582 καιρὸν
1636 1514 1804 1570 ἐπαί-

203 1622 433 1674 ρωμεν.
483 1604 771 1668 Τουτέστι,
820 1604 893 1675 μὴ
948 1606 1067 1666 ταῖς
1116 1603 1400 1664 ἐπινικίοις
1444 1603 1599 1674 ήμῶν
1666 1605 1798 1677 [ηιε.

213 1696 325 1751 573
356 1694 548 1767 ὑμῶν]
576 1694 915 1766 πανηγύρεσι
938 1696 1031 1747 xui
1062 1694 1317 1765 εὐωχίαις
1346 1698 1460 1759 ταῖς
1483 1698 1801 1768 εἰρημέναις

1909 522 2136 593 Propter
2178 532 2431 578 eventum
2476 523 2587 593 jam
2647 524 3005 579 constituisse
3053 524 3258 578 dicitur
3312 525 3480 578 Deum

1905 613 2162 684 graphice
2192 614 2528 679 charactere,
2557 614 2649 683 qui
2682 615 2755 668 ita
2795 615 3071 670 hominem
3102 615 3370 670 eﬂinxerit
3396 623 3485 667 at-

1904 719 2011 773 que
2034 704 2197 772 hujus
2232 718 2487 774 capacem
2510 704 2774 759 ell‘ecerit.

1978 792 2294 846 Proximum
2320 802 2520 858 autem,
2549 802 2606 845 ut
2631 792 2759 845 mihi
2789 793 3013 847 videtur.
3044 792 3339 861 Postquam
3363 792 3479 862 pri-

1904 899 2051 937 mum
2083 884 2293 952 positus
2322 892 2407 939 est
2434 884 2654 938 minime
2678 899 2927 954 peccare,
2944 885 3027 939 vel
3050 893 3197 938 certe
3222 900 3328 938 non
3355 901 3481 955 gra-

1903 974 2066 1035 viter,
2101 973 2402 1027 secundum
2441 980 2547 1035 est,
2597 972 2645 1027 si
2681 987 2803 1027 cum
2841 982 3069 1043 peccato
3112 973 3353 1028 admisso
3388 990 3480 1027 ca-

1905 1064 2111 1134 stigati,
2142 1079 2205 1118 ac
2235 1073 2424 1133 postea
2460 1065 2836 1135 indulgentius
2864 1065 3061 1133 habiti,
3090 1066 3142 1119 in
3171 1065 3483 1137 disciplina:

1905 1170 2125 1225 semper
2166 1172 2332 1211 sensu
2383 1164 2437 1211 et
2479 1157 2744 1211 memoria
2795 1157 3057 1225 haereant,
3106 1173 3208 1213 nec
3256 1174 3479 1213 rursum

1902 1247 2219 1322 indulgeant
2243 1260 2485 1319 peccato,
2515 1250 2866 1322 secundaque
2892 1254 3119 1307 verbera
3161 1252 3231 1306 ob
3264 1267 3469 1305 secun—

1904 1340 2051 1404 dam,
2090 1348 2150 1393 ut
2188 1342 2296 1408 ait,
2343 1341 2686 1413 iniquitatem
2739 1342 3149 1412 secundumque
3189 1351 3480 1413 peccatum

1904 1430 2137 1501 fugiant.

1979 1521 2063 1577 Ne
2088 1538 2317 1589 prwsens
2341 1532 2542 1593 tempus
2570 1523 2917 1579 extollamus.
2950 1523 3008 1579 Id
3048 1531 3133 1579 est
3153 1565 3167 1590 ,
3206 1540 3274 1579 ne
3302 1523 3480 1587 festis.

1903 1614 2351 1669 solemnitatibus
2406 1626 2571 1684 atque
2615 1616 2932 1684 unguentis,
2995 1626 3053 1670 ut
3092 1616 3257 1670 modo
3313 1616 3481 1679 dixit,

1903 1705 2041 1760 adeo
2073 1705 2411 1760 cxsultemus
2441 1714 2500 1758 ut
2531 1720 2594 1759 ea
2617 1707 2950 1762 extollamus
2988 1715 3041 1762 et
3069 1708 3484 1777 niagniiicemus

213 1787 602 1859 ἐπιχαίρωμεν
649 1785 901 1840 τοσοῦτον
922 1827 937 1851 ,
984 1786 1123 1840 ὥστε
1158 1788 1253 1839 xui
1283 1786 1527 1859 ἐπαίρειν
1577 1790 1672 1841 καὶ
1700 1806 1795 1859 με-

1908 1797 2044 1850 ultra
2092 1796 2238 1865 quod
2292 1796 2469 1862 decet,
2516 1798 2659 1853 sicut
2702 1799 2757 1853 in
2806 1800 3134 1869 quibusdam
3158 1800 3477 1855 Graecorum

214 1880 475 1951 γαλύνειν
520 1878 690 1944 αὑτὰς
725 1878 884 1931 πλέον
918 1878 950 1948 ἢ
981 1879 1084 1950 χρὴ
1126 1877 1453 1949 Ἑλληνικοῖς
1478 1896 1619 1932 τισιν
1652 1880 1797 1932 ἔθεσι

213 1971 317 2024 xui
360 1968 803 2039 καλλωπισμοῖς“
854 1968 989 2039 μηδὲ
1043 1967 1258 2038 κρότοις
1310 1968 1405 2021 xui.
1461 1968 1650 2039 μέθαις
1684 1968 1796 2038 (68)

213 2061 534 2131 ὲπαίρωμεν
569 2059 658 2112 τὸν
687 2060 904 2130 καιρόν·
948 2059 1008 2111 ού
1049 2058 1158 2129 γάρ
1201 2057 1350 2123 ἄξιόν
1390 2060 1505 2111 ἐστι
1535 2059 1700 2129 τιμᾷν
1730 2058 1800 2111 τὰ

214 2151 342 2205 θεῖα
387 2153 481 2204 xui.
508 2151 577 2203 τὰ
605 2150 849 2221 ἡμέτερα
875 2149 1087 2213 τούτοις
1112 2150 1219 2203 τῶν
1258 2150 1616 2221 πανηγύρεων
1636 2166 1650 2180 ·
1684 2151 1800 2203 ἅτις

217 2243 320 2317 μία
347 2242 475 2313 γάρ,
511 2241 625 2295 ἀλλ’
649 2242 708 2295 ού
735 2241 902 2311 τιμὴ,
933 2240 1001 2294 τά
1022 2240 1164 2293 οὓτω
1187 2240 1502 2309 τελούμενα.

288 2337 429 2392 Ibid.
480 2335 521 2388 (ὲ
543 2336 595 2388 5.
627 2336 694 2387 Εἰ
724 2334 819 2386 καὶ
846 2332 1224 2401 ὀρχήσασθαι
1248 2331 1446 2386 δεῖσε.
1472 2332 1583 2403 Τὴν
1625 2331 1800 2404 Ἥρω-

214 2428 395 2492 διέιδος
424 2428 650 2499 δρχησιν
688 2426 1064 2495 παραιτεῖται,
1102 2420 1169 2497 ἦς
1199 2423 1378 2494 ἔργον,
1413 2423 1566 2494 φησὶ,
1594 2424 1800 2477 Bm“.

216 2520 347 2575 στοῦ
397 2519 653 2582 θάνατος’
698 2518 794 2588 τὴν
832 2516 889 2570 δὲ
926 2515 1020 2568 τοῦ
1050 2515 1211 2569 Δαυῖδ
1238 2514 1374 2587 [ιηε.
1409 2515 1513 2570 575
1559 2514 1677 2589 δᾶδ]
1706 2516 1799 2568 xui

213 2610 523 2682 ἐπικρίνει,
571 2609 646 2681 μὴ
698 2606 1013 2679 ἀτιμάζων,
1063 2608 1156 2660 ἐπὶ
1205 2610 1271 2679 τῇ
1317 2607 1658 2661 καταπαύσει
1699 2608 1801 2677 τῆς

214 2702 457 2759 κιϐωτοῦ
475 2746 489 2770 ,
523 2704 589 2775 ἢν
618 2702 709 2754 xui
739 2700 841 2772 τῆς
864 2702 1148 2771 εὐκινήτου
1174 2699 1268 2753 καὶ
1299 2699 1669 2769 πολυστρόςιου
1700 2699 1801 2769 τῆς

215 2795 366 2850 κατὰ
403 2794 537 2848 Θεὸν
578 2792 803 2865 πορείας
846 2792 1140 2863 μυστήριον
1179 2792 1392 2861 ἡγεῖται
1448 2789 1796 2862 ἀλληγορῶν,

214 2888 315 2941 καὶ
338 2886 522 2940 δίδωσι
552 2883 761 2947 τούτοις
778 2887 917 2936 νοεῖν
945 2883 1044 2935 ούκ
1074 2881 1379 2953 ἀπόϐλητον
1407 2876 1548 2934 εἶναι
1580 2881 1675 2933 καὶ
1701 2881 1798 2952 τὴν

215 2979 277 3031 ἐν
327 2978 543 3048 ἑορταῖς
579 2974 672 3029 καὶ
726 2971 1083 3043 εὐφροσύναις
1118 2971 1211 3023 xui.
1256 2968 1597 3040 πανηγύρεσι
1629 2967 1800 3031 θείαις

213 3068 465 3139 διάχυσιν
495 3066 673 3137 ψυχῆς
698 3063 983 3128 εὐσεϐοῦς,
1016 3060 1374 3132 δοξαζομένου
1410 3059 1544 3113 Θεοῦ
1566 3097 1581 3123 ,
1614 3058 1708 3112 καὶ
1732 3061 1796 3129 τῇ

214 3160 502 3231 οἰκονομίᾳ
523 3157 677 3231 (cod.
707 3172 762 3227 Ρ.
791 3154 930 3225 ΞΠ)
960 3153 1205 3226 Χριστοῦ
1235 3153 1329 3205 καὶ
1351 3155 1472 3215 ταῖς
1499 3150 1607 3205 τῶν
1634 3150 1803 3220 ἁγίων
1830 3143 1872 3200 C

221 3254 437 3327 μνείαις
486 3249 1003 3321 ὲλλαμπρυνομὲνης
1067 3245 1270 3319 [(ἰοίεί.
1322 3245 1566 3315 μνήμαις
1606 3244 1805 3314 ἐλλαμ-

217 3344 720 3418 πομένης].Ἔνθεν
741 3383 756 3408 ,
782 3338 936 3411 οἶμαι
957 3379 971 3403 ,
1001 3339 1100 3393 ούκ
1122 3337 1491 3406 ἀποϐέϐληται
1509 3378 1524 3402 ,
1554 3353 1804 3407 παρακε-

217 3440 466 3515 χώρηται
502 3436 560 3489 δέ
601 3453 741 3499 πως,
789 3435 884 3487 xui.
932 3432 1008 3495 ὡς
1037 3427 1485 3501 εύσεϐὲςῘβοὸεί.
1516 3429 1609 3481 xui
1643 3427 1799 3499 εύσ.]

215 3532 525 3601 λελόγισται
571 3528 606 3599 ἠ
649 3526 758 3579 τῶν
798 3524 1055 3596 ᾀσμάτων
1083 3521 1354 3592 ὑμνῳδία,
1410 3520 1666 3584 ποικίλως
1706 3520 1803 3573 σὺν

216 3625 379 3695 ἡδονῇ
424 3618 793 3692 στρεφομένης
846 3614 1058 3687 [CoisL
1104 3611 1479 3685 τρεφομένης,
1528 3628 1628 3665 ms.
1699 3610 1803 3664 575

217 3709 645 3788 στρεφομένοις]
671 3712 785 3772 τοῖς
823 3706 1048 3780 ῥυθμοῖς
1076 3706 1176 3775 τῆς
1199 3704 1362 3776 ᾠδῆς,
1402 3704 1477 3767 ῶς
1499 3704 1593 3757 xui
1615 3705 1801 3774 χεῖρας

216 3801 512 3873 εὐρύθμως
534 3796 801 3868 νομᾶσθαί
827 3812 885 3848 τε
921 3795 1015 3847 xui
1038 3794 1204 3854 πόδας
1224 3832 1238 3857 ,
1267 3793 1361 3846 xui
1382 3793 1501 3846 ὅλον
1530 3809 1647 3857 πως
1679 3810 1803 3847 συν-

216 3893 554 3951 διατίθεσθαι
582 3889 660 3961 τῷ
694 3889 846 3958 μέλει
874 3889 935 3942 τὸ
966 3887 1125 3959 σῶμα
1151 3883 1609 3953 ἁκαταγνὼστως.

288 3987 410 4042 Col.
437 3983 544 4038 712
569 3988 607 4036 Α
643 3981 728 4034 14.
767 3982 824 4033 Μ
832 3979 864 4048 ὴ
892 3974 980 4033 ὧν
1002 3978 1398 4049 κατέγνωμεν.
1440 3976 1696 4029 Τουτέστι
1725 3976 1798 4047 μὴ

214 4082 329 4136 τῶν
354 4079 605 4151 πράξεων
635 4070 710 4131 ὧν
742 4075 1117 4144 κατέγνωμεν,
1146 4073 1221 4135 ὡς
1258 4070 1448 4141 βιαίων
1480 4071 1574 4123 καὶ
1604 4087 1801 4141 τυραν-

215 4174 409 4237 νικῶν,
440 4172 509 4227 τά
543 4171 682 4225 αὐτὰ
725 4169 839 4240 (69)
873 4168 979 4223 τῶν
1015 4165 1266 4240 πράξεων
1304 4164 1529 4218 ἐκείνων
1568 4162 1799 4233 διαπρα-

218 4265 466 4338 ξώμεθα.

290 4358 406 4414 Ibid
416 4398 429 4411 .
448 4357 489 4410 B
501 4358 552 4409 7.
568 4356 665 4423 Μὴ
676 4355 885 4409 τοίνυν
898 4351 1247 4422 θελήσωμεν
1261 4350 1375 4419 τὴν
1385 4350 1571 4421 ὀργὴν
1585 4365 1797 4419 μετρη-

1902 1889 2102 1944 ritibus
2129 1899 2183 1944 et
2219 1891 2454 1959 pompis.
2516 1888 2702 1960 Neque
2729 1891 3012 1961 plausibus
3040 1899 3095 1946 et
3118 1891 3481 1946 ebrietatibus

1900 1991 2115 2051 tempus
2140 1982 2486 2037 extollamus.
2517 1980 2637 2037 Non
2667 1984 2813 2037 enim
2857 1982 3013 2038 decet
3051 1983 3237 2037 divina
3262 1992 3481 2037 nostra-

1899 2089 2007 2143 que
2062 2073 2183 2128 istis
2233 2073 2674 2129 solemnitatibus
2716 2075 2988 2128 venerari.
3048 2073 3185 2128 Nam
3231 2091 3354 2147 qua:
3403 2076 3479 2128 ita

1899 2166 2040 2219 iiunt
2073 2165 2314 2221 dedecus
2345 2174 2494 2231 sunt,
2522 2181 2633 2220 non
2664 2182 2789 2220 vero
2816 2166 3006 2221 decus.

1971 2341 2125 2410 Quod
2148 2342 2194 2397 si
2229 2351 2277 2396 te
2305 2342 2468 2397 etiam
2497 2340 2701 2396 saltare
2742 2348 2965 2411 oportet.
3013 2339 3343 2396 Herodiadis
3373 2341 3481 2397 sal-

1899 2434 2165 2489 tationem
2196 2433 2512 2502 exprobrat,
2537 2447 2658 2501 qua:
2687 2429 2967 2501 Baptistae,
2992 2431 3089 2495 ait,
3114 2446 3304 2485 necem
3328 2439 3475 2485 attu-

1901 2525 1980 2579 lit.
2016 2524 2235 2580 Davidis
2275 2540 2401 2579 vero
2439 2525 2803 2579 incessionem
2853 2523 3067 2593 probat,
3095 2538 3201 2576 non
3247 2521 3472 2577 indeco-

1898 2632 2038 2680 ram,
2070 2617 2140 2671 ob
2162 2631 2303 2671 arcae
2351 2617 2618 2686 requiem,
2659 2630 2823 2686 quam
2863 2615 3086 2685 quidem
3136 2615 3473 2670 incessionis

1898 2707 2009 2763 Deo
2036 2719 2203 2779 grata:
2227 2709 2524 2779 agilitatem
2548 2721 2603 2763 et
2632 2709 3027 2763 volubilitatem
3064 2709 3293 2779 mystice
3328 2707 3473 2777 ﬁgu-

1898 2814 2023 2854 rare
2050 2807 2280 2854 censet:
2321 2808 2486 2868 atque
2537 2798 2639 2852 hoc
2692 2799 2827 2869 ipsis
2878 2798 3297 2868 intelligendum
3341 2814 3479 2867 prze-

1897 2890 2030 2953 bet,
2078 2890 2307 2944 minime
2348 2889 2713 2959 abjicieudam
2761 2897 2924 2959 atque
2966 2888 3381 2958 improbandam
3426 2888 3483 2942 in

1899 2982 2053 3038 festis
2077 2998 2139 3036 ac
2165 2981 2370 3037 divinis
2408 2982 2819 3037 celebritatilius
2848 2981 3015 3035 animi
3055 2979 3398 3035 diii'usionem
3430 2990 3485 3034 et

1904 3074 2239 3129 modulatam
2273 3075 2650 3145 agitationem,
2682 3082 2844 3144 atque
2872 3075 2941 3127 ob
2959 3072 3050 3128 Dei
3073 3073 3299 3143 gloriam
3332 3072 3483 3142 ejus--

1905 3179 2011 3234 que
2043 3171 2359 3219 sanctorum
2388 3163 2737 3220 celebritates
2765 3177 2995 3232 corpore
3027 3178 3149 3218 cum
3176 3162 3358 3217 animo
3384 3162 3485 3216 tri-

1904 3256 2185 3326 pudiante.
2211 3255 2389 3319 Unde,
2424 3255 2642 3325 opinor,
2680 3269 2787 3309 non
2820 3253 3184 3323 improbatur,
3220 3254 3314 3308 sed
3346 3270 3485 3323 quo-

1903 3346 2192 3401 dammodo
2216 3346 2398 3402 licitus
2423 3355 2529 3410 est,
2559 3357 2614 3401 et
2641 3356 2696 3400 ut
2728 3346 2850 3415 pius
2878 3346 3110 3400 habetur
3132 3343 3478 3400 canticorum

1903 3438 2342 3509 bymnorumque
2376 3446 2594 3499 cantus,
2624 3444 2680 3492 et
2722 3453 2880 3492 voces
2921 3452 3044 3490 cum
3087 3438 3367 3504 voluptate
3391 3451 3485 3490 va-

1902 3531 1985 3584 rie
2014 3529 2289 3599 rhythmis
2321 3529 2633 3593 modulatae,
2674 3545 2980 3600 manusque
3006 3541 3074 3583 .et
3117 3531 3282 3599 pedes
3332 3537 3483 3584 certa

1901 3619 2134 3689 quadam
2165 3635 2514 3675 numerorum
2554 3620 2930 3677 moderatione
2956 3621 3180 3692 agitati,
3220 3637 3283 3677 ac
3307 3629 3480 3675 totum

1900 3710 2135 3782 denique
2165 3728 2366 3783 corpus
2399 3714 2634 3783 quadam
2665 3714 2956 3770 inﬂexione
2986 3730 3095 3769 non
3128 3713 3482 3786 vituperabili

1901 3802 1971 3857 ad
1997 3813 2217 3859 cantum
2260 3807 2650 3876 compositum.

1989 3979 2073 4035 Ne
2112 3997 2228 4051 qua:
2254 3981 2400 4049 prius
2422 3981 2878 4051 reprehendamus.
2926 3982 3039 4039 Hoc
3084 3993 3197 4049 est,
3267 4001 3333 4041 ne
3365 4001 3486 4055 qua:

1899 4072 2008 4129 illis
2044 4073 2457 4143 objiciebamus,
2493 4083 2552 4128 ut
2581 4082 2721 4130 tetra
2762 4085 2816 4130 et
2863 4076 3168 4146 tyrannica,
3213 4076 3399 4130 eadem
3429 4077 3483 4129 iu

1898 4180 1993 4221 eos
2024 4180 2369 4240 usurpamus.

1971 4338 2206 4395 Proinde
2238 4356 2301 4394 ne
2359 4340 2497 4394 iram
2541 4341 2717 4396 metiri
2760 4341 2813 4393 in
2856 4341 3097 4394 animum
3139 4339 3484 4394 inducamus.

217 4449 421 4518 θῆναι.
436 4443 561 4501 Οῗον
583 4446 954 4517 ἀντισηκῶσαι
976 4446 1070 4499 xui
1097 4443 1488 4514 ἁντιμετρῆσαι
1510 4440 1607 4509 τὴν
1626 4438 1794 4511 ὀργὴν

1909 4430 2113 4502 Nempe
2142 4432 2385 4488 remetiri
2418 4440 2473 4487 et
2497 4448 2861 4504 compensare
2899 4432 3037 4486 iram
3076 4440 3130 4487 et
3156 4447 3365 4503 poenas.
3409 4431 3490 4487 Ne

216 4539 316 4594 καὶ
331 4538 429 4602 τὰς
442 4536 813 4608 τιμωρίαςιμὴ
829 4536 1004 4589 τοίνυν
1022 4532 1334 4605 θελήσωμεν
1344 4531 1647 4586 ἀντιδοῦναι
1666 4530 1798 4583 κακὰ

1913 4526 2082 4596 igitur
2115 4526 2170 4581 in
2198 4526 2441 4581 animum
2490 4527 2818 4582 inducamus
2867 4526 3005 4580 mala
3037 4541 3137 4597 pro
3200 4526 3360 4580 malis
3400 4542 3489 4579 reo

215 4630 343 4684 ἀντὶ
370 4629 555 4682 κακῶν
580 4667 596 4692 ,
645 4628 738 4681 xui.
786 4621 875 4680 οἷα
894 4625 999 4679 ὑπὸ
1021 4624 1128 4677 τῶν
1160 4623 1427 4695 Ἐλλήνων
1466 4623 1798 4691 πεπόνθαμεν

1911 4618 2169 4688 pendere,
2193 4628 2248 4673 et
2288 4635 2411 4689 quae
2452 4635 2481 4674 a
2525 4618 2730 4675 Graecis
2770 4619 2915 4689 passi
2954 4636 3168 4683 sumus,
3196 4632 3259 4673 ea
3292 4618 3347 4671 in
3389 4632 3488 4672 eos

220 4721 447 4790 ποιῆσαι
474 4722 553 4783 είς
586 4717 812 4781 αὐτούς’
849 4716 1014 4783 ἀξίως
1042 4716 1149 4789 γὰρ
1175 4716 1235 4769 ού
1271 4715 1614 4786 δυνησόμεθα
1641 4716 1805 4770 κολάα

221 4829 317 4864 σαι
347 4812 479 4881 (70).
520 4809 677 4863 Ἐπεὶ
704 4805 797 4863 οὖν
821 4808 883 4861 τὸ
911 4809 1019 4861 πᾶν
1043 4806 1442 4879 εἰσπράξασθαι
1471 4806 1532 4860 ού
1562 4808 1803 4871 δυνατὸν,

219 4901 284 4954 τὸ
312 4902 421 4954 πᾶν
454 4901 915 4971 σύγχωρήσωμεν.

297 5103 410 5174 (68)
433 5100 728 5174 Gregorius
753 5113 915 5170 supra
921 5097 959 5174 _(
974 5097 1082 5174 col.
1108 5097 1214 5153 708
1233 5096 1274 5152 C
1302 5096 1405 5174 ii)
1433 5096 1796 5174 maguum;

217 5168 320 5229 xui
341 5168 570 5245 μέθαις,
585 5181 638 5226 et
661 5168 894 5245 fortasse
920 5168 1156 5223 Basilius
1180 5168 1446 5245 .-κρότοις
1479 5168 1701 5245 scripsit
1738 5177 1797 5221 ut

217 5238 587 5315 synonymum
618 5241 735 5315 uoci
764 5238 990 5315 κώμοις,
1022 5253 1146 5293 nam
1162 5239 1225 5315 ei
1264 5239 1447 5315 κρότοι
1467 5279 1483 5302 ,
1516 5241 1794 5315 strepitus,

215 5306 462 5383 ρῖαιιειιί,
493 5312 747 5383 convivia
774 5306 1124 5383 comitantur.
1162 5306 1477 5383 κωμάζειν,
1516 5309 1793 5383 iti_quit__ad

216 5377 371 5439 hunc
403 5387 579 5436 locum
602 5382 928 5435 scholiasles
951 5377 1291 5441 Montacutii,
1316 5379 1432 5449 ἐστί
1459 5377 1605 5449 μετὰ
1626 5378 1795 5449 μέθης

218 5453 467 5525 αἰσχρῶς
494 5451 640 5525 ᾄδειν
660 5468 672 5480 ·
720 5451 906 5520 κῶμος
944 5450 1000 5525 δὲ
1040 5449 1099 5525 τὸ
1124 5449 1318 5525 θνομαἱ
1348 5448 1584 5525 Basilius
1610 5448 1677 5501 ad
1695 5465 1788 5525 _v_o_-

216 5518 684 5592 ι·ειιι”κωμαστής
730 5518 894 5592 quam
944 5521 998 5574 in
1030 5520 1134 5592 alia
1183 5519 1429 5592 oratione
1464 5520 1632 5592 (orat.
1681 5518 1789 5592 εξ)

216 5588 840 5665 Gregorius_adhibuit_,
877 5590 990 5665 haec
1016 5589 1276 5665 adnotat;
1319 5589 1661 5665 κωμαστὴς,
1686 5588 1793 5641 κῶ-

220 5659 364 5735 μοςῖ
388 5679 467 5735 ms
497 5663 618 5735 €375,
648 5678 697 5735 p.
724 5662 851 5735 103,
878 5660 946 5730 2)
977 5661 1071 5735 xui:
1093 5661 1152 5712 τὸ
1178 5659 1446 5735 παίγνιον,
1476 5659 1569 5735 xu}.
1587 5662 1614 5712 ὁ
1638 5659 1791 5735 efﬁat;

215 5725 364 5797 νος..⁸
385 5733 444 5800 ἐξ
474 5725 535 5785 οὗ
580 5725 674 5784 xui.
719 5725 992 5802 é‘fxtbgttov
1020 5729 1265 5802 εἴρηται,
1286 5725 1433 5801 καὶὴ
1468 5729 1625 5798 μέθη,
1659 5729 1790 5782 ἀλλὰ

219 5806 320 5860 καὶ
346 5806 381 5877 ή
415 5806 479 5859 ὲκ
520 5802 689 5876 μέθης
715 5800 991 5871 ἀσέλγεια.
1028 5800 1334 5856 Διαστέλλει
1362 5800 1452 5855 καὶ
1476 5803 1501 5854 ὁ
1541 5801 1789 5854 31:63:0-

1909 4712 2109 4766 facere.
2143 4709 2370 4782 Dignam
2396 4711 2540 4767 enim
2564 4726 2780 4783 pinnam
2829 4726 3049 4766 sumere
3097 4710 3482 4780 nequiremus.

1908 4801 2111 4858 Verum
2141 4805 2401 4873 quoniam
2435 4819 2627 4875 poenas
2651 4820 2843 4860 omnes
2882 4805 2951 4858 ab
3003 4803 3141 4874 ipsis
3183 4817 3487 4873 exposcere

1900 4909 2008 4949 non
2039 4909 2352 4965 possumus,
2385 4911 2577 4967 pcenas
2597 4911 2789 4952 omnes
2812 4896 2947 4967 ipsis
2975 4895 3341 4952 remittamus.

1895 5093 1986 5159 λος
2028 5095 2218 5166 (Rom.
2273 5113 2396 5161 xm,
2444 5097 2548 5166 15)
2588 5095 2713 5166 εμὴ
2742 5096 2961 5164 κώμοις
2993 5096 3088 5150 καὶ
3119 5097 3359 5165 μέθαιςο
3392 5096 3488 5150 καὶ

1893 5166 2180 5251 Θεόκριτος
2241 5167 2515 5251 Ιίίῃίίιιιι,
2540 5168 2606 5251 ρ)
2635 5185 2647 5220 :
2678 5166 3151 5251 Κωμάσδωμρός
3187 5168 3298 5221 τὰν
3330 5168 3489 5236 Ἄμα-

1890 5238 2181 5318 ρυέείζδςι.
2202 5239 2324 5318 αντὶ
2344 5236 2437 5318 τοῦ
2464 5238 2562 5318 Δἐπὶ
2588 5238 2816 5318 πορνεία
2839 5236 3163 5318 πορεύομαι.

1965 5306 2078 5377 (69)
2123 5310 2200 5361 Ex
2223 5309 2309 5363 his
2335 5314 2480 5376 patet
2514 5304 2803 5377 legendum
2838 5304 3064 5362 iniextu
3098 5305 3375 5377 Gregorii,
3405 5304 3483 5377 μὴ

1893 5370 2349 5449 ὤν’κατέγνωμεν
2374 5376 2546 5430 ταύτὰ
2568 5370 2896 5447 Ἰπράξωμεν,
2938 5393 3036 5447 pro
3060 5370 3254 5431 ταῦτα.

1971 5469 2081 5539 (70)
2122 5468 2220 5526 llic
2246 5483 2472 5539 mancus
2494 5476 2575 5523 est
2596 5475 2773 5539 textus
2791 5467 3102 5539 scholiastis
3126 5465 3505 5539 hlo_nta_cutii__:'

1912 5536 2192 5607 Ἐάσωμεν
2239 5536 2403 5595 οὖν...
2456 5555 2588 5606 ετρα
2618 5537 2943 5607 κολάζεσθαι
2990 5537 3113 5599 τοὺς
3137 5536 3362 5607 ἐχθροὺς
3403 5536 3482 5607 τῷ

1901 5606 2159 5693 συνειδότι
2190 5610 2649 5693 ’πληττομένουςη
2700 5607 2840 5693 κατά
2898 5606 2997 5693 τὴν
3042 5606 3471 5693 τραγῳδία3ς1ή

1899 5683 2114 5743 σύνεσις
2143 5680 2251 5751 γὰρ
2281 5676 2542 5734 ἀπόλλυσι
2577 5680 2667 5731 τὸν
2700 5677 2866 5751 δεινὰΔ
2889 5676 3281 5751 εἰργασμένον.
3310 5676 3480 5751 Vide-

1897 5763 1988 5810 tur
2031 5744 2338 5822 lcgendum,
2384 5751 2637 5821 ἐάσωμεν
2685 5744 2777 5802 οὖν
2807 5744 3100 5822 σύμμετρα
3129 5746 3475 5813 κολάξεσθαι.
