4018 6296
515 278 649 336 U5!

1873 287 2113 347 BASILII
2157 290 2379 348 ΜῘΝΙΜΙ

3586 306 3774 363 .115¹Ξ

587 394 692 460 Qui
744 410 860 447 cum
913 409 1004 463 per
1043 412 1107 451 ea
1159 414 1275 468 qua:
1321 414 1510 467 passus
1559 413 1659 458 est.
1715 402 1818 470 Qui
1864 405 2083 475 quidem

2262 408 2394 465 Ibid.
2433 412 2518 465 i3.
2568 414 2663 478 ⁸³ος
2691 409 2782 480 οἷς
2835 415 3113 471 πέπονθε.
3161 418 3347 482 Ὅστις
3394 419 3620 490 Χριστῂ
3668 423 3774 475 καὶ

515 481 769 539 Christus
801 482 1052 557 Deusque
1079 496 1269 542 noster
1299 528 1314 553 ,
1344 489 1505 544 victis
1541 507 1636 561 per
1658 506 1722 546 ea
1750 508 1869 563 qua:
1902 510 2095 568 paSsus

516 583 602 627 est
631 578 1097 647 persecutoribus,
1126 595 1192 633 eo
1220 581 1441 636 nomine
1459 584 1627 638 multo
1652 587 1827 656 magis
1868 602 2095 658 supera-

517 667 615 731 vit,
635 667 779 737 quod
798 683 922 722 cum
950 671 1137 724 multis
1157 674 1408 740 partibus
1430 675 1691 745 majorem
1716 678 1983 736 adversus
2001 695 2094 735 eos

518 756 655 811 iram
679 758 966 814 ostendere
1000 774 1222 830 posset,
1257 763 1358 825 hoc
1385 771 1571 829 tamen
1606 782 1716 822 non
1772 771 1935 833 modo
1981 786 2092 835 non

520 844 669 910 fecit,
691 863 875 905 verum
891 851 1054 905 etiam
1082 868 1181 918 pro
1196 855 1457 925 singulari
1473 857 1712 926 quadam
1734 859 2091 929 benignitate,

517 938 760 1007 proipsis
779 939 990 1005 Patrem
1004 952 1255 1012 precatus
1282 955 1367 1010 est
1383 963 1449 1011 ne
1464 948 1566 1013 hoc
1587 950 1656 1011 iis
1673 952 1888 1011 crimini
1916 953 2091 1017 daret.

591 1096 746 1151 Mitto
779 1098 956 1153 divina
980 1111 1029 1155 et
1059 1113 1259 1157 nostra.
1316 1106 1446 1171 Quae
1484 1121 1514 1160 a
1556 1108 1665 1163 Deo
1705 1118 1761 1165 et
1806 1127 1834 1165 a
1879 1112 2082 1170 divinis

521 1191 886 1260 scriptoribus
931 1193 997 1249 de
1034 1197 1323 1269 suppliciis
1385 1199 1521 1255 istos
1574 1201 1663 1256 hic
1720 1205 2090 1269 manentibus,

519 1284 848 1354 accepimus.
889 1286 983 1350 ait,
1021 1288 1177 1343 mitto
1201 1289 1381 1347 dicere
1406 1302 1459 1347 et
1482 1304 1768 1364 praetereo.
1830 1299 1899 1355 At
1936 1306 1992 1353 tu
2025 1300 2094 1354 ad

519 1378 644 1426 tuos
668 1372 979 1429 Graecorum
1010 1393 1290 1436 sermones
1331 1385 1516 1440 venias
1538 1426 1551 1448 ,
1602 1389 1801 1457 quibus
1840 1401 2009 1460 poetae
2040 1402 2094 1447 et

520 1463 830 1537 philosophi
876 1468 1249 1541 delectantur;
1290 1477 1386 1545 qui
1434 1478 1652 1547 quidem
1700 1482 1887 1552 igneos
1925 1500 2093 1553 quos-

520 1556 643 1609 dam
676 1557 870 1615 lluvios
905 1560 971 1615 ad
993 1563 1368 1633 improborum
1392 1571 1694 1626 cruciatum
1724 1575 2089 1642 tradiderunt,

519 1644 1044 1722 Pyriphlegetontes,
1063 1662 1116 1709 et
1141 1655 1403 1729 Cocytos,
1428 1669 1482 1715 et
1510 1660 1850 1722 Acherontes
1873 1668 2089 1739 (plurali

2196 500 2325 569 Θεὸς
2352 502 2505 573 ἡμῶν
2534 504 2619 574 ἐφ’
2653 500 2731 573 οἷς
2759 507 2991 573 πέπονθε
3028 509 3087 561 τὸ
3130 509 3413 581 εὐδόκιμον
3438 513 3528 564 καὶ
3550 514 3768 565 aliisab-1

2196 592 2275 654 είς
2290 593 2445 663 νίκην
2460 592 2620 663 ἔχων,
2652 595 2829 667 πολλῷ
2844 598 3004 653 πλέον
3017 600 3319 670 νενίκηκεν,
3339 602 3423 670 ἐφ’
3437 597 3537 667 οἷς,
3558 604 3629 671 ὡς
3642 604 3777 671 θεὸς

2195 682 2416 747 δυνατὸς
2447 683 2522 739 ὢν
2553 686 2949 742 πολλαπλάσιον
2977 692 3056 753 είς
3083 691 3279 754 αὐτοὺς
3313 693 3641 756 ἐνδείξασθαι
3664 698 3783 765 τὴν

2195 771 2383 843 ὀργὴν,
2418 773 2573 839 τοῦτο
2595 776 2694 831 οὐκ
2718 777 2991 848 ἐποίησεν,
3028 779 3163 835 ἀλλὰ
3188 781 3282 835 καὶ
3312 782 3670 852 ὑπερεύχεται
3694 785 3779 854 τῷ

2196 862 2370 933 Πατρὶ
2394 864 2467 935 μὴ
2492 866 2682 936 στῆναι
2710 869 2892 933 αὐτοῖς
2913 869 3012 940 τὴν
3041 862 3339 944 ἁμαρτίαν,
3359 872 3782 944 φιλανθρωπίας

2198 952 2495 1026 ὑπερϐολῇ.

2264 1109 2382 1163 (Σοί.
2417 1109 2518 1165 7M
2552 1109 2592 1163 Β
2615 1112 2667 1166 9.
2714 1112 2818 1177 Ἐὧ
2839 1114 2910 1167 τὰ
2932 1116 3058 1170 θεῖα
3081 1118 3181 1171 καί
3218 1121 3288 1174 τὰ
3318 1122 3590 1192 ἡμέτερα.
3624 1128 3784 1181 Ὅσα

2194 1200 2259 1253 ὲκ
2289 1200 2422 1254 Θεοῦ
2454 1203 2547 1255 καὶ
2592 1204 2699 1257 τῶν
2747 1205 2917 1273 ἁγίων
2967 1207 3160 1280 ἔχομεν
3204 1212 3434 1284 Γραφῶν
3485 1219 3612 1288 περὶ
3658 1221 3785 1273 τῶν

2194 1292 2407 1345 ἐκεῖθεν
2450 1292 2877 1366 δικαιωτηρίων,
2922 1299 3014 1361 te,
3051 1302 3206 1370 φησὶ,
3235 1305 3329 1355 καὶ
3362 1307 3789 1378 καταλιμπάνω

2194 1383 2367 1437 ταῦτα
2386 1397 2399 1411 '
2442 1385 2537 1437 ἐπὶ
2565 1385 2620 1437 δὲ
2649 1389 2776 1450 τοὺς
2810 1389 2935 1454 σοὺς
2964 1390 3083 1445 ἐλθὲ
3111 1392 3219 1446 τῶν
3261 1393 3522 1467 Ἐλλήνων
3551 1400 3786 1468 λόγους,

2192 1470 2274 1540 οἷς
2319 1476 2643 1548 ἀρέσκονται
2700 1482 2920 1550 ποιηταὶ⁵
2952 1482 3044 1543 καὶ
3095 1484 3406 1555 φιλόσοφοι,
3454 1491 3503 1543 οἵ
3557 1490 3783 1563 [CoisL

2192 1563 2339 1641 οἷον]
2389 1572 2665 1642 ποταμοὺς
2697 1574 2867 1644 πυρὸς
2898 1576 2978 1638 είς
3015 1577 3233 1633 κόλασιν
3266 1582 3563 1646 ὲκτιθέασι,
3598 1587 3788 1658 [Iupi-

2193 1660 2567 1730 φλεγέθοντας,
2604 1664 2899 1732 Κωκυτούς
2924 1685 2983 1721 τε
3020 1670 3109 1723 καὶ
3155 1670 3494 1742 Ἀχέροντας,
3528 1676 3789 1746 πληθυνε-

519 1742 731 1797 scilicet
772 1760 997 1809 numero
1019 1749 1099 1803 sic
1139 1752 1552 1820 quodammodo
1588 1759 1955 1828 appellatos);
1998 1778 2086 1831 per

2192 1754 2358 1816 τικῶς
2384 1755 2494 1827 (71)
2545 1756 2687 1811 οὓτω
2725 1776 2841 1825 πως
2874 1761 3230 1839 εἰρημένουςο
3269 1759 3465 1820 οἷστισι
3508 1742 3791 1836 τοιούτοκ

517 1848 656 1902 quos
674 1836 891 1904 quidem
918 1837 1112 1898 ﬂuvios
1144 1843 1285 1913 apud
1323 1861 1421 1901 vos
1467 1856 1638 1923 poeta:
1666 1865 1729 1905 ac
1776 1851 2089 1924 philosophi

520 1924 931 1996 improbitatem
960 1933 1235 1988 cruciant.
1287 1934 1353 1989 Et
1375 1936 1663 1995 Tantalum
1693 1941 1899 2013 duplici
1929 1960 2090 2015 pmna

516 2014 853 2087 laborantem
878 2022 1053 2087 aiunt,
1079 2026 1223 2091 inter
1250 2042 1422 2097 aquas
1448 2039 1685 2087 stantem
1723 2050 1899 2104 usque
1932 2014 1998 2091 ad
2028 2053 2091 2095 os

515 2119 571 2163 et
608 2110 853 2167 barbam.
884 2113 953 2168 At
982 2133 1105 2179 cum
1144 2134 1334 2183 senex,
1367 2130 1427 2176 ut
1458 2122 1729 2181 Homerus
1753 2128 1857 2192 ait,
1890 2143 2093 2200 corpus

515 2199 992 2261 demittitbibendi
1040 2210 1458 2280 cupidissimus,
1501 2217 1754 2285 protinus
1813 2199 2087 2289 paludem,

514 2293 572 2347 in
599 2310 706 2365 qua
737 2297 1023 2357 demersus
1043 2303 1248 2368 stabat,
1308 2305 1527 2365 daemon
1572 2312 1835 2379 exsiccat.
1874 2312 2089 2387 Tityum

513 2398 643 2440 vero
671 2402 835 2463 super
869 2392 1036 2459 multa
1065 2394 1281 2464 plethra
1311 2400 1723 2457 recumbentem
1745 2406 1918 2472 (tanta
1941 2408 2089 2460 enim

511 2480 762 2545 corporis
790 2489 908 2541 erat
938 2486 1309 2557 magnitudo),
1339 2498 1392 2545 et
1423 2492 1492 2545 ab
1523 2494 1719 2552 avibus
1745 2496 1933 2564 jecore
1955 2498 2093 2567 dila—

514 2575 700 2621 cerato
725 2584 1049 2651 semperque
1095 2588 1307 2639 vorato.
1344 2594 1468 2645 cum
1505 2597 1719 2654 semper
1758 2590 2085 2660 renascitur,

512 2668 704 2711 narrat
723 2658 923 2718 fabula.
953 2667 1130 2736 Atque
1184 2670 1423 2727 Ixionem
1474 2683 1605 2730 rotae
1647 2693 1845 2751 magno
1884 2658 2088 2754 impetu

512 2757 745 2815 versatae
769 2752 1083 2813 devinctum
1120 2767 1174 2816 et
1220 2777 1345 2817 cum
1399 2779 1462 2821 ea
1505 2766 1558 2823 in
1596 2770 1782 2841 orbem
1822 2752 2086 2843 volutum.

515 2835 582 2892 ni
605 2849 734 2897 sunt
759 2845 851 2919 qui
886 2846 1186 2905 inferorum
1207 2855 1494 2927 suppliciis
1523 2838 1907 2919 addictisunt.
1933 2835 2091 2933 Qu..-

514 2945 642 2983 nam
673 2948 802 2991 vero
833 2936 1217 3009 impiissimum
1276 2946 1442 3005 istum
1500 2949 1781 3015 Julianum
1826 2962 2091 3023 manent?

518 3020 691 3081 Multo
726 3028 978 3098 graviora
1009 3033 1143 3099 illis,
1172 3038 1268 3103 ait,
1316 3042 1662 3112 perpetietur
1704 3055 1759 3103 et
1808 3064 1873 3105 eo
1916 3020 2088 3124 magis

517 3113 745 3213 lugebit,
775 3135 886 3190 quo
924 3126 1103 3197 magis
1144 3127 1495 3205 improbitate
1544 3147 1769 3206 praestat
1803 3159 1815 3195 :
1865 3113 2089 3213 quando

515 3206 737 3276 quidem
780 3226 956 3281 preme
993 3224 1160 3289 atque
1201 3222 1487 3281 cruciatus
1530 3242 1633 3299 pro
1666 3231 1835 3295 modo
1858 3206 2086 3305 eorum,

515 3315 638 3370 quin
664 3303 899 3379 quisque
929 3310 1196 3379 scelerate
1226 3314 1381 3382 fecit,
1419 3320 1768 3385 tribuuntur.

588 3556 703 3611 lloc
734 3559 829 3615 (ibi
857 3577 954 3631 pro
992 3567 1122 3635 pede
1153 3568 1223 3622 sit
1249 3587 1461 3626 munus.
1506 3574 1800 3634 Narratum
1834 3588 1919 3637 est
1950 3597 2088 3652 quo-

514 3655 675 3711 modo
733 3655 998 3729 Ulysses,
1060 3662 1160 3719 llio
1208 3677 1529 3736 revertens,
1592 3675 1783 3731 multis
1837 3678 2086 3749 obiectus

511 3749 681 3807 fuerit
708 3755 995 3824 periculis,
1037 3767 1203 3830 atque
1235 3764 1502 3821 vicesimo
1547 3783 1694 3824 anno
1731 3772 1952 3829 domum
2000 3790 2087 3830 re-

514 3850 702 3918 dierit,
720 3856 951 3925 pauperi
976 3858 1192 3926 similis,
1212 3864 1578 3934 omnibusque
1598 3866 1834 3937 ignotus.
1855 3871 2087 3927 Arcum-

510 3961 620 4015 que
685 3951 919 4019 experiri
1007 3954 1277 4021 simulans
1330 3975 1439 4029 quo
1490 3959 1808 4034 Penelope,
1887 3982 2083 4035 procos

511 4060 644 4102 suos
676 4046 925 4114 eludens,
961 4066 1056 4122 per
1088 4055 1366 4111 securium
1398 4057 1668 4115 foramina
1710 4065 1972 4133 saginare
1994 4066 2085 4137 ju-

509 4138 693 4193 bebat.
725 4138 854 4195 Istis
890 4158 1081 4211 parum
1110 4145 1554 4216 proﬁcientibus,
1579 4150 1697 4220 ipse
1726 4155 1967 4212 intendit
1988 4173 2083 4212 ar—

508 4246 656 4300 cum,
691 4233 800 4288 telo
834 4235 902 4289 ad
928 4236 1266 4293 destinatum
1292 4241 1485 4307 misso,
1522 4242 1828 4301 Antinoum
1886 4264 2080 4318 proco-

509 4339 636 4379 rum
696 4327 936 4396 primum
994 4330 1288 4401 transﬁgit,
1340 4342 1649 4404 Opportune
1702 4352 2077 4407 percussum:

2192 1846 2474 1910 κολάζουσι
2490 1847 2609 1921 [ωδ.
2628 1850 2754 1913 5'73,
2771 1847 2965 1908 οἷστισι
2984 1854 3124 1926 κολ.)
3150 1862 3413 1928 ποταμοῖς
3425 1861 3474 1912 oi
3490 1866 3613 1934 παρ’
3635 1864 3671 1915 ὑ
3682 1868 3789 1932 μίν

2196 1936 2389 2008 [CoisL
2420 1941 2576 2012 ἡμῖν]
2610 1945 2831 2013 ποιηταὶ
2855 1947 2950 1999 καὶ
2974 1946 3250 2016 φιλόσοφοι
3278 1949 3375 2021 τὴν
3402 1954 3619 2006 κακίαν.
3654 1957 3786 2007 Καὶ

2192 2028 2464 2083 Τάνταλον
2489 2031 2616 2104 δίψῃ
2646 2035 2775 2102 φασὶ
2803 2034 2985 2105 (ibid.)
3015 2037 3373 2110 κολαζόμενον
3409 2042 3601 2115 [CoisL
3630 2046 3783 2115 δίψῃ

2193 2117 2334 2191 κολ.]
2352 2120 2437 2189 ἐφ’
2456 2120 2642 2186 ὓδατος
2657 2124 2925 2194 ἑστηκότα
2946 2126 3109 2197 μέχρι
3131 2130 3395 2201 στόματος
3415 2136 3509 2187 καὶ
3529 2138 3784 2203 γενείου.

2194 2208 2440 2278 Ὅμηρος
2474 2209 2690 2282 (Odyss.
2730 2214 2837 2280 xi),
2881 2214 2994 2270 ἀλλ’
3022 2217 3135 2280 ὅτε,
3166 2220 3349 2291 φησὶν,
3383 2223 3412 2273 ό
3449 2223 3625 2294 γέρων
3666 2226 3779 2278 κύ-

2190 2299 2308 2368 ψειε
2323 2302 2493 2356 πιέειν
2517 2304 2828 2375 μενεαίνων,
2854 2306 3229 2377 καταζήνασκε
3254 2310 3443 2381 [CoisL
3481 2316 3781 2388 κατεζήν.Ῑ

2190 2391 2418 2463 δαίμων,
2454 2392 2719 2466 ξηραὶνων
2773 2398 2869 2468 τὴν
2908 2400 2965 2451 ὲν
3007 2392 3041 2472 ᾖ
3093 2400 3288 2471 ἔστηκε
3318 2402 3529 2475 λίμνην.
3569 2408 3777 2462 Τιτυὸν

2190 2483 2245 2536 δὲ
2277 2486 2367 2537 ἐπὶ
2393 2485 2560 2539 πολλὰ
2584 2488 2833 2559 κείμενον
2863 2490 2972 2561 (72)
3004 2493 3239 2565 πέλεθρα
3259 2497 3528 2566 (τοσοῦτος
3553 2500 3663 2571 γὰρ
3700 2496 3778 2570 ἦν

2191 2581 2251 2628 τὸ
2296 2575 2508 2648 σῶμα),
2552 2578 2726 2648 ὄρνισι
2774 2582 2835 2634 τὸ
2884 2577 3039 2657 ἧπαρ
3070 2588 3382 2659 κειρόμενόν
3428 2607 3485 2643 τε
3530 2592 3624 2645 καί
3672 2594 3783 2647 ἀεὶ

2192 2666 2519 2739 ἐσθιόμενον,
2548 2672 2596 2724 εί
2619 2672 2712 2727 καὶ
2743 2674 2830 2727 ἀεὶ
2852 2675 3222 2749 πληρούμενον
3253 2678 3386 2751 [mm
3408 2683 3640 2737 5Ἰ5ἐσθ.
3662 2688 3774 2741 καὶ

2194 2759 2268 2831 μὴ
2302 2759 2528 2833 πληρ.],
2575 2764 2605 2817 ό
2650 2764 2819 2834 μῦθός
2887 2785 3051 2838 φησι·
3117 2770 3304 2835 Ἰξίονα
3336 2774 3392 2827 δὲ
3425 2775 3777 2850 ροιζουμένῳ

2188 2850 2367 2923 τροχῷ
2396 2853 2774 2921 συνδεδεμένον
2798 2856 2890 2909 καὶ
2918 2860 3380 2931 συγκυκλούμενον
3402 2864 3527 2933 (Ἱό)
3550 2867 3645 2919 καὶ
3666 2864 3779 2921 οὗ·

2188 2958 2272 2995 τοι
2308 2943 2406 3013 μὲν
2434 2947 2481 2999 οί
2507 2947 2613 2998 τῶν
2639 2948 2698 3001 ὲν
2739 2948 2865 3019 ᾅδου
2896 2951 3267 3026 κολαστηρίων
3304 2955 3592 3026 ἠξιωμένοι
3613 2976 3627 2989 ·
3667 2962 3776 3012 οὖ-

2191 3034 2307 3086 τοσὶ
2335 3034 2393 3088 δὲ
2432 3036 2461 3087 ό
2507 3036 2790 3106 ἐξάγιστος
2838 3041 3120 3108 Ἰουλιανὸς
3157 3047 3347 3110 τίνων;
3392 3049 3543 3109 πολὺ,
3598 3052 3777 3120 φησι,

2192 3122 2583 3197 χαλεπωτέρων
2625 3129 2828 3186 τούτων
2873 3134 2968 3186 καὶ
3013 3137 3256 3199 πείσεται
3303 3139 3395 3197 καὶ
3440 3138 3773 3210 οἰμώξεται,

2190 3216 2297 3286 ὅσῳ
2320 3218 2413 3272 καὶ
2438 3221 2672 3292 πονηρία
2704 3221 2861 3293 [forte
2887 3227 3140 3298 πονηρίᾳ)
3171 3230 3452 3299 διήνεγκεν
3469 3249 3483 3263 '
3517 3235 3641 3285 ἐπεὶ
3659 3237 3776 3289 καὶ

2190 3309 2243 3369 αἱ
2270 3307 2438 3383 τίσεις
2465 3311 2558 3367 καὶ
2586 3312 2879 3381 ἀντιδόσεις
2908 3318 3048 3371 κατὰ
3075 3318 3134 3372 τὸ
3158 3320 3354 3392 μέτρον
3377 3323 3624 3397 νέμονται
3644 3327 3776 3382 τῶν

2187 3399 2219 3468 ἡ
2231 3416 2303 3468 μα
2309 3417 2406 3472 ρτη
2415 3401 2611 3471 μένων.

2258 3595 2374 3655 C01.
2409 3597 2510 3655 716
2553 3599 2598 3652 Α
2635 3601 2689 3657 5.
2720 3600 2901 3663 ΙὈῦτό
2930 3620 3017 3667 τοι
3060 3604 3190 3665 ἀντὶ
3237 3606 3423 3673 ποδός
3465 3610 3767 3677 ξεινήῑίλν.

2188 3691 2415 3763 Εἴρηται
2451 3691 2527 3754 ὡς
2570 3692 2853 3759 Ὀδυσσεὺς
2892 3696 3243 3768 ὑποστρέφων
3287 3700 3497 3761 Ἰλιόθεν
3539 3703 3767 3768 πολλοῖς

2186 3786 2569 3857 περιπέπτωκε
2621 3786 2764 3857 (cod.
2800 3803 2851 3857 p.
2874 3787 3003 3857 2'18)
3052 3789 3348 3855 κινδύνοις,
3389 3792 3481 3849 καὶ
3522 3795 3769 3866 εἰκοστῷ

2187 3875 2371 3948 [CoisL
2404 3878 2836 3950 περιπεπτωκὼς
2866 3880 3000 3937 κινδ.
3043 3880 3175 3952 siin]
3221 3882 3327 3935 ἔτει
3354 3883 3411 3943 ὲν
3445 3882 3521 3954 τῷ
3555 3885 3766 3941 ἑαυτοῦ

2184 3970 2417 4038 ἔφθασεν
2456 3971 2590 4041 οἴκῳ
2615 4011 2630 4033 ,
2687 3970 2887 4041 πτωχῷ
2934 3972 3150 4042 ὅμοιος,
3189 3974 3323 4044 μηδὲ
3354 3976 3767 4045 γνωριζόμενος

2185 4062 2290 4115 ὑπό
2320 4079 2484 4127 τινος,
2519 4062 2613 4116 καὶ
2643 4064 2913 4134 προφάσει
2941 4063 3169 4135 δοκιμῆς
3199 4066 3260 4119 τὸ
3289 4066 3438 4131 τόξον
3464 4067 3760 4135 λαμϐάνει,

2181 4148 2332 4223 ᾧτινι
2376 4154 2680 4227 Πηνελόπη,
2717 4158 2843 4220 τοὺς
2869 4157 3067 4224 ἑαυτῆς
3110 4156 3298 4228 [CoisL
3330 4158 3573 4228 ἑαυτοὺς]
3624 4161 3760 4228 ἐξα-

2184 4248 2412 4301 πατῶσα
2464 4248 2810 4319 μνηστῆρας,
2863 4247 3099 4311 τοξεύειν
3145 4248 3285 4301 κατὰ
3333 4249 3438 4302 τῶν
3465 4250 3614 4305 ὀπῶν
3641 4252 3769 4307 τῶν

2183 4339 2454 4395 πελέκεων
2499 4339 2860 4395 διεκελεύετο⁸
2895 4339 3003 4392 τῶν
3054 4340 3111 4394 δὲ
3165 4341 3551 4410 ἡπορηκότων,
3597 4339 3760 4407 o’m;

506 4416 577 4472 ad
615 4434 778 4489 quem
811 4419 1081 4490 deiectum
1119 4424 1234 4478 haec
1260 4426 1427 4485 verba
1462 4426 1601 4482 dixit
1634 4447 1647 4483 :
1702 4429 1817 4486 Hoc
1851 4432 1949 4491 tibi
1980 4449 2078 4505 pro

2191 4430 2407 4482 ἐντείνει
2438 4429 2537 4500 μὲν
2564 4429 2624 4482 τὸ
2650 4430 2820 4495 τόξον,
2858 4429 2950 4482 καὶ
2986 4429 3077 4482 τοῦ
3106 4428 3308 4483 σκοποῦ
3339 4429 3532 4500 τυχὼν,
3561 4432 3759 4487 λοιπὸν

506 4510 647 4579 pede
669 4511 742 4567 sit
766 4527 988 4581 munus.
1030 4512 1387 4572 Pedem'vero
1432 4519 1590 4576 bovis
1635 4521 1838 4587 innuit,
1890 4541 2001 4597 quo
2045 4543 2075 4585 a

504 4614 699 4658 mensa
759 4615 983 4677 arrepto
1042 4608 1407 4681 coniectaque
1457 4615 1764 4684 supplicem
1825 4617 2079 4689 Ulyssem

504 4695 648 4751 male
686 4698 1044 4754 multaverat.
1081 4701 1178 4758 llis
1224 4718 1447 4774 quoque
1489 4722 1626 4762 usus
1673 4718 1761 4765 est
1817 4712 2080 4770 adversus

504 4786 670 4843 istum
711 4789 1040 4855 homicidam
1079 4792 1384 4852 ldolianum
1423 4797 1543 4868 (sic
1572 4800 1720 4855 enim
1750 4816 1875 4861 eum
1907 4805 2083 4861 nomi-

568 5009 682 5085 (71)
726 5011 881 5085 Τοὺς
908 5013 1410 5085 Πυριφλεγέθοντάς
1458 5036 1553 5072 σου
1597 5019 1845 5085 καὶτοὺς
1874 5022 2073 5075 Κωκυ-

2178 4523 2271 4577 ent
2312 4522 2572 4579 Ἀντίνοον
2622 4522 2713 4579 τὸν
2758 4522 2970 4593 πρῶτον
3019 4521 3201 4591 βάλλει
3248 4521 3353 4576 τῶν
3399 4526 3755 4596 μνηστήρων,

2180 4615 2407 4687 καιρίως
2434 4615 2661 4686 πλήξας,
2688 4614 2821 4687 πρὸς
2851 4614 2911 4667 ὃν
2944 4616 3036 4673 καὶ
3070 4616 3221 4669 τουτὶ
3258 4615 3317 4667 τὸ
3355 4615 3482 4681 ἔπος
3525 4616 3754 4686 (Odyss.

2179 4725 2316 4773 xxii,
2345 4709 2473 4779 290)
2521 4709 2911 4777 ἐπιφθέγγεται
2961 4708 3214 4770 πεσόντα,
3259 4709 3402 4765 Ἀντὶ
3446 4709 3623 4772 ποδὸς,
3654 4710 3754 4764 λέ·-

2179 4818 2311 4871 γων,
2343 4801 2491 4855 τουτί
2526 4818 2608 4856 σοι
2635 4800 2696 4854 τὸ
2747 4800 2918 4866 ξένιον
2949 4800 3139 4873 [CoisL
3166 4800 3391 4873 ξένειον]
3422 4801 3532 4872 (74)
3560 4819 3575 4832 ·
3611 4803 3754 4858 πόδα

2172 5022 2538 5096 tamscripsit
2574 5036 2713 5096 quia
2747 5021 2826 5075 sic
2865 5021 3121 5096 incipit:
3164 5021 3433 5096 ξολάζετε
3461 5024 3519 5076 δὲ
3547 5023 3607 5075 ὲν
3641 5024 3749 5096 ᾄδῃ

499 5082 625 5163 ego;
664 5083 761 5136 καὶ
806 5083 933 5146 τοὺς
986 5082 1341 5157 ’Ἀχέροντας,
1390 5088 1466 5145 ait
1511 5082 1837 5161 emphatice
1864 5090 2075 5164 Grego-

2191 5093 2352 5156 Γιτύς.
2386 5082 2527 5162 Lege
2547 5082 2835 5155 κολάζεται
2859 5091 2920 5147 δὲ
2946 5082 3004 5143 ιν
3031 5090 3135 5164 ᾅδῃ
3165 5082 3375 5154 Τιτυός.

454 5214 463 5219 ,
501 5151 637 5206 rius.

2251 5183 2360 5251 (73)
2403 5182 2534 5237 Vide
2569 5183 2817 5236 eumdem
2858 5182 3187 5237 scholiasten
3241 5185 3319 5252 (p.
3365 5182 3456 5251 44)
3503 5185 3557 5235 in
3600 5184 3749 5241 hunc

574 5245 705 5326 (72)·
728 5245 843 5326 bis.
1000 5288 1014 5309 ,
1057 5246 1301 5326 πλέθρα..
1334 5249 1576 5326 Alteram
1613 5251 1902 5319 lectionem
1937 5254 2074 5326 elegi
2169 5245 2413 5325 Gregorii
2437 5269 2652 5309 versum
2685 5259 2882 5321 (carm.
2906 5253 2960 5316 8,
2990 5252 3062 5306 De
3092 5245 3292 5316 animo,
3320 5245 3463 5307 vers.
3492 5252 3584 5322 38)
3622 5270 3635 5305 :

501 5314 662 5384 quam
692 5316 851 5373 habet
890 5314 1157 5374 Homerus
1196 5318 1323 5389 (0d.
1358 5336 1433 5385 χι,
1461 5320 1585 5391 576)
1621 5339 1633 5373 :

501 5426 609 5480 Kal
634 5428 841 5483 Τιτυὸν
865 5425 1045 5491 εἶδον,
1079 5427 1258 5495 Γαίης
1291 5426 1595 5496 ἐρικυδέος
1620 5431 1771 5493 υἱὸν,

502 5497 785 5569 (κείμενον
803 5500 873 5552 ἐν
892 5499 1157 5565 δαπέδῳ·
1190 5502 1221 5551 ὀ
1247 5497 1297 5549 δ’
1328 5497 1505 5569 ἐννέα
1533 5500 1687 5569 κεῖτο
1710 5502 1966 5569 πέλεθρα
1982 5518 1997 5534 ⁸

501 5565 670 5621 Γῦπε
704 5567 771 5622 δέ
804 5587 910 5638 μιν
948 5569 1222 5637 ἑκάτερθε
1259 5567 1574 5636 παρημένω
1615 5568 1775 5640 ἧπαρ
1814 5565 2067 5639 ἔκειρον.

586 5681 917 5739 Scholiastes
953 5699 1055 5737 ms.
1077 5682 1317 5737 doctoris
1339 5682 1531 5737 Clarke
1560 5683 1760 5753 (Catal.
1789 5684 2063 5753 Gaisford.

506 5769 557 5821 ρ.
589 5752 700 5823 55),
726 5753 819 5823 qui
848 5768 972 5809 cum
996 5754 1187 5809 Nonne
1211 5753 1443 5810 conferri
1468 5762 1667 5826 potest,
1696 5756 1762 5810 dc
1796 5752 1938 5809 Titio
1965 5772 2064 5810 no-

2361 5366 2612 5432 Ἰξίονος
2640 5366 2958 5423 κύκλωσιν
2995 5366 3464 5435 ἀλιτροτὰτοιο...

2247 5478 2358 5559 (74)
2391 5479 2739 5559 Μνημονικδν
2758 5476 3082 5559 ἁμᾲρτημμ.
3119 5476 3369 5559 Eumazus
3399 5476 3735 5559 Qtesippum,

2176 5547 2285 5603 non
2330 5547 2624 5602 Antinoum
2664 5547 2998 5618 alloquitur.
3021 5547 3231 5618 Lapsus
3256 5557 3347 5603 est
3374 5547 3737 5618 etiam—scho-

2177 5621 2360 5674 liastes
2386 5619 2720 5673 Montacutii.
2766 5617 2820 5671 In
2856 5617 3199 5687 proverbium
3239 5627 3478 5673 cesserat
3506 5619 3605 5673 hoc
3640 5617 3736 5671 he-

2178 5690 2508 5746 mistichium
2538 5706 2551 5743 :
2577 5687 2746 5742 Τοῦτό
2774 5705 2851 5741 σοι
2890 5688 3011 5743 ἀντὶ
3041 5687 3198 5753 ποδὸς
3232 5687 3479 5760 ξεινήϊον.
