4018 6296
196 276 336 330 uss
1095 274 1389 332 SCllOLlA
1427 273 1495 329 IN
1526 272 1733 331 ORAT.
1766 273 1808 328 ιι
1844 254 2129 329 CONTRA
2167 274 2543 334 JUHANUM.
3321 274 3459 337 IIM

190 394 246 446 δὲ
273 392 424 459 λέγει
450 390 636 463 [Εοὶει.
672 391 805 446 πόδα
831 392 974 465 λέγ.)
1010 393 1149 463 βοὸς,
1190 394 1372 447 ὅντινα
1407 390 1784 463 προσαιτοῦντι

1894 389 2014 444 nari
2046 392 2222 461 magis
2251 392 2536 462 proprium
2567 390 2707 463 erat)
2740 402 2839 463 pro
2868 405 2931 447 ea
2958 406 3063 461 qua
3094 391 3149 446 in
3191 380 3463 450 Christia'

190 483 274 555 τῷ
317 485 564 537 Ὀδυσσεῖ
593 486 698 538 ἀπὸ
729 485 828 554 τῆς
855 485 1134 557 τραπέζης
1163 485 1342 538 λαϐὼν
1363 484 1455 538 καὶ
1488 481 1782 555 ἔπιρῤίψας

192 577 382 639 κακῶς
415 576 628 648 διέθηκε
650 592 662 605 ’
713 576 974 650 κέχρηται
1014 577 1069 630 δὲ
1109 576 1281 647 τούτῳ
1312 575 1452 630 κατὰ
1476 574 1571 628 τοῦ
1608 576 1782 629 παλα-

196 669 394 739 μναίου
449 668 770 721 Εἱδωλιανοῦ
835 668 946 737 (75)
999 667 1181 739 (οὕτω
1226 668 1335 739 γὰρ
1385 666 1549 720 αὐτὸν
1598 662 1784 720 καλεῖν

194 761 573 833 οἰκειότερον)
608 760 724 815 ἀνθ’
754 751 833 815 ὧν
862 762 1026 832 ὠμῶς
1054 760 1318 833 κέχρηται
1356 761 1451 814 καὶ
1497 758 1787 831 ’ἀπανθρώ-

194 869 318 916 πως
349 855 715 924 Χριπιανοίς,
746 852 793 906 εί
819 854 915 907 καὶ
938 854 1017 923 τῷ
1043 853 1220 925 κωδίῳ
1247 854 1344 924 τῆς
1370 852 1631 920 δοκούσης
1665 851 1785 903 ὲπι-

192 946 406 1007 εικείας
426 946 516 999 τὸν
557 944 842 1015 Ἀραόικὸν
864 946 960 1016 τῆς
990 946 1185 1017 μανίας
1221 945 1382 999 λύκον
1409 943 1519 1014 (76)
1554 943 1789 1013 ὑπεκρυ-

1889 498 1991 537 nos
2052 494 2187 538 llSUS
2219 492 2304 537 εει
2342 482 2670 541 crudelitate
2702 525 2717 549 ,
2747 485 2850 541 etsi
2889 487 3156 541 simulatae
3201 502 3462 543 mansue-

1892 572 2098 629 tudinis
2133 574 2332 630 'vellere
2362 574 2657 631 Arabicum
2688 576 2895 631 furoris
2938 578 3122 647 lupum
3159 578 3463 634 absconde-

1892 665 1984 719 rit.
2019 652 2231 730 Ᾱώστε,
2265 664 2321 720 id
2350 676 2432 722 est
2470 667 2692 737 Optime,
2729 669 2993 738 praelare
3026 678 3122 740 per
3147 670 3460 726 irrisiobem

1892 752 2205 827 compellat,
2251 758 2487 827 proprils
2518 758 2716 829 {ipsum
2763 760 2944 815 verbis
2997 761 3291 825 allocutus,
3326 778 3465 832 quo-

1891 849 2039 903 niam
2069 848 2384 916 hujusmodi
2411 849 2683 905 dictiones
2736 866 2801 906 ex
2842 850 3077 906 ethnicis
3124 852 3462 908 carminibus

1895 954 1958 994 ac
1989 941 2364 996 menumentis
2394 941 2715 1011 desumptas
2745 956 2866 997 esse
2903 946 3138 997 constat.

194 1040 334 1089 πτεν
367 1035 492 1107 fma.
534 1035 636 1091 573
665 1038 909 1110 ant-fxo],
934 1039 1129 1103 λῷστε
1151 1037 1206 1091 δὲ
1235 1035 1385 1090 εἶπεν
1412 1037 1532 1091 ἀντὶ
1564 1034 1656 1089 τοῦ
1690 1032 1929 1104 βέλτιστε
1977 1031 2073 1085 καὶ
2101 1032 2249 1097 καλὲ,
2281 1032 2566 1105 σαρκάζων
2606 1037 2918 1105 προσειπεῖν
2942 1035 2996 1087 δὲ
3021 1036 3180 1088 αὐτὸν
3220 1024 3319 1106 ἔφη
3353 1035 3462 1098 τοῖς

194 1127 394 1194 αὑτοῦ,
413 1128 600 1201 ἐπειδὴ
642 1132 751 1183 τῶν
792 1132 1116 1203 Ἑλληνικῶν
1142 1134 1460 1205 ποιημάτων
1477 1131 1573 1185 καὶ
1605 1127 2050 1200 συγγραμμάτων
2081 1129 2138 1179 αἱ
2169 1131 2520 1199 κομμωτικαὶ
2552 1128 2661 1199 (77)
2699 1121 2858 1182 αὗται
2884 1128 3057 1217 λέξεις
3084 1128 3459 1201 γνωρίζονται.

274 1220 414 1274 Ibid.
481 1220 567 1274 {2.
648 1223 948 1291 Νειλῴους
1023 1225 1398 1295 καταράκτας
1451 1223 1576 1296 [ms.
1630 1221 1782 1285 573.

195 1310 478 1382 καταῤῥ]
530 1314 856 1381 Αἰθιοπίας.
906 1316 1113 1387 Πέτραι
1156 1316 1361 1387 ὑψηλαὶ
1400 1316 1494 1369 καὶ
1522 1312 1786 1383 ἀπότομοῐ

196 1407 345 1458 εἰσιν
375 1404 478 1458 ῦπε
489 1402 611 1476 ρθεν
632 1407 938 1472 Αἰθιοπίας,
969 1409 1027 1473 ἐξ
1044 1402 1118 1464 ὧν
1142 1410 1590 1480 καταρρήγνυται
1615 1408 1642 1459 ὁ
1664 1405 1789 1458 Νεῖ-

198 1496 297 1560 λος
326 1498 421 1550 καὶ
455 1500 739 1569 καταρρεῖ·
776 1498 958 1569 δούπῳ
995 1499 1051 1553 δὲ
1096 1502 1190 1552 κα)¹
1238 1500 1356 1569 ἤχῳ
1405 1495 1585 1567 πολλῴ
1619 1510 1787 1567 προσο

207 1588 592 1659 αρασσόμενος
621 1593 740 1654 ταῖς
774 1592 1002 1662 πέτραις
1035 1591 1205 1662 ὄνομα
1232 1591 1311 1662 τῷ
1338 1590 1488 1659 τόπῳ
1512 1585 1789 1642 Καταδού-

203 1696 343 1742 mu;
374 1678 563 1751 [CoisL
596 1681 739 1734 κατὰ
764 1680 993 1754 δουπῶν]
1019 1682 1249 1753 ἀφῆκεν.
1280 1682 1491 1753 ’Ὠσπερ
1518 1680 1574 1734 δὲ
1596 1678 1789 1734 ἀδύνα-

202 1785 302 1821 τον
341 1768 528 1840 [CoisL
570 1769 713 1823 ὥσπ.
758 1770 932 1843 ἀδύν.]
962 1772 1164 1826 τούτων
1192 1774 1479 1841 κατασχεῖν
1511 1771 1601 1824 τὸν
1638 1767 1785 1839 ῥοῦν,

1966 1218 2277 1274 Calamam:
2315 1220 2436 1273 Nili
2476 1223 2539 1274 ab
2586 1218 2883 1289 Ethiopia.
2938 1222 3109 1277 Petrae
3151 1222 3277 1278 sunt
3309 1224 3465 1278 altis-

1893 1308 2045 1363 simae
2095 1319 2148 1364 et
2199 1317 2484 1381 praeruptae
2548 1320 2714 1381 supra
2766 1298 3059 1383 {Ethiopize
3100 1322 3379 1377 montana,
3432 1329 3465 1369 e

1896 1397 2097 1468 quibus
2131 1400 2347 1469 prosilit
2380 1413 2431 1455 et
2477 1399 2666 1455 deﬂuit
2706 1401 2861 1455 Nilus
2898 1419 2910 1455 :
2972 1410 3135 1473 atque
3188 1420 3294 1458 non
3341 1404 3463 1460 sine

1896 1491 2100 1560 ingenti
2138 1490 2345 1561 δουπῷ,
2371 1493 2422 1546 id
2457 1500 2542 1547 est
2573 1492 2759 1547 sonitu
2793 1507 2856 1547 ac
2905 1492 3122 1563 fragore
3177 1496 3347 1565 petris
3386 1495 3465 1549 al-

1894 1584 2105 1645 liditur,
2131 1582 2275 1638 unde
2307 1583 2471 1649 etiam
2505 1583 2631 1637 huic
2665 1585 2782 1639 loco
2813 1584 3227 1654 Cataduparum
3254 1600 3457 1640 nomen
3551 1655 3558 1661 η

1894 1676 2128 1730 inditum
2162 1685 2266 1731 est.
2305 1675 2459 1731 Sicut
2507 1676 2677 1747 igitur
2727 1676 3068 1747 impossibile
3112 1688 3195 1733 est
3248 1680 3463 1734 illarum

1894 1766 2231 1837 profluentes
2257 1782 2430 1838 aquas
2460 1782 2739 1832 coercere,
2774 1768 2873 1833 sic,
2909 1776 2965 1822 ut
2993 1770 3088 1833 ait,
3106 1776 3158 1823 et
3196 1769 3465 1825 Christia-

198 1858 375 1923 οὕτω,
406 1862 589 1932 φησὶν,
615 1865 892 1935 ἀμήχανον
923 1865 1133 1928 καὶτὰς
1155 1864 1493 1937 Χριστιανῶν
1518 1861 1784 1932 γλώσσας.

1896 1874 2089 1914 norum
2121 1860 2322 1930 lingua:
2352 1859 2568 1915 vincula
2606 1860 2783 1927 injici,
2813 1876 2900 1917 res
2924 1870 3137 1917 vestras
3169 1863 3463 1918 insectanti

204 1953 461 2023 πεδῆσαι,
478 1953 570 2007 τοῦ
591 1957 665 2027 μὴ
681 1956 1011 2027 τὰύμέτερα
1033 1957 1326 2028 διελέγχειν
1350 1956 1787 2028 στηλιτευούσας.

283 2046 426 2101 lbid.
463 2046 522 2099 Β.
564 2049 756 2104 Ταῦτα
797 2050 1111 2116 Βασίλειος
1140 2050 1239 2103 καὶ
1267 2054 1611 2122 Γρηγκξριος.
1654 2054 1787 2106 Κοι-

209 2141 510 2191 νοποιείται
533 2140 812 2194 κάνταῦθα
845 2142 913 2194 τὰ
935 2142 1130 2197 ἑαυτοῦ
1162 2148 1274 2209 τοῖς
1296 2144 1391 2199 τοῦ
1419 2145 1656 2216 μεγάλου
1687 2145 1788 2198 Ba.

210 2229 438 2297 σιλείου,
477 2230 590 2296 οὓς,
626 2233 812 2302 φησιν,
861 2235 1017 2299 εἰδὼς
1049 2237 1406 2307 ὁμονοοῦντας
1449 2240 1544 2293 καὶ
1575 2240 1788 2293 ἀντιδοο

207 2321 437 2388 ξοῦντᾱς
472 2341 576 2389 σοι,
618 2346 634 2374 ε
678 2328 777 2397 τὴν
820 2328 1177 2384 Κυκλώπειον
1232 2332 1425 2403 ἐτίμας
1463 2332 1651 2404 τιμὴν,
1697 2334 1788 2387 καὶ

208 2414 555 2480 τελευταίους
588 2417 875 2487 ὲταμιεύου
905 2419 982 2491 τῷ
1011 2420 1260 2493 κινδύνῳ,
1293 2422 1389 2475 καὶ
1421 2422 1592 2496 δῶρον
1617 2425 1790 2478 ἐπινί-

206 2519 331 2556 κιον
362 2505 605 2569 ἐπενόεις
636 2510 745 2570 τοῖς
777 2508 1047 2579 δαίμοσιν,
1092 2512 1146 2563 εἴ
1170 2529 1229 2566 σε
1267 2513 1373 2566 ἀπὸ
1401 2514 1500 2585 τῆς
1530 2516 1789 2586 Περσίδος

212 2593 592 2665 ὑπεδεξάμεθα
624 2596 750 2667 [ms.
782 2599 909 2663 573,
943 2600 1108 2674 ὲδεξ.]
1134 2603 1496 2673 ἐπανήκοντα.
1530 2604 1789 2659 »Κυκλώ-

211 2698 365 2738 πειον
398 2687 454 2739 δὲ
485 2687 648 2760 τιμὴν
678 2690 795 2743 τίνα
828 2690 1008 2760 λέγεις
1057 2694 1363 2762 Ὀδυσσεὺς,
1394 2696 1515 2750 καθ’
1542 2698 1788 2771 Ὅμηρον

212 2776 435 2848 (Odyss.
486 2782 586 2850 Ix),
620 2781 699 2835 ἔτι
729 2783 1168 2857 περισωζομένης
1210 2788 1358 2858 αὑτῷ
1391 2790 1488 2858 τῆς
1530 2790 1654 2861 νηὸς
1695 2792 1787 2845 καί

207 2888 373 2924 τινων
407 2872 651 2944 ἑταίρων,
687 2876 767 2938 είς
802 2877 962 2946 νῆσον
1007 2879 1255 2951 καταίρει
1287 2880 1625 2937 Κυκλώπων.
1678 2885 1788 2937 Καὶ

203 2966 275 3037 δὴ
305 2964 405 3035 τῆς
434 2967 559 3037 νηὸς
612 2968 822 3031 encas;
854 2971 1025 3023 ἄνεισι
1057 2972 1192 3043 πρὸς
1221 2971 1317 3045 τὴν
1349 2975 1530 3045 νῆσον,
1560 2977 1615 3029 εἴ
1637 2995 1788 3042 τινας

210 3058 514 3131 ἀνθρώπων
548 3059 697 3131 εὖροι
725 3064 1130 3129 κατοικοῦντας.
1179 3067 1235 3120 ’0
1269 3068 1325 3121 δὲ
1359 3069 1606 3142 σπηλαίῳ
1647 3072 1787 3143 κενῷ

1890 1962 1955 2004 ac
1988 1950 2364 2019 proscindenti
2396 1950 2512 2005 fieri
2544 1964 2655 2004 non
2693 1959 2893 2020 potest.

1963 2042 2091 2098 Ηωσ
2131 2043 2225 2099 tibi
2254 2043 2492 2098 Basilius
2521 2054 2567 2098 et
2602 2043 2907 2115 Gregorius.
2937 2043 3035 2100 llic
3075 2047 3297 2117 propria
3337 2061 3463 2102 cum

1892 2132 2074 2205 Magni
2103 2135 2294 2190 Basilii
2326 2137 2586 2206 operibus
2612 2138 2922 2209 coniungit,
2978 2153 3138 2209 quos,
3190 2140 3287 2202 ait,
3338 2157 3463 2195 cum

1888 2228 2114 2284 noveris
2141 2229 2444 2283 concordes
2472 2243 2534 2283 ac
2570 2230 2669 2284 tibi
2697 2230 3068 2297 adversarios,
3110 2252 3129 2284 ι
3169 2232 3463 2304 Cyclopico

1891 2316 2103 2372 honore
2133 2316 2431 2384 aﬂiciebas,
2464 2328 2879 2391 postremosque
2925 2322 2993 2377 ad
3042 2324 3345 2393 periculum
3379 2340 3466 2379 re-

1890 2408 2168 2473 servabas,
2190 2425 2253 2464 ac
2277 2410 2511 2467 fortasse
2534 2419 2793 2483 tanquam
2816 2416 3144 2486 triumphale
3190 2418 3463 2487 quoddam

1889 2504 2084 2574 ingens
2112 2512 2166 2560 et
2198 2504 2548 2575 magnificum
2585 2521 2787 2563 munus
2825 2506 3165 2564 daemonibus
3193 2510 3467 2578 excogita-

1888 2597 2008 2664 bas,
2045 2597 2091 2653 si
2124 2606 2176 2654 te
2205 2614 2235 2652 a
2266 2598 2492 2653 Perside
2522 2599 2841 2657 redeuntem
2878 2603 3242 2673 excepissent.
3282 2621 3302 2654 ι
3333 2602 3468 2670 Qui-

1890 2706 2016 2745 nam
2051 2699 2231 2747 autem
2263 2692 2599 2762 CycIOpicus
2637 2692 2725 2747 hic
2754 2693 2931 2748 honor
2956 2695 3075 2750 est?
3110 2693 3334 2766 Ulysses
3355 2735 3371 2760 ,
3406 2703 3465 2750 ut

1891 2782 2162 2839 Homerus
2189 2785 2451 2854 prodidit,
2479 2787 2659 2840 adhuc
2694 2788 2905 2842 salvata
2936 2788 3041 2857 ipsi
3074 2803 3213 2843 nave
3245 2797 3299 2843 et
3330 2804 3468 2844 non-

1890 2878 2054 2933 nullis
2087 2878 2301 2939 amicis,
2339 2877 2393 2931 in
2451 2877 2748 2948 Cyclopum
2786 2880 3018 2934 insulam
3050 2879 3277 2949 appulit.
3299 2880 3469 2935 Cum-

1889 2986 1995 3039 que
2027 2984 2055 3024 e
2090 2970 2211 3023 navi
2236 2970 2613 3025 descendisset
2651 2987 2715 3025 ac
2767 2986 2863 3041 per
2902 2972 3134 3026 insulam
3163 2974 3464 3041 oberraret,

1893 3062 1939 3116 si
1986 3076 2127 3132 quos
2159 3063 2368 3117 incolas
2396 3063 2685 3130 inveniret,
2717 3064 2770 3116 in
2810 3070 3029 3118 antrum
3070 3065 3343 3136 quoddam
3382 3066 3469 3121 in-

212 3151 541 3223 περιτυχὼν,
583 3155 675 3206 καί
712 3172 831 3209 τινα
880 3161 1077 3228 σημεῖα
1126 3161 1476 3217 ἐνοικούντων
1512 3166 1782 3237 εὑρηκὼς,

1889 3154 2043 3214 cidit.
2077 3155 2294 3225 illicque
2321 3156 2475 3226 signa
2506 3156 2753 3226 qmedam
2788 3157 3090 3212 incolarum
3122 3168 3339 3223 nactus,
3382 3160 3470 3214 in-

208 3243 373 3327 ἐμενε
404 3246 527 3308 τοὺς
551 3248 836 3319 οἰκήτορας
857 3266 871 3279 ο
902 3245 1031 3320 ἦλθε
1062 3250 1117 3303 δέ
1145 3269 1227 3314 τις
1258 3253 1396 3325 ἀνὴρ
1424 3254 1563 3328 ὑπὲρ
1586 3258 1782 3330 ἄνδραο

208 3324 335 3387 οὐδὲ
352 3336 458 3408 γὰρ
477 3337 656 3407 ἐῴκει,
676 3338 837 3409 φησιν
878 3341 1123 3413 Ὅμηρος
1138 3324 1447 3413 (Οάυδεξικ,
1473 3324 1617 3418 190),
1634 3324 1787 3422 ἀνδρὶ

210 3429 509 3497 σιτοφάγῳ.
530 3424 765 3499 Κύκλωψ
780 3423 934 3494 οὗτος
954 3428 1041 3503 ἦν,
1061 3434 1229 3506 ὄνομα
1250 3436 1595 3509 Πολύφημος,
1623 3441 1788 3512 θρέμ-

214 3535 360 3585 ματα
390 3520 480 3570 καὶ
501 3519 678 3589 νέμων
706 3522 799 3575 καὶ
830 3523 1150 3578 εἰσελαύνων
1180 3528 1279 3598 ἤδη
1315 3530 1372 3580 ὲν
1399 3530 1475 3601 τῷ
1507 3534 1751 3605 σπηλαίῳ
1770 3551 1782 3563 ⁸

206 3611 241 3661 ὁ
264 3609 319 3661 δὲ
346 3610 531 3662 τοῦτον
557 3613 648 3664 καὶ
676 3615 799 3677 τοὺς
826 3617 1073 3688 ἑταίρους
1098 3617 1239 3683 ἰδὼν,
1263 3621 1405 3685 τίνες
1426 3618 1534 3676 εἷεν
1565 3625 1752 3696 ἠρώτα
1769 3643 1784 3658 ο

225 3702 509 3765 Ὀδυσσεὺς
538 3703 592 3757 δὲ
614 3706 899 3776 καταλέγει
931 3710 999 3762 τά
1014 3727 1070 3762 τε
1102 3710 1234 3766 ἄλλα
1265 3715 1355 3767 καὶ
1383 3714 1620 3788 τοῦνομα
1639 3718 1781 3791 (cod.

213 3808 267 3860 ι).
304 3791 429 3855 978,
457 3793 534 3861 2),
574 3787 734 3849 Οὖτιν
768 3799 955 3852 ἑαυτὸν
1006 3804 1398 3874 παρονομάζων
1419 3825 1432 3838 ο
1464 3803 1582 3862 εἶτα
1611 3810 1706 3863 σύν
1728 3828 1786 3864 τε

207 3884 304 3937 δύο
334 3885 440 3937 τῶν
472 3887 699 3959 ἑταίρων
745 3891 965 3961 μάρψας
998 3911 1056 3946 τε
1084 3894 1178 3948 καὶ
1209 3899 1522 3971 συντρίψας,
1554 3901 1784 3968 δεῖπνον,

211 3978 379 4048 φησιν
420 3978 660 4045 (Homer.
716 3981 753 4036 l.
813 3999 859 4035 c.
906 3983 1055 4055 289),
1091 3987 1268 4059 ἐαυτῷ
1298 3995 1548 4047 ποιεῖται.
1594 3995 1786 4063 Δείσας

204 4065 306 4124 οὖν
368 4070 654 4137 Ὀδυσσεὺς
699 4076 825 4147 οἴνῳ
872 4079 1032 4131 αὐτὸν
1084 4081 1368 4149 δεξιοῦται,
1418 4087 1476 4140 ὃν
1528 4090 1586 4143 ὲν
1634 4092 1786 4164 ἀσκῷ

211 4164 395 4236 φέρων
450 4161 574 4237 ἧκε,
636 4167 762 4229 καὶ,
826 4168 1003 4238 λόγοις
1056 4174 1562 4246 ὲκμειλισσόμενος,
1617 4161 1786 4246 ξένιον

210 4255 502 4324 ὲπεζήτει’
549 4258 576 4308 ὁ
610 4256 665 4309 δὲ
706 4257 952 4328 πύματον
1003 4260 1106 4333 ἔφη
1142 4262 1359 4334 (Odyss.
1412 4283 1487 4332 Ix,
1534 4270 1660 4341 569)
1694 4274 1785 4328 τὸν

207 4342 378 4401 Οῦτιν
428 4344 765 4415 κατέδεσθαι,
806 4368 824 4400 ι
863 4350 1033 4404 Τοῦτό
1071 4370 1153 4405 τοι
1189 4354 1419 4427 ξεινήϊον
1469 4378 1487 4409 ι
1544 4362 1785 4417 ἐπειπών

210 4436 375 4509 (αῦτη
403 4434 495 4491 οὖν
521 4440 552 4509 ὴ
580 4440 925 4504 Κυκλώπειος
944 4442 1154 4515 εἴρηται
1178 4448 1377 4518 χάρις)·
1410 4449 1468 4504 ὃν
1499 4451 1555 4504 ἐν
1576 4453 1785 4526 ὑστέρῳ

1887 3245 2037 3298 colas
2085 3248 2456 3314 exspectabat.
2496 3245 2654 3300 Venit
2688 3254 2870 3301 autem
2904 3248 2989 3302 vir
3032 3248 3254 3317 quidam
3282 3249 3463 3304 inusi-

1887 3343 2013 3390 tata:
2061 3338 2471 3407 magnitudinis.
2506 3326 2693 3409 Neque
2730 3341 2873 3395 enim
2896 3380 2912 3403 ,
2941 3347 3000 3393 ut
3033 3338 3252 3396 Homeri
3283 3340 3466 3396 verbis

1889 3440 2030 3494 utar,
2068 3431 2265 3486 similis
2289 3440 2406 3486 erat
2437 3432 2555 3485 viro
2604 3433 2937 3487 frumentum
2980 3432 3182 3488 edenti.
3231 3432 3465 3504 Cyclops

1888 3538 2053 3593 porro
2085 3523 2173 3576 hic
2202 3532 2353 3589 erat,
2396 3524 2621 3579 nomine
2649 3523 3039 3597 Polyphemus,
3081 3534 3331 3582 armenta
3370 3543 3467 3597 pa-

1887 3630 2047 3669 scens
2085 3630 2257 3685 eaque
2286 3615 2399 3684 jam
2451 3616 2505 3669 in
2546 3624 2764 3670 antrum
2810 3617 3103 3672 reducens.
3147 3618 3251 3684 Qui
3281 3658 3295 3679 ,
3341 3619 3463 3673 viso

1887 3703 2081 3777 Ulysse
2137 3705 2368 3775 ejusque
2416 3706 2585 3761 sociis
2618 3746 2633 3772 ,
2708 3706 2932 3775 quinam
2991 3715 3181 3762 essent
3218 3707 3462 3777 rogabat.

1887 3794 2111 3868 Ulysses
2171 3805 2376 3860 autem,
2419 3812 2543 3851 cum
2599 3797 2727 3861 alia,
2799 3786 2914 3852 tum
2982 3812 3188 3852 nomen
3245 3812 3464 3868 quoque

1886 3904 2046 3945 suum
2078 3892 2339 3960 exponit,
2365 3889 2649 3945 Neminem
2688 3890 2903 3946 scilicet
2963 3892 3200 3963 seipsum
3246 3906 3462 3946 nuncu-

1885 3997 2041 4052 pans.
2073 3981 2211 4036 Tum
2242 3997 2373 4037 vero
2408 3983 2499 4037 ille
2525 3983 2668 4039 duos
2699 3998 2765 4038 ex
2814 3983 2953 4054 ipsis
3006 3985 3169 4041 simul
3213 3993 3467 4055 arreptos

1886 4075 2164 4137 contrivit.
2199 4090 2501 4145 eorumque
2532 4076 2878 4145 corporibus,
2905 4085 2961 4131 ut
2987 4076 3082 4142 ait,
3114 4077 3218 4132 sibi
3249 4093 3462 4132 caenam

1886 4165 2118 4235 paravit.
2151 4164 2482 4221 Perterritus
2508 4166 2671 4237 igitur
2705 4166 2930 4237 Ulysses
2977 4168 3126 4230 vino,
3175 4169 3321 4237 quod
3373 4184 3461 4224 se-

1886 4272 2011 4311 cum
2037 4256 2091 4310 in
2130 4264 2251 4312 utre
2278 4256 2576 4323 detulerat,
2610 4274 2735 4312 eum
2761 4257 2975 4322 delinit,
3018 4273 3083 4312 ac
3117 4258 3298 4313 verbis
3324 4257 3464 4311 mul-

1886 4359 1992 4413 cet,
2033 4366 2342 4421 munusque
2374 4352 2647 4421 hospitale
2689 4351 2758 4404 ab
2786 4366 2852 4405 eo
2895 4352 3146 4421 requirit.
3204 4351 3295 4405 Ille
3331 4365 3463 4406 vero

1887 4438 2025 4494 dixit
2067 4451 2405 4510 postremum
2450 4443 2735 4497 Neminem
2761 4451 3063 4498 comestum
3115 4444 3181 4497 iri
3224 4460 3239 4497 :
3274 4463 3290 4495 ι
3322 4442 3459 4511 lloc,

206 4529 288 4599 τῷ
322 4529 448 4599 οἴνῳ
491 4530 589 4592 τὰς
619 4532 821 4603 φρένας
856 4532 1193 4604 δαμασθέντα
1222 4539 1433 4595 ἐτίσατο
1476 4543 1781 4614 Ὀδυσσεὺς,

1889 4532 2082 4603 inquit,
2116 4534 2215 4587 tibi
2242 4533 2513 4604 hospitale
2540 4551 2743 4591 munus
2779 4536 2929 4606 (haec
2974 4537 3143 4607 igitur
3189 4538 3460 4608 Cyclopea

203 4619 491 4691 ὀφθαλμοῦ
521 4621 770 4685 ἀλαὼσας
809 4640 866 4676 τε
902 4625 993 4677 καὶ
1026 4628 1426 4702 ἀποστερήσας.

280 4876 420 4930 Ibid.
476 4877 515 4932 C
570 4879 619 4933 1.
671 4882 753 4935 Οὐ
819 4881 930 4951 γὰρ
987 4886 1401 4960 ἀγεννέστεροι
1463 4894 1581 4949 τῶν
1648 4914 1784 4951 νεα-

199 4970 439 5025 νίσκων
480 4970 747 5028 ἐκείνων.
778 4975 898 5028 Τῶν
924 4979 1091 5049 τριῶν
1122 4981 1265 5051 λέγει
1303 4986 1527 5053 παίδων,
1558 4990 1652 5043 κα)⁵
1680 4992 1784 5044 Aa-

201 5062 329 5132 νιὴλ
346 5061 439 5116 τοῦ
470 5066 771 5137 προφήτου,
795 5069 1008 5124 καὶτῶν
1037 5071 1081 5136 ζ’
1098 5066 1471 5134 Μακκαὸαίων
1499 5083 1594 5137 σὺν
1616 5084 1783 5155 μητρὶ

434 5258 765 5344 iidensupra
792 5265 860 5321 ad
897 5268 1009 5344 col.
1041 5269 1144 5327 604
1169 5274 1211 5328 A
1246 5273 1330 5330 Η.

276 5332 392 5399 (76)
434 5332 680 5407 ἓιιείίίυε
707 5336 887 5391 forsan
924 5341 1164 5396 animum
1193 5345 1505 5403 intendebat
1532 5349 1598 5404 ad
1632 5351 1778 5407 hunc

196 5394 388 5486 melius
434 5394 665 5486 Matthgei
709 5411 826 5486 (ψ.
861 5408 1011 5486 15)_:
1065 5394 1778 5486 ηρὸάἔέὲἕζέζδῖτῖδ³ᾜῖᾷζ

193 5468 685 5592 ἓευδοπροφητῶν,
716 5468 1205 5553 ὀῖτινεξέρχονῖται
1243 5468 1385 5558 ’πρδς

235 5556 406 5592 uuam.
458 5544 764 5592 προϐάτων-
817 5546 1017 5592 ἔσωθεν
1058 5553 1113 5592 δέ
1163 5558 1263 5592 εἴη.
1317 5557 1464 5592 κν...
1506 5559 1754 5592 κων-υ..-

235 5544 422 5632 ἱξμῇσιΔ
448 5544 765 5632 Διιτροϐιιὶτιινχ,
817 5544 1114 5632 ἔσωφενῗδέ
1162 5558 1266 5632 εισι
1296 5544 1472 5632 ’λύκοι
1504 5544 1773 5632 ἅρπαγες.

196 5608 364 5695 Ωιιρὰ
407 5608 547 5695 vero
579 5608 812 5695 similhus
859 5622 1135 5677 videbitur
1172 5628 1217 5681 si
1255 5608 1777 5694 άιιέιῖἁέηίἧζῖι⁶οἶῖἰ

199 5680 403 5769 nullos
423 5686 693 5769 antiquos
728 5686 917 5769 Patres
963 5695 1015 5747 in
1058 5680 1189 5751 suis
1213 5680 1614 5769 exeriiplaribit's

193 5750 339 5814 δισις
376 5750 633 5813 habuisse
671 5773 770 5827 pro
802 5760 1060 5834 ἐνδύμασι
1107 5750 1249 5839 (viae
1294 5750 1771 5830 ἰδιοῖέξίὶῖᾞαῖίιὶ.

1888 4626 2091 4681 dicitur
2114 4628 2367 4701 gratia)»
2405 4628 2577 4696 Quem
2624 4646 2770 4697 vero,
2795 4647 2919 4685 cum
2963 4631 3179 4687 demum
3237 4634 3461 4705 Ulysses

1887 4717 2061 4788 ipsius
2113 4727 2349 4775 mentem
2396 4721 2526 4777 vino
2569 4724 2973 4788 concussisset,
3021 4726 3197 4781 oculis
3243 4728 3460 4782 orbavit

1888 4817 2053 4880 atque
2077 4810 2150 4864 ita
2186 4826 2378 4881 poenas
2411 4814 2670 4883 sumpsit.

1964 4899 2143 4973 Neque
2194 4905 2334 4957 enim
2394 4905 2809 4963 adolescentibus
2873 4909 2983 4964 illis
3028 4910 3319 4980 ignaviores
3364 4929 3458 4967 su-

1891 5013 2028 5052 mus.
2066 4996 2202 5053 Tres
2237 4999 2370 5052 dicit
2398 5015 2632 5068 pueros,
2682 5010 2736 5056 et
2784 5000 3061 5058 Danielem
3115 5007 3460 5074 prophetam,

1890 5096 1944 5144 et
1974 5096 2179 5155 septem
2208 5088 2547 5147 Machabaeos
2583 5107 2706 5145 eum
2732 5103 2902 5149 matre
2928 5111 2993 5151 ac
3025 5098 3279 5166 pontiﬁce
3311 5099 3458 5168 peri-

1888 5286 2160 5357 loc.cit.).
2201 5288 2283 5342 Ad
2324 5290 2573 5345 eumdem
2661 5286 2841 5343 locum
2879 5294 3064 5347 eodem
3112 5295 3279 5349 verbo
3352 5299 3458 5349 uti-

1887 5368 1977 5413 tur
2008 5359 2303 5435 Gregorius
2330 5360 2383 5414 in
2419 5362 2521 5415 hoc
2550 5379 2709 5420 versu
2734 5366 2996 5421 carminis
3028 5368 3095 5419 17
3133 5379 3319 5421 contra
3355 5368 3462 5435 [ai-

1887 5445 1971 5482 sos
2008 5429 2297 5498 episcopos,
2337 5447 2478 5486 vers.
2512 5435 2581 5489 58
2619 5454 2631 5488 :

1997 5499 2067 5572 Id
2099 5498 2317 5572 κῴδιον
2353 5501 2632 5572 πάρελθε,
2665 5505 2772 5559 τὸν
2802 5507 2993 5559 λύκον
3018 5506 3234 5570 βλέπε.

1959 5569 2071 5647 (77)
2124 5569 2673 5647 Qoi_sl._,xmpwrtxdi.
2721 5569 3026 5647 Gregorius,
3064 5578 3230 5630 verbo
3287 5575 3460 5647 λῷστε

1884 5639 2064 5719 ridere
2086 5643 2258 5719 voluit
2287 5639 2564 5719 Iulianum
2588 5650 2797 5702 Atticos
2824 5639 3036 5719 l'epores
3087 5639 3457 5704 affectanteuu

1886 5706 1999 5762 Vox
2020 5720 2120 5781 est
2163 5715 2360 5781 priscis
2407 5719 2726 5773 auctoribus
2760 5706 2959 5776 Attibis
2989 5720 3124 5775 satis
3172 5719 3370 5776 usitata
3403 5728 3458 5775 et

1891 5780 2031 5851 apud
2062 5782 2331 5852 sophistas
2365 5783 2821 5857 frequentissima.
