4018 6296
200 395 328 451 1Ξ61

1263 390 1553 448 εοηοωΑ
1584 356 1658 444 ιδῑ
1699 389 1905 445 onar.
1948 389 2036 445 DE
2071 387 2371 445 annosa.

3327 398 3467 458 illi?

197 528 363 575 σκων,
397 506 633 579 ἐλέγχων
659 506 889 571 ἰδιώτας,
923 506 1210 578 ἄρχοντας,
1246 506 1352 576 ἰδίᾳ
1382 507 1476 560 καὶ
1507 504 1742 577 δημοσία

1884 501 2210 568 admonens,
2248 504 2453 559 docens
2478 511 2643 575 atque
2668 503 2964 563 coniutans
2996 507 3065 561 ab
3099 508 3267 581 impio
3296 518 3468 584 magi-

193 605 286 660 καὶ
319 603 384 674 δὴ
433 599 833 672 συναρπασθεὶς
881 598 985 651 ὑπὸ
1017 599 1117 670 τῆς
1166 596 1460 661 δυσσεϐοῦς
1506 597 1775 662 ἐξουσίας,

191 696 433 767 ξαίνεται
463 694 603 748 κατά
623 692 793 746 νώτου
829 690 1050 754 πολλὰς,
1085 691 1180 744 καλ⁸
1214 688 1481 762 ὑπερορίᾳ
1507 690 1775 763 κατακρί-

190 805 363 842 νεται.
396 785 539 857 Πρὸς
560 782 748 837 τοῦτον
769 778 861 835 οὖν
880 779 1264 853 ἐκπεφώνηται
1294 783 1323 834 6
1349 780 1507 849 λόγος
1534 780 1776 852 παρόντα

189 882 285 935 καὶ
318 879 425 932 τῶν
452 878 690 931 ἐπαίνων
716 875 821 929 τῶν
854 872 1048 928 ἑαυτοῦ
1089 874 1370 928 ἐπαΐοντα.

259 971 381 1027 Col.
453 969 589 1023 1197
626 968 667 1022 Δ
704 967 759 1021 9..
813 968 926 1021 Τὸν
977 967 1321 1037 φιλόσοφον
1361 963 1773 1035 ἐπαινέσομαι.

186 1069 297 1122 Καὶ
347 1068 406 1120 ὲν
451 1065 527 1136 τῷ
588 1063 822 1134 σώματι,
850 1061 1035 1133 φησιν,
1072 1059 1314 1124 ἀσθενῶς
1354 1058 1656 1131 διάκειμαι,
1684 1055 1775 1109 τὸν

184 1161 477 1231 φιλόσοφον
503 1158 651 1228 ὅμως
680 1154 981 1208 ἐπαινέσω·
1008 1154 1140 1209 αὐτὸ
1167 1153 1275 1225 γὰρ
1296 1152 1451 1206 τοῦτο
1473 1151 1533 1204 τὸ
1562 1150 1776 1222 φιλόσο-

183 1274 285 1327 φον
323 1254 584 1316 ἐπαινεῖν,
610 1248 897 1319 φιλόσοφόν
934 1249 1048 1302 ἐστι
1078 1246 1172 1301 καὶ
1204 1243 1499 1317 προσφιλὲς
1521 1243 1599 1315 τῷ
1632 1241 1770 1313 Θεῷ.

258 1344 396 1400 Ibid.
460 1340 790 1399 Ἐπαίνεσω
837 1338 915 1409 (4)
963 1336 1051 1390 δέ.
1113 1334 1444 1405 Κατασκευὴ
1495 1332 1653 1386 τοῦτο
1674 1332 1774 1403 τῆς

187 1434 507 1509 προτάσεως
531 1436 678 1486 ἐστιν
707 1431 764 1498 ἐξ
796 1429 975 1494 αἰτίας
991 1447 1005 1460 ·
1038 1426 1150 1497 ἐγὼ
1170 1427 1277 1499 γὰρ
1302 1427 1513 1498 σοφίας,
1537 1427 1654 1499 ἦτοι
1676 1426 1771 1479 τοῦ

182 1528 346 1593 Θεοῦ,
377 1527 632 1599 θεράπων
656 1523 771 1594 εἰμὶ
804 1523 897 1575 καὶ
929 1520 1133 1585 δοῦλος,
1160 1520 1445 1590 φιλόσοφος
1474 1519 1528 1572 δὲ
1545 1521 1771 1584 ἐκεῖνος,

180 1619 435 1675 τουτέστι
473 1616 603 1670 Θεὸν
621 1613 790 1684 φιλῶν
810 1630 822 1643 '
865 1612 1102 1666 ἐπαινῶν
1126 1607 1219 1665 οὖν
1244 1610 1428 1676 αὑτὸν,
1453 1609 1583 1664 Θεὸν
1610 1607 1768 1678 φιλῶ,

183 1713 283 1767 καὶ
311 1706 609 1782 προσφιλές
630 1725 683 1761 τι
712 1704 832 1777 Θεῷ
860 1705 1186 1777 ἐργάζομαι,
1211 1705 1305 1757 καὶ
1339 1700 1629 1771 φιλοσοφῶ.

1882 606 2054 652 stratu
2086 597 2402 668 corripitur,
2433 597 2731 669 multisque
2762 599 3082 655 verberibus
3106 601 3272 659 dorso
3305 620 3467 662 acce-

1881 688 2009 757 ptis,
2045 688 2240 745 exsilio
2281 690 2562 744 multatur.
2611 691 2688 744 Ad
2733 691 2879 746 hunc
2924 692 3090 762 igitur
3147 693 3259 749 haec
3289 698 3467 752 oratio

1880 780 2065 834 habita
2096 787 2210 845 est,
2251 792 2599 852 praesentem,
2645 780 3006 852 propriasque
3053 784 3228 853 ipsius
3273 785 3466 842 laudes

1880 874 2210 939 audientem.
2888 864 2905 880 ’

1951 964 2332 1035 Philosophum
2374 966 2626 1021 laudabo.
2662 966 2774 1022 Etsi
2809 968 3026 1022 inﬁrmo
3059 986 3178 1025 sum
3208 986 3458 1042 corpore,

1878 1057 1976 1121 ait,
2005 1058 2387 1128 philosophum
2437 1065 2618 1112 tamen
2661 1058 2912 1114 laudibus
2947 1061 3083 1115 meis
3121 1078 3457 1135 prosequar;

1880 1149 2312 1220 philosophicum
2337 1151 2479 1204 enim
2501 1158 2585 1205 est
2613 1161 2665 1204 et
2689 1151 2797 1206 Deo
2824 1160 3057 1223 gratum,
3078 1154 3460 1226 philosOplium

1879 1240 2128 1298 laudare.

1946 1332 2201 1389 Laudabo
2255 1345 2451 1390 autem.
2488 1333 2842 1390 Conlirmatio
2904 1337 3017 1392 haac
3068 1341 3460 1410 propositionis

1875 1436 2016 1484 esta
2062 1443 2229 1483 causa
2280 1427 2589 1500 desumpta.
2658 1429 2772 1501 Ego
2815 1430 2962 1485 enim
3020 1430 3332 1503 Sapientiae,
3361 1433 3459 1490 Dei

1875 1520 2104 1585 scilicet,
2162 1520 2399 1576 famulus
2448 1535 2570 1575 sum
2602 1529 2657 1577 et
2691 1538 2909 1588 servus,
2940 1522 3298 1594 philos0phus
3327 1540 3456 1581 vero

1874 1605 1984 1668 ille.
2014 1605 2069 1660 id
2086 1612 2169 1662 est
2182 1605 2350 1662 Deum
2372 1607 2624 1679 diligens.
2652 1609 2908 1665 Laudans
2931 1611 3097 1681 igitur
3118 1627 3264 1678 eum,
3290 1612 3458 1669 Deum

1872 1694 2076 1765 diligo,
2131 1697 2616 1770 gratissimumque
2669 1698 2778 1755 Deo
2832 1699 2996 1764 facio,
3047 1709 3102 1757 et
3155 1703 3458 1776 philosophi

1874 1802 2010 1857 opus
2048 1803 2336 1859 exsequor.

255 1888 394 1945 Ibid.
417 1887 469 1942 5.
510 1886 694 1940 Ὥστε
737 1901 839 1954 μοι
884 1881 984 1937 καὶ
1017 1880 1167 1950 πρὸς
1205 1880 1393 1952 λόγον
1428 1883 1462 1934 ὁ
1499 1879 1764 1946 ἔπαινος.

1945 1880 2021 1931 Ac
2047 1879 2265 1947 proinde
2305 1896 2408 1933 non
2460 1880 2747 1953 incongrue
2785 1883 3074 1939 hoclaudis
3126 1901 3317 1942 munus
3339 1905 3458 1943 sus-

195 1984 344 2038 ’Δντὶ
372 1981 465 2036 τοῦ
516 1979 736 2050 εὔλογος
767 1978 861 2031 καὶ
894 1976 1038 2030 κατά
1067 1974 1223 2044 λόγον
1246 1974 1627 2046 γεγενημένος,
1660 1973 1765 2037 ἵνα,

179 2082 234 2134 εί
274 2079 350 2150 μή
371 2094 424 2130 τι
458 2074 604 2138 ἄλλο,
641 2075 697 2127 ἐν
721 2070 797 2143 τῷ
828 2068 1130 2142 θαυμάζειν
1155 2067 1245 2122 τὸν
1288 2067 1596 2137 φιλόσοφον,
1623 2066 1770 2136 φιλο-

182 2169 335 2241 σοφῶ
358 2186 373 2199 ·
403 2166 478 2231 ὡς
511 2165 620 2236 γὰρ
670 2164 700 2217 6
741 2162 872 2234 ἐμὸς
904 2160 1061 2229 λόγος
1092 2159 1186 2213 καὶ
1214 2158 1241 2211 6
1268 2157 1467 2221 σκοπὸς
1498 2156 1633 2228 ἔχει,
1674 2156 1767 2209 εὖ·

177 2262 339 2331 λογόν
370 2263 517 2314 ἐστιν
557 2256 941 2329 ἢφιλοσοφεῖν,
970 2253 1003 2324 ἢ
1048 2252 1213 2322 τιμᾷν
1247 2250 1585 2320 φιλοσοφίαν,
1620 2248 1768 2311 ὅπως

181 2353 261 2423 μὴ
285 2350 508 2418 ἀλογίαν
530 2346 674 2421 (cod.
698 2361 752 2416 p.
778 2344 899 2408 129,
935 2344 980 2415 1)
1009 2339 1429 2412 κατακριθῶμεν
1449 2339 1597 2407 ὄντες
1624 2339 1768 2406 λογι-

176 2444 268 2498 κοί
294 2461 306 2473 ⁵
341 2444 436 2496 καὶ
464 2441 552 2496 διὰ
595 2436 689 2493 τοῦ
730 2436 973 2491 τοιούτου
1004 2434 1164 2504 λόγου
1211 2434 1311 2503 τῆς
1339 2431 1655 2502 φιλοσοφίας
1685 2431 1765 2494 εἰς

172 2537 269 2592 τὸν
290 2534 432 2590 θεῖον
442 2532 616 2602 Λόγον
642 2520 944 2600 σπεύδομεν
973 2524 1214 2580 ἀνελθεῖν
1241 2523 1341 2596 (5).

249 2712 390 2770 Ibid.
424 2712 462 2766 Β
487 2710 541 2765 2.
574 2706 755 2764 Τοῦτο
794 2705 905 2778 γὰρ
934 2707 1045 2759 οὐκ
1075 2702 1164 2758 ἔτι
1201 2700 1629 2771 περιφρονήσει
1670 2719 1765 2771 φι-

173 2806 463 2877 λοσοφία.
492 2803 663 2857 Τοῦτο
689 2819 701 2830 ’
736 2802 922 2867 ποῖον;
956 2798 1017 2851 τὸ
1042 2798 1075 2868 ἡ
1086 2797 1191 2869 μᾶς
1220 2795 1449 2865 ὠφελεῖν
1468 2806 1481 2820 ο
1501 2792 1611 2859 τίς;
1642 2794 1765 2865 ἥτις

175 2896 466 2968 φιλοσοφία
522 2892 683 2966 ἔργον
745 2890 859 2962 ἔχει
902 2890 996 2943 καὶ⁸
1028 2886 1347 2957 σπούδασμα
1366 2885 1428 2940 τὸ
1454 2884 1762 2938 καλοποιεῖν

174 2992 270 3047 τὸν
301 2988 569 3061 ἡμέτερον
601 2984 737 3057 βίον.

247 3082 367 3138 Col.
401 3077 538 3134 1200
563 3077 609 3131 Α
643 3075 730 3131 I5.
753 3073 864 3137 Kal
892 3072 967 3128 δι’
982 3070 1367 3143 εὐγλωττίας.
1402 3066 1574 3122 Τοῦτο
1600 3066 1760 3139 ἔργον

171 3179 275 3250 τῆς
294 3176 451 3232 νόθου
483 3173 696 3243 σοφίας,
715 3172 750 3243 ἢ
782 3172 837 3225 ἐν
864 3169 1008 3239 λόγῳ
1041 3167 1186 3239 μόνῳ
1206 3168 1382 3220 κεῖται
1406 3161 1759 3268 καιεύγλωτ-
1789 3208 1833 3268 c

172 3270 289 3343 τίᾳ,
320 3263 798 3336 καταγοητεύουσα
827 3260 923 3315 καὶ
953 3258 1337 3330 κατακηλοῦσα
1369 3256 1464 3310 καὶ
1489 3254 1619 3307 ὡσεί
1644 3270 1761 3316 πως

175 3341 632 3430 φαρμακεύουσα,
664 3349 1012 3423 ύπεράνωθεν
1037 3348 1094 3402 δὲ
1125 3349 1315 3401 τούτου
1351 3343 1654 3415 ἐπαρθῆναι
1687 3341 1761 3414 μὴ

171 3449 471 3521 δυναμένη,
497 3445 632 3501 ἀλλὰ
666 3444 800 3516 μηδέ
827 3439 1148 3513 βουλομένη,
1185 3436 1338 3509 φησί.

250 3543 387 3599 Ibid.
424 3541 465 3595 Β
500 3541 548 3594 1.
599 3539 661 3593 '0
685 3534 1019 3605 περιδέξιος
1043 3531 1158 3601 τὴν
1172 3529 1413 3600 ἀρετήν.
1443 3531 1501 3583 '0
1528 3527 1760 3601 ἀμφιδέ-

174 3635 315 3700 ξιος,
346 3636 375 3687 6
408 3630 744 3704 ἀμφοτέραις
771 3626 928 3698 χερσὶ
954 3622 1263 3696 χρήσασθαι
1283 3619 1528 3687 δυνατὸς,
1565 3620 1660 3673 καὶ
1693 3621 1763 3690 τῇ

173 3725 444 3799 ἀριστερᾷ
472 3722 661 3794 ὥσπερ
682 3718 913 3791 τῇδεξιᾷ
947 3717 1190 3787 ἐνεργεῖν
1218 3714 1317 3785 (6).

261 3816 351 3870 Ἐν
378 3815 676 3883 ἀλλοτρίῳ
700 3812 757 3865 δὲ
786 3810 1069 3880 σχήματι,
1104 3810 1170 3879 τῇ
1201 3805 1590 3879 λαμπροφορίᾳ
1604 3800 1755 3875 φησί.

170 3908 444 3980 ἡμέτερον
460 3907 570 3978 γὰρ
597 3906 659 3958 τὸ
695 3902 1122 3976 μελανειμονεῖν,
1146 3900 1240 3954 καὶ
1264 3898 1407 3954 κατὰ
1430 3896 1527 3969 τὴν
1558 3896 1760 3965 ἐσθῆτα

170 3997 645 4066 ταπεινοφρονεῖν,
692 3993 786 4047 καὶ
843 3991 917 4063 μὴ
958 3990 1263 4061 περπερείᾳ
1294 3990 1371 4059 (7)
1416 3984 1758 4059 ἐπαίρεσθαι,

171 4092 273 4145 καὶ
323 4089 554 4161 ἱματίων
608 4081 981 4154 καλλωπισμῷ
1027 4081 1202 4136 σοϐεῖν
1230 4121 1245 4146 ,
1285 4078 1419 4133 ἀλλὰ
1476 4079 1568 4133 καὶ
1619 4073 1761 4131 κατά

167 4183 347 4236 ταῦτα
394 4180 700 4250 φιλοσοφεῖν
734 4173 949 4244 ἀληθῶς
972 4190 985 4204 ·
1013 4176 1041 4227 6
1066 4174 1124 4227 δὲ
1157 4170 1313 4243 τύπῳ
1352 4169 1641 4240 ἐγκωμίων
1665 4167 1758 4220 εύ-

168 4274 345 4344 φήμφ
370 4269 541 4333 οὕτως
566 4266 645 4338 τῷ
669 4261 945 4335 ἀγγελικῷ
974 4259 1362 4333 περιτεθεικὼς
1390 4255 1759 4328 ἀποσεμνύνει

162 4362 252 4434 τῷ
286 4362 546 4431 σχήματι.

243 4452 383 4507 Ibid.
426 4450 468 4504 Β
512 4448 600 4505 10.
645 4448 830 4518 Δεῦρό
884 4464 1019 4517 μοι,
1061 4444 1379 4515 φιλόσοφε.
1414 4439 1637 4504 Τούτοις
1679 4438 1758 4510 (8)

1873 1972 2007 2041 cipio
2036 1971 2172 2043 πρὸς
2212 1972 2392 2043 λόγον,
2426 1974 2479 2030 id
2514 1983 2598 2030 est
2653 1986 2775 2045 apte
2798 1986 2851 2030 et
2880 1977 3037 2046 juxta
3057 1979 3346 2044 rationem,
3378 1990 3458 2048 ut,

1871 2064 1919 2117 si
1958 2064 2096 2119 nihil
2126 2066 2296 2131 aliud,
2326 2065 2429 2121 hoc
2461 2068 2654 2122 saltem
2687 2067 2835 2138 quod
2863 2069 3247 2140 philosophum
3278 2073 3458 2129 admi-

1872 2170 1984 2220 ror,
2009 2156 2380 2228 philosOpher.
2408 2156 2481 2213 Ut
2517 2157 2661 2213 enim
2716 2158 2845 2212 mihi
2870 2161 3140 2215 sententia
3172 2168 3227 2217 et
3253 2177 3455 2233 prepo-

1870 2244 2035 2301 situm
2069 2260 2188 2301 sese
2213 2244 2397 2310 habet,
2424 2245 2723 2301 secundum
2754 2246 3022 2301 rationem
3052 2256 3138 2302 est
3167 2254 3260 2301 aut
3291 2248 3467 2317 philo-

1869 2336 2113 2408 sophari,
2139 2344 2233 2391 aut
2251 2336 2649 2409 philosophiam
2679 2338 2886 2394 honore
2910 2339 3186 2409 prosequi,
3219 2356 3290 2397 ne
3324 2343 3453 2398 insi-

1867 2426 2083 2497 pientia:
2107 2428 2451 2494 damnemur,
2478 2428 2830 2502 rationabiles
2864 2428 2991 2483 dum
3032 2444 3257 2496 sumus;
3282 2438 3335 2487 et
3361 2448 3453 2502 per

1871 2520 2019 2575 hunc
2066 2520 2426 2591 philosophiae
2480 2501 2790 2577 sermonem
2840 2520 2909 2576 ad
2939 2522 3185 2578 divinum
3212 2501 3453 2581 Verbum

1867 2612 2151 2681 pervenire
2185 2627 2567 2685 properamus.

1940 2703 2059 2758 Hoc
2089 2705 2227 2759 enim
2250 2721 2355 2759 non
2392 2705 2512 2774 jam
2569 2715 2857 2760 contemnet
2905 2706 3259 2779 philosophia.
3309 2707 3452 2774 Quid

1865 2795 2009 2851 hoc?
2048 2795 2458 2867 nobismetipsis
2501 2796 2780 2867 prodesse.
2822 2797 2955 2864 Quis
3004 2799 3287 2868 proderit?
3323 2798 3455 2854 Phi-

1864 2886 2131 2958 losophia,
2184 2888 2342 2957 cujus
2382 2886 2487 2943 hoc
2530 2904 2730 2945 munus
2769 2899 2823 2945 et
2864 2890 3107 2946 studium
3152 2901 3256 2957 est,
3296 2899 3357 2947 ut
3385 2892 3454 2948 de

1865 2977 1979 3032 vita
2005 2987 2194 3035 nostra
2218 2978 2477 3051 praeclare
2524 2989 2816 3035 mereatur.

1934 3070 2011 3124 Ac
2047 3086 2139 3140 per
2186 3070 2379 3141 lingua:
2430 3070 2757 3140 facundiam.
2807 3069 2921 3127 Hoc
2950 3086 3087 3143 opus
3135 3072 3452 3127 adulterium

1866 3162 2165 3233 sapientiae,
2199 3177 2320 3234 quae
2353 3164 2406 3217 in
2443 3163 2611 3219 verbo
2656 3171 2867 3218 tantum
2916 3178 2981 3219 ac
3018 3165 3213 3236 linguai
3260 3164 3451 3221 facun-

1865 3254 1953 3309 dia
1987 3253 2091 3311 sita
2122 3263 2227 3331 est,
2260 3253 2532 3326 pmstigia
2564 3253 2885 3323 oll'undcns,
2934 3264 2988 3311 et
3045 3256 3348 3323 deliniens,
3394 3267 3452 3313 et

1863 3352 2127 3416 tanquam
2160 3361 2370 3401 veneno
2399 3346 2669 3414 inliciens,
2701 3363 2867 3418 supra
2892 3348 3006 3403 haec
3054 3356 3237 3405 autem
3262 3349 3446 3407 elTerri

1863 3452 1966 3493 nec
1999 3444 2200 3508 potest.
2231 3453 2331 3493 nec
2363 3438 2535 3509 cupit,
2565 3447 2625 3494 ut
2654 3440 2749 3493 ait.

1940 3526 2149 3584 Virtute
2168 3527 2371 3586 dexter.
2417 3528 2494 3585 Ita
2549 3532 2731 3587 vocari
2779 3532 2957 3589 solent
2989 3550 3084 3605 qui
3117 3535 3447 3592 ambidextri

1863 3628 2021 3689 sunt,
2074 3620 2131 3675 id
2174 3627 2261 3678 est
2306 3630 2541 3693 utraque
2596 3638 2761 3679 manu
2810 3639 2875 3682 ac
2915 3626 3139 3683 sinistra
3183 3635 3447 3698 tanquam

1862 3709 2052 3765 dextra
2077 3711 2157 3766 uti
2187 3721 2437 3782 possunt.

1930 3806 1998 3858 In
2020 3804 2194 3859 alieno
2215 3804 2418 3862 habitu.
2435 3804 2636 3877 Nempe
2655 3807 2885 3863 vestitus
2906 3807 3165 3864 candore.
3184 3807 3445 3866 Nostrum

1863 3896 2007 3952 enim
2039 3905 2120 3953 est
2154 3899 2368 3970 nigrum
2398 3898 2784 3955 vestimentum
2828 3907 3063 3970 gestare,
3106 3900 3447 3969 humilesque

1862 3996 2043 4044 vestes
2074 3988 2322 4055 induere,
2354 3998 2409 4045 et
2455 3990 2705 4046 vanitate
2742 4005 2806 4045 ac
2830 3992 3087 4062 superbia
3118 4007 3227 4047 non
3269 3991 3446 4049 inﬂari

1861 4097 1963 4137 nec
1990 4082 2331 4137 vestimentis
2354 4082 2659 4152 superbire,
2682 4082 2773 4138 sed
2806 4092 2861 4138 et
2884 4084 3182 4139 secundum
3214 4100 3275 4139 ea
3309 4100 3446 4154 quo-

1861 4189 1968 4244 que
1996 4189 2124 4229 vere
2152 4173 2504 4244 philosophos
2540 4188 2640 4228 nos
2673 4189 2879 4244 gerere.
2913 4176 3012 4228 Hic
3051 4185 3232 4229 autem
3266 4174 3440 4245 ligura

1861 4265 2085 4319 laudum
2115 4280 2222 4320 non
2249 4266 2460 4336 ingrata
2483 4263 2563 4320 sic
2586 4264 2835 4334 angelico
2859 4263 3209 4319 circumdans
3242 4265 3446 4319 exaltat

1860 4358 2073 4414 habitu.

1931 4449 2223 4517 Adesdum,
2255 4449 2580 4521 philosophe.
2606 4448 2703 4507 His
2742 4448 2925 4506 verbis
2955 4449 3097 4504 inter
3121 4447 3445 4518 sapientiam

162 4540 437 4612 διαφορὰν
464 4540 654 4610 σοφίας
705 4541 801 4594 καὶ
852 4536 1168 4625 φιλοσοφίας
1214 4535 1520 4606 νομοθετεῖ’
1558 4531 1758 4625 ἕτερον

1881 4541 2336 4614 :tpbilosophiam
2375 4540 2738 4597 dill‘erentiam
2784 4540 3046 4597 ostendit.
3087 4539 3251 4593 Aliud
3289 4539 3438 4594 enim

162 4632 285 4703 γάρ
311 4632 428 4684 ἐστι
467 4631 526 4684 τὸ
564 4629 905 4701 φιλούμενον,
944 4622 1054 4681 οἷον
1077 4627 1236 4697 σοφία
1263 4626 1337 4690 ὡς
1374 4624 1753 4694 ὑποκείμενον·

162 4726 362 4795 ἕτερον
384 4722 441 4776 δὲ
483 4723 545 4776 τὸ
590 4722 776 4793 φιλοῦν
806 4722 1118 4795 πρόσωπον,
1158 4721 1187 4772 6
1218 4719 1384 4783 δεῖνα,
1419 4717 1448 4770 6
1480 4717 1576 4770 καὶ
1623 4731 1755 4768 κατ·

162 4814 549 4889 ηγορουμένου
570 4813 740 4869 τύπον
758 4814 1041 4885 ἐπέχειᾶεἶι
1076 4812 1149 4883 μὴ
1175 4811 1283 4882 γάρ
1307 4810 1391 4873 τίς
1424 4811 1539 4862 ἐστι
1570 4807 1752 4875 σοφία,

165 4905 342 4978 μέχρι
387 4905 532 4969 τίνος
565 4905 757 4978 ῥηθείη
811 4904 872 4959 τὸ
915 4904 1105 4974 σοφίαν
1138 4904 1347 4973 φιλεῖν;
1392 4902 1537 4965 Ἕως
1607 4898 1755 4963 τίνος

159 4997 525 5070 ὁρισθήσεται
557 4996 619 5051 τὸ
651 4986 847 5068 φιλεῖν,
899 4997 947 5050 εί
987 4998 1060 5069 μή
1099 5014 1153 5050 τι
1190 4995 1252 5049 τὸ
1287 4993 1609 5066 φιλούμενον
1639 4989 1751 5062 εἴη,

160 5082 285 5149 οἷον
314 5091 476 5161 σοφία
496 5107 511 5157 ;

239 5181 383 5238 Ibid.
423 5182 507 5238 15.
562 5182 769 5254 Κάμοῦ
815 5182 923 5238 τοῦ
949 5182 1048 5237 διὰ
1090 5184 1313 5237 τούτων
1330 5193 1756 5251 μυσταγωγου-

263 5432 324 5498 4)
360 5432 501 5489 Edit.
533 5433 914 5503 ἐπαινέσομαι.

264 5505 323 5572 5)
352 5503 479 5560 Haec
504 5504 623 5560 fuse
651 5499 873 5559 enarrat
906 5500 1051 5556 Elias
1083 5499 1388 5572 Cretensis.

240 5569 324 5645 (6)
351 5575 463 5629 Καὶ
486 5572 633 5639 ὅπως
659 5572 936 5645 ἀποφεύξῃ
967 5572 1029 5625 τὸ
1046 5569 1496 5645 σδνμπεριδέξιιῃί,Δ
1519 5570 1594 5623 ait
1617 5570 1753 5645 (ire-

156 5639 365 5715 gorius
395 5646 452 5701 in
482 5647 587 5701 alia
621 5639 872 5700 oratione
904 5639 1071 5715 (orat.
1105 5641 1196 5715 29,
1222 5639 1377 5715 ςοιίιῃ
1397 5639 1505 5715 £55)
1545 5640 1754 5715 et_Ba-

156 5710 336 5772 silius
359 5716 475 5772 haec
497 5717 759 5771 adnotat:
788 5710 1118 5787 Περιδέξιος,
1142 5714 1176 5766 6
1210 5710 1522 5835 ἀὶμφιδέξιος
1540 5752 1553 5773 ,
1580 5710 1755 5765 εῖτουν

156 5789 189 5835 ό
241 5787 583 5835 ἀμφοτέραις
624 5785 817 5835 ἐπίσης
852 5784 1132 5835 νοώιιενος
1168 5798 1236 5835 τα
1261 5800 1288 5835 ς
1323 5782 1530 5835 νεοσὶν.
1566 5782 1641 5835 ὡς
1678 5784 1745 5835 τῆ

152 5789 189 5840 ό
239 5787 583 5858 ἀμφοτέραις
624 5785 820 5858 ἐπίσης
831 5782 1132 5858 χρώμενος
1168 5782 1288 5858 ταῖς
1323 5782 1641 5858 χερσὶν,“ὠς
1665 5784 1745 5858 ⁸τῇ

151 5851 322 5929 δεξιᾷ
342 5851 542 5927 ⁷καῖ’τῇ
575 5851 1132 5929 ἀριστερᾷῖτοιοῢτ-οι
1171 5853 1228 5907 δὲ
1263 5851 1454 5929 ’πολλοὶ
1493 5851 1608 5929 τῶν
1653 5851 1749 5929 ἀνξ

153 5922 428 6001 θρώπων.
490 5922 784 5998 Ὄμηρος,“
816 5922 1025 5997 βάλλων
1067 5924 1441 5996 ἀμφοτέρῃσι,
1492 5924 1620 5995 περὶ
1655 5922 1748 5977 τοῦ

329 6027 608 6089 ΡΑτιιοι..
642 6024 759 6088 Gtt.
800 6022 1101 6086 XXXVI.

1862 4642 1946 4691 est
1982 4633 2129 4705 quod
2176 4641 2410 4698 amatur,
2447 4634 2592 4690 sicut
2632 4633 2899 4705 sapientia
2927 4633 3085 4703 quasi
3115 4632 3441 4700 subjectum,

1862 4726 2007 4781 aliud
2031 4724 2281 4797 estquod
2313 4732 2483 4789 amat,
2522 4724 2670 4795 quod
2712 4730 2767 4779 et
2798 4722 3067 4793 designati
3101 4722 3329 4793 figuram
3357 4723 3444 4776 in-

1859 4819 2029 4874 hibet.
2056 4816 2112 4873 Si
2152 4819 2298 4874 enim
2346 4833 2455 4873 non
2505 4818 2686 4885 aliqua
2736 4816 2809 4872 sit
2840 4815 3130 4886 sapientia,
3183 4831 3345 4886 quem
3387 4817 3443 4869 in

1861 4909 2022 4964 ﬁnem
2052 4909 2327 4964 diceretur
2355 4908 2679 4979 sapientiam
2710 4908 2930 4962 amare?
2964 4906 3262 4977 Quousque
3306 4907 3444 4962 deli-

1860 4998 2041 5053 nietur
2075 4997 2165 5053 ille
2194 5013 2369 5066 amor,
2412 4998 2459 5054 si
2508 5012 2619 5054 non
2659 4998 2730 5053 sit
2772 4996 2981 5067 aliquid
3025 4996 3169 5068 quod
3210 5006 3443 5064 ametur,

1861 5090 2006 5145 sicut
2038 5088 2342 5159 sapientia?

1932 5182 2101 5252 Atque
2140 5181 2208 5235 ad
2247 5198 2347 5249 me,
2386 5183 2477 5252 qui
2516 5198 2609 5252 per
2645 5181 2756 5236 [uec
2799 5182 2852 5236 in
2888 5183 3142 5253 mysteria
3181 5198 3299 5236 sum
3349 5181 3447 5233 ad-

1864 5426 2246 5508 ςᾹστεροπαίου
2292 5427 2474 5508 φησιν.
2503 5426 2596 5508 (ll.
2631 5444 2762 5508 ut._
2790 5428 2950 5508 ιρξχ.
2981 5428 3104 5480 ἐπεὶ
3142 5425 3445 5508 περιδέξιος

1849 5494 1970 5570 ἦεν.
1998 5494 2249 5570 Τοιοῦτον
2390 5499 2486 5570 καὶ
2513 5494 2595 5570 ’τὸ
2638 5500 2778 5553 κατά
2817 5494 3158 5570 διλήμματον
3191 5494 3401 5570 ἐρωτᾷν
3425 5513 3442 5531 ο

1850 5566 1955 5641 δύο
1982 5568 2123 5641 κατά
2153 5566 2348 5641 ταυτὸν
2387 5568 2607 5641 ἐρωτῶν
2635 5566 3023 5641 ἀμφοτέρωθεν
3042 5566 3258 5641 βάλλειν
3273 5566 3441 5641 δοκεῖ.

1924 5640 2000 5711 ('7)
2054 5637 2301 5711 Vanitate
2326 5647 2375 5711 et
2397 5637 2645 5711 superbia
2677 5637 2783 5711 non
2809 5637 3013 5708 inﬂari.
3040 5637 3117 5693 De
3137 5652 3282 5711 10cc
3304 5640 3443 5711 πέρ-

1854 5706 2097 5781 περος-ει
2126 5708 2196 5781 ab
2220 5723 2283 5763 ea
2306 5706 2575 5781 derivatis
2607 5709 2733 5766 vide
2766 5706 3112 5781 interpretes
3135 5706 3391 5779 Hesychii
3424 5727 3441 5776 ;

1854 5777 2009 5835 Wbll‘
2030 5779 2084 5834 in
2112 5777 2555 5834 Casaubonianas
2590 5777 2983 5834 emendationes
3007 5777 3209 5841 Toup.,
3240 5777 3346 5834 etc.

1928 5793 1998 5834 011
2030 5795 2084 5834 tn
2112 5793 2555 5834 basauoontanas
2590 5793 2983 5834 emendationes
3008 5793 3209 5902 1οης..
3240 5793 3346 5834 etc.

1928 5851 2002 5975 (82
2049 5848 2271 5915 Τούτοις
2301 5859 2514 5922 spectat
2538 5852 2605 5906 ad
2641 5852 2806 5907 verba
2839 5859 3041 5918 textus,
3067 5868 3125 5921 φι
3161 5848 3321 5922 ὁσοφε
3347 5850 3443 5905 καὶ

1928 5940 1960 5975 ω
1998 5960 2014 5975 .

1858 5940 2014 5992 σοφε.

3076 6017 3152 6078 3⁸1*
