4018 6296
293 277 435 334 “(iii

1383 283 1669 340 SCIIOLIA
1711 284 1775 340 IN
1816 285 2026 342 ORAT.
2074 287 2158 343 DE
2200 289 2504 345 IIERONE.

3416 290 3550 343 1166

293 413 384 447 νου
442 392 722 459 πολίταις,
779 394 1047 464 ἢεύῦέως
1094 395 1212 465 μεθ’
1248 397 1412 468 ὑμᾶς,
1449 399 1543 450 καὶ
1592 399 1690 469 τῆς
1746 399 1866 468 ῐσης

1978 409 2131 456 natus
2158 412 2262 464 est,
2301 418 2422 473 quae
2456 402 2538 458 vel
2572 416 2695 457 eum
2743 401 2875 457 urbe
2915 409 3116 465 vestra,
3153 413 3184 454 ο
3236 400 3550 454 Constanti-

292 490 444 557 ὑμῖν,
473 486 504 557 ἦ
530 487 806 558 δευτέρας,
839 490 993 556 φησὶ,
1027 489 1117 540 καὶ
1145 487 1262 558 μεθ’
1289 489 1452 557 ὑμᾶς,
1479 490 1554 552 ὡς
1585 491 1660 560 μὴ
1686 491 1871 560 ἀνεχοο

292 579 462 650 μένης
488 578 680 649 ἐτέρας
707 578 963 648 δευτέραν
988 578 1255 650 ὑπάρχειν
1281 580 1376 632 καὶ
1399 581 1623 634 ἐλάττω.

361 761 499 816 Ibid.
533 761 573 815 C
608 761 694 816 11.
747 759 987 827 Ἐπειδὴ
1016 759 1173 823 ,ϐίων
1201 761 1486 829 αἱρέσεως
1516 758 1682 832 [cod.
1711 761 1871 829 αἰρέ-

289 851 467 923 cecc].
514 851 688 913 Ἐπεὶ,
720 851 905 920 φησὶν,
936 848 1210 920 αἱρεῖσθαί
1244 866 1366 902 τινα
1394 849 1502 903 τῶν
1538 849 1668 920 βίων
1698 849 1871 904 ἐδόκει

290 944 462 1014 αὐτῷ,
493 944 561 1015 ἣν
590 944 800 1014 αἵρεσιν
831 942 925 996 καὶ
957 942 1216 1013 ἐπιλογὴν
1245 942 1339 995 καὶ
1370 941 1481 1013 (I6)
1513 943 1754 1013 κρηπῖδα
1775 945 1870 996 καὶ

289 1039 455 1091 οἱονεὶ
486 1034 731 1108 Οεμέλιον
764 1035 856 1088 τοῦ
885 1035 1065 1098 καλῶς
1095 1035 1356 1106 πράττειν
1383 1033 1494 1102 ἐγὼ
1523 1034 1795 1106 ὁρίζομαι.

364 1131 504 1187 Ibid.
539 1131 622 1185 I3.
652 1126 788 1182 Εἶδέ
828 1147 880 1181 τι
907 1128 1060 1198 μέγα
1100 1129 1197 1182 καὶ
1235 1130 1537 1183 νεανικόν.
1572 1129 1717 1182 Ἀντί
1749 1129 1868 1194 τοῦ,

292 1224 556 1286 συνεῖδεν,
607 1221 1005 1285 ἐϐουλεύσατο,
1052 1220 1148 1274 καὶ
1191 1219 1496 1290 διανοηθεὶς
1544 1220 1867 1292 προέκρινεο

289 1316 390 1386 τὴν
421 1313 480 1367 δέ
512 1311 830 1383 φιλοσοφίαν
863 1312 1013 1380 λέγει
1049 1313 1358 1382 προτιμᾷν·
1392 1311 1566 1376 οὐδεὶς
1600 1312 1708 1383 γάρ
1739 1330 1870 1382 προ⁸

292 1407 471 1476 κρίνει
502 1423 556 1457 τι
589 1404 664 1476 μὴ
695 1403 1154 1475 βουλευσάμενοςο
1183 1406 1426 1476 προτιμᾷ
1456 1405 1503 1458 δ’
1535 1399 1628 1459 οὖν
1661 1405 1872 1474 φιλοσο-

292 1500 445 1568 φίαν,
478 1494 546 1570 ἧς
586 1499 680 1550 καὶ
712 1498 1032 1568 προΐσταται
1068 1497 1212 1568 (17)·
1260 1497 1525 1569 ἐπειδὴδὲ
1569 1498 1718 1569 διττή
1757 1515 1871 1562 πως

292 1590 474 1660 τούτῳ
503 1587 820 1659 καθεώρατο
843 1629 859 1654 ,
889 1587 1008 1641 οὐδὲ
1043 1587 1239 1658 βουλῆς
1267 1586 1428 1640 τοῦτο
1471 1588 1731 1652 ἀξιώσας,
1773 1588 1872 1658 τὴν

293 1685 400 1748 ἔξω
420 1680 756 1743 καταλιπὼν,
782 1681 1064 1752 προκρίνει
1090 1681 1188 1752 τὴν
1217 1681 1492 1752 ἡμετέραν
1512 1681 1712 1752 ψήφοις
1731 1680 1872 1734 ἁπά-

294 1793 440 1839 σαις.
474 1775 645 1829 Πάλαι
676 1772 784 1845 γὰρ
811 1775 865 1826 αἱ
895 1773 1105 1844 κρίσεις
1126 1772 1328 1843 ψήφοις
1353 1773 1626 1842 ἐκρίνοντο
1652 1772 1871 1836 λευκαῖς
1905 1755 1946 1810 Β

291 1888 353 1923 τε
391 1870 484 1923 καὶ
522 1867 832 1939 μελαίναις,
865 1867 922 1919 ἐν
962 1859 1053 1928 αἷς
1095 1865 1408 1920 συνέϐαινεν
1446 1865 1538 1918 ἐπί
1579 1884 1741 1920 τινων
1792 1865 1867 1937 μὴ

293 1965 477 2027 πάσας
501 1961 812 2032 συμψηιρεῖν
849 1959 950 2030 τὴν
982 1958 1286 2022 δικαίωσιν,
1316 1959 1405 2011 ὅτε
1438 1958 1502 2030 δὴ
1535 1959 1628 2012 καὶ
1654 1959 1722 2012 τά
1758 1959 1870 2012 τῶν

293 2055 626 2126 ζητημάτων
670 2052 1176 2121 ἀμφεγνωμονεῖτο·
1214 2048 1628 2120 ὁμοῤῥοθουσῶν
1661 2048 1718 2102 δέ
1761 2048 1870 2102 τῶν

293 2143 504 2199 λευκῶν
535 2141 782 2204 ἀπασῶν,
811 2141 934 2212 ᾔρει
964 2141 982 2211 (
1009 2141 1131 2195 cod.
1160 2155 1212 2210 p.
1252 2140 1369 2204 I50,
1400 2140 1453 2208 1)
1485 2139 1575 2193 τὸν
1602 2140 1870 2194 ἀντίδικον

293 2239 324 2291 ὁ
355 2238 474 2300 ταῖς
502 2235 723 2298 λευκαῖς
770 2231 1026 2303 ἐντυχὼν,
1070 2233 1104 2304 ἢ
1150 2232 1248 2295 τάς
1290 2231 1545 2295 πλείστας
1574 2231 1712 2302 ἔχων
1745 2232 1868 2285 λευ-

293 2330 400 2394 κάς
437 2329 470 2400 ἢ
501 2329 598 2392 τὰς
631 2327 866 2389 ἁπάσας,
907 2325 963 2378 αἳ
1003 2326 1099 2379 καὶ
1126 2324 1378 2397 λαμπρὸν
1416 2325 1510 2377 καὶ
1555 2323 1868 2397 ἀναμφήριο

297 2439 425 2477 στον
453 2423 610 2492 νίκην
640 2422 898 2492 παρεῖχον
929 2417 1064 2488 (18).

368 2616 486 2672 Col.
531 2613 670 2669 1204
704 2612 744 2667 Β
777 2613 826 2666 1.
864 2611 1182 2680 Πανταχσῦ
1212 2611 1323 2680 γὰρ
1351 2610 1432 2676 τῷ
1469 2611 1597 2665 καθ’
1631 2610 1867 2664 ἑαυτόν.

299 2729 320 2762 ι
371 2708 513 2780 Πρὸς
557 2707 652 2779 τὴν
693 2705 1063 2777 αἱρετωτέραν
1112 2703 1206 2757 καὶ
1256 2702 1702 2774 λυσιτελεστέραν
1752 2701 1870 2756 ὁδὸν

294 2800 434 2852 πᾶσι
477 2798 859 2868 Χριπιανοίς,
903 2813 921 2845 ι
976 2792 1278 2847 συναπτέον
1322 2793 1482 2846 τοῦτο
1524 2792 1603 2864 τῷ
1655 2793 1870 2861 φιλοσο-

294 2894 418 2961 φεῖν
446 2890 576 2961 (19)·
609 2889 700 2943 καὶ
737 2889 834 2941 σὺν
872 2886 950 2958 τῷ
989 2885 1182 2939 ἐαυτοῦ
1209 2886 1437 2938 ἕκαστον
1473 2884 1870 2956 συλλαμϐάνειν

298 2985 396 3038 καὶ
429 2983 489 3036 τὸ
522 2982 697 3036 κοινόν
717 2999 732 3013 ο
760 2979 918 3034 τοῦτο
950 2981 1059 3051 γὰρ
1096 2979 1276 3051 ψυχῆς
1312 2977 1744 3048 ἐπιτελεωτάτης
1777 2976 1872 3030 καὶ

1973 493 2293 561 nopolitani,
2319 494 2404 548 vel
2437 501 2587 548 certe
2617 493 2801 548 statim
2834 500 2956 562 post
2985 501 3244 554 vestiam,
3287 505 3407 559 quae
3435 493 3548 561 pari

1971 585 2141 654 gloria
2172 600 2236 639 ac
2263 600 2381 650 vos,
2419 585 2502 640 vel
2542 584 2815 648 secunda,
2847 585 2953 650 ait,
3001 594 3054 639 et
3083 591 3208 656 post
3245 597 3377 646 vos,
3413 583 3549 637 nulli

1971 677 2062 729 alii
2093 676 2302 730 civitati
2328 675 2556 732 inferior
2577 686 2631 732 et
2672 675 2935 730 secunda.

2043 767 2174 822 Cum
2207 767 2432 838 eligendi
2459 768 2577 822 vita:
2595 769 2794 838 generis
2819 777 3020 836 tempus
3045 805 3060 820 .
3095 765 3416 836 Postquam,
3444 765 3546 828 ait,

1972 859 2190 928 aliquod
2219 861 2344 914 vitae
2361 876 2534 931 genus
2555 861 2752 931 eligere
2776 859 2879 916 sibi
2915 859 3220 925 videbatur,
3257 873 3418 928 quam
3447 872 3549 928 ego

1970 951 2184 1021 quidem
2213 951 2531 1007 electionem
2554 959 2607 1006 et
2645 951 3129 1014 delectum,basim
3159 957 3214 1006 et
3237 950 3392 1022 quasi
3426 949 3548 1003 lun-

1970 1041 2283 1096 damentum
2310 1042 2431 1098 vitae
2460 1051 2605 1096 recte
2631 1041 2951 1112 peragendae.
2983 1056 3107 1096 esse
3137 1040 3300 1094 duco.

2051 1133 2191 1189 Vidit
2236 1149 2482 1204 magnum
2510 1131 2708 1204 aliquid
2749 1142 2797 1186 et
2842 1149 3166 1202 generosum.
3201 1129 3352 1195 Εἷδε,
3383 1131 3543 1193 vidit,

1972 1225 2025 1279 id
2063 1234 2178 1290 est,
2226 1226 2546 1290 constituit,
2597 1223 2821 1280 molitus
2867 1233 2951 1280 est
3002 1231 3057 1280 et
3106 1225 3397 1280 meditatus
3437 1224 3548 1277 ele-

1971 1318 2068 1387 git.
2134 1316 2538 1387 Philosophiam
2607 1331 2665 1371 se
2734 1315 2869 1370 dicit
2946 1323 3298 1388 anteponere.
3374 1314 3545 1369 Nemo

1970 1411 2114 1464 enim
2174 1408 2474 1479 quidquam
2528 1408 2780 1477 praeferet
2833 1423 2942 1462 non
3001 1409 3184 1462 animo
3224 1407 3541 1462 meditatus.

1973 1502 2266 1572 Anteponit
2302 1501 2469 1572 igitur
2511 1501 2931 1570 philosophiam,
2975 1514 3137 1570 quam
3169 1508 3222 1554 et
3269 1499 3370 1554 sibi
3405 1514 3546 1568 prte-

1975 1593 2100 1648 licit.
2139 1592 2434 1663 Postquam
2461 1603 2643 1648 autem
2679 1593 2878 1662 duplex
2913 1590 3318 1662 quodammodo
3347 1590 3396 1644 ei
3424 1591 3540 1644 visa

1977 1685 2098 1752 fuit,
2150 1699 2218 1739 ne
2270 1685 2325 1739 in
2384 1684 2833 1740 deliberationem
2893 1684 3111 1753 quidem
3179 1683 3233 1737 id
3295 1683 3542 1741 admisit.

1975 1785 2309 1847 externaque
2396 1777 2586 1833 relicta
2620 1817 2636 1842 ,
2722 1785 2966 1833 nostram
3050 1777 3207 1847 longe
3277 1777 3544 1847 potiorem

1977 1869 2153 1926 duxit.
2226 1870 2366 1926 Olim
2420 1869 2566 1925 enim
2637 1870 2781 1940 apud
2838 1869 3061 1926 Graecos
3123 1869 3338 1939 judices
3405 1869 3545 1923 albis

1977 1962 2216 2034 nigrisve
2241 1961 2663 2033 lapillisjudicia
2699 1963 3048 2026 exercebant,
3083 1962 3134 2015 in
3171 1961 3372 2030 quibus
3411 1975 3546 2014 eon-

1978 2055 2222 2126 tingebat
2279 2053 2348 2110 de
2397 2053 2727 2124 quibusdam
2763 2069 2871 2110 non
2901 2069 3093 2109 omnes
3121 2053 3367 2109 eamdem
3405 2052 3547 2106 ferre

1977 2144 2338 2210 sententiam,
2375 2159 2500 2200 cum
2549 2146 2840 2217 ambiguus
2887 2153 3035 2201 esset
3069 2145 3261 2214 judicii
3292 2153 3543 2200 eventus.

1977 2235 2452 2292 Concordantibus
2483 2247 2664 2293 autem
2700 2237 2861 2301 albis,
2893 2236 3023 2290 vicit
3045 2237 3422 2292 adversarium
3448 2237 3543 2306 qui

1978 2326 2131 2382 albos
2185 2327 2413 2383 sortitus
2451 2336 2558 2392 est,
2614 2328 2730 2384 sive
2774 2328 3065 2398 plerosque
3118 2327 3272 2382 albos
3317 2327 3547 2394 habens,

1977 2419 2092 2474 sive
2121 2433 2333 2482 omnes,
2365 2419 2511 2490 quod
2561 2419 2881 2490 praeclaram
2941 2429 2996 2475 et
3047 2419 3269 2474 minime
3323 2418 3547 2475 dubiam

1980 2512 2264 2568 victoriam
2297 2515 2521 2584 praebet.

2047 2616 2323 2671 Privatum
2352 2616 2686 2670 commodum
2724 2633 2843 2670 cum
2875 2614 3140 2671 communi
3177 2613 3364 2686 ubique
3405 2627 3548 2668 como

1978 2709 2153 2777 plecti.
2198 2707 2321 2762 «Ad
2372 2709 2804 2779 praestantiorem
2847 2715 2902 2762 et
2951 2707 3370 2762 l'ructuosiorem
3425 2705 3550 2758 vitae

1978 2800 2244 2854 rationem
2267 2798 2522 2855 omnibus
2547 2797 2908 2852 Christianis:
2933 2814 2952 2850 ι
2975 2795 3078 2850 hoc
3095 2810 3218 2850 cum
3241 2793 3544 2864 φιλοσοφεῖν

1978 2891 2407 2948 construendum
2471 2898 2557 2946 est
2591 2909 2603 2944 :
2637 2898 2691 2945 et
2739 2904 2863 2944 cum
2915 2888 3137 2959 proprio
3177 2899 3449 2957 quemque
3493 2892 3547 2938 et

1979 2998 2268 3040 commune
2317 2982 2517 3038 bonum
2552 2981 2876 3052 complecti;
2913 2979 3057 3050 quod
3099 2977 3319 3048 quidem
3352 2973 3547 3029 animae

295 3074 744 3146 φιλοσοφωτάτης
761 3089 776 3105 ο
799 3072 920 3126 οὐδὲ
949 3071 1058 3143 γὰρ
1081 3071 1311 3126 ’ἑκαστον
1335 3071 1368 3141 ἡ
1378 3069 1494 3140 μῶν
1521 3067 1720 3139 ἐαυτῷ,
1751 3067 1870 3122 ἀντὶ

1979 3073 2388 3145 perfectissima
2437 3080 2492 3128 et
2552 3073 2973 3144 sapientissima
3019 3076 3123 3126 est.
3176 3066 3362 3138 Neque
3397 3065 3544 3121 enim

294 3165 419 3231 τοῦ,
453 3167 514 3220 οὐ
544 3165 608 3218 δι’
639 3164 830 3218 ἐαυτὸν
862 3163 1054 3234 μόνον,
1089 3161 1361 3231 γενέσθαι,
1395 3159 1530 3214 ἀλλά
1564 3160 1659 3213 καὶ
1685 3160 1871 3223 πᾶσιν,

294 3259 418 3328 ἦτοι
451 3258 540 3312 διὰ
567 3257 774 3321 πάντας
800 3257 914 3310 ὅσοι
941 3256 1038 3327 τῆς
1063 3255 1233 3326 αὐτῆς
1266 3256 1432 3324 ἐσμεν
1461 3253 1695 3322 φύσεως.

376 3459 510 3514 Ibid.
572 3457 656 3511 I2.
720 3456 906 3526 Ὁρῶν
951 3456 1020 3510 δὲ
1066 3455 1172 3509 τὸν
1205 3456 1324 3526 μὲν
1373 3453 1675 3523 ἐρημικόν.
1742 3452 1875 3506 Ἀπὸ

300 3550 642 3621 συγκρίσεως
689 3549 796 3602 τῶν
841 3548 970 3618 βίων
1019 3549 1196 3619 μέγαν
1239 3547 1387 3619 [cod.
1426 3543 1592 3616 μέγα]
1648 3544 1744 3615 μὲν
1781 3545 1876 3596 καὶ

297 3643 510 3715 ὑψηλὸν
544 3643 637 3696 καὶ
675 3641 815 3713 ὑπὲρ
847 3641 918 3694 τά
955 3638 1271 3712 ἀνθρώπινα
1311 3639 1525 3711 ἐπαίρει
1560 3638 1651 3692 τὸν
1683 3640 1877 3708 ἐρημι-

298 3736 399 3789 κδν
432 3735 545 3804 βίον
565 3751 578 3765 ·
611 3735 703 3786 τὸν
735 3733 792 3786 δέ
825 3732 1000 3786 κοινὸν
1024 3733 1120 3786 καὶ
1149 3733 1438 3802 ἐπίμικτον
1466 3731 1601 3805 πρὸς
1629 3730 1718 3783 τὸν
1752 3746 1874 3782 και·

301 3827 399 3900 ρδν
425 3827 571 3897 νόμῳ
600 3828 811 3880 ἐπαινεί
841 3825 1153 3896 ἐγκωμίων,
1179 3825 1275 3879 καὶ
1308 3824 1474 3892 ἐγγὺς
1506 3822 1655 3886 θείας
1683 3823 1880 3876 οἰκονο-

303 3917 436 3989 μίας
459 3917 698 3984 συνάγει’
725 3914 932 3985 σχῆμα
953 3915 1010 3969 δέ
1030 3915 1128 3968 καί
1151 3913 1412 3983 σκηνὴν,
1441 3914 1532 3967 τὸν
1569 3912 1876 3983 Ἑλληνικὸν

299 4008 471 4076 τῦφον
507 4008 600 4060 καὶ
627 4008 728 4080 τὴν
761 4008 1045 4078 ὑπόκρισιν
1075 4005 1364 4074 ἀποφαίνει
1384 4020 1397 4034 '
1426 4006 1534 4061 ἀπὸ
1568 4007 1877 4077 μεταφορᾶς

297 4100 412 4154 τῶν
440 4099 712 4170 σκηνικῶν
736 4100 1114 4172 προσωπείων,
1139 4100 1266 4168 περὶ
1289 4092 1363 4153 ὧν
1386 4100 1486 4170 ἤδη
1517 4099 1717 4171 appear,
1741 4098 1874 4167 (20).

375 4192 494 4248 Col.
536 4191 677 4247 1205
719 4191 765 4245 Α
797 4191 848 4246 1.
876 4190 980 4245 Διὰ
1013 4190 1190 4244 τοῦτο
1220 4189 1581 4259 περιπάτους
1607 4189 1755 4258 μὲν,
1784 4189 1879 4242 καὶ

301 4283 372 4339 τὰ
403 4284 550 4355 ἐξῆς.
583 4284 713 4356 Εῐδη
744 4282 1046 4353 φιλοσόφων
1071 4282 1243 4351 λέγει,
1269 4282 1376 4336 ἀπὸ
1403 4282 1582 4335 τόπων
1609 4282 1704 4336 καὶ
1730 4282 1879 4353 ἐνερ-

300 4375 489 4444 γειῶν,
517 4374 610 4429 καὶ
638 4374 744 4428 τῶν
775 4373 1150 4446 προεστώτων,
1177 4372 1596 4444 ὠνομασμένων.
1625 4371 1734 4426 Καὶ
1769 4371 1877 4425 ἀπὺ

1975 3183 2303 3238 quemquam
2361 3175 2607 3222 nostrum
2657 3164 2785 3230 sibi,
2843 3163 2898 3219 id
2925 3170 3010 3219 est
3048 3176 3158 3216 non
3215 3166 3438 3239 propter
3485 3172 3545 3210 se

1977 3261 2152 3316 solum
2185 3267 2369 3314 natum
2403 3258 2592 3321 fuisse,
2623 3257 2716 3313 sed
2749 3264 2805 3312 et
2839 3254 3116 3318 omnibus,
3147 3250 3198 3306 id
3226 3255 3548 3321 estpropler

1976 3368 2166 3408 omnes
2195 3351 2289 3423 qui
2330 3350 2574 3421 ejusdem
2621 3357 2828 3403 natura:
2859 3345 3152 3417 participes
3187 3357 3401 3398 sumus.

2059 3466 2249 3522 Videas
2288 3474 2464 3520 autem
2497 3465 2658 3519 vitam
2683 3461 3008 3518 solitariam.
3048 3458 3106 3512 In
3135 3459 3370 3512 vitarum
3400 3469 3548 3510 com-

1978 3559 2261 3630 paratione
2284 3571 2534 3626 magnam
2555 3555 2774 3626 quidem
2809 3551 3205 3619 sublimemque
3235 3554 3398 3617 atque
3423 3546 3547 3610 plus

1977 3663 2140 3718 quam
2197 3647 2490 3702 humanam
2534 3644 2737 3700 exaltat
2794 3641 3093 3698 solitariam
3138 3638 3329 3692 vitam.
3385 3634 3548 3690 Com-

1978 3754 2197 3796 munem
2232 3753 2359 3794 vero
2389 3736 2845 3803 commistamque
2879 3731 3043 3785 vitam
3088 3729 3154 3782 ad
3187 3734 3405 3797 tempus
3441 3741 3542 3780 usu

1977 3830 2218 3886 celebrat
2251 3826 2517 3892 laudans,
2548 3834 2708 3896 atque
2745 3821 2942 3877 divinae
2987 3826 3197 3873 natura:
3241 3816 3545 3887 proximam

1979 3922 2197 3977 asserit.
2231 3919 2489 3974 Habitum
2535 3926 2586 3972 et
2625 3918 2854 3982 larvam,
2891 3911 3203 3968 Graecorum
3256 3908 3455 3964 fastum
3493 3917 3546 3960 et

1978 4013 2464 4071 dissimulationem
2496 4009 2765 4080 designat.
2794 4006 3107 4062 Desumitur
3135 4003 3452 4073 metaphora
3477 4014 3548 4054 ex

1980 4121 2157 4162 scenae
2189 4103 2536 4172 spectaculis,
2567 4101 2634 4156 de
2657 4101 2858 4170 quibus
2890 4098 3002 4167 jam
3039 4096 3246 4150 dictum
3272 4101 3376 4149 est.

2052 4197 2127 4250 Ac
2147 4193 2363 4263 proinde
2410 4191 2903 4260 Peripateticorum,
2948 4194 3054 4242 etc.
3093 4183 3544 4254 Philosophorum

1978 4299 2175 4358 genera
2204 4283 2357 4347 dicit,
2386 4298 2416 4338 e
2455 4281 2610 4347 locis,
2639 4279 2978 4344 muneribus,
3012 4275 3338 4346 praesidibus
3369 4274 3543 4329 nomi-

1983 4386 2254 4432 natorum.
2276 4372 2353 4428 Ex
2376 4372 2689 4428 charactere
2715 4369 2932 4440 quidem
2955 4365 3310 4436 Peripatetica
3335 4363 3542 4428 schola,

306 4470 409 4539 μὲν
438 4467 738 4539 ἐνεργείας,
767 4469 800 4538 ἡ
825 4467 1250 4538 περιπατητικὴ,
1275 4465 1370 4518 τοῦ
1390 4464 1595 4537 ταύτης
1618 4468 1876 4534 προῖστα-

1984 4469 2142 4539 cujus
2182 4481 2383 4538 praeses
2430 4464 2659 4520 comites
2718 4476 2783 4516 ac
2841 4459 3140 4530 discipulos
3189 4457 3547 4512 deambulans

305 4559 472 4631 μένου
511 4560 637 4622 τοὺς
681 4559 914 4621 οἰκείους
955 4558 1218 4629 ὁμιλητάς
1261 4556 1688 4627 περιπατοῦντος
1733 4556 1874 4610 διδά-

304 4667 557 4714 σκοντος·
587 4651 697 4704 ἀπὸ
719 4649 775 4702 δε
806 4649 907 4720 τῆς
949 4649 1303 4719 Ἀκαδημίας,
1347 4647 1754 4718 Ἀκαδημαϊκὴν
1783 4648 1878 4701 καὶ
1916 4683 1949 4705 _.

304 4743 539 4816 Στωῖκὴ,
565 4743 672 4796 ἀπὸ
701 4744 798 4814 τῆς
827 4742 1018 4805 Στοᾶς.
1040 4741 1114 4794 Τὸ
1141 4741 1196 4794 δὲ
1226 4740 1528 4811 αὐτόματον
1558 4739 1877 4812 Ἐπικούρου

304 4835 506 4905 φησὶν,
559 4833 732 4897 οὕτως
782 4832 1072 4903 ληροῦντος
1120 4832 1154 4902 ἢ
1195 4831 1628 4901 φιλοσοφοῦντος,
1666 4832 1735 4886 τὰ
1780 4833 1881 4902 τῆς

379 5011 491 5079 (16)
521 5009 814 5066 Delendum
843 5008 941 5080 καί
966 5015 1089 5062 ante.
1119 5009 1382 5080 κρηπῖδα.
1402 5007 1696 5080 Gregorius
1724 5010 1877 5065 dixe-

304 5090 414 5145 rat,
444 5081 632 5151 ἐπειδὴ
662 5079 1088 5151 βίωνέαἱρέσεως
1119 5080 1307 5151 καιρὸς
1340 5079 1532 5151 ἐδόκει,
1551 5080 1617 5148 ἦν
1639 5083 1878 5151 κρηπῖδα

304 5152 400 5206 τοῦ
426 5146 683 5223 πράττειν
717 5146 831 5219 εύῆ
862 5146 1046 5212 κακῶς
1073 5150 1182 5218 ἐγὼ
1214 5146 1461 5219 τίθεμαι·
1513 5146 1747 5205 Basilius
1781 5166 1877 5206 vo-

304 5238 425 5258 nnm
445 5224 654 5258 ni’nennu
683 5237 776 5258 nar
800 5221 888 5258 νη)
910 5218 1165 5258 ἓνοληνῆυ
1189 5221 1408 5258 ρτηηηῖι
1438 5230 1484 5258 Al
1512 5220 1746 5258 νῆῇπῗδη
1783 5237 1877 5258 nar

304 5238 426 5278 cem
444 5218 654 5294 αἵρεσιν
683 5237 776 5291 per
800 5218 894 5274 καὶ
910 5218 1165 5301 ἐπιλογήν
1189 5218 1411 5288 exponit
1438 5230 1490 5274 et
1512 5220 1748 5290 κρηπῖδα
1783 5237 1879 5288 per

305 5293 403 5346 καὶ
433 5293 595 5348 οἱονεὶ
618 5291 884 5361 Θεμέλιον.
916 5288 1182 5362 Repetlltq
1215 5291 1420 5362 voculae
1449 5291 1550 5362 xui.
1591 5297 1715 5362 ante
1743 5308 1878 5362 κρη-

304 5364 436 5416 πίδα
456 5359 804 5418 amanuensis
821 5359 1121 5416 oscitantis
1141 5360 1258 5415 sine
1277 5359 1442 5414 dubio
1465 5359 1750 5415 tribuenda
1772 5359 1876 5418 est.

379 5433 492 5501 (17)
526 5433 834 5502 Legendum
866 5432 930 5502 ἢν
961 5430 1055 5484 καὶ
1084 5431 1422 5502 προίσταται.

381 5498 493 5573 (18)
552 5498 689 5557 ΙΙῖηο
735 5498 938 5556 dictum
991 5498 1365 5573 proverbiale,
1411 5501 1610 5573 πάσαις
1657 5498 1876 5570 ψήφοις,

306 5571 511 5637 πάσαις
539 5575 715 5644 νικᾷν,
749 5571 1214 5644 κρατεῖνξαίρεξν,
1262 5571 1425 5644 cujus
1459 5571 1651 5644 inulti
1681 5585 1877 5644 occur-

309 5653 440 5698 runt
456 5639 700 5713 exempla
735 5639 798 5698 in'
819 5639 1104 5711 Ellipsibus
1127 5639 1321 5713 Grmcis
1343 5641 1598 5713 editionis
1620 5639 1876 5696 Sclml'er.

385 5714 494 5782 (19)
523 5711 698 5785 Locus
733 5714 956 5785 vitiatus
990 5731 1002 5766 τ
1040 5713 1174 5785 πρός
1202 5711 1488 5785 delendum
1519 5719 1620 5775 est,
1671 5718 1723 5766 et
1779 5727 1878 5781 pro

310 5779 621 5854 ςιλοσὸφεῖν
669 5782 952 5856 legendum
987 5779 1280 5854 φιλοσοφεῖ.
1332 5779 1484 5847 Quod
1512 5797 1575 5835 ex
1620 5779 1874 5836 contextu

1981 4561 2287 4626 edocebat;
2363 4573 2429 4613 ex
2499 4555 2790 4611 Academia
2864 4569 2994 4609 vero
3061 4551 3422 4616 Academica,
3493 4559 3547 4603 et

1985 4655 2166 4710 Stoica
2211 4668 2241 4707 e
2277 4649 2428 4706 Stoa.
2464 4647 2683 4720 Epicuri
2733 4654 2913 4700 autem
2962 4643 3326 4699 atomisticam
3378 4642 3542 4700 dicit.

1985 4749 2066 4803 sic
2113 4743 2409 4801 eﬁutientis
2440 4756 2505 4796 ae
2540 4737 2997 4811 philosophantis,
3040 4733 3547 4804 Providentiamquc

1985 4836 2255 4908 ejicientis
2286 4845 2449 4904 atque
2472 4831 2783 4888 indueentis
2837 4836 3072 4894 atomos,
3110 4827 3548 4896 voluptatemque

1984 5019 2166 5151 pagi)
2198 5080 2276 5134 Ad
2302 5081 2415 5135 haec
2447 5077 2690 5151 Gregorii
2723 5076 2886 5151 verba
2927 5079 3098 5151 (orat.
3132 5076 3237 5151 16,Δ
3257 5075 3384 5151 olim
3410 5072 3549 5151 _l5):

1984 5145 2190 5226 Οίτοῖς
2211 5151 2434 5226 ὑψηλοξς
2463 5145 2671 5222 θρόνοις
2717 5148 3138 5226 ἐγκαθεζόμενοι
3147 5146 3266 5226 καὶ,
3282 5145 3377 5226 τὴν
3399 5145 3554 5226 ἀρχι-

1984 5169 2046 5206 υι
2079 5169 2190 5214 τοις
2211 5169 2269 5204 υ’
2327 5169 2434 5213 Αοις
2463 5169 2671 5222 υρονοις
2717 5169 3132 5219 εγκαυεςομενοι
3157 5169 3250 5201 και
3282 5169 3377 5215 την
3399 5169 3550 5226 αρχι-

1983 5223 2089 5302 xlvi
2104 5169 2320 5302 εξηγῖθ
2343 5221 2607 5302 αἱροντξς·
2637 5249 2708 5302 -.
2733 5217 2866 5302 τῆςε
2892 5220 2977 5302 δίε
2999 5220 3227 5302 Basili"?
3249 5215 3550 5302 (md-.5332

1982 5283 2302 5363 ι).’19ί8;’1),
2343 5283 2451 5344 τῶν
2491 5283 2815 5363 ἀξιωμάτων
2844 5289 3016 5360 ἀρχῆς
3042 5290 3133 5363 τὸν
3163 5283 3372 5363 κόμπον
3405 5283 3552 5363 λέγει

1985 5355 2210 5433 σκηνὴν,
2254 5355 2319 5416 ἐκ
2359 5355 2668 5433 μεταφορᾶς
2698 5357 2808 5410 τῶν
2841 5355 3112 5433 σκηνικῶν
3127 5355 3242 5433 Δτῆς
3266 5355 3552 5433 κωμῳδίας

1979 5426 2218 5504 τρόπων,
2266 5435 2322 5484 ἐν
2359 5426 2446 5504 οἷς
2504 5426 2804 5504 πρόσωπα,
2864 5426 3067 5504 μᾶλλον
3123 5426 3206 5504 δὲ’
3236 5426 3553 5504 προσωπεῖα

1984 5494 2247 5572 βασιλέων
2274 5494 2577 5572 εἰσάγεται,
2612 5501 2720 5572 και
2745 5494 3042 5572 τυράννων,
3058 5498 3168 5572 Δκαὶ
3209 5494 3550 5572 στραῃγῶν,

1982 5563 2087 5626 imo
2120 5573 2384 5642 πενήτων
2407 5563 2500 5623 καὶ
2531 5568 2761 5642 εύτελῶν
2784 5563 2927 5642 [τὰς
2955 5568 3174 5621 ἐκείνων
3234 5563 3554 5642 exossam;

1979 5661 2087 5696 των
2115 5633 2334 5703 σκευὰς.
2365 5641 2431 5705 ἃς
2468 5639 2606 5710 μετα
2628 5640 2726 5710 τὴν
2772 5633 3027 5710 τοιαύτην
3083 5637 3309 5710 πομπήν
3347 5652 3407 5710 τε
3459 5633 3553 5710 καὶ

1983 5712 2185 5782 σκηνὴν
2207 5703 2518 5779 ἀποδύντες,
2548 5703 2694 5780 Ἶροί
2715 5708 2805 5762 καὶ
2821 5703 3072 5773 εὐτελεῖς,
3102 5703 3288 5775 ὥσπερ
3316 5705 3374 5757 τὸ
3402 5703 3552 5774 πρὶν,
3639 5739 3644 5744 -

1987 5801 2050 5854 με
2061 5783 2372 5856 μενήκασιν.
