4018 6296
545 246 673 300 ΗέἰἹ

1928 246 2167 302 BASlLil
2210 246 2431 301 biiNiMi
3624 254 3731 312 “68

542 359 817 413 felicitatis
877 359 1035 414 finem
1093 376 1215 417 esse
1265 362 1602 417 amrmantis.
1640 363 1795 416 Plato
1834 371 2015 417 autem
2061 364 2109 416 in

2222 362 2482 432 Προνοίας
2520 358 2900 424 ἐκϐάλλοντας,
2935 358 3027 410 καὶ
3054 356 3152 420 τὰς
3186 357 3409 428 ἀτόμους
3438 363 3729 431 αιτιωμένου,

504 438 507 441 ’
544 446 853 517 Republica,
874 450 1167 507 Homerum
1194 452 1570 506 commdorum
1626 451 1748 505 lana
1797 462 2117 507 coronatum

542 555 607 592 ex
641 539 859 593 civitate
891 555 988 593 sua
1020 540 1397 610 expellendum
1428 551 1635 604 censet,
1663 542 2118 611 quemadmodum

544 649 572 684 a
604 633 923 688 mulieribus
954 632 1277 689 hirundines
1306 632 1477 705 fugari
1508 635 1706 699 solent,
1744 643 1966 704 prepter
1997 649 2121 705 gar-

545 724 845 779 rulitatem.
1172 724 1175 727 λ

614 815 779 884 Atque
822 814 1039 866 illorum
1092 814 1304 884 quidem
1346 816 1711 884 arrogantiam
1764 815 2021 883 refutans.
2065 814 2119 867 in

543 904 762 959 habitus
797 903 1157 959 similitudine
1189 904 1322 958 nihil
1348 905 1597 958 imminui
1632 914 1686 958 et
1720 905 1863 970 laedi,
1902 903 2120 958 vincere

536 1003 725 1055 autem
760 996 937 1065 magis
968 996 1198 1050 istorum
1228 995 1551 1064 jactantiam
1602 1004 1766 1065 atque
1813 995 2120 1059 audaciam,

540 1088 624 1140 vel
659 1087 840 1155 potius
867 1085 1288 1155 impudentiam.
1333 1084 1545 1139 Etenim
1577 1102 1640 1140 ex
1669 1086 1994 1156 etymOIOgia
2027 1084 2123 1137 αύ-

540 1177 960 1244 τδς-ἁνδάνω,
989 1179 1227 1249 aliquem
1270 1177 1594 1247 sibimetipsi
1641 1179 1943 1247 placentem
1985 1176 2123 1230 dici-

541 1286 663 1325 mus
696 1270 939 1325 habitum
973 1270 1194 1326 habere.
1564 1272 1567 1275 λ

613 1469 738 1526 Νοη
793 1487 1031 1526 sermone
1081 1472 1221 1540 ﬁcta:
1272 1472 1530 1526 civitates.
1574 1472 1762 1536 Qualis
1806 1486 1834 1525 a
1894 1469 2121 1525 Platone

541 1564 665 1615 ticta
716 1562 931 1627 civitas,
963 1578 1084 1633 quae
1125 1577 1403 1632 nunquam
1444 1563 1670 1617 exstitit.
1724 1560 1955 1631 ideoque
1988 1562 2120 1615 sub-

537 1651 656 1718 jicit
712 1670 724 1704 :
769 1648 1050 1718 Scindapsi
1105 1650 1321 1720 quidam
1371 1660 1420 1704 et
1471 1649 1652 1703 blituri
1705 1663 1755 1703 et
1802 1648 2116 1719 tragclaplzi,

2227 455 2320 506 καὶ
2354 454 2452 523 τὴν
2482 452 2673 523 ἡδονὴν
2710 451 2862 511 τέλος
2904 450 3000 519 τῆς
3031 448 3367 520 εὐδαιμονίας
3404 445 3531 503 εἶναι
3564 452 3731 522 ὁρίζον-

2224 561 2332 607 τος.
2366 542 2590 595 Πλάτων
2628 542 2672 595 δ’
2707 543 2764 594 ἐν
2795 542 2914 603 ταῖς
2949 539 3279 605 Πολιτείαις
3307 537 3325 609 (
3350 554 3429 603 ιιι,
3458 554 3503 593 c.
3533 542 3581 606 9,
3608 543 3732 614 Ast.)

2226 635 2471 707 Ὅμηρον
2524 633 2799 705 κωμῳδῶν
2850 634 2983 703 ἐρίῳ
3020 630 3318 700 στέψαντας
3360 632 3613 685 ἐκϐάλλειν
3653 634 3734 704 ἔφη

2222 728 2324 798 τῆς
2381 726 2584 789 οἰκείας
2648 725 2953 788 πολιτείας,
3012 724 3200 795 ῶσπερ
3262 725 3358 788 τὰς
3404 726 3647 796 χελιδόνας
3696 730 3739 781 αἱ

2225 821 2498 889 γυναῖκες.
2535 818 2689 887 φησὶ,
2713 817 2799 870 διὰ
2828 817 2926 886 τὴν
2955 815 3285 885 ἀδολεσχίαν.

2297 912 2435 967 Ibid.
2469 912 2523 966 9.
2555 911 2663 965 Καὶ
2696 907 2881 964 νικῶν
2911 908 3024 975 τὴν
3047 908 3164 976 μὲν
3186 909 3424 963 ἐκείνων
3449 909 3739 966 αὐθάδειαν.

2239 1005 2325 1056 Ἐν
2373 1005 2439 1074 τῇ
2472 1001 2567 1055 τοῦ
2613 1001 2891 1072 σχήματος
2928 1000 3205 1071 ὁμοιότητι
3244 1000 3401 1071 μηδὲν
3443 1001 3743 1058 ἐλαττοῦσθαι

2225 1094 2319 1148 καὶ
2358 1091 2879 1164 παραϐλάπτεσθαι,
2917 1094 3073 1163 νικᾷν
3106 1091 3162 1144 δὲ
3206 1092 3400 1161 μᾶλλον
3433 1094 3524 1164 τὴν
3561 1096 3745 1149 ἐκείνων

2224 1186 2541 1250 ἀλαζονείαν
2570 1183 2663 1236 καὶ
2696 1183 3090 1254 αύταρέσκειαν
3110 1220 3123 1244 ,
3155 1183 3328 1236 είτουν
3355 1183 3644 1237 αὐθάδειαν·
3670 1185 3743 1238 οδ-

2222 1293 2330 1339 τως
2361 1268 2470 1347 γάρ
2506 1293 2618 1337 πως
2652 1273 2821 1346 αὐτὴν
2855 1273 3270 1344 ἐτυμολογοῦσιν
3294 1313 3308 1339 ,
3337 1275 3630 1329 αὐτοάδειάν
3650 1293 3743 1330 τινα

2221 1363 2406 1431 οὖσαν,
2441 1366 2513 1431 ὠς
2550 1366 2615 1420 ἂν
2653 1365 2747 1419 τοῦ
2782 1367 3060 1437 σχήματος
3089 1366 3304 1437 ἔχωσιν.

2292 1457 2428 1511 ibid.
2474 1455 2514 1510 Β
2549 1457 2633 1512 10.
2676 1458 2758 1510 Οὐ
2802 1458 2962 1527 λόγῳ
2995 1459 3413 1526 πλαττόμεναι.
3463 1459 3556 1514 Οἴα
3592 1462 3620 1531 ἠ
3663 1460 3745 1514 ὑπὸ

2221 1547 2511 1611 Πλάτωνος
2544 1546 2845 1602 πλασθείσα
2880 1548 2999 1619 μὲν,
3030 1548 3296 1620 μηδέποτε
3335 1550 3389 1603 δὲ
3418 1555 3662 1622 γεγονυῖα·
3682 1552 3748 1606 διὸ

2220 1642 2315 1694 καὶ
2343 1640 2558 1710 ἐπάγει,
2586 1639 2914 1709 σκινδαψοί
2940 1658 3099 1705 τινες
3129 1640 3227 1694 καί
3249 1642 3485 1712 ,ϐλίτυρι
3506 1644 3594 1698 καὶ
3615 1662 3747 1715 τριηκ

540 1716 725 1796 inania
769 1744 1002 1811 negotia,
1057 1758 1176 1813 qua:
1205 1758 1302 1813 per
1344 1742 1653 1797 litterarum
1702 1751 1755 1796 et
1810 1741 2109 1797 dictionum

2222 1733 2433 1801 έλαφοι
2457 1732 2590 1804 (21),
2617 1730 2939 1803 ἀνύπαρκτα
2979 1732 3281 1804 πράγματα
3305 1776 3319 1799 ,
3350 1734 3611 1800 συνθέσεις
3634 1754 3745 1791 στοι-

540 1833 900 1889 structionem
948 1843 1375 1904 componuntur,
1431 1849 1496 1888 ac
1534 1835 1716 1904 lingua
1757 1833 2021 1888 duntaxat
2067 1839 2120 1886 et

539 1938 635 1976 ore
669 1922 1039 1993 proferuntur.
1078 1924 1372 1995 Categoriw
1394 1933 1575 1980 autem
1608 1923 1950 1991 Aristotelis,
1985 1939 2118 1994 pro-

540 2015 839 2084 positiones
870 2032 989 2085 qtne
1019 2032 1083 2071 ex
1121 2017 1373 2086 subjecto
1406 2026 1459 2072 et
1496 2016 1793 2087 praedicato
1836 2022 2115 2080 constant,

539 2124 604 2159 ex
636 2107 833 2176 quibus
870 2107 1171 2177 syllogismi
1206 2116 1523 2173 nectuntur,
1562 2118 1615 2163 et
1640 2109 1694 2162 in
1723 2123 1860 2178 quas
1892 2123 2113 2163 rursum

539 2196 884 2250 resolvuntur
923 2214 935 2249 :
973 2195 1435 2266 quemadmodum
1485 2199 1694 2252 scilicet
1726 2198 1890 2252 etiam
1919 2198 2023 2251 illas
2053 2212 2120 2251 ex

538 2287 807 2350 terminis,
846 2296 900 2343 et
960 2288 1015 2342 in
1073 2287 1295 2343 eosdem
1354 2304 1572 2344 rursum
1629 2290 1999 2347 resolvuntur.
2051 2293 2119 2345 At

535 2395 667 2434 vero
733 2379 1019 2435 mistiones
1093 2381 1185 2450 (ut
1238 2378 1653 2450 appellantur),
1699 2381 2121 2451 conjunctiones

537 2469 785 2538 quaedam
810 2478 938 2523 sunt
966 2470 1321 2522 materiarum
1346 2477 1399 2524 et
1424 2484 1607 2524 rerum
1648 2470 2117 2535 necessariarum.

536 2560 968 2629 contingentium
1010 2570 1064 2613 et
1108 2560 1497 2615 accidentium.
1556 2560 1733 2632 Hujus
1777 2562 1920 2617 enim
1971 2562 2117 2632 quod

534 2653 735 2706 dicitur
769 2651 1141 2719 impossibile,
1188 2655 1525 2706 contrarium
1573 2661 1660 2705 est
1697 2647 2113 2705 necessarium:

538 2760 711 2798 unum
753 2743 899 2798 enim
951 2754 1177 2797 necesse
1216 2754 1304 2801 est
1342 2758 1485 2809 esse,
1513 2730 1745 2799 alterum
1782 2757 1916 2799 non.
1991 2739 2116 2795 Hac

536 2846 665 2885 vero
697 2830 1029 2900 symbamata
1059 2840 1107 2884 et
1144 2834 1615 2900 parasymbamata
1643 2831 1807 2887 modo
1842 2831 2112 2886 dictarum

535 2922 933 2991 categoriarum
978 2919 1195 2973 diversa
1242 2924 1373 2974 sunt
1420 2935 1659 2989 genera,
1717 2922 1783 2976 de
1814 2920 2016 2990 quibus
2066 2921 2113 2976 si

537 3010 715 3064 fusius
744 3008 1035 3063 dicendum
1076 3008 1215 3061 l'oret
1248 3015 1464 3077 tempus
1492 3007 1767 3063 deﬁceret.

2220 1825 2381 1896 χείων
2407 1826 2501 1878 καὶ
2530 1825 2749 1891 λέξεων,
2786 1825 3001 1899 γλώττῃ
3044 1828 3205 1898 μόνον
3243 1830 3337 1882 καὶ
3373 1829 3584 1899 στόματι
3612 1831 3742 1901 φερό-

2223 1935 2375 1989 μενα.
2415 1937 2433 1970 ι
2472 1920 2811 1991 Κατηγορίαι
2855 1939 2874 1972 ι
2911 1921 2967 1973 δὲ
3014 1921 3448 1993 Ἀριστοτέλους,
3478 1924 3531 1979 ai
3555 1923 3609 1988 ἐξ
3644 1925 3745 1979 ὑπο-

2219 2009 2473 2081 κειμένου
2521 2012 2615 2064 καὶ
2656 2013 3139 2085 κατηγορουμένου
3177 2013 3494 2085 προτάσεις,
3533 2014 3586 2082 ἐξ
3622 2012 3683 2069 ὧν
3706 2016 3743 2070 oi

2222 2101 2574 2175 συλλογισμοὶ
2616 2105 3040 2177 συμπλέκονται,
3066 2106 3162 2161 καὶ
3192 2109 3275 2170 εἰς
3303 2107 3445 2180 άπερ
3476 2107 3745 2164 ἀναλύονται

2219 2194 2410 2249 πάλιν·
2442 2198 2497 2249 αἱ
2526 2196 2583 2250 δὲ
2613 2196 2673 2262 ἐξ
2702 2198 2843 2269 ὅρων
2878 2199 2971 2251 καὶ
3000 2199 3162 2252 αὑταὶ
3194 2200 3566 2271 συγκείμεναι,
3588 2201 3666 2254 καὶ
3686 2203 3747 2263 ei;

2217 2286 2411 2351 αὐτοὺς
2436 2283 2590 2352 αὖθις
2622 2287 2641 2359 (
2668 2291 2791 2345 cod.
2830 2304 2884 2359 ρ.
2921 2288 3040 2355 130,
3068 2288 3124 2359 2)
3156 2289 3496 2347 ἀναλύονται.
3521 2294 3579 2345 Δί
3602 2292 3651 2346 δὲ
3676 2291 3737 2345 λιν

2216 2376 2444 2447 γόμεναι
2481 2396 2499 2429 ι
2539 2377 2716 2447 μίξεις
2752 2397 2770 2430 ι
2795 2419 2809 2443 ,
2841 2378 3149 2449 συμπλοκαί
3183 2381 3331 2446 τινές
3368 2381 3502 2435 εἰσιν
3528 2379 3650 2435 ὑλῶν
3676 2383 3744 2435 καὶ

2218 2466 2559 2536 πραγμάτων
2594 2465 2907 2534 ἀναγκαίων
2927 2506 2943 2531 ,
2993 2468 3361 2540 ἐνδεχομένων
3402 2471 3493 2524 καὶ
3524 2471 3744 2541 ὑπαρχόνο

2214 2574 2323 2611 των
2342 2574 2356 2589 °
2385 2558 2419 2629 ἡ
2443 2556 2552 2628 γάρ
2580 2556 2674 2611 τοῦ
2701 2558 2997 2629 λεγομένου
3031 2561 3296 2615 ἀδυνάτου
3324 2563 3634 2636 ἀντιστροφή
3656 2566 3744 2618 ἐστι

2212 2644 2309 2699 τοῦ
2334 2644 2631 2714 ἀναγκαίου
2649 2662 2663 2676 ·
2688 2646 2717 2698 δ
2738 2646 2846 2718 γὰρ
2874 2647 3087 2717 ἀνάγκη
3110 2644 3273 2713 εἶναι,
3297 2649 3453 2705 τοῦτο
3479 2652 3664 2721 ἀνάγκη
3688 2653 3744 2723 μὴ

2214 2732 2375 2793 εἶναι.
2416 2735 2497 2789 Τὰ
2538 2736 2596 2790 δέ
2643 2755 2662 2790 ι
2723 2738 3055 2810 συμϐάματα
3094 2741 3192 2795 καὶ
3231 2744 3742 2816 παραπμῦάματα,ι

2214 2825 2324 2880 τῶν
2371 2827 2685 2899 εἰρημένων
2733 2832 3079 2902 κατηγοριῶν
3121 2834 3262 2887 εἰσιν
3309 2834 3461 2907 εἴδη,
3498 2835 3614 2907 περὶ
3645 2826 3744 2890 ὧνί

2214 2919 2406 2991 χρόνος
2431 2921 2563 2991 ἡμῖν
2591 2921 2858 2992 ἐπιλείψει
2883 2921 3209 2999 λεπτότερον
3243 2924 3635 2999 ἐξηγουμένοις.

611 3100 721 3155 Nec
753 3102 903 3155 linea!
952 3099 1219 3170 quwdam.
1272 3098 1389 3155 Non
1419 3099 1555 3155 satis
1599 3108 1939 3171 compertum
1982 3114 2109 3170 quo-

2285 3094 2421 3151 lbid.
2459 3094 2501 3152 C
2540 3097 2591 3151 Ι.
2628 3096 2781 3153 Οὐδὲ
2819 3103 3079 3172 mappa!
3113 3120 3299 3172 τινες.
3341 3092 3633 3178 Ἆπορεῖται
3656 3104 3744 3168 πῶς

535 3190 698 3245 modo
727 3193 885 3245 lineae
910 3205 1034 3245 esse
1068 3188 1306 3259 possint,
1332 3204 1606 3259 nusquam
1637 3190 1779 3255 sitae,
1812 3190 1957 3248 sicut
1991 3204 2112 3260 geo-

534 3290 722 3339 metra!
751 3281 817 3335 de
852 3281 1147 3337 sensilibus
1182 3279 1267 3335 his
1310 3279 1661 3352 lineis,quasi
1690 3281 1758 3336 de
1792 3282 1893 3336 hac
1921 3281 2109 3337 dextra

531 3403 621 3440 -—,
653 3385 707 3431 et
733 3375 799 3430 de
834 3376 934 3430 hac
967 3390 1195 3432 recurva
1218 3375 1411 3451 /\,
1446 3384 1499 3432 et
1529 3375 1595 3431 de
1626 3376 1851 3432 sinuosa
1875 3398 2107 3443 Μ,

533 3482 655 3535 quae
674 3466 763 3522 hic
793 3468 1130 3535 scribuntur,
1151 3476 1206 3524 et
1230 3469 1349 3524 sitae
1370 3477 1517 3531 sunt,
1537 3476 1592 3523 et
1614 3468 1885 3535 videntur,
1900 3471 2110 3526 ratione

534 3557 1279 3629 sejungentesamateria,et
1330 3561 1656 3630 corporibus
1702 3569 1758 3615 et
1807 3563 2104 3619 sensilibus

533 3649 748 3718 absque
790 3653 1020 3705 materia
1045 3662 1099 3705 et
1136 3667 1201 3706 ex
1239 3653 1581 3708 detractione
1628 3652 1779 3723 ipsas
1810 3654 2105 3708 desumunt

531 3742 734 3812 quibus
794 3744 945 3798 varia
984 3746 1295 3814 geometriae
1342 3745 1619 3800 schemata
1656 3754 2105 3800 construxerunt.

532 3831 672 3887 Hinc
698 3841 752 3888 et
795 3835 1149 3889 astronomiae
1193 3836 1427 3891 studiosi
1469 3837 1749 3893 stellarum
1801 3837 2003 3909 ﬁguras
2027 3836 2109 3893 ef-

531 3925 764 3995 ﬁngunt,
795 3924 1262 3997 astrologicasque
1287 3927 1503 3984 tabulas
1541 3934 1783 3994 struunt,
1846 3937 1901 3985 et
1929 3929 2107 3985 sidera

531 4017 1009 4080 circumscribunt,
1051 4018 1252 4089 quibus
1277 4027 1332 4075 et
1354 4035 1691 4091 cognoscere
1714 4029 1769 4076 et
1805 4022 2106 4091 praedicere

529 4109 822 4178 opinantur
854 4108 1058 4177 futura,
1111 4109 1539 4177 Providentiam,
1596 4112 1692 4177 sit,
1739 4112 2104 4179 ludiﬁcantes,

530 4212 593 4254 ac
617 4197 983 4256 Providentia
1012 4211 1225 4257 secreta
1251 4212 1607 4273 usurpantes.
1661 4203 1795 4271 Quae
1828 4205 2104 4260 secunda-

531 4292 609 4344 ria
637 4292 764 4347 huic
793 4293 1121 4364 philosopho
1146 4302 1201 4351 et
1232 4298 1392 4367 quasi
1416 4298 1577 4353 ludus
1602 4310 1779 4360 erant.
1811 4306 1873 4353 ut
1911 4299 2002 4368 qui
2034 4298 2102 4355 iis

2210 3180 2323 3241 οἷόν
2345 3186 2405 3241 τέ
2433 3188 2579 3242 ἐστιν
2612 3183 2752 3243 εῖναι
2782 3191 3048 3263 γραμμὰς
3080 3194 3338 3266 μηδαμοῦ
3379 3198 3638 3269 κειμένας,
3661 3192 3744 3250 οἶοι

2209 3278 2519 3350 γεωμέτραι
2563 3280 2672 3334 ἀπὸ
2727 3281 2837 3336 τῶν
2886 3282 3160 3355 αἰσθητῶν
3212 3289 3452 3342 τουτωνὶ
3500 3286 3744 3358 γραμμῶν.

2209 3364 2320 3424 οἷον
2350 3370 2563 3437 εὐθείας
2587 3373 2850 3443 ταυτησὶ,
2905 3376 3003 3433 καὶ
3046 3376 3349 3450 καμπύλης
3392 3380 3490 3434 καὶ
3519 3380 3744 3449 ξυστροει-

2208 3461 2350 3527 δοῦς,
2384 3462 2493 3517 τῶν
2515 3465 2765 3519 ἐνταυθοῖ
2790 3466 2884 3521 καὶ
2903 3467 3271 3540 γραφομένων
3290 3470 3386 3525 καὶ
3412 3471 3658 3541 κειμένων
3674 3469 3743 3523 καὶ

2208 3554 2531 3624 ὁρωμένων,
2572 3554 2652 3627 τῷ
2682 3555 2825 3629 λόγῳ
2867 3558 3192 3630 χωρίζοντες
3222 3562 3342 3617 ἀπὸ
3388 3567 3489 3636 τῆς
3529 3564 3645 3635 ὕλης
3674 3564 3746 3617 καὶ

2207 3644 2317 3699 τῶν
2351 3646 2620 3717 σωμάτων
2648 3647 2744 3703 καὶ
2771 3648 2881 3703 τῶν
2909 3650 3201 3722 αἰσθητῶν,
3235 3656 3423 3721 ἀΰλως
3454 3656 3618 3710 νοοῦσι
3643 3654 3742 3707 ταύ-

2204 3755 2305 3802 τας
2330 3740 2422 3793 καὶ
2461 3738 2677 3809 ἀφέτως
2698 3782 2713 3808 ,
2745 3742 2837 3813 ὑφ’
2879 3736 2955 3798 ὧν
2991 3746 3086 3798 καὶ
3122 3746 3192 3800 τά
3239 3749 3495 3821 πολυειδῆ
3531 3750 3743 3820 σχήματα

2207 3827 2513 3882 συντιθέασι
2540 3829 2641 3899 τῆς
2673 3833 3016 3904 γεωμετρίας
3048 3834 3181 3904 (22).
3223 3836 3321 3891 Ἐκ
3343 3837 3542 3891 τούτων
3567 3833 3648 3890 οὖν
3672 3835 3744 3888 καὶ

2205 3921 2255 3975 oi
2289 3920 2654 3993 ἀστρονομίας
2697 3924 3153 3997 μεταποιούμενοι
3191 3929 3322 3992 τοὺς
3374 3927 3745 4001 σχηματισμοὺς

2204 4012 2312 4066 τῶν
2343 4012 2586 4084 ἀστέρων
2615 4012 2958 4082 διατυποῦσι,
3003 4018 3098 4070 καὶ
3137 4019 3206 4073 τά
3239 4020 3510 4092 λεγόμενα
3546 4020 3744 4090 esum

2205 4105 2532 4173 συντιθέασι,
2560 4107 2655 4160 καὶ
2688 4109 3103 4179 καταγράψουσι
3128 4112 3257 4175 τοὺς
3306 4114 3572 4184 ἀστέρας,
3607 4111 3658 4176 ἐξ
3686 4102 3746 4162 ὧν

2203 4197 2299 4250 καὶ
2322 4195 2609 4265 γινώσκειν
2633 4197 2728 4251 καὶ
2758 4198 3044 4268 προλέγειν
3066 4200 3266 4257 οἴονται
3295 4205 3367 4258 τά
3395 4204 3635 4275 ἐσόμενα.
3662 4201 3743 4269 τῆς

2202 4288 2466 4358 Προνοίας
2492 4328 2507 4351 ,
2552 4290 2707 4359 φησὶ,
2751 4292 3183 4357 καταπαίζοντες
3205 4333 3219 4358 ,
3255 4296 3450 4351 καὶτὰ
3496 4296 3745 4367 ἀπόρρητα

528 4398 636 4437 non
667 4392 930 4452 uteretur,
959 4386 1053 4443 sed
1098 4386 1241 4443 scire
1279 4389 1414 4443 satis
1446 4387 1687 4452 haberet,
1735 4397 1793 4443 ut
1827 4405 1895 4444 ne
1926 4390 1995 4443 ab
2030 4390 2096 4446 iis

2209 4378 2302 4449 τῆς
2358 4378 2618 4452 Προνοίας
2665 4381 3102 4453 σφετερίζοντες’
3135 4384 3173 4439 ἃ
3210 4387 3470 4458 πάρεργα
3515 4386 3591 4457 τῷ
3619 4386 3745 4453 etio-

526 4475 618 4546 qui
637 4491 826 4531 earum
851 4493 1032 4532 rerum
1058 4477 1342 4533 scientiam
1366 4476 1471 4534 sibi
1494 4480 1842 4552 arrogabant,
1864 4480 2099 4535 circum-

525 4568 802 4623 veniretur
832 4583 897 4623 ac
925 4568 1300 4625 deluderetur.
1334 4585 1338 4589 ’

594 4743 654 4800 Si
699 4762 876 4800 omnes
913 4745 1150 4800 studium
1201 4763 1357 4801 suum
1406 4757 1562 4817 atque
1593 4764 1805 4817 operam
1856 4749 2093 4804 contule-

522 4837 659 4893 rint.
690 4836 772 4889 Ad
801 4838 930 4907 quid
976 4838 1354 4893 contulerint?
1381 4839 1448 4893 ad
1473 4840 1913 4911 syllogismorum
1957 4856 2094 4897 con-

521 4926 845 4981 clusionem.
879 4926 1035 4993 Quod
1066 4929 1209 4983 enim
1228 4944 1325 4999 per
1347 4930 1722 5001 syllogismum
1753 4932 2092 4988 demonstra-

522 5022 631 5079 tur,
668 5016 952 5071 conclusio
970 5026 1219 5073 vocatur.
1253 5021 1493 5091 Exempli
1523 5024 1718 5091 gratia,
1747 5026 1990 5079 essentia
2022 5026 2090 5080 de

520 5106 667 5160 omni
699 5105 921 5161 animali
966 5106 1337 5166 demonstrata
1364 5111 1746 5183 patefactaque
1780 5123 1834 5169 et
1867 5115 2086 5170 animali
2118 5169 2131 5188 ,

592 5292 702 5361 (21)
738 5291 872 5347 Vide
895 5291 1078 5348 Basilii
1112 5293 1321 5351 scholia
1351 5295 1420 5351 ad
1462 5294 1770 5353 Orationem
1818 5298 1849 5353 I
1893 5299 1948 5353 in
1985 5299 2081 5355 Ιιι-

517 5364 743 5433 lianum,
774 5369 910 5428 not.,
943 5380 1127 5433 supra.

587 5432 699 5507 (22)
726 5433 876 5488 Alias
894 5432 1071 5507 etiam
1091 5434 1383 5507 Gregorius
1423 5434 1491 5489 de
1528 5435 1689 5491 lineis
1733 5440 2080 5507 geometricis

514 5503 758 5580 loquitur
818 5508 983 5580 (orat,
1008 5503 1099 5567 28,
1129 5503 1386 5580 olim__5_i)
1406 5523 1426 5580 λε
1461 5509 1610 5569 ποῖος
1639 5503 1936 5580 Εὐκλείδης,
1958 5511 2080 5580 ἐμιο

519 5571 932 5654 μήσατοραύτα
954 5572 1149 5654 _(apum
1194 5571 1423 5654 cellulze)
1458 5579 1768 5654 magmate
1793 5571 2080 5654 ὲμῴιλοσο-

491 5641 631 5715 ιξῶν
658 5643 778 5715 ταῖς
796 5643 894 5695 οὐκ
922 5641 1127 5715 οὔσαις,
1155 5644 1248 5715 καὶ
1269 5641 1583 5715 κάμνῳνέν
1598 5641 1717 5715 ταῖς
1744 5641 2079 5715 ἀποδείξεως

568 5723 646 5763 uae
686 5709 773 5766 sic
806 5712 1027 5782 exponit
1076 5712 1309 5770 Basilius
1338 5706 1546 5778 Ξυῦτος
1598 5706 1744 5786 (cod.
1786 5733 1839 5786 p.
1863 5706 1989 5786 215,
2022 5706 2080 5791 2}

2205 4472 2352 4543 σόφῳ
2403 4472 2577 4545 τούτῳ
2618 4477 2711 4529 καὶ
2744 4474 3045 4546 παιζόμενα
3088 4478 3365 4551 ὑπῆρχον)
3410 4481 3484 4553 μὴ
3513 4478 3747 4552 χρωμένῳ

2205 4565 2327 4635 μὲν,
2358 4565 2520 4618 εἰδότι
2548 4567 2625 4633 δὲ,
2655 4568 2732 4631 ὡς
2761 4569 2836 4641 μὴ
2863 4571 3301 4637 καταπαίςεσθαι
3336 4574 3444 4628 ὑπὸ
3466 4574 3571 4627 τῶν
3596 4570 3746 4642 οἰομέ-

2202 4674 2308 4711 νων
2335 4657 2506 4712 ταῦτα
2534 4659 2752 4714 ειδέναι.

2272 4748 2389 4805 Col.
2440 4750 2577 4806 1208
2621 4750 2663 4804 Β
2698 4752 2749 4807 1.
2797 4754 3188 4818 Συναγόντων
3238 4758 3359 4826 μὲν
3405 4758 3651 4812 πάντων.
3692 4752 3747 4807 Τί

2197 4842 2573 4911 συναγόντων;
2617 4844 3085 4917 συλλογιζομένων
3106 4889 3122 4913 ,
3172 4850 3669 4921 συμπεραινόντων·
3695 4846 3745 4899 τὸ

2193 4933 2302 5003 γάρ
2346 4932 2804 5004 ἀποδεικνύμενον
2850 4936 2958 4989 ἀπὸ
3008 4935 3102 4991 τοῦ
3154 4938 3520 5011 συλλογισμοῦ
3566 4935 3745 5009 συμπέ-

2193 5039 2377 5093 ρασμα
2414 5023 2630 5091 λέγεται
2651 5039 2666 5057 ’
2695 5021 2828 5094 οἷον,
2858 5027 2958 5098 τῆς
2988 5029 3176 5094 οὐσίας
3210 5030 3357 5084 κατά
3400 5031 3594 5094 παντὸς
3624 5027 3743 5094 ζώου

2191 5117 2671 5189 κατηγορουμένης
2700 5116 2795 5171 καὶ
2821 5118 3141 5192 λεγομένης,
3165 5121 3257 5175 καὶ
3290 5121 3389 5176 τοῦ
3413 5120 3550 5187 ζώου
3570 5118 3744 5191 ὁμοίως

2188 5302 2529 5376 γεωμετρίας
2570 5304 2909 5376 διδάσκαλος,
2945 5306 3004 5359 ἐν
3042 5300 3661 5376 τρισκαίδεκαΑ-βιδλίοις
3686 5296 3740 5349 τὰ

2188 5368 2727 5449 τοιαῦταί*συντάξαςΔ
2749 5368 3370 5449 μαθῆματαίΓραμμάς
3398 5368 3576 5449 seeos
3599 5368 3739 5449 οὔσας

2191 5438 2363 5507 εἶπεν,
2422 5446 2606 5516 ἐπειδὴ
2627 5437 2829 5517 τίθησι
2882 5437 2985 5516 μὲν
3025 5446 3119 5499 καὶ
3142 5437 3369 5515 ’γράφει
3425 5443 3630 5497 εὐθεῖαν
3662 5437 3738 5519 καὶ

2191 5513 2485 5580 καμπύλην
2522 5518 2808 5580 γραμμὴν,
2835 5518 2928 5569 καὶ
2951 5516 3018 5571 τὰ
3042 5515 3202 5569 λοιπά
3233 5514 3446 5567 τούτων
3476 5512 3606 5580 εἴδη,
3630 5508 3736 5580 βον-

2190 5528 2485 5584 καμπυλην
2522 5528 2808 5586 γραμμὴν,
2835 5528 2928 5569 και
2951 5528 3018 5571 τα
3043 5528 3202 5597 λοιπά
3233 5528 3446 5567 τουτων
3476 5528 3606 5581 ειοη,
3630 5528 3736 5587 pay-

2191 5582 2341 5665 λεται
2369 5584 2425 5638 δέ
2462 5584 2534 5665 μὴ
2568 5586 3305 5665 ,τὴνυγραερομένην-ταυτην
3352 5587 3515 5665 νοεῖν,
3551 5591 3736 5665 frontes;

2192 5652 2246 5742 δέ
2278 5671 2394 5736 πως
2426 5647 2637 5742 nutriti
2663 5647 2792 5726 ὕλης
2817 5647 2970 5739 excf);
2995 5647 3165 5742 ταῦτμ
3196 5647 3455 5742 θεωρεξψ
3485 5647 3735 5742 falsum

2194 5724 2250 5775 ἐν
2277 5724 2484 5789 τούτοις
2512 5721 2729 5798 κάμνει,
2748 5721 2932 5781 ’κοπού
2942 5744 3100 5797 μενος
3128 5728 3183 5780 ἐν
3212 5721 3335 5787 ταῖς
3372 5721 3683 5787 ἀποδείξεσι.
