2063 3150
844 78 1246 144 ELENCHUS

292 225 556 265 AUCTOBUM
577 224 633 261 ET
662 221 857 260 OPEBUM
889 221 1002 264 QUE
1027 222 1071 257 IN
1103 220 1192 257 HOC
1220 220 1353 257 TOMO
1378 220 1423 256 Vl
1454 221 1790 260 CONTINENTUB

327 301 397 338 Qua:
418 300 541 332 stellula
559 301 786 340 prwnotrmtur,
810 307 845 329 ea
868 306 947 328 nunc
969 297 1103 336 primum
1127 296 1206 326 inter
1227 305 1318 336 opera
1340 296 1375 326 S.
1404 296 1543 337 Gregorii
1565 300 1753 336 comparent.

878 394 1199 410 ψ

327 579 362 611 S.
388 578 608 610 GREGORIL'S
629 576 866 613 THEOLOGUS,
891 575 1217 607 ARCHIEPISCUPUS
1245 576 1722 610 CONSTANTINOPOLITANL'S

192 682 346 714 Orationes
369 680 596 712 XXVII-XLV.

1655 682 1717 711 Col.
1742 683 1761 713 9
1784 699 1819 704 -
1863 682 1901 712 6'2

250 732 396 762 APPENDIX
404 755 410 760 .

191 785 370 824 Significatio
388 785 419 815 in
435 784 613 814 Ezechielem
623 807 630 815 .
1842 785 1901 815 666

194 838 386 877 Metaphrasis
408 839 438 868 in
462 837 656 868 Ecclesiasten
664 860 672 867 .
1840 838 1899 868 670

191 892 234 922 De
256 893 312 922 ﬁde
326 892 509 922 orthodoxa.
1839 892 1898 923 674

194 949 202 956 '
225 945 434 984 Fragmentum
455 954 491 975 ex
515 947 646 976 oratione
669 949 772 975 contra.
792 950 993 975 astronomos.
1839 945 1898 975 675

192 1001 202 1010 '
226 998 356 1036 Liturgia
377 999 502 1037 duplex.
851 1036 858 1043 _
1839 999 1898 1029 677

193 1053 202 1063 ‘
228 1051 362 1082 Precatio
385 1057 412 1081 ct
435 1052 622 1082 exoreismus
643 1053 679 1082 ad
703 1052 872 1082 immundos
893 1052 1015 1089 spiritus
1038 1051 1211 1089 ejiciendos.
1841 1051 1900 1082 734

192 1105 294 1136 Ruﬁni
318 1107 459 1143 prologus
482 1107 511 1134 in
527 1106 619 1135 libros
642 1104 676 1135 S.
703 1104 849 1143 Gregorii.
1841 1105 1900 1135 736

195 1159 280 1190 EI.L,E
306 1159 495 1196 metropolita‘
523 1157 614 1188 Creta:
636 1159 865 1188 commentarius
901 1159 930 1187 in
962 1159 1109 1187 orationes
1130 1157 1164 1187 S.
1192 1156 1339 1195 Gregorii.
1368 1156 1460 1191 XIX.
1487 1166 1565 1188 nunc
1581 1159 1710 1195 primum
1737 1167 1773 1189 ex
1800 1160 1901 1188 codice

253 1206 416 1237 Basileensi
439 1208 535 1237 editus
551 1208 631 1237 curis
652 1206 691 1237 Ι).
719 1206 831 1237 Alberti
854 1206 948 1237 lahnii
971 1208 1100 1245 theologi
1123 1212 1149 1237 et
1172 1208 1315 1246 philologi
1339 1206 1473 1237 Bernatis
1499 1223 1511 1228 -
1530 1207 1667 1237 Helvetii.
1842 1207 1901 1237 738

194 1274 311 1305 NlCETzE
346 1274 480 1304 Serronii
516 1276 746 1305 commentarius
782 1276 811 1303 in
847 1275 1008 1304 orationem
1039 1273 1048 1303 1
1085 1280 1113 1304 et
1149 1273 1173 1304 ll
1209 1274 1243 1304 S.
1288 1274 1431 1313 Gregorii,
1462 1284 1498 1304 ex
1526 1275 1653 1304 editione
1672 1274 1785 1305 Christ.
1813 1275 1895 1306 Frid.

236 1323 377 1354 Matthzei.
1841 1324 1901 1355 9‘3

197 1378 203 1384 ⁸
229 1376 320 1408 NoNNl
341 1378 453 1407 abbatis
470 1379 604 1414 historia,
628 1387 665 1408 ex
688 1379 761 1407 edit.
789 1376 960 1407 Montacutii
983 1382 1010 1407 et
1032 1379 1114 1407 card.
1136 1377 1218 1407 Maii.
1841 1377 1902 1409 985

195 1445 202 1451 '
226 1444 350 1474 BASILLII
373 1445 488 1474 minimi
509 1444 605 1474 scholi
635 1452 652 1473 ει
682 1445 712 1473 in
747 1442 876 1482 Gregorii
903 1446 1065 1474 orationem
1088 1445 1233 1482 duplicem
1255 1449 1357 1474 contra
1377 1443 1526 1474 lulianum
1557 1445 1649 1482 imp.,
1672 1449 1701 1474 et
1721 1445 1758 1475 de
1786 1444 1901 1475 Herone

197 1498 386 1537 philosopho,
424 1499 529 1528 edente
552 1497 758 1534 Boissonadio,
788 1503 816 1527 et
831 1499 867 1527 ad
895 1499 1059 1528 orationem
1084 1498 1237 1527 funebrem
1268 1499 1297 1527 in
1327 1496 1486 1528 Caesarium
1518 1498 1636 1528 fratrem
1652 1499 1755 1528 edente
1770 1497 1848 1529 Lnd.
1867 1500 1904 1528 de

198 1553 322 1584 Sinner.
1826 1550 1905 1582 1203

202 1607 334 1637 ANONYMI
352 1606 465 1637 scholia
485 1607 516 1636 in
531 1608 647 1637 easdem
659 1608 805 1637 orationes
821 1610 923 1636 contra
937 1604 1088 1635 lulianum
1106 1605 1197 1641 imp.,
1214 1613 1250 1634 ex
1263 1605 1390 1634 editione
1405 1603 1593 1635 Montacutii.
1828 1604 1906 1635 1945
