4126 6686
234 150 269 151 νη
282 143 416 152 ..υ-

270 364 345 433 l3

1334 381 1616 448 ORATIO
1660 373 1911 443 XXVII.
1940 408 2021 422 —
2052 372 2536 439 THEOLOGICA
2580 373 2631 436 I.

3510 88 3739 99 *φρ-’-

3582 377 3655 443 14

271 500 535 598 κυϐισταὶ,
580 508 755 591 λόγων
816 516 942 596 (17)
977 517 1163 576 ἄτοποι
1204 519 1292 575 καὶ
1320 514 1630 598 παράδοξοι,
1660 512 1736 570 ἵν’
1772 511 1940 570 εἴπω,

2023 526 2191 578 torem
2208 516 2266 571 et
2285 506 2824 598 vehementem,_sic
2847 506 3022 571 etiam
3045 507 3109 572 in
3120 510 3355 590 agendo
3378 512 3655 578 eamdem

272 612 323 647 τι
345 596 430 651 καὶ
461 596 680 675 γελοίως
712 606 828 683 περὶ
852 605 1061 685 γελοίου
1089 596 1430 687 πραίγματοςή.

2013 617 2254 680 operam
2288 596 2680 661 collocarent?
2725 596 2940 660 Parum
2982 598 3180 679 igitur,
3216 608 3276 663 et
3304 600 3502 666 minus
3530 604 3657 667 for-

278 688 433 777 tasse
468 689 843 755 cavillatores
876 705 1101 773 essent,
1136 698 1186 759 si
1222 698 1277 758 id
1311 697 1598 771 facerent,
1647 710 1759 756 nec
1807 701 1924 754 tam
1975 688 2234 751 absurde
2263 697 2441 771 atque
2483 687 2817 752 insolenter
2843 688 2907 750 in
2936 690 3161 773 verbis,
3196 691 3447 773 perinde
3482 701 3660 777 atque

276 772 339 835 in
363 775 506 840 aleae
538 777 703 857 ludo,
729 772 1132 862 versarentur,
1171 787 1427 851 ridicule
1457 784 1861 850 dereridicula
1892 781 2125 862 loquar.

360 864 438 925 B'.
501 870 730 947 ⁶Επεὶδὲ
787 881 959 933 πᾶσαν
1014 875 1278 943 εὑσεϐείας
1339 878 1455 935 ὁδὸν
1508 876 1921 949 καταλύσαντες,

279 956 411 1030 πρὸς
458 956 512 1013 ἔν
541 967 694 1017 τοῦτο
724 962 978 1039 βλέπουσι
1035 969 1219 1046 μόνον,
1308 966 1336 1024 ὅ
1366 991 1414 1024 τι
1444 966 1692 1039 δήσουσιν
1736 966 1770 1035 ἤ
1830 965 1922 1022 λύ·

281 1066 430 1101 σουσι
480 1048 597 1123 (18)
640 1057 745 1107 τῶν
776 1052 1224 1132 προϐαλλομένων
1274 1057 1529 1139 (καθάπερ
1561 1058 1613 1113 ἐν
1656 1071 1773 1119 τοῖς
1796 1058 1925 1113 θεά-

279 1156 427 1213 τροις
476 1139 521 1193 οἷ
571 1140 637 1196 τὰ
683 1140 1030 1221 παλαίσματα
1060 1144 1487 1223 δημοσιεύοντες.
1536 1150 1623 1205 καὶ
1662 1148 1769 1205 τῶν
1812 1168 1925 1203 πα-

280 1222 590 1318 λαισμάτων
648 1232 748 1307 οὒψ
802 1231 900 1290 ὅσα
958 1237 1088 1312 πρὸς
1136 1222 1289 1304 νίκην
1341 1239 1485 1318 φέρει
1542 1239 1679 1295 κατὰ
1732 1239 1924 1313 νόμους

285 1312 582 1398 ἀθλήσεως,
616 1319 735 1376 ἀλλ’
808 1323 900 1381 δαν
930 1325 1028 1393 τὴν
1064 1326 1186 1402 ὄψιν
1229 1312 1446 1385 κλέπτει
1477 1331 1584 1385 τῶν
1614 1312 1832 1404 ἀμαθῶν
1861 1330 1927 1385 τὰ

283 1405 524 1486 τοιαῦτα,
583 1412 669 1466 καὶ
724 1415 1039 1491 συναρπάζει
1085 1418 1175 1472 τὸν
1205 1416 1539 1495 ἐπαινέτην),
1586 1420 1674 1475 καὶ
1701 1417 1785 1475 δεῖ
1814 1425 1918 1475 πᾶ-

284 1516 380 1551 σαν
438 1496 536 1586 μὲν
558 1497 757 1577 ἀγορὰν
814 1501 1251 1579 περιϐομϐεϊσθαι
1281 1508 1403 1572 τοῖς
1463 1510 1663 1565 τούτων
1720 1508 1924 1586 λόγοις,

284 1591 389 1641 πᾶν
439 1585 517 1677 δὲ,
552 1589 846 1663 συμπόσιον
896 1593 1267 1653 ἀποκναίεσθαι
1326 1597 1547 1677 φλυαρίᾳ
1603 1599 1689 1656 καὶ
1743 1585 1924 1673 ἀηδίᾳ,

2092 868 2166 930 ll.
2193 867 2489 943 Quoniam
2520 868 2920 950 autem,omni
2954 869 3192 952 pietatis
3216 870 3308 934 via
3338 870 3571 936 sublata
3599 882 3663 937 et

2008 957 2225 1031 deleta,
2260 958 2373 1019 hoc
2411 976 2591 1019 unum
2644 956 2758 1019 sibi
2790 969 3155 1040 proponunt,
3208 969 3272 1023 ut
3301 962 3663 1044 quaestiones

2009 1048 2099 1109 vel
2141 1048 2455 1128 stringant,
2482 1046 2572 1109 vel
2604 1047 2831 1110 solvant
2877 1050 3409 1130 (quemadmodum
3467 1053 3569 1134 qui
3599 1054 3663 1116 in

2008 1137 2257 1199 theatris
2284 1136 2439 1215 vulgi
2470 1135 2659 1199 oculis
2686 1138 3013 1200 certamina
3059 1147 3384 1224 ostentant,
3418 1149 3480 1204 et
3522 1142 3657 1226 quia

2010 1226 2146 1289 dem
2179 1226 2474 1307 ejusmodi
2498 1226 2892 1289 certaminum
2924 1246 3166 1307 genera,
3196 1248 3330 1311 qum
3359 1250 3477 1293 non
3496 1231 3669 1312 juxta

2012 1318 2303 1399 palaestrae
2333 1317 2494 1396 leges
2520 1316 2833 1380 victoriam
2864 1323 3235 1400 comparant,
3273 1319 3383 1383 sed
3411 1322 3665 1403 imperi-

2012 1418 2209 1469 torum
2241 1406 2521 1469 duntaxat
2549 1406 2752 1468 oculos
2800 1408 3225 1489 perstringunt,
3257 1428 3328 1472 ac
3365 1410 3603 1474 laudem
3634 1430 3671 1474 a

2014 1495 2448 1575 spectatoribus
2478 1496 2768 1577 captant):
2802 1508 2863 1559 et
2891 1514 2991 1558 res
3013 1496 3129 1559 huc
3157 1498 3336 1575 redit,
3359 1508 3421 1561 ut
3452 1501 3668 1563 horum

2014 1584 2541 1666 disputationibus,
2579 1593 2636 1647 et
2662 1585 2858 1647 forum
2891 1605 3071 1648 omne
3100 1586 3583 1671 circumstrepat,
3611 1597 3672 1652 et

284 1682 459 1733 πᾶσαν
497 1676 551 1733 δὲ
607 1680 796 1756 ἑορτὴν
825 1687 911 1740 καὶ
982 1684 1172 1749 πένθος
1203 1685 1364 1769 ἅπαν,
1418 1690 1518 1758 τὴν
1545 1691 1642 1763 μὶν
1684 1689 1929 1768 ἆνέορτον

2023 1676 2281 1737 convivia
2310 1674 2513 1737 omnia
2544 1675 2891 1756 hujusmodi
2921 1694 3213 1755 nugarum
3245 1678 3416 1741 taedio
3448 1681 3669 1743 obtun-

287 1768 425 1822 εἶναι
485 1768 570 1823 καὶ
652 1771 850 1843 μεστὴν
925 1777 1241 1855 κατηφείας,
1300 1765 1362 1835 se;
1409 1776 1463 1835 δὲ
1510 1765 1933 1857 παραμυθεῖσθαι

2023 1766 2320 1841 dantur,et
2350 1765 2566 1827 festum
2598 1783 2776 1828 omne
2807 1765 3151 1857 infestivum
3184 1767 3259 1857 sit
3287 1786 3357 1831 ac
3372 1768 3673 1834 mmstitiae

287 1863 529 1945 συμφορᾷ
583 1860 781 1934 μείζονι
810 1922 813 1923 ν
841 1862 964 1944 (19)
1022 1854 1137 1929 τοις
1205 1869 1499 1945 ζητήμασι,
1535 1854 1711 1925 πᾶσαν
1749 1869 1803 1925 δὲ
1852 1868 1935 1925 δι·-

2023 1854 2283 1935 plenum,
2319 1863 2375 1945 et
2408 1855 2609 1919 luctus
2650 1855 2846 1945 omnis
2906 1855 3119 1936 majori
3166 1856 3525 1936 calamitate,
3558 1858 3673 1922 hoc

287 1943 572 2025 οχλεῖσθαι
627 1943 1026 2027 γυναικωκῖτιν,
1086 1954 1349 2025 ἁπλότητι
1408 1958 1713 2039 σύντροφον,
1758 1961 1845 2016 καὶ
1874 1961 1935 2015 τὸ

2023 1953 2131 2018 est,
2166 1944 2559 2039 quaestionum
2616 1944 2885 2039 argutiis,
2938 1946 3259 2039 mitigetur,
3292 1965 3364 2010 ac
3410 1949 3674 2039 denique

288 2041 387 2103 τῆς
445 2034 617 2104 αἷδοῧς
678 2036 830 2105 ὀίκοθος
920 2044 1284 2103 ἀποσυλᾶσθαι
1316 2053 1383 2124 τῇ
1415 2051 1529 2127 περὶ
1573 2049 1736 2128 λόγον
1772 2072 1941 2130 ταχυ-

289 2130 435 2193 τῆτι·
508 2127 691 2197 ἐπειδὴ
750 2141 914 2191 ταῦτα
946 2131 1103 2210 οὕτω,
1138 2139 1226 2194 καὶ
1264 2140 1325 2194 τὸ
1381 2141 1545 2196 κακὸν
1588 2139 1822 2221 ἂσχετον
1852 2142 1942 2197 καὶ

290 2214 581 2307 ἀφόρητον,
641 2221 729 2275 καὶ
784 2221 1065 2281 κινδυνεύει
1133 2225 1448 2307 τεχνύδριον
1500 2230 1629 2307 (20)
1661 2214 1830 2287 ἐἶναι
1880 2232 1940 2287 τὸ

292 2306 434 2399 μέγα
484 2309 640 2399 ἡμῶν
717 2313 1033 2392 μυστήριονο
1097 2314 1242 2395 φέρε,
1303 2306 1554 2377 τοσοῦτον
1606 2306 1729 2399 γοῦν
1784 2321 1941 2395 ἡμῶν

294 2396 710 2476 ἀνασχέσθωσαν
765 2403 812 2456 οἱ
881 2400 1210 2462 κατάσκοποι
1262 2407 1416 2488 (21),
1463 2396 1797 2490 σπλάνχνοις
1829 2432 1941 2466 πα-

295 2500 498 2565 τρικοῖς
546 2490 891 2567 κινουμένων,
950 2495 1061 2569 καὶ,
1109 2496 1136 2551 ὃ
1165 2518 1327 2575 φησιν
1377 2501 1404 2554 ὁ
1459 2501 1605 2563 θεῖος
1661 2500 1940 2579 Ἱερεμίας,

295 2576 748 2653 σπαρασσομὲνων
773 2581 839 2668 τὰ
896 2582 1235 2662 αἰσθητήρια,
1294 2586 1419 2644 ὅσον
1449 2589 1527 2663 μὴ
1577 2576 1822 2668 τραχέως
1853 2589 1942 2643 τὸν

295 2666 414 2743 περὶ
469 2665 668 2723 τούτων
726 2666 965 2733 δέξασθαι
996 2670 1181 2749 λόγον,
1236 2677 1325 2732 καὶ
1357 2676 1455 2744 τὴν
1486 2665 1732 2756 γλῶσσαν
1756 2680 1945 2756 μικρὸν

294 2755 644 2834 ἓπισχόντες,
711 2755 775 2811 ἄν
831 2756 931 2836 ἂρα
989 2762 1076 2816 καὶ
1125 2761 1249 2841 (9.2)
1307 2763 1587 2843 δύνωνται,
1647 2767 1746 2834 τὴν
1776 2755 1943 2836 ἀκοὴν

296 2847 437 2920 ἡμῖν
494 2845 854 2906 ὅποθέτωσαν.
920 2850 1138 2911 Πάντως
1196 2851 1250 2908 δὲ
1310 2853 1458 2911 οῦδὲν
1515 2860 1942 2932 ζημιωθήσεσθε.

299 2924 339 2954 v'
478 2934 490 2948 ι
730 2937 761 2957 τ-
1528 2924 1539 2927 ’
1587 2924 1597 2932 ’
1752 2924 1761 2928 ’

343 2940 383 2990 Η
435 2956 535 3012 γαρ
594 2936 667 2997 εἷς
721 2958 834 2991 ωτα
892 2936 1233 3014 ὲλαλήσαμεν
1301 2943 1625 3018 ἀκουόντων,
1686 2946 1773 3002 καί
1828 2969 1944 3004 τινα

300 3026 505 3101 καρπὸν
556 3023 717 3104 ἔσχεν
769 3023 795 3081 ὀ
856 3025 1041 3104 λόγος,
1103 3031 1202 3098 τὴν
1252 3032 1513 3112 ὠφέλειαν
1542 3039 1641 3103 τὴν
1690 3038 1945 3115 ὑμετέραν

299 3113 512 3194 (ἐπειδὴ
558 3115 757 3194 σπείρει
816 3118 914 3191 μὲν
945 3121 972 3174 ὁ
1004 3122 1230 3179 σπείρων
1276 3125 1365 3179 τὸν
1424 3123 1583 3203 λόγον
1639 3125 1723 3182 ἐπὶ
1773 3113 1946 3183 πᾶσαν

303 3201 560 3277 διάνοιαν,
619 3207 953 3285 καρποφορεῖ
986 3205 1039 3264 δὲ
1069 3208 1105 3277 ἠ
1142 3211 1282 3279 καλὴ
1354 3234 1411 3267 τε
1484 3201 1569 3269 καὶ
1601 3215 1864 3292 γόνιμος)’
1911 3219 1947 3287 ἥ

2018 2052 2295 2114 gyntecea
2343 2035 2564 2115 omnia,
2613 2033 3009 2115 simplicitatis
3039 2034 3301 2119 alumna,
3336 2038 3671 2118 turbentur,

2023 2131 2082 2185 et
2102 2122 2351 2204 pudoris
2382 2124 2493 2186 ﬂos
2530 2123 2821 2205 praecipiti
2852 2125 2964 2187 hac
2992 2125 3397 2189 contendendi
3426 2127 3677 2193 libidine

2022 2212 2404 2295 compiletur;
2436 2215 2742 2294 quoniam,
2778 2214 3045 2295 inquam,
3074 2215 3198 2277 haec
3231 2215 3311 2277 ita
3337 2234 3403 2279 se
3426 2217 3674 2299 habent,

2023 2304 2296 2384 adeoque
2326 2303 2705 2366 intolerenda
2737 2312 2828 2365 est
2849 2305 2940 2366 vis
2968 2304 3150 2384 hujus
3182 2305 3416 2387 mali,ut
3446 2308 3678 2389 pericu-

2026 2393 2147 2454 lum
2181 2392 2281 2467 sit,
2314 2410 2390 2454 ne
2422 2411 2704 2473 magnum
2738 2392 2878 2454 fidei
2901 2402 3119 2455 nostra;
3164 2394 3510 2475 mysterium
3544 2397 3677 2460 exi-

2026 2500 2142 2563 gua
2168 2483 2439 2563 quaedam
2470 2482 2723 2545 articula
2754 2500 2886 2544 esse
2920 2482 3221 2545 videatur:
3265 2502 3395 2565 age,
3433 2500 3541 2548 nos
3570 2505 3679 2567 pa-

2027 2572 2215 2635 ternis
2243 2571 2569 2635 visceribus
2598 2572 2895 2649 incitatos,
2929 2582 3128 2655 atque,
3153 2582 3217 2635 ut
3245 2574 3518 2637 Jeremiae
3545 2593 3679 2639 ver-

2026 2662 2124 2724 bis
2155 2672 2288 2724 utar
2314 2662 2370 2737 6,
2395 2661 2686 2724 sensoriis
2718 2661 2997 2725 distortos
3022 2670 3081 2725 et
3111 2662 3680 2747 laniatos,explora-

2029 2761 2186 2814 tores
2216 2752 2311 2815 isti
2344 2754 2637 2815 hactenus
2670 2753 2991 2831 perferant,
3026 2761 3115 2814 ut.
3136 2772 3271 2834 quae
3288 2754 3365 2815 de
3390 2754 3482 2814 bis
3498 2755 3681 2817 rebus

2028 2840 2242 2903 dicturi
2292 2860 2521 2913 sumus,
2568 2859 2735 2921 aequo
2764 2841 2965 2901 animo
2996 2841 3326 2921 excipiant;
3354 2860 3423 2904 ac
3457 2843 3679 2923 lingua,

2028 2933 2075 2993 si
2121 2931 2295 2993 modo
2325 2939 2566 3012 queant,
2600 2929 2943 3010 aliquandiu
2989 2931 3239 3002 frenata,
3287 2932 3464 2993 nobis
3508 2952 3685 2998 aures

2033 3020 2355 3101 praebeant.
2392 3023 2458 3085 1n
2492 3037 2609 3101 qua
2636 3037 2702 3082 re
2734 3019 2882 3080 nihil
2919 3020 3184 3100 profecto
3216 3029 3325 3100 est,
3351 3040 3459 3083 cur
3480 3021 3685 3084 damni

2031 3110 2316 3191 quidquid
2352 3109 2777 3173 metuatis.Aut
2802 3109 2962 3170 enim
2996 3127 3103 3189 ego
3135 3109 3197 3170 in
3225 3128 3401 3172 aures
3430 3112 3685 3175 audien-

2032 3209 2181 3270 tium
2208 3208 2236 3257 7
2272 3209 2500 3288 loquar,
2535 3216 2708 3289 atque
2740 3207 2817 3268 ita
2845 3206 3099 3269 fructum
3127 3207 3536 3289 aliquem,hoc
3568 3219 3685 3287 est,

304 3291 569 3362 ἆπήλθετε
651 3296 738 3350 γαὶ
811 3304 964 3352 τοῦτο
1011 3297 1135 3376 (23)
1193 3303 1347 3374 ἡμῶν
1400 3291 1802 3377 διαπτύσαντες,
1863 3308 1940 3361 καῖ

344 3380 364 3402 Ἰ
412 3382 423 3402 Ι
573 3381 593 3402 Ἴ
644 3379 703 3402 ρο
855 3384 903 3402 ΡΙΝ
1065 3388 1076 3402 τ
1176 3388 1192 3402 \
1283 3391 1294 3402 ι
1605 3395 1614 3402 .
1716 3400 1736 3402 _,
1908 3398 1940 3402 -.

2035 3299 2348 3359 utilitatem
2389 3305 2667 3371 vestram,
2687 3296 2828 3402 4§9
2852 3296 3040 3402 oratio
3071 3296 3319 3399 allatura
3352 3308 3443 3402 est
3469 3312 3687 3401 (quan:-

301 3380 520 3439 π).είονα
573 3379 822 3449 λαϐόντες
854 3384 987 3454 ὕλην
1058 3388 1356 3469 ἀντιλογίας
1430 3414 1485 3448 τε
1533 3395 1621 3449 καὶ
1676 3400 1776 3461 τῆς
1832 3398 1940 3452 καθ’

2034 3408 2209 3470 quam
2242 3388 2402 3450 enim
2437 3387 2488 3450 is
2519 3388 2618 3466 qui
2649 3386 2895 3449 verbum
2927 3385 3030 3449 Dei
3062 3388 3319 3450 seminat
3356 3389 3411 3465 8,
3448 3379 3523 3451 in
3552 3390 3689 3453 ani-

305 3473 457 3547 ἧμῶν
515 3469 795 3549 λοιδορίας,
860 3474 948 3533 ἵνα
1002 3480 1090 3533 καὶ
1152 3479 1355 3554 μᾶλλον
1387 3484 1523 3546 ὑμᾶς
1559 3485 1743 3548 αὐτοὺς
1778 3485 1940 3541 ἑστιά-

2034 3469 2164 3540 mos
2197 3497 2407 3540 omnes
2456 3477 2731 3553 seminat,
2770 3485 2963 3539 tamen
2993 3477 3163 3558 probi
3201 3479 3485 3541 duntaxat
3514 3490 3692 3562 atque

305 3582 457 3653 σητε,
519 3561 607 3653 Mi;
679 3564 983 3639 θαυμὰσητε
1040 3566 1116 3643 δὲ,
1152 3571 1195 3625 εἰ
1253 3569 1545 3651 παράδοξοιι
1590 3575 1693 3653 ἰερῶ
1761 3572 1940 3652 λόγον1

2034 3569 2273 3631 fecundi
2314 3571 2570 3630 fructum
2620 3567 2858 3643 ferunt);
2892 3576 2992 3629 aut
3035 3570 3112 3629 ita
3160 3561 3694 3643 discesseritis,iut

302 3651 392 3707 καί
461 3652 607 3729 παρη
662 3653 753 3709 τὸν
798 3654 1046 3736 ὑμέτερον
1105 3660 1291 3734 νόμον,
1354 3662 1408 3718 οἵ
1458 3651 1629 3720 πάντα
1658 3651 1851 3720 εἰδέναι
1891 3686 1940 3720 τε

2033 3659 2193 3721 hunc
2215 3675 2449 3738 quoque
2478 3674 2814 3720 sermonem
2848 3666 3117 3719 nostrum
3151 3658 3507 3739 explodatis,
3536 3660 3692 3723 ube-

302 3742 389 3797 καὶ
438 3738 700 3800 διδάσκειν
792 3745 1136 3826 ὑπισχνεϊόθε
1184 3748 1301 3807 λίαν
1354 3760 1611 3818 νεανικῶς
1677 3755 1763 3811 καὶ
1824 3776 1940 3833 γεν-

2036 3750 2380 3829 rioremque
2427 3747 2899 3824 contradicendi,
2965 3738 3257 3829 nobisque
3327 3749 3689 3813 convitiandi

303 3832 484 3911 ναίως,
532 3830 625 3888 ’ίνα
656 3834 734 3907 μὴ
765 3833 915 3891 λυπῶ
947 3834 1119 3916 λέγων
1148 3839 1368 3907 ἆιιαθῶς
1394 3844 1479 3898 καὶ
1508 3842 1762 3920 θρασέως.
1841 3830 1849 3833 ν

2037 3841 2346 3903 materiam
2377 3836 2953 3919 nanciscamini,quo
2986 3836 3223 3917 plenius
3256 3837 3433 3899 etiam
3458 3841 3693 3904 animos

303 3927 532 4015 vestros
562 3922 838 4002 pascatis.
866 3925 989 3987 Nec
1021 3945 1159 3989 vero
1206 3930 1420 3992 mirum
1452 3930 1620 3993 vobis
1654 3932 1941 4015 videatur,
1971 3932 2021 3994 si
2046 3931 2186 4013 quid
2239 3950 2274 3992 a
2313 3935 2510 3993 vestra
2563 3927 2867 4007 Opinione,
2929 3946 2998 3989 ac
3040 3928 3171 4007 lege
3206 3935 3399 3989 vestra
3428 3928 3691 3993 alienum

303 4008 532 4090 dixero,
560 4011 657 4092 qui
689 4015 844 4074 scire
873 4032 975 4076 vos
1006 4018 1206 4080 omnia
1230 4026 1293 4082 et
1324 4019 1540 4084 docere
1590 4008 1979 4104 profitemini,
2031 4008 2317 4104 perquam
2369 4020 2598 4081 fortiter
2640 4035 2709 4079 ac
2760 4034 3074 4096 generose;
3133 4037 3250 4080 non
3300 4018 3463 4081 enim
3496 4019 3692 4083 dicam

305 4100 486 4159 stulte
517 4106 577 4163 et
610 4108 858 4179 temere,
900 4122 976 4167 ne
997 4107 1139 4186 quid
1184 4108 1419 4171 animos
1449 4100 1677 4174 vestros
1707 4100 2030 4176 offendam.

387 4186 475 4251 I".
510 4189 581 4247 Οὐ
650 4194 875 4267 παντὸς,
919 4195 964 4248 ὦ
1001 4195 1175 4272 οὗτοι,
1208 4201 1269 4255 τὸ
1302 4201 1415 4279 περῖ
1450 4207 1582 4258 Θεοῦ
1613 4200 1940 4283 φιλοσοφεῖν,

2118 4199 2215 4265 Ill.
2249 4199 2379 4263 Non
2410 4196 2669 4279 cujusvis
2700 4204 2808 4271 est,
2844 4214 2877 4258 o
2904 4197 3034 4274 viri,
3068 4197 3143 4259 de
3190 4196 3312 4259 Deo
3362 4197 3686 4277 disserere,

306 4281 367 4337 οὗ
394 4279 614 4346 παντός’
675 4281 781 4362 οὐχ
837 4280 972 4339 οὔτω
1019 4288 1080 4341 τὸ
1138 4293 1359 4366 πρᾶγμα
1421 4279 1642 4364 εὔωνον,
1704 4293 1790 4348 καὶ
1819 4279 1940 4348 4.5»

2038 4308 2183 4365 non,
2209 4292 2472 4372 inquam,
2509 4288 2795 4367 cujusvis;
2833 4305 2950 4348 non
3000 4289 3151 4350 adeo
3191 4286 3322 4350 vilis
3353 4306 3421 4350 ac
3448 4290 3695 4370 protrita

305 4368 485 4448 χαμαί
514 4368 845 4450 ἐρχομένων,
909 4377 1199 4453 Προσθήσω
1257 4376 1334 4453 δὲ,
1398 4377 1514 4436 οὐδὲ
1557 4381 1806 4457 πάντοτε,
1841 4380 1940 4439 οὒδέ

2040 4382 2151 4445 hac
2181 4368 2418 4457 res—est,
2473 4388 2533 4442 et
2581 4395 2813 4458 eorum,
2848 4377 2952 4459 qui
2994 4378 3163 4440 humi
3204 4377 3403 4440 adhuc
3433 4368 3690 4460 reptant.

306 4464 489 4552 πεισιν,
539 4458 656 4517 οὐδὲ
700 4460 897 4552 πάντα,
950 4461 1069 4522 ἀλλ’
1107 4465 1250 4523 ἔστιν
1285 4466 1396 4541 ὅτε,
1429 4470 1517 4527 καὶ
1543 4470 1628 4536 οἷς
1687 4468 1835 4552 (24),
1870 4495 1938 4529 κα

2038 4472 2270 4535 Addam
2322 4472 2501 4535 etiam
2554 4488 2672 4531 non
2728 4458 2987 4547 cujuSvis
3020 4468 3328 4548 temporis,
3375 4458 3691 4549 uecﬁapud

307 4547 390 4629 ἐφ’
447 4549 595 4614 ὅσον.
656 4551 727 4610 Οὐ
778 4554 991 4611 πάντων
1035 4557 1157 4639 μὲν,
1192 4556 1273 4615 ’ὃτι
1307 4565 1414 4616 τῶν
1444 4557 1816 4637 ἐξητασμένων
1871 4586 1939 4620 κα

2043 4560 2274 4643 quovis,
2320 4579 2431 4623 nec
2490 4559 2567 4622 de
2616 4557 2942 4640 quibusvis;
2978 4558 3083 4619 sed
3111 4547 3276 4620 certo
3308 4547 3601 4639 tempore,
3636 4566 3698 4621 et

309 4637 702 4733 διαϐεϐηκότων
756 4642 813 4699 ἐν
869 4648 1080 4726 θεωρίᾳ,
1132 4637 1222 4705 καὶ
1278 4651 1380 4728 πρὸ
1438 4652 1664 4731 τούτων,
1716 4653 1804 4709 καὶ
1850 4657 1940 4729 ψυ-

2023 4637 2197 4733 ιεὶρυι]
2231 4637 2427 4713 certos
2481 4637 2779 4728 homines,
2810 4656 2870 4709 et
2900 4648 3288 4728 aliquousque
3322 4637 3697 4712 hocifacien-

311 4730 422 4810 χὴν
478 4733 565 4788 καὶ
627 4737 773 4808 σῶμε
829 4737 1258 4817 κεκαθαρμένων,
1322 4738 1356 4807 ἦ
1415 4730 1837 4822 καθαιρομένων,
1902 4745 1940 4798 τί

2048 4730 2187 4802 dum
2215 4743 2465 4803 est.Non
2498 4737 2817 4819 cujuslibet
2841 4737 3392 4819 quidem,quoniam
3426 4737 3540 4799 hoc
3563 4756 3697 4801 mu-

310 4820 693 4910 μετριώτατον,
756 4824 845 4892 Μὴ
918 4828 1132 4902 καθαρῷ
1198 4831 1297 4907 γὰρ
1328 4828 1581 4887 ἅπτεσθαι
1612 4820 1841 4910 καθαροῦ
1866 4854 1940 4891 τυ·

2047 4831 2210 4893 neris
2240 4830 2331 4892 his
2352 4829 2635 4891 duntaxat
2657 4827 3072 4909 incumbit,qui
3094 4826 3475 4889 exactissime
3498 4845 3565 4889 ex
3575 4829 3698 4909 plo-

313 4910 418 4990 χον
465 4908 579 4969 οὐδὲ
633 4911 890 4993 ἀσφαλὲς,
946 4916 1128 4998 ὣσπερ
1183 4916 1300 4976 οὒδὲ
1357 4918 1478 4996 ὄψει
1538 4924 1701 5001 σαθρᾷ
1731 4908 1932 4990 ἡλιακῆ

2048 4920 2161 4983 rati
2195 4927 2357 4997 sunt,
2388 4937 2457 4996 ac
2496 4908 2961 5000 contemplando
2998 4918 3179 4997 longe
3212 4908 3697 4998 praecesserunt,

390 5048 424 5098 ϐ
452 5050 576 5113 Jer.
608 5064 687 5128 tv,
722 5051 820 5113 49.
913 5052 943 5101 7
966 5050 1155 5115 Eccli.
1189 5069 1328 5135 xxv,
1364 5051 1464 5116 12.
1550 5054 1584 5104 8
1612 5054 1815 5119 Matth.
1842 5074 1969 5133 xm,
2003 5058 2064 5120 4.

399 5186 523 5267 (l7)
560 5184 813 5269 Ku6mat
840 5187 1038 5269 λόγων.
1078 5208 1108 5249 (
1138 5190 1500 5252 Sermonum
1542 5188 1904 5267 urinatores,
1936 5215 1940 5246 :

2049 5187 2161 5252 Job
2206 5204 2331 5265 xvr,
2361 5192 2421 5265 2,
2460 5212 2488 5245 α
2517 5205 2804 5250 onerosos
2834 5188 3242 5250 consolatores
3280 5208 3304 5243 ι
3339 5186 3563 5248 amicos
3592 5204 3702 5269 ap-

406 5266 665 5359 es‘t,uqui
697 5286 765 5359 se
794 5266 1561 5359 insermonespraecipites
1587 5266 1962 5359 devolvunt.-
2053 5268 2258 5359 pellat:
2450 5349 2493 5359 ﬂ
2666 5348 2796 5359 mm
2910 5349 2922 5359 _
3075 5348 3087 5359 '

316 5345 417 5409 Sic
449 5345 838 5424 designantur
867 5345 1245 5431 Eunomiani,
1300 5345 1430 5431 qui,
1465 5350 1835 5414 urinatorum
1882 5352 1971 5413 in-
2054 5345 2071 5351 ”
2139 5349 2260 5429 (20)
2290 5349 2631 5430 Τεχνύδριον.
2663 5348 2874 5411 Billius
2907 5349 2968 5411 in
3002 5348 3192 5429 prima
3226 5346 3357 5411 ed.:
3398 5371 3422 5403 σι
3456 5356 3704 5429 arguta-

313 5436 457 5500 star,
492 5445 728 5520 sursum
749 5446 823 5520 ac
854 5429 1133 5520 deorsum
1168 5429 1507 5511 argutando
1552 5432 1845 5498 ferantur.
1904 5433 1972 5495 In
2058 5432 2267 5520 tricem
2298 5429 2616 5520 quamdam
2648 5438 2860 5520 artem.
2900 5454 2923 5485 »
2996 5508 3010 5520 _
3153 5508 3175 5520 η
3210 5507 3223 5520 _
3469 5507 3482 5520 .

313 5508 946 5589 nonnullis,:xu6auut’,
986 5534 1010 5567 σ
1052 5507 1368 5575 aleatores.
1410 5536 1433 5570 ε

2137 5510 2257 5589 (21)
2296 5507 2658 5569 [ξατάσκοποιο
2704 5512 2792 5574 Eo
2851 5508 3094 5572 nomine
3148 5507 3329 5571 falsos
3387 5507 3709 5591 episcopos

394 5591 525 5676 (18)
564 5594 826 5662 Δήσουσιν
857 5591 893 5659 ἢ
939 5591 1176 5655 λύςσυσι.
1210 5591 1276 5654 In
1305 5591 1685 5676 quibusdam,
1737 5592 1939 5666 δήσωσι

2054 5590 2368 5676 significat.

312 5671 346 5740 ἤ
371 5668 571 5728 λῦσωσι
582 5719 595 5733 .
1322 5668 1342 5676 ”
1670 5668 1676 5671 γ

2117 5668 2269 5752 ’(22)
2305 5678 2402 5729 Καί
2430 5671 2612 5733 Deest
2637 5672 2697 5732 in
2727 5668 2891 5748 Regg
2946 5689 3002 5748 a,
3037 5669 3161 5752 bm,
3191 5678 3251 5732 et
3278 5668 3386 5739 Or.
3418 5671 3479 5738 2.

399 5706 1014 5835 ἴῖὧυιλιαραμυθεῖσθαι
1091 5762 1336 5835 συμφορᾷ
1410 5757 1636 5830 μείζονι.
1724 5754 1791 5817 Id
1861 5762 1940 5835 8_S|

2144 5706 2243 5752 μιν
2305 5706 2402 5729 Iw“
2430 5706 2612 5733 uacat.
2637 5706 2697 5732 lu
2727 5706 2890 5748 ηυδε
2946 5706 2960 5733 ι

2144 5706 2272 5835 (23)
2302 5759 2490 5816 Τοῦτο,
2525 5752 2628 5835 Ος.
2662 5755 2724 5835 1,-
2750 5760 2960 5835 τοῦτοντ

399 5758 517 5827 (19)
579 5758 1014 5834 Παραμυθεῖσθαι
1091 5762 1336 5834 συμφορᾷ
1410 5758 1636 5830 μείζονι.
1724 5758 1791 5817 Id
1861 5762 1940 5816 est

313 5834 629 5914 βαρύνεσθαι
640 5831 1283 5915 ,cgravior,onerosior
1314 5835 1667 5901 efficiatur.)
1700 5836 1797 5898 Sic
1819 5833 1940 5898 enix

2167 5758 2272 5832 23)
2302 5759 2490 5816 Τοῦτο.
2525 5758 2628 5815 01‘.
2662 5758 2714 5826 1,
2750 5760 2960 5811 τοῦτον.

2144 5758 2270 5914 ἓξιι)
2300 5835 2395 5890 Καὶ
2424 5835 2536 5896 ait.
2572 5830 2752 5897 Coisl.
2782 5839 2845 5907 4,
2873 5834 2961 5890 καὶ
2990 5832 3072 5914 ἐφ’
3118 5845 3228 5894 οῖς.
