4126 6692
283 319 349 387 21
1330 327 1614 392 ORATIO
1656 310 1902 389 XXVII.
1937 356 2012 370 —
2041 324 2527 389 THEOLOGIGA
2572 325 2621 386 Ι.

3576 264 3658 378 22

279 481 389 539 ρον,
444 460 479 530 ἥ
507 460 851 544 ἆσαόεστερον
1092 464 1180 521 καὶ
1232 463 1399 521 κακδν
1442 461 1502 520 οῦ
1572 459 1737 519 καλοῦ
1778 458 1923 539 πρά·-

2016 458 2240 540 ιοοίρίι;
2275 476 2383 540 per
2407 459 2722 534 fenestras,
2742 466 2806 519 ut
2834 456 3143 537 Scriptura
3171 452 3435 545 loquitur
3452 444 3655 545 ‘8,hoc

278 572 482 628 γματος
541 555 729 628 μισθὸν
771 553 1121 631 ἀντιδίδομεν,
1182 553 1280 623 τῆς
1312 550 1555 616 ἀσεϐείας
1578 552 1677 619 τὴν
1708 549 1920 630 παρῤη-

281 640 418 701 σίαν,

2007 538 2289 630 est,_per'
2308 567 2593 610 sensuum
2640 566 2884 627 organa,
2920 555 3167 609 mortem
3219 538 3656 605 introducens?

2005 640 2131 702 Imo
2161 647 2367 700 contra
2404 643 2644 701 omnino
2694 637 2967 717 facimus,
3003 643 3184 714 atque
3232 635 3373 694 495
3402 632 3655 693 aliorum

282 727 441 790 vitiis
473 729 804 795 libertatem
840 732 1052 796 damus
1084 735 1225 812 (non
1257 749 1435 794 secus
1465 749 1533 793 ac
1565 740 1730 812 parta
1760 728 2008 792 victoria
2045 747 2218 808 reges
2271 728 2557 791 militibus
2601 729 2724 790 suis
2766 726 3100 788 vocationes
3127 723 3509 801 concedunt),
3548 721 3659 782 hac

279 814 561 882 duntaxat
588 821 718 902 lege
752 831 815 886 et
842 822 1208 901 conditione,
1250 831 1315 883 ut
1344 822 1406 883 in
1439 829 1673 884 nostras
1704 830 1903 901 partes
1934 818 2364 901 propendeant,
2397 826 2573 899 atque
2604 818 2886 880 adversus
2918 818 3105 880 Deum
3134 813 3348 895 majori
3381 830 3518 902 cum
3546 828 3659 871 au-

277 906 447 981 dacia
480 919 537 972 et
568 900 872 992 impietate
906 920 1104 989 ruant;
1135 900 1203 974 ac
1239 911 1463 974 malum
1495 927 1616 974 non
1661 900 1833 972 bona;
1860 900 1947 972 rei
1980 900 2318 971 mercedem
2359 910 2503 990 ipsis
2535 908 2873 991 pendimus,
2904 925 3010 988 pro
3041 906 3345 986 impietate
3372 900 3656 964 nimirum

280 1000 568 1078 peccandi
600 1001 901 1066 licentiam
934 1003 1085 1085 ipsis
1115 1003 1548 1085 persolventes.

362 1088 457 1149 H'.
534 1094 801 1173 Καίτοιγε,
859 1098 905 1151 ὦ
934 1092 1231 1173 διαλεκτικὶ
1275 1094 1362 1149 καὶ
1392 1091 1545 1168 λάλε,
1572 1092 1829 1172 ἐρωτήσω
1859 1091 1920 1147 σέ

276 1200 327 1234 τι
381 1182 591 1259 μικρόν·
651 1169 819 1239 cii-8%
865 1169 1168 1262 ἀπόκριναι,
1200 1184 1330 1263 φησὶ
1358 1183 1435 1256 τῷ
1458 1180 1581 1239 Ἰὼϐ
1601 1169 1637 1238 ’ὁ
1681 1180 1767 1238 διὰ
1796 1180 1919 1237 λαί-

276 1265 447 1334 λαπος
499 1271 585 1326 καὶ
633 1276 802 1353 νεφῶν
854 1274 1223 1353 χρηματίζων,
1282 1272 1510 1345 Πότερον
1576 1270 1770 1328 πολλαὶ
1813 1272 1920 1345 μο-

276 1360 359 1414 ναὶ
412 1358 542 1438 (56)
598 1363 740 1439 παρά
800 1370 877 1438 τῷ
950 1370 1090 1438 Θεῷ,
1119 1360 1248 1441 ὅπερ
1277 1362 1510 1435 ἀκούεις,
1538 1360 1573 1429 ἢ
1619 1362 1737 1441 μίας
1770 1366 1919 1416 Πολ-

276 1444 386 1521 λαὶ,
418 1445 604 1513 δώσεις
663 1448 891 1523 δηλαδὴ,
953 1454 1040 1509 καὶ
1097 1454 1158 1508 οῦ
1181 1452 1298 1528 μίαο
1358 1451 1585 1527 Πότερον
1612 1448 1665 1505 δὲ
1697 1448 1922 1528 πληρω-

274 1538 428 1602 θῆναι
488 1536 574 1595 δεῖ
630 1540 828 1621 πάσας,
863 1539 899 1609 ἤ
927 1542 1023 1605 τὰς
1069 1542 1189 1617 μὲν,
1236 1542 1329 1605 τὰς
1361 1539 1415 1596 δὲ
1442 1538 1522 1612 οὔ,
1558 1541 1631 1604 ὡς
1662 1539 1804 1595 εἶναι
1826 1560 1923 1595 κε-

276 1626 392 1705 νὰς,
466 1628 552 1683 καὶ
584 1628 759 1704 μάτην
789 1632 1186 1707 ἡτοιμασμένοις
1220 1649 1235 1711 ;
1272 1631 1369 1688 Ναὶ
1398 1632 1595 1695 πάσας⁶
1648 1627 1795 1685 οὐδὲν
1825 1629 1924 1708 γὰρ

275 1716 390 1782 εἶκῆ
436 1722 540 1772 τῶν
583 1719 723 1796 παρὰ
756 1727 885 1777 Θεοῦ
916 1720 1235 1799 γενομένων.
1285 1721 1477 1787 Γαύτην
1537 1717 1612 1793 δὲ,
1643 1717 1672 1775 ὅ
1716 1719 1765 1774 τί
1794 1740 1923 1774 ποτε

273 1806 455 1873 θήσεις
499 1806 597 1875 τὴν
626 1808 818 1889 μονὴν,
868 1809 1022 1891 ἔχοις
1050 1807 1113 1865 ἄν
1143 1810 1314 1866 εἰπεῖν
1361 1829 1377 1889 ;
1417 1802 1542 1886 Ἆρα
1590 1808 1690 1875 τὴν
1719 1807 1921 1864 ἐκεῖθεν

276 1893 564 1953 ἀνάπαυσίν
614 1918 670 1952 τε
739 1901 828 1955 καὶ
874 1897 1022 1965 δόξαν
1054 1900 1152 1967 τὴν
1186 1898 1547 1974 ἀποκειμένην
1581 1912 1699 1960 τοϊς
1737 1920 1920 1972 μακα-

273 1983 398 2061 ρίοις
431 1982 588 2063 (57),
618 1986 653 2053 ἠ
698 1985 830 2044 ἄλλο
861 2010 910 2044 τι
938 2005 954 2062 ;
989 1989 1098 2046 Οὐκ
1138 1986 1273 2045 ἄλλο
1301 2011 1380 2063 τι,
1416 1988 1450 2056 ἤ
1487 1990 1665 2050 τοῦτο.
1702 1985 1919 2053 Ἐπειδὴ

274 2070 414 2128 τώδ’
468 2072 598 2153 (58)
641 2074 1094 2155 ὡμολογήσαμεν,
1148 2078 1368 2134 κάκεῖνο
1424 2075 1917 2155 προσεξετάσωμεν’

276 2159 447 2217 ’Ἔστι
502 2186 551 2221 τι
582 2165 643 2220 τὸ
704 2166 897 2230 ταύτας
929 2166 1206 2246 προξενοῦν
1238 2168 1331 2231 τὰς
1360 2169 1546 2246 μονὰς,
1580 2169 1654 2232 ὡς
1701 2169 1729 2222 ὃ
1791 2166 1920 2241 ἐμὸς

274 2248 456 2330 λόγος,
494 2255 529 2321 ἢ
573 2252 718 2311 οὐδέν
748 2275 764 2336 ς
832 2246 997 2313 ’Ἐστι
1043 2258 1275 2323 πάντως.
1313 2258 1374 2316 Τί
1399 2263 1555 2314 τοῦτο
1590 2257 1702 2331 ne.
1731 2255 1921 2337 διαφό-

273 2362 392 2417 ρους
463 2342 605 2400 εἶναι
663 2344 931 2412 πολιτείας
959 2348 1047 2403 καὶ
1075 2346 1431 2427 προαιρέσεις,
1476 2347 1564 2403 καὶ
1598 2345 1766 2414 ἄλλην
1815 2344 1917 2401 ἀλ-

273 2427 450 2509 λαχοῦ
504 2430 681 2511 φέρειν
734 2435 872 2490 κατὰ
902 2435 1003 2502 τὴν
1030 2434 1318 2514 ἀναλογίαν
1347 2437 1443 2504 τῆς
1490 2437 1740 2506 πίστεως,
1792 2434 1921 2515 ὅπερ

272 2523 358 2575 κιὶ
409 2517 559 2582 ὁδοὺς
620 2522 973 2598 ὀνομάζομεν.
1038 2525 1216 2588 Πάσας
1278 2532 1367 2581 οῦν
1398 2524 1657 2598 ὁδευτέον,
1689 2524 1724 2591 ἤ
1773 2546 1919 2589 τινας

272 2611 377 2665 τῶν
438 2608 573 2667 ὁδῶν
623 2612 821 2669 τούτων
856 2632 871 2692 ;
948 2615 1006 2671 Εἰ
1078 2614 1174 2689 μὲν
1234 2615 1355 2671 οἶόν
1386 2637 1442 2671 τε
1472 2617 1563 2671 τὸν
1595 2614 1773 2685 αὐτὸν,
1810 2637 1919 2671 πα-

274 2721 370 2762 σας
424 2699 569 2779 (59)·
632 2702 675 2757 εἰ
705 2699 759 2756 δὲ
804 2702 907 2777 μὴ,
944 2701 1021 2759 ὅτι
1052 2702 1326 2769 πλείστας’
1361 2705 1404 2760 εί
1434 2703 1488 2761 δὲ
1522 2704 1620 2780 μὴ,
1670 2707 1841 2769 τινας·
1877 2716 1920 2767 εἰ

270 2788 324 2844 δὲ
383 2786 522 2861 μηδὲ
575 2797 752 2870 τοῦτο,
814 2791 952 2869 μέγα
995 2791 1092 2849 κᾶίν
1145 2795 1188 2849 εἷ
1221 2796 1345 2868 μίαν
1395 2792 1770 2875 διαφερόντως,
1843 2794 1916 2856 ὣς

268 2878 328 2955 γέ
386 2901 476 2961 μοι
561 2880 823 2959 φαίνεται.
888 2882 1083 2961 Ὀρθῶς
1156 2890 1309 2941 τοῦτο
1378 2881 1797 2959 ὑπολαμϐάνεις.
1860 2882 1920 2939 Τί

267 2970 397 3047 οῦν;
461 2958 636 3027 ’Ὅταν
689 2969 918 3048 ἀκούσῃς
997 2972 1120 3047 μίαν
1193 2972 1312 3029 ὁδὸν
1372 2973 1514 3029 εἶναι
1574 2974 1661 3029 καὶ
1719 2972 1919 3039 ταύτην

269 3057 480 3133 στενὴν,
540 3059 590 3114 τί
648 3081 730 3116 σοι
775 3061 1014 3139 φαίνεται
1066 3060 1257 3129 δηλοῦν
1304 3065 1332 3119 ὁ
1362 3062 1522 3140 λόγος
1561 3082 1576 3139 ;
1624 3062 1758 3118 Μίαν
1795 3062 1914 3137 μὲν,

269 3144 351 3202 διὰ
380 3148 479 3214 την
527 3150 744 3224 ἀρετήν·
801 3154 895 3225 μία
951 3152 1075 3228 γὰρ,
1153 3149 1251 3208 κᾶν
1283 3154 1357 3216 εἷς
1415 3151 1589 3208 πολλὰ
1642 3153 1918 3231 σχίζηται·

272 3238 460 3305 στενήν
510 3234 564 3290 δὲ
631 3235 714 3292 διὰ
764 3239 881 3304 τοὺς
910 3238 1153 3317 ἱδρῶτας,
1186 3243 1274 3297 καὶ
1308 3243 1365 3297 τὸ
1398 3243 1472 3316 μὴ
1505 3240 1735 3305 πολλοῖς
1783 3254 1920 3296 εἶναι

2082 1088 2232 1154 VIII.
2278 1091 2480 1171 Atqui,
2513 1110 2547 1152 ο
2578 1088 2895 1151 dialectice
2929 1096 2986 1150 et
3014 1088 3250 1167 loquax,
3275 1081 3661 1171 nonnihilnte

2002 1170 2427 1259 interrogabo:
2465 1187 2525 1240 tu
2554 1196 2701 1240 vero
2734 1177 3059 1258 reSponde,
3088 1184 3152 1237 ut
3182 1173 3489 1255 inquiebat
3533 1170 3655 1243 ille,

2005 1270 2192 1350 quiad
2214 1267 2323 1331 Job
2352 1287 2456 1348 per
2472 1268 2770 1329 turbinem
2794 1285 2861 1330 ac
2884 1265 3073 1326 nubes
3096 1264 3335 1326 oracula
3356 1259 3653 1324 edebat“).

2004 1359 2451 1438 Multeeneapud
2485 1360 2676 1421 Deum
2713 1357 3053 1418 mansiones
3085 1362 3242 1428 sunt,
3268 1350 3658 1431 quemadmo-

2008 1448 2145 1509 dum
2209 1448 2514 1527 Scriptura
2561 1447 2737 1508 docet
2774 1446 2852 1520 90,
2887 1465 2960 1506 an
2996 1461 3112 1505 una
3143 1447 3402 1503 tantum?
3433 1439 3655 1518 Multae,

2005 1536 2260 1618 inquies,
2298 1554 2413 1596 non
2446 1554 2564 1597 una
2616 1539 2821 1598 Recte.
2857 1540 2980 1613 Age
3016 1549 3181 1606 vero,
3230 1546 3412 1592 easne
3450 1544 3660 1618 omnes

2004 1615 2267 1708 impleri,
2301 1644 2375 1687 an
2409 1625 2690 1707 quasdam
2724 1624 2991 1705 quidem,
3027 1630 3271 1684 caleras
3286 1627 3493 1679 autem
3540 1615 3660 1676 mi-

2004 1719 2190 1799 nime,
2222 1725 2285 1778 ut
2316 1717 2529 1779 inanes
2560 1724 2617 1777 et
2637 1716 2854 1777 frustra
2885 1718 3153 1795 paratas?
3181 1710 3395 1789 Utique
3424 1724 3660 1799 omnes.

2003 1796 2210 1888 Neque
2242 1806 2403 1868 enim
2435 1825 2469 1867 a
2501 1808 2623 1868 Deo
2654 1804 2983 1885 quidquam
3016 1811 3244 1865 temere
3260 1808 3438 1879 atque
3460 1796 3662 1859 incas-

2006 1918 2134 1959 sum
2168 1898 2387 1958 factum
2407 1898 2617 1958 est.An
2641 1914 2817 1975 porro
2843 1896 2952 1955 hoc
2976 1911 3214 1974 quoque
3233 1889 3434 1951 dicere
3455 1903 3657 1975 queas,

2005 1988 2144 2068 quid
2179 1986 2419 2047 tandem
2451 1985 2527 2045 sit
2555 1974 2680 2046 haec
2706 1985 2963 2046 mansio?
2995 1982 3145 2044 Num
3177 1974 3659 2068 requies:etAgIo-_

2002 2062 2256 2157 ria,quae
2279 2073 2469 2136 beatis
2500 2073 2560 2133 in
2593 2074 2742 2136 caelo
2762 2072 3071 2135 recendita
3093 2078 3284 2143 est,an
3310 2065 3451 2148 quid
3473 2062 3666 2157 aliud?

2002 2154 2159 2229 Nihil
2210 2164 2392 2237 aliud,
2453 2182 2628 2244 quam
2670 2164 2808 2238 hoc,
2865 2162 3123 2243 inquies.
3182 2158 3266 2220 De
3323 2158 3437 2219 hoc
3486 2154 3665 2244 igitur

2003 2256 2236 2339 quando
2275 2256 2433 2315 inter
2464 2243 2573 2316 nos
2604 2262 2858 2335 constat,
2890 2252 3038 2314 illud
3082 2252 3328 2330 insuper
3357 2243 3665 2339 espenda-

2006 2337 2350 2409 muszEstne
2380 2344 2792 2426 aliquid,quod
2826 2343 2998 2405 nobis
3025 2339 3365 2403 mansiones
3398 2337 3503 2426 has
3526 2352 3668 2395 con-

2004 2435 2188 2509 ciliet,
2223 2442 2290 2495 ut
2320 2453 2453 2495 mea
2481 2424 2573 2495 est
2603 2424 2923 2513 sententia,
2958 2450 3031 2493 an
3066 2428 3307 2491 omnino
3341 2424 3522 2487 nihil?
3566 2427 3668 2513 Est

2004 2543 2169 2605 sane,
2203 2524 2426 2601 inquis.
2479 2522 2773 2596 Quidnam
2806 2510 2973 2585 hoc?
3013 2520 3139 2584 Hoc
3168 2519 3477 2597 nimirum,
3506 2510 3667 2593 quod

2004 2613 2238 2675 diversa
2266 2612 2386 2674 sint
2410 2612 2643 2675 vivendi
2674 2630 2894 2690 genera
2935 2622 2992 2674 et
3025 2611 3319 2683 instituta,
3353 2608 3434 2667 ita
3464 2613 3664 2665 tamen

2005 2710 2066 2763 ut
2097 2702 2297 2764 omnia
2327 2702 2446 2763 sint
2476 2700 2617 2762 ﬁdei
2653 2698 3362 2781 consentanea,quodque
3392 2712 3500 2756 nos
3530 2693 3663 2755 vias

2001 2792 2391 2873 appellamus.
2426 2789 2580 2863 Quid
2629 2797 2801 2867 ergo?
2830 2788 3015 2851 Hisne
3061 2787 3338 2850 omnibus
3386 2782 3668 2873 incedere

2003 2872 2250 2944 neCesse
2275 2889 2467 2954 est,an
2490 2879 2851 2960 quibusdam
2883 2880 3108 2941 solum?
3122 2872 3495 2953 Omnibus,si
3528 2873 3663 2952 qui-

2004 2973 2145 3033 dem
2173 2990 2328 3032 unus
2359 2978 2537 3050 atque
2566 2968 2725 3031 idem
2757 2970 2870 3031 hoc
2894 2969 3105 3047 possit;
3135 2967 3224 3027 sin
3253 2966 3663 3043 minus,com-

2006 3061 2301 3141 pluribus;
2338 3070 2437 3121 aut
2467 3067 2633 3121 certe
2665 3059 3047 3140 quibusdam.
3100 3056 3264 3129 Quod
3319 3054 3369 3115 si
3422 3071 3496 3113 ne
3550 3052 3665 3112 hoc

2006 3150 2247 3230 quidem
2283 3148 2670 3229 concedatur,
2706 3149 2969 3228 amplum
3005 3152 3297 3218 tamen,ut
3321 3142 3466 3204 mihi
3494 3141 3663 3203 vide-
3732 3146 3741 3151 '

2010 3250 2122 3313 tur,
2160 3240 2353 3316 fuerit,
2404 3238 2494 3301 vel
2540 3240 2717 3300 unica
2769 3239 3051 3300 duntaxat
3101 3236 3316 3299 eximie
3368 3231 3658 3296 incidere.

269 3325 461 3399 βατὴν,
521 3328 593 3387 ὡς
625 3328 755 3405 πρὸς
786 3330 845 3383 τὸ
887 3327 1085 3401 πλῆθος
1115 3337 1221 3386 τῶν
1266 3329 1539 3404 ἐναντίων,
1581 3332 1669 3387 καὶ
1699 3329 1812 3386 ὅσοι
1840 3328 1922 3385 διὰ

2016 3329 2187 3391 Recte
2218 3330 2331 3392 hoc
2355 3330 2680 3392 existimas.
2710 3328 2863 3403 Quid
2896 3328 3104 3408 igitur?
3132 3328 3292 3422 Cum
3312 3323 3482 3422 audis
3510 3322 3661 3422 viam

268 3419 367 3481 τῆς
418 3417 605 3478 κακίας
664 3414 953 3479 ὁδεύουσιν,
1012 3418 1163 3477 Οὕτω
1218 3420 1381 3495 κάμοὶ
1412 3418 1582 3481 δοκεῖ,
1620 3419 1679 3478 Τί
1732 3421 1845 3498 οὖν,
1880 3419 1923 3475 ὦ

2016 3439 2186 3480 unam
2241 3438 2398 3499 esse,
2463 3438 2716 3499 eamque
2773 3426 3187 3499 perangustam
3241 3415 3325 3497 2!,
3388 3413 3527 3494 quid
3589 3411 3663 3472 iis

269 3501 535 3579 βέλτιστε,
610 3501 764 3583 εἴπερ
794 3513 946 3562 τοῦτο
989 3506 1151 3570 οὕτως
1185 3507 1327 3587 ἔχει,
1360 3508 1537 3586 ὥσπερ
1568 3508 1683 3563 τίνα
1715 3509 1921 3586 πενίαν,

2006 3508 2200 3569 verbis
2235 3509 2557 3588 signiﬁcari
2593 3509 2789 3589 putas?
2819 3508 3006 3572 Unam
3052 3526 3197 3569 sane
3251 3523 3406 3585 esse,
3441 3504 3487 3564 si
3540 3500 3662 3562 vir—

266 3598 630 3670 καταγνῶντες
692 3595 782 3650 τοῦ
837 3596 1098 3673 ἡμετέρου
1128 3595 1312 3675 λόγου,
1368 3598 1545 3662 πάσας
1599 3598 1695 3659 τὰς
1756 3595 1921 3661 ἂλλας

2016 3609 2190 3661 lutem
2225 3610 2481 3681 spectes;
2507 3602 2632 3662 hzec
2664 3601 2822 3662 enim
2868 3601 3042 3661 unica
3072 3599 3330 3680 est,|icet
3357 3597 3418 3657 in
3447 3593 3664 3655 multas

268 3679 414 3747 ὁδοὺς
473 3682 715 3763 ἀςρέιτες,
769 3687 900 3764 πρὸς
933 3688 1056 3761 μίαν
1099 3688 1300 3754 ταὺτην
1331 3686 1546 3765 φέρεσθε
1577 3689 1662 3743 καὶ
1701 3688 1921 3743 ὠθεῖσθε

2016 3698 2204 3770 partes
2231 3679 2494 3765 secetur;
2526 3709 2732 3754 verum
2765 3699 3073 3769 angustam
3109 3679 3351 3770 propter
3381 3685 3662 3764 sudores,

272 3771 371 3839 τὴν
429 3770 512 3828 διὰ
570 3771 729 3851 λόγου
775 3776 860 3830 καὶ
888 3776 1127 3854 θεωρίας,
1165 3777 1237 3841 ὡς
1276 3778 1418 3833 αὐτοὶ
1454 3774 1630 3834 οἴεσθε
1665 3776 1819 3855 (60),
1850 3778 1921 3840 ὡς

2007 3786 2066 3842 et
2097 3779 2235 3860 quia
2285 3799 2400 3841 non
2433 3799 2466 3840 a
2520 3780 2722 3841 multis
2775 3780 3007 3856 teritur,
3034 3780 3081 3840 si
3113 3779 3354 3859 quidem
3388 3775 3662 3837 multitu-

283 3860 337 3917 δὲ
396 3861 502 3940 ἐγώ
555 3886 719 3944 φημι,
765 3862 1083 3946 ἀδολεσχίας
1109 3869 1197 3923 καὶ
1227 3867 1498 3944 τερατείας
1535 3883 1551 3939 ;
1587 3867 1921 3942 Ἐπιτιμάτω

2016 3870 2211 3932 dinem
2264 3888 2469 3930 eorum
2514 3870 2759 3949 cogites,
2814 3870 2915 3951 qui
2964 3868 3261 3930 contrario
3311 3866 3526 3927 itinere
3560 3880 3669 3944 per

289 3950 498 4016 Παῦλος
527 3953 679 4027 ὑμῖν,
739 3961 893 4010 τοῦτο
949 3956 1149 4034 πικρῶς
1205 3955 1467 4021 ὀνειδίξων
1499 3957 1634 4029 μετὰ
1663 3958 1761 4024 τὴν
1823 3958 1923 4014 ἀπ-

2006 3960 2211 4020 vitium
2247 3960 2621 4035 gradiuntur.
2656 3962 2745 4021 Ita
2774 3960 2923 4020 mihi
2954 3975 3190 4039 quoque
3217 3956 3474 4018 videtur.
3511 3952 3666 4026 Quid

268 4042 549 4119 αρίθμησιν
608 4049 715 4099 τῶν
776 4044 1153 4125 χαρισμάτων,
1207 4047 1263 4100 ἓν
1334 4049 1419 4105 οἷς
1450 4062 1633 4126 φησιν·
1670 4048 1757 4116 Μή
1782 4048 1923 4103 πάν-

2016 4068 2150 4127 ergo
2184 4068 2374 4110 causae
2407 4058 2520 4125 est,
2557 4049 2644 4110 vir
2680 4050 2929 4130 optime,
2979 4068 3113 4111 cum
3169 4052 3244 4111 ita
3292 4066 3355 4109 se
3409 4064 3507 4107 res
3555 4046 3667 4107 ha-

275 4154 364 4197 τες
452 4133 795 4212 ἀπόστολοι,
869 4137 957 4203 Μὴ
1032 4136 1226 4200 πάντες
1310 4141 1627 4217 προφῆταις
1687 4140 1775 4195 καὶ
1860 4140 1923 4196 τὰ

2016 4138 2214 4219 beant,
2272 4137 2456 4219 quod,
2518 4145 2766 4202 caeteras
2814 4158 3025 4202 omnes
3076 4138 3194 4198 vias
3254 4138 3663 4219 repudiantes,

279 4222 425 4290 ἑξῆς.

2013 4237 2292 4309 tanquam
2348 4229 2717 4309 pauperiem,
2766 4229 3007 4309 explosa
3053 4236 3253 4289 nostra
3299 4225 3513 4303 agendi
3561 4243 3667 4285 ra-

280 4311 476 4387 tione,
512 4312 775 4374 ferimini
805 4331 873 4375 ac
903 4314 1326 4394 protrudimini
1354 4334 1564 4378 omnes
1612 4316 1684 4378 ad
1734 4318 1887 4380 hanc
1937 4338 2138 4394 unam,
2175 4336 2307 4395 quae
2358 4336 2463 4398 per
2517 4318 2947 4398 disputationes
2996 4336 3063 4380 ac
3113 4316 3573 4398 speculationes,
3608 4321 3674 4377 ut

271 4401 392 4484 ipsi
431 4402 679 4485 putatis,
716 4412 777 4463 ut
806 4404 947 4465 494
999 4412 1194 4465 autem
1249 4424 1382 4483 ego,
1434 4424 1619 4483 nugas
1666 4415 1724 4468 et
1772 4408 2129 4488 praestigias,
2185 4408 2433 4470 teritur?
2466 4405 2751 4487 Objurget
2781 4426 2880 4469 vos
2910 4407 3148 4481 Paulus,
3186 4416 3318 4487 post
3345 4406 3670 4484 gratiarum

278 4490 805 4554 enumerationem
838 4493 1054 4555 acriter
1083 4492 1176 4554 his
1207 4493 1401 4557 verbis
1430 4495 1717 4557 invehens
1752 4516 1765 4559 :
1801 4496 1961 4559 Num
2006 4514 2207 4559 omnes
2257 4496 2545 4576 apostoli?
2574 4496 2736 4560 Num
2765 4515 2970 4559 omnes
2996 4498 3310 4578 propheta:
3335 4495 3432 4560 ‘39?
3466 4504 3524 4556 et
3544 4514 3675 4575 qua

275 4589 593 4662 sequntur.

349 4670 438 4733 ϐ’.
504 4668 708 4728 ’Ἔστω
778 4668 856 4733 δὲ,
888 4671 1120 4747 ὑψηλὸς,
1151 4674 1235 4745 σὺ,
1270 4674 1359 4730 καὶ
1388 4673 1613 4750 ὑψηλῶν
1640 4676 1799 4752 πέρα,
1835 4678 1926 4733 καὶ

268 4761 397 4841 ὑπὲρ
471 4762 565 4825 τάς
635 4760 859 4842 νεφέλας
918 4764 961 4817 εἰ
1010 4761 1215 4838 βούλει,
1247 4764 1275 4819 ὀ
1306 4770 1410 4820 τῶν
1445 4764 1679 4820 ἀθεάτων
1705 4766 1922 4847 θεατὴς,

360 4893 414 4938 ¹⁸
444 4893 569 4969 Jer,
607 4910 689 4967 lx,
720 4891 820 4956 2L
912 4890 964 4936 ‘9
990 4891 1102 4956 Job
1130 4911 1373 4972 xxxvm,
1409 4895 1466 4958 3.

1554 4897 1609 4942 ⁸ο
1633 4895 1803 4960 Joan.
1835 4912 1963 4973 xw,
2006 4897 2065 4959 2.

2090 4674 2189 4737 ΙΧ.
2227 4676 2370 4737 Esto
2403 4683 2599 4738 autem
2634 4695 2649 4737 :
2687 4676 2769 4737 sis
2816 4675 2947 4756 ipse
2996 4677 3147 4739 altus
3194 4684 3254 4738 et
3283 4675 3578 4757 sublimis,
3612 4675 3677 4737 οι

2013 4765 2375 4828 sublimibus
2407 4764 2927 4847 sublimior,atque
2950 4766 3095 4848 ipsis
3126 4766 3302 4829 etiam
3325 4765 3668 4840 nubibus,si

2152 4895 2202 4939 91
2236 4897 2443 4959 Matth.
2468 4914 2567 4973 vn,
2606 4897 2702 4962 13.
2789 4898 2843 4942 ²²
2876 4900 3053 4965 lCor.
3080 4916 3184 4976 xu,
3221 4899 3319 4963 29.

352 5012 907 5101 (ῥῦγΑσεϐἑστξρογ.
943 5012 1125 5101 Deest
1152 5015 1211 5076 in
1244 5015 1700 5096 Beg.a,duobus
1729 5014 1926 5094 Colb.,
1952 5028 1995 5078 D
2019 5018 2154 5101 dem
2189 5016 2422 5078 lumine
2437 5018 2751 5101 gspirituali
2788 5019 3189 5101 rsplendorem
3234 5017 3673 5101 haurientibns,

269 5104 328 5158 et
357 5092 471 5159 Or.
498 5096 559 5154 1.
592 5092 714 5156 Nec
745 5092 957 5158 Billius
981 5095 1182 5160 vertit.

2020 5098 2373 5181 rationeque
2404 5098 2517 5160 sibi
2551 5098 2944 5164 conveniente
2983 5100 3259 5181 gaudium
3298 5116 3365 5159 ac
3411 5098 3677 5161 laetitiam

346 5176 474 5259 (56)
502 5173 708 5231 Πολλαὶ
734 5176 1284 5259 u9~azl._1tionsiones
1310 5178 1537 5259 mutua.
1580 5203 1607 5235 α
1643 5177 1773 5241 Non
1799 5196 1923 5259 pro-

2022 5173 2479 5256 capientibus.»

265 5264 407 5337 pter
439 5256 709 5341 locorum
739 5254 1173 5341 discriminata
1200 5257 1393 5339 inquit
1421 5258 1644 5339 Elias,«
1667 5260 1772 5341 sed
1792 5254 1938 5341 pro-

261 5334 402 5419 pter
433 5336 753 5419 domoru_m
790 5334 1092 5419 ordinem.
1124 5334 1372 5401 Nam—ut
1402 5340 1454 5400 si
1485 5334 1663 5402 unam
1694 5334 1938 5402 domum

2107 5261 2238 5337 (57)
2268 5262 2591 5341 mammia“.
2641 5263 2791 5339 Reg.
2824 5261 2946 5337 bm,
2983 5262 3225 5341 δικαίοις,
3262 5279 3297 5341 ,ιι
3334 5258 3535 5341 justis.
3569 5283 3593 5317 ι

2107 5342 2229 5418 (58)
2263 5339 2483 5407 Ἐπειδὴ
2537 5342 2700 5400 τοῦθ’.
2738 5344 2888 5421 Reg.
2951 5342 3073 5422 bm,
3136 5339 3349 5403 et‘Or.
3390 5341 3447 5414 1,
3495 5339 3681 5411 ἐπειδὴ

262 5414 389 5503 una
424 5422 657 5503 tantum
692 5414 941 5503 lucerna
960 5416 1288 5503 splendore
1314 5438 1421 5482 suo
1450 5421 1778 5503 collustret,
1807 5422 1945 5503 qui-
2028 5414 2211 5484 τοῦτο,

266 5498 421 5583 libet
442 5495 697 5583 seorsim
716 5496 911 5583 lucem
938 5495 1945 5583 peculiarempercipit,quanquam

271 5580 491 5642 lumen
527 5578 587 5638 in
624 5576 843 5639 multas
872 5578 1036 5641 taces
1056 5597 1175 5640 non
1199 5576 1712 5646 dividaturlSic-in
1746 5576 1946 5644 futuro

2107 5502 2461 5579 (59)t_1a'zaac.
2495 5500 2640 5579 Reg.
2677 5500 2797 5577 bm,
2835 5509 2891 5563 et
2920 5502 3023 5565 0r.
3064 5505 3119 5579 1,
3151 5501 3382 5569 ἁπάσας-

2111 5551 2238 5661 ξὸώ
2280 5574 2372 5645 Ὧς
2427 5551 2616 5637 minoia
2640 5551 2835 5644 οἴεσθε.
2890 5580 3027 5644 Hac
3081 5551 3424 5664 desuntjn)
3451 5579 3686 5643 duobus

262 5660 493 5752 saeculo
514 5658 782 5721 universi
804 5656 1085 5752 homines
1090 5660 1235 5752 justi
1252 5664 1619 5743 recipientur
1631 5662 1845 5752 eodem
1864 5663 1947 5724 lo-
2032 5656 2218 5742 Regg.

270 5759 339 5801 co
391 5748 453 5801 et
484 5757 602 5800 non
643 5738 1256 5821 separatim,sin'gulis
1287 5738 1398 5824 pro
1415 5763 1521 5806 suo
1555 5744 1823 5820 modo,et
1851 5761 1949 5806 eo-
