  <div class='ocr_page' id='page_1' title='image "/cluster/home/n/w/nwhite01/storage/ocr_20150623/36:no.2/coo.31924054869338/021.png"; bbox 0 0 4126 6408; ppageno 0'>
   <div class='ocr_carea' id='block_1_1' title="bbox 396 336 3772 418">
    <p class='ocr_par' dir='ltr' id='par_1_1' title="bbox 396 336 3772 418">
     <span class='ocr_line' id='line_1_1' title="bbox 396 336 3772 418; baseline 0.005 -16"><span class='ocrx_word' id='word_1_1' title='bbox 396 336 468 403; x_wconf 76' lang='lat'><strong>27</strong></span> <span class='ocrx_word' id='word_1_2' title='bbox 1647 346 1705 408; x_wconf 93' lang='lat' dir='ltr'><strong>S.</strong></span> <span class='ocrx_word' id='word_1_3' title='bbox 1755 343 2112 411; x_wconf 81' lang='lat' dir='ltr'><strong>GREGORH</strong></span> <span class='ocrx_word' id='word_1_4' title='bbox 2158 347 2262 409; x_wconf 84' lang='grc' dir='ltr'><strong>ΤΗ</strong></span> <span class='ocrx_word' id='word_1_5' title='bbox 2272 346 2543 411; x_wconf 85' lang='lat' dir='ltr'><strong>EOLOGI</strong></span> <span class='ocrx_word' id='word_1_6' title='bbox 3695 352 3772 418; x_wconf 74' lang='lat'><strong>28</strong></span> 
     </span>
    </p>
   </div>
   <div class='ocr_carea' id='block_1_2' title="bbox 402 470 2054 565">
    <p class='ocr_par' dir='ltr' id='par_1_2' title="bbox 402 470 2054 565">
     <span class='ocr_line' id='line_1_2' title="bbox 402 470 2054 565; baseline 0.002 -30"><span class='ocrx_word' id='word_1_7' title='bbox 402 470 725 565; x_wconf 60' lang='lat' dir='ltr'><strong>theologia</strong></span> <span class='ocrx_word' id='word_1_8' title='bbox 776 492 1088 565; x_wconf 63' lang='lat' dir='ltr'><strong>sermones</strong></span> <span class='ocrx_word' id='word_1_9' title='bbox 1137 474 1516 553; x_wconf 81' lang='lat' dir='ltr'><strong>accedamus,</strong></span> <span class='ocrx_word' id='word_1_10' title='bbox 1553 480 1810 553; x_wconf 88' lang='lat' dir='ltr'><strong>Patrem,</strong></span> <span class='ocrx_word' id='word_1_11' title='bbox 1845 484 1904 540; x_wconf 90' lang='lat' dir='ltr'><strong>et</strong></span> <span class='ocrx_word' id='word_1_12' title='bbox 1956 478 2054 541; x_wconf 81' lang='lat' dir='ltr'><strong>Fi-</strong></span> 
     </span>
    </p>
   </div>
   <div class='ocr_carea' id='block_1_3' title="bbox 2151 470 3791 565">
    <p class='ocr_par' dir='ltr' id='par_1_3' title="bbox 2151 479 3791 565">
     <span class='ocr_line' id='line_1_3' title="bbox 2151 479 3791 565; baseline 0.008 -30"><span class='ocrx_word' id='word_1_13' title='bbox 2151 479 2413 557; x_wconf 77' lang='grc' dir='ltr'>ἱλλαμψιν</span> <span class='ocrx_word' id='word_1_14' title='bbox 2444 482 2628 545; x_wconf 75' lang='grc' dir='ltr'>ίνικῶς</span> <span class='ocrx_word' id='word_1_15' title='bbox 2658 480 3030 559; x_wconf 74' lang='grc' dir='ltr'>διαιρουμένην</span> <span class='ocrx_word' id='word_1_16' title='bbox 3064 485 3209 565; x_wconf 78' lang='grc'>(84),</span> <span class='ocrx_word' id='word_1_17' title='bbox 3241 486 3331 545; x_wconf 74' lang='grc' dir='ltr'>καὶ</span> <span class='ocrx_word' id='word_1_18' title='bbox 3380 490 3791 565; x_wconf 63' lang='grc' dir='ltr'>συναπτομένην</span> 
     </span>
    </p>
   </div>
   <div class='ocr_carea' id='block_1_4' title="bbox 399 561 2054 651">
    <p class='ocr_par' dir='ltr' id='par_1_4' title="bbox 399 561 2043 651">
     <span class='ocr_line' id='line_1_4' title="bbox 399 561 2043 651; baseline 0.003 -28"><span class='ocrx_word' id='word_1_19' title='bbox 399 561 570 651; x_wconf 89' lang='lat' dir='ltr'><strong>lium,</strong></span> <span class='ocrx_word' id='word_1_20' title='bbox 595 572 656 626; x_wconf 91' lang='lat' dir='ltr'><strong>et</strong></span> <span class='ocrx_word' id='word_1_21' title='bbox 681 563 969 645; x_wconf 81' lang='lat' dir='ltr'><strong>Spiritum</strong></span> <span class='ocrx_word' id='word_1_22' title='bbox 992 575 1290 642; x_wconf 88' lang='lat' dir='ltr'><strong>sanctum,</strong></span> <span class='ocrx_word' id='word_1_23' title='bbox 1312 567 1387 629; x_wconf 93' lang='lat' dir='ltr'><strong>de</strong></span> <span class='ocrx_word' id='word_1_24' title='bbox 1410 567 1627 650; x_wconf 93' lang='lat' dir='ltr'><strong>quibus</strong></span> <span class='ocrx_word' id='word_1_25' title='bbox 1648 568 1849 630; x_wconf 82' lang='lat' dir='ltr'><strong>dicere</strong></span> <span class='ocrx_word' id='word_1_26' title='bbox 1874 568 2043 629; x_wconf 90' lang='lat' dir='ltr'><strong>insti-</strong></span> 
     </span>
    </p>
   </div>
   <div class='ocr_carea' id='block_1_5' title="bbox 2151 561 2962 651">
    <p class='ocr_par' dir='ltr' id='par_1_5' title="bbox 2151 569 2962 651">
     <span class='ocr_line' id='line_1_5' title="bbox 2151 569 2962 651; baseline 0.005 -25"><span class='ocrx_word' id='word_1_27' title='bbox 2151 569 2433 646; x_wconf 70' lang='grc' dir='ltr'>Βιαιρετῶς,</span> <span class='ocrx_word' id='word_1_28' title='bbox 2470 572 2497 628; x_wconf 87' lang='grc' dir='ltr'><strong>ὂ</strong></span> <span class='ocrx_word' id='word_1_29' title='bbox 2526 574 2615 629; x_wconf 78' lang='grc' dir='ltr'>καὶ</span> <span class='ocrx_word' id='word_1_30' title='bbox 2646 572 2962 651; x_wconf 70' lang='grc' dir='ltr'>παράδοξον,</span> 
     </span>
    </p>
   </div>
   <div class='ocr_carea' id='block_1_6' title="bbox 405 650 3789 750">
    <p class='ocr_par' dir='ltr' id='par_1_6' title="bbox 405 650 3789 750">
     <span class='ocr_line' id='line_1_6' title="bbox 405 650 3789 750; baseline 0.007 -40"><span class='ocrx_word' id='word_1_31' title='bbox 405 650 647 733; x_wconf 85' lang='lat' dir='ltr'><strong>luimus,</strong></span> <span class='ocrx_word' id='word_1_32' title='bbox 685 654 942 719; x_wconf 91' lang='lat' dir='ltr'><strong>orationi</strong></span> <span class='ocrx_word' id='word_1_33' title='bbox 972 663 1189 750; x_wconf 69' lang='lat' dir='ltr'><strong>nostrae</strong></span> <span class='ocrx_word' id='word_1_34' title='bbox 1220 657 1635 750; x_wconf 56' lang='lat' dir='ltr'><strong>praefidentes,</strong></span> <span class='ocrx_word' id='word_1_35' title='bbox 1680 666 1741 718; x_wconf 88' lang='lat' dir='ltr'><strong>ut</strong></span> <span class='ocrx_word' id='word_1_36' title='bbox 1772 666 1831 719; x_wconf 91' lang='lat' dir='ltr'><strong>et</strong></span> <span class='ocrx_word' id='word_1_37' title='bbox 1860 656 2036 750; x_wconf 72' lang='lat' dir='ltr'><strong>Pater</strong></span> <span class='ocrx_word' id='word_1_38' title='bbox 2082 676 2377 750; x_wconf 82' lang='lat' dir='ltr'><strong>propensa</strong></span> <span class='ocrx_word' id='word_1_39' title='bbox 2435 677 2574 740; x_wconf 84' lang='lat' dir='ltr'><strong>erga</strong></span> <span class='ocrx_word' id='word_1_40' title='bbox 2616 650 2733 723; x_wconf 87' lang='lat' dir='ltr'><strong>nos</strong></span> <span class='ocrx_word' id='word_1_41' title='bbox 2775 663 3073 724; x_wconf 82' lang='lat' dir='ltr'><strong>voluntate</strong></span> <span class='ocrx_word' id='word_1_42' title='bbox 3099 662 3198 739; x_wconf 90' lang='lat' dir='ltr'><strong>sit,</strong></span> <span class='ocrx_word' id='word_1_43' title='bbox 3232 671 3291 727; x_wconf 87' lang='lat' dir='ltr'><strong>et</strong></span> <span class='ocrx_word' id='word_1_44' title='bbox 3316 662 3500 729; x_wconf 80' lang='lat' dir='ltr'><strong>Filius</strong></span> <span class='ocrx_word' id='word_1_45' title='bbox 3527 666 3789 750; x_wconf 84' lang='lat' dir='ltr'><strong>sdjutri-</strong></span> 
     </span>
    </p>
   </div>
   <div class='ocr_carea' id='block_1_7' title="bbox 406 745 3791 839">
    <p class='ocr_par' dir='ltr' id='par_1_7' title="bbox 406 745 3791 839">
     <span class='ocr_line' id='line_1_7' title="bbox 406 745 3791 839; baseline 0.006 -37"><span class='ocrx_word' id='word_1_46' title='bbox 406 758 537 839; x_wconf 77' lang='lat' dir='ltr'><strong>cem</strong></span> <span class='ocrx_word' id='word_1_47' title='bbox 574 760 815 805; x_wconf 87' lang='lat' dir='ltr'><strong>manum</strong></span> <span class='ocrx_word' id='word_1_48' title='bbox 851 745 1136 839; x_wconf 73' lang='lat' dir='ltr'><strong>porrigat,</strong></span> <span class='ocrx_word' id='word_1_49' title='bbox 1171 747 1512 839; x_wconf 75' lang='lat' dir='ltr'><strong>et__$piritus</strong></span> <span class='ocrx_word' id='word_1_50' title='bbox 1542 749 1655 809; x_wconf 91' lang='lat' dir='ltr'><strong>vim</strong></span> <span class='ocrx_word' id='word_1_51' title='bbox 1687 766 1854 839; x_wconf 90' lang='lat' dir='ltr'><strong>suam</strong></span> <span class='ocrx_word' id='word_1_52' title='bbox 1889 746 2079 839; x_wconf 76' lang='lat' dir='ltr'><strong>amet;</strong></span> <span class='ocrx_word' id='word_1_53' title='bbox 2112 748 2229 820; x_wconf 85' lang='lat' dir='ltr'><strong>vel.</strong></span> <span class='ocrx_word' id='word_1_54' title='bbox 2259 755 2326 810; x_wconf 92' lang='lat' dir='ltr'><strong>ut</strong></span> <span class='ocrx_word' id='word_1_55' title='bbox 2356 750 2580 839; x_wconf 74' lang='lat' dir='ltr'><strong>rectius</strong></span> <span class='ocrx_word' id='word_1_56' title='bbox 2619 750 2852 832; x_wconf 88' lang='lat' dir='ltr'><strong>loquar,</strong></span> <span class='ocrx_word' id='word_1_57' title='bbox 2890 770 3044 814; x_wconf 89' lang='lat' dir='ltr'><strong>unus</strong></span> <span class='ocrx_word' id='word_1_58' title='bbox 3072 752 3148 815; x_wconf 80' lang='lat' dir='ltr'><strong>ab</strong></span> <span class='ocrx_word' id='word_1_59' title='bbox 3179 772 3295 816; x_wconf 78' lang='lat' dir='ltr'><strong>una</strong></span> <span class='ocrx_word' id='word_1_60' title='bbox 3335 745 3665 839; x_wconf 81' lang='lat' dir='ltr'><strong>eademque</strong></span> <span class='ocrx_word' id='word_1_61' title='bbox 3693 758 3791 821; x_wconf 83' lang='lat' dir='ltr'><strong>di-</strong></span> 
     </span>
    </p>
   </div>
   <div class='ocr_carea' id='block_1_8' title="bbox 400 830 3780 981">
    <p class='ocr_par' dir='ltr' id='par_1_8' title="bbox 400 830 3780 981">
     <span class='ocr_line' id='line_1_8' title="bbox 400 830 3780 981; baseline 0.006 -90"><span class='ocrx_word' id='word_1_62' title='bbox 400 830 641 981; x_wconf 56' lang='lat' dir='ltr'><strong>vinisate</strong></span> <span class='ocrx_word' id='word_1_63' title='bbox 667 839 836 897; x_wconf 86' lang='lat' dir='ltr'><strong>ortus</strong></span> <span class='ocrx_word' id='word_1_64' title='bbox 862 835 1055 914; x_wconf 83' lang='lat' dir='ltr'><strong>fulgor</strong></span> <span class='ocrx_word' id='word_1_65' title='bbox 1085 855 1193 898; x_wconf 84' lang='lat' dir='ltr'><strong>nos</strong></span> <span class='ocrx_word' id='word_1_66' title='bbox 1221 835 1499 912; x_wconf 89' lang='lat' dir='ltr'><strong>illustret,</strong></span> <span class='ocrx_word' id='word_1_67' title='bbox 1534 837 1904 917; x_wconf 88' lang='lat' dir='ltr'><strong>conjunctim</strong></span> <span class='ocrx_word' id='word_1_68' title='bbox 1938 838 2281 915; x_wconf 88' lang='lat' dir='ltr'><strong>distinctus,</strong></span> <span class='ocrx_word' id='word_1_69' title='bbox 2316 856 2386 901; x_wconf 89' lang='lat' dir='ltr'><strong>ac</strong></span> <span class='ocrx_word' id='word_1_70' title='bbox 2415 830 2741 903; x_wconf 80' lang='lat' dir='ltr'><strong>distinctim</strong></span> <span class='ocrx_word' id='word_1_71' title='bbox 2788 842 3162 924; x_wconf 85' lang='lat' dir='ltr'><strong>conjunctns,</strong></span> <span class='ocrx_word' id='word_1_72' title='bbox 3195 842 3253 905; x_wconf 87' lang='lat' dir='ltr'><strong>id</strong></span> <span class='ocrx_word' id='word_1_73' title='bbox 3282 844 3440 926; x_wconf 84' lang='lat' dir='ltr'><strong>quod</strong></span> <span class='ocrx_word' id='word_1_74' title='bbox 3468 830 3641 910; x_wconf 77' lang='lat' dir='ltr'><strong>valde</strong></span> <span class='ocrx_word' id='word_1_75' title='bbox 3664 848 3780 911; x_wconf 83' lang='lat' dir='ltr'><strong>mi-</strong></span> 
     </span>
     <span class='ocr_line' id='line_1_9' title="bbox 404 931 797 981; baseline 0 0"><span class='ocrx_word' id='word_1_76' title='bbox 404 939 511 981; x_wconf 80' lang='lat' dir='ltr'><strong>ran</strong></span> <span class='ocrx_word' id='word_1_77' title='bbox 560 941 656 981; x_wconf 92' lang='lat' dir='ltr'><strong>um</strong></span> <span class='ocrx_word' id='word_1_78' title='bbox 686 931 797 981; x_wconf 86' lang='lat' dir='ltr'><strong>est.</strong></span> 
     </span>
    </p>
   </div>
   <div class='ocr_carea' id='block_1_9' title="bbox 404 931 797 987">
    <p class='ocr_par' dir='ltr' id='par_1_9' title="bbox 404 931 797 987">
     <span class='ocr_line' id='line_1_10' title="bbox 404 931 797 987; baseline 0.008 -4"><span class='ocrx_word' id='word_1_79' title='bbox 404 931 656 983; x_wconf 87' lang='lat' dir='ltr'><strong>randum</strong></span> <span class='ocrx_word' id='word_1_80' title='bbox 686 931 797 987; x_wconf 91' lang='lat' dir='ltr'><strong>est.</strong></span> 
     </span>
    </p>
   </div>
   <div class='ocr_carea' id='block_1_10' title="bbox 486 1009 2054 1106">
    <p class='ocr_par' dir='ltr' id='par_1_10' title="bbox 486 1009 2047 1094">
     <span class='ocr_line' id='line_1_11' title="bbox 486 1009 2047 1094; baseline 0.003 -21"><span class='ocrx_word' id='word_1_81' title='bbox 486 1009 559 1076; x_wconf 88' lang='lat' dir='ltr'><strong>Il.</strong></span> <span class='ocrx_word' id='word_1_82' title='bbox 581 1012 721 1074; x_wconf 72' lang='lat' dir='ltr'><strong>libi</strong></span> <span class='ocrx_word' id='word_1_83' title='bbox 743 1031 920 1094; x_wconf 89' lang='lat' dir='ltr'><strong>porro</strong></span> <span class='ocrx_word' id='word_1_84' title='bbox 944 1014 1005 1076; x_wconf 91' lang='lat' dir='ltr'><strong>in</strong></span> <span class='ocrx_word' id='word_1_85' title='bbox 1033 1025 1293 1079; x_wconf 83' lang='lat' dir='ltr'><strong>montem</strong></span> <span class='ocrx_word' id='word_1_86' title='bbox 1316 1017 1596 1080; x_wconf 83' lang='lat' dir='ltr'><strong>alacriter</strong></span> <span class='ocrx_word' id='word_1_87' title='bbox 1618 1017 2047 1092; x_wconf 68' lang='lat' dir='ltr'><strong>ascendenti”,</strong></span> 
     </span>
    </p>
   </div>
   <div class='ocr_carea' id='block_1_11' title="bbox 2151 1009 3787 1106">
    <p class='ocr_par' dir='ltr' id='par_1_11' title="bbox 2218 1018 3787 1106">
     <span class='ocr_line' id='line_1_12' title="bbox 2218 1018 3787 1106; baseline 0.005 -31"><span class='ocrx_word' id='word_1_88' title='bbox 2218 1018 2277 1075; x_wconf 89' lang='lat' dir='ltr'><strong>B’</strong></span> <span class='ocrx_word' id='word_1_89' title='bbox 2292 1065 2306 1080; x_wconf 95' lang='lat'><strong>.</strong></span> <span class='ocrx_word' id='word_1_90' title='bbox 2355 1019 2585 1077; x_wconf 85' lang='grc' dir='ltr'>Ἀνιόντι</span> <span class='ocrx_word' id='word_1_91' title='bbox 2616 1018 2672 1077; x_wconf 76' lang='grc' dir='ltr'><strong>δέ</strong></span> <span class='ocrx_word' id='word_1_92' title='bbox 2702 1042 2793 1096; x_wconf 89' lang='grc' dir='ltr'><strong>μοι</strong></span> <span class='ocrx_word' id='word_1_93' title='bbox 2849 1022 3130 1100; x_wconf 77' lang='grc' dir='ltr'><strong>προθύμως</strong></span> <span class='ocrx_word' id='word_1_94' title='bbox 3169 1021 3256 1079; x_wconf 63' lang='grc' dir='ltr'><strong>ἰπὶ</strong></span> <span class='ocrx_word' id='word_1_95' title='bbox 3285 1025 3347 1080; x_wconf 77' lang='grc' dir='ltr'><strong>τὸ</strong></span> <span class='ocrx_word' id='word_1_96' title='bbox 3378 1024 3523 1103; x_wconf 78' lang='grc' dir='ltr'>ὅρος,</span> <span class='ocrx_word' id='word_1_97' title='bbox 3556 1026 3591 1094; x_wconf 69' lang='grc' dir='ltr'>ἢ</span> <span class='ocrx_word' id='word_1_98' title='bbox 3621 1026 3684 1083; x_wconf 90' lang='grc' dir='ltr'><strong>τό</strong></span> <span class='ocrx_word' id='word_1_99' title='bbox 3726 1048 3787 1106; x_wconf 84' lang='grc' dir='ltr'><strong>γε</strong></span> 
     </span>
    </p>
   </div>
   <div class='ocr_carea' id='block_1_12' title="bbox 402 1102 2054 1195">
    <p class='ocr_par' dir='ltr' id='par_1_12' title="bbox 402 1102 2050 1195">
     <span class='ocr_line' id='line_1_13' title="bbox 402 1102 2050 1195; baseline 0.004 -32"><span class='ocrx_word' id='word_1_100' title='bbox 402 1108 523 1177; x_wconf 90' lang='lat' dir='ltr'><strong>aut,</strong></span> <span class='ocrx_word' id='word_1_101' title='bbox 559 1102 848 1195; x_wconf 68' lang='lat' dir='ltr'><strong>utverius</strong></span> <span class='ocrx_word' id='word_1_102' title='bbox 876 1104 1097 1195; x_wconf 80' lang='lat' dir='ltr'><strong>dicam,</strong></span> <span class='ocrx_word' id='word_1_103' title='bbox 1128 1107 1455 1169; x_wconf 83' lang='lat' dir='ltr'><strong>ascendere</strong></span> <span class='ocrx_word' id='word_1_104' title='bbox 1487 1108 1839 1189; x_wconf 86' lang='lat' dir='ltr'><strong>proponenti</strong></span> <span class='ocrx_word' id='word_1_105' title='bbox 1872 1107 2050 1170; x_wconf 89' lang='lat' dir='ltr'><strong>simul</strong></span> 
     </span>
    </p>
   </div>
   <div class='ocr_carea' id='block_1_13' title="bbox 2151 1102 3787 1195">
    <p class='ocr_par' dir='ltr' id='par_1_13' title="bbox 2151 1102 3787 1195">
     <span class='ocr_line' id='line_1_14' title="bbox 2151 1102 3787 1195; baseline 0.006 -31"><span class='ocrx_word' id='word_1_106' title='bbox 2151 1107 2485 1189; x_wconf 69' lang='grc' dir='ltr'>ἱληθέστερον</span> <span class='ocrx_word' id='word_1_107' title='bbox 2540 1112 2735 1185; x_wconf 82' lang='grc' dir='ltr'>είπετν,</span> <span class='ocrx_word' id='word_1_108' title='bbox 2784 1112 3201 1187; x_wconf 74' lang='grc' dir='ltr'><strong>προθυμουμένῳ</strong></span> <span class='ocrx_word' id='word_1_109' title='bbox 3242 1134 3301 1170; x_wconf 89' lang='grc' dir='ltr'><strong>τε</strong></span> <span class='ocrx_word' id='word_1_110' title='bbox 3357 1102 3470 1189; x_wconf 77' lang='grc' dir='ltr'>ἅμα</span> <span class='ocrx_word' id='word_1_111' title='bbox 3516 1116 3605 1172; x_wconf 81' lang='grc' dir='ltr'><strong>καὶ</strong></span> 
     </span>
    </p>
   </div>
   <div class='ocr_carea' id='block_1_14' title="bbox 402 1191 2054 1280">
    <p class='ocr_par' dir='ltr' id='par_1_14' title="bbox 402 1191 2048 1280">
     <span class='ocr_line' id='line_1_15' title="bbox 402 1191 2048 1280; baseline 0.004 -28"><span class='ocrx_word' id='word_1_112' title='bbox 402 1209 471 1253; x_wconf 91' lang='lat' dir='ltr'><strong>ac</strong></span> <span class='ocrx_word' id='word_1_113' title='bbox 501 1191 843 1275; x_wconf 82' lang='lat' dir='ltr'><strong>trepidanti,</strong></span> <span class='ocrx_word' id='word_1_114' title='bbox 873 1193 1017 1256; x_wconf 92' lang='lat' dir='ltr'><strong>illud</strong></span> <span class='ocrx_word' id='word_1_115' title='bbox 1041 1205 1285 1277; x_wconf 88' lang='lat' dir='ltr'><strong>propter</strong></span> <span class='ocrx_word' id='word_1_116' title='bbox 1312 1214 1505 1275; x_wconf 90' lang='lat' dir='ltr'><strong>spem,</strong></span> <span class='ocrx_word' id='word_1_117' title='bbox 1534 1197 1646 1259; x_wconf 90' lang='lat' dir='ltr'><strong>hoc</strong></span> <span class='ocrx_word' id='word_1_118' title='bbox 1669 1206 1912 1280; x_wconf 88' lang='lat' dir='ltr'><strong>propter</strong></span> <span class='ocrx_word' id='word_1_119' title='bbox 1933 1198 2048 1259; x_wconf 90' lang='lat' dir='ltr'><strong>im-</strong></span> 
     </span>
    </p>
   </div>
   <div class='ocr_carea' id='block_1_15' title="bbox 2151 1191 3789 1280">
    <p class='ocr_par' dir='ltr' id='par_1_15' title="bbox 2151 1191 3789 1280">
     <span class='ocr_line' id='line_1_16' title="bbox 2151 1191 3789 1280; baseline 0.006 -27"><span class='ocrx_word' id='word_1_120' title='bbox 2151 1202 2342 1280; x_wconf 74' lang='grc' dir='ltr'>νιῶντι,</span> <span class='ocrx_word' id='word_1_121' title='bbox 2392 1202 2456 1257; x_wconf 78' lang='grc' dir='ltr'><strong>τδ</strong></span> <span class='ocrx_word' id='word_1_122' title='bbox 2512 1201 2611 1276; x_wconf 78' lang='grc' dir='ltr'>μὶν</span> <span class='ocrx_word' id='word_1_123' title='bbox 2672 1198 2757 1257; x_wconf 77' lang='grc' dir='ltr'><strong>διὰ</strong></span> <span class='ocrx_word' id='word_1_124' title='bbox 2813 1202 2914 1268; x_wconf 73' lang='grc' dir='ltr'><strong>τὴν</strong></span> <span class='ocrx_word' id='word_1_125' title='bbox 2944 1199 3155 1275; x_wconf 78' lang='grc' dir='ltr'>ιλπίδα,</span> <span class='ocrx_word' id='word_1_126' title='bbox 3204 1205 3265 1259; x_wconf 80' lang='grc' dir='ltr'><strong>τδ</strong></span> <span class='ocrx_word' id='word_1_127' title='bbox 3295 1203 3350 1260; x_wconf 73' lang='grc' dir='ltr'><strong>δὲ</strong></span> <span class='ocrx_word' id='word_1_128' title='bbox 3379 1202 3465 1261; x_wconf 77' lang='grc' dir='ltr'><strong>διὰ</strong></span> <span class='ocrx_word' id='word_1_129' title='bbox 3507 1191 3789 1273; x_wconf 46' lang='lat' dir='ltr'><strong>maior-</strong></span> 
     </span>
    </p>
   </div>
   <div class='ocr_carea' id='block_1_16' title="bbox 406 1280 2054 1371">
    <p class='ocr_par' dir='ltr' id='par_1_16' title="bbox 406 1280 2051 1365">
     <span class='ocr_line' id='line_1_17' title="bbox 406 1280 2051 1365; baseline 0.005 -23"><span class='ocrx_word' id='word_1_130' title='bbox 406 1280 817 1363; x_wconf 88' lang='lat' dir='ltr'><strong>becillitatem,</strong></span> <span class='ocrx_word' id='word_1_131' title='bbox 838 1292 897 1344; x_wconf 92' lang='lat' dir='ltr'><strong>ut</strong></span> <span class='ocrx_word' id='word_1_132' title='bbox 918 1283 1135 1346; x_wconf 87' lang='lat' dir='ltr'><strong>nubem</strong></span> <span class='ocrx_word' id='word_1_133' title='bbox 1162 1295 1571 1365; x_wconf 88' lang='lat' dir='ltr'><strong>penetrem,ac</strong></span> <span class='ocrx_word' id='word_1_134' title='bbox 1593 1306 1725 1349; x_wconf 90' lang='lat' dir='ltr'><strong>cum</strong></span> <span class='ocrx_word' id='word_1_135' title='bbox 1746 1287 1868 1350; x_wconf 90' lang='lat' dir='ltr'><strong>Deo</strong></span> <span class='ocrx_word' id='word_1_136' title='bbox 1889 1306 2051 1350; x_wconf 85' lang='lat' dir='ltr'><strong>com-</strong></span> 
     </span>
    </p>
   </div>
   <div class='ocr_carea' id='block_1_17' title="bbox 2151 1280 3792 1371">
    <p class='ocr_par' dir='ltr' id='par_1_17' title="bbox 2151 1286 3792 1371">
     <span class='ocr_line' id='line_1_18' title="bbox 2151 1286 3792 1371; baseline 0.006 -30"><span class='ocrx_word' id='word_1_137' title='bbox 2151 1309 2276 1343; x_wconf 76' lang='grc' dir='ltr'>ιειαν</span> <span class='ocrx_word' id='word_1_138' title='bbox 2334 1286 2473 1365; x_wconf 85' lang='grc'>(85),</span> <span class='ocrx_word' id='word_1_139' title='bbox 2536 1289 2625 1345; x_wconf 82' lang='grc' dir='ltr'>’ίνα</span> <span class='ocrx_word' id='word_1_140' title='bbox 2659 1290 2754 1357; x_wconf 76' lang='grc' dir='ltr'><strong>τῆς</strong></span> <span class='ocrx_word' id='word_1_141' title='bbox 2800 1289 3026 1370; x_wconf 75' lang='grc' dir='ltr'><strong>νεφέλης</strong></span> <span class='ocrx_word' id='word_1_142' title='bbox 3072 1290 3209 1347; x_wconf 79' lang='grc' dir='ltr'>εἴσω</span> <span class='ocrx_word' id='word_1_143' title='bbox 3249 1292 3489 1371; x_wconf 81' lang='grc' dir='ltr'>γένωμαι</span> <span class='ocrx_word' id='word_1_144' title='bbox 3521 1294 3670 1371; x_wconf 81' lang='lat'><strong>(86),</strong></span> <span class='ocrx_word' id='word_1_145' title='bbox 3702 1294 3792 1351; x_wconf 79' lang='grc' dir='ltr'>καὶ</span> 
     </span>
    </p>
   </div>
   <div class='ocr_carea' id='block_1_18' title="bbox 404 1376 2054 1464">
    <p class='ocr_par' dir='ltr' id='par_1_18' title="bbox 404 1376 2051 1464">
     <span class='ocr_line' id='line_1_19' title="bbox 404 1376 2051 1464; baseline 0.005 -28"><span class='ocrx_word' id='word_1_146' title='bbox 404 1376 695 1439; x_wconf 87' lang='lat' dir='ltr'><strong>mercium</strong></span> <span class='ocrx_word' id='word_1_147' title='bbox 744 1377 995 1441; x_wconf 86' lang='lat' dir='ltr'><strong>habeam</strong></span> <span class='ocrx_word' id='word_1_148' title='bbox 1029 1378 1210 1455; x_wconf 83' lang='lat' dir='ltr'><strong>(Deus</strong></span> <span class='ocrx_word' id='word_1_149' title='bbox 1238 1380 1396 1442; x_wconf 91' lang='lat' dir='ltr'><strong>enim</strong></span> <span class='ocrx_word' id='word_1_150' title='bbox 1442 1380 1522 1443; x_wconf 91' lang='lat' dir='ltr'><strong>ita</strong></span> <span class='ocrx_word' id='word_1_151' title='bbox 1546 1380 1736 1463; x_wconf 87' lang='lat' dir='ltr'><strong>jubet)</strong></span> <span class='ocrx_word' id='word_1_152' title='bbox 1772 1404 1786 1444; x_wconf 89' lang='lat'><strong>:</strong></span> <span class='ocrx_word' id='word_1_153' title='bbox 1821 1383 1872 1445; x_wconf 90' lang='lat' dir='ltr'><strong>si</strong></span> <span class='ocrx_word' id='word_1_154' title='bbox 1914 1384 2051 1464; x_wconf 86' lang='lat' dir='ltr'><strong>quis</strong></span> 
     </span>
    </p>
   </div>
   <div class='ocr_carea' id='block_1_19' title="bbox 2151 1376 3791 1464">
    <p class='ocr_par' dir='ltr' id='par_1_19' title="bbox 2151 1378 3791 1459">
     <span class='ocr_line' id='line_1_20' title="bbox 2151 1378 3791 1459; baseline 0.004 -26"><span class='ocrx_word' id='word_1_155' title='bbox 2151 1382 2250 1450; x_wconf 67' lang='grc' dir='ltr'><strong>5εῷ</strong></span> <span class='ocrx_word' id='word_1_156' title='bbox 2279 1378 2616 1457; x_wconf 70' lang='grc' dir='ltr'><strong>συγγένωμαι</strong></span> <span class='ocrx_word' id='word_1_157' title='bbox 2642 1381 2824 1455; x_wconf 81' lang='grc' dir='ltr'>(τοῦτο</span> <span class='ocrx_word' id='word_1_158' title='bbox 2867 1380 2969 1458; x_wconf 76' lang='grc' dir='ltr'>γὰρ</span> <span class='ocrx_word' id='word_1_159' title='bbox 3008 1378 3212 1438; x_wconf 81' lang='grc' dir='ltr'>κελεύει</span> <span class='ocrx_word' id='word_1_160' title='bbox 3265 1384 3426 1459; x_wconf 85' lang='grc' dir='ltr'>Θεός)</span> <span class='ocrx_word' id='word_1_161' title='bbox 3456 1399 3471 1414; x_wconf 82' lang='grc'><strong><em>⁸</em></strong></span> <span class='ocrx_word' id='word_1_162' title='bbox 3508 1385 3552 1439; x_wconf 83' lang='grc' dir='ltr'><strong>εί</strong></span> <span class='ocrx_word' id='word_1_163' title='bbox 3581 1385 3679 1459; x_wconf 81' lang='grc' dir='ltr'><strong>μέν</strong></span> <span class='ocrx_word' id='word_1_164' title='bbox 3708 1404 3791 1447; x_wconf 90' lang='grc' dir='ltr'><strong>τις</strong></span> 
     </span>
    </p>
   </div>
   <div class='ocr_carea' id='block_1_20' title="bbox 400 1462 2054 1553">
    <p class='ocr_par' dir='ltr' id='par_1_20' title="bbox 400 1462 2047 1553">
     <span class='ocr_line' id='line_1_21' title="bbox 400 1462 2047 1553; baseline 0.004 -25"><span class='ocrx_word' id='word_1_165' title='bbox 400 1465 599 1529; x_wconf 83' lang='lat' dir='ltr'><strong>Aaron</strong></span> <span class='ocrx_word' id='word_1_166' title='bbox 626 1474 741 1543; x_wconf 90' lang='lat' dir='ltr'><strong>est,</strong></span> <span class='ocrx_word' id='word_1_167' title='bbox 768 1469 1046 1531; x_wconf 91' lang='lat' dir='ltr'><strong>comitem</strong></span> <span class='ocrx_word' id='word_1_168' title='bbox 1076 1488 1141 1531; x_wconf 91' lang='lat' dir='ltr'><strong>se</strong></span> <span class='ocrx_word' id='word_1_169' title='bbox 1171 1488 1459 1533; x_wconf 86' lang='lat' dir='ltr'><strong>ascensus</strong></span> <span class='ocrx_word' id='word_1_170' title='bbox 1481 1462 1766 1551; x_wconf 64' lang='lat' dir='ltr'><strong>praebent,</strong></span> <span class='ocrx_word' id='word_1_171' title='bbox 1790 1462 1966 1553; x_wconf 83' lang='lat' dir='ltr'><strong>atque</strong></span> <span class='ocrx_word' id='word_1_172' title='bbox 1988 1475 2047 1535; x_wconf 91' lang='lat' dir='ltr'><strong>in</strong></span> 
     </span>
    </p>
   </div>
   <div class='ocr_carea' id='block_1_21' title="bbox 2151 1462 3791 1553">
    <p class='ocr_par' dir='ltr' id='par_1_21' title="bbox 2153 1468 3791 1548">
     <span class='ocr_line' id='line_1_22' title="bbox 2153 1468 3791 1548; baseline 0.004 -25"><span class='ocrx_word' id='word_1_173' title='bbox 2153 1468 2361 1546; x_wconf 73' lang='grc' dir='ltr'>Ααρὼν,</span> <span class='ocrx_word' id='word_1_174' title='bbox 2428 1470 2707 1543; x_wconf 86' lang='grc' dir='ltr'>συνανίτω,</span> <span class='ocrx_word' id='word_1_175' title='bbox 2757 1470 2847 1524; x_wconf 85' lang='grc' dir='ltr'><strong>καὶ</strong></span> <span class='ocrx_word' id='word_1_176' title='bbox 2903 1470 3149 1536; x_wconf 87' lang='grc' dir='ltr'>στηκὲτω</span> <span class='ocrx_word' id='word_1_177' title='bbox 3226 1472 3476 1548; x_wconf 74' lang='grc' dir='ltr'>πλησίον,</span> <span class='ocrx_word' id='word_1_178' title='bbox 3540 1473 3640 1530; x_wconf 79' lang='grc' dir='ltr'>κᾶν</span> <span class='ocrx_word' id='word_1_179' title='bbox 3690 1472 3791 1539; x_wconf 80' lang='grc' dir='ltr'><strong>ιξω</strong></span> 
     </span>
    </p>
   </div>
   <div class='ocr_carea' id='block_1_22' title="bbox 403 1555 2054 1639">
    <p class='ocr_par' dir='ltr' id='par_1_22' title="bbox 403 1557 2047 1639">
     <span class='ocr_line' id='line_1_23' title="bbox 403 1557 2047 1639; baseline 0.005 -22"><span class='ocrx_word' id='word_1_180' title='bbox 403 1557 736 1639; x_wconf 89' lang='lat' dir='ltr'><strong>propinquo</strong></span> <span class='ocrx_word' id='word_1_181' title='bbox 760 1566 901 1631; x_wconf 91' lang='lat' dir='ltr'><strong>stet,</strong></span> <span class='ocrx_word' id='word_1_182' title='bbox 922 1560 1098 1621; x_wconf 88' lang='lat' dir='ltr'><strong>etiam</strong></span> <span class='ocrx_word' id='word_1_183' title='bbox 1129 1560 1180 1621; x_wconf 90' lang='lat' dir='ltr'><strong>si</strong></span> <span class='ocrx_word' id='word_1_184' title='bbox 1211 1569 1373 1621; x_wconf 79' lang='lat' dir='ltr'><strong>extra</strong></span> <span class='ocrx_word' id='word_1_185' title='bbox 1404 1560 1622 1622; x_wconf 90' lang='lat' dir='ltr'><strong>nubem</strong></span> <span class='ocrx_word' id='word_1_186' title='bbox 1647 1561 1761 1623; x_wconf 90' lang='lat' dir='ltr'><strong>sibi</strong></span> <span class='ocrx_word' id='word_1_187' title='bbox 1794 1582 2047 1625; x_wconf 90' lang='lat' dir='ltr'><strong>manen-</strong></span> 
     </span>
    </p>
   </div>
   <div class='ocr_carea' id='block_1_23' title="bbox 2151 1555 3789 1639">
    <p class='ocr_par' dir='ltr' id='par_1_23' title="bbox 2151 1555 3789 1639">
     <span class='ocr_line' id='line_1_24' title="bbox 2151 1555 3789 1639; baseline 0.004 -28"><span class='ocrx_word' id='word_1_188' title='bbox 2151 1555 2307 1612; x_wconf 80' lang='grc' dir='ltr'>ιένειν</span> <span class='ocrx_word' id='word_1_189' title='bbox 2350 1561 2447 1626; x_wconf 77' lang='grc' dir='ltr'>τῆς</span> <span class='ocrx_word' id='word_1_190' title='bbox 2506 1556 2731 1637; x_wconf 76' lang='grc' dir='ltr'><strong>νεφέλης</strong></span> <span class='ocrx_word' id='word_1_191' title='bbox 2793 1556 2912 1638; x_wconf 75' lang='grc' dir='ltr'><strong>δὲῃ,</strong></span> <span class='ocrx_word' id='word_1_192' title='bbox 2943 1570 3098 1617; x_wconf 81' lang='grc' dir='ltr'>τοῦτο</span> <span class='ocrx_word' id='word_1_193' title='bbox 3127 1558 3446 1639; x_wconf 83' lang='grc' dir='ltr'>δεχόμενος,</span> <span class='ocrx_word' id='word_1_194' title='bbox 3496 1564 3552 1620; x_wconf 74' lang='lat' dir='ltr'><strong>Ei</strong></span> <span class='ocrx_word' id='word_1_195' title='bbox 3595 1560 3651 1618; x_wconf 77' lang='grc' dir='ltr'><strong>δέ</strong></span> <span class='ocrx_word' id='word_1_196' title='bbox 3707 1583 3789 1626; x_wconf 88' lang='grc' dir='ltr'><strong>τις</strong></span> 
     </span>
    </p>
   </div>
   <div class='ocr_carea' id='block_1_24' title="bbox 402 1643 2054 1729">
    <p class='ocr_par' dir='ltr' id='par_1_24' title="bbox 402 1646 2046 1729">
     <span class='ocr_line' id='line_1_25' title="bbox 402 1646 2046 1729; baseline 0.005 -22"><span class='ocrx_word' id='word_1_197' title='bbox 402 1646 543 1708; x_wconf 90' lang='lat' dir='ltr'><strong>dum</strong></span> <span class='ocrx_word' id='word_1_198' title='bbox 577 1647 675 1722; x_wconf 91' lang='lat' dir='ltr'><strong>sit,</strong></span> <span class='ocrx_word' id='word_1_199' title='bbox 701 1648 853 1728; x_wconf 65' lang='lat' dir='ltr'><strong>aequi</strong></span> <span class='ocrx_word' id='word_1_200' title='bbox 879 1647 1139 1729; x_wconf 85' lang='lat' dir='ltr'><strong>bonique</strong></span> <span class='ocrx_word' id='word_1_201' title='bbox 1162 1649 1507 1714; x_wconf 88' lang='lat' dir='ltr'><strong>consulens.</strong></span> <span class='ocrx_word' id='word_1_202' title='bbox 1530 1648 1592 1713; x_wconf 92' lang='lat' dir='ltr'><strong>Si</strong></span> <span class='ocrx_word' id='word_1_203' title='bbox 1612 1660 1807 1715; x_wconf 81' lang='lat' dir='ltr'><strong>autem</strong></span> <span class='ocrx_word' id='word_1_204' title='bbox 1843 1654 2046 1716; x_wconf 85' lang='lat' dir='ltr'><strong>Nadab</strong></span> 
     </span>
    </p>
   </div>
   <div class='ocr_carea' id='block_1_25' title="bbox 2151 1643 3791 1729">
    <p class='ocr_par' dir='ltr' id='par_1_25' title="bbox 2151 1643 3791 1727">
     <span class='ocr_line' id='line_1_26' title="bbox 2151 1643 3791 1727; baseline 0.005 -28"><span class='ocrx_word' id='word_1_205' title='bbox 2151 1643 2335 1726; x_wconf 59' lang='grc' dir='ltr'>ααδὰϐ,</span> <span class='ocrx_word' id='word_1_206' title='bbox 2368 1647 2402 1713; x_wconf 72' lang='grc' dir='ltr'>ἢ</span> <span class='ocrx_word' id='word_1_207' title='bbox 2436 1644 2669 1719; x_wconf 73' lang='grc' dir='ltr'>Ἀϐιοὺδ,</span> <span class='ocrx_word' id='word_1_208' title='bbox 2704 1647 2739 1715; x_wconf 78' lang='grc' dir='ltr'><strong>ἢ</strong></span> <span class='ocrx_word' id='word_1_209' title='bbox 2799 1646 2896 1713; x_wconf 80' lang='grc' dir='ltr'>τῆς</span> <span class='ocrx_word' id='word_1_210' title='bbox 2951 1649 3249 1724; x_wconf 72' lang='grc' dir='ltr'><strong>γερουσίας,</strong></span> <span class='ocrx_word' id='word_1_211' title='bbox 3306 1650 3465 1706; x_wconf 82' lang='grc' dir='ltr'>ἁνίτω</span> <span class='ocrx_word' id='word_1_212' title='bbox 3496 1650 3617 1727; x_wconf 82' lang='grc' dir='ltr'>μὶν,</span> <span class='ocrx_word' id='word_1_213' title='bbox 3653 1649 3791 1710; x_wconf 72' lang='grc' dir='ltr'>ἀλλὰ</span> 
     </span>
    </p>
   </div>
   <div class='ocr_carea' id='block_1_26' title="bbox 403 1735 2054 1818">
    <p class='ocr_par' dir='ltr' id='par_1_26' title="bbox 403 1735 2044 1818">
     <span class='ocr_line' id='line_1_27' title="bbox 403 1735 2044 1818; baseline 0.005 -22"><span class='ocrx_word' id='word_1_214' title='bbox 403 1735 723 1817; x_wconf 90' lang='lat' dir='ltr'><strong>quispiam,</strong></span> <span class='ocrx_word' id='word_1_215' title='bbox 759 1744 859 1798; x_wconf 90' lang='lat' dir='ltr'><strong>aut</strong></span> <span class='ocrx_word' id='word_1_216' title='bbox 905 1738 1128 1815; x_wconf 87' lang='lat' dir='ltr'><strong>Abiud,</strong></span> <span class='ocrx_word' id='word_1_217' title='bbox 1162 1747 1267 1800; x_wconf 87' lang='lat' dir='ltr'><strong>aut</strong></span> <span class='ocrx_word' id='word_1_218' title='bbox 1321 1758 1391 1801; x_wconf 82' lang='lat' dir='ltr'><strong>ex</strong></span> <span class='ocrx_word' id='word_1_219' title='bbox 1449 1742 1751 1802; x_wconf 89' lang='lat' dir='ltr'><strong>seniorum</strong></span> <span class='ocrx_word' id='word_1_220' title='bbox 1809 1743 2044 1818; x_wconf 89' lang='lat' dir='ltr'><strong>ordine,</strong></span> 
     </span>
    </p>
   </div>
   <div class='ocr_carea' id='block_1_27' title="bbox 2151 1735 3788 1818">
    <p class='ocr_par' dir='ltr' id='par_1_27' title="bbox 2151 1736 3788 1818">
     <span class='ocr_line' id='line_1_28' title="bbox 2151 1736 3788 1818; baseline 0.007 -30"><span class='ocrx_word' id='word_1_221' title='bbox 2151 1736 2378 1802; x_wconf 74' lang='grc' dir='ltr'>ιτηκέτω</span> <span class='ocrx_word' id='word_1_222' title='bbox 2431 1736 2719 1815; x_wconf 76' lang='grc' dir='ltr'>πόῤῥωθεν,</span> <span class='ocrx_word' id='word_1_223' title='bbox 2777 1737 2912 1792; x_wconf 85' lang='grc' dir='ltr'>κατὰ</span> <span class='ocrx_word' id='word_1_224' title='bbox 2970 1739 3068 1804; x_wconf 72' lang='grc' dir='ltr'>τήν</span> <span class='ocrx_word' id='word_1_225' title='bbox 3119 1736 3265 1803; x_wconf 77' lang='grc' dir='ltr'>ἀξίαν</span> <span class='ocrx_word' id='word_1_226' title='bbox 3314 1745 3411 1806; x_wconf 76' lang='grc' dir='ltr'>τῆς</span> <span class='ocrx_word' id='word_1_227' title='bbox 3457 1742 3788 1818; x_wconf 75' lang='grc' dir='ltr'>καθάρσεως.</span> 
     </span>
    </p>
   </div>
   <div class='ocr_carea' id='block_1_28' title="bbox 402 1824 2054 1914">
    <p class='ocr_par' dir='ltr' id='par_1_28' title="bbox 402 1824 2044 1914">
     <span class='ocr_line' id='line_1_29' title="bbox 402 1824 2044 1914; baseline 0.006 -29"><span class='ocrx_word' id='word_1_228' title='bbox 402 1824 682 1887; x_wconf 89' lang='lat' dir='ltr'><strong>ascendat</strong></span> <span class='ocrx_word' id='word_1_229' title='bbox 712 1826 813 1889; x_wconf 89' lang='lat' dir='ltr'><strong>ille</strong></span> <span class='ocrx_word' id='word_1_230' title='bbox 842 1826 1108 1909; x_wconf 91' lang='lat' dir='ltr'><strong>quidem,</strong></span> <span class='ocrx_word' id='word_1_231' title='bbox 1141 1845 1343 1890; x_wconf 84' lang='lat' dir='ltr'><strong>verum</strong></span> <span class='ocrx_word' id='word_1_232' title='bbox 1379 1829 1582 1909; x_wconf 90' lang='lat' dir='ltr'><strong>procul</strong></span> <span class='ocrx_word' id='word_1_233' title='bbox 1614 1830 1867 1913; x_wconf 85' lang='lat' dir='ltr'><strong>insistat,</strong></span> <span class='ocrx_word' id='word_1_234' title='bbox 1902 1851 2044 1914; x_wconf 89' lang='lat' dir='ltr'><strong>pro-</strong></span> 
     </span>
    </p>
   </div>
   <div class='ocr_carea' id='block_1_29' title="bbox 2151 1824 3794 1914">
    <p class='ocr_par' dir='ltr' id='par_1_29' title="bbox 2151 1824 3794 1903">
     <span class='ocr_line' id='line_1_30' title="bbox 2151 1824 3794 1903; baseline 0.002 -22"><span class='ocrx_word' id='word_1_235' title='bbox 2151 1826 2188 1881; x_wconf 70' lang='grc' dir='ltr'>εί</span> <span class='ocrx_word' id='word_1_236' title='bbox 2219 1824 2274 1880; x_wconf 73' lang='grc' dir='ltr'><strong>δέ</strong></span> <span class='ocrx_word' id='word_1_237' title='bbox 2302 1848 2383 1890; x_wconf 91' lang='grc' dir='ltr'><strong>τις</strong></span> <span class='ocrx_word' id='word_1_238' title='bbox 2413 1827 2520 1882; x_wconf 80' lang='grc' dir='ltr'><strong>τῶν</strong></span> <span class='ocrx_word' id='word_1_239' title='bbox 2552 1825 2771 1883; x_wconf 81' lang='grc' dir='ltr'>πολλῶν</span> <span class='ocrx_word' id='word_1_240' title='bbox 2828 1826 2917 1881; x_wconf 84' lang='grc' dir='ltr'>καὶ</span> <span class='ocrx_word' id='word_1_241' title='bbox 2958 1826 3179 1891; x_wconf 76' lang='grc' dir='ltr'>ἀναξίων</span> <span class='ocrx_word' id='word_1_242' title='bbox 3239 1829 3405 1903; x_wconf 75' lang='grc' dir='ltr'>ὕψους</span> <span class='ocrx_word' id='word_1_243' title='bbox 3433 1831 3676 1886; x_wconf 75' lang='grc' dir='ltr'><strong>τοιούτω</strong></span> <span class='ocrx_word' id='word_1_244' title='bbox 3705 1829 3794 1887; x_wconf 70' lang='grc' dir='ltr'>καὶ</span> 
     </span>
    </p>
   </div>
   <div class='ocr_carea' id='block_1_30' title="bbox 402 1914 2054 2004">
    <p class='ocr_par' dir='ltr' id='par_1_30' title="bbox 402 1914 2044 2004">
     <span class='ocr_line' id='line_1_31' title="bbox 402 1914 2044 2004; baseline 0.006 -29"><span class='ocrx_word' id='word_1_245' title='bbox 402 1914 766 2004; x_wconf 82' lang='lat' dir='ltr'><strong>purgationis</strong></span> <span class='ocrx_word' id='word_1_246' title='bbox 798 1935 919 1978; x_wconf 68' lang='lat' dir='ltr'><strong>suae</strong></span> <span class='ocrx_word' id='word_1_247' title='bbox 948 1919 1152 1979; x_wconf 89' lang='lat' dir='ltr'><strong>merito</strong></span> <span class='ocrx_word' id='word_1_248' title='bbox 1184 1937 1252 1980; x_wconf 91' lang='lat' dir='ltr'><strong>ac</strong></span> <span class='ocrx_word' id='word_1_249' title='bbox 1275 1916 1587 1999; x_wconf 78' lang='lat' dir='ltr'><strong>dignitate.</strong></span> <span class='ocrx_word' id='word_1_250' title='bbox 1614 1919 1673 1982; x_wconf 90' lang='lat' dir='ltr'><strong>Si</strong></span> <span class='ocrx_word' id='word_1_251' title='bbox 1705 1939 1843 1983; x_wconf 88' lang='lat' dir='ltr'><strong>vero</strong></span> <span class='ocrx_word' id='word_1_252' title='bbox 1873 1923 2044 2004; x_wconf 90' lang='lat' dir='ltr'><strong>quis-</strong></span> 
     </span>
    </p>
   </div>
   <div class='ocr_carea' id='block_1_31' title="bbox 2151 1914 3794 2004">
    <p class='ocr_par' dir='ltr' id='par_1_31' title="bbox 2151 1914 3794 2004">
     <span class='ocr_line' id='line_1_32' title="bbox 2151 1914 3794 2004; baseline 0.007 -39"><span class='ocrx_word' id='word_1_253' title='bbox 2151 1915 2372 1994; x_wconf 70' lang='grc' dir='ltr'>&gt;εωρίας,</span> <span class='ocrx_word' id='word_1_254' title='bbox 2431 1916 2475 1970; x_wconf 90' lang='grc' dir='ltr'><strong>εί</strong></span> <span class='ocrx_word' id='word_1_255' title='bbox 2523 1915 2622 1990; x_wconf 78' lang='grc' dir='ltr'><strong>μὶν</strong></span> <span class='ocrx_word' id='word_1_256' title='bbox 2683 1914 2913 2004; x_wconf 54' lang='grc' dir='ltr'>ἄναγνοςᾷ</span> <span class='ocrx_word' id='word_1_257' title='bbox 2965 1932 3164 1988; x_wconf 82' lang='grc' dir='ltr'>παντη,</span> <span class='ocrx_word' id='word_1_258' title='bbox 3228 1915 3363 1991; x_wconf 83' lang='grc' dir='ltr'>μηδε</span> <span class='ocrx_word' id='word_1_259' title='bbox 3419 1921 3674 1999; x_wconf 90' lang='grc' dir='ltr'>προσίτω,</span> <span class='ocrx_word' id='word_1_260' title='bbox 3732 1919 3794 1975; x_wconf 79' lang='grc' dir='ltr'>οὗ</span> 
     </span>
    </p>
   </div>
   <div class='ocr_carea' id='block_1_32' title="bbox 400 2002 2054 2093">
    <p class='ocr_par' dir='ltr' id='par_1_32' title="bbox 400 2002 2023 2093">
     <span class='ocr_line' id='line_1_33' title="bbox 400 2002 2023 2093; baseline 0.006 -28"><span class='ocrx_word' id='word_1_261' title='bbox 400 2003 556 2085; x_wconf 89' lang='lat' dir='ltr'><strong>piam</strong></span> <span class='ocrx_word' id='word_1_262' title='bbox 581 2023 614 2066; x_wconf 93' lang='lat' dir='ltr'><strong>e</strong></span> <span class='ocrx_word' id='word_1_263' title='bbox 638 2005 831 2085; x_wconf 90' lang='lat' dir='ltr'><strong>vulgo,</strong></span> <span class='ocrx_word' id='word_1_264' title='bbox 861 2015 1037 2088; x_wconf 83' lang='lat' dir='ltr'><strong>atque</strong></span> <span class='ocrx_word' id='word_1_265' title='bbox 1070 2008 1410 2087; x_wconf 86' lang='lat' dir='ltr'><strong>hujusmodi</strong></span> <span class='ocrx_word' id='word_1_266' title='bbox 1433 2008 1797 2082; x_wconf 64' lang='lat' dir='ltr'><strong>sublimitate</strong></span> <span class='ocrx_word' id='word_1_267' title='bbox 1825 2002 2023 2093; x_wconf 27' lang='lat' dir='ltr'><strong>acispe</strong></span> 
     </span>
    </p>
   </div>
   <div class='ocr_carea' id='block_1_33' title="bbox 2151 2002 3798 2093">
    <p class='ocr_par' dir='ltr' id='par_1_33' title="bbox 2151 2002 3798 2086">
     <span class='ocr_line' id='line_1_34' title="bbox 2151 2002 3798 2086; baseline 0.003 -27"><span class='ocrx_word' id='word_1_268' title='bbox 2151 2006 2229 2083; x_wconf 60' lang='grc' dir='ltr'><strong>γὰρ</strong></span> <span class='ocrx_word' id='word_1_269' title='bbox 2290 2004 2413 2082; x_wconf 84' lang='grc'><strong>(87)</strong></span> <span class='ocrx_word' id='word_1_270' title='bbox 2465 2002 2701 2085; x_wconf 79' lang='grc' dir='ltr'>ἀσφαλές</span> <span class='ocrx_word' id='word_1_271' title='bbox 2743 2020 2756 2034; x_wconf 85' lang='grc'><strong><em>⁸</em></strong></span> <span class='ocrx_word' id='word_1_272' title='bbox 2807 2006 2851 2060; x_wconf 83' lang='grc' dir='ltr'><strong>εί</strong></span> <span class='ocrx_word' id='word_1_273' title='bbox 2896 2002 2950 2060; x_wconf 77' lang='grc' dir='ltr'><strong>δὲ</strong></span> <span class='ocrx_word' id='word_1_274' title='bbox 2996 2005 3291 2084; x_wconf 88' lang='grc' dir='ltr'>πρόσκαιρα</span> <span class='ocrx_word' id='word_1_275' title='bbox 3336 2016 3463 2085; x_wconf 74' lang='grc' dir='ltr'>γοῦν</span> <span class='ocrx_word' id='word_1_276' title='bbox 3646 2010 3798 2086; x_wconf 73' lang='grc' dir='ltr'>ἡγνι-</span> 
     </span>
    </p>
   </div>
   <div class='ocr_carea' id='block_1_34' title="bbox 396 2077 2054 2182">
    <p class='ocr_par' dir='ltr' id='par_1_34' title="bbox 396 2077 2049 2182">
     <span class='ocr_line' id='line_1_35' title="bbox 396 2077 2049 2182; baseline 0.007 -27"><span class='ocrx_word' id='word_1_277' title='bbox 396 2077 699 2158; x_wconf 76' lang='lat' dir='ltr'><strong>culatione</strong></span> <span class='ocrx_word' id='word_1_278' title='bbox 722 2077 1025 2174; x_wconf 69' lang='lat' dir='ltr'><strong>indignus,</strong></span> <span class='ocrx_word' id='word_1_279' title='bbox 1060 2098 1111 2159; x_wconf 91' lang='lat' dir='ltr'><strong>si</strong></span> <span class='ocrx_word' id='word_1_280' title='bbox 1144 2077 1383 2178; x_wconf 75' lang='lat' dir='ltr'><strong>quidem</strong></span> <span class='ocrx_word' id='word_1_281' title='bbox 1419 2098 1624 2160; x_wconf 91' lang='lat' dir='ltr'><strong>omnin</strong></span> <span class='ocrx_word' id='word_1_282' title='bbox 1657 2077 2049 2182; x_wconf 50' lang='lat' dir='ltr'><strong>impurus&#39;ac</strong></span> 
     </span>
    </p>
   </div>
   <div class='ocr_carea' id='block_1_35' title="bbox 2151 2077 3795 2182">
    <p class='ocr_par' dir='ltr' id='par_1_35' title="bbox 2151 2077 3795 2178">
     <span class='ocr_line' id='line_1_36' title="bbox 2151 2077 3795 2178; baseline 0.007 -32"><span class='ocrx_word' id='word_1_283' title='bbox 2151 2077 2348 2170; x_wconf 40' lang='grc' dir='ltr'>ιμ’ἑνος,</span> <span class='ocrx_word' id='word_1_284' title='bbox 2383 2077 2560 2151; x_wconf 42' lang='grc' dir='ltr'>κάτω-</span> <span class='ocrx_word' id='word_1_285' title='bbox 2582 2093 2816 2169; x_wconf 78' lang='grc' dir='ltr'>μενέτω,</span> <span class='ocrx_word' id='word_1_286' title='bbox 2867 2095 2956 2150; x_wconf 86' lang='grc' dir='ltr'><strong>καὶ</strong></span> <span class='ocrx_word' id='word_1_287' title='bbox 3006 2077 3179 2170; x_wconf 74' lang='grc' dir='ltr'>μόνης</span> <span class='ocrx_word' id='word_1_288' title='bbox 3214 2077 3451 2156; x_wconf 54' lang='grc' dir='ltr'>ἀκουέτω</span> <span class='ocrx_word' id='word_1_289' title='bbox 3481 2077 3795 2178; x_wconf 59' lang='grc' dir='ltr'>τῆςφωνῆς</span> 
     </span>
    </p>
   </div>
   <div class='ocr_carea' id='block_1_36' title="bbox 399 2181 2054 2270">
    <p class='ocr_par' dir='ltr' id='par_1_36' title="bbox 399 2181 2048 2270">
     <span class='ocr_line' id='line_1_37' title="bbox 399 2181 2048 2270; baseline 0.006 -24"><span class='ocrx_word' id='word_1_290' title='bbox 399 2185 677 2264; x_wconf 85' lang='lat' dir='ltr'><strong>profanus</strong></span> <span class='ocrx_word' id='word_1_291' title='bbox 708 2186 811 2261; x_wconf 89' lang='lat' dir='ltr'><strong>sit,</strong></span> <span class='ocrx_word' id='word_1_292' title='bbox 845 2187 1009 2248; x_wconf 90' lang='lat' dir='ltr'><strong>nullo</strong></span> <span class='ocrx_word' id='word_1_293' title='bbox 1044 2188 1221 2249; x_wconf 89' lang='lat' dir='ltr'><strong>modo</strong></span> <span class='ocrx_word' id='word_1_294' title='bbox 1252 2187 1521 2263; x_wconf 76' lang='lat' dir='ltr'><strong>accedat,</strong></span> <span class='ocrx_word' id='word_1_295' title='bbox 1558 2181 1756 2270; x_wconf 88' lang='lat' dir='ltr'><strong>neque</strong></span> <span class='ocrx_word' id='word_1_296' title='bbox 1782 2194 1943 2253; x_wconf 90' lang='lat' dir='ltr'><strong>enim</strong></span> <span class='ocrx_word' id='word_1_297' title='bbox 1976 2210 2048 2256; x_wconf 83' lang='lat' dir='ltr'><strong>ea</strong></span> 
     </span>
    </p>
   </div>
   <div class='ocr_carea' id='block_1_37' title="bbox 2151 2181 3793 2270">
    <p class='ocr_par' dir='ltr' id='par_1_37' title="bbox 2151 2181 3793 2267">
     <span class='ocr_line' id='line_1_38' title="bbox 2151 2181 3793 2267; baseline -0.004 -28"><span class='ocrx_word' id='word_1_298' title='bbox 2151 2185 2219 2239; x_wconf 79' lang='grc' dir='ltr'><strong>ιαὶ</strong></span> <span class='ocrx_word' id='word_1_299' title='bbox 2274 2184 2373 2252; x_wconf 80' lang='grc' dir='ltr'><strong>τῆς</strong></span> <span class='ocrx_word' id='word_1_300' title='bbox 2431 2181 2755 2261; x_wconf 69' lang='grc' dir='ltr'>σάλπιγγος,</span> <span class='ocrx_word' id='word_1_301' title='bbox 2817 2189 2925 2240; x_wconf 81' lang='grc' dir='ltr'>τῶν</span> <span class='ocrx_word' id='word_1_302' title='bbox 2984 2182 3159 2259; x_wconf 73' lang='grc' dir='ltr'>ψιλῶν</span> <span class='ocrx_word' id='word_1_303' title='bbox 3189 2190 3289 2251; x_wconf 79' lang='grc' dir='ltr'><strong>τῆς</strong></span> <span class='ocrx_word' id='word_1_304' title='bbox 3320 2184 3582 2255; x_wconf 68' lang='grc' dir='ltr'>εὐσεϐείας</span> <span class='ocrx_word' id='word_1_305' title='bbox 3611 2187 3793 2267; x_wconf 73' lang='grc' dir='ltr'>ῥημά-</span> 
     </span>
    </p>
   </div>
   <div class='ocr_carea' id='block_1_38' title="bbox 395 2271 2054 2356">
    <p class='ocr_par' dir='ltr' id='par_1_38' title="bbox 395 2275 2049 2356">
     <span class='ocr_line' id='line_1_39' title="bbox 395 2275 2049 2356; baseline 0.005 -21"><span class='ocrx_word' id='word_1_306' title='bbox 395 2292 493 2337; x_wconf 88' lang='lat' dir='ltr'><strong>res</strong></span> <span class='ocrx_word' id='word_1_307' title='bbox 522 2275 775 2356; x_wconf 86' lang='lat' dir='ltr'><strong>periculi</strong></span> <span class='ocrx_word' id='word_1_308' title='bbox 807 2294 1020 2355; x_wconf 80' lang='lat' dir='ltr'><strong>expers</strong></span> <span class='ocrx_word' id='word_1_309' title='bbox 1050 2290 1139 2338; x_wconf 87' lang='lat' dir='ltr'><strong>est</strong></span> <span class='ocrx_word' id='word_1_310' title='bbox 1172 2298 1185 2339; x_wconf 94' lang='lat'>:</span> <span class='ocrx_word' id='word_1_311' title='bbox 1220 2277 1269 2338; x_wconf 90' lang='lat' dir='ltr'><strong>si</strong></span> <span class='ocrx_word' id='word_1_312' title='bbox 1302 2284 1496 2338; x_wconf 89' lang='lat' dir='ltr'><strong>autem</strong></span> <span class='ocrx_word' id='word_1_313' title='bbox 1538 2278 1747 2340; x_wconf 82' lang='lat' dir='ltr'><strong>saltem</strong></span> <span class='ocrx_word' id='word_1_314' title='bbox 1779 2281 1851 2341; x_wconf 90' lang='lat' dir='ltr'><strong>ad</strong></span> <span class='ocrx_word' id='word_1_315' title='bbox 1887 2282 2049 2344; x_wconf 69' lang='lat' dir='ltr'><strong>horae</strong></span> 
     </span>
    </p>
   </div>
   <div class='ocr_carea' id='block_1_39' title="bbox 2151 2271 3793 2356">
    <p class='ocr_par' dir='ltr' id='par_1_39' title="bbox 2151 2271 3793 2356">
     <span class='ocr_line' id='line_1_40' title="bbox 2151 2271 3793 2356; baseline 0.002 -27"><span class='ocrx_word' id='word_1_316' title='bbox 2151 2295 2236 2329; x_wconf 72' lang='grc' dir='ltr'>των</span> <span class='ocrx_word' id='word_1_317' title='bbox 2277 2292 2289 2305; x_wconf 88' lang='grc'><strong>·</strong></span> <span class='ocrx_word' id='word_1_318' title='bbox 2338 2273 2725 2346; x_wconf 74' lang='grc' dir='ltr'>καπνιζόμενόν</span> <span class='ocrx_word' id='word_1_319' title='bbox 2756 2292 2814 2327; x_wconf 90' lang='grc' dir='ltr'><strong>τε</strong></span> <span class='ocrx_word' id='word_1_320' title='bbox 2843 2274 2904 2328; x_wconf 88' lang='grc' dir='ltr'>τὸ</span> <span class='ocrx_word' id='word_1_321' title='bbox 2956 2271 3080 2352; x_wconf 84' lang='grc' dir='ltr'>ὅρος</span> <span class='ocrx_word' id='word_1_322' title='bbox 3110 2273 3356 2349; x_wconf 74' lang='grc' dir='ltr'>βλεπέτω</span> <span class='ocrx_word' id='word_1_323' title='bbox 3387 2276 3508 2356; x_wconf 81' lang='grc'>(89)</span> <span class='ocrx_word' id='word_1_324' title='bbox 3543 2280 3633 2334; x_wconf 84' lang='grc' dir='ltr'>καὶ</span> <span class='ocrx_word' id='word_1_325' title='bbox 3665 2298 3793 2333; x_wconf 86' lang='grc' dir='ltr'>κατ-</span> 
     </span>
    </p>
   </div>
   <div class='ocr_carea' id='block_1_40' title="bbox 395 2360 2054 2446">
    <p class='ocr_par' dir='ltr' id='par_1_40' title="bbox 395 2366 2044 2446">
     <span class='ocr_line' id='line_1_41' title="bbox 395 2366 2044 2446; baseline 0.004 -21"><span class='ocrx_word' id='word_1_326' title='bbox 395 2371 631 2444; x_wconf 90' lang='lat' dir='ltr'><strong>tempus</strong></span> <span class='ocrx_word' id='word_1_327' title='bbox 658 2373 968 2446; x_wconf 85' lang='lat' dir='ltr'><strong>purgatus,</strong></span> <span class='ocrx_word' id='word_1_328' title='bbox 1001 2366 1156 2427; x_wconf 77' lang='lat' dir='ltr'><strong>intra</strong></span> <span class='ocrx_word' id='word_1_329' title='bbox 1187 2366 1491 2441; x_wconf 85' lang='lat' dir='ltr'><strong>subsistat,</strong></span> <span class='ocrx_word' id='word_1_330' title='bbox 1518 2386 1588 2429; x_wconf 87' lang='lat' dir='ltr'><strong>ac</strong></span> <span class='ocrx_word' id='word_1_331' title='bbox 1618 2368 1808 2430; x_wconf 90' lang='lat' dir='ltr'><strong>solam</strong></span> <span class='ocrx_word' id='word_1_332' title='bbox 1842 2389 2044 2432; x_wconf 90' lang='lat' dir='ltr'><strong>vocem</strong></span> 
     </span>
    </p>
   </div>
   <div class='ocr_carea' id='block_1_41' title="bbox 2151 2360 3794 2446">
    <p class='ocr_par' dir='ltr' id='par_1_41' title="bbox 2151 2360 3794 2442">
     <span class='ocr_line' id='line_1_42' title="bbox 2151 2360 3794 2442; baseline 0.002 -23"><span class='ocrx_word' id='word_1_333' title='bbox 2151 2364 2594 2440; x_wconf 85' lang='grc' dir='ltr'>ιστραπτόμενον,</span> <span class='ocrx_word' id='word_1_334' title='bbox 2660 2360 2889 2431; x_wconf 76' lang='grc' dir='ltr'>ἀπειλήν</span> <span class='ocrx_word' id='word_1_335' title='bbox 2938 2382 2996 2417; x_wconf 91' lang='grc' dir='ltr'><strong>τε</strong></span> <span class='ocrx_word' id='word_1_336' title='bbox 3052 2362 3188 2438; x_wconf 81' lang='grc' dir='ltr'><strong>δμοῦ</strong></span> <span class='ocrx_word' id='word_1_337' title='bbox 3272 2366 3359 2420; x_wconf 71' lang='lat' dir='ltr'><strong>ul</strong></span> <span class='ocrx_word' id='word_1_338' title='bbox 3439 2368 3614 2442; x_wconf 78' lang='grc' dir='ltr'>θαῦμα</span> <span class='ocrx_word' id='word_1_339' title='bbox 3672 2378 3794 2431; x_wconf 75' lang='grc' dir='ltr'>τοῖς</span> 
     </span>
    </p>
   </div>
   <div class='ocr_carea' id='block_1_42' title="bbox 401 2448 2054 2536">
    <p class='ocr_par' dir='ltr' id='par_1_42' title="bbox 401 2452 2042 2536">
     <span class='ocr_line' id='line_1_43' title="bbox 401 2452 2042 2536; baseline 0.004 -20"><span class='ocrx_word' id='word_1_340' title='bbox 401 2462 461 2516; x_wconf 91' lang='lat' dir='ltr'><strong>et</strong></span> <span class='ocrx_word' id='word_1_341' title='bbox 494 2452 832 2529; x_wconf 86' lang='lat' dir='ltr'><strong>buccinam,</strong></span> <span class='ocrx_word' id='word_1_342' title='bbox 868 2455 981 2517; x_wconf 89' lang='lat' dir='ltr'><strong>hoc</strong></span> <span class='ocrx_word' id='word_1_343' title='bbox 1012 2464 1126 2535; x_wconf 87' lang='lat' dir='ltr'><strong>est,</strong></span> <span class='ocrx_word' id='word_1_344' title='bbox 1161 2457 1317 2517; x_wconf 82' lang='lat' dir='ltr'><strong>nuda</strong></span> <span class='ocrx_word' id='word_1_345' title='bbox 1352 2456 1584 2536; x_wconf 88' lang='lat' dir='ltr'><strong>pietatis</strong></span> <span class='ocrx_word' id='word_1_346' title='bbox 1612 2458 1792 2520; x_wconf 88' lang='lat' dir='ltr'><strong>verba</strong></span> <span class='ocrx_word' id='word_1_347' title='bbox 1822 2460 2042 2522; x_wconf 88' lang='lat' dir='ltr'><strong>audiat.</strong></span> 
     </span>
    </p>
   </div>
   <div class='ocr_carea' id='block_1_43' title="bbox 2151 2448 3789 2536">
    <p class='ocr_par' dir='ltr' id='par_1_43' title="bbox 2151 2448 3789 2532">
     <span class='ocr_line' id='line_1_44' title="bbox 2151 2448 3789 2532; baseline 0.005 -26"><span class='ocrx_word' id='word_1_348' title='bbox 2151 2450 2332 2507; x_wconf 71' lang='grc' dir='ltr'>ινιόναι</span> <span class='ocrx_word' id='word_1_349' title='bbox 2360 2452 2437 2527; x_wconf 80' lang='grc' dir='ltr'>μὴ</span> <span class='ocrx_word' id='word_1_350' title='bbox 2466 2448 2797 2524; x_wconf 74' lang='grc' dir='ltr'>δυναμένοις,</span> <span class='ocrx_word' id='word_1_351' title='bbox 2859 2450 2917 2508; x_wconf 77' lang='grc' dir='ltr'><strong>ΕΙ</strong></span> <span class='ocrx_word' id='word_1_352' title='bbox 2976 2448 3031 2507; x_wconf 66' lang='grc' dir='ltr'><strong>δέ</strong></span> <span class='ocrx_word' id='word_1_353' title='bbox 3085 2472 3166 2516; x_wconf 89' lang='grc' dir='ltr'><strong>τις</strong></span> <span class='ocrx_word' id='word_1_354' title='bbox 3209 2453 3392 2532; x_wconf 78' lang='grc' dir='ltr'>θηρίον</span> <span class='ocrx_word' id='word_1_355' title='bbox 3443 2454 3552 2512; x_wconf 69' lang='grc' dir='ltr'>ἐστὶ</span> <span class='ocrx_word' id='word_1_356' title='bbox 3610 2478 3789 2523; x_wconf 81' lang='grc' dir='ltr'>πονη-</span> 
     </span>
    </p>
   </div>
   <div class='ocr_carea' id='block_1_44' title="bbox 400 2538 2054 2627">
    <p class='ocr_par' dir='ltr' id='par_1_44' title="bbox 400 2543 2047 2613">
     <span class='ocr_line' id='line_1_45' title="bbox 400 2543 2047 2613; baseline 0.003 -7"><span class='ocrx_word' id='word_1_357' title='bbox 400 2544 661 2606; x_wconf 82' lang='lat' dir='ltr'><strong>Montem</strong></span> <span class='ocrx_word' id='word_1_358' title='bbox 694 2543 869 2605; x_wconf 90' lang='lat' dir='ltr'><strong>etiam</strong></span> <span class='ocrx_word' id='word_1_359' title='bbox 894 2545 1054 2606; x_wconf 81' lang='lat' dir='ltr'><strong>fumo</strong></span> <span class='ocrx_word' id='word_1_360' title='bbox 1086 2545 1507 2607; x_wconf 73' lang='lat' dir='ltr'><strong>circumfusum</strong></span> <span class='ocrx_word' id='word_1_361' title='bbox 1530 2565 1600 2608; x_wconf 89' lang='lat' dir='ltr'><strong>ac</strong></span> <span class='ocrx_word' id='word_1_362' title='bbox 1631 2558 2047 2613; x_wconf 88' lang='lat' dir='ltr'><strong>coruscantem</strong></span> 
     </span>
    </p>
   </div>
   <div class='ocr_carea' id='block_1_45' title="bbox 2151 2538 3792 2627">
    <p class='ocr_par' dir='ltr' id='par_1_45' title="bbox 2151 2538 3792 2627">
     <span class='ocr_line' id='line_1_46' title="bbox 2151 2538 3792 2627; baseline 0.003 -29"><span class='ocrx_word' id='word_1_363' title='bbox 2151 2542 2244 2615; x_wconf 72' lang='grc' dir='ltr'>ιὸν,</span> <span class='ocrx_word' id='word_1_364' title='bbox 2280 2542 2367 2597; x_wconf 80' lang='grc' dir='ltr'><strong>καὶ</strong></span> <span class='ocrx_word' id='word_1_365' title='bbox 2398 2541 2693 2620; x_wconf 79' lang='grc' dir='ltr'>ἀνήμερον,</span> <span class='ocrx_word' id='word_1_366' title='bbox 2726 2541 2814 2596; x_wconf 82' lang='grc' dir='ltr'>καὶ</span> <span class='ocrx_word' id='word_1_367' title='bbox 2844 2538 3184 2598; x_wconf 75' lang='grc' dir='ltr'>ἀνεπίδεκτον</span> <span class='ocrx_word' id='word_1_368' title='bbox 3242 2543 3421 2610; x_wconf 80' lang='grc' dir='ltr'>πάντη</span> <span class='ocrx_word' id='word_1_369' title='bbox 3454 2542 3629 2625; x_wconf 84' lang='grc' dir='ltr'>λόγων</span> 
     </span>
    </p>
   </div>
   <div class='ocr_carea' id='block_1_46' title="bbox 397 2628 2054 2717">
    <p class='ocr_par' dir='ltr' id='par_1_46' title="bbox 397 2632 2049 2717">
     <span class='ocr_line' id='line_1_47' title="bbox 397 2632 2049 2717; baseline 0.003 -23"><span class='ocrx_word' id='word_1_370' title='bbox 397 2640 865 2707; x_wconf 88' lang='lat' dir='ltr'><strong>cernat,terrore</strong></span> <span class='ocrx_word' id='word_1_371' title='bbox 881 2632 1055 2696; x_wconf 89' lang='lat' dir='ltr'><strong>simul</strong></span> <span class='ocrx_word' id='word_1_372' title='bbox 1078 2654 1181 2695; x_wconf 91' lang='lat' dir='ltr'><strong>eos</strong></span> <span class='ocrx_word' id='word_1_373' title='bbox 1195 2642 1249 2696; x_wconf 94' lang='lat' dir='ltr'><strong>et</strong></span> <span class='ocrx_word' id='word_1_374' title='bbox 1266 2635 1655 2698; x_wconf 88' lang='lat' dir='ltr'><strong>admiratione</strong></span> <span class='ocrx_word' id='word_1_375' title='bbox 1668 2636 2049 2717; x_wconf 65' lang='lat' dir='ltr'><strong>efﬁcientem,</strong></span> 
     </span>
    </p>
   </div>
   <div class='ocr_carea' id='block_1_47' title="bbox 2151 2628 3790 2717">
    <p class='ocr_par' dir='ltr' id='par_1_47' title="bbox 2151 2628 3790 2710">
     <span class='ocr_line' id='line_1_48' title="bbox 2151 2628 3790 2710; baseline 0.003 -23"><span class='ocrx_word' id='word_1_376' title='bbox 2151 2630 2350 2710; x_wconf 69' lang='grc' dir='ltr'>ιεωρίας</span> <span class='ocrx_word' id='word_1_377' title='bbox 2399 2632 2489 2689; x_wconf 82' lang='grc' dir='ltr'><strong>καὶ</strong></span> <span class='ocrx_word' id='word_1_378' title='bbox 2542 2628 2843 2708; x_wconf 82' lang='grc' dir='ltr'>θεολογίας,</span> <span class='ocrx_word' id='word_1_379' title='bbox 2891 2630 2971 2706; x_wconf 74' lang='grc' dir='ltr'><strong>μὴ</strong></span> <span class='ocrx_word' id='word_1_380' title='bbox 3029 2628 3385 2710; x_wconf 69' lang='grc' dir='ltr'>ἰμφωλευίτω</span> <span class='ocrx_word' id='word_1_381' title='bbox 3460 2647 3583 2699; x_wconf 78' lang='grc' dir='ltr'>ταῖς</span> <span class='ocrx_word' id='word_1_382' title='bbox 3638 2634 3790 2701; x_wconf 76' lang='grc' dir='ltr'>ὕλαις</span> 
     </span>
    </p>
   </div>
   <div class='ocr_carea' id='block_1_48' title="bbox 400 2716 2054 2807">
    <p class='ocr_par' dir='ltr' id='par_1_48' title="bbox 400 2720 2042 2807">
     <span class='ocr_line' id='line_1_49' title="bbox 400 2720 2042 2807; baseline 0.005 -26"><span class='ocrx_word' id='word_1_383' title='bbox 400 2720 616 2803; x_wconf 91' lang='lat' dir='ltr'><strong>quibus</strong></span> <span class='ocrx_word' id='word_1_384' title='bbox 646 2722 974 2786; x_wconf 88' lang='lat' dir='ltr'><strong>ascendere</strong></span> <span class='ocrx_word' id='word_1_385' title='bbox 997 2722 1203 2787; x_wconf 90' lang='lat' dir='ltr'><strong>minim</strong></span> <span class='ocrx_word' id='word_1_386' title='bbox 1230 2724 1387 2787; x_wconf 88' lang='lat' dir='ltr'><strong>licet.</strong></span> <span class='ocrx_word' id='word_1_387' title='bbox 1426 2724 1591 2799; x_wconf 89' lang='lat' dir='ltr'><strong>Quod</strong></span> <span class='ocrx_word' id='word_1_388' title='bbox 1620 2724 1670 2787; x_wconf 88' lang='lat' dir='ltr'><strong>si</strong></span> <span class='ocrx_word' id='word_1_389' title='bbox 1711 2726 1846 2807; x_wconf 91' lang='lat' dir='ltr'><strong>quis</strong></span> <span class='ocrx_word' id='word_1_390' title='bbox 1884 2729 2042 2789; x_wconf 85' lang='lat' dir='ltr'><strong>mala</strong></span> 
     </span>
    </p>
   </div>
   <div class='ocr_carea' id='block_1_49' title="bbox 2151 2716 3789 2807">
    <p class='ocr_par' dir='ltr' id='par_1_49' title="bbox 2151 2716 3789 2803">
     <span class='ocr_line' id='line_1_50' title="bbox 2151 2716 3789 2803; baseline 0.002 -25"><span class='ocrx_word' id='word_1_391' title='bbox 2151 2722 2439 2801; x_wconf 73' lang='grc' dir='ltr'>ιακιούργως</span> <span class='ocrx_word' id='word_1_392' title='bbox 2470 2724 2558 2777; x_wconf 78' lang='grc' dir='ltr'>καὶ</span> <span class='ocrx_word' id='word_1_393' title='bbox 2589 2721 2894 2791; x_wconf 74' lang='grc' dir='ltr'>κακοήθως,</span> <span class='ocrx_word' id='word_1_394' title='bbox 2946 2716 3040 2776; x_wconf 78' lang='grc' dir='ltr'>ἵνα</span> <span class='ocrx_word' id='word_1_395' title='bbox 3097 2722 3241 2785; x_wconf 84' lang='grc' dir='ltr'>τινὸς</span> <span class='ocrx_word' id='word_1_396' title='bbox 3296 2720 3527 2790; x_wconf 82' lang='grc' dir='ltr'>)ά6ηται</span> <span class='ocrx_word' id='word_1_397' title='bbox 3586 2721 3789 2803; x_wconf 80' lang='grc' dir='ltr'>δόγμα-</span> 
     </span>
    </p>
   </div>
   <div class='ocr_carea' id='block_1_50' title="bbox 397 2808 2054 2898">
    <p class='ocr_par' dir='ltr' id='par_1_50' title="bbox 397 2812 2051 2898">
     <span class='ocr_line' id='line_1_51' title="bbox 397 2812 2051 2898; baseline 0.005 -26"><span class='ocrx_word' id='word_1_398' title='bbox 397 2821 455 2872; x_wconf 87' lang='lat' dir='ltr'><strong>et</strong></span> <span class='ocrx_word' id='word_1_399' title='bbox 484 2830 637 2874; x_wconf 81' lang='lat' dir='ltr'><strong>sa-va</strong></span> <span class='ocrx_word' id='word_1_400' title='bbox 669 2812 858 2876; x_wconf 86' lang='lat' dir='ltr'><strong>bestia</strong></span> <span class='ocrx_word' id='word_1_401' title='bbox 890 2822 1002 2888; x_wconf 90' lang='lat' dir='ltr'><strong>est,</strong></span> <span class='ocrx_word' id='word_1_402' title='bbox 1038 2834 1145 2877; x_wconf 90' lang='lat' dir='ltr'><strong>nec</strong></span> <span class='ocrx_word' id='word_1_403' title='bbox 1173 2816 1599 2897; x_wconf 89' lang='lat' dir='ltr'><strong>speculationis</strong></span> <span class='ocrx_word' id='word_1_404' title='bbox 1645 2826 1702 2879; x_wconf 92' lang='lat' dir='ltr'><strong>et</strong></span> <span class='ocrx_word' id='word_1_405' title='bbox 1736 2816 2051 2898; x_wconf 65' lang='lat' dir='ltr'><strong>theologia</strong></span> 
     </span>
    </p>
   </div>
   <div class='ocr_carea' id='block_1_51' title="bbox 2151 2808 3797 2898">
    <p class='ocr_par' dir='ltr' id='par_1_51' title="bbox 2151 2808 3797 2894">
     <span class='ocr_line' id='line_1_52' title="bbox 2151 2808 3797 2894; baseline 0.002 -25"><span class='ocrx_word' id='word_1_406' title='bbox 2151 2834 2223 2879; x_wconf 73' lang='grc' dir='ltr'>τος</span> <span class='ocrx_word' id='word_1_407' title='bbox 2266 2812 2301 2881; x_wconf 70' lang='grc' dir='ltr'>ἢ</span> <span class='ocrx_word' id='word_1_408' title='bbox 2328 2811 2591 2891; x_wconf 73' lang='grc' dir='ltr'>ῥήματος,</span> <span class='ocrx_word' id='word_1_409' title='bbox 2625 2811 2831 2889; x_wconf 78' lang='grc' dir='ltr'>ἀθρόως</span> <span class='ocrx_word' id='word_1_410' title='bbox 2868 2808 2997 2889; x_wconf 74' lang='grc'><strong>(91)</strong></span> <span class='ocrx_word' id='word_1_411' title='bbox 3058 2809 3473 2894; x_wconf 83' lang='grc' dir='ltr'>προσπηδῆσαν,</span> <span class='ocrx_word' id='word_1_412' title='bbox 3530 2815 3618 2871; x_wconf 83' lang='grc' dir='ltr'>καὶ</span> <span class='ocrx_word' id='word_1_413' title='bbox 3650 2836 3797 2871; x_wconf 76' lang='grc' dir='ltr'>σπα-</span> 
     </span>
    </p>
   </div>
   <div class='ocr_carea' id='block_1_52' title="bbox 394 2898 2054 2986">
    <p class='ocr_par' dir='ltr' id='par_1_52' title="bbox 394 2903 2052 2986">
     <span class='ocr_line' id='line_1_53' title="bbox 394 2903 2052 2986; baseline 0.004 -22"><span class='ocrx_word' id='word_1_414' title='bbox 394 2903 518 2965; x_wconf 91' lang='lat' dir='ltr'><strong>ullo</strong></span> <span class='ocrx_word' id='word_1_415' title='bbox 568 2904 747 2967; x_wconf 91' lang='lat' dir='ltr'><strong>modo</strong></span> <span class='ocrx_word' id='word_1_416' title='bbox 796 2922 1003 2986; x_wconf 80' lang='lat' dir='ltr'><strong>capax,</strong></span> <span class='ocrx_word' id='word_1_417' title='bbox 1037 2925 1137 2976; x_wconf 84' lang='lat' dir='ltr'><strong>ne.</strong></span> <span class='ocrx_word' id='word_1_418' title='bbox 1172 2905 1332 2968; x_wconf 88' lang='lat' dir='ltr'><strong>velut</strong></span> <span class='ocrx_word' id='word_1_419' title='bbox 1365 2906 1421 2967; x_wconf 91' lang='lat' dir='ltr'><strong>in</strong></span> <span class='ocrx_word' id='word_1_420' title='bbox 1472 2906 1659 2984; x_wconf 85' lang='lat' dir='ltr'><strong>silvis,</strong></span> <span class='ocrx_word' id='word_1_421' title='bbox 1692 2916 1933 2969; x_wconf 87' lang='lat' dir='ltr'><strong>versute</strong></span> <span class='ocrx_word' id='word_1_422' title='bbox 1982 2927 2052 2970; x_wconf 91' lang='lat' dir='ltr'><strong>ac</strong></span> 
     </span>
    </p>
   </div>
   <div class='ocr_carea' id='block_1_53' title="bbox 2151 2898 3791 2986">
    <p class='ocr_par' dir='ltr' id='par_1_53' title="bbox 2151 2898 3791 2981">
     <span class='ocr_line' id='line_1_54' title="bbox 2151 2898 3791 2981; baseline 0.001 -23"><span class='ocrx_word' id='word_1_423' title='bbox 2151 2900 2267 2978; x_wconf 66' lang='grc' dir='ltr'><strong>»ἄξῃ</strong></span> <span class='ocrx_word' id='word_1_424' title='bbox 2341 2902 2463 2965; x_wconf 80' lang='grc' dir='ltr'>τοὺς</span> <span class='ocrx_word' id='word_1_425' title='bbox 2522 2900 2856 2979; x_wconf 81' lang='grc' dir='ltr'>ὑγιαίνοντας</span> <span class='ocrx_word' id='word_1_426' title='bbox 2924 2898 3118 2978; x_wconf 85' lang='grc' dir='ltr'>λόγους</span> <span class='ocrx_word' id='word_1_427' title='bbox 3183 2912 3307 2964; x_wconf 77' lang='grc' dir='ltr'>ταῖς</span> <span class='ocrx_word' id='word_1_428' title='bbox 3350 2902 3623 2981; x_wconf 69' lang='grc' dir='ltr'>ὶπηρείαις</span> <span class='ocrx_word' id='word_1_429' title='bbox 3671 2901 3791 2960; x_wconf 77' lang='grc' dir='ltr'>ἀλλ’</span> 
     </span>
    </p>
   </div>
   <div class='ocr_carea' id='block_1_54' title="bbox 397 2988 2054 3074">
    <p class='ocr_par' dir='ltr' id='par_1_54' title="bbox 397 2992 2050 3074">
     <span class='ocr_line' id='line_1_55' title="bbox 397 2992 2050 3074; baseline 0.003 -21"><span class='ocrx_word' id='word_1_430' title='bbox 397 2992 694 3055; x_wconf 90' lang='lat' dir='ltr'><strong>malitiose</strong></span> <span class='ocrx_word' id='word_1_431' title='bbox 725 2992 939 3067; x_wconf 88' lang='lat' dir='ltr'><strong>latitet,</strong></span> <span class='ocrx_word' id='word_1_432' title='bbox 973 3002 1037 3054; x_wconf 92' lang='lat' dir='ltr'><strong>ut</strong></span> <span class='ocrx_word' id='word_1_433' title='bbox 1069 2993 1292 3074; x_wconf 88' lang='lat' dir='ltr'><strong>impetu</strong></span> <span class='ocrx_word' id='word_1_434' title='bbox 1326 3004 1576 3074; x_wconf 89' lang='lat' dir='ltr'><strong>repente</strong></span> <span class='ocrx_word' id='word_1_435' title='bbox 1615 2994 1770 3056; x_wconf 78' lang='lat' dir='ltr'><strong>facto</strong></span> <span class='ocrx_word' id='word_1_436' title='bbox 1801 2996 2050 3058; x_wconf 82' lang='lat' dir='ltr'><strong>verbum</strong></span> 
     </span>
    </p>
   </div>
   <div class='ocr_carea' id='block_1_55' title="bbox 2151 2988 3791 3074">
    <p class='ocr_par' dir='ltr' id='par_1_55' title="bbox 2151 2988 3791 3070">
     <span class='ocr_line' id='line_1_56' title="bbox 2151 2988 3791 3070; baseline 0.002 -24"><span class='ocrx_word' id='word_1_437' title='bbox 2151 2990 2214 3047; x_wconf 78' lang='grc' dir='ltr'>Ξτι</span> <span class='ocrx_word' id='word_1_438' title='bbox 2246 2989 2516 3069; x_wconf 80' lang='grc' dir='ltr'>πόρῤωθεν</span> <span class='ocrx_word' id='word_1_439' title='bbox 2567 2988 2837 3063; x_wconf 80' lang='grc' dir='ltr'>στηκέτω,</span> <span class='ocrx_word' id='word_1_440' title='bbox 2886 2990 2977 3045; x_wconf 86' lang='grc' dir='ltr'><strong>καὶ</strong></span> <span class='ocrx_word' id='word_1_441' title='bbox 3033 2988 3393 3068; x_wconf 81' lang='grc' dir='ltr'>ἀποχωρείτω</span> <span class='ocrx_word' id='word_1_442' title='bbox 3437 2998 3532 3048; x_wconf 83' lang='grc' dir='ltr'>τοῦ</span> <span class='ocrx_word' id='word_1_443' title='bbox 3587 2992 3739 3070; x_wconf 81' lang='grc' dir='ltr'>ὄρους</span> <span class='ocrx_word' id='word_1_444' title='bbox 3772 3008 3791 3027; x_wconf 79' lang='grc'><strong>⁸</strong></span> 
     </span>
    </p>
   </div>
   <div class='ocr_carea' id='block_1_56' title="bbox 395 3076 2054 3166">
    <p class='ocr_par' dir='ltr' id='par_1_56' title="bbox 395 3082 2051 3166">
     <span class='ocr_line' id='line_1_57' title="bbox 395 3082 2051 3166; baseline 0.003 -23"><span class='ocrx_word' id='word_1_445' title='bbox 395 3082 659 3164; x_wconf 88' lang='lat' dir='ltr'><strong>aliquod,</strong></span> <span class='ocrx_word' id='word_1_446' title='bbox 695 3083 786 3143; x_wconf 85' lang='lat' dir='ltr'><strong>vel</strong></span> <span class='ocrx_word' id='word_1_447' title='bbox 817 3083 1032 3162; x_wconf 88' lang='lat' dir='ltr'><strong>dogma</strong></span> <span class='ocrx_word' id='word_1_448' title='bbox 1064 3084 1273 3163; x_wconf 89' lang='lat' dir='ltr'><strong>rapiat,</strong></span> <span class='ocrx_word' id='word_1_449' title='bbox 1307 3092 1482 3166; x_wconf 88' lang='lat' dir='ltr'><strong>atque</strong></span> <span class='ocrx_word' id='word_1_450' title='bbox 1514 3084 2051 3148; x_wconf 84' lang='lat' dir='ltr'><strong>obtrectationibus</strong></span> 
     </span>
    </p>
   </div>
   <div class='ocr_carea' id='block_1_57' title="bbox 2151 3076 3793 3166">
    <p class='ocr_par' dir='ltr' id='par_1_57' title="bbox 2151 3076 3793 3166">
     <span class='ocr_line' id='line_1_58' title="bbox 2151 3076 3793 3166; baseline 0.002 -31"><span class='ocrx_word' id='word_1_451' title='bbox 2151 3077 2707 3166; x_wconf 56' lang='grc' dir='ltr'>ῆλιθοόοληθησεται,</span> <span class='ocrx_word' id='word_1_452' title='bbox 2764 3079 2853 3133; x_wconf 81' lang='grc' dir='ltr'><strong>καὶ</strong></span> <span class='ocrx_word' id='word_1_453' title='bbox 2910 3076 3337 3159; x_wconf 77' lang='grc' dir='ltr'>συντριϐήσεται,</span> <span class='ocrx_word' id='word_1_454' title='bbox 3382 3089 3471 3136; x_wconf 83' lang='grc' dir='ltr'><strong>καί</strong></span> <span class='ocrx_word' id='word_1_455' title='bbox 3506 3080 3793 3139; x_wconf 77' lang='grc' dir='ltr'>ἀπολεῖται</span> 
     </span>
    </p>
   </div>
   <div class='ocr_carea' id='block_1_58' title="bbox 394 3164 2054 3254">
    <p class='ocr_par' dir='ltr' id='par_1_58' title="bbox 394 3164 2049 3254">
     <span class='ocr_line' id='line_1_59' title="bbox 394 3164 2049 3254; baseline 0 -21"><span class='ocrx_word' id='word_1_456' title='bbox 394 3180 454 3233; x_wconf 93' lang='lat' dir='ltr'><strong>et</strong></span> <span class='ocrx_word' id='word_1_457' title='bbox 482 3171 799 3235; x_wconf 88' lang='lat' dir='ltr'><strong>calumniis</strong></span> <span class='ocrx_word' id='word_1_458' title='bbox 844 3172 1302 3235; x_wconf 86' lang='lat' dir='ltr'><strong>saluberrimam</strong></span> <span class='ocrx_word' id='word_1_459' title='bbox 1350 3164 1682 3236; x_wconf 83' lang='lat' dir='ltr'><strong>doctrinam</strong></span> <span class='ocrx_word' id='word_1_460' title='bbox 1717 3174 2049 3254; x_wconf 84' lang='lat' dir='ltr'><strong>discerpat.,</strong></span> 
     </span>
    </p>
   </div>
   <div class='ocr_carea' id='block_1_59' title="bbox 2151 3164 3788 3254">
    <p class='ocr_par' dir='ltr' id='par_1_59' title="bbox 2151 3164 3788 3245">
     <span class='ocr_line' id='line_1_60' title="bbox 2151 3164 3788 3245; baseline 0.001 -20"><span class='ocrx_word' id='word_1_461' title='bbox 2151 3175 2315 3235; x_wconf 80' lang='grc' dir='ltr'>ιακῶς</span> <span class='ocrx_word' id='word_1_462' title='bbox 2369 3167 2537 3230; x_wconf 84' lang='grc' dir='ltr'>κακός</span> <span class='ocrx_word' id='word_1_463' title='bbox 2572 3188 2587 3204; x_wconf 79' lang='grc' dir='ltr'><strong>ο</strong></span> <span class='ocrx_word' id='word_1_464' title='bbox 2635 3164 2767 3223; x_wconf 81' lang='grc' dir='ltr'>λίθοι</span> <span class='ocrx_word' id='word_1_465' title='bbox 2826 3167 2929 3245; x_wconf 78' lang='grc' dir='ltr'><strong>γὰρ</strong></span> <span class='ocrx_word' id='word_1_466' title='bbox 2958 3180 3075 3231; x_wconf 80' lang='grc' dir='ltr'>τοῖς</span> <span class='ocrx_word' id='word_1_467' title='bbox 3119 3166 3453 3243; x_wconf 82' lang='grc' dir='ltr'>θηριώδεσιν.</span> <span class='ocrx_word' id='word_1_468' title='bbox 3487 3172 3535 3227; x_wconf 78' lang='lat' dir='ltr'><strong>oi</strong></span> <span class='ocrx_word' id='word_1_469' title='bbox 3566 3170 3788 3243; x_wconf 78' lang='grc' dir='ltr'>ἀληθεῖς</span> 
     </span>
    </p>
   </div>
   <div class='ocr_carea' id='block_1_60' title="bbox 402 3255 2054 3345">
    <p class='ocr_par' dir='ltr' id='par_1_60' title="bbox 402 3262 2054 3345">
     <span class='ocr_line' id='line_1_61' title="bbox 402 3262 2054 3345; baseline 0.003 -24"><span class='ocrx_word' id='word_1_470' title='bbox 402 3280 603 3323; x_wconf 90' lang='lat' dir='ltr'><strong>verum</strong></span> <span class='ocrx_word' id='word_1_471' title='bbox 631 3262 865 3345; x_wconf 80' lang='lat' dir='ltr'><strong>longius</strong></span> <span class='ocrx_word' id='word_1_472' title='bbox 886 3262 1079 3325; x_wconf 87' lang='lat' dir='ltr'><strong>adhuc</strong></span> <span class='ocrx_word' id='word_1_473' title='bbox 1097 3263 1404 3344; x_wconf 85' lang='lat' dir='ltr'><strong>consistat,</strong></span> <span class='ocrx_word' id='word_1_474' title='bbox 1423 3275 1600 3344; x_wconf 91' lang='lat' dir='ltr'><strong>atque</strong></span> <span class='ocrx_word' id='word_1_475' title='bbox 1615 3282 1647 3325; x_wconf 90' lang='lat' dir='ltr'><strong>a</strong></span> <span class='ocrx_word' id='word_1_476' title='bbox 1669 3275 1867 3326; x_wconf 90' lang='lat' dir='ltr'><strong>monte</strong></span> <span class='ocrx_word' id='word_1_477' title='bbox 1890 3282 2054 3327; x_wconf 88' lang='lat' dir='ltr'><strong>rece-</strong></span> 
     </span>
    </p>
   </div>
   <div class='ocr_carea' id='block_1_61' title="bbox 2151 3255 3793 3345">
    <p class='ocr_par' dir='ltr' id='par_1_61' title="bbox 2151 3255 3793 3336">
     <span class='ocr_line' id='line_1_62' title="bbox 2151 3255 3793 3336; baseline -0.004 -23"><span class='ocrx_word' id='word_1_478' title='bbox 2151 3258 2291 3336; x_wconf 64' lang='grc' dir='ltr'>λόγοι</span> <span class='ocrx_word' id='word_1_479' title='bbox 2321 3258 2411 3315; x_wconf 83' lang='grc' dir='ltr'><strong>καὶ</strong></span> <span class='ocrx_word' id='word_1_480' title='bbox 2442 3256 2666 3336; x_wconf 77' lang='grc' dir='ltr'>στεῤῥοί.</span> <span class='ocrx_word' id='word_1_481' title='bbox 2701 3255 2829 3313; x_wconf 82' lang='grc' dir='ltr'>Εἴτε</span> <span class='ocrx_word' id='word_1_482' title='bbox 2871 3255 3129 3335; x_wconf 73' lang='grc' dir='ltr'>πάρδαλις</span> <span class='ocrx_word' id='word_1_483' title='bbox 3187 3255 3304 3333; x_wconf 82' lang='grc' dir='ltr'>εἴη,</span> <span class='ocrx_word' id='word_1_484' title='bbox 3356 3261 3793 3328; x_wconf 61' lang='grc' dir='ltr'>συναποθνησιέ-</span> 
     </span>
    </p>
   </div>
   <div class='ocr_carea' id='block_1_62' title="bbox 401 3344 2054 3435">
    <p class='ocr_par' dir='ltr' id='par_1_62' title="bbox 401 3344 2048 3435">
     <span class='ocr_line' id='line_1_63' title="bbox 401 3344 2048 3435; baseline 0.001 -21"><span class='ocrx_word' id='word_1_485' title='bbox 401 3353 502 3418; x_wconf 79' lang='lat' dir='ltr'><strong>dat</strong></span> <span class='ocrx_word' id='word_1_486' title='bbox 535 3371 548 3417; x_wconf 93' lang='lat'>:</span> <span class='ocrx_word' id='word_1_487' title='bbox 584 3344 806 3434; x_wconf 89' lang='lat' dir='ltr'><strong>alioqui</strong></span> <span class='ocrx_word' id='word_1_488' title='bbox 849 3352 1148 3435; x_wconf 85' lang='lat' dir='ltr'><strong>lapidibus</strong></span> <span class='ocrx_word' id='word_1_489' title='bbox 1180 3354 1576 3434; x_wconf 82' lang='lat' dir='ltr'><strong>Opprimetur,</strong></span> <span class='ocrx_word' id='word_1_490' title='bbox 1610 3364 1671 3416; x_wconf 91' lang='lat' dir='ltr'><strong>et</strong></span> <span class='ocrx_word' id='word_1_491' title='bbox 1698 3354 2006 3418; x_wconf 89' lang='lat' dir='ltr'><strong>obteretur</strong></span> <span class='ocrx_word' id='word_1_492' title='bbox 2032 3406 2048 3430; x_wconf 93' lang='lat'><strong>,</strong></span> 
     </span>
    </p>
   </div>
   <div class='ocr_carea' id='block_1_63' title="bbox 2151 3344 3794 3435">
    <p class='ocr_par' dir='ltr' id='par_1_63' title="bbox 2151 3344 3794 3426">
     <span class='ocr_line' id='line_1_64' title="bbox 2151 3344 3794 3426; baseline -0.006 -20"><span class='ocrx_word' id='word_1_493' title='bbox 2151 3371 2214 3405; x_wconf 73' lang='grc' dir='ltr'><strong>τω</strong></span> <span class='ocrx_word' id='word_1_494' title='bbox 2266 3362 2386 3411; x_wconf 77' lang='grc' dir='ltr'>τοῖς</span> <span class='ocrx_word' id='word_1_495' title='bbox 2446 3344 2791 3422; x_wconf 81' lang='grc' dir='ltr'>ποικίλμασιν</span> <span class='ocrx_word' id='word_1_496' title='bbox 2818 3361 2833 3377; x_wconf 87' lang='grc'>⁶</span> <span class='ocrx_word' id='word_1_497' title='bbox 2898 3347 3011 3402; x_wconf 79' lang='grc' dir='ltr'>εἴτε</span> <span class='ocrx_word' id='word_1_498' title='bbox 3055 3346 3190 3403; x_wconf 82' lang='grc' dir='ltr'>λέων</span> <span class='ocrx_word' id='word_1_499' title='bbox 3222 3348 3467 3426; x_wconf 73' lang='grc' dir='ltr'>ἁρπάζων</span> <span class='ocrx_word' id='word_1_500' title='bbox 3499 3352 3586 3407; x_wconf 79' lang='grc' dir='ltr'><strong>καὶ</strong></span> <span class='ocrx_word' id='word_1_501' title='bbox 3617 3350 3794 3425; x_wconf 81' lang='grc' dir='ltr'>ὠρυό-</span> 
     </span>
    </p>
   </div>
   <div class='ocr_carea' id='block_1_64' title="bbox 406 3444 2052 3525">
    <p class='ocr_par' dir='ltr' id='par_1_64' title="bbox 406 3444 2052 3525">
     <span class='ocr_line' id='line_1_65' title="bbox 406 3444 2052 3525; baseline -0.001 -19"><span class='ocrx_word' id='word_1_502' title='bbox 406 3445 717 3525; x_wconf 87' lang='lat' dir='ltr'><strong>malusque</strong></span> <span class='ocrx_word' id='word_1_503' title='bbox 747 3444 902 3507; x_wconf 88' lang='lat' dir='ltr'><strong>male</strong></span> <span class='ocrx_word' id='word_1_504' title='bbox 935 3444 1218 3525; x_wconf 89' lang='lat' dir='ltr'><strong>perdetur</strong></span> <span class='ocrx_word' id='word_1_505' title='bbox 1245 3445 1320 3504; x_wconf 71' lang='grc'><strong>³2.</strong></span> <span class='ocrx_word' id='word_1_506' title='bbox 1375 3446 1509 3507; x_wconf 76' lang='lat'><strong>497</strong></span> <span class='ocrx_word' id='word_1_507' title='bbox 1565 3444 1841 3524; x_wconf 77' lang='lat' dir='ltr'><strong>(Lapides</strong></span> <span class='ocrx_word' id='word_1_508' title='bbox 1893 3444 2052 3506; x_wconf 91' lang='lat' dir='ltr'><strong>enim</strong></span> 
     </span>
    </p>
   </div>
   <div class='ocr_carea' id='block_1_65' title="bbox 398 3533 2050 3615">
    <p class='ocr_par' dir='ltr' id='par_1_65' title="bbox 398 3533 2050 3615">
     <span class='ocr_line' id='line_1_66' title="bbox 398 3533 2050 3615; baseline 0.001 -20"><span class='ocrx_word' id='word_1_509' title='bbox 398 3543 537 3595; x_wconf 85' lang='lat' dir='ltr'><strong>sunt</strong></span> <span class='ocrx_word' id='word_1_510' title='bbox 567 3533 849 3597; x_wconf 87' lang='lat' dir='ltr'><strong>belluinis</strong></span> <span class='ocrx_word' id='word_1_511' title='bbox 879 3534 1224 3597; x_wconf 88' lang='lat' dir='ltr'><strong>hominibus</strong></span> <span class='ocrx_word' id='word_1_512' title='bbox 1242 3534 1365 3597; x_wconf 91' lang='lat' dir='ltr'><strong>veri</strong></span> <span class='ocrx_word' id='word_1_513' title='bbox 1390 3555 1458 3597; x_wconf 91' lang='lat' dir='ltr'><strong>ac</strong></span> <span class='ocrx_word' id='word_1_514' title='bbox 1485 3535 1661 3599; x_wconf 91' lang='lat' dir='ltr'><strong>solidi</strong></span> <span class='ocrx_word' id='word_1_515' title='bbox 1682 3535 2050 3615; x_wconf 89' lang='lat' dir='ltr'><strong>sermones.)</strong></span> 
     </span>
    </p>
   </div>
   <div class='ocr_carea' id='block_1_66' title="bbox 397 3623 2055 3705">
    <p class='ocr_par' dir='ltr' id='par_1_66' title="bbox 397 3623 2055 3705">
     <span class='ocr_line' id='line_1_67' title="bbox 397 3623 2055 3705; baseline -0.001 -18"><span class='ocrx_word' id='word_1_516' title='bbox 397 3623 534 3687; x_wconf 86' lang='lat' dir='ltr'><strong>Sive</strong></span> <span class='ocrx_word' id='word_1_517' title='bbox 566 3624 789 3705; x_wconf 89' lang='lat' dir='ltr'><strong>pardus</strong></span> <span class='ocrx_word' id='word_1_518' title='bbox 817 3624 917 3699; x_wconf 88' lang='lat' dir='ltr'><strong>sit,</strong></span> <span class='ocrx_word' id='word_1_519' title='bbox 950 3623 1126 3686; x_wconf 80' lang='lat' dir='ltr'><strong>simul</strong></span> <span class='ocrx_word' id='word_1_520' title='bbox 1153 3645 1285 3687; x_wconf 92' lang='lat' dir='ltr'><strong>cum</strong></span> <span class='ocrx_word' id='word_1_521' title='bbox 1310 3626 1486 3687; x_wconf 84' lang='lat' dir='ltr'><strong>variis</strong></span> <span class='ocrx_word' id='word_1_522' title='bbox 1509 3624 1634 3686; x_wconf 89' lang='lat' dir='ltr'><strong>suis</strong></span> <span class='ocrx_word' id='word_1_523' title='bbox 1669 3624 1827 3686; x_wconf 86' lang='lat' dir='ltr'><strong>notis</strong></span> <span class='ocrx_word' id='word_1_524' title='bbox 1846 3632 1903 3685; x_wconf 93' lang='lat' dir='ltr'><strong>et</strong></span> <span class='ocrx_word' id='word_1_525' title='bbox 1928 3643 2055 3685; x_wconf 88' lang='lat' dir='ltr'><strong>ma-</strong></span> 
     </span>
    </p>
   </div>
   <div class='ocr_carea' id='block_1_67' title="bbox 397 3712 2056 3795">
    <p class='ocr_par' dir='ltr' id='par_1_67' title="bbox 397 3712 2056 3795">
     <span class='ocr_line' id='line_1_68' title="bbox 397 3712 2056 3795; baseline 0 -20"><span class='ocrx_word' id='word_1_526' title='bbox 397 3713 548 3775; x_wconf 92' lang='lat' dir='ltr'><strong>culis</strong></span> <span class='ocrx_word' id='word_1_527' title='bbox 580 3712 975 3776; x_wconf 77' lang='lat' dir='ltr'><strong>moriatur33:</strong></span> <span class='ocrx_word' id='word_1_528' title='bbox 1010 3714 1134 3777; x_wconf 87' lang='lat' dir='ltr'><strong>sive</strong></span> <span class='ocrx_word' id='word_1_529' title='bbox 1159 3715 1251 3777; x_wconf 92' lang='lat' dir='ltr'><strong>leo</strong></span> <span class='ocrx_word' id='word_1_530' title='bbox 1289 3714 1531 3795; x_wconf 84' lang='lat' dir='ltr'><strong>rapiens</strong></span> <span class='ocrx_word' id='word_1_531' title='bbox 1576 3722 1634 3776; x_wconf 91' lang='lat' dir='ltr'><strong>et</strong></span> <span class='ocrx_word' id='word_1_532' title='bbox 1685 3714 1953 3791; x_wconf 83' lang='lat' dir='ltr'><strong>rugiens,</strong></span> <span class='ocrx_word' id='word_1_533' title='bbox 1987 3732 2056 3775; x_wconf 89' lang='lat' dir='ltr'><strong>ac</strong></span> 
     </span>
    </p>
   </div>
   <div class='ocr_carea' id='block_1_68' title="bbox 396 3803 2055 3886">
    <p class='ocr_par' dir='ltr' id='par_1_68' title="bbox 396 3803 2055 3886">
     <span class='ocr_line' id='line_1_69' title="bbox 396 3803 2055 3886; baseline -0.001 -21"><span class='ocrx_word' id='word_1_534' title='bbox 396 3822 673 3886; x_wconf 68' lang='lat' dir='ltr'><strong>quaerens</strong></span> <span class='ocrx_word' id='word_1_535' title='bbox 704 3823 1020 3885; x_wconf 88' lang='lat' dir='ltr'><strong>quamnam</strong></span> <span class='ocrx_word' id='word_1_536' title='bbox 1051 3805 1384 3867; x_wconf 89' lang='lat' dir='ltr'><strong>animarum</strong></span> <span class='ocrx_word' id='word_1_537' title='bbox 1433 3812 1535 3866; x_wconf 91' lang='lat' dir='ltr'><strong>aut</strong></span> <span class='ocrx_word' id='word_1_538' title='bbox 1581 3803 1904 3866; x_wconf 81' lang='lat' dir='ltr'><strong>dictionum</strong></span> <span class='ocrx_word' id='word_1_539' title='bbox 1942 3822 2055 3864; x_wconf 91' lang='lat' dir='ltr'><strong>no-</strong></span> 
     </span>
    </p>
   </div>
   <div class='ocr_carea' id='block_1_69' title="bbox 398 3893 2057 3977">
    <p class='ocr_par' dir='ltr' id='par_1_69' title="bbox 398 3893 2057 3977">
     <span class='ocr_line' id='line_1_70' title="bbox 398 3893 2057 3977; baseline -0.001 -22"><span class='ocrx_word' id='word_1_540' title='bbox 398 3903 620 3977; x_wconf 79' lang='lat' dir='ltr'><strong>starum</strong></span> <span class='ocrx_word' id='word_1_541' title='bbox 650 3894 895 3977; x_wconf 82' lang='lat' dir='ltr'><strong>devoret</strong></span> <span class='ocrx_word' id='word_1_542' title='bbox 921 3893 998 3972; x_wconf 69' lang='lat'><strong>3‘;</strong></span> <span class='ocrx_word' id='word_1_543' title='bbox 1032 3896 1158 3958; x_wconf 89' lang='lat' dir='ltr'><strong>sive</strong></span> <span class='ocrx_word' id='word_1_544' title='bbox 1188 3896 1735 3977; x_wconf 15' lang='lat' dir='ltr'><strong>porcus,iegreg_ias</strong></span> <span class='ocrx_word' id='word_1_545' title='bbox 1766 3903 1829 3977; x_wconf 86' lang='lat' dir='ltr'><strong>et</strong></span> <span class='ocrx_word' id='word_1_546' title='bbox 1866 3893 2057 3977; x_wconf 87' lang='lat' dir='ltr'><strong>pellu-</strong></span> 
     </span>
    </p>
   </div>
   <div class='ocr_carea' id='block_1_70' title="bbox 398 3974 2059 4056">
    <p class='ocr_par' dir='ltr' id='par_1_70' title="bbox 398 3974 2059 4056">
     <span class='ocr_line' id='line_1_71' title="bbox 398 3974 2059 4056; baseline -0.001 -20"><span class='ocrx_word' id='word_1_547' title='bbox 398 3974 559 4037; x_wconf 90' lang='lat' dir='ltr'><strong>cidas</strong></span> <span class='ocrx_word' id='word_1_548' title='bbox 577 3975 847 4038; x_wconf 85' lang='lat' dir='ltr'><strong>veritatis</strong></span> <span class='ocrx_word' id='word_1_549' title='bbox 874 3974 1220 4056; x_wconf 79' lang='lat' dir='ltr'><strong>margaritas</strong></span> <span class='ocrx_word' id='word_1_550' title='bbox 1244 3976 1606 4039; x_wconf 80' lang='lat' dir='ltr'><strong>conculcans</strong></span> <span class='ocrx_word' id='word_1_551' title='bbox 1628 3974 1704 4047; x_wconf 78' lang='lat'><strong>35;</strong></span> <span class='ocrx_word' id='word_1_552' title='bbox 1733 3974 1857 4037; x_wconf 90' lang='lat' dir='ltr'><strong>sive</strong></span> <span class='ocrx_word' id='word_1_553' title='bbox 1884 3975 2059 4053; x_wconf 91' lang='lat' dir='ltr'><strong>lupus</strong></span> 
     </span>
    </p>
   </div>
   <div class='ocr_carea' id='block_1_71' title="bbox 392 4063 2055 4146">
    <p class='ocr_par' dir='ltr' id='par_1_71' title="bbox 392 4063 2055 4146">
     <span class='ocr_line' id='line_1_72' title="bbox 392 4063 2055 4146; baseline -0.001 -19"><span class='ocrx_word' id='word_1_554' title='bbox 392 4063 681 4127; x_wconf 83' lang='lat' dir='ltr'><strong>Arabicus</strong></span> <span class='ocrx_word' id='word_1_555' title='bbox 712 4064 767 4108; x_wconf 74' lang='grc' dir='ltr'><strong>³ο</strong></span> <span class='ocrx_word' id='word_1_556' title='bbox 786 4076 843 4128; x_wconf 94' lang='lat' dir='ltr'><strong>et</strong></span> <span class='ocrx_word' id='word_1_557' title='bbox 877 4066 1251 4146; x_wconf 83' lang='lat' dir='ltr'><strong>peregrinus,</strong></span> <span class='ocrx_word' id='word_1_558' title='bbox 1276 4075 1374 4128; x_wconf 87' lang='lat' dir='ltr'><strong>aut</strong></span> <span class='ocrx_word' id='word_1_559' title='bbox 1405 4067 1578 4129; x_wconf 91' lang='lat' dir='ltr'><strong>etiam</strong></span> <span class='ocrx_word' id='word_1_560' title='bbox 1604 4065 1720 4139; x_wconf 89' lang='lat' dir='ltr'><strong>his,</strong></span> <span class='ocrx_word' id='word_1_561' title='bbox 1742 4063 1933 4145; x_wconf 87' lang='lat' dir='ltr'><strong>quoad</strong></span> <span class='ocrx_word' id='word_1_562' title='bbox 1954 4082 2055 4126; x_wconf 83' lang='lat' dir='ltr'><strong>so-</strong></span> 
     </span>
    </p>
   </div>
   <div class='ocr_carea' id='block_1_72' title="bbox 393 4151 2057 4236">
    <p class='ocr_par' dir='ltr' id='par_1_72' title="bbox 393 4151 2057 4236">
     <span class='ocr_line' id='line_1_73' title="bbox 393 4151 2057 4236; baseline 0 -21"><span class='ocrx_word' id='word_1_563' title='bbox 393 4153 683 4233; x_wconf 87' lang='lat' dir='ltr'><strong>phismata</strong></span> <span class='ocrx_word' id='word_1_564' title='bbox 713 4162 771 4216; x_wconf 84' lang='lat' dir='ltr'><strong>et</strong></span> <span class='ocrx_word' id='word_1_565' title='bbox 797 4155 1092 4236; x_wconf 84' lang='lat' dir='ltr'><strong>captiosas</strong></span> <span class='ocrx_word' id='word_1_566' title='bbox 1143 4155 1599 4235; x_wconf 88' lang='lat' dir='ltr'><strong>disputationes,</strong></span> <span class='ocrx_word' id='word_1_567' title='bbox 1629 4154 1897 4234; x_wconf 79' lang='lat' dir='ltr'><strong>acutior;</strong></span> <span class='ocrx_word' id='word_1_568' title='bbox 1932 4151 2057 4215; x_wconf 87' lang='lat' dir='ltr'><strong>sive</strong></span> 
     </span>
    </p>
   </div>
   <div class='ocr_carea' id='block_1_73' title="bbox 387 4242 2058 4326">
    <p class='ocr_par' dir='ltr' id='par_1_73' title="bbox 387 4242 2058 4326">
     <span class='ocr_line' id='line_1_74' title="bbox 387 4242 2058 4326; baseline 0.001 -23"><span class='ocrx_word' id='word_1_569' title='bbox 387 4242 793 4322; x_wconf 56' lang='lat' dir='ltr'><strong>vulpesm,hoc</strong></span> <span class='ocrx_word' id='word_1_570' title='bbox 808 4245 1447 4326; x_wconf 63' lang='lat' dir='ltr'><strong>est,versutaqua3dam</strong></span> <span class='ocrx_word' id='word_1_571' title='bbox 1467 4243 2058 4324; x_wconf 82' lang='lat' dir='ltr'><strong>anima,ﬁdequean-</strong></span> 
     </span>
    </p>
   </div>
   <div class='ocr_carea' id='block_1_74' title="bbox 389 4332 2057 4417">
    <p class='ocr_par' dir='ltr' id='par_1_74' title="bbox 389 4332 2057 4417">
     <span class='ocr_line' id='line_1_75' title="bbox 389 4332 2057 4417; baseline 0 -24"><span class='ocrx_word' id='word_1_572' title='bbox 389 4332 551 4413; x_wconf 87' lang='lat' dir='ltr'><strong>cipiti</strong></span> <span class='ocrx_word' id='word_1_573' title='bbox 586 4334 853 4415; x_wconf 63' lang='lat' dir='ltr'><strong>praedita,</strong></span> <span class='ocrx_word' id='word_1_574' title='bbox 895 4344 952 4397; x_wconf 92' lang='lat' dir='ltr'><strong>et</strong></span> <span class='ocrx_word' id='word_1_575' title='bbox 970 4353 1075 4416; x_wconf 89' lang='lat' dir='ltr'><strong>pro</strong></span> <span class='ocrx_word' id='word_1_576' title='bbox 1096 4343 1430 4417; x_wconf 90' lang='lat' dir='ltr'><strong>temporum</strong></span> <span class='ocrx_word' id='word_1_577' title='bbox 1448 4335 1728 4396; x_wconf 88' lang='lat' dir='ltr'><strong>varietate</strong></span> <span class='ocrx_word' id='word_1_578' title='bbox 1746 4332 1858 4393; x_wconf 86' lang='lat' dir='ltr'><strong>alia</strong></span> <span class='ocrx_word' id='word_1_579' title='bbox 1880 4340 2057 4412; x_wconf 90' lang='lat' dir='ltr'><strong>atque</strong></span> 
     </span>
    </p>
   </div>
   <div class='ocr_carea' id='block_1_75' title="bbox 388 4421 2050 4506">
    <p class='ocr_par' dir='ltr' id='par_1_75' title="bbox 388 4421 2050 4506">
     <span class='ocr_line' id='line_1_76' title="bbox 388 4421 2050 4506; baseline 0 -23"><span class='ocrx_word' id='word_1_580' title='bbox 388 4422 869 4506; x_wconf 64' lang='lat' dir='ltr'><strong>aliagnovamque</strong></span> <span class='ocrx_word' id='word_1_581' title='bbox 894 4425 1251 4501; x_wconf 90' lang='lat' dir='ltr'><strong>subinde,ut</strong></span> <span class='ocrx_word' id='word_1_582' title='bbox 1277 4425 1334 4486; x_wconf 90' lang='lat' dir='ltr'><strong>id</strong></span> <span class='ocrx_word' id='word_1_583' title='bbox 1356 4425 1536 4487; x_wconf 88' lang='lat' dir='ltr'><strong>rebus</strong></span> <span class='ocrx_word' id='word_1_584' title='bbox 1561 4423 1687 4486; x_wconf 90' lang='lat' dir='ltr'><strong>suis</strong></span> <span class='ocrx_word' id='word_1_585' title='bbox 1710 4421 2050 4485; x_wconf 89' lang='lat' dir='ltr'><strong>conducere</strong></span> 
     </span>
    </p>
   </div>
   <div class='ocr_carea' id='block_1_76' title="bbox 2140 3433 3791 3519">
    <p class='ocr_par' dir='ltr' id='par_1_76' title="bbox 2140 3433 3791 3519">
     <span class='ocr_line' id='line_1_77' title="bbox 2140 3433 3791 3519; baseline 0.001 -25"><span class='ocrx_word' id='word_1_586' title='bbox 2140 3459 2326 3519; x_wconf 88' lang='grc' dir='ltr'>μενος,</span> <span class='ocrx_word' id='word_1_587' title='bbox 2360 3438 2450 3493; x_wconf 85' lang='grc' dir='ltr'><strong>καὶ</strong></span> <span class='ocrx_word' id='word_1_588' title='bbox 2479 3443 2657 3508; x_wconf 84' lang='grc' dir='ltr'>ζητῶν</span> <span class='ocrx_word' id='word_1_589' title='bbox 2712 3433 2898 3502; x_wconf 70' lang='grc' dir='ltr'>ἥντινα</span> <span class='ocrx_word' id='word_1_590' title='bbox 2954 3437 3153 3516; x_wconf 82' lang='grc' dir='ltr'>βρῶσιν</span> <span class='ocrx_word' id='word_1_591' title='bbox 3182 3439 3469 3507; x_wconf 75' lang='grc' dir='ltr'>ποιήσεται</span> <span class='ocrx_word' id='word_1_592' title='bbox 3501 3446 3607 3497; x_wconf 83' lang='grc' dir='ltr'><strong>τῶν</strong></span> <span class='ocrx_word' id='word_1_593' title='bbox 3649 3442 3791 3516; x_wconf 73' lang='grc' dir='ltr'>ἡμε-</span> 
     </span>
    </p>
   </div>
   <div class='ocr_carea' id='block_1_77' title="bbox 2137 3522 3791 3607">
    <p class='ocr_par' dir='ltr' id='par_1_77' title="bbox 2137 3522 3791 3607">
     <span class='ocr_line' id='line_1_78' title="bbox 2137 3522 3791 3607; baseline 0.002 -26"><span class='ocrx_word' id='word_1_594' title='bbox 2137 3526 2304 3607; x_wconf 83' lang='grc' dir='ltr'>τέρων</span> <span class='ocrx_word' id='word_1_595' title='bbox 2348 3531 2544 3607; x_wconf 81' lang='grc' dir='ltr'>ψυχῶν</span> <span class='ocrx_word' id='word_1_596' title='bbox 2573 3523 2610 3594; x_wconf 71' lang='grc' dir='ltr'><strong>ἢ</strong></span> <span class='ocrx_word' id='word_1_597' title='bbox 2642 3522 2835 3590; x_wconf 78' lang='grc' dir='ltr'>λέξεων</span> <span class='ocrx_word' id='word_1_598' title='bbox 2864 3539 2878 3554; x_wconf 82' lang='grc'><strong>⁸</strong></span> <span class='ocrx_word' id='word_1_599' title='bbox 2916 3524 3028 3581; x_wconf 81' lang='grc' dir='ltr'>εἴτε</span> <span class='ocrx_word' id='word_1_600' title='bbox 3060 3532 3152 3591; x_wconf 79' lang='grc' dir='ltr'>σῦς</span> <span class='ocrx_word' id='word_1_601' title='bbox 3182 3530 3503 3585; x_wconf 82' lang='grc' dir='ltr'>καταπατῶν</span> <span class='ocrx_word' id='word_1_602' title='bbox 3534 3530 3652 3593; x_wconf 83' lang='grc' dir='ltr'>τοὺς</span> <span class='ocrx_word' id='word_1_603' title='bbox 3684 3552 3791 3585; x_wconf 89' lang='grc' dir='ltr'>κα-</span> 
     </span>
    </p>
   </div>
   <div class='ocr_carea' id='block_1_78' title="bbox 2139 3612 3795 3695">
    <p class='ocr_par' dir='ltr' id='par_1_78' title="bbox 2139 3612 3795 3695">
     <span class='ocr_line' id='line_1_79' title="bbox 2139 3612 3795 3695; baseline 0.001 -21"><span class='ocrx_word' id='word_1_604' title='bbox 2139 3615 2262 3680; x_wconf 82' lang='grc' dir='ltr'>λούς</span> <span class='ocrx_word' id='word_1_605' title='bbox 2304 3638 2361 3673; x_wconf 93' lang='grc' dir='ltr'><strong>τε</strong></span> <span class='ocrx_word' id='word_1_606' title='bbox 2417 3617 2505 3672; x_wconf 86' lang='grc' dir='ltr'>καὶ</span> <span class='ocrx_word' id='word_1_607' title='bbox 2563 3612 2803 3693; x_wconf 77' lang='grc' dir='ltr'>διαυγεῖς</span> <span class='ocrx_word' id='word_1_608' title='bbox 2857 3617 3182 3695; x_wconf 85' lang='grc' dir='ltr'>μαργαρίτας</span> <span class='ocrx_word' id='word_1_609' title='bbox 3222 3621 3321 3683; x_wconf 81' lang='grc' dir='ltr'>τῆς</span> <span class='ocrx_word' id='word_1_610' title='bbox 3371 3615 3642 3685; x_wconf 69' lang='grc' dir='ltr'>ἀληθείας·</span> <span class='ocrx_word' id='word_1_611' title='bbox 3680 3618 3795 3676; x_wconf 80' lang='grc' dir='ltr'>εἴτε</span> 
     </span>
    </p>
   </div>
   <div class='ocr_carea' id='block_1_79' title="bbox 2137 3703 3793 3787">
    <p class='ocr_par' dir='ltr' id='par_1_79' title="bbox 2137 3703 3793 3787">
     <span class='ocr_line' id='line_1_80' title="bbox 2137 3703 3793 3787; baseline 0.002 -24"><span class='ocrx_word' id='word_1_612' title='bbox 2137 3706 2298 3771; x_wconf 75' lang='grc' dir='ltr'>λύκος</span> <span class='ocrx_word' id='word_1_613' title='bbox 2356 3703 2640 3786; x_wconf 76' lang='grc' dir='ltr'>Ἀραόικὸς</span> <span class='ocrx_word' id='word_1_614' title='bbox 2685 3705 2813 3783; x_wconf 68' lang='grc'><strong>(92)</strong></span> <span class='ocrx_word' id='word_1_615' title='bbox 2856 3709 2942 3761; x_wconf 86' lang='grc' dir='ltr'><strong>καὶ</strong></span> <span class='ocrx_word' id='word_1_616' title='bbox 3000 3704 3325 3787; x_wconf 74' lang='grc' dir='ltr'>ἀλλόφυλος,</span> <span class='ocrx_word' id='word_1_617' title='bbox 3372 3707 3405 3774; x_wconf 75' lang='grc' dir='ltr'><strong>ἢ</strong></span> <span class='ocrx_word' id='word_1_618' title='bbox 3453 3710 3541 3765; x_wconf 82' lang='grc' dir='ltr'><strong>καὶ</strong></span> <span class='ocrx_word' id='word_1_619' title='bbox 3592 3710 3793 3766; x_wconf 83' lang='grc' dir='ltr'>τούτων</span> 
     </span>
    </p>
   </div>
   <div class='ocr_carea' id='block_1_80' title="bbox 2141 3794 3794 3877">
    <p class='ocr_par' dir='ltr' id='par_1_80' title="bbox 2141 3794 3794 3877">
     <span class='ocr_line' id='line_1_81' title="bbox 2141 3794 3794 3877; baseline 0 -23"><span class='ocrx_word' id='word_1_620' title='bbox 2141 3796 2384 3877; x_wconf 79' lang='grc' dir='ltr'>ὀξύτερος</span> <span class='ocrx_word' id='word_1_621' title='bbox 2428 3809 2547 3859; x_wconf 81' lang='grc' dir='ltr'>τοῖς</span> <span class='ocrx_word' id='word_1_622' title='bbox 2605 3795 2923 3875; x_wconf 83' lang='grc' dir='ltr'>σοφίσμασιν</span> <span class='ocrx_word' id='word_1_623' title='bbox 2960 3816 2975 3831; x_wconf 87' lang='grc'><strong>·</strong></span> <span class='ocrx_word' id='word_1_624' title='bbox 3023 3795 3138 3852; x_wconf 82' lang='grc' dir='ltr'>εἴτε</span> <span class='ocrx_word' id='word_1_625' title='bbox 3175 3794 3424 3876; x_wconf 80' lang='grc' dir='ltr'>ἀλώπηξ,</span> <span class='ocrx_word' id='word_1_626' title='bbox 3481 3796 3668 3877; x_wconf 71' lang='grc' dir='ltr'>θολερά</span> <span class='ocrx_word' id='word_1_627' title='bbox 3714 3822 3794 3863; x_wconf 88' lang='grc' dir='ltr'><strong>τις</strong></span> 
     </span>
    </p>
   </div>
   <div class='ocr_carea' id='block_1_81' title="bbox 2142 3883 3796 3966">
    <p class='ocr_par' dir='ltr' id='par_1_81' title="bbox 2142 3883 3796 3966">
     <span class='ocr_line' id='line_1_82' title="bbox 2142 3883 3796 3966; baseline 0.001 -23"><span class='ocrx_word' id='word_1_628' title='bbox 2142 3888 2298 3966; x_wconf 78' lang='grc' dir='ltr'>ψυχὴ</span> <span class='ocrx_word' id='word_1_629' title='bbox 2329 3886 2418 3943; x_wconf 86' lang='grc' dir='ltr'><strong>καὶ</strong></span> <span class='ocrx_word' id='word_1_630' title='bbox 2447 3884 2693 3959; x_wconf 78' lang='grc' dir='ltr'>ἄπιστος,</span> <span class='ocrx_word' id='word_1_631' title='bbox 2727 3887 2817 3942; x_wconf 85' lang='grc' dir='ltr'><strong>καὶ</strong></span> <span class='ocrx_word' id='word_1_632' title='bbox 2870 3883 3061 3942; x_wconf 78' lang='grc' dir='ltr'>ἄλλοτε</span> <span class='ocrx_word' id='word_1_633' title='bbox 3120 3884 3259 3953; x_wconf 71' lang='grc' dir='ltr'>ἄλλη</span> <span class='ocrx_word' id='word_1_634' title='bbox 3290 3899 3410 3948; x_wconf 78' lang='grc' dir='ltr'>τοῖς</span> <span class='ocrx_word' id='word_1_635' title='bbox 3454 3902 3661 3964; x_wconf 77' lang='grc' dir='ltr'>καιροῖς</span> <span class='ocrx_word' id='word_1_636' title='bbox 3708 3890 3796 3945; x_wconf 80' lang='grc' dir='ltr'><strong>καὶ</strong></span> 
     </span>
    </p>
   </div>
   <div class='ocr_carea' id='block_1_82' title="bbox 2142 3974 3790 4057">
    <p class='ocr_par' dir='ltr' id='par_1_82' title="bbox 2142 3974 3790 4057">
     <span class='ocr_line' id='line_1_83' title="bbox 2142 3974 3790 4057; baseline 0.001 -24"><span class='ocrx_word' id='word_1_637' title='bbox 2142 3990 2263 4040; x_wconf 74' lang='grc' dir='ltr'>ταῖς</span> <span class='ocrx_word' id='word_1_638' title='bbox 2320 3975 2531 4056; x_wconf 85' lang='grc' dir='ltr'>χρείαις</span> <span class='ocrx_word' id='word_1_639' title='bbox 2594 3974 3074 4054; x_wconf 81' lang='grc' dir='ltr'>συμμορφουμένη,</span> <span class='ocrx_word' id='word_1_640' title='bbox 3148 3975 3214 4045; x_wconf 73' lang='grc' dir='ltr'>ἢν</span> <span class='ocrx_word' id='word_1_641' title='bbox 3270 3977 3431 4056; x_wconf 79' lang='grc' dir='ltr'>νεκρὰ</span> <span class='ocrx_word' id='word_1_642' title='bbox 3478 3977 3653 4057; x_wconf 78' lang='grc' dir='ltr'>τρέφει</span> <span class='ocrx_word' id='word_1_643' title='bbox 3703 3979 3790 4035; x_wconf 73' lang='grc' dir='ltr'>καὶ</span> 
     </span>
    </p>
   </div>
   <div class='ocr_carea' id='block_1_83' title="bbox 2143 4063 3794 4146">
    <p class='ocr_par' dir='ltr' id='par_1_83' title="bbox 2143 4063 3794 4146">
     <span class='ocr_line' id='line_1_84' title="bbox 2143 4063 3794 4146; baseline -0.001 -24"><span class='ocrx_word' id='word_1_644' title='bbox 2143 4063 2375 4123; x_wconf 67' lang='grc' dir='ltr'>ὃδωδότα</span> <span class='ocrx_word' id='word_1_645' title='bbox 2418 4065 2668 4141; x_wconf 85' lang='grc' dir='ltr'>σώματα,</span> <span class='ocrx_word' id='word_1_646' title='bbox 2714 4064 2749 4132; x_wconf 76' lang='grc' dir='ltr'>ἢ</span> <span class='ocrx_word' id='word_1_647' title='bbox 2803 4063 3118 4140; x_wconf 72' lang='grc' dir='ltr'>ἀμπελῶνες</span> <span class='ocrx_word' id='word_1_648' title='bbox 3170 4066 3371 4145; x_wconf 82' lang='grc' dir='ltr'>μικροὶ,</span> <span class='ocrx_word' id='word_1_649' title='bbox 3405 4071 3511 4121; x_wconf 84' lang='grc' dir='ltr'>τῶν</span> <span class='ocrx_word' id='word_1_650' title='bbox 3544 4065 3794 4146; x_wconf 82' lang='grc' dir='ltr'>μεγάλων</span> 
     </span>
    </p>
   </div>
   <div class='ocr_carea' id='block_1_84' title="bbox 2144 4153 3796 4235">
    <p class='ocr_par' dir='ltr' id='par_1_84' title="bbox 2144 4153 3796 4235">
     <span class='ocr_line' id='line_1_85' title="bbox 2144 4153 3796 4235; baseline 0.002 -24"><span class='ocrx_word' id='word_1_651' title='bbox 2144 4153 2577 4235; x_wconf 81' lang='grc' dir='ltr'>διαπεφευγότων</span> <span class='ocrx_word' id='word_1_652' title='bbox 2612 4174 2629 4191; x_wconf 78' lang='grc'><em>’</em></span> <span class='ocrx_word' id='word_1_653' title='bbox 2694 4154 2806 4210; x_wconf 78' lang='grc' dir='ltr'>εἴτε</span> <span class='ocrx_word' id='word_1_654' title='bbox 2883 4176 2932 4210; x_wconf 89' lang='grc' dir='ltr'><strong>τι</strong></span> <span class='ocrx_word' id='word_1_655' title='bbox 2992 4153 3125 4212; x_wconf 80' lang='grc' dir='ltr'>ἄλλο</span> <span class='ocrx_word' id='word_1_656' title='bbox 3181 4158 3288 4212; x_wconf 81' lang='grc' dir='ltr'><strong>τῶν</strong></span> <span class='ocrx_word' id='word_1_657' title='bbox 3344 4154 3659 4235; x_wconf 78' lang='grc' dir='ltr'>ὠμοϐόρων,</span> <span class='ocrx_word' id='word_1_658' title='bbox 3706 4159 3796 4214; x_wconf 78' lang='grc' dir='ltr'><strong>καὶ</strong></span> 
     </span>
    </p>
   </div>
   <div class='ocr_carea' id='block_1_85' title="bbox 2144 4243 3792 4325">
    <p class='ocr_par' dir='ltr' id='par_1_85' title="bbox 2144 4243 3792 4325">
     <span class='ocr_line' id='line_1_86' title="bbox 2144 4243 3792 4325; baseline 0.001 -24"><span class='ocrx_word' id='word_1_659' title='bbox 2144 4243 2468 4315; x_wconf 79' lang='grc' dir='ltr'>ἇποϐλήτων</span> <span class='ocrx_word' id='word_1_660' title='bbox 2502 4248 2576 4319; x_wconf 81' lang='grc' dir='ltr'>τῷ</span> <span class='ocrx_word' id='word_1_661' title='bbox 2606 4245 2781 4325; x_wconf 86' lang='grc' dir='ltr'>νόμῳ,</span> <span class='ocrx_word' id='word_1_662' title='bbox 2832 4246 2922 4301; x_wconf 84' lang='grc' dir='ltr'>καὶ</span> <span class='ocrx_word' id='word_1_663' title='bbox 2971 4246 3031 4302; x_wconf 77' lang='grc' dir='ltr'>οὖ</span> <span class='ocrx_word' id='word_1_664' title='bbox 3072 4248 3316 4325; x_wconf 81' lang='grc' dir='ltr'>καθαρῶν</span> <span class='ocrx_word' id='word_1_665' title='bbox 3374 4247 3446 4309; x_wconf 80' lang='grc' dir='ltr'><strong>είς</strong></span> <span class='ocrx_word' id='word_1_666' title='bbox 3493 4247 3685 4325; x_wconf 79' lang='grc' dir='ltr'>βρῶσίν</span> <span class='ocrx_word' id='word_1_667' title='bbox 3733 4268 3792 4304; x_wconf 88' lang='grc' dir='ltr'><strong>τε</strong></span> 
     </span>
    </p>
   </div>
   <div class='ocr_carea' id='block_1_86' title="bbox 2142 4332 3793 4415">
    <p class='ocr_par' dir='ltr' id='par_1_86' title="bbox 2142 4332 3793 4415">
     <span class='ocr_line' id='line_1_87' title="bbox 2142 4332 3793 4415; baseline 0.001 -25"><span class='ocrx_word' id='word_1_668' title='bbox 2142 4335 2229 4391; x_wconf 84' lang='grc' dir='ltr'><strong>καὶ</strong></span> <span class='ocrx_word' id='word_1_669' title='bbox 2286 4332 2605 4396; x_wconf 77' lang='grc' dir='ltr'>ἀπόλαυσιν.</span> <span class='ocrx_word' id='word_1_670' title='bbox 2654 4332 2907 4391; x_wconf 83' lang='grc' dir='ltr'>Βούλεται</span> <span class='ocrx_word' id='word_1_671' title='bbox 2965 4335 3065 4413; x_wconf 76' lang='grc' dir='ltr'><strong>γὰρ</strong></span> <span class='ocrx_word' id='word_1_672' title='bbox 3118 4335 3320 4390; x_wconf 84' lang='grc' dir='ltr'>τούτων</span> <span class='ocrx_word' id='word_1_673' title='bbox 3350 4334 3716 4415; x_wconf 79' lang='grc' dir='ltr'>ἀποχωρήσας</span> <span class='ocrx_word' id='word_1_674' title='bbox 3764 4338 3793 4392; x_wconf 77' lang='grc' dir='ltr'><strong>ὁ</strong></span> 
     </span>
    </p>
   </div>
   <div class='ocr_carea' id='block_1_87' title="bbox 2139 4422 3793 4505">
    <p class='ocr_par' dir='ltr' id='par_1_87' title="bbox 2139 4422 3793 4505">
     <span class='ocr_line' id='line_1_88' title="bbox 2139 4422 3793 4505; baseline 0.001 -26"><span class='ocrx_word' id='word_1_675' title='bbox 2139 4422 2326 4504; x_wconf 87' lang='grc' dir='ltr'>λόγος,</span> <span class='ocrx_word' id='word_1_676' title='bbox 2359 4424 2498 4481; x_wconf 81' lang='grc' dir='ltr'>οὕτω</span> <span class='ocrx_word' id='word_1_677' title='bbox 2527 4422 2685 4489; x_wconf 74' lang='grc' dir='ltr'>πλαξὶ</span> <span class='ocrx_word' id='word_1_678' title='bbox 2729 4422 2973 4503; x_wconf 77' lang='grc' dir='ltr'>στερῤατς</span> <span class='ocrx_word' id='word_1_679' title='bbox 3018 4423 3108 4480; x_wconf 87' lang='grc' dir='ltr'><strong>καὶ</strong></span> <span class='ocrx_word' id='word_1_680' title='bbox 3156 4422 3380 4487; x_wconf 87' lang='grc' dir='ltr'>λιθίναις</span> <span class='ocrx_word' id='word_1_681' title='bbox 3414 4423 3793 4505; x_wconf 71' lang='grc' dir='ltr'>ἐγγράφεσθαι,</span> 
     </span>
    </p>
   </div>
   <div class='ocr_carea' id='block_1_88' title="bbox 386 4510 2054 4597">
    <p class='ocr_par' dir='ltr' id='par_1_88' title="bbox 386 4512 2048 4597">
     <span class='ocr_line' id='line_1_89' title="bbox 386 4512 2048 4597; baseline -0.001 -23"><span class='ocrx_word' id='word_1_682' title='bbox 386 4512 985 4590; x_wconf 79' lang='lat' dir='ltr'><strong>arbitratur,formam</strong></span> <span class='ocrx_word' id='word_1_683' title='bbox 1018 4534 1539 4597; x_wconf 87' lang='lat' dir='ltr'><strong>assumens,quam</strong></span> <span class='ocrx_word' id='word_1_684' title='bbox 1566 4522 1798 4576; x_wconf 91' lang='lat' dir='ltr'><strong>mortua</strong></span> <span class='ocrx_word' id='word_1_685' title='bbox 1830 4521 1887 4573; x_wconf 91' lang='lat' dir='ltr'><strong>et</strong></span> <span class='ocrx_word' id='word_1_686' title='bbox 1916 4512 2048 4574; x_wconf 83' lang='lat' dir='ltr'><strong>feti-</strong></span> 
     </span>
    </p>
   </div>
   <div class='ocr_carea' id='block_1_89' title="bbox 2151 4510 3795 4597">
    <p class='ocr_par' dir='ltr' id='par_1_89' title="bbox 2151 4510 3795 4595">
     <span class='ocr_line' id='line_1_90' title="bbox 2151 4510 3795 4595; baseline 0.001 -26"><span class='ocrx_word' id='word_1_687' title='bbox 2151 4515 2221 4571; x_wconf 84' lang='grc' dir='ltr'><strong>ιαὶ</strong></span> <span class='ocrx_word' id='word_1_688' title='bbox 2264 4515 2479 4579; x_wconf 81' lang='grc' dir='ltr'>ταύταις</span> <span class='ocrx_word' id='word_1_689' title='bbox 2528 4512 2923 4595; x_wconf 80' lang='grc' dir='ltr'>ἀμφοτέρωθεν,</span> <span class='ocrx_word' id='word_1_690' title='bbox 2986 4510 3071 4569; x_wconf 80' lang='grc' dir='ltr'><strong>διά</strong></span> <span class='ocrx_word' id='word_1_691' title='bbox 3117 4534 3175 4569; x_wconf 87' lang='grc' dir='ltr'><strong>τε</strong></span> <span class='ocrx_word' id='word_1_692' title='bbox 3233 4514 3294 4569; x_wconf 77' lang='grc' dir='ltr'><strong>τὸ</strong></span> <span class='ocrx_word' id='word_1_693' title='bbox 3339 4514 3659 4593; x_wconf 84' lang='grc' dir='ltr'>φαινόμενον</span> <span class='ocrx_word' id='word_1_694' title='bbox 3700 4520 3795 4571; x_wconf 79' lang='grc' dir='ltr'>τοῦ</span> 
     </span>
    </p>
   </div>
   <div class='ocr_carea' id='block_1_90' title="bbox 394 4600 2054 4685">
    <p class='ocr_par' dir='ltr' id='par_1_90' title="bbox 394 4600 2049 4685">
     <span class='ocr_line' id='line_1_91' title="bbox 394 4600 2049 4685; baseline 0 -21"><span class='ocrx_word' id='word_1_695' title='bbox 394 4602 469 4664; x_wconf 87' lang='lat' dir='ltr'><strong>da</strong></span> <span class='ocrx_word' id='word_1_696' title='bbox 486 4622 738 4685; x_wconf 91' lang='lat' dir='ltr'><strong>corpora</strong></span> <span class='ocrx_word' id='word_1_697' title='bbox 750 4607 1150 4680; x_wconf 89' lang='lat' dir='ltr'><strong>nutriunt,aut</strong></span> <span class='ocrx_word' id='word_1_698' title='bbox 1165 4605 1792 4680; x_wconf 67' lang='lat' dir='ltr'><strong>humilesvineua,cum</strong></span> <span class='ocrx_word' id='word_1_699' title='bbox 1811 4600 1884 4662; x_wconf 93' lang='lat' dir='ltr'><strong>ad</strong></span> <span class='ocrx_word' id='word_1_700' title='bbox 1900 4601 2049 4664; x_wconf 85' lang='lat' dir='ltr'><strong>altas</strong></span> 
     </span>
    </p>
   </div>
   <div class='ocr_carea' id='block_1_91' title="bbox 2151 4600 3788 4685">
    <p class='ocr_par' dir='ltr' id='par_1_91' title="bbox 2151 4601 3788 4683">
     <span class='ocr_line' id='line_1_92' title="bbox 2151 4601 3788 4683; baseline 0.004 -26"><span class='ocrx_word' id='word_1_701' title='bbox 2151 4603 2321 4679; x_wconf 67' lang='grc' dir='ltr'>νόμου,</span> <span class='ocrx_word' id='word_1_702' title='bbox 2367 4604 2455 4659; x_wconf 82' lang='grc' dir='ltr'><strong>καὶ</strong></span> <span class='ocrx_word' id='word_1_703' title='bbox 2477 4605 2538 4659; x_wconf 83' lang='grc' dir='ltr'><strong>τὸ</strong></span> <span class='ocrx_word' id='word_1_704' title='bbox 2565 4603 2930 4682; x_wconf 79' lang='grc' dir='ltr'>κρυπτόμενον</span> <span class='ocrx_word' id='word_1_705' title='bbox 2965 4622 2980 4638; x_wconf 80' lang='grc'><em>’</em></span> <span class='ocrx_word' id='word_1_706' title='bbox 3028 4604 3090 4659; x_wconf 80' lang='grc' dir='ltr'>τὸ</span> <span class='ocrx_word' id='word_1_707' title='bbox 3121 4601 3217 4678; x_wconf 77' lang='grc' dir='ltr'><strong>μὲν</strong></span> <span class='ocrx_word' id='word_1_708' title='bbox 3249 4615 3368 4667; x_wconf 73' lang='grc' dir='ltr'>τοῖς</span> <span class='ocrx_word' id='word_1_709' title='bbox 3399 4601 3628 4667; x_wconf 79' lang='grc' dir='ltr'>πολλοῖς</span> <span class='ocrx_word' id='word_1_710' title='bbox 3660 4601 3788 4683; x_wconf 85' lang='grc'><strong>(93)</strong></span> 
     </span>
    </p>
   </div>
   <div class='ocr_carea' id='block_1_92' title="bbox 397 4689 3785 4777">
    <p class='ocr_par' dir='ltr' id='par_1_92' title="bbox 397 4689 3785 4777">
     <span class='ocr_line' id='line_1_93' title="bbox 397 4689 3785 4777; baseline 0 -24"><span class='ocrx_word' id='word_1_711' title='bbox 397 4695 664 4772; x_wconf 90' lang='lat' dir='ltr'><strong>aspirare</strong></span> <span class='ocrx_word' id='word_1_712' title='bbox 695 4704 988 4776; x_wconf 86' lang='lat' dir='ltr'><strong>nequeat;</strong></span> <span class='ocrx_word' id='word_1_713' title='bbox 1020 4695 1144 4757; x_wconf 90' lang='lat' dir='ltr'><strong>sive</strong></span> <span class='ocrx_word' id='word_1_714' title='bbox 1172 4695 1433 4777; x_wconf 90' lang='lat' dir='ltr'><strong>denique</strong></span> <span class='ocrx_word' id='word_1_715' title='bbox 1489 4693 1649 4756; x_wconf 87' lang='lat' dir='ltr'><strong>aliud</strong></span> <span class='ocrx_word' id='word_1_716' title='bbox 1714 4689 2012 4773; x_wconf 88' lang='lat' dir='ltr'><strong>quoddam</strong></span> <span class='ocrx_word' id='word_1_717' title='bbox 2061 4690 2436 4755; x_wconf 87' lang='lat' dir='ltr'><strong>crudivorum</strong></span> <span class='ocrx_word' id='word_1_718' title='bbox 2506 4690 2747 4769; x_wconf 87' lang='lat' dir='ltr'><strong>animal,</strong></span> <span class='ocrx_word' id='word_1_719' title='bbox 2799 4689 3066 4774; x_wconf 88' lang='lat' dir='ltr'><strong>legisque</strong></span> <span class='ocrx_word' id='word_1_720' title='bbox 3108 4689 3305 4753; x_wconf 88' lang='lat' dir='ltr'><strong>edicto</strong></span> <span class='ocrx_word' id='word_1_721' title='bbox 3356 4690 3785 4771; x_wconf 80' lang='lat' dir='ltr'><strong>rejectaneum,</strong></span> 
     </span>
    </p>
   </div>
   <div class='ocr_carea' id='block_1_93' title="bbox 468 4825 3791 4908">
    <p class='ocr_par' dir='ltr' id='par_1_93' title="bbox 468 4825 3791 4908">
     <span class='ocr_line' id='line_1_94' title="bbox 468 4825 3791 4908; baseline -0.001 -15"><span class='ocrx_word' id='word_1_722' title='bbox 468 4832 523 4881; x_wconf 78' lang='lat'><strong>3|</strong></span> <span class='ocrx_word' id='word_1_723' title='bbox 561 4828 1057 4908; x_wconf 65' lang='lat' dir='ltr'><strong>Exod.x1x,24.53</strong></span> <span class='ocrx_word' id='word_1_724' title='bbox 1083 4833 1497 4907; x_wconf 75' lang='lat' dir='ltr'><strong>Matth.xxx,4l</strong></span> <span class='ocrx_word' id='word_1_725' title='bbox 1520 4825 2097 4908; x_wconf 60' lang='lat' dir='ltr'><strong>.551er.x1n,23.3‘1</strong></span> <span class='ocrx_word' id='word_1_726' title='bbox 2121 4830 2486 4906; x_wconf 75' lang='lat' dir='ltr'><strong>Petr.v,8.35</strong></span> <span class='ocrx_word' id='word_1_727' title='bbox 2506 4830 2715 4895; x_wconf 90' lang='lat' dir='ltr'><strong>Matth.</strong></span> <span class='ocrx_word' id='word_1_728' title='bbox 2742 4829 2984 4908; x_wconf 49' lang='grc' dir='ltr'>πιθα</span> <span class='ocrx_word' id='word_1_729' title='bbox 3008 4828 3353 4907; x_wconf 84' lang='lat' dir='ltr'><strong>Habac.t,8.</strong></span> <span class='ocrx_word' id='word_1_730' title='bbox 3370 4825 3791 4906; x_wconf 70' lang='lat' dir='ltr'><strong>57Cant.n,t5.</strong></span> 
     </span>
    </p>
   </div>
   <div class='ocr_carea' id='block_1_94' title="bbox 477 4959 2058 5047">
    <p class='ocr_par' dir='ltr' id='par_1_94' title="bbox 477 4959 2058 5047">
     <span class='ocr_line' id='line_1_95' title="bbox 477 4959 2058 5047; baseline 0.003 -22"><span class='ocrx_word' id='word_1_731' title='bbox 477 4964 604 5046; x_wconf 72' lang='grc'>(84)</span> <span class='ocrx_word' id='word_1_732' title='bbox 633 4959 854 5033; x_wconf 69' lang='grc' dir='ltr'>Ἐνικιῖις</span> <span class='ocrx_word' id='word_1_733' title='bbox 886 4968 1281 5046; x_wconf 67' lang='grc' dir='ltr'>διαιρουμένην,</span> <span class='ocrx_word' id='word_1_734' title='bbox 1329 4975 1444 5030; x_wconf 92' lang='lat' dir='ltr'><strong>etc.</strong></span> <span class='ocrx_word' id='word_1_735' title='bbox 1485 4990 1511 5022; x_wconf 73' lang='grc' dir='ltr'><strong>α</strong></span> <span class='ocrx_word' id='word_1_736' title='bbox 1546 4964 1925 5047; x_wconf 84' lang='lat' dir='ltr'><strong>Conjunctim</strong></span> <span class='ocrx_word' id='word_1_737' title='bbox 1960 4967 2058 5030; x_wconf 75' lang='lat' dir='ltr'><strong>di-</strong></span> 
     </span>
    </p>
   </div>
   <div class='ocr_carea' id='block_1_95' title="bbox 392 5045 2060 5130">
    <p class='ocr_par' dir='ltr' id='par_1_95' title="bbox 392 5045 2060 5130">
     <span class='ocr_line' id='line_1_96' title="bbox 392 5045 2060 5130; baseline 0.002 -22"><span class='ocrx_word' id='word_1_738' title='bbox 392 5045 747 5118; x_wconf 89' lang='lat' dir='ltr'><strong>stinctus,ac</strong></span> <span class='ocrx_word' id='word_1_739' title='bbox 774 5045 1099 5111; x_wconf 90' lang='lat' dir='ltr'><strong>distinctim</strong></span> <span class='ocrx_word' id='word_1_740' title='bbox 1136 5049 1515 5130; x_wconf 80' lang='lat' dir='ltr'><strong>conjunctus,</strong></span> <span class='ocrx_word' id='word_1_741' title='bbox 1556 5072 1582 5103; x_wconf 72' lang='grc' dir='ltr'><strong><em>ι</em></strong></span> <span class='ocrx_word' id='word_1_742' title='bbox 1620 5045 1824 5121; x_wconf 82' lang='lat' dir='ltr'><strong>idest,</strong></span> <span class='ocrx_word' id='word_1_743' title='bbox 1868 5051 2060 5112; x_wconf 70' lang='lat' dir='ltr'><strong>«sicut</strong></span> 
     </span>
    </p>
   </div>
   <div class='ocr_carea' id='block_1_96' title="bbox 393 5128 2055 5210">
    <p class='ocr_par' dir='ltr' id='par_1_96' title="bbox 393 5128 2055 5210">
     <span class='ocr_line' id='line_1_97' title="bbox 393 5128 2055 5210; baseline 0.002 -23"><span class='ocrx_word' id='word_1_744' title='bbox 393 5146 548 5210; x_wconf 85' lang='lat' dir='ltr'><strong>unus</strong></span> <span class='ocrx_word' id='word_1_745' title='bbox 581 5130 1156 5210; x_wconf 87' lang='lat' dir='ltr'><strong>permanet,etiamsi</strong></span> <span class='ocrx_word' id='word_1_746' title='bbox 1185 5128 1608 5208; x_wconf 79' lang='lat' dir='ltr'><strong>distinguatur,</strong></span> <span class='ocrx_word' id='word_1_747' title='bbox 1655 5130 1731 5190; x_wconf 86' lang='lat' dir='ltr'><strong>ita</strong></span> <span class='ocrx_word' id='word_1_748' title='bbox 1760 5133 2055 5209; x_wconf 83' lang='lat' dir='ltr'><strong>quodam-</strong></span> 
     </span>
    </p>
   </div>
   <div class='ocr_carea' id='block_1_97' title="bbox 393 5208 1567 5291">
    <p class='ocr_par' dir='ltr' id='par_1_97' title="bbox 393 5208 1567 5291">
     <span class='ocr_line' id='line_1_98' title="bbox 393 5208 1567 5291; baseline -0.001 -24"><span class='ocrx_word' id='word_1_749' title='bbox 393 5208 1011 5291; x_wconf 32' lang='lat' dir='ltr'><strong>modo‘distinguitur,</strong></span> <span class='ocrx_word' id='word_1_750' title='bbox 1047 5211 1155 5271; x_wconf 86' lang='lat' dir='ltr'><strong>etsi</strong></span> <span class='ocrx_word' id='word_1_751' title='bbox 1182 5211 1501 5273; x_wconf 80' lang='lat' dir='ltr'><strong>cohaereat.</strong></span> <span class='ocrx_word' id='word_1_752' title='bbox 1546 5233 1567 5266; x_wconf 73' lang='grc' dir='ltr'><strong>υ</strong></span> 
     </span>
    </p>
   </div>
   <div class='ocr_carea' id='block_1_98' title="bbox 488 5287 2053 5371">
    <p class='ocr_par' dir='ltr' id='par_1_98' title="bbox 488 5287 2053 5371">
     <span class='ocr_line' id='line_1_99' title="bbox 488 5287 2053 5371; baseline -0.002 -21"><span class='ocrx_word' id='word_1_753' title='bbox 647 5287 973 5351; x_wconf 68' lang='grc' dir='ltr'>Ἀσθξνειαν.</span> <span class='ocrx_word' id='word_1_754' title='bbox 1011 5291 1116 5355; x_wconf 82' lang='grc' dir='ltr'><strong>ΟΓ.</strong></span> <span class='ocrx_word' id='word_1_755' title='bbox 1166 5293 1223 5367; x_wconf 77' lang='grc'>1,</span> <span class='ocrx_word' id='word_1_756' title='bbox 1277 5291 1553 5369; x_wconf 69' lang='grc' dir='ltr'>ἀλήθειαν,</span> <span class='ocrx_word' id='word_1_757' title='bbox 1595 5312 1617 5345; x_wconf 70' lang='grc' dir='ltr'><strong>ι</strong></span> <span class='ocrx_word' id='word_1_758' title='bbox 1648 5290 1984 5365; x_wconf 80' lang='lat' dir='ltr'><strong>veritatem,</strong></span> <span class='ocrx_word' id='word_1_759' title='bbox 2026 5316 2053 5347; x_wconf 72' lang='grc' dir='ltr'>ι)</span> 
     </span>
    </p>
   </div>
   <div class='ocr_carea' id='block_1_99' title="bbox 391 5370 1140 5450">
    <p class='ocr_par' dir='ltr' id='par_1_99' title="bbox 391 5370 1140 5450">
     <span class='ocr_line' id='line_1_100' title="bbox 391 5370 1140 5450; baseline -0.004 -20"><span class='ocrx_word' id='word_1_760' title='bbox 391 5376 451 5430; x_wconf 92' lang='lat' dir='ltr'><strong>et</strong></span> <span class='ocrx_word' id='word_1_761' title='bbox 480 5370 554 5429; x_wconf 90' lang='lat' dir='ltr'><strong>ad</strong></span> <span class='ocrx_word' id='word_1_762' title='bbox 594 5370 811 5450; x_wconf 65' lang='lat' dir='ltr'><strong>marg,</strong></span> <span class='ocrx_word' id='word_1_763' title='bbox 845 5371 1140 5434; x_wconf 79' lang='grc' dir='ltr'>ἀσθένειαν,</span> 
     </span>
    </p>
   </div>
   <div class='ocr_carea' id='block_1_100' title="bbox 504 5451 1536 5534">
    <p class='ocr_par' dir='ltr' id='par_1_100' title="bbox 504 5451 1536 5534">
     <span class='ocr_line' id='line_1_101' title="bbox 504 5451 1536 5534; baseline 0.003 -26"><span class='ocrx_word' id='word_1_764' title='bbox 636 5452 905 5528; x_wconf 79' lang='grc' dir='ltr'>Γενωμαι,</span> <span class='ocrx_word' id='word_1_765' title='bbox 936 5455 1083 5532; x_wconf 78' lang='lat' dir='ltr'><strong>Reg.</strong></span> <span class='ocrx_word' id='word_1_766' title='bbox 1122 5472 1178 5534; x_wconf 67' lang='grc' dir='ltr'>ε,</span> <span class='ocrx_word' id='word_1_767' title='bbox 1212 5453 1536 5531; x_wconf 79' lang='grc' dir='ltr'>γενῶμενος.</span> 
     </span>
    </p>
   </div>
   <div class='ocr_carea' id='block_1_101' title="bbox 502 5531 2050 5613">
    <p class='ocr_par' dir='ltr' id='par_1_101' title="bbox 502 5531 2050 5613">
     <span class='ocr_line' id='line_1_102' title="bbox 502 5531 2050 5613; baseline 0.002 -26"><span class='ocrx_word' id='word_1_768' title='bbox 502 5531 602 5613; x_wconf 65' lang='grc' dir='ltr'>βἹ)</span> <span class='ocrx_word' id='word_1_769' title='bbox 638 5535 899 5609; x_wconf 80' lang='grc' dir='ltr'>Προσίτω,</span> <span class='ocrx_word' id='word_1_770' title='bbox 935 5539 993 5594; x_wconf 77' lang='grc' dir='ltr'><strong>οὐ</strong></span> <span class='ocrx_word' id='word_1_771' title='bbox 1020 5531 1143 5613; x_wconf 73' lang='grc' dir='ltr'>γάρ,</span> <span class='ocrx_word' id='word_1_772' title='bbox 1166 5531 1281 5598; x_wconf 69' lang='grc'><strong>⁷01⁵.</strong></span> <span class='ocrx_word' id='word_1_773' title='bbox 1337 5539 1395 5603; x_wconf 75' lang='grc'>1,</span> <span class='ocrx_word' id='word_1_774' title='bbox 1426 5532 1746 5613; x_wconf 85' lang='grc' dir='ltr'>προσιτέτω,</span> <span class='ocrx_word' id='word_1_775' title='bbox 1782 5534 1899 5593; x_wconf 69' lang='grc' dir='ltr'>οὐδὲ</span> <span class='ocrx_word' id='word_1_776' title='bbox 1929 5536 2050 5613; x_wconf 76' lang='grc' dir='ltr'>γάρ.</span> 
     </span>
    </p>
   </div>
   <div class='ocr_carea' id='block_1_102' title="bbox 500 5610 2046 5695">
    <p class='ocr_par' dir='ltr' id='par_1_102' title="bbox 500 5610 2046 5695">
     <span class='ocr_line' id='line_1_103' title="bbox 500 5610 2046 5695; baseline -0.002 -23"><span class='ocrx_word' id='word_1_777' title='bbox 500 5610 601 5691; x_wconf 80' lang='grc'><strong>88)</strong></span> <span class='ocrx_word' id='word_1_778' title='bbox 643 5616 943 5695; x_wconf 75' lang='grc' dir='ltr'>Πρόσκαιρα</span> <span class='ocrx_word' id='word_1_779' title='bbox 970 5610 1119 5693; x_wconf 61' lang='grc' dir='ltr'>γοῦν.</span> <span class='ocrx_word' id='word_1_780' title='bbox 1161 5614 1419 5678; x_wconf 73' lang='lat' dir='ltr'><strong>«Saltem</strong></span> <span class='ocrx_word' id='word_1_781' title='bbox 1453 5610 1524 5674; x_wconf 60' lang='grc' dir='ltr'>σά</span> <span class='ocrx_word' id='word_1_782' title='bbox 1555 5612 1719 5674; x_wconf 72' lang='lat' dir='ltr'><strong>horae</strong></span> <span class='ocrx_word' id='word_1_783' title='bbox 1747 5610 2046 5695; x_wconf 40' lang='lat' dir='ltr'><strong>tempus}</strong></span> 
     </span>
    </p>
   </div>
   <div class='ocr_carea' id='block_1_103' title="bbox 400 5690 2052 5775">
    <p class='ocr_par' dir='ltr' id='par_1_103' title="bbox 400 5690 2052 5775">
     <span class='ocr_line' id='line_1_104' title="bbox 400 5690 2052 5775; baseline 0.002 -20"><span class='ocrx_word' id='word_1_784' title='bbox 400 5690 525 5775; x_wconf 81' lang='lat' dir='ltr'><strong>Hac</strong></span> <span class='ocrx_word' id='word_1_785' title='bbox 552 5690 700 5775; x_wconf 74' lang='lat' dir='ltr'><strong>voce</strong></span> <span class='ocrx_word' id='word_1_786' title='bbox 738 5690 1031 5775; x_wconf 83' lang='lat' dir='ltr'><strong>signiﬁcat</strong></span> <span class='ocrx_word' id='word_1_787' title='bbox 1060 5695 1410 5775; x_wconf 78' lang='lat' dir='ltr'><strong>Gregorius</strong></span> <span class='ocrx_word' id='word_1_788' title='bbox 1463 5702 1701 5775; x_wconf 82' lang='lat' dir='ltr'><strong>tempus</strong></span> <span class='ocrx_word' id='word_1_789' title='bbox 1730 5703 1788 5755; x_wconf 92' lang='lat' dir='ltr'><strong>et</strong></span> <span class='ocrx_word' id='word_1_790' title='bbox 1818 5690 2052 5766; x_wconf 83' lang='lat' dir='ltr'><strong>horam,</strong></span> 
     </span>
    </p>
   </div>
   <div class='ocr_carea' id='block_1_104' title="bbox 402 5772 2055 5859">
    <p class='ocr_par' dir='ltr' id='par_1_104' title="bbox 402 5772 2055 5859">
     <span class='ocr_line' id='line_1_105' title="bbox 402 5772 2055 5859; baseline 0.002 -25"><span class='ocrx_word' id='word_1_791' title='bbox 402 5772 619 5854; x_wconf 88' lang='lat' dir='ltr'><strong>quibus</strong></span> <span class='ocrx_word' id='word_1_792' title='bbox 676 5772 862 5839; x_wconf 56' lang='lat' dir='ltr'><strong>lex&#39;a</strong></span> <span class='ocrx_word' id='word_1_793' title='bbox 920 5774 1105 5840; x_wconf 86' lang='lat' dir='ltr'><strong>certis</strong></span> <span class='ocrx_word' id='word_1_794' title='bbox 1154 5772 1554 5840; x_wconf 83' lang='lat' dir='ltr'><strong>immunditiis</strong></span> <span class='ocrx_word' id='word_1_795' title='bbox 1590 5772 1900 5842; x_wconf 83' lang='lat' dir='ltr'><strong>abstinere</strong></span> <span class='ocrx_word' id='word_1_796' title='bbox 1948 5778 2055 5859; x_wconf 90' lang='lat' dir='ltr'><strong>ju-</strong></span> 
     </span>
    </p>
   </div>
   <div class='ocr_carea' id='block_1_105' title="bbox 2140 4966 3210 5036">
    <p class='ocr_par' dir='ltr' id='par_1_105' title="bbox 2140 4966 3210 5036">
     <span class='ocr_line' id='line_1_106' title="bbox 2140 4966 3210 5036; baseline -0.002 -6"><span class='ocrx_word' id='word_1_797' title='bbox 2140 4966 2342 5033; x_wconf 86' lang='lat' dir='ltr'><strong>bebat.</strong></span> <span class='ocrx_word' id='word_1_798' title='bbox 2377 4967 2515 5032; x_wconf 90' lang='lat' dir='ltr'><strong>Bill.</strong></span> <span class='ocrx_word' id='word_1_799' title='bbox 2554 4988 2569 5029; x_wconf 92' lang='lat'><strong>:</strong></span> <span class='ocrx_word' id='word_1_800' title='bbox 2610 4991 2634 5027; x_wconf 77' lang='grc' dir='ltr'><strong>ι</strong></span> <span class='ocrx_word' id='word_1_801' title='bbox 2670 4970 2881 5033; x_wconf 90' lang='lat' dir='ltr'><strong>leviter</strong></span> <span class='ocrx_word' id='word_1_802' title='bbox 2905 4971 3143 5036; x_wconf 88' lang='lat' dir='ltr'><strong>saltem.</strong></span> <span class='ocrx_word' id='word_1_803' title='bbox 3180 4992 3210 5025; x_wconf 72' lang='grc' dir='ltr'><strong>ι</strong></span> 
     </span>
    </p>
   </div>
   <div class='ocr_carea' id='block_1_106' title="bbox 2220 5048 3387 5130">
    <p class='ocr_par' dir='ltr' id='par_1_106' title="bbox 2220 5048 3387 5130">
     <span class='ocr_line' id='line_1_107' title="bbox 2220 5048 3387 5130; baseline -0.014 -5"><span class='ocrx_word' id='word_1_804' title='bbox 2220 5050 2351 5130; x_wconf 85' lang='grc'>(89)</span> <span class='ocrx_word' id='word_1_805' title='bbox 2389 5050 2662 5115; x_wconf 81' lang='grc' dir='ltr'>Βλιπέτω.</span> <span class='ocrx_word' id='word_1_806' title='bbox 2692 5049 2756 5112; x_wconf 89' lang='lat' dir='ltr'><strong>In</strong></span> <span class='ocrx_word' id='word_1_807' title='bbox 2790 5052 3120 5127; x_wconf 87' lang='lat' dir='ltr'><strong>nonnullis,</strong></span> <span class='ocrx_word' id='word_1_808' title='bbox 3151 5048 3387 5128; x_wconf 79' lang='grc' dir='ltr'>βλέπων.</span> 
     </span>
    </p>
   </div>
   <div class='ocr_carea' id='block_1_107' title="bbox 2219 5130 3090 5213">
    <p class='ocr_par' dir='ltr' id='par_1_107' title="bbox 2219 5130 3090 5213">
     <span class='ocr_line' id='line_1_108' title="bbox 2219 5130 3090 5213; baseline 0.001 -26"><span class='ocrx_word' id='word_1_809' title='bbox 2386 5131 2596 5213; x_wconf 67' lang='grc' dir='ltr'>ᾼόγων.</span> <span class='ocrx_word' id='word_1_810' title='bbox 2630 5130 2867 5213; x_wconf 84' lang='lat' dir='ltr'><strong>Comb.,</strong></span> <span class='ocrx_word' id='word_1_811' title='bbox 2902 5133 3090 5213; x_wconf 67' lang='grc' dir='ltr'>λόγου,</span> 
     </span>
    </p>
   </div>
   <div class='ocr_carea' id='block_1_108' title="bbox 2223 5211 3288 5294">
    <p class='ocr_par' dir='ltr' id='par_1_108' title="bbox 2223 5211 3288 5294">
     <span class='ocr_line' id='line_1_109' title="bbox 2223 5211 3288 5294; baseline -0.002 -26"><span class='ocrx_word' id='word_1_812' title='bbox 2223 5212 2352 5294; x_wconf 63' lang='lat'><strong>{91)</strong></span> <span class='ocrx_word' id='word_1_813' title='bbox 2386 5211 2642 5294; x_wconf 74' lang='grc' dir='ltr'>Ἀθρόως.</span> <span class='ocrx_word' id='word_1_814' title='bbox 2678 5212 2918 5294; x_wconf 80' lang='lat' dir='ltr'><strong>Gomb.,</strong></span> <span class='ocrx_word' id='word_1_815' title='bbox 2950 5211 3039 5270; x_wconf 82' lang='grc' dir='ltr'><strong>καὶ</strong></span> <span class='ocrx_word' id='word_1_816' title='bbox 3066 5212 3288 5294; x_wconf 70' lang='grc' dir='ltr'>ᾂθρόως.</span> 
     </span>
    </p>
   </div>
   <div class='ocr_carea' id='block_1_109' title="bbox 2228 5287 3803 5372">
    <p class='ocr_par' dir='ltr' id='par_1_109' title="bbox 2228 5287 3803 5372">
     <span class='ocr_line' id='line_1_110' title="bbox 2228 5287 3803 5372; baseline -0.002 -17"><span class='ocrx_word' id='word_1_817' title='bbox 2228 5287 2347 5372; x_wconf 69' lang='lat'><strong>(92)</strong></span> <span class='ocrx_word' id='word_1_818' title='bbox 2382 5287 2554 5372; x_wconf 61' lang='grc' dir='ltr'>Λύκος</span> <span class='ocrx_word' id='word_1_819' title='bbox 2585 5287 3154 5372; x_wconf 45' lang='grc' dir='ltr'>ἈραϐικόςίΑίιυάἱί</span> <span class='ocrx_word' id='word_1_820' title='bbox 3186 5290 3260 5354; x_wconf 91' lang='lat' dir='ltr'><strong>ad</strong></span> <span class='ocrx_word' id='word_1_821' title='bbox 3305 5289 3435 5352; x_wconf 61' lang='lat' dir='ltr'><strong>hac</strong></span> <span class='ocrx_word' id='word_1_822' title='bbox 3465 5287 3651 5372; x_wconf 79' lang='lat' dir='ltr'><strong>verba</strong></span> <span class='ocrx_word' id='word_1_823' title='bbox 3677 5288 3803 5372; x_wconf 66' lang='lat' dir='ltr'><strong>Hg-</strong></span> 
     </span>
    </p>
   </div>
   <div class='ocr_carea' id='block_1_110' title="bbox 2141 5369 3805 5454">
    <p class='ocr_par' dir='ltr' id='par_1_110' title="bbox 2141 5369 3805 5454">
     <span class='ocr_line' id='line_1_111' title="bbox 2141 5369 3805 5454; baseline -0.001 -21"><span class='ocrx_word' id='word_1_824' title='bbox 2141 5369 2357 5454; x_wconf 72' lang='lat' dir='ltr'><strong>hacuc,</strong></span> <span class='ocrx_word' id='word_1_825' title='bbox 2392 5389 2432 5454; x_wconf 85' lang='lat'><strong>1,</strong></span> <span class='ocrx_word' id='word_1_826' title='bbox 2469 5371 2504 5432; x_wconf 94' lang='lat'><strong>8</strong></span> <span class='ocrx_word' id='word_1_827' title='bbox 2556 5392 2575 5454; x_wconf 18' lang='grc' dir='ltr'>ε,</span> <span class='ocrx_word' id='word_1_828' title='bbox 2613 5369 3023 5439; x_wconf 63' lang='grc' dir='ltr'>ενοιοεὶοεθε</span> <span class='ocrx_word' id='word_1_829' title='bbox 3062 5372 3220 5454; x_wconf 90' lang='lat' dir='ltr'><strong>lupis</strong></span> <span class='ocrx_word' id='word_1_830' title='bbox 3241 5369 3634 5454; x_wconf 24' lang='lat' dir='ltr'><strong>AveSpertinis.</strong></span> <span class='ocrx_word' id='word_1_831' title='bbox 3672 5391 3701 5431; x_wconf 75' lang='lat' dir='ltr'><strong>s</strong></span> <span class='ocrx_word' id='word_1_832' title='bbox 3738 5369 3805 5432; x_wconf 91' lang='lat' dir='ltr'><strong>In</strong></span> 
     </span>
    </p>
   </div>
   <div class='ocr_carea' id='block_1_111' title="bbox 2142 5448 3804 5535">
    <p class='ocr_par' dir='ltr' id='par_1_111' title="bbox 2142 5448 3804 5535">
     <span class='ocr_line' id='line_1_112' title="bbox 2142 5448 3804 5535; baseline 0.001 -21"><span class='ocrx_word' id='word_1_833' title='bbox 2142 5448 2535 5535; x_wconf 71' lang='lat' dir='ltr'><strong>Septuaginta</strong></span> <span class='ocrx_word' id='word_1_834' title='bbox 2564 5452 2781 5533; x_wconf 89' lang='lat' dir='ltr'><strong>legitur</strong></span> <span class='ocrx_word' id='word_1_835' title='bbox 2814 5472 2829 5517; x_wconf 89' lang='lat'><strong>:</strong></span> <span class='ocrx_word' id='word_1_836' title='bbox 2866 5479 2892 5511; x_wconf 74' lang='grc' dir='ltr'><strong>ι</strong></span> <span class='ocrx_word' id='word_1_837' title='bbox 2929 5454 3087 5535; x_wconf 92' lang='lat' dir='ltr'><strong>lupis</strong></span> <span class='ocrx_word' id='word_1_838' title='bbox 3119 5448 3377 5535; x_wconf 62' lang='lat' dir='ltr'><strong>Arabia},</strong></span> <span class='ocrx_word' id='word_1_839' title='bbox 3418 5474 3443 5508; x_wconf 78' lang='grc' dir='ltr'><strong>ι</strong></span> <span class='ocrx_word' id='word_1_840' title='bbox 3477 5450 3583 5530; x_wconf 88' lang='lat' dir='ltr'><strong>qui</strong></span> <span class='ocrx_word' id='word_1_841' title='bbox 3616 5460 3804 5515; x_wconf 59' lang='lat' dir='ltr'><strong>caste-</strong></span> 
     </span>
    </p>
   </div>
   <div class='ocr_carea' id='block_1_112' title="bbox 2142 5532 3539 5617">
    <p class='ocr_par' dir='ltr' id='par_1_112' title="bbox 2142 5532 3539 5617">
     <span class='ocr_line' id='line_1_113' title="bbox 2142 5532 3539 5617; baseline -0.001 -23"><span class='ocrx_word' id='word_1_842' title='bbox 2142 5532 2470 5617; x_wconf 24' lang='lat' dir='ltr'><strong>risirobore</strong></span> <span class='ocrx_word' id='word_1_843' title='bbox 2502 5540 2561 5617; x_wconf 80' lang='lat' dir='ltr'><strong>et</strong></span> <span class='ocrx_word' id='word_1_844' title='bbox 2590 5532 2949 5617; x_wconf 78' lang='lat' dir='ltr'><strong>proceritate</strong></span> <span class='ocrx_word' id='word_1_845' title='bbox 2981 5532 3118 5599; x_wconf 76' lang='lat' dir='ltr'><strong>sunt</strong></span> <span class='ocrx_word' id='word_1_846' title='bbox 3140 5532 3539 5617; x_wconf 62' lang='lat' dir='ltr'><strong>crudeliores.</strong></span> 
     </span>
    </p>
   </div>
   <div class='ocr_carea' id='block_1_113' title="bbox 2226 5610 3803 5693">
    <p class='ocr_par' dir='ltr' id='par_1_113' title="bbox 2226 5610 3803 5693">
     <span class='ocr_line' id='line_1_114' title="bbox 2226 5610 3803 5693; baseline -0.002 -16"><span class='ocrx_word' id='word_1_847' title='bbox 2226 5612 2348 5693; x_wconf 89' lang='lat'><strong>(93)</strong></span> <span class='ocrx_word' id='word_1_848' title='bbox 2388 5616 2457 5673; x_wconf 81' lang='grc' dir='ltr'><strong>Τὸ</strong></span> <span class='ocrx_word' id='word_1_849' title='bbox 2488 5610 2733 5690; x_wconf 77' lang='grc' dir='ltr'>μὲν”τοτς</span> <span class='ocrx_word' id='word_1_850' title='bbox 2766 5619 3145 5691; x_wconf 74' lang='grc' dir='ltr'>πολλοῖς,ΘίΟ.</span> <span class='ocrx_word' id='word_1_851' title='bbox 3180 5613 3319 5679; x_wconf 82' lang='lat' dir='ltr'><strong>Bill.</strong></span> <span class='ocrx_word' id='word_1_852' title='bbox 3358 5630 3372 5675; x_wconf 92' lang='lat'>:</span> <span class='ocrx_word' id='word_1_853' title='bbox 3408 5610 3560 5673; x_wconf 69' lang='lat' dir='ltr'><strong>uillis</strong></span> <span class='ocrx_word' id='word_1_854' title='bbox 3592 5610 3803 5692; x_wconf 87' lang='lat' dir='ltr'><strong>pleris-</strong></span> 
     </span>
    </p>
   </div>
   <div class='ocr_carea' id='block_1_114' title="bbox 2144 5694 3803 5837">
    <p class='ocr_par' dir='ltr' id='par_1_114' title="bbox 2144 5694 3803 5837">
     <span class='ocr_line' id='line_1_115' title="bbox 2144 5694 3803 5777; baseline 0 -22"><span class='ocrx_word' id='word_1_855' title='bbox 2144 5712 2280 5775; x_wconf 83' lang='lat' dir='ltr'><strong>que,</strong></span> <span class='ocrx_word' id='word_1_856' title='bbox 2310 5701 2371 5757; x_wconf 92' lang='lat' dir='ltr'><strong>et</strong></span> <span class='ocrx_word' id='word_1_857' title='bbox 2399 5694 2565 5756; x_wconf 86' lang='lat' dir='ltr'><strong>humi</strong></span> <span class='ocrx_word' id='word_1_858' title='bbox 2590 5698 2996 5772; x_wconf 79' lang='lat' dir='ltr'><strong>manentibus,</strong></span> <span class='ocrx_word' id='word_1_859' title='bbox 3032 5697 3149 5760; x_wconf 91' lang='lat' dir='ltr'><strong>hoc</strong></span> <span class='ocrx_word' id='word_1_860' title='bbox 3181 5695 3410 5777; x_wconf 87' lang='lat' dir='ltr'><strong>paucis,</strong></span> <span class='ocrx_word' id='word_1_861' title='bbox 3442 5708 3803 5773; x_wconf 83' lang='lat' dir='ltr'><strong>sursumque</strong></span> 
     </span>
     <span class='ocr_line' id='line_1_116' title="bbox 2144 5774 2612 5837; baseline -0.002 -1"><span class='ocrx_word' id='word_1_862' title='bbox 2144 5774 2548 5837; x_wconf 90' lang='lat' dir='ltr'><strong>tendentibus.</strong></span> <span class='ocrx_word' id='word_1_863' title='bbox 2589 5799 2612 5835; x_wconf 75' lang='grc' dir='ltr'><strong>ι</strong></span> 
     </span>
    </p>
   </div>
   <div class='ocr_carea' id='block_1_115' title="bbox 2140 5775 2612 5841">
    <p class='ocr_par' dir='ltr' id='par_1_115' title="bbox 2140 5775 2612 5841">
     <span class='ocr_line' id='line_1_117' title="bbox 2140 5775 2612 5841; baseline -0.002 -5"><span class='ocrx_word' id='word_1_864' title='bbox 2140 5775 2548 5841; x_wconf 89' lang='lat' dir='ltr'><strong>tendentibus.</strong></span> <span class='ocrx_word' id='word_1_865' title='bbox 2589 5799 2612 5835; x_wconf 75' lang='grc' dir='ltr'><strong>ι</strong></span> 
     </span>
    </p>
   </div>
  </div>
