4126 6866
234 613 316 680 29

248 753 338 815 at
382 751 531 841 κάτω
559 750 805 832 μένουσι,
834 750 896 807 τό
941 746 998 807 δὲ
1045 760 1167 812 τοῖς
1215 745 1416 827 ὀλίγοις
1464 745 1555 802 καὶ
1596 743 1706 802 ἅνω
1762 743 1960 826 φθά-Α

236 865 434 905 νουσιν,

1259 611 1538 676 ORATIO
1583 607 1858 674 XXVIII.
1905 640 1982 652 —
2026 608 2512 675 THEOLOGICA
2557 610 2634 674 II.

3553 605 3634 674 3O

1985 759 2097 804 nec
2129 761 2363 823 purum,
2400 751 2462 805 ut
2493 743 2568 805 iis
2598 751 2659 807 et
2687 743 2846 807 vesci
2870 751 2933 807 et
2958 744 3074 807 frui
3101 744 3444 810 liceat.Vult
3471 744 3635 808 enim

1979 841 2178 894 nostra
2204 833 2476 895 doctrina
2505 833 2580 895 ab
2603 833 2696 896 his
2726 833 3078 911 abscedere,
3111 844 3286 916 atque
3316 834 3398 896 ita
3428 833 3636 896 solidis

233 937 298 994 et
335 929 590 1012 lapideis
622 929 840 992 tabulis
867 927 1143 1010 inscribi,
1178 926 1358 1008 idque
1388 926 1696 1006 utrinque,
1728 921 1886 1005 quod
1918 921 2204 1012 nimtrum
2238 924 2334 985 [ex
2369 923 2581 1003 partim
2615 923 2929 1004 perSpicua
2970 923 3062 987 sit.
3114 924 3322 1004 partim
3352 923 3551 986 abdita
3581 929 3638 985 et

229 1010 500 1085 abstrusa
535 1041 548 1086 :
586 1021 734 1084 illud
767 1019 1011 1102 quidem
1043 1018 1347 1102 plerisque
1379 1015 1454 1078 ad
1485 1014 1718 1078 radices
1749 1011 1969 1076 montis
1996 1010 2488 1090 subsistentibus,
2525 1014 2638 1076 hoc
2673 1023 2869 1076 autem
2900 1015 3105 1096 paucis
3137 1015 3194 1076 in
3231 1021 3490 1076 montem
3536 1031 3632 1074 as-

233 1110 654 1175 cendentibus.

319 1191 404 1265 Γ’.
439 1201 502 1262 Τί
527 1209 686 1260 τοῦτο
735 1201 953 1274 ἔπαθον,
1007 1203 1052 1256 ὦ
1077 1197 1242 1281 φίλοι,
1276 1197 1362 1257 καὶ
1408 1195 1624 1273 μύσται,
1654 1197 1741 1251 καὶ
1799 1193 1896 1261 τῆς

237 1290 492 1360 ἀληθείας
539 1290 896 1373 συνερασταί;
952 1278 1232 1369 ’Ἑτρεχον
1283 1285 1402 1361 (94)
1475 1286 1596 1362 μὲν,
1649 1286 1722 1351 ὡς
1767 1284 1896 1340 Θεὸν

235 1381 730 1459 καταληψόμενος,
785 1381 874 1438 καὶ
932 1378 1098 1445 οὕτως
1151 1377 1376 1446 ἀνῆλθον
1427 1375 1512 1432 ἐπὶ
1542 1378 1603 1432 τὸ
1634 1373 1778 1454 ὅρος,
1812 1374 1899 1430 καὶ

239 1471 342 1537 τὴν
373 1470 600 1551 νεφέλην
660 1469 902 1550 διέσχον,
957 1468 1092 1524 εἵσω
1137 1469 1422 1546 γενόμενος
1484 1465 1590 1520 ἀπὸ
1620 1465 1719 1532 τῆς
1766 1461 1899 1529 ὕλης

238 1561 328 1617 καὶ
359 1567 465 1617 τῶν
497 1560 719 1640 ὑλικῶν,
751 1560 842 1615 καὶ
888 1559 960 1624 εἷς
993 1556 1255 1638 ἐμαυτὸν,
1297 1557 1370 1619 ὡς
1415 1553 1536 1612 οἶόν
1566 1575 1648 1628 τε,
1682 1574 1903 1632 συστρα-

236 1657 374 1730 φείς,
417 1649 567 1708 Ἐπεὶ
611 1649 667 1706 δὲ
715 1646 1084 1729 προσέϐλεψα,
1119 1645 1276 1723 μόλις
1307 1644 1452 1702 εἷόον
1511 1651 1641 1701 Θεοῦ
1670 1644 1736 1700 τὰ
1779 1643 1899 1699 ὀπί-

242 1743 370 1796 σθια
401 1738 521 1816 (95)
559 1759 572 1773 ⁸
601 1740 688 1796 καὶ
721 1746 900 1818 τοῦτο,
932 1743 1000 1814 τῇ
1059 1735 1225 1816 πέτρᾳ
1280 1734 1616 1810 σκεπασθεὶς,
1647 1734 1725 1808 τῷ
1767 1753 1902 1811 σαρ-

238 1829 462 1886 κωθὲντι
497 1827 568 1884 δι’
600 1832 742 1906 ἡμᾶς
799 1830 955 1906 Λόγῳ
1005 1826 1158 1905 (96).
1223 1826 1319 1883 Καὶ
1380 1825 1568 1903 μικρὸν
1618 1822 1899 1901 διακύψας,

238 1919 297 1975 οὒ
328 1920 429 1986 τὴν
461 1919 681 1999 πρώτην
737 1939 795 1975 τε
854 1919 944 1975 καὶ
999 1917 1269 1995 ἀκήρατον
1329 1915 1510 1996 φύσιν,
1566 1914 1655 1970 καὶ
1715 1914 1900 1988 ἑαυτῇ,

241 2007 385 2086 λέγω
417 2007 484 2076 δὴ
515 2015 584 2085 τῇ
618 2006 824 2086 Τριάδι,
879 2007 1293 2086 γινοσκομένην,
1346 2005 1433 2060 καὶ
1482 2002 1584 2071 ὅση
1613 2010 1707 2060 τοῦ
1747 2003 1901 2082 πρώ-

244 2121 339 2155 του
400 2098 880 2174 καταπετάσμοτος
938 2096 1076 2153 εἴσω
1121 2095 1294 2173 μένει,
1343 2094 1430 2150 καὶ
1488 2094 1590 2150 ὑπὸ
1646 2095 1751 2149 τῶν
1809 2113 1907 2172 χι-

244 2186 435 2266 ρουϐὶμ
493 2185 922 2266 συγκαλύπτεται
965 2185 1113 2265 (97),
1173 2181 1293 2240 ἀλλ’
1339 2182 1441 2250 ὅση
1499 2181 1775 2239 τελευταία
1815 2180 1904 2238 καὶ

243 2279 316 2342 εἷς
352 2279 499 2353 ἡμᾶς
559 2277 848 2357 φθάνουσα.
909 2267 970 2332 Ἠ
1020 2273 1072 2331 δέ
1104 2275 1268 2348 ἐστιν,
1304 2273 1402 2330 ὅσα
1447 2271 1566 2351 (98)
1594 2272 1689 2348 ἐμὲ
1733 2270 1900 2349 γινώ-

241 2389 412 2448 σκειν,
448 2369 484 2438 ἡ
520 2367 574 2423 ἐν
605 2379 723 2429 τοῖς
770 2367 1044 2442 κτίσμασι,
1107 2366 1343 2428 καὶτοῖς
1373 2360 1462 2418 ὑπ’
1507 2363 1664 2418 αὑτοῦ
1695 2357 1893 2439 προϐε-

2059 1191 2163 1255 ΙΙΙ.
2198 1195 2419 1257 Verum
2439 1194 2579 1274 quid
2616 1193 2757 1255 mihi
2792 1194 3031 1275 accidit,
3057 1215 3090 1256 ο
3127 1192 3401 1267 amici,ac
3426 1190 3639 1254 iisdem

1980 1283 2166 1345 sacris
2194 1282 2431 1364 initiati,
2459 1283 2850 1366 ejusdemque
2877 1285 3142 1348 veritatis
3163 1282 3448 1346 studiosi?
3481 1283 3635 1345 Cur-

1983 1371 2186 1433 rebam
2221 1373 2336 1436 hoc
2367 1373 2766 1454 animo,quasi
2792 1374 2978 1437 Deum
3008 1373 3637 1456 percepturus,sicque

1983 1462 2045 1523 in
2079 1472 2337 1525 montem
2362 1464 2700 1538 ascendi,ac
2726 1464 2942 1525 nubem
2978 1465 3302 1546 penetravi,
3335 1483 3369 1525 a
3393 1462 3640 1524 materia

1982 1551 2285 1634 rebusque
2332 1555 2575 1617 materia
2603 1554 3009 1616 constantibus
3039 1555 3342 1628 reductus,
3378 1562 3554 1633 atque
3576 1549 3634 1613 in

1989 1640 2308 1721 meipsum,
2345 1642 2537 1724 quoad
2573 1643 2701 1722 ejus
2749 1642 2878 1705 ﬁeri
2933 1653 3183 1723 poterat.
3220 1642 3530 1704 collectus.
3564 1638 3638 1704 Ut

1987 1741 2184 1792 autem
2211 1735 2515 1795 oculorum
2549 1733 2736 1794 aciem
2772 1733 2985 1811 adjeci,
3023 1733 3121 1794 vix
3153 1735 3267 1794 hoc
3299 1734 3471 1793 etiam
3507 1749 3637 1790 sum

1986 1830 2361 1890 consecutus,
2391 1828 2455 1882 ut
2485 1822 2594 1883 Dei
2627 1822 2954 1900 posteriora
3001 1839 3317 1883 cernerem
3347 1818 3422 1893 33,
3457 1819 3638 1899 idque

1986 1918 2174 1992 petra,
2207 1911 2318 1972 hoc
2363 1920 2471 1986 est,
2512 1910 2708 1972 Verbo
2744 1921 2961 1974 nostra:
2993 1912 3197 1974 salutis
3229 1929 3405 1973 causa
3433 1911 3637 1970 incar-

1988 2008 2145 2072 nato,
2181 2001 2709 2082 contectus.Alque
2726 2001 3091 2081 aliquantum
3118 2001 3638 2082 prospiciens,non

1990 2090 2239 2170 primam
2275 2090 2432 2151 illam
2463 2099 2519 2152 et
2543 2091 2914 2170 purissimam
2941 2090 3476 2171 naturam,sibique
3500 2088 3635 2169 ipsi,

1987 2180 2044 2240 id
2077 2190 2164 2241 est
2186 2179 2712 2253 Trinitati.notam,
2749 2200 2994 2261 quaeque
3028 2181 3218 2262 primo
3250 2181 3379 2241 velo
3410 2179 3642 2240 obtecta

1987 2278 2208 2352 manet,
2232 2280 2290 2331 et
2319 2289 2352 2332 a
2376 2271 2690 2333 cherubim
2714 2272 3041 2352 obtegitur,
3082 2271 3459 2352 conspicatus
3483 2287 3634 2332 sum.

1985 2379 2192 2421 verum
2232 2370 2590 2442 postremam
2617 2372 2794 2442 atque
2821 2361 2891 2422 ad
2927 2379 3033 2422 nos
3075 2361 3532 2441 pertingentem.
3565 2357 3646 2420 Ea

241 2455 536 2532 ὄλημένοις
561 2458 652 2513 καὶ
680 2454 1069 2532 διοικουμένοις
1102 2451 1483 2533 μεγαλειότης,
1506 2453 1565 2524 ἣ,
1594 2453 1666 2516 ὡς
1699 2452 1725 2506 ὁ
1754 2453 1896 2516 θεῖος

1997 2457 2188 2514 autem
2213 2461 2387 2526 rst,ut
2413 2452 2651 2533 quidem
2687 2453 2815 2532 ipse
2837 2453 3174 2530 cognitione
3205 2469 3642 2533 assequor,ma-

245 2544 403 2604 Δαϐὶδ
456 2547 729 2622 ὀνομάζει,
764 2543 1223 2626 μεγαλοπρέπεια.
1286 2543 1459 2601 Ταῦτα
1516 2543 1616 2622 γὰρ
1662 2547 1791 2598 Θεοῦ
1833 2540 1900 2596 τὰ

1997 2542 2162 2614 ῇιλειειδ
2193 2541 2509 2622 illa,vel,ut
2556 2542 2737 2604 David
2771 2542 3050 2623 appellat,
3087 2542 3528 2621 magniﬁcentia
3553 2537 3631 2619 ³9,

245 2636 453 2692 ὀπίσθια
490 2635 637 2715 (99),
693 2635 793 2693 ὅσα
842 2633 962 2712 μετ’
1013 2637 1220 2691 ἒκεῖνον
1276 2631 1475 2689 ἐκείνου
1531 2631 1894 2709 γνωρίσματα,

243 2724 425 2804 ὥσπερ
485 2726 537 2780 αἱ
581 2724 700 2781 καθ’
744 2722 948 2780 ὑδάτων
987 2722 1139 2791 ἡλίου
1177 2721 1320 2778 σκιαὶ
1376 2721 1465 2777 καὶ
1522 2719 1720 2781 εἰκόνες
1777 2731 1900 2782 ταῖς

242 2817 463 2890 σαθραῖς
497 2813 652 2889 ὄψεσι
698 2812 1108 2890 παραδεικνῦσαι
1160 2813 1251 2866 τὸν
1282 2809 1457 2883 ἥλιον,
1493 2808 1606 2866 ἐπεὶ
1634 2807 1713 2884 μή
1744 2809 1901 2866 αὐτὸν

241 2901 601 2982 προσϐλέπειν
629 2901 715 2983 (1)
741 2902 862 2960 οἷόν
881 2903 1046 2979 τε,τῷ
1067 2901 1350 2980 ἀκραιφνεῖ
1366 2906 1461 2955 τοῦ
1481 2901 1654 2978 φωτὸς
1673 2902 1901 2954 νικῶντα

242 2993 340 3061 τὴν
373 2993 643 3050 αἶσθεσιν.
677 2991 857 3052 Οὕτως
907 2989 994 3045 οὖν
1044 2987 1413 3068 θεολογήσεις,
1446 2987 1544 3044 κᾶν
1574 2987 1638 3064 ᾗς
1672 2992 1895 3060 Μωσῆς,

242 3085 333 3139 καὶ
361 3084 562 3160 Φαραῶ
593 3078 855 3161 Θεὸς,κᾶν
886 3079 1051 3160 μέχρι
1070 3080 1246 3158 τρίτου
1273 3077 1529 3157 (ἓ),κατὰ
1545 3077 1634 3133 τόν
1665 3075 1895 3152 Παῦλον,

245 3175 465 3251 οὐρανοῦ
494 3171 698 3251 φθάσῃς
720 3171 809 3227 καὶ
853 3171 1083 3247 ἀκούσῃς
1115 3168 1317 3248 ἄρῥητα
1346 3167 1559 3246 ῥήματα
1599 3188 1609 3198 ·
1643 3165 1742 3223 κᾶν
1771 3167 1900 3246 ὑπὲρ

245 3261 476 3326 ἱκείνους
507 3261 586 3342 (3)
616 3259 1072 3340 γένῃ,ἀγγελικης
1090 3281 1238 3323 τινος
1268 3258 1305 3326 ἢ
1341 3255 1742 3337 ἂρχαγγελικῆς
1768 3257 1900 3312 στά-

247 3353 383 3415 σεώς
419 3373 478 3408 τε
507 3353 596 3408 καὶ
625 3350 824 3416 τάξεως
866 3348 1191 3427 ἠξιωμένος,
1251 3347 1360 3407 Κᾶν
1408 3349 1508 3427 γὰρ
1540 3347 1780 3421 οὐράνιον
1819 3345 1903 3425 (4)

245 3443 409 3515 ἅπαν,
446 3440 544 3498 κᾶν
565 3440 940 3520 ὑπερουράνιόν
972 3463 1045 3514 τι,
1081 3440 1169 3495 καὶ
1199 3437 1336 3496 πολὺ
1367 3439 1464 3505 τὴν
1494 3438 1646 3516 φύσιν
1689 3435 1904 3512 ὑψηλό-

242 3552 396 3609 τερον
431 3532 586 3608 ἠμῶν
616 3531 675 3607 ᾗ,
729 3531 816 3585 καὶ
870 3529 1135 3609 ἐγγυτέρω
1170 3534 1324 3600 Θεοῦ,
1354 3526 1517 3584 πλέον
1549 3527 1743 3607 ἀπέχει
1777 3534 1906 3584 Θεοῦ

248 3621 338 3677 καὶ
365 3624 463 3689 τῆς
489 3619 693 3682 τελείας
725 3617 1152 3695 καταλήψεωςβιὶ
1185 3618 1308 3675 ὅσον
1338 3619 1494 3693 ἡμῶν
1522 3617 1786 3694 ὑπεραίρει
1815 3619 1907 3673 τοῦ

253 3709 526 3789 συνθέτου,
558 3709 646 3764 καὶ
677 3715 950 3784 ταπεινοῦ,
982 3710 1073 3765 καὶ
1117 3709 1264 3764 κάτω
1314 3708 1581 3784 βρίθοντος
1613 3707 1902 3784 κράματος.

1985 2649 2118 2710 qua).
2148 2631 2203 2692 in
2236 2630 2415 2692 rebus
2443 2631 2516 2692 ab
2550 2652 2620 2693 eo
2641 2632 2856 2695 creatis
2886 2632 3308 2712 productisque
3333 2638 3391 2692 et
3416 2629 3636 2709 guber-

1985 2719 2137 2779 natis
2167 2719 2499 2782 elucet.Dei
2515 2722 2732 2801 quippe
2756 2722 3083 2801 posteriora
3103 2730 3239 2782 sunt
3257 2737 3486 2800 ea,qua3
3505 2725 3635 2798 post

1986 2827 2122 2869 eum
2155 2810 2505 2872 exstiterunt
2545 2810 2837 2891 nobisque
2870 2811 3054 2890 ipsius
3084 2811 3286 2872 lumen
3308 2810 3634 2880 declarant,

1983 2917 2102 2960 non
2128 2917 2300 2958 secus
2318 2900 2592 2962 videlicet
2623 2920 2691 2961 ac
2721 2901 2862 2961 solis
2902 2902 2962 2961 in
3011 2902 3178 2981 aquis
3211 2898 3438 2960 umbrae
3461 2907 3640 2978 atque

1981 2988 2298 3049 simulacra
2321 2990 2768 3050 inﬁrmisoculis
2790 2991 2976 3051 solem
2994 2995 3642 3068 repraesentant,quanj

1983 3076 2304 3156 doquidem
2338 3098 2472 3141 eum
2507 3079 2737 3140 obtueri
2772 3098 2887 3140 non
2915 3097 3251 3161 possumus,
3310 3085 3510 3156 utpote
3539 3077 3639 3157 qu'

1985 3166 2135 3227 lucis
2194 3168 2447 3247 puritate
2479 3170 2617 3231 498
2647 3187 2886 3230 sensum
2936 3186 3176 3228 omnem
3221 3174 3483 3245 superat.
3550 3165 3638 3226 Ad

1985 3256 2146 3318 hunc
2176 3258 2371 3337 itaque
2405 3259 2643 3319 modum
2680 3256 2936 3335 theologi
2971 3276 3188 3319 munus
3211 3254 3611 3337 obibis,quam

1985 3346 2072 3407 vis
2104 3349 2279 3409 etiam
2325 3352 2550 3430 Moyses
2581 3350 2684 3430 sis,
2718 3348 2996 3428 Deusque
3023 3347 3645 3428 Pharaonisw,quam-

1987 3439 2074 3498 vis
2103 3438 2175 3498 ad
2213 3439 2448 3500 tertium
2483 3459 2672 3521 usque
2706 3439 2945 3512 ccelum,
2973 3438 3159 3499 instar
3191 3438 3352 3500 Pauli
3381 3434 3642 3520 “,abre-

1990 3535 2126 3607 ptus
2157 3528 2546 3609 fueris,atque
2569 3547 2786 3590 arcana
2812 3534 2990 3590 verba
3019 3528 3346 3601 audiveris;
3379 3527 3644 3609 quamvis

1991 3615 2167 3678 etiam
2191 3637 2367 3699 supra
2388 3619 2520 3680 illos
2541 3628 2808 3693 evectus,
2839 3617 3167 3696 angelicam
3205 3618 3518 3698 quamdam
3542 3623 3643 3678 aut

1990 3709 2466 3785 archangelicam
2519 3709 2722 3770 sedem
2757 3718 2814 3770 et
2839 3710 3108 3769 ordinem
3144 3708 3225 3769 sis
3257 3715 3639 3770 consecutus.

246 3800 526 3861 Creatum
560 3795 720 3860 enim
753 3813 954 3872 omne,
1009 3796 1133 3858 sive
1179 3795 1420 3857 caeleste
1464 3794 1583 3855 sive
1623 3795 2070 3877 supercmleste,
2100 3798 2237 3858 licet
2284 3797 2616 3859 sublimiori
2663 3817 2836 3879 quam
2889 3817 2996 3859 nos
3057 3806 3263 3858 natura
3308 3796 3643 3877 praeditum,

240 3890 487 3968 Deoque
519 3885 798 3963 vicinius,
839 3885 1094 3962 longiori
1130 3895 1326 3948 tamen
1357 3883 1667 3945 intervallo
1711 3902 1745 3944 a
1784 3884 1930 3961 Deo,
1967 3905 2034 3948 ac
2078 3889 2251 3969 plena
2295 3889 2396 3950 illa
2441 3895 2500 3951 et
2549 3889 2816 3949 absoluta
2854 3887 3190 3967 cognitione
3222 3887 3424 3963 distat,
3467 3905 3643 3966 quam

251 3995 369 4058 quo
388 3976 794 4058 compositam
827 3976 979 4038 hanc
1011 3985 1306 4051 nostram,
1341 3983 1402 4036 et
1423 3972 1716 4055 abjectam
1749 3982 1926 4054 atque
1955 3975 2116 4037 humi
2153 3989 2498 4055 vergentem
2527 3997 2780 4038 massam
2809 3987 3070 4057 superat.

333 4055 418 4128 Δ’.
459 4065 710 4144 Ἀρκτέον
767 4066 853 4122 οὖν
902 4065 1042 4124 οὕτω
1097 4065 1257 4122 πάλιν
1291 4081 1308 4097 ⁸
1359 4068 1488 4122 Θεὸν
1553 4069 1740 4131 νοῆσαι
1783 4065 1902 4140 μὲν,

2075 4068 2149 4129 IV
2205 4068 2344 4130 Esto
2372 4069 2544 4147 igitur
2575 4069 2686 4128 hoc
2719 4055 2968 4128 alterum
3001 4067 3285 4128 orationis
3311 4067 3648 4129 exordium.

250 4155 497 4237 χαλεπόν
532 4176 548 4194 ο
599 4157 794 4237 φράσαι
841 4154 921 4237 δὲ,
968 4155 1245 4233 ἀδύνατον,
1295 4156 1368 4220 ὤς
1400 4178 1481 4220 τις
1514 4161 1621 4212 τῶν
1657 4153 1737 4233 (5)
1787 4155 1914 4223 παρ’

246 4239 497 4313 ’Ἕλλησι
558 4244 829 4325 θεολόγων
888 4245 1301 4327 ἐφιλοσόφησεν,
1357 4249 1452 4304 οὐκ
1501 4244 1746 4324 ἀτέχνως
1797 4242 1914 4320 ἐμοὶ

248 4335 424 4409 δοκεῖ,
460 4335 556 4393 ⁸ίνα
584 4337 672 4392 καὶ
731 4334 1115 4415 κατειληφέναι
1168 4334 1294 4412 δόξῃ
1327 4336 1389 4391 τὸ
1423 4333 1666 4414 χαλεπὸν
1712 4335 1909 4411 εἰπεῖν,

248 4427 332 4481 κοὶ
390 4423 620 4504 διαφύγῃ
684 4431 762 4498 τῷ
820 4423 1166 4505 ἀνεκφράστῷ
1252 4425 1343 4480 τόν
1427 4423 1681 4503 ἔλεγχον.
1745 4420 1917 4480 Ἀλλὰ

254 4515 448 4595 φράσαι
493 4515 619 4594 μὲν,
649 4512 927 4588 ἀδύνατον,
975 4517 1048 4578 ὡς
1098 4517 1125 4571 ὁ
1172 4513 1300 4589 ἐμὸς
1345 4513 1506 4591 λόγος
1541 4532 1554 4546 ·
1591 4512 1777 4579 νοῆσαι
1833 4511 1912 4587 δὲ,

251 4603 669 4682 ἀδυνατώτερον.
728 4605 799 4661 Τὸ
860 4603 958 4679 μὲν
1017 4605 1118 4682 γὰρ
1163 4605 1377 4682 νοηθὲν,
1438 4604 1583 4683 τάχα
1644 4600 1704 4657 ἂν
1755 4599 1915 4679 λόγος

252 4691 568 4767 δηλώσειεν,
603 4694 766 4750 εἶκαὶ
824 4693 904 4769 μὴ
957 4695 1208 4773 μετρίως,
1263 4692 1384 4749 ἀλλ’
1445 4689 1688 4768 ἀμυδρῶς
1720 4711 1780 4769 γε
1838 4697 1918 4766 τῷ

251 4806 329 4860 μη
361 4783 538 4850 πάντη
568 4783 634 4841 τὰ
691 4783 804 4840 ὦτα
856 4782 1244 4865 διεφθαρμένῳ,
1277 4786 1365 4842 καὶ
1431 4787 1613 4862 νωθρῷ
1650 4782 1749 4849 τὴν
1792 4783 1913 4838 διά-

1998 4159 2184 4220 Deum
2208 4158 2508 4218 intellectu
2531 4157 2842 4237 percipere
2866 4156 3428 4236 difﬁcileestzeloqui
3453 4165 3650 4218 autem

1997 4246 2392 4326 impossibile,
2430 4259 2492 4307 ut
2526 4248 2904 4326 profanorum
2954 4247 3362 4326 theologorum
3413 4245 3650 4326 quidam

2000 4328 2223 4400 docuit,
2255 4347 2386 4389 meo
2407 4327 2649 4407 quidem
2677 4328 2928 4408 judicio,
2965 4348 3079 4388 non
3113 4326 3412 4407 incallide,
3440 4344 3656 4406 neinpe

1999 4426 2062 4479 ut
2092 4435 2161 4479 ex
2195 4436 2263 4478 eo
2287 4419 2439 4498 quod
2471 4417 2775 4479 intellectu
2797 4417 3097 4478 difficilem
3131 4416 3654 4497 afﬁrmat,opinio—

2001 4528 2140 4571 nem
2176 4509 2524 4570 hominibus
2548 4511 2774 4579 atl‘erat,
2812 4529 2877 4571 se
2902 4529 3036 4571 eum
3070 4509 3405 4589 cognitione
3438 4527 3655 4590 perce-

1999 4600 2256 4681 pisse;ex
2283 4618 2352 4660 eo
2373 4609 2568 4660 autem
2594 4600 2750 4680 quod
2788 4600 2963 4662 nullis
2985 4600 3181 4660 verbis
3206 4618 3341 4660 eum
3371 4598 3658 4679 explicari

1999 4708 2175 4772 posse
2223 4690 2325 4765 ait,
2385 4691 2495 4750 hoc
2541 4699 2697 4768 agat,
2750 4709 2824 4750 ne
2877 4690 3108 4750 inscitia
3139 4708 3244 4750 sua
3277 4689 3444 4766 prodi
3477 4698 3658 4768 atque

1998 4779 2270 4841 convinci
2305 4781 2637 4859 queat.Ego
2673 4799 2810 4840 vero
2847 4785 2926 4842 ita
2950 4781 3140 4859 potius
3165 4779 3484 4839 dicendum
3506 4796 3654 4839 cen-

329 4913 384 4958 33
411 4913 599 4978 Exod.
631 4931 841 4996 xxxnr,
868 4915 966 4978 23.
1054 4914 1109 4960 ³9
1138 4913 1297 4979 Psal.
1331 4931 1457 4989 vm,
1507 4913 1566 4974 2.
1660 4912 1714 4956 ιο
1737 4911 1926 4977 Exod.
1957 4932 2062 4986 vu,
2107 4915 2157 4977 l.
2240 4913 2287 4956 *ί
2324 4913 2372 4976 ll
2404 4917 2538 4977 Cor.
2577 4933 2682 4995 xu,
2709 4915 2765 4976 2.

329 5047 454 5130 (94)
483 5040 794 5130 ’έΕτρεχοι
843 5048 1010 5130 ΑΒΘε.
1073 5066 1133 5130 e,
1172 5053 1332 5130 tres,
1363 5045 1531 5110 Colb.
1581 5051 1664 5130 et
1699 5044 1803 5109 0r.
1833 5053 1918 5130 Δ1,

246 5126 443 5209 εἶχον(
465 5129 566 5192 Sic
597 5126 774 5191 etiam
803 5126 1042 5194 videtur
1071 5126 1292 5209 legisse
1320 5129 1531 5202 Leuv.,
1566 5126 1667 5208 qui
1700 5126 1871 5191 vertit
1903 5126 1916 5187 ὲ

249 5232 277 5264 α
299 5208 556 5291 Animus
587 5217 715 5272 erat
743 5212 946 5291 Deum,
973 5208 1521 5291 comprehendere,
1563 5233 1584 5265 ι
1619 5213 1737 5271 etc.

281 5366 294 5378 .
336 5289 460 5369 (95)
497 5293 574 5349 Τὰ
607 5293 820 5348 ὀπίσθια
852 5289 1056 5354 Schol.
1089 5289 1132 5352 τ’
1157 5292 1478 5368 Οἰκονομίαν
1509 5289 1527 5323 ⁷”
1571 5315 1597 5346 α
1635 5291 1920 5353 incarna-

253 5376 505 5429 tionem.
542 5394 568 5426 υ

337 5449 453 5533 (96)
484 5450 853 5533 Adita-Reg-
879 5470 934 5533 ³,
973 5460 1089 5533 9,εῷ
1120 5454 1306 5532 Λόγφο

339 5530 460 5615 (99)
493 5530 954 5615 Συγκαλύπτεται.
977 5531 1104 5615 Ηοο
1125 5530 1520 5615 prepitiatorii
1542 5530 1925 5615 velamen,de

249 5629 373 5694 quo
398 5610 841 5694 Exod.xxvn,3l,
875 5610 1255 5694 significatin
1271 5631 1452 5676 sensu
1473 5612 1752 5694 Gregorii
1778 5631 1923 5694 pro—
2007 5611 2068 5694 in

246 5691 611 5774 hibitionem
647 5691 1174 5774 contemplationis
1202 5713 1453 5758 summae
1475 5691 1636 5756 illius
1669 5691 1920 5756 natura.

329 5772 457 5854 (98)
486 5766 666 5836 "061.
703 5775 856 5854 Reg.
890 5766 947 5849 ii,
984 5778 1082 5836 ὡς.

338 5853 462 5935 (99)
499 5854 573 5935 ra
602 5853 836 5914 «interemi.
876 5854 1394 5928 Quemadmodum
1459 5878 1486 5910 α
1523 5853 1705 5916 facies
1755 5853 1862 5918 Dei
1887 5875 1915 5915 ι

245 5933 640 6016 substantiam
661 5945 722 5998 et
750 5936 1276 6011 deitatem,mundi
1302 5935 1606 6016 creatione
1631 5936 1922 6016 priorem,

2090 5049 2161 5124 (l)
2195 5045 2576 5126 Προσϐλέπειν,
2612 5046 2736 5127 Reg
2789 5067 2850 5114 ξι,
2880 5048 3115 5124 βλέπειν.

2090 5128 2168 5209 (2)
2198 5129 2403 5209 Τρίτον.
2441 5128 2674 5201 C0mb.,
2706 5131 2798 5209 τοῦ
2829 5133 3022 5209 τρίτου.

2090 5208 2177 5288 (3)
2216 5205 2505 5272 Ἐκείνους.
2563 5211 2708 5288 Reg.
2769 5205 2891 5285 bm,
2948 5211 3062 5272 duo
3112 5207 3277 5272 Colb.
3338 5218 3395 5269 et
3440 5205 3542 5270 Or.
3601 5207 3657 5281 l,

2007 5290 2233 5348 ἐκεῖνον.

1939 5377 1981 5428 D
2078 5371 2162 5450 (4)
2203 5367 2308 5427 Κᾶν
2340 5369 2440 5447 γὰρ
2469 5371 2733 5450 οὐράνιον,
2769 5380 2884 5432 etc.
2942 5371 3004 5432 id
3063 5371 3341 5448 intelligit
3385 5368 3553 5450 Elias
3585 5367 3659 5428 de

2017 5475 2036 5506 ι
2081 5449 2258 5532 edito,
2303 5471 2324 5506 ι
2367 5457 2424 5509 et
2448 5449 2521 5511 de
2554 5472 2582 5510 c
2618 5453 2868 5532 angelis,
2899 5477 2925 5507 ι)
2955 5453 3055 5532 qui
3079 5470 3258 5532 super
3278 5449 3469 5532 coctos
3501 5456 3658 5532 sunt:

2090 5534 2168 5674 (ἐξ)
2209 5522 2324 5593 ’Ὦς
2355 5553 2433 5593 τις
2467 5537 2594 5604 τῶν,
2630 5522 2746 5596 etc.
2791 5522 2951 5594 l’lato
2974 5522 3106 5593 'hic
3150 5522 3525 5608 intelligitur,
3560 5525 3664 5609 qui

2154 5616 2330 5674 5111090
2356 5611 2435 5671 ita
2465 5610 2643 5673 habet
2675 5633 2689 5674 ;
2740 5619 2840 5673 Τὸν
2890 5615 2988 5674 μὲν
3039 5613 3124 5668 οὗν
3156 5612 3388 5674 ποιητὴν
3418 5613 3507 5667 καὶ
3551 5633 3660 5667 πα-

2154 5610 2330 5674 ἰηιωο
2356 5611 2435 5671 ita
2465 5610 2643 5673 habet
2675 5633 2689 5674 :
2740 5619 2840 5673 Τὸν
2890 5615 2988 5688 μὲν
3039 5613 3124 5668 οὗν
3156 5612 3388 5678 ποιητὴν
3418 5613 3507 5667 καὶ
3551 5633 3660 5667 πα-

2007 5693 2131 5772 τέρα
2188 5704 2282 5752 τοῦ
2341 5694 2536 5757 πανθὸς
2587 5696 2758 5773 εὑρεῖν
2801 5697 2861 5751 τὸ
2926 5695 3101 5772 ἔργον,
3164 5695 3251 5750 καὶ
3313 5692 3528 5770 εὖρόντα
3587 5692 3662 5752 εἷς

2004 5771 2205 5839 πάντας
2252 5773 2501 5830 ἀδύνατον
2545 5771 2744 5851 λέγειν.
2777 5774 2942 5846 Quod
2992 5771 3222 5834 Tullius
3254 5771 3359 5835 lib.
3397 5773 3486 5831 De
3514 5771 3664 5832 uni-

2007 5856 2293 5917 versitate
2323 5852 2409 5912 sic
2439 5852 2638 5934 reddit
2667 5876 2679 5911 :
2721 5875 2746 5914 α
2783 5855 2952 5916 Illum
2980 5854 3220 5934 quidem
3257 5851 3424 5934 quasi
3457 5869 3672 5931 paren-

2014 5943 2130 5996 tem
2166 5936 2346 6015 hujus
2398 5933 2796 6015 universitatis
2854 5932 3122 5997 invenire
3167 5932 3408 5997 difficile
3439 5939 3550 6015 est,
3580 5939 3664 6004 et,

241 6014 328 6097 sic
363 6040 385 6069 ει
415 6015 760 6096 posteriora
793 6042 820 6074 »
862 6010 1231 6080 creationem
1265 6025 1323 6080 et
1357 6010 1795 6079 Providentiam
1829 6010 1927 6079 in-
2016 6033 2150 6077 cum
2177 6010 2301 6096 jain
2327 6012 2658 6097 inveneris,
2691 6016 2956 6080 indicare
2985 6015 3045 6077 in
3078 6015 3307 6093 vulgus,
3358 6010 3544 6074 nefas;
3589 6035 3615 6066 ι

253 6094 490 6159 dicant.
