4126 6398
410 333 479 400 31
1655 335 1714 396 S.
1763 333 2123 397 GREGORII
2171 331 2556 396 THEOlDGl

3727 331 3807 397 32

410 489 537 547 seo,
573 471 680 537 Dei
716 479 992 534 naturam
1042 471 1220 534 nullis
1268 470 1512 551 quidem
1565 470 1763 532 verbis
1793 470 2067 550 explicari

2162 492 2328 533 νοιαν,
2389 474 2460 530 Τὸ
2491 472 2543 528 δὲ
2597 477 2817 531 τοσοῦτο
2845 475 2928 549 (6)
2958 480 3179 552 πρᾶγμα
3207 481 3276 550 τῇ
3325 473 3523 546 διανοίᾳ

408 581 608 644 posse;
641 562 840 624 animo
871 569 1068 624 autem
1103 571 1278 642 atque
1301 561 1600 623 iniellectu
1634 561 2061 642 comprehendi

411 651 596 713 multo
617 653 813 714 minus
833 649 1182 732 posse.Nam
1209 656 1363 731 quod
1386 653 1519 732 quis
1536 652 1735 713 animo
1757 662 1813 712 et
1834 651 2062 712 ratione

412 741 759 820 complexus
783 739 986 812 fuerit,
1019 739 1074 800 id
1107 758 1347 820 quoque
1379 741 1624 802 fortasse
1657 758 1934 800 sermone
1957 741 2059 801 de-

409 830 642 892 clarare
683 838 878 911 queat,
904 831 954 890 si
987 848 1063 889 ne
1096 829 1477 891 mediocriter
1506 831 1834 911 quidem,at
1855 829 2061 891 saltem

415 919 689 994 obscure,
714 919 888 980 modo
927 920 1260 980 auditorem
1307 928 1514 980 nactus
1561 921 1632 980 sit
1667 938 1782 979 non
1815 919 2058 980 omnino

411 1008 962 1090 surdum,tardique
985 1017 1041 1068 et
1070 1009 1288 1088 stupidi
1319 1009 1562 1087 ingenii.
1592 1010 1662 1070 At
1688 1028 1813 1069 rem
1839 1017 2055 1069 tantam

411 1098 609 1159 animo
629 1098 1414 1178 comprehendere,omnino
1439 1098 1806 1178 impossibile
1824 1108 2060 1174 est,non

414 1188 588 1248 modo
617 1187 840 1266 ignavis
873 1196 930 1248 et
979 1188 1297 1265 languidis,
1328 1188 1727 1268 deorsumque
1757 1189 2055 1266 vergenti-

414 1274 546 1351 bus,
580 1277 680 1337 sed
717 1277 944 1356 magnis
994 1277 1170 1338 etiam
1227 1286 1286 1338 et
1336 1277 1590 1338 excelsis
1640 1277 1780 1338 viris
1836 1279 2058 1359 Deique

410 1383 610 1427 amore
643 1367 926 1447 praeditis,
975 1385 1041 1427 ac
1077 1365 1425 1427 mortalibus
1459 1385 1730 1446 peraeque
1757 1368 2056 1440 omnibus,

411 1454 630 1537 quibus
679 1457 751 1518 ad
801 1457 922 1516 veri
981 1454 1378 1534 cognitionem
1413 1457 1598 1533 caligo
1632 1457 1755 1517 haec
1787 1466 1845 1518 et
1870 1460 2061 1518 carnis

2146 558 2284 631 δεῖν,
2347 561 2560 625 πάντως
2611 561 2864 619 ἀδύνατον
2921 565 3009 620 καὶ
3062 563 3379 643 ἀμήχανον,
3426 570 3502 637 μη
3549 562 3628 618 ὅτι
3679 574 3800 624 τοῖς

2143 648 2721 722 καταϐεϐλακευμὲνοις
2771 653 2850 730 (7)
2884 654 2974 708 καὶ
3007 655 3150 708 κάτω
3195 655 3451 724 νεύουσιν,
3513 650 3650 707 ἀλλὰ
3709 652 3797 707 καὶ

2145 752 2263 802 τοῖς
2297 738 2411 794 λίαν
2444 739 2679 814 ὑψηλοῖς
2735 762 2792 797 τε
2836 744 2924 797 καὶ
2985 741 3275 821 φιλοθέοις,
3306 743 3394 798 καί
3420 743 3618 813 ὁμοίως
3646 740 3795 816 πάσῃ

2147 835 2377 906 γεννητῇ
2411 829 2494 908 (8)
2534 832 2706 909 φύσει,
2737 833 2825 887 καὶ
2853 833 2940 893 οἷς
2971 834 2998 887 δ
3047 831 3201 910 Εόφος
3250 831 3400 893 οὗτος
3455 831 3792 908 ἐπιπροσθεῖ,

2144 921 2229 974 καὶ
2279 921 2339 974 τὸ
2399 921 2549 999 παχὺ
2608 931 2760 978 τούτο
2821 925 3056 998 σαρκίον,
3105 924 3235 996 πρὸς
3281 923 3377 988 τὴν
3423 929 3516 977 τοῦ
3569 919 3794 986 ἀληθοῦς

2144 1009 2466 1074 κατανόησιν
2499 1032 2508 1042 ·
2547 1013 2641 1067 οὒκ
2671 1010 2794 1066 οἶδα
2824 1010 2877 1066 δὲ
2909 1011 3013 1082 (9),
3056 1014 3098 1066 εί
3133 1013 3209 1086 μὴ
3260 1015 3347 1068 καὶ
3392 1025 3514 1074 ταῖς
3553 1009 3802 1086 ἀνωτέρω

2145 1101 2230 1156 καὶ
2288 1114 2498 1175 νοεραϊς
2529 1101 2747 1180 φύσεσιν
2777 1120 2790 1133 ·
2826 1115 2907 1172 αϊ,
2942 1099 3025 1156 διὰ
3071 1103 3132 1157 τὸ
3184 1102 3411 1168 πλησίον
3446 1101 3589 1156 εἶναι
3645 1105 3797 1170 θεοῦ,

2148 1191 2232 1244 καὶ
2277 1188 2386 1263 ὅλῳ
2415 1195 2492 1261 τῷ
2542 1192 2674 1270 φωτὶ
2732 1190 3200 1270 καταλάμπεσθαι,
3247 1194 3411 1270 τυχὸν
3458 1190 3520 1246 ἂν
3548 1191 3633 1245 καὶ
3665 1208 3804 1267 τρο·-

2143 1293 2341 1354 νοϊντο,
2407 1281 2449 1334 εί
2505 1282 2590 1336 καὶ
2650 1282 2726 1355 μὴ
2783 1282 2980 1356 πάντη,
3044 1281 3162 1336 ἀλλ’
3251 1285 3405 1352 ἡμῶν
3477 1302 3536 1358 γε
3611 1276 3804 1334 τελεώ-

2143 1369 2293 1446 τερόν
2325 1391 2380 1424 τε
2412 1371 2498 1424 καὶ
2531 1369 2915 1448 ἐκτυπώτερον,
2965 1373 3052 1427 καὶ
3112 1371 3289 1426 ἄλλων
3341 1368 3496 1425 ἄλλαι
3544 1368 3736 1424 πλεῖον
3765 1365 3800 1433 ἢ

2146 1457 2386 1537 ἔλαττον,
2424 1462 2558 1514 κατὰ
2590 1462 2688 1525 την
2710 1460 2994 1536 ἀναλογίαν
3017 1467 3115 1526 τῆς
3145 1460 3363 1525 τάξεως.

413 1544 713 1606 crassities
743 1543 1022 1606 tenebras
1053 1545 1328 1606 otl'undit.
1361 1547 1556 1624 Atque
1579 1545 1736 1604 haud
1771 1545 1893 1605 scio
1927 1565 1999 1606 an
2035 1548 2145 1608 hoc
2177 1565 2414 1628 quoque
2461 1546 2912 1609 sublimioribus
2943 1547 3061 1608 illis
3093 1557 3150 1608 et
3181 1544 3654 1623 intelligentibus
3684 1561 3800 1604 na-

414 1632 582 1705 turis,
622 1643 895 1710 negatum
920 1653 1036 1695 non
1069 1634 1165 1706 sit;
1201 1653 1330 1709 qua:
1371 1636 1504 1715 quia
1535 1637 1654 1696 Deo
1721 1637 1961 1714 propius
1985 1637 2207 1716 junctae
2239 1648 2400 1710 sunt,
2437 1655 2504 1697 ac
2553 1645 2672 1696 toto
2723 1638 2818 1697 illa
2849 1637 3170 1715 splendore
3202 1638 3501 1699 collucent
3551 1650 3801 1695 cernere

412 1721 617 1802 utique
650 1723 897 1785 fortasse
924 1732 1160 1804 queant,
1193 1724 1238 1782 si
1274 1742 1386 1783 non
1417 1741 1682 1802 prorsus,
1718 1744 1784 1786 ac
1817 1737 1976 1786 certe
2011 1725 2242 1804 plenius
2271 1743 2446 1804 quam
2480 1744 2589 1787 nos
2621 1735 2678 1786 et
2710 1726 2985 1802 solidius,
3013 1736 3190 1802 atque
3223 1728 3350 1789 alia;
3373 1726 3528 1806 aliis,
3560 1741 3663 1804 pro
3687 1741 3799 1784 cu-

409 1808 631 1890 jusque
651 1812 884 1884 ordine,
913 1811 1002 1873 vel
1035 1811 1298 1880 uberius,
1335 1813 1422 1874 vel
1459 1814 1714 1891 parcius.

500 1897 574 1962 V.
598 1899 712 1963 Sed
739 1901 816 1963 de
847 1902 954 1962 hac
987 1920 1053 1962 re
1087 1902 1181 1962 hic
1207 1900 1630 1974 sitlinis.Quod
1653 1910 1848 1964 autem
1863 1902 1935 1963 ad
1962 1922 2067 1964 nos

2235 1894 2317 1961 κ’.
2354 1913 2519 1962 Τοῦτο
2552 1904 2648 1978 μὲν
2681 1905 2769 1960 οὖν
2801 1903 3020 1961 ἐνταῦθα
3071 1906 3259 1962 κείσθω
3297 1924 3312 1939 ·
3344 1907 3405 1960 τὸ
3435 1903 3489 1959 δὲ
3519 1902 3804 1977 ἡμέτερον,

416 1990 771 2061 attinet,non
798 2010 904 2070 pax
931 1991 1338 2052 tantummodo
1364 1989 1462 2052 Dei
1489 2001 1806 2070 exsuperat
1827 2011 2062 2053 omnem

412 2088 669 2140 mentem
707 2089 765 2142 et
788 2081 1186 2159 cognitionem
1208 2077 1401 2154 “meo
1431 2099 1803 2161 quaecunque
1836 2083 1927 2151 iis,
1964 2081 2065 2162 qui

401 2168 689 2246 justitiam
724 2169 1187 2241 coluerint,499
1210 2171 1268 2230 in
1290 2168 1508 2230 divinis
1540 2170 2067 2249 pollicitationibus

407 2258 716 2318 recondita
747 2267 1047 2338 sunt,quae
1078 2278 1188 2320 nec
1219 2258 1406 2320 oculis
1455 2259 1642 2330 cerni,
1682 2279 1791 2320 nec
1823 2261 2065 2320 auribus

406 2345 746 2427 excipi,nec
774 2349 974 2408 animo
992 2348 1237 2426 cogitari
1261 2367 1327 2408 ac
1350 2347 1808 2428 perspici‘3,nisi
1834 2350 2060 2411 tenuis-

410 2435 587 2514 sime,
615 2444 1004 2516 possunt,nec
1044 2447 1248 2498 exacta
1278 2447 1335 2499 et
1365 2437 1630 2499 absoluta
1663 2457 1859 2501 rerum
1893 2458 2065 2500 crea-

411 2532 603 2586 tarum
637 2524 892 2604 cognitio
929 2529 1088 2603 (nam
1139 2527 1174 2587 h
1199 2545 1348 2588 trum
1385 2548 1619 2609 quoque
1655 2538 1708 2589 te
1740 2531 1896 2590 solas
1929 2548 2064 2589 um-

413 2612 549 2674 bras
581 2620 785 2675 tenere
807 2615 965 2675 haud
999 2615 1403 2697 dubites,cum
1423 2619 1785 2698 Scripturam
1819 2619 1888 2679 ad
1913 2619 2068 2678 hunc

415 2702 652 2763 modum
669 2703 1010 2782 loquentem
1031 2705 1314 2768 audieris:
1335 2705 1551 2769 Videbo
1572 2707 1955 2788 calos,0pera
1981 2709 2071 2769 di-

418 2796 680 2868 gitomm
707 2794 1200 2874 tuorum,lunam
1229 2805 1286 2859 et
1315 2798 1522 2860 stellas
1537 2801 1620 2878 ιι,
1655 2817 2070 2879 eamque,quaa

414 2879 560 2960 ipsis
585 2881 765 2961 inest,
802 2883 1034 2943 ﬁrmam
1059 2895 1115 2945 et
1148 2884 1420 2946 stabilem
1450 2887 1763 2963 rationem,
1821 2889 2070 2966 perinde

423 2970 654 3032 scilicet
681 2979 856 3051 atque
885 2971 945 3032 in
980 2973 1088 3033 hac
1109 2975 1221 3036 vita
1247 2994 1315 3037 ea
1334 2975 1579 3036 minime
1601 2976 1946 3044 videnssed
1970 2977 2069 3038 ali-

423 3059 664 3140 quando
723 3070 1161 3141 perspecturus)
1217 3085 1231 3125 :
1288 3065 1390 3127 sed
1427 3067 1612 3126 multo
1648 3066 1833 3142 magis
1868 3076 2072 3126 natura

2150 1997 2254 2073 οὐχ
2311 1995 2344 2060 ἡ
2405 1995 2591 2071 εἶρηιη
2638 2003 2730 2050 τοῦ
2777 2003 2908 2051 Θεοῦ
2939 1997 3099 2068 μόνον
3159 1994 3410 2074 ὑπερέχει
3462 1996 3635 2048 πάντα
3689 1997 3810 2045 νοῦν

2150 2084 2236 2138 καὶ
2297 2082 2634 2156 κατάληψιν,
2671 2081 2786 2140 οὖδέ
2823 2081 2920 2139 ὅσα
2953 2098 3068 2147 τοῖς
3102 2083 3321 2145 δικαίοις
3357 2083 3494 2139 ἐστὶν
3546 2081 3598 2136 ὲν
3645 2082 3810 2155 ὶπαγ-

2148 2171 2352 2249 γελίαις
2413 2172 2762 2247 ἀποκείμενα,
2818 2175 2884 2228 τὰ
2945 2176 3082 2247 μήτε
3115 2170 3572 2252 ὀφθαλμοῖς
3618 2169 3805 2248 ὁρατὰ,

2149 2265 2287 2338 μήτε
2351 2264 2480 2320 ὠσὶν
2511 2265 2770 2344 ἀκουστὰ,
2815 2267 2950 2338 μήτε
2985 2264 3188 2338 διανοίᾳ
3243 2266 3505 2342 Θιωρητὰ,
3551 2264 3686 2319 κατὰ
3718 2284 3777 2336 μι

2150 2355 2276 2429 κρὸν
2332 2360 2481 2430 γοῦν,
2517 2353 2635 2409 ο-Βδὲ
2693 2357 2726 2421 ἦ
2762 2355 2859 2421 τῆς
2919 2356 3141 2418 κτίσεως
3194 2353 3419 2434 ἀκριϐὴς
3479 2353 3802 2418 κατανόησις

2150 2443 2260 2522 (καὶ
2303 2445 2402 2520 γὰρ
2452 2445 2540 2500 καὶ
2584 2445 2778 2510 ταύτης
2835 2445 3076 2524 πείσθητι
3148 2446 3243 2507 τὰς
3287 2446 3436 2508 σκιὰς
3491 2443 3645 2524 ἔχειν
3704 2442 3803 2515 μό-

2151 2555 2262 2607 νον,
2325 2531 2451 2588 ὅταν
2511 2533 2743 2609 ἀκούσῃς
2779 2551 2793 2565 ⁸
2871 2523 3131 2610 Ἴοψομαι
3189 2537 3310 2597 τοὺς
3355 2536 3628 2613 οὐρανοὺς,
3675 2532 3801 2610 ῑργα

2152 2629 2258 2678 τῶν
2341 2621 2619 2679 δακτύλων
2707 2645 2823 2702 σου,
2912 2625 3147 2692 σελήνην
3228 2626 3316 2680 καὶ
3400 2624 3646 2701 ἀστέρας,
3718 2621 3804 2676 καὶ

2153 2714 2245 2768 τὸν
2277 2713 2331 2768 ὲν
2363 2714 2551 2774 αὐτοῖς
2583 2714 2776 2790 πάγιον
2808 2711 2970 2790 λόγον
3003 2729 3018 2744 ⁸
3073 2716 3146 2776 ὡς
3179 2715 3302 2793 οὖχὶ
3347 2716 3433 2768 νῦν
3485 2715 3643 2790 ὁρῶν,
3678 2710 3812 2783 ὀψό-

2156 2823 2313 2878 μενος
2346 2801 2399 2857 δὲ
2432 2802 2574 2858 ἔστιν
2618 2802 2728 2872 ὅτε)
2766 2824 2778 2837 ⁶
2833 2802 2969 2858 ἀλλα
3024 2803 3161 2859 πολὺ
3211 2806 3313 2881 πρὸ
3342 2805 3567 2870 τούτων,
3615 2804 3648 2868 ἡ
3680 2802 3809 2877 ὑπὲρ

2156 2900 2344 2970 ταῦτα,
2381 2894 2465 2947 καὶ
2495 2891 2547 2957 ἑξ
2601 2894 2665 2960 ἧς
2719 2892 2906 2966 ταῦτα,
2967 2893 3119 2972 φύσις
3153 2892 3394 2958 ἄληπτός
3443 2913 3500 2948 τε
3530 2893 3618 2948 καὶ
3672 2892 3809 2945 ἀπε-

2156 2979 2415 3060 ρίληπτος
2452 2997 2466 3011 ⁶
2505 2981 2650 3060 λέγω
2681 2980 2758 3053 δέ,
2794 2986 2897 3062 οὐχ
2929 2981 3009 3037 ὅτι
3045 2982 3211 3062 ἔστιν,
3247 2980 3364 3037 ἀλλ’
3397 2981 3430 3047 ἦ
3461 3004 3539 3043 τις
3573 2980 3820 3040 ἐστιν,οὺ

2157 3071 2256 3148 γὰρ
2279 3072 2432 3126 κενὸν
2463 3070 2585 3149 (Η)
2617 3072 2678 3126 τὸ
2709 3072 2961 3148 κήρυγμα
2992 3073 3172 3146 ἡμῶν,
3227 3069 3340 3130 οὐδὲ
3399 3071 3596 3145 ματαία
3647 3071 3680 3136 ἡ
3729 3070 3812 3123 πί·

422 3149 530 3210 illa
558 3149 650 3210 his
680 3148 1014 3232 sublimior,
1049 3161 1107 3216 et
1137 3173 1205 3215 ex
1233 3174 1344 3235 qua
1377 3156 1503 3217 haec
1545 3155 1833 3234 originem
1875 3165 2067 3216 traxe-

2160 3181 2272 3221 στις
2309 3162 2488 3234 ἡμῶν,
2525 3148 2642 3219 ούδὲ
2683 3161 2836 3217 τοῦτό
2893 3162 3038 3217 ἐστιθ
3080 3163 3108 3218 δ
3150 3160 3536 3238 δογματίζομεν
3576 3160 3677 3235 (μὴ
3708 3159 3812 3213 πά-

420 3247 826 3320 runt,captum
852 3259 1089 3304 omnem
1117 3252 1172 3306 et
1189 3247 1780 3324 comprehensionem
1811 3253 2072 3325 superat.

415 3327 540 3390 Nec
569 3346 708 3393 vero
735 3329 859 3391 hac
893 3332 1066 3394 verba
1098 3333 1175 3394 ita
1201 3336 1389 3416 accipi
1415 3336 1618 3417 velim,
1653 3335 1816 3416 quasi
1850 3335 2073 3414 percipi

415 3437 534 3480 non
570 3437 742 3494 posse
765 3419 1145 3503 dicam,quod
1180 3426 1256 3485 sit
1282 3429 1459 3502 Deus,
1494 3427 1598 3487 sed
1627 3426 1792 3507 quid,
1818 3437 1876 3486 et
1901 3426 2073 3506 quale

420 3508 519 3570 sit.
546 3507 753 3589 Neque
785 3511 944 3571 enim
977 3512 1172 3574 inanis
1209 3525 1296 3576 est
1329 3516 1666 3596 praedicatio
1701 3525 1923 3588 nostra,
1963 3535 2071 3577 nec

2158 3248 2239 3304 λιν
2274 3251 2374 3317 την
2423 3251 2832 3327 εὐγνωμοσύνην
2872 3253 3028 3326 ἡμῶν
3062 3252 3234 3312 ἂθείας
3283 3248 3452 3325 λάϐῃς
3510 3249 3690 3328 ἀρχὴν
3721 3249 3806 3303 καὶ

2159 3340 2543 3416 συκοφαντίας,
2601 3343 2690 3397 καὶ
2732 3345 3065 3419 κατεπαρθῇς
3110 3345 3182 3404 ὡς
3232 3340 3353 3418 (12)
3399 3338 3806 3415 ὁμολογούντων

2154 3429 2253 3496 τὴν
2287 3430 2547 3522 ἄγνοιανὶ,
2608 3429 2872 3488 Πλεῖστον
2927 3433 3026 3508 γὰρ
3059 3430 3290 3508 διαφέρει
3325 3436 3414 3485 τοῦ
3448 3429 3589 3484 εἶναί
3632 3450 3679 3481 τι
3711 3448 3806 3481 πε-

2155 3523 2394 3588 πεῖσθαι,
2443 3519 2585 3576 τὸτί
2615 3521 2744 3577 ποτέ
2775 3521 2886 3577 ἐστι
2918 3528 3074 3576 τοῦτο
3100 3519 3311 3578 εἰδέναι.

416 3616 563 3689 vana
596 3598 744 3689 ﬁdes
779 3609 978 3662 nostra
1006 3601 1081 3674 ‘5;
1118 3623 1228 3665 nec
1272 3605 1327 3665 id
1363 3616 1474 3672 est,
1505 3605 1662 3687 quod
1707 3615 2004 3666 astrumus
2055 3610 2149 3682 (ne
2179 3625 2388 3670 rursus
2437 3607 2497 3668 id
2547 3609 2704 3689 quod
2762 3609 2947 3688 probe
2992 3607 3369 3686 candideque
3421 3606 3705 3683 diximus,
3745 3604 3807 3664 in

418 3686 742 3765 impietatis
773 3697 831 3750 et
861 3692 1176 3754 calumniae
1199 3686 1614 3774 argumentum
1639 3695 1859 3773 trahas,
1893 3713 1958 3754 ac
1996 3695 2191 3772 nobis,
2228 3707 2294 3758 ut
2323 3686 2713 3776 ignorantiam
2751 3686 3203 3769 conﬁtentibus,
3232 3705 3580 3776 arroganter
3605 3693 3804 3756 insul-

423 3777 916 3867 test._Plurimum
943 3801 1199 3864 namque
1225 3785 1492 3866 interest,
1518 3794 1678 3847 certo
1713 3784 1817 3845 tibi
1844 3785 2202 3865 persuadeas
2233 3785 2461 3867 aliquid
2486 3805 2643 3858 esse,
2677 3785 2926 3867 an,quid
2960 3793 3176 3846 tantem
3212 3785 3355 3846 illud
3389 3785 3488 3860 sit,
3522 3799 3805 3863 comper-

420 3869 542 3924 tum
567 3863 808 3929 habeas.

504 3951 602 4016 VI.
627 3953 856 4018 Etenim
892 3961 1046 4040 quod
1083 3961 1238 4025 Deus
1269 3966 1364 4045 sit,
1399 3985 1466 4026 ac
1497 3965 1778 4046 princeps
1804 3963 2071 4042 quaedam

427 4060 767 4126 causa,quaa
800 4067 897 4110 res
922 4070 1139 4114 omnes
1173 4057 1702 4136 procrearil.,atque
1732 4061 2067 4124 conservet,

430 4138 555 4193 tum
588 4136 744 4196 oculi
777 4137 911 4219 ipsi,
948 4150 1068 4202 tum
1107 4143 1195 4204 lex
1230 4145 1511 4206 naturalis
1543 4144 1780 4216 docent;
1817 4140 2070 4214 illi,dum

418 4220 603 4284 rebus
634 4224 693 4285 in
726 4241 1029 4306 aspectum
1055 4233 1400 4295 cadentibus
1431 4235 1616 4296 aciem
1642 4233 1908 4312 altigunt,
1937 4248 2073 4290 eas-

424 4329 537 4391 que
567 4322 623 4373 et
653 4315 896 4394 pulchre
928 4321 1071 4382 ﬁxas
1112 4332 1169 4384 et
1199 4324 1441 4386 stabiles
1490 4343 1648 4396 esse,
1682 4333 1737 4383 et
1774 4319 2072 4402 progredi.

423 4411 605 4500 atque
637 4402 976 4500 immote,ut
1005 4412 1086 4472 ita
1113 4413 1564 4496 dicam,mOVeri
1597 4413 1868 4490 volvique
1902 4426 2075 4489 pers-

434 4495 690 4568 piciunt:
731 4495 854 4557 haec
887 4504 1252 4575 autem,dum
1276 4523 1380 4586 per
1409 4523 1506 4566 res
1529 4503 1716 4565 oculis
1749 4501 2071 4580 subjectus,

2236 3955 2342 4040 ς’.
2401 3971 2504 4024 Τοῦ
2560 3964 2659 4040 μὲν
2703 3966 2804 4044 γὰρ
2867 3966 3006 4022 εἶναι
3073 3967 3226 4041 Θεὸν,
3287 3967 3374 4021 καὶ
3436 3965 3536 4031 τὴν
3594 3965 3810 4019 πάντων

2157 4057 2447 4124 ποιητικήν
2504 4075 2561 4110 τε
2624 4057 2712 4110 καὶ
2769 4055 3081 4121 συνεκτικὴν
3120 4055 3312 4132 αὶτίαν,
3371 4056 3456 4108 καὶ
3514 4052 3635 4128 ὄψις
3667 4051 3810 4108 διδά-

2158 4143 2377 4221 σκαλος,
2425 4145 2512 4200 καὶ
2570 4146 2596 4200 ὁ
2638 4146 2856 4224 φυσικὸς
2893 4145 3076 4219 νόμοςο
3126 4146 3160 4211 ἡ
3212 4145 3308 4216 μὲν
3353 4156 3470 4206 τοῖς
3514 4141 3806 4221 δρωμένοις

2157 4230 2587 4310 προσϐάλλουσα,
2648 4235 2736 4290 καὶ
2803 4234 3077 4312 πεπηγόσι
3156 4231 3356 4305 καλῶς,
3413 4234 3500 4288 καὶ
3544 4232 3804 4306 ὁδεύουσι,

2159 4325 2247 4379 καὶ
2291 4323 2586 4396 ἀκινήτως,
2631 4322 2725 4379 ἵνα
2755 4322 2921 4382 οὕτως
2976 4322 3139 4402 εἴπω,
3195 4324 3524 4396 κινουμένοις
3570 4325 3656 4378 καὶ
3704 4343 3806 4400 φε-

2160 4411 2398 4491 ρομένοις
2434 4430 2450 4448 ⁸
2499 4415 2526 4469 ὁ
2556 4411 2633 4486 δὲ,
2672 4412 2757 4469 διὰ
2799 4421 2908 4469 τῶν
2965 4415 3250 4492 ὁρωμενων
3298 4413 3384 4467 καὶ
3442 4411 3805 4490 τεταγμένων,

2159 4504 2251 4558 τὸν
2297 4502 2544 4582 ἀρχηγὸν
2575 4503 2776 4559 τούτων
2820 4501 3285 4580 συλλογιζόμενος.
3341 4507 3460 4564 Πῶς
3505 4503 3605 4579 γὰρ
3635 4500 3694 4556 ἂν
3725 4503 3813 4557 καὶ

428 4596 498 4640 ac
518 4592 685 4670 recto
720 4586 927 4648 ordine
970 4592 1312 4670 collocatas,
1347 4604 1646 4656 auctorem
1681 4609 1883 4653 earum
1916 4597 2067 4649 certe

2162 4591 2364 4659 ὑπέστη
2421 4591 2540 4648 τόδε
2602 4594 2662 4648 τὸ
2721 4599 2850 4670 πᾶν,
2886 4593 2922 4661 ἢ
2977 4592 3225 4664 συνέστη,
3283 4590 3362 4666 μὴ
3395 4593 3526 4646 Θεοῦ
3553 4593 3618 4647 τὰ
3642 4592 3815 4646 πάντα

426 4669 669 4766 quidem
689 4676 1097 4743 ratiocinanth
1121 4683 1748 4766 assequitur.Quonam
1775 4679 1934 4742 enim
1963 4697 2067 4738 mo.

2168 4682 2252 4736 καὶ
2310 4681 2666 4745 οὖσιώσαντος
2707 4685 2791 4738 καὶ
2837 4681 3158 4762 συνέχοντος
3196 4700 3212 4755 ς
3263 4677 3392 4738 Οὐδὲ
3450 4681 3549 4758 γὰρ
3601 4681 3814 4758 κιθάραν

433 4755 510 4854 do
543 4760 814 4826 universa
833 4767 957 4830 haec
978 4789 1174 4834 rerum
1205 4755 1390 4836 moles
1410 4773 1805 4854 velproducta
1819 4785 2067 4848 unquam

2163 4793 2242 4834 τις
2274 4773 2409 4850 ὁρῶν
2441 4771 2701 4829 κάλλιστα
2759 4755 3101 4848 ἠσκημένην,
3136 4771 3222 4826 καὶ
3271 4771 3371 4837 τὴν
3415 4755 3613 4836 ταύτης
3651 4755 3809 4848 εὔαρ-

425 4845 654 4926 fuisset,
692 4855 780 4916 vel
812 4859 1187 4930 consisteret.
1217 4864 1330 4926 nisi
1360 4845 1743 4926 Deus-omnia
1782 4861 1842 4920 in
1877 4845 2067 4931 rerum

2164 4845 2387 4936 μοστίαν
2471 4864 2558 4918 καὶ
2643 4845 2920 4943 εὗταξῖἒξν,
2983 4861 3020 4929 ἢ
3100 4865 3196 4928 τῆς
3279 4858 3586 4938 κιθαρῳδίας
3644 4845 3808 4926 αύτῆς

507 4981 562 5026 ⁴²
590 4987 813 5073 Philip.
845 5009 922 5071 iv,
959 4997 1015 5061 'l.
1099 4998 1152 5043 ιθ
1182 4998 1206 5061 I
1235 5002 1375 5064 Cor.
1410 5017 1472 5074 ιι,
1507 5000 1566 5064 9.
1651 4997 1818 5059 uPs.
1865 5012 1995 5076 vui,
2032 5000 2093 5062 4.
2177 4999 2231 5043 ‘5
2259 5002 2282 5064 Ι
2312 5000 2445 5064 Cor.
2469 5020 2565 5078 xv,
2595 5001 2692 5069 14.

638 5133 888 5188 Τοσοὺτο.
954 5130 1136 5213 Regg.
1199 5153 1254 5208 a,
1317 5133 1414 5195 bm
1467 5141 1524 5194 et
1569 5131 1673 5196 Or.
1731 5133 1789 5212 1,
1840 5144 2072 5206 τοιοῦτο,

431 5221 460 5254 α
495 5202 697 5268 talem.
736 5232 758 5263 I

643 5287 1253 5367 Κειταϐεϐλακευμὲνοικ
1314 5294 1438 5356 Duo
1501 5293 1692 5366 C0lb.,
1761 5293 1863 5358 ΟΓ.
1929 5296 1951 5355 1
2023 5304 2080 5358 et

427 5358 606 5447 Bud_.,
641 5358 1168 5447 κατεϐλακευμένως.

640 5452 892 5533 Γξξνημτῇ-
919 5443 1078 5533 Reg.
1113 5475 1144 5515 a
1177 5465 1234 5518 et
1264 5455 1361 5519 01⁸.
1407 5458 1458 5526 1,
1495 5462 1715 5533 γενητῇ.

633 5503 872 5616 ςιῖξκξέί
886 5503 892 5508 ”
906 5503 1623 5614 έῖἔῇὶιξίῗὲιὶὶὴιὶἑτὺῖίϊ
1639 5503 1860 5616 βίοι-οε.
1907 5539 2084 5599 Deest

500 5601 930 5709 in'ed‘.Nullutn
957 5601 1229 5708 certe-est
1247 5601 1874 5709 dubium,quinangeli
1892 5619 2077 5679 Deum

432 5684 697 5778 videant,
723 5708 987 5778 eumque
1017 5696 1198 5778 visuri
1231 5696 1349 5758 sint
1401 5684 1694 5778 homines,
1731 5684 1863 5761 cum
1896 5711 2076 5760 ater-

437 5781 569 5827 nam
600 5763 1028 5839 beatitudinem
1056 5777 1480 5861 adipiscentur.

2248 5134 2364 5212 (10)
2391 5136 2467 5192 τὰ
2497 5137 2634 5210 μήτε
2665 5134 2984 5214 ὀφθαλμοῖς,
3017 5139 3138 5195 etc.
3165 5129 3455 5214 Observat
3483 5130 3641 5193 Elias
3669 5133 3810 5195 Cre-

2160 5211 2355 5305 tensis
2373 5214 2500 5305 haec
2529 5211 2799 5305 Apostoli
2843 5211 3021 5305 verba
3052 5220 3312 5305 mutuata
3351 5212 3630 5305 fuisse‘ex
3658 5230 3808 5305 apo-

2159 5296 2382 5377 crypha
2409 5292 2718 5377 libro,'qui
2749 5295 2820 5357 ab
2853 5294 2980 5377 Elia
3029 5294 3319 5374 prepheta
3370 5297 3635 5373 scriptus
3658 5292 3812 5377 dici-

2162 5373 2281 5440 tur;
2313 5375 2529 5447 Quidni
2584 5373 2780 5456 potius
2839 5373 3151 5456 desumpta
3213 5393 3282 5435 ex
3344 5377 3512 5437 Isaiae
3544 5390 3696 5450 utv,
3748 5373 3812 5450 4,

2165 5480 2194 5520 ‹
2227 5457 2434 5518 oculus
2464 5455 2780 5537 nou’vjdit,
2811 5481 2838 5512 ι
2878 5463 2992 5516 etc.

2247 5539 2379 5616 (tl)
2416 5538 2596 5596 Κενόν.
2635 5535 2796 5618 Ρετζ,
2821 5538 3030 5617 καινόν,
3068 5558 3090 5592 ι
3128 5553 3303 5618 nova.
3335 5560 3359 5596 ι

2247 5615 2374 5698 (19)
2413 5619 2509 5675 Καὶ
2538 5615 2871 5696 κατεπαρθῇς
2895 5621 2993 5696 ὡς,
3016 5615 3144 5680 etc.
3200 5615 3264 5678 Id
3287 5624 3416 5698 est,
3449 5640 3467 5672 ι
3509 5615 3813 5698 etadver-

2162 5718 2296 5760 sum
2331 5697 2438 5781 nos
2459 5698 2764 5781 insurgas,
2799 5699 2965 5780 quasi
2998 5717 3106 5759 nos
3157 5697 3542 5778 proﬁteamur
3573 5697 3808 5776 ignora-

2160 5799 2228 5843 re
2250 5799 2323 5842 an
2355 5780 2431 5842 sit
2457 5771 2702 5841 Deus.)
