  <div class='ocr_page' id='page_1' title='image "/cluster/home/n/w/nwhite01/storage/ocr_20150623/36:no.2/coo.31924054869338/028.png"; bbox 0 0 4126 6626; ppageno 0'>
   <div class='ocr_carea' id='block_1_1' title="bbox 102 360 2531 444">
    <p class='ocr_par' dir='ltr' id='par_1_1' title="bbox 102 360 2531 444">
     <span class='ocr_line' id='line_1_1' title="bbox 102 360 2531 444; baseline 0.002 -20"><span class='ocrx_word' id='word_1_1' title='bbox 102 362 169 424; x_wconf 79' lang='grc'><strong>41</strong></span> <span class='ocrx_word' id='word_1_2' title='bbox 1182 368 1465 432; x_wconf 82' lang='lat' dir='ltr'><strong>ORATIO</strong></span> <span class='ocrx_word' id='word_1_3' title='bbox 1508 360 1788 431; x_wconf 86' lang='lat' dir='ltr'><strong>XXVIII.</strong></span> <span class='ocrx_word' id='word_1_4' title='bbox 1820 394 1899 409; x_wconf 83' lang='lat'><strong>-</strong></span> <span class='ocrx_word' id='word_1_5' title='bbox 1925 364 2410 444; x_wconf 70' lang='lat' dir='ltr'><strong>THEOLOGIgA</strong></span> <span class='ocrx_word' id='word_1_6' title='bbox 2454 367 2531 431; x_wconf 87' lang='lat' dir='ltr'><strong>II.</strong></span> 
     </span>
    </p>
   </div>
   <div class='ocr_carea' id='block_1_2' title="bbox 3448 368 3529 434">
    <p class='ocr_par' dir='ltr' id='par_1_2' title="bbox 3448 368 3529 434">
     <span class='ocr_line' id='line_1_2' title="bbox 3448 368 3529 434; baseline 0.025 -2"><span class='ocrx_word' id='word_1_7' title='bbox 3448 368 3529 434; x_wconf 80' lang='grc'><strong>42</strong></span> 
     </span>
    </p>
   </div>
   <div class='ocr_carea' id='block_1_3' title="bbox 138 494 1796 584">
    <p class='ocr_par' dir='ltr' id='par_1_3' title="bbox 138 494 1780 581">
     <span class='ocr_line' id='line_1_3' title="bbox 138 494 1780 581; baseline 0.003 -30"><span class='ocrx_word' id='word_1_8' title='bbox 138 518 217 552; x_wconf 87' lang='grc' dir='ltr'><strong>ναι</strong></span> <span class='ocrx_word' id='word_1_9' title='bbox 274 494 582 573; x_wconf 55' lang='grc' dir='ltr'>δυνάμενον</span> <span class='ocrx_word' id='word_1_10' title='bbox 655 499 743 555; x_wconf 83' lang='grc' dir='ltr'>καὶ</span> <span class='ocrx_word' id='word_1_11' title='bbox 775 498 941 563; x_wconf 69' lang='grc' dir='ltr'>οὕτως</span> <span class='ocrx_word' id='word_1_12' title='bbox 971 500 1103 581; x_wconf 87' lang='grc'><strong>(53)</strong></span> <span class='ocrx_word' id='word_1_13' title='bbox 1153 502 1421 580; x_wconf 73' lang='grc' dir='ltr'>εὐεργεσία</span> <span class='ocrx_word' id='word_1_14' title='bbox 1472 502 1780 560; x_wconf 84' lang='grc' dir='ltr'>καθίσταται</span> 
     </span>
    </p>
   </div>
   <div class='ocr_carea' id='block_1_4' title="bbox 1889 494 3533 584">
    <p class='ocr_par' dir='ltr' id='par_1_4' title="bbox 1889 501 3533 584">
     <span class='ocr_line' id='line_1_4' title="bbox 1889 501 3533 584; baseline 0.005 -24"><span class='ocrx_word' id='word_1_15' title='bbox 1889 519 2106 581; x_wconf 52' lang='lat' dir='ltr'><strong>tuoque</strong></span> <span class='ocrx_word' id='word_1_16' title='bbox 2136 501 2226 564; x_wconf 88' lang='lat' dir='ltr'><strong>rei</strong></span> <span class='ocrx_word' id='word_1_17' title='bbox 2258 502 2522 583; x_wconf 66' lang='lat' dir='ltr'><strong>quaesitae</strong></span> <span class='ocrx_word' id='word_1_18' title='bbox 2546 503 2779 584; x_wconf 86' lang='lat' dir='ltr'><strong>jactura</strong></span> <span class='ocrx_word' id='word_1_19' title='bbox 2810 504 2908 567; x_wconf 91' lang='lat' dir='ltr'><strong>sit.</strong></span> <span class='ocrx_word' id='word_1_20' title='bbox 2945 504 3039 568; x_wconf 89' lang='lat' dir='ltr'><strong>Fit</strong></span> <span class='ocrx_word' id='word_1_21' title='bbox 3088 507 3249 569; x_wconf 88' lang='lat' dir='ltr'><strong>enim</strong></span> <span class='ocrx_word' id='word_1_22' title='bbox 3282 506 3433 584; x_wconf 87' lang='lat' dir='ltr'><strong>fere,</strong></span> <span class='ocrx_word' id='word_1_23' title='bbox 3468 514 3533 569; x_wconf 88' lang='lat' dir='ltr'><strong>ut</strong></span> 
     </span>
    </p>
   </div>
   <div class='ocr_carea' id='block_1_5' title="bbox 133 586 1778 673">
    <p class='ocr_par' dir='ltr' id='par_1_5' title="bbox 133 586 1778 673">
     <span class='ocr_line' id='line_1_5' title="bbox 133 586 1778 673; baseline 0.005 -31"><span class='ocrx_word' id='word_1_24' title='bbox 133 588 193 643; x_wconf 83' lang='grc' dir='ltr'>τὸ</span> <span class='ocrx_word' id='word_1_25' title='bbox 242 586 320 663; x_wconf 73' lang='grc' dir='ltr'>μὴ</span> <span class='ocrx_word' id='word_1_26' title='bbox 350 588 642 669; x_wconf 82' lang='grc' dir='ltr'>πρόχειρον</span> <span class='ocrx_word' id='word_1_27' title='bbox 689 588 784 657; x_wconf 71' lang='grc' dir='ltr'><strong>τῆς</strong></span> <span class='ocrx_word' id='word_1_28' title='bbox 818 592 1143 669; x_wconf 74' lang='grc' dir='ltr'>εὐεργεσίας,</span> <span class='ocrx_word' id='word_1_29' title='bbox 1176 606 1294 657; x_wconf 77' lang='grc' dir='ltr'>τοῖς</span> <span class='ocrx_word' id='word_1_30' title='bbox 1323 614 1383 670; x_wconf 88' lang='grc' dir='ltr'><strong>γε</strong></span> <span class='ocrx_word' id='word_1_31' title='bbox 1415 603 1533 652; x_wconf 83' lang='grc' dir='ltr'>νοῦν</span> <span class='ocrx_word' id='word_1_32' title='bbox 1565 592 1778 673; x_wconf 75' lang='grc' dir='ltr'>ἔχουσι.</span> 
     </span>
    </p>
   </div>
   <div class='ocr_carea' id='block_1_6' title="bbox 122 676 1785 763">
    <p class='ocr_par' dir='ltr' id='par_1_6' title="bbox 122 676 1785 763">
     <span class='ocr_line' id='line_1_6' title="bbox 122 676 1785 763; baseline 0.002 -26"><span class='ocrx_word' id='word_1_33' title='bbox 122 679 275 759; x_wconf 77' lang='grc' dir='ltr'>Τάχα</span> <span class='ocrx_word' id='word_1_34' title='bbox 333 676 409 760; x_wconf 78' lang='grc' dir='ltr'><strong>δὲ,</strong></span> <span class='ocrx_word' id='word_1_35' title='bbox 445 684 517 738; x_wconf 80' lang='grc' dir='ltr'>ὡς</span> <span class='ocrx_word' id='word_1_36' title='bbox 580 682 658 755; x_wconf 75' lang='grc' dir='ltr'>μὴ</span> <span class='ocrx_word' id='word_1_37' title='bbox 713 683 904 740; x_wconf 85' lang='grc' dir='ltr'>ταυτὸν</span> <span class='ocrx_word' id='word_1_38' title='bbox 966 685 1111 758; x_wconf 82' lang='grc' dir='ltr'>ἡμᾶς</span> <span class='ocrx_word' id='word_1_39' title='bbox 1135 690 1212 756; x_wconf 82' lang='grc' dir='ltr'>τῷ</span> <span class='ocrx_word' id='word_1_40' title='bbox 1242 683 1456 740; x_wconf 84' lang='grc' dir='ltr'>πεσόντι</span> <span class='ocrx_word' id='word_1_41' title='bbox 1491 684 1785 763; x_wconf 75' lang='grc' dir='ltr'>Ἑωσφόρῳ</span> 
     </span>
    </p>
   </div>
   <div class='ocr_carea' id='block_1_7' title="bbox 126 767 1783 854">
    <p class='ocr_par' dir='ltr' id='par_1_7' title="bbox 126 767 1783 854">
     <span class='ocr_line' id='line_1_7' title="bbox 126 767 1783 854; baseline 0.002 -29"><span class='ocrx_word' id='word_1_42' title='bbox 126 771 356 849; x_wconf 82' lang='grc' dir='ltr'>πάσχειν</span> <span class='ocrx_word' id='word_1_43' title='bbox 393 767 545 850; x_wconf 85' lang='grc'>(54),</span> <span class='ocrx_word' id='word_1_44' title='bbox 580 769 639 826; x_wconf 71' lang='grc' dir='ltr'><strong>ἐκ</strong></span> <span class='ocrx_word' id='word_1_45' title='bbox 668 779 761 828; x_wconf 86' lang='grc' dir='ltr'><strong>τοῦ</strong></span> <span class='ocrx_word' id='word_1_46' title='bbox 792 772 852 827; x_wconf 71' lang='grc' dir='ltr'><strong>τό</strong></span> <span class='ocrx_word' id='word_1_47' title='bbox 884 778 995 851; x_wconf 79' lang='grc' dir='ltr'><strong>φῶς</strong></span> <span class='ocrx_word' id='word_1_48' title='bbox 1029 772 1152 829; x_wconf 84' lang='grc' dir='ltr'>ὃλον</span> <span class='ocrx_word' id='word_1_49' title='bbox 1197 779 1447 854; x_wconf 77' lang='grc' dir='ltr'>χωρῆσαι</span> <span class='ocrx_word' id='word_1_50' title='bbox 1503 775 1783 831; x_wconf 81' lang='grc' dir='ltr'>κατέναντι</span> 
     </span>
    </p>
   </div>
   <div class='ocr_carea' id='block_1_8' title="bbox 132 861 1784 943">
    <p class='ocr_par' dir='ltr' id='par_1_8' title="bbox 132 861 1784 943">
     <span class='ocr_line' id='line_1_8' title="bbox 132 861 1784 943; baseline 0.002 -26"><span class='ocrx_word' id='word_1_51' title='bbox 132 861 313 939; x_wconf 77' lang='grc' dir='ltr'>Κυρίου</span> <span class='ocrx_word' id='word_1_52' title='bbox 369 862 794 940; x_wconf 65' lang='grc' dir='ltr'><strong>παντοκράτορος</strong></span> <span class='ocrx_word' id='word_1_53' title='bbox 850 862 1174 943; x_wconf 80' lang='grc' dir='ltr'>τραχηλιᾷν,</span> <span class='ocrx_word' id='word_1_54' title='bbox 1210 864 1296 919; x_wconf 85' lang='grc' dir='ltr'><strong>καὶ</strong></span> <span class='ocrx_word' id='word_1_55' title='bbox 1340 866 1553 921; x_wconf 82' lang='grc' dir='ltr'>πίπτειν</span> <span class='ocrx_word' id='word_1_56' title='bbox 1594 867 1657 920; x_wconf 61' lang='lat' dir='ltr'><strong>hac</strong></span> <span class='ocrx_word' id='word_1_57' title='bbox 1686 869 1784 930; x_wconf 76' lang='grc' dir='ltr'>τῆς</span> 
     </span>
    </p>
   </div>
   <div class='ocr_carea' id='block_1_9' title="bbox 127 950 1783 1034">
    <p class='ocr_par' dir='ltr' id='par_1_9' title="bbox 127 950 1783 1034">
     <span class='ocr_line' id='line_1_9' title="bbox 127 950 1783 1034; baseline 0.001 -29"><span class='ocrx_word' id='word_1_58' title='bbox 127 950 420 1029; x_wconf 74' lang='grc' dir='ltr'>ἒπάρσεως,</span> <span class='ocrx_word' id='word_1_59' title='bbox 473 952 669 1027; x_wconf 78' lang='grc' dir='ltr'>πτῶμα</span> <span class='ocrx_word' id='word_1_60' title='bbox 698 952 909 1008; x_wconf 80' lang='grc' dir='ltr'>πάντων</span> <span class='ocrx_word' id='word_1_61' title='bbox 946 952 1329 1017; x_wconf 82' lang='grc' dir='ltr'>ἐλεεινότατον,</span> <span class='ocrx_word' id='word_1_62' title='bbox 1368 964 1544 1034; x_wconf 69' lang='grc' dir='ltr'>Τυχὼν</span> <span class='ocrx_word' id='word_1_63' title='bbox 1598 953 1678 1029; x_wconf 76' lang='grc' dir='ltr'><strong>δὲ,</strong></span> <span class='ocrx_word' id='word_1_64' title='bbox 1706 952 1783 1009; x_wconf 64' lang='grc' dir='ltr'><strong>ἵν’</strong></span> 
     </span>
    </p>
   </div>
   <div class='ocr_carea' id='block_1_10' title="bbox 127 1040 1784 1122">
    <p class='ocr_par' dir='ltr' id='par_1_10' title="bbox 127 1040 1784 1122">
     <span class='ocr_line' id='line_1_10' title="bbox 127 1040 1784 1122; baseline 0.003 -26"><span class='ocrx_word' id='word_1_65' title='bbox 127 1040 163 1116; x_wconf 76' lang='grc' dir='ltr'><strong>ᾗ</strong></span> <span class='ocrx_word' id='word_1_66' title='bbox 221 1063 269 1097; x_wconf 89' lang='grc' dir='ltr'><strong>τι</strong></span> <span class='ocrx_word' id='word_1_67' title='bbox 340 1040 502 1097; x_wconf 82' lang='grc' dir='ltr'>πλέον</span> <span class='ocrx_word' id='word_1_68' title='bbox 558 1041 759 1099; x_wconf 75' lang='grc' dir='ltr'>ἐκεῖθεν</span> <span class='ocrx_word' id='word_1_69' title='bbox 819 1042 974 1099; x_wconf 79' lang='grc' dir='ltr'>ἆθλον</span> <span class='ocrx_word' id='word_1_70' title='bbox 1026 1042 1337 1122; x_wconf 68' lang='grc' dir='ltr'>φιλοπονίας</span> <span class='ocrx_word' id='word_1_71' title='bbox 1396 1047 1483 1101; x_wconf 81' lang='grc' dir='ltr'><strong>καὶ</strong></span> <span class='ocrx_word' id='word_1_72' title='bbox 1534 1044 1784 1122; x_wconf 87' lang='grc' dir='ltr'>λαμπροῦ</span> 
     </span>
    </p>
   </div>
   <div class='ocr_carea' id='block_1_11' title="bbox 130 1131 1784 1214">
    <p class='ocr_par' dir='ltr' id='par_1_11' title="bbox 130 1131 1784 1214">
     <span class='ocr_line' id='line_1_11' title="bbox 130 1131 1784 1214; baseline 0.001 -28"><span class='ocrx_word' id='word_1_73' title='bbox 130 1132 240 1207; x_wconf 84' lang='grc' dir='ltr'>βίου</span> <span class='ocrx_word' id='word_1_74' title='bbox 300 1144 416 1194; x_wconf 74' lang='grc' dir='ltr'>τοῖς</span> <span class='ocrx_word' id='word_1_75' title='bbox 478 1131 699 1188; x_wconf 83' lang='grc' dir='ltr'>ἐνταῦθα</span> <span class='ocrx_word' id='word_1_76' title='bbox 758 1134 1191 1209; x_wconf 79' lang='grc' dir='ltr'>κεκαθαρμένοις,</span> <span class='ocrx_word' id='word_1_77' title='bbox 1244 1135 1333 1190; x_wconf 85' lang='grc' dir='ltr'>καὶ</span> <span class='ocrx_word' id='word_1_78' title='bbox 1391 1137 1784 1214; x_wconf 78' lang='grc' dir='ltr'>μακροθυμοῦσι</span> 
     </span>
    </p>
   </div>
   <div class='ocr_carea' id='block_1_12' title="bbox 132 1223 1788 1300">
    <p class='ocr_par' dir='ltr' id='par_1_12' title="bbox 132 1223 1788 1300">
     <span class='ocr_line' id='line_1_12' title="bbox 132 1223 1788 1300; baseline 0.001 -24"><span class='ocrx_word' id='word_1_79' title='bbox 132 1224 261 1297; x_wconf 79' lang='grc' dir='ltr'>πρὸς</span> <span class='ocrx_word' id='word_1_80' title='bbox 320 1223 379 1277; x_wconf 79' lang='grc' dir='ltr'>τὸ</span> <span class='ocrx_word' id='word_1_81' title='bbox 436 1224 784 1298; x_wconf 73' lang='grc' dir='ltr'>ποθούμενον.</span> <span class='ocrx_word' id='word_1_82' title='bbox 863 1225 961 1278; x_wconf 88' lang='grc' dir='ltr'><strong>Διὰ</strong></span> <span class='ocrx_word' id='word_1_83' title='bbox 1020 1231 1177 1281; x_wconf 88' lang='grc' dir='ltr'>τοῦτο</span> <span class='ocrx_word' id='word_1_84' title='bbox 1236 1224 1399 1300; x_wconf 79' lang='grc' dir='ltr'>μέσος</span> <span class='ocrx_word' id='word_1_85' title='bbox 1432 1227 1588 1300; x_wconf 72' lang='grc' dir='ltr'>ἡμῶν</span> <span class='ocrx_word' id='word_1_86' title='bbox 1619 1223 1788 1279; x_wconf 75' lang='grc' dir='ltr'>τεκαὶ</span> 
     </span>
    </p>
   </div>
   <div class='ocr_carea' id='block_1_13' title="bbox 1867 591 3525 679">
    <p class='ocr_par' dir='ltr' id='par_1_13' title="bbox 1867 591 3525 679">
     <span class='ocr_line' id='line_1_13' title="bbox 1867 591 3525 679; baseline 0.007 -29"><span class='ocrx_word' id='word_1_87' title='bbox 1867 591 2025 670; x_wconf 91' lang='lat' dir='ltr'><strong>quod</strong></span> <span class='ocrx_word' id='word_1_88' title='bbox 2064 610 2180 653; x_wconf 92' lang='lat' dir='ltr'><strong>non</strong></span> <span class='ocrx_word' id='word_1_89' title='bbox 2212 593 2340 654; x_wconf 87' lang='lat' dir='ltr'><strong>sine</strong></span> <span class='ocrx_word' id='word_1_90' title='bbox 2373 592 2574 655; x_wconf 87' lang='lat' dir='ltr'><strong>labore</strong></span> <span class='ocrx_word' id='word_1_91' title='bbox 2618 601 2796 677; x_wconf 83' lang='lat' dir='ltr'><strong>atque</strong></span> <span class='ocrx_word' id='word_1_92' title='bbox 2828 594 3114 660; x_wconf 85' lang='lat' dir='ltr'><strong>industria</strong></span> <span class='ocrx_word' id='word_1_93' title='bbox 3149 605 3382 679; x_wconf 86' lang='lat' dir='ltr'><strong>partum</strong></span> <span class='ocrx_word' id='word_1_94' title='bbox 3414 605 3525 675; x_wconf 82' lang='lat' dir='ltr'><strong>est,</strong></span> 
     </span>
    </p>
   </div>
   <div class='ocr_carea' id='block_1_14' title="bbox 1868 680 3528 768">
    <p class='ocr_par' dir='ltr' id='par_1_14' title="bbox 1868 680 3528 768">
     <span class='ocr_line' id='line_1_14' title="bbox 1868 680 3528 768; baseline 0.005 -26"><span class='ocrx_word' id='word_1_95' title='bbox 1868 680 2089 742; x_wconf 83' lang='lat' dir='ltr'><strong>arctius</strong></span> <span class='ocrx_word' id='word_1_96' title='bbox 2113 700 2349 763; x_wconf 90' lang='lat' dir='ltr'><strong>quoque</strong></span> <span class='ocrx_word' id='word_1_97' title='bbox 2370 691 2679 749; x_wconf 84' lang='lat' dir='ltr'><strong>teneatur:</strong></span> <span class='ocrx_word' id='word_1_98' title='bbox 2704 684 2859 766; x_wconf 74' lang='lat' dir='ltr'><strong>quod</strong></span> <span class='ocrx_word' id='word_1_99' title='bbox 2880 694 3075 748; x_wconf 88' lang='lat' dir='ltr'><strong>autem</strong></span> <span class='ocrx_word' id='word_1_100' title='bbox 3100 687 3265 751; x_wconf 87' lang='lat' dir='ltr'><strong>nullo</strong></span> <span class='ocrx_word' id='word_1_101' title='bbox 3292 688 3528 768; x_wconf 84' lang='lat' dir='ltr'><strong>negotio</strong></span> 
     </span>
    </p>
   </div>
   <div class='ocr_carea' id='block_1_15' title="bbox 1869 773 3525 863">
    <p class='ocr_par' dir='ltr' id='par_1_15' title="bbox 1869 773 3525 863">
     <span class='ocr_line' id='line_1_15' title="bbox 1869 773 3525 863; baseline 0.005 -30"><span class='ocrx_word' id='word_1_102' title='bbox 1869 782 2276 852; x_wconf 89' lang='lat' dir='ltr'><strong>comparatum</strong></span> <span class='ocrx_word' id='word_1_103' title='bbox 2311 781 2423 855; x_wconf 88' lang='lat' dir='ltr'><strong>est,</strong></span> <span class='ocrx_word' id='word_1_104' title='bbox 2457 773 2741 837; x_wconf 82' lang='lat' dir='ltr'><strong>citissime</strong></span> <span class='ocrx_word' id='word_1_105' title='bbox 2785 775 3051 859; x_wconf 85' lang='lat' dir='ltr'><strong>vilescat,</strong></span> <span class='ocrx_word' id='word_1_106' title='bbox 3086 785 3146 840; x_wconf 89' lang='lat' dir='ltr'><strong>et</strong></span> <span class='ocrx_word' id='word_1_107' title='bbox 3187 777 3525 863; x_wconf 81' lang='lat' dir='ltr'><strong>abjiciatur,</strong></span> 
     </span>
    </p>
   </div>
   <div class='ocr_carea' id='block_1_16' title="bbox 1868 863 3531 949">
    <p class='ocr_par' dir='ltr' id='par_1_16' title="bbox 1868 863 3531 949">
     <span class='ocr_line' id='line_1_16' title="bbox 1868 863 3531 949; baseline 0.007 -27"><span class='ocrx_word' id='word_1_108' title='bbox 1868 870 2079 949; x_wconf 76' lang='lat' dir='ltr'><strong>utpote</strong></span> <span class='ocrx_word' id='word_1_109' title='bbox 2099 863 2258 949; x_wconf 76' lang='lat' dir='ltr'><strong>quod</strong></span> <span class='ocrx_word' id='word_1_110' title='bbox 2288 866 2633 949; x_wconf 81' lang='lat' dir='ltr'><strong>recuperari</strong></span> <span class='ocrx_word' id='word_1_111' title='bbox 2659 866 2883 949; x_wconf 80' lang='lat' dir='ltr'><strong>possit;</strong></span> <span class='ocrx_word' id='word_1_112' title='bbox 2910 877 3087 949; x_wconf 87' lang='lat' dir='ltr'><strong>atque</strong></span> <span class='ocrx_word' id='word_1_113' title='bbox 3113 871 3195 932; x_wconf 89' lang='lat' dir='ltr'><strong>ita</strong></span> <span class='ocrx_word' id='word_1_114' title='bbox 3218 869 3279 930; x_wconf 91' lang='lat' dir='ltr'><strong>in</strong></span> <span class='ocrx_word' id='word_1_115' title='bbox 3307 869 3531 933; x_wconf 77' lang='lat' dir='ltr'><strong>beneﬂ-</strong></span> 
     </span>
    </p>
   </div>
   <div class='ocr_carea' id='block_1_17' title="bbox 1871 943 3529 1031">
    <p class='ocr_par' dir='ltr' id='par_1_17' title="bbox 1871 943 3529 1031">
     <span class='ocr_line' id='line_1_17' title="bbox 1871 943 3529 1031; baseline 0.006 -27"><span class='ocrx_word' id='word_1_116' title='bbox 1871 943 2026 1005; x_wconf 81' lang='lat' dir='ltr'><strong>cium</strong></span> <span class='ocrx_word' id='word_1_117' title='bbox 2054 944 2211 1004; x_wconf 93' lang='lat' dir='ltr'><strong>cedit</strong></span> <span class='ocrx_word' id='word_1_118' title='bbox 2236 963 2351 1006; x_wconf 91' lang='lat' dir='ltr'><strong>non</strong></span> <span class='ocrx_word' id='word_1_119' title='bbox 2371 943 2541 1007; x_wconf 90' lang='lat' dir='ltr'><strong>obvia</strong></span> <span class='ocrx_word' id='word_1_120' title='bbox 2565 943 2674 1009; x_wconf 78' lang='lat' dir='ltr'><strong>illa</strong></span> <span class='ocrx_word' id='word_1_121' title='bbox 2690 943 3270 1031; x_wconf 55' lang='lat' dir='ltr'><strong>beneficen&#39;tia,apud</strong></span> <span class='ocrx_word' id='word_1_122' title='bbox 3292 970 3396 1015; x_wconf 92' lang='lat' dir='ltr'><strong>eos</strong></span> <span class='ocrx_word' id='word_1_123' title='bbox 3418 952 3529 1014; x_wconf 89' lang='lat' dir='ltr'><strong>sal-</strong></span> 
     </span>
    </p>
   </div>
   <div class='ocr_carea' id='block_1_18' title="bbox 1868 1034 3527 1119">
    <p class='ocr_par' dir='ltr' id='par_1_18' title="bbox 1868 1034 3527 1119">
     <span class='ocr_line' id='line_1_18' title="bbox 1868 1034 3527 1119; baseline 0.007 -26"><span class='ocrx_word' id='word_1_124' title='bbox 1868 1040 2014 1114; x_wconf 90' lang='lat' dir='ltr'><strong>tem,</strong></span> <span class='ocrx_word' id='word_1_125' title='bbox 2050 1034 2145 1114; x_wconf 89' lang='lat' dir='ltr'><strong>qui</strong></span> <span class='ocrx_word' id='word_1_126' title='bbox 2182 1035 2507 1113; x_wconf 86' lang='lat' dir='ltr'><strong>prudentes</strong></span> <span class='ocrx_word' id='word_1_127' title='bbox 2548 1046 2714 1100; x_wconf 89' lang='lat' dir='ltr'><strong>sunt.</strong></span> <span class='ocrx_word' id='word_1_128' title='bbox 2748 1038 2977 1114; x_wconf 85' lang='lat' dir='ltr'><strong>Altera,</strong></span> <span class='ocrx_word' id='word_1_129' title='bbox 3015 1058 3090 1101; x_wconf 91' lang='lat' dir='ltr'><strong>ne</strong></span> <span class='ocrx_word' id='word_1_130' title='bbox 3121 1040 3281 1102; x_wconf 89' lang='lat' dir='ltr'><strong>idem</strong></span> <span class='ocrx_word' id='word_1_131' title='bbox 3330 1042 3527 1119; x_wconf 85' lang='lat' dir='ltr'><strong>nobis,</strong></span> 
     </span>
    </p>
   </div>
   <div class='ocr_carea' id='block_1_19' title="bbox 1868 1122 3530 1208">
    <p class='ocr_par' dir='ltr' id='par_1_19' title="bbox 1868 1122 3530 1208">
     <span class='ocr_line' id='line_1_19' title="bbox 1868 1122 3530 1208; baseline 0.008 -26"><span class='ocrx_word' id='word_1_132' title='bbox 1868 1122 2025 1204; x_wconf 90' lang='lat' dir='ltr'><strong>quod</strong></span> <span class='ocrx_word' id='word_1_133' title='bbox 2059 1123 2331 1186; x_wconf 90' lang='lat' dir='ltr'><strong>Lucifero</strong></span> <span class='ocrx_word' id='word_1_134' title='bbox 2354 1125 2441 1187; x_wconf 86' lang='lat' dir='ltr'><strong>illi</strong></span> <span class='ocrx_word' id='word_1_135' title='bbox 2475 1127 2750 1208; x_wconf 87' lang='lat' dir='ltr'><strong>prolapso</strong></span> <span class='ocrx_word' id='word_1_136' title='bbox 2774 1125 2847 1201; x_wconf 70' lang='lat'><strong>5‘,</strong></span> <span class='ocrx_word' id='word_1_137' title='bbox 2877 1130 3109 1192; x_wconf 89' lang='lat' dir='ltr'><strong>accidat</strong></span> <span class='ocrx_word' id='word_1_138' title='bbox 3134 1152 3149 1207; x_wconf 85' lang='lat'><strong>;</strong></span> <span class='ocrx_word' id='word_1_139' title='bbox 3174 1132 3288 1195; x_wconf 89' lang='lat' dir='ltr'><strong>hoc</strong></span> <span class='ocrx_word' id='word_1_140' title='bbox 3314 1140 3424 1207; x_wconf 82' lang='lat' dir='ltr'><strong>est,</strong></span> <span class='ocrx_word' id='word_1_141' title='bbox 3454 1153 3530 1196; x_wconf 92' lang='lat' dir='ltr'><strong>ne</strong></span> 
     </span>
    </p>
   </div>
   <div class='ocr_carea' id='block_1_20' title="bbox 1872 1213 3530 1296">
    <p class='ocr_par' dir='ltr' id='par_1_20' title="bbox 1872 1213 3530 1296">
     <span class='ocr_line' id='line_1_20' title="bbox 1872 1213 3530 1296; baseline 0.007 -22"><span class='ocrx_word' id='word_1_142' title='bbox 1872 1220 1993 1275; x_wconf 88' lang='lat' dir='ltr'><strong>toto</strong></span> <span class='ocrx_word' id='word_1_143' title='bbox 2027 1213 2128 1274; x_wconf 92' lang='lat' dir='ltr'><strong>illo</strong></span> <span class='ocrx_word' id='word_1_144' title='bbox 2160 1214 2392 1294; x_wconf 82' lang='lat' dir='ltr'><strong>fulgore</strong></span> <span class='ocrx_word' id='word_1_145' title='bbox 2418 1216 2642 1296; x_wconf 80' lang='lat' dir='ltr'><strong>perfusi</strong></span> <span class='ocrx_word' id='word_1_146' title='bbox 2674 1220 2971 1281; x_wconf 86' lang='lat' dir='ltr'><strong>cervicem</strong></span> <span class='ocrx_word' id='word_1_147' title='bbox 3004 1220 3291 1285; x_wconf 88' lang='lat' dir='ltr'><strong>adversus</strong></span> <span class='ocrx_word' id='word_1_148' title='bbox 3319 1225 3530 1287; x_wconf 85' lang='lat' dir='ltr'><strong>Domi-</strong></span> 
     </span>
    </p>
   </div>
   <div class='ocr_carea' id='block_1_21' title="bbox 136 1305 1796 1394">
    <p class='ocr_par' dir='ltr' id='par_1_21' title="bbox 136 1312 1785 1394">
     <span class='ocr_line' id='line_1_21' title="bbox 136 1312 1785 1394; baseline 0.001 -27"><span class='ocrx_word' id='word_1_149' title='bbox 136 1312 265 1368; x_wconf 79' lang='grc' dir='ltr'>Θεοῦ</span> <span class='ocrx_word' id='word_1_150' title='bbox 322 1314 348 1368; x_wconf 80' lang='grc' dir='ltr'>ὁ</span> <span class='ocrx_word' id='word_1_151' title='bbox 398 1315 703 1388; x_wconf 80' lang='grc' dir='ltr'>σωματικὸς</span> <span class='ocrx_word' id='word_1_152' title='bbox 761 1312 912 1375; x_wconf 76' lang='grc' dir='ltr'>οὗτος</span> <span class='ocrx_word' id='word_1_153' title='bbox 972 1312 1189 1370; x_wconf 75' lang='grc' dir='ltr'>ἵσταται</span> <span class='ocrx_word' id='word_1_154' title='bbox 1247 1316 1463 1394; x_wconf 72' lang='grc' dir='ltr'>γνόφος,</span> <span class='ocrx_word' id='word_1_155' title='bbox 1539 1314 1718 1391; x_wconf 77' lang='grc' dir='ltr'>ὥσπερ</span> <span class='ocrx_word' id='word_1_156' title='bbox 1752 1314 1785 1380; x_wconf 79' lang='grc' dir='ltr'>ἡ</span> 
     </span>
    </p>
   </div>
   <div class='ocr_carea' id='block_1_22' title="bbox 1889 1305 3528 1394">
    <p class='ocr_par' dir='ltr' id='par_1_22' title="bbox 1889 1305 3528 1391">
     <span class='ocr_line' id='line_1_22' title="bbox 1889 1305 3528 1391; baseline 0.009 -28"><span class='ocrx_word' id='word_1_157' title='bbox 1889 1321 2011 1364; x_wconf 82' lang='lat' dir='ltr'><strong>ium</strong></span> <span class='ocrx_word' id='word_1_158' title='bbox 2037 1305 2505 1386; x_wconf 88' lang='lat' dir='ltr'><strong>omnipotentem</strong></span> <span class='ocrx_word' id='word_1_159' title='bbox 2531 1308 3078 1391; x_wconf 87' lang='lat' dir='ltr'><strong>attollamus,atque</strong></span> <span class='ocrx_word' id='word_1_160' title='bbox 3103 1312 3180 1374; x_wconf 91' lang='lat' dir='ltr'><strong>ob</strong></span> <span class='ocrx_word' id='word_1_161' title='bbox 3206 1313 3528 1377; x_wconf 86' lang='lat' dir='ltr'><strong>elationem</strong></span> 
     </span>
    </p>
   </div>
   <div class='ocr_carea' id='block_1_23' title="bbox 137 1400 1796 1483">
    <p class='ocr_par' dir='ltr' id='par_1_23' title="bbox 137 1401 1781 1483">
     <span class='ocr_line' id='line_1_23' title="bbox 137 1401 1781 1483; baseline 0.002 -26"><span class='ocrx_word' id='word_1_162' title='bbox 137 1401 329 1483; x_wconf 74' lang='grc' dir='ltr'>νεφέλη</span> <span class='ocrx_word' id='word_1_163' title='bbox 362 1402 484 1482; x_wconf 66' lang='grc'><strong>(53)</strong></span> <span class='ocrx_word' id='word_1_164' title='bbox 517 1426 578 1459; x_wconf 88' lang='grc' dir='ltr'><strong>το</strong></span> <span class='ocrx_word' id='word_1_165' title='bbox 596 1402 759 1460; x_wconf 83' lang='grc' dir='ltr'>πάλαι</span> <span class='ocrx_word' id='word_1_166' title='bbox 792 1409 898 1459; x_wconf 82' lang='grc' dir='ltr'><strong>τῶν</strong></span> <span class='ocrx_word' id='word_1_167' title='bbox 925 1405 1220 1481; x_wconf 66' lang='grc' dir='ltr'>Αἰγυπτίων</span> <span class='ocrx_word' id='word_1_168' title='bbox 1254 1406 1339 1461; x_wconf 84' lang='grc' dir='ltr'><strong>καὶ</strong></span> <span class='ocrx_word' id='word_1_169' title='bbox 1372 1410 1476 1460; x_wconf 84' lang='grc' dir='ltr'>τῶν</span> <span class='ocrx_word' id='word_1_170' title='bbox 1503 1401 1781 1482; x_wconf 80' lang='grc' dir='ltr'>Ἐϐραίων.</span> 
     </span>
    </p>
   </div>
   <div class='ocr_carea' id='block_1_24' title="bbox 1889 1400 3531 1483">
    <p class='ocr_par' dir='ltr' id='par_1_24' title="bbox 1889 1400 3531 1470">
     <span class='ocr_line' id='line_1_24' title="bbox 1889 1400 3531 1470; baseline 0.007 -14"><span class='ocrx_word' id='word_1_171' title='bbox 1889 1413 2391 1470; x_wconf 82' lang='lat' dir='ltr'><strong>:orruamus,casu</strong></span> <span class='ocrx_word' id='word_1_172' title='bbox 2406 1400 2671 1458; x_wconf 89' lang='lat' dir='ltr'><strong>omnium</strong></span> <span class='ocrx_word' id='word_1_173' title='bbox 2698 1400 3034 1463; x_wconf 89' lang='lat' dir='ltr'><strong>miserrimo</strong></span> <span class='ocrx_word' id='word_1_174' title='bbox 3055 1410 3113 1464; x_wconf 91' lang='lat' dir='ltr'><strong>et</strong></span> <span class='ocrx_word' id='word_1_175' title='bbox 3133 1404 3531 1468; x_wconf 81' lang='lat' dir='ltr'><strong>calamitosis-</strong></span> 
     </span>
    </p>
   </div>
   <div class='ocr_carea' id='block_1_25' title="bbox 144 1483 1796 1575">
    <p class='ocr_par' dir='ltr' id='par_1_25' title="bbox 144 1491 1788 1571">
     <span class='ocr_line' id='line_1_25' title="bbox 144 1491 1788 1571; baseline -0.002 -21"><span class='ocrx_word' id='word_1_176' title='bbox 144 1494 242 1550; x_wconf 83' lang='grc' dir='ltr'><strong>Καὶ</strong></span> <span class='ocrx_word' id='word_1_177' title='bbox 299 1494 452 1550; x_wconf 85' lang='grc' dir='ltr'>τοῦτό</span> <span class='ocrx_word' id='word_1_178' title='bbox 510 1492 652 1551; x_wconf 76' lang='grc' dir='ltr'>ἐστιν</span> <span class='ocrx_word' id='word_1_179' title='bbox 716 1491 872 1567; x_wconf 68' lang='grc' dir='ltr'>ἴσως,</span> <span class='ocrx_word' id='word_1_180' title='bbox 945 1494 971 1549; x_wconf 78' lang='grc' dir='ltr'>ὅ</span> <span class='ocrx_word' id='word_1_181' title='bbox 1030 1492 1174 1550; x_wconf 81' lang='grc' dir='ltr'>ἔθετο</span> <span class='ocrx_word' id='word_1_182' title='bbox 1234 1494 1422 1558; x_wconf 79' lang='grc' dir='ltr'>σκότος</span> <span class='ocrx_word' id='word_1_183' title='bbox 1479 1493 1788 1571; x_wconf 64' lang='grc' dir='ltr'>ἀποκρυιρὴν</span> 
     </span>
    </p>
   </div>
   <div class='ocr_carea' id='block_1_26' title="bbox 1889 1483 3532 1575">
    <p class='ocr_par' dir='ltr' id='par_1_26' title="bbox 1889 1483 3532 1575">
     <span class='ocr_line' id='line_1_26' title="bbox 1889 1483 3532 1575; baseline 0.006 -29"><span class='ocrx_word' id='word_1_184' title='bbox 1889 1483 2049 1547; x_wconf 80' lang='lat' dir='ltr'><strong>;imo.</strong></span> <span class='ocrx_word' id='word_1_185' title='bbox 2077 1484 2403 1559; x_wconf 80' lang='lat' dir='ltr'><strong>Postrema,</strong></span> <span class='ocrx_word' id='word_1_186' title='bbox 2431 1496 2492 1547; x_wconf 90' lang='lat' dir='ltr'><strong>ut</strong></span> <span class='ocrx_word' id='word_1_187' title='bbox 2527 1506 2632 1567; x_wconf 91' lang='lat' dir='ltr'><strong>pro</strong></span> <span class='ocrx_word' id='word_1_188' title='bbox 2665 1487 2974 1552; x_wconf 62' lang='lat' dir='ltr'><strong>industriae</strong></span> <span class='ocrx_word' id='word_1_189' title='bbox 3003 1508 3126 1552; x_wconf 65' lang='lat' dir='ltr'><strong>sure</strong></span> <span class='ocrx_word' id='word_1_190' title='bbox 3155 1491 3532 1575; x_wconf 84' lang='lat' dir='ltr'><strong>illustrisque</strong></span> 
     </span>
    </p>
   </div>
   <div class='ocr_carea' id='block_1_27' title="bbox 144 1574 1796 1664">
    <p class='ocr_par' dir='ltr' id='par_1_27' title="bbox 144 1581 1789 1664">
     <span class='ocr_line' id='line_1_27' title="bbox 144 1581 1789 1664; baseline 0 -27"><span class='ocrx_word' id='word_1_191' title='bbox 144 1584 323 1662; x_wconf 73' lang='grc' dir='ltr'>αὖτοῦ,</span> <span class='ocrx_word' id='word_1_192' title='bbox 383 1583 481 1651; x_wconf 81' lang='grc' dir='ltr'><strong>τὴν</strong></span> <span class='ocrx_word' id='word_1_193' title='bbox 531 1584 793 1662; x_wconf 73' lang='grc' dir='ltr'>ἡμετέραν</span> <span class='ocrx_word' id='word_1_194' title='bbox 850 1585 1165 1664; x_wconf 82' lang='grc' dir='ltr'>παχύτητα,</span> <span class='ocrx_word' id='word_1_195' title='bbox 1218 1581 1285 1639; x_wconf 83' lang='grc' dir='ltr'><strong>δι’</strong></span> <span class='ocrx_word' id='word_1_196' title='bbox 1359 1584 1425 1652; x_wconf 74' lang='grc' dir='ltr'><strong>ἢν</strong></span> <span class='ocrx_word' id='word_1_197' title='bbox 1484 1583 1651 1662; x_wconf 85' lang='grc' dir='ltr'>ὸλίγοι</span> <span class='ocrx_word' id='word_1_198' title='bbox 1702 1583 1789 1638; x_wconf 86' lang='grc' dir='ltr'>καὶ</span> 
     </span>
    </p>
   </div>
   <div class='ocr_carea' id='block_1_28' title="bbox 1889 1574 3533 1664">
    <p class='ocr_par' dir='ltr' id='par_1_28' title="bbox 1889 1574 3533 1661">
     <span class='ocr_line' id='line_1_28' title="bbox 1889 1574 3533 1661; baseline 0.007 -27"><span class='ocrx_word' id='word_1_199' title='bbox 1889 1574 2006 1635; x_wconf 61' lang='lat' dir='ltr'><strong>vitae</strong></span> <span class='ocrx_word' id='word_1_200' title='bbox 2030 1576 2273 1656; x_wconf 65' lang='lat' dir='ltr'><strong>prtemio</strong></span> <span class='ocrx_word' id='word_1_201' title='bbox 2302 1576 2548 1637; x_wconf 90' lang='lat' dir='ltr'><strong>uberius</strong></span> <span class='ocrx_word' id='word_1_202' title='bbox 2569 1576 2791 1657; x_wconf 85' lang='lat' dir='ltr'><strong>aliquid</strong></span> <span class='ocrx_word' id='word_1_203' title='bbox 2817 1579 3205 1661; x_wconf 88' lang='lat' dir='ltr'><strong>habeant,qui</strong></span> <span class='ocrx_word' id='word_1_204' title='bbox 3229 1583 3324 1644; x_wconf 86' lang='lat' dir='ltr'><strong>hic</strong></span> <span class='ocrx_word' id='word_1_205' title='bbox 3341 1574 3476 1645; x_wconf 89' lang='lat' dir='ltr'><strong>sese</strong></span> <span class='ocrx_word' id='word_1_206' title='bbox 3498 1603 3533 1645; x_wconf 92' lang='lat' dir='ltr'><strong>a</strong></span> 
     </span>
    </p>
   </div>
   <div class='ocr_carea' id='block_1_29' title="bbox 144 1665 1796 1756">
    <p class='ocr_par' dir='ltr' id='par_1_29' title="bbox 144 1672 1794 1756">
     <span class='ocr_line' id='line_1_29' title="bbox 144 1672 1794 1756; baseline -0.001 -27"><span class='ocrx_word' id='word_1_207' title='bbox 144 1675 330 1751; x_wconf 75' lang='grc' dir='ltr'>μικρὸν</span> <span class='ocrx_word' id='word_1_208' title='bbox 380 1672 772 1736; x_wconf 80' lang='grc' dir='ltr'>διακύπτουσιν,</span> <span class='ocrx_word' id='word_1_209' title='bbox 838 1683 1002 1732; x_wconf 80' lang='grc' dir='ltr'>Τοῦτο</span> <span class='ocrx_word' id='word_1_210' title='bbox 1062 1676 1158 1751; x_wconf 78' lang='grc' dir='ltr'><strong>μὲν</strong></span> <span class='ocrx_word' id='word_1_211' title='bbox 1199 1677 1285 1732; x_wconf 83' lang='grc' dir='ltr'><strong>οῦν</strong></span> <span class='ocrx_word' id='word_1_212' title='bbox 1342 1674 1794 1756; x_wconf 74' lang='grc' dir='ltr'>φιλοσοφείτωσαν</span> 
     </span>
    </p>
   </div>
   <div class='ocr_carea' id='block_1_30' title="bbox 1889 1665 3537 1756">
    <p class='ocr_par' dir='ltr' id='par_1_30' title="bbox 1889 1665 3537 1747">
     <span class='ocr_line' id='line_1_30' title="bbox 1889 1665 3537 1747; baseline 0.007 -23"><span class='ocrx_word' id='word_1_213' title='bbox 1889 1665 2092 1725; x_wconf 87' lang='lat' dir='ltr'><strong>vitioru</strong></span> <span class='ocrx_word' id='word_1_214' title='bbox 2192 1666 2321 1728; x_wconf 86' lang='lat' dir='ltr'><strong>labe</strong></span> <span class='ocrx_word' id='word_1_215' title='bbox 2351 1669 2791 1747; x_wconf 81' lang='lat' dir='ltr'><strong>perpurgarint,</strong></span> <span class='ocrx_word' id='word_1_216' title='bbox 2824 1688 2892 1730; x_wconf 89' lang='lat' dir='ltr'><strong>ac</strong></span> <span class='ocrx_word' id='word_1_217' title='bbox 2933 1689 3060 1732; x_wconf 89' lang='lat' dir='ltr'><strong>rem</strong></span> <span class='ocrx_word' id='word_1_218' title='bbox 3094 1672 3429 1735; x_wconf 89' lang='lat' dir='ltr'><strong>adamatam</strong></span> <span class='ocrx_word' id='word_1_219' title='bbox 3478 1682 3537 1739; x_wconf 85' lang='lat' dir='ltr'><strong>et</strong></span> 
     </span>
    </p>
   </div>
   <div class='ocr_carea' id='block_1_31' title="bbox 142 1755 1796 1841">
    <p class='ocr_par' dir='ltr' id='par_1_31' title="bbox 142 1762 1794 1840">
     <span class='ocr_line' id='line_1_31' title="bbox 142 1762 1794 1840; baseline -0.001 -22"><span class='ocrx_word' id='word_1_220' title='bbox 142 1769 227 1829; x_wconf 81' lang='grc' dir='ltr'>οἱς</span> <span class='ocrx_word' id='word_1_221' title='bbox 261 1762 534 1840; x_wconf 78' lang='grc' dir='ltr'>ἐπιμελὲς,</span> <span class='ocrx_word' id='word_1_222' title='bbox 571 1765 658 1820; x_wconf 85' lang='grc' dir='ltr'>καὶ</span> <span class='ocrx_word' id='word_1_223' title='bbox 681 1764 941 1821; x_wconf 85' lang='grc' dir='ltr'>ἀνίτωσαν</span> <span class='ocrx_word' id='word_1_224' title='bbox 986 1764 1072 1820; x_wconf 84' lang='grc' dir='ltr'><strong>ἐπὶ</strong></span> <span class='ocrx_word' id='word_1_225' title='bbox 1130 1763 1385 1822; x_wconf 80' lang='grc' dir='ltr'>πλεῖστον</span> <span class='ocrx_word' id='word_1_226' title='bbox 1446 1768 1545 1831; x_wconf 71' lang='grc' dir='ltr'>τῆς</span> <span class='ocrx_word' id='word_1_227' title='bbox 1577 1762 1794 1819; x_wconf 60' lang='lat' dir='ltr'><strong>8mm.-</strong></span> 
     </span>
    </p>
   </div>
   <div class='ocr_carea' id='block_1_32' title="bbox 1889 1755 3529 1841">
    <p class='ocr_par' dir='ltr' id='par_1_32' title="bbox 1889 1755 3529 1841">
     <span class='ocr_line' id='line_1_32' title="bbox 1889 1755 3529 1841; baseline 0.007 -25"><span class='ocrx_word' id='word_1_228' title='bbox 1889 1755 2197 1835; x_wconf 72' lang='lat' dir='ltr'><strong>eXpetitam</strong></span> <span class='ocrx_word' id='word_1_229' title='bbox 2227 1756 2585 1836; x_wconf 85' lang='lat' dir='ltr'><strong>patientibus</strong></span> <span class='ocrx_word' id='word_1_230' title='bbox 2613 1757 2829 1820; x_wconf 83' lang='lat' dir='ltr'><strong>animis</strong></span> <span class='ocrx_word' id='word_1_231' title='bbox 2856 1762 3277 1841; x_wconf 86' lang='lat' dir='ltr'><strong>exspectarint.</strong></span> <span class='ocrx_word' id='word_1_232' title='bbox 3298 1763 3529 1828; x_wconf 87' lang='lat' dir='ltr'><strong>Idcirco</strong></span> 
     </span>
    </p>
   </div>
   <div class='ocr_carea' id='block_1_33' title="bbox 140 1844 1796 1934">
    <p class='ocr_par' dir='ltr' id='par_1_33' title="bbox 140 1853 1796 1934">
     <span class='ocr_line' id='line_1_33' title="bbox 140 1853 1796 1934; baseline 0 -24"><span class='ocrx_word' id='word_1_233' title='bbox 140 1858 308 1929; x_wconf 81' lang='grc' dir='ltr'>ψεως⁶</span> <span class='ocrx_word' id='word_1_234' title='bbox 366 1856 502 1930; x_wconf 69' lang='grc' dir='ltr'>ἡμῖν</span> <span class='ocrx_word' id='word_1_235' title='bbox 532 1853 579 1910; x_wconf 82' lang='grc' dir='ltr'><strong>δ’</strong></span> <span class='ocrx_word' id='word_1_236' title='bbox 610 1856 698 1911; x_wconf 79' lang='grc' dir='ltr'><strong>οῦν</strong></span> <span class='ocrx_word' id='word_1_237' title='bbox 742 1854 918 1911; x_wconf 77' lang='grc' dir='ltr'>ἐκεῖνο</span> <span class='ocrx_word' id='word_1_238' title='bbox 949 1858 1216 1934; x_wconf 85' lang='grc' dir='ltr'>γνώριμον</span> <span class='ocrx_word' id='word_1_239' title='bbox 1260 1869 1377 1920; x_wconf 76' lang='grc' dir='ltr'>τοῖς</span> <span class='ocrx_word' id='word_1_240' title='bbox 1410 1855 1645 1931; x_wconf 78' lang='grc' dir='ltr'>δεσμίοις</span> <span class='ocrx_word' id='word_1_241' title='bbox 1693 1858 1796 1921; x_wconf 81' lang='grc' dir='ltr'>τῆς</span> 
     </span>
    </p>
   </div>
   <div class='ocr_carea' id='block_1_34' title="bbox 1889 1844 3536 1934">
    <p class='ocr_par' dir='ltr' id='par_1_34' title="bbox 1889 1844 3536 1933">
     <span class='ocr_line' id='line_1_34' title="bbox 1889 1844 3536 1933; baseline 0.009 -29"><span class='ocrx_word' id='word_1_242' title='bbox 1889 1844 2240 1905; x_wconf 85' lang='lat' dir='ltr'><strong>mediaiuter</strong></span> <span class='ocrx_word' id='word_1_243' title='bbox 2262 1865 2368 1907; x_wconf 92' lang='lat' dir='ltr'><strong>nos</strong></span> <span class='ocrx_word' id='word_1_244' title='bbox 2381 1865 2447 1907; x_wconf 92' lang='lat' dir='ltr'><strong>ac</strong></span> <span class='ocrx_word' id='word_1_245' title='bbox 2470 1848 2656 1909; x_wconf 79' lang='lat' dir='ltr'><strong>Deum</strong></span> <span class='ocrx_word' id='word_1_246' title='bbox 2682 1867 2971 1929; x_wconf 89' lang='lat' dir='ltr'><strong>corporea</strong></span> <span class='ocrx_word' id='word_1_247' title='bbox 2993 1851 3119 1913; x_wconf 64' lang='lat' dir='ltr'><strong>haec</strong></span> <span class='ocrx_word' id='word_1_248' title='bbox 3142 1854 3336 1933; x_wconf 78' lang='lat' dir='ltr'><strong>caligo</strong></span> <span class='ocrx_word' id='word_1_249' title='bbox 3349 1854 3536 1919; x_wconf 88' lang='lat' dir='ltr'><strong>inter-</strong></span> 
     </span>
    </p>
   </div>
   <div class='ocr_carea' id='block_1_35' title="bbox 140 1933 1796 2028">
    <p class='ocr_par' dir='ltr' id='par_1_35' title="bbox 140 1933 1790 2025">
     <span class='ocr_line' id='line_1_35' title="bbox 140 1933 1790 2025; baseline -0.002 -23"><span class='ocrx_word' id='word_1_250' title='bbox 140 1952 266 2022; x_wconf 76' lang='grc' dir='ltr'>γῆς,</span> <span class='ocrx_word' id='word_1_251' title='bbox 340 1946 368 2001; x_wconf 87' lang='grc' dir='ltr'><strong>ὃ</strong></span> <span class='ocrx_word' id='word_1_252' title='bbox 438 1968 598 2025; x_wconf 76' lang='grc' dir='ltr'>φησιν</span> <span class='ocrx_word' id='word_1_253' title='bbox 658 1947 684 2001; x_wconf 86' lang='grc' dir='ltr'>ὁ</span> <span class='ocrx_word' id='word_1_254' title='bbox 716 1950 858 2010; x_wconf 72' lang='grc' dir='ltr'>θεῖος</span> <span class='ocrx_word' id='word_1_255' title='bbox 892 1933 1173 2024; x_wconf 76' lang='grc' dir='ltr'>Ἱερεμίας,</span> <span class='ocrx_word' id='word_1_256' title='bbox 1226 1948 1313 2003; x_wconf 82' lang='grc' dir='ltr'>καὶ</span> <span class='ocrx_word' id='word_1_257' title='bbox 1343 1949 1404 2003; x_wconf 85' lang='grc' dir='ltr'>τὸ</span> <span class='ocrx_word' id='word_1_258' title='bbox 1456 1947 1606 2025; x_wconf 77' lang='grc' dir='ltr'>παχὺ</span> <span class='ocrx_word' id='word_1_259' title='bbox 1639 1954 1790 2003; x_wconf 89' lang='grc' dir='ltr'>τοῦτο</span> 
     </span>
    </p>
   </div>
   <div class='ocr_carea' id='block_1_36' title="bbox 1889 1933 3538 2028">
    <p class='ocr_par' dir='ltr' id='par_1_36' title="bbox 1889 1933 3538 2028">
     <span class='ocr_line' id='line_1_36' title="bbox 1889 1933 3538 2028; baseline 0.008 -34"><span class='ocrx_word' id='word_1_260' title='bbox 1889 1933 2035 2005; x_wconf 66' lang='lat' dir='ltr'><strong>lecta</strong></span> <span class='ocrx_word' id='word_1_261' title='bbox 2060 1945 2169 2015; x_wconf 80' lang='lat' dir='ltr'><strong>est;</strong></span> <span class='ocrx_word' id='word_1_262' title='bbox 2197 1954 2314 1996; x_wconf 93' lang='lat' dir='ltr'><strong>non</strong></span> <span class='ocrx_word' id='word_1_263' title='bbox 2331 1954 2507 1996; x_wconf 86' lang='lat' dir='ltr'><strong>secus</strong></span> <span class='ocrx_word' id='word_1_264' title='bbox 2528 1956 2596 1997; x_wconf 89' lang='lat' dir='ltr'><strong>ac</strong></span> <span class='ocrx_word' id='word_1_265' title='bbox 2616 1937 2803 1999; x_wconf 90' lang='lat' dir='ltr'><strong>nubes</strong></span> <span class='ocrx_word' id='word_1_266' title='bbox 2822 1938 2927 2001; x_wconf 71' lang='lat' dir='ltr'><strong>illa</strong></span> <span class='ocrx_word' id='word_1_267' title='bbox 2952 1940 3004 1982; x_wconf 88' lang='grc'>⁵⁵</span> <span class='ocrx_word' id='word_1_268' title='bbox 3024 1941 3163 2002; x_wconf 88' lang='lat' dir='ltr'><strong>olim</strong></span> <span class='ocrx_word' id='word_1_269' title='bbox 3190 1943 3347 2005; x_wconf 88' lang='lat' dir='ltr'><strong>inter</strong></span> <span class='ocrx_word' id='word_1_270' title='bbox 3368 1944 3538 2028; x_wconf 63' lang='lat' dir='ltr'><strong>Egy-</strong></span> 
     </span>
    </p>
   </div>
   <div class='ocr_carea' id='block_1_37' title="bbox 138 2024 1796 2116">
    <p class='ocr_par' dir='ltr' id='par_1_37' title="bbox 138 2032 1788 2116">
     <span class='ocr_line' id='line_1_37' title="bbox 138 2032 1788 2116; baseline 0 -26"><span class='ocrx_word' id='word_1_271' title='bbox 138 2036 349 2114; x_wconf 81' lang='grc' dir='ltr'>σαρκίον</span> <span class='ocrx_word' id='word_1_272' title='bbox 410 2032 882 2113; x_wconf 73' lang='grc' dir='ltr'>περιϐεϐλημένοις</span> <span class='ocrx_word' id='word_1_273' title='bbox 1174 2035 1255 2094; x_wconf 82' lang='grc' dir='ltr'>ὅτι</span> <span class='ocrx_word' id='word_1_274' title='bbox 1313 2036 1491 2115; x_wconf 81' lang='grc' dir='ltr'>ὥσπερ</span> <span class='ocrx_word' id='word_1_275' title='bbox 1540 2034 1788 2091; x_wconf 73' lang='grc' dir='ltr'>ἀδύνατον</span> 
     </span>
    </p>
   </div>
   <div class='ocr_carea' id='block_1_38' title="bbox 1889 2024 3537 2116">
    <p class='ocr_par' dir='ltr' id='par_1_38' title="bbox 1889 2024 3537 2116">
     <span class='ocr_line' id='line_1_38' title="bbox 1889 2024 3537 2116; baseline 0.009 -32"><span class='ocrx_word' id='word_1_276' title='bbox 1889 2025 2029 2104; x_wconf 57' lang='grc' dir='ltr'>ριίοε.</span> <span class='ocrx_word' id='word_1_277' title='bbox 2048 2035 2123 2116; x_wconf 87' lang='lat' dir='ltr'><strong>et_</strong></span> <span class='ocrx_word' id='word_1_278' title='bbox 2126 2024 2430 2087; x_wconf 86' lang='lat' dir='ltr'><strong>Hebraeos.</strong></span> <span class='ocrx_word' id='word_1_279' title='bbox 2448 2025 2533 2116; x_wconf 78' lang='lat' dir='ltr'><strong>Ac</strong></span> <span class='ocrx_word' id='word_1_280' title='bbox 2555 2027 2803 2092; x_wconf 85' lang='lat' dir='ltr'><strong>fortasse</strong></span> <span class='ocrx_word' id='word_1_281' title='bbox 2820 2030 2937 2092; x_wconf 92' lang='lat' dir='ltr'><strong>huc</strong></span> <span class='ocrx_word' id='word_1_282' title='bbox 2955 2042 3183 2113; x_wconf 84' lang='lat' dir='ltr'><strong>spectat</strong></span> <span class='ocrx_word' id='word_1_283' title='bbox 3204 2035 3352 2097; x_wconf 91' lang='lat' dir='ltr'><strong>illud</strong></span> <span class='ocrx_word' id='word_1_284' title='bbox 3374 2024 3537 2100; x_wconf 75' lang='lat' dir='ltr'><strong>Scri-</strong></span> 
     </span>
    </p>
   </div>
   <div class='ocr_carea' id='block_1_39' title="bbox 137 2114 3534 2205">
    <p class='ocr_par' dir='ltr' id='par_1_39' title="bbox 137 2114 3534 2205">
     <span class='ocr_line' id='line_1_39' title="bbox 137 2114 3534 2205; baseline 0.003 -25"><span class='ocrx_word' id='word_1_285' title='bbox 137 2122 427 2205; x_wconf 77' lang='grc' dir='ltr'>ὺπερϐἧναι</span> <span class='ocrx_word' id='word_1_286' title='bbox 476 2126 603 2196; x_wconf 87' lang='grc'><strong>(57)</strong></span> <span class='ocrx_word' id='word_1_287' title='bbox 654 2126 752 2193; x_wconf 76' lang='grc' dir='ltr'><strong>τὴν</strong></span> <span class='ocrx_word' id='word_1_288' title='bbox 800 2126 987 2183; x_wconf 77' lang='grc' dir='ltr'>ἑαυτοῦ</span> <span class='ocrx_word' id='word_1_289' title='bbox 1050 2114 1228 2203; x_wconf 83' lang='grc' dir='ltr'>σκιὰν,</span> <span class='ocrx_word' id='word_1_290' title='bbox 1264 2129 1350 2184; x_wconf 82' lang='grc' dir='ltr'>καὶ</span> <span class='ocrx_word' id='word_1_291' title='bbox 1381 2114 1604 2203; x_wconf 79' lang='grc' dir='ltr'>τῷλίαν</span> <span class='ocrx_word' id='word_1_292' title='bbox 1638 2126 1789 2181; x_wconf 83' lang='grc' dir='ltr'>ἐπει-</span> <span class='ocrx_word' id='word_1_293' title='bbox 1878 2114 3534 2205; x_wconf 16' lang='grc' dir='ltr'>ρᾼιιιτίιεᾝοευὶιιοοεδιοδΙοιίουΙυιηεἰὺὶδδ,ὴοοθει,οι·ειε-</span> 
     </span>
    </p>
   </div>
   <div class='ocr_carea' id='block_1_40' title="bbox 136 2202 1796 2298">
    <p class='ocr_par' dir='ltr' id='par_1_40' title="bbox 136 2202 1791 2295">
     <span class='ocr_line' id='line_1_40' title="bbox 136 2202 1791 2295; baseline -0.001 -24"><span class='ocrx_word' id='word_1_294' title='bbox 136 2202 350 2294; x_wconf 74' lang='grc' dir='ltr'>γομένῳ</span> <span class='ocrx_word' id='word_1_295' title='bbox 380 2217 581 2295; x_wconf 75' lang='grc' dir='ltr'>(φθάνει</span> <span class='ocrx_word' id='word_1_296' title='bbox 653 2238 752 2295; x_wconf 89' lang='grc' dir='ltr'><strong>γαρ</strong></span> <span class='ocrx_word' id='word_1_297' title='bbox 800 2216 878 2273; x_wconf 77' lang='grc' dir='ltr'><strong>ἀεὶ</strong></span> <span class='ocrx_word' id='word_1_298' title='bbox 920 2225 1193 2292; x_wconf 81' lang='grc' dir='ltr'>τοσοῦτον,</span> <span class='ocrx_word' id='word_1_299' title='bbox 1270 2216 1391 2274; x_wconf 81' lang='grc' dir='ltr'>ὅσον</span> <span class='ocrx_word' id='word_1_300' title='bbox 1436 2213 1791 2291; x_wconf 76' lang='grc' dir='ltr'>καταλαμϐά-</span> 
     </span>
    </p>
   </div>
   <div class='ocr_carea' id='block_1_41' title="bbox 1889 2202 3533 2298">
    <p class='ocr_par' dir='ltr' id='par_1_41' title="bbox 1889 2202 3533 2298">
     <span class='ocr_line' id='line_1_41' title="bbox 1889 2202 3533 2298; baseline 0.009 -33"><span class='ocrx_word' id='word_1_301' title='bbox 1889 2202 2071 2266; x_wconf 78' lang='lat' dir='ltr'><strong>sitiem</strong></span> <span class='ocrx_word' id='word_1_302' title='bbox 2102 2214 2394 2286; x_wconf 88' lang='lat' dir='ltr'><strong>nostram,</strong></span> <span class='ocrx_word' id='word_1_303' title='bbox 2420 2224 2535 2287; x_wconf 90' lang='lat' dir='ltr'><strong>qua</strong></span> <span class='ocrx_word' id='word_1_304' title='bbox 2558 2208 2644 2276; x_wconf 80' lang='lat' dir='ltr'><strong>fit.</strong></span> <span class='ocrx_word' id='word_1_305' title='bbox 2676 2218 2738 2269; x_wconf 92' lang='lat' dir='ltr'><strong>ut</strong></span> <span class='ocrx_word' id='word_1_306' title='bbox 2760 2211 2932 2289; x_wconf 88' lang='lat' dir='ltr'><strong>pauci</strong></span> <span class='ocrx_word' id='word_1_307' title='bbox 2955 2214 3221 2291; x_wconf 85' lang='lat' dir='ltr'><strong>omnino,</strong></span> <span class='ocrx_word' id='word_1_308' title='bbox 3248 2215 3411 2296; x_wconf 88' lang='lat' dir='ltr'><strong>iique</strong></span> <span class='ocrx_word' id='word_1_309' title='bbox 3435 2237 3533 2298; x_wconf 88' lang='lat' dir='ltr'><strong>pa-</strong></span> 
     </span>
    </p>
   </div>
   <div class='ocr_carea' id='block_1_42' title="bbox 139 2292 1796 2388">
    <p class='ocr_par' dir='ltr' id='par_1_42' title="bbox 139 2292 1794 2388">
     <span class='ocr_line' id='line_1_42' title="bbox 139 2292 1794 2388; baseline 0 -26"><span class='ocrx_word' id='word_1_310' title='bbox 139 2292 335 2385; x_wconf 81' lang='grc' dir='ltr'>νεται),</span> <span class='ocrx_word' id='word_1_311' title='bbox 455 2320 575 2371; x_wconf 83' lang='grc' dir='ltr'>τοῖς</span> <span class='ocrx_word' id='word_1_312' title='bbox 621 2292 840 2387; x_wconf 77' lang='grc' dir='ltr'>ὁρατοῖς</span> <span class='ocrx_word' id='word_1_313' title='bbox 873 2306 1170 2376; x_wconf 79' lang='grc' dir='ltr'>πλησιάσαι</span> <span class='ocrx_word' id='word_1_314' title='bbox 1207 2310 1301 2377; x_wconf 82' lang='grc' dir='ltr'><strong>τὴν</strong></span> <span class='ocrx_word' id='word_1_315' title='bbox 1347 2311 1492 2388; x_wconf 74' lang='grc' dir='ltr'>ὃψιν,</span> <span class='ocrx_word' id='word_1_316' title='bbox 1546 2306 1673 2387; x_wconf 83' lang='grc' dir='ltr'>δίχα</span> <span class='ocrx_word' id='word_1_317' title='bbox 1703 2312 1794 2362; x_wconf 91' lang='grc' dir='ltr'><strong>τοῦ</strong></span> 
     </span>
    </p>
   </div>
   <div class='ocr_carea' id='block_1_43' title="bbox 1889 2292 3534 2388">
    <p class='ocr_par' dir='ltr' id='par_1_43' title="bbox 1889 2292 3534 2379">
     <span class='ocr_line' id='line_1_43' title="bbox 1889 2292 3534 2379; baseline 0.009 -23"><span class='ocrx_word' id='word_1_318' title='bbox 1889 2314 2008 2357; x_wconf 82' lang='lat' dir='ltr'><strong>rum</strong></span> <span class='ocrx_word' id='word_1_319' title='bbox 2043 2292 2361 2357; x_wconf 87' lang='lat' dir='ltr'><strong>admodum</strong></span> <span class='ocrx_word' id='word_1_320' title='bbox 2399 2298 2805 2379; x_wconf 90' lang='lat' dir='ltr'><strong>transpiciant.</strong></span> <span class='ocrx_word' id='word_1_321' title='bbox 2842 2299 2959 2364; x_wconf 90' lang='lat' dir='ltr'><strong>Sed</strong></span> <span class='ocrx_word' id='word_1_322' title='bbox 3005 2303 3081 2365; x_wconf 91' lang='lat' dir='ltr'><strong>de</strong></span> <span class='ocrx_word' id='word_1_323' title='bbox 3111 2305 3222 2367; x_wconf 88' lang='lat' dir='ltr'><strong>hac</strong></span> <span class='ocrx_word' id='word_1_324' title='bbox 3253 2292 3534 2372; x_wconf 77' lang='lat' dir='ltr'><strong>reaccu—</strong></span> 
     </span>
    </p>
   </div>
   <div class='ocr_carea' id='block_1_44' title="bbox 138 2385 1796 2477">
    <p class='ocr_par' dir='ltr' id='par_1_44' title="bbox 138 2396 1795 2477">
     <span class='ocr_line' id='line_1_44' title="bbox 138 2396 1795 2477; baseline 0 -26"><span class='ocrx_word' id='word_1_325' title='bbox 138 2396 193 2451; x_wconf 80' lang='grc' dir='ltr'><strong>ἐν</strong></span> <span class='ocrx_word' id='word_1_326' title='bbox 254 2398 402 2473; x_wconf 83' lang='grc' dir='ltr'>μέσῳ</span> <span class='ocrx_word' id='word_1_327' title='bbox 430 2399 604 2477; x_wconf 75' lang='grc' dir='ltr'>φωτὸς</span> <span class='ocrx_word' id='word_1_328' title='bbox 665 2398 753 2453; x_wconf 77' lang='grc' dir='ltr'><strong>καὶ</strong></span> <span class='ocrx_word' id='word_1_329' title='bbox 810 2398 987 2474; x_wconf 78' lang='grc' dir='ltr'>ἀέρος,</span> <span class='ocrx_word' id='word_1_330' title='bbox 1048 2399 1083 2467; x_wconf 73' lang='grc' dir='ltr'><strong>ἢ</strong></span> <span class='ocrx_word' id='word_1_331' title='bbox 1139 2406 1243 2455; x_wconf 81' lang='grc' dir='ltr'><strong>τῶν</strong></span> <span class='ocrx_word' id='word_1_332' title='bbox 1283 2397 1480 2455; x_wconf 70' lang='grc' dir='ltr'>ὅδάτων</span> <span class='ocrx_word' id='word_1_333' title='bbox 1532 2396 1629 2463; x_wconf 74' lang='grc' dir='ltr'>ἔξω</span> <span class='ocrx_word' id='word_1_334' title='bbox 1695 2396 1795 2463; x_wconf 77' lang='grc' dir='ltr'><strong>τὴν</strong></span> 
     </span>
    </p>
   </div>
   <div class='ocr_carea' id='block_1_45' title="bbox 1889 2385 3537 2477">
    <p class='ocr_par' dir='ltr' id='par_1_45' title="bbox 1889 2385 3537 2473">
     <span class='ocr_line' id='line_1_45' title="bbox 1889 2385 3537 2473; baseline 0.01 -27"><span class='ocrx_word' id='word_1_335' title='bbox 1889 2387 2061 2447; x_wconf 83' lang='lat' dir='ltr'><strong>ratius</strong></span> <span class='ocrx_word' id='word_1_336' title='bbox 2085 2385 3030 2473; x_wconf 79' lang='lat' dir='ltr'><strong>philosophentur,altissimeque</strong></span> <span class='ocrx_word' id='word_1_337' title='bbox 3053 2396 3537 2462; x_wconf 85' lang='lat' dir='ltr'><strong>consideratione</strong></span> 
     </span>
    </p>
   </div>
   <div class='ocr_carea' id='block_1_46' title="bbox 144 2485 1797 2569">
    <p class='ocr_par' dir='ltr' id='par_1_46' title="bbox 144 2485 1797 2569">
     <span class='ocr_line' id='line_1_46' title="bbox 144 2485 1797 2569; baseline -0.002 -27"><span class='ocrx_word' id='word_1_338' title='bbox 144 2489 347 2554; x_wconf 76' lang='grc' dir='ltr'>νηκτὴν</span> <span class='ocrx_word' id='word_1_339' title='bbox 396 2488 549 2566; x_wconf 76' lang='grc' dir='ltr'>φύσιν</span> <span class='ocrx_word' id='word_1_340' title='bbox 608 2485 997 2546; x_wconf 81' lang='grc' dir='ltr'>διολισθαίνειν“</span> <span class='ocrx_word' id='word_1_341' title='bbox 1031 2487 1197 2552; x_wconf 66' lang='grc' dir='ltr'>οὕτως</span> <span class='ocrx_word' id='word_1_342' title='bbox 1248 2489 1539 2569; x_wconf 78' lang='grc' dir='ltr'>ἀμήχανον</span> <span class='ocrx_word' id='word_1_343' title='bbox 1594 2499 1711 2552; x_wconf 80' lang='grc' dir='ltr'>τοϊς</span> <span class='ocrx_word' id='word_1_344' title='bbox 1744 2486 1797 2541; x_wconf 77' lang='grc' dir='ltr'><strong>ἐν</strong></span> 
     </span>
    </p>
   </div>
   <div class='ocr_carea' id='block_1_47' title="bbox 146 2576 1800 2657">
    <p class='ocr_par' dir='ltr' id='par_1_47' title="bbox 146 2576 1800 2657">
     <span class='ocr_line' id='line_1_47' title="bbox 146 2576 1800 2657; baseline -0.002 -24"><span class='ocrx_word' id='word_1_345' title='bbox 146 2578 358 2652; x_wconf 84' lang='grc' dir='ltr'>σὼματι</span> <span class='ocrx_word' id='word_1_346' title='bbox 395 2576 545 2657; x_wconf 87' lang='grc'>(58),</span> <span class='ocrx_word' id='word_1_347' title='bbox 589 2576 715 2656; x_wconf 63' lang='grc' dir='ltr'>δίχα</span> <span class='ocrx_word' id='word_1_348' title='bbox 767 2584 872 2633; x_wconf 81' lang='grc' dir='ltr'>τῶν</span> <span class='ocrx_word' id='word_1_349' title='bbox 932 2586 1278 2653; x_wconf 74' lang='grc' dir='ltr'>σωματικῶν,</span> <span class='ocrx_word' id='word_1_350' title='bbox 1329 2580 1504 2644; x_wconf 79' lang='grc' dir='ltr'>πάντη</span> <span class='ocrx_word' id='word_1_351' title='bbox 1558 2576 1800 2655; x_wconf 82' lang='grc' dir='ltr'>γενέσθαι</span> 
     </span>
    </p>
   </div>
   <div class='ocr_carea' id='block_1_48' title="bbox 139 2665 1801 2747">
    <p class='ocr_par' dir='ltr' id='par_1_48' title="bbox 139 2665 1801 2747">
     <span class='ocr_line' id='line_1_48' title="bbox 139 2665 1801 2747; baseline -0.002 -26"><span class='ocrx_word' id='word_1_352' title='bbox 139 2688 274 2741; x_wconf 80' lang='grc' dir='ltr'>μετα</span> <span class='ocrx_word' id='word_1_353' title='bbox 330 2666 435 2721; x_wconf 80' lang='grc' dir='ltr'>τῶν</span> <span class='ocrx_word' id='word_1_354' title='bbox 466 2667 788 2737; x_wconf 85' lang='grc' dir='ltr'>νοουμένων.</span> <span class='ocrx_word' id='word_1_355' title='bbox 849 2665 961 2723; x_wconf 81' lang='grc' dir='ltr'>Ἀεὶ</span> <span class='ocrx_word' id='word_1_356' title='bbox 1011 2668 1111 2747; x_wconf 90' lang='grc' dir='ltr'><strong>γάρ</strong></span> <span class='ocrx_word' id='word_1_357' title='bbox 1141 2690 1192 2724; x_wconf 84' lang='grc' dir='ltr'><strong>τι</strong></span> <span class='ocrx_word' id='word_1_358' title='bbox 1234 2668 1664 2746; x_wconf 74' lang='grc' dir='ltr'>παρεμπεσεῖται</span> <span class='ocrx_word' id='word_1_359' title='bbox 1694 2666 1801 2721; x_wconf 78' lang='grc' dir='ltr'>τῶν</span> 
     </span>
    </p>
   </div>
   <div class='ocr_carea' id='block_1_49' title="bbox 150 2754 1798 2837">
    <p class='ocr_par' dir='ltr' id='par_1_49' title="bbox 150 2754 1798 2837">
     <span class='ocr_line' id='line_1_49' title="bbox 150 2754 1798 2837; baseline -0.001 -27"><span class='ocrx_word' id='word_1_360' title='bbox 150 2754 448 2832; x_wconf 72' lang='grc' dir='ltr'>ἡμετέρων,</span> <span class='ocrx_word' id='word_1_361' title='bbox 535 2754 631 2810; x_wconf 73' lang='grc' dir='ltr'><strong>κάν</strong></span> <span class='ocrx_word' id='word_1_362' title='bbox 687 2754 770 2812; x_wconf 83' lang='grc' dir='ltr'>ὅτι</span> <span class='ocrx_word' id='word_1_363' title='bbox 847 2755 1081 2831; x_wconf 84' lang='grc' dir='ltr'>μάλιστα</span> <span class='ocrx_word' id='word_1_364' title='bbox 1158 2759 1397 2837; x_wconf 70' lang='grc' dir='ltr'>χωρίτας</span> <span class='ocrx_word' id='word_1_365' title='bbox 1457 2756 1641 2813; x_wconf 79' lang='grc' dir='ltr'>ἑαυτὸν</span> <span class='ocrx_word' id='word_1_366' title='bbox 1694 2760 1798 2809; x_wconf 78' lang='grc' dir='ltr'>τῶν</span> 
     </span>
    </p>
   </div>
   <div class='ocr_carea' id='block_1_50' title="bbox 153 2845 1799 2925">
    <p class='ocr_par' dir='ltr' id='par_1_50' title="bbox 153 2845 1799 2925">
     <span class='ocr_line' id='line_1_50' title="bbox 153 2845 1799 2925; baseline -0.001 -24"><span class='ocrx_word' id='word_1_367' title='bbox 153 2845 435 2924; x_wconf 79' lang='grc' dir='ltr'>ὁρωμένων</span> <span class='ocrx_word' id='word_1_368' title='bbox 494 2847 522 2900; x_wconf 75' lang='grc' dir='ltr'>ὃ</span> <span class='ocrx_word' id='word_1_369' title='bbox 579 2853 720 2917; x_wconf 88' lang='grc' dir='ltr'>νοῦς,</span> <span class='ocrx_word' id='word_1_370' title='bbox 777 2848 863 2902; x_wconf 83' lang='grc' dir='ltr'>καὶ</span> <span class='ocrx_word' id='word_1_371' title='bbox 920 2845 1037 2901; x_wconf 82' lang='grc' dir='ltr'>καθ’</span> <span class='ocrx_word' id='word_1_372' title='bbox 1072 2846 1255 2903; x_wconf 76' lang='grc' dir='ltr'>ἑαυτὸν</span> <span class='ocrx_word' id='word_1_373' title='bbox 1286 2846 1596 2925; x_wconf 85' lang='grc' dir='ltr'>γενόμενος,</span> <span class='ocrx_word' id='word_1_374' title='bbox 1628 2865 1799 2922; x_wconf 81' lang='grc' dir='ltr'>προσ-</span> 
     </span>
    </p>
   </div>
   <div class='ocr_carea' id='block_1_51' title="bbox 155 2931 1803 3015">
    <p class='ocr_par' dir='ltr' id='par_1_51' title="bbox 155 2931 1803 3015">
     <span class='ocr_line' id='line_1_51' title="bbox 155 2931 1803 3015; baseline -0.002 -25"><span class='ocrx_word' id='word_1_375' title='bbox 155 2933 370 2991; x_wconf 76' lang='grc' dir='ltr'>ϐάλλειν</span> <span class='ocrx_word' id='word_1_376' title='bbox 412 2934 664 3015; x_wconf 76' lang='grc' dir='ltr'>ἐπιχειρῇ</span> <span class='ocrx_word' id='word_1_377' title='bbox 693 2947 810 2999; x_wconf 74' lang='grc' dir='ltr'>τοίς</span> <span class='ocrx_word' id='word_1_378' title='bbox 860 2936 1134 3013; x_wconf 76' lang='grc' dir='ltr'>συγγενέσι</span> <span class='ocrx_word' id='word_1_379' title='bbox 1185 2938 1272 2992; x_wconf 85' lang='grc' dir='ltr'><strong>καὶ</strong></span> <span class='ocrx_word' id='word_1_380' title='bbox 1314 2935 1581 3015; x_wconf 83' lang='grc' dir='ltr'>ἀοράτοις,</span> <span class='ocrx_word' id='word_1_381' title='bbox 1616 2931 1803 3009; x_wconf 77' lang='grc' dir='ltr'>Γνώσῃ</span> 
     </span>
    </p>
   </div>
   <div class='ocr_carea' id='block_1_52' title="bbox 160 3023 438 3090">
    <p class='ocr_par' dir='ltr' id='par_1_52' title="bbox 160 3023 438 3090">
     <span class='ocr_line' id='line_1_52' title="bbox 160 3023 438 3090; baseline 0.011 -10"><span class='ocrx_word' id='word_1_382' title='bbox 160 3023 214 3080; x_wconf 74' lang='grc' dir='ltr'><strong>δὲ</strong></span> <span class='ocrx_word' id='word_1_383' title='bbox 250 3024 438 3090; x_wconf 70' lang='grc' dir='ltr'>οὕτως.</span> 
     </span>
    </p>
   </div>
   <div class='ocr_carea' id='block_1_53' title="bbox 1884 2477 3540 2557">
    <p class='ocr_par' dir='ltr' id='par_1_53' title="bbox 1884 2477 3540 2557">
     <span class='ocr_line' id='line_1_53' title="bbox 1884 2477 3540 2557; baseline 0.01 -21"><span class='ocrx_word' id='word_1_384' title='bbox 1884 2477 2302 2557; x_wconf 86' lang='lat' dir='ltr'><strong>provehantur,</strong></span> <span class='ocrx_word' id='word_1_385' title='bbox 2330 2477 2542 2556; x_wconf 88' lang='lat' dir='ltr'><strong>quibus</strong></span> <span class='ocrx_word' id='word_1_386' title='bbox 2568 2479 2623 2540; x_wconf 89' lang='lat' dir='ltr'><strong>id</strong></span> <span class='ocrx_word' id='word_1_387' title='bbox 2646 2480 2839 2541; x_wconf 89' lang='lat' dir='ltr'><strong>stndio</strong></span> <span class='ocrx_word' id='word_1_388' title='bbox 2863 2491 2920 2543; x_wconf 87' lang='lat' dir='ltr'><strong>et</strong></span> <span class='ocrx_word' id='word_1_389' title='bbox 2943 2503 3105 2547; x_wconf 74' lang='lat' dir='ltr'><strong>curae</strong></span> <span class='ocrx_word' id='word_1_390' title='bbox 3128 2486 3325 2551; x_wconf 83' lang='lat' dir='ltr'><strong>fuerit.</strong></span> <span class='ocrx_word' id='word_1_391' title='bbox 3354 2487 3540 2553; x_wconf 90' lang='lat' dir='ltr'><strong>Nobis</strong></span> 
     </span>
    </p>
   </div>
   <div class='ocr_carea' id='block_1_54' title="bbox 1882 2566 3543 2651">
    <p class='ocr_par' dir='ltr' id='par_1_54' title="bbox 1882 2566 3543 2651">
     <span class='ocr_line' id='line_1_54' title="bbox 1882 2566 3543 2651; baseline 0.007 -24"><span class='ocrx_word' id='word_1_392' title='bbox 1882 2566 2222 2646; x_wconf 89' lang='lat' dir='ltr'><strong>utique,qui</strong></span> <span class='ocrx_word' id='word_1_393' title='bbox 2246 2574 2421 2627; x_wconf 63' lang='lat' dir='ltr'><strong>terra;</strong></span> <span class='ocrx_word' id='word_1_394' title='bbox 2444 2568 2696 2630; x_wconf 89' lang='lat' dir='ltr'><strong>vinculis</strong></span> <span class='ocrx_word' id='word_1_395' title='bbox 2718 2570 2945 2633; x_wconf 87' lang='lat' dir='ltr'><strong>astricti</strong></span> <span class='ocrx_word' id='word_1_396' title='bbox 2970 2582 3249 2638; x_wconf 87' lang='lat' dir='ltr'><strong>tenemur</strong></span> <span class='ocrx_word' id='word_1_397' title='bbox 3270 2577 3418 2651; x_wconf 81' lang='grc' dir='ltr'>⁵⁷,υι</span> <span class='ocrx_word' id='word_1_398' title='bbox 3441 2582 3543 2644; x_wconf 79' lang='lat' dir='ltr'><strong>Je.</strong></span> 
     </span>
    </p>
   </div>
   <div class='ocr_carea' id='block_1_55' title="bbox 1882 2655 3537 2749">
    <p class='ocr_par' dir='ltr' id='par_1_55' title="bbox 1882 2655 3537 2749">
     <span class='ocr_line' id='line_1_55' title="bbox 1882 2655 3537 2749; baseline 0.009 -31"><span class='ocrx_word' id='word_1_399' title='bbox 1882 2656 2092 2718; x_wconf 75' lang='lat' dir='ltr'><strong>remiae</strong></span> <span class='ocrx_word' id='word_1_400' title='bbox 2128 2655 2326 2717; x_wconf 89' lang='lat' dir='ltr'><strong>verbis</strong></span> <span class='ocrx_word' id='word_1_401' title='bbox 2342 2664 2823 2740; x_wconf 86' lang='lat' dir='ltr'><strong>utar,crassaque</strong></span> <span class='ocrx_word' id='word_1_402' title='bbox 2842 2662 2952 2723; x_wconf 85' lang='lat' dir='ltr'><strong>hac</strong></span> <span class='ocrx_word' id='word_1_403' title='bbox 2982 2667 3537 2749; x_wconf 83' lang='lat' dir='ltr'><strong>carneobtegimur,</strong></span> 
     </span>
    </p>
   </div>
   <div class='ocr_carea' id='block_1_56' title="bbox 1883 2745 3538 2830">
    <p class='ocr_par' dir='ltr' id='par_1_56' title="bbox 1883 2745 3538 2830">
     <span class='ocr_line' id='line_1_56' title="bbox 1883 2745 3538 2830; baseline 0.008 -22"><span class='ocrx_word' id='word_1_404' title='bbox 1883 2747 1997 2809; x_wconf 89' lang='lat' dir='ltr'><strong>hoc</strong></span> <span class='ocrx_word' id='word_1_405' title='bbox 2022 2745 2404 2827; x_wconf 83' lang='lat' dir='ltr'><strong>perSpicuum</strong></span> <span class='ocrx_word' id='word_1_406' title='bbox 2430 2749 2706 2827; x_wconf 90' lang='lat' dir='ltr'><strong>est,quod</strong></span> <span class='ocrx_word' id='word_1_407' title='bbox 2734 2753 3237 2830; x_wconf 86' lang='lat' dir='ltr'><strong>quemadmodum</strong></span> <span class='ocrx_word' id='word_1_408' title='bbox 3261 2745 3424 2819; x_wconf 87' lang='lat' dir='ltr'><strong>nulla</strong></span> <span class='ocrx_word' id='word_1_409' title='bbox 3446 2745 3538 2822; x_wconf 52' lang='lat' dir='ltr'><strong>ra;</strong></span> 
     </span>
    </p>
   </div>
   <div class='ocr_carea' id='block_1_57' title="bbox 1887 2833 3537 2928">
    <p class='ocr_par' dir='ltr' id='par_1_57' title="bbox 1887 2833 3537 2928">
     <span class='ocr_line' id='line_1_57' title="bbox 1887 2833 3537 2928; baseline 0.01 -32"><span class='ocrx_word' id='word_1_410' title='bbox 1887 2836 2046 2896; x_wconf 91' lang='lat' dir='ltr'><strong>tione</strong></span> <span class='ocrx_word' id='word_1_411' title='bbox 2063 2835 2192 2896; x_wconf 86' lang='lat' dir='ltr'><strong>ﬁeri</strong></span> <span class='ocrx_word' id='word_1_412' title='bbox 2215 2833 2355 2895; x_wconf 75' lang='grc' dir='ltr'><strong>5Οὸ</strong></span> <span class='ocrx_word' id='word_1_413' title='bbox 2378 2843 2663 2928; x_wconf 83' lang='lat' dir='ltr'><strong>potest,ut</strong></span> <span class='ocrx_word' id='word_1_414' title='bbox 2685 2840 3338 2923; x_wconf 85' lang='lat' dir='ltr'><strong>quispiam,quamlibet</strong></span> <span class='ocrx_word' id='word_1_415' title='bbox 3359 2868 3537 2928; x_wconf 87' lang='lat' dir='ltr'><strong>gres-</strong></span> 
     </span>
    </p>
   </div>
   <div class='ocr_carea' id='block_1_58' title="bbox 1888 2923 3535 3017">
    <p class='ocr_par' dir='ltr' id='par_1_58' title="bbox 1888 2923 3535 3017">
     <span class='ocr_line' id='line_1_58' title="bbox 1888 2923 3535 3017; baseline 0.009 -30"><span class='ocrx_word' id='word_1_416' title='bbox 1888 2945 2017 2987; x_wconf 93' lang='lat' dir='ltr'><strong>sum</strong></span> <span class='ocrx_word' id='word_1_417' title='bbox 2054 2933 2282 3005; x_wconf 82' lang='lat' dir='ltr'><strong>urgeat,</strong></span> <span class='ocrx_word' id='word_1_418' title='bbox 2318 2923 2591 2986; x_wconf 84' lang='lat' dir='ltr'><strong>umbram</strong></span> <span class='ocrx_word' id='word_1_419' title='bbox 2645 2946 2810 2987; x_wconf 90' lang='lat' dir='ltr'><strong>suam</strong></span> <span class='ocrx_word' id='word_1_420' title='bbox 2850 2940 3161 3008; x_wconf 65' lang='lat' dir='ltr'><strong>praetereat</strong></span> <span class='ocrx_word' id='word_1_421' title='bbox 3192 2951 3215 3014; x_wconf 61' lang='grc' dir='ltr'><strong>ι</strong></span> <span class='ocrx_word' id='word_1_422' title='bbox 3251 2923 3535 3017; x_wconf 71' lang='lat' dir='ltr'><strong>quantum</strong></span> 
     </span>
    </p>
   </div>
   <div class='ocr_carea' id='block_1_59' title="bbox 1892 3015 3541 3107">
    <p class='ocr_par' dir='ltr' id='par_1_59' title="bbox 1892 3015 3541 3107">
     <span class='ocr_line' id='line_1_59' title="bbox 1892 3015 3541 3107; baseline 0.007 -28"><span class='ocrx_word' id='word_1_423' title='bbox 1892 3017 2050 3079; x_wconf 91' lang='lat' dir='ltr'><strong>enim</strong></span> <span class='ocrx_word' id='word_1_424' title='bbox 2076 3033 2205 3076; x_wconf 92' lang='lat' dir='ltr'><strong>eam</strong></span> <span class='ocrx_word' id='word_1_425' title='bbox 2231 3015 2828 3095; x_wconf 88' lang='lat' dir='ltr'><strong>assequeris,tantum</strong></span> <span class='ocrx_word' id='word_1_426' title='bbox 2855 3020 3034 3081; x_wconf 89' lang='lat' dir='ltr'><strong>etiam</strong></span> <span class='ocrx_word' id='word_1_427' title='bbox 3058 3021 3161 3085; x_wconf 87' lang='lat' dir='ltr'><strong>illa</strong></span> <span class='ocrx_word' id='word_1_428' title='bbox 3180 3015 3422 3107; x_wconf 86' lang='lat' dir='ltr'><strong>semper</strong></span> <span class='ocrx_word' id='word_1_429' title='bbox 3438 3048 3541 3091; x_wconf 90' lang='lat' dir='ltr'><strong>an—</strong></span> 
     </span>
    </p>
   </div>
   <div class='ocr_carea' id='block_1_60' title="bbox 143 3108 3551 3212">
    <p class='ocr_par' dir='ltr' id='par_1_60' title="bbox 143 3108 3551 3212">
     <span class='ocr_line' id='line_1_60' title="bbox 143 3108 3551 3212; baseline 0.002 -34"><span class='ocrx_word' id='word_1_430' title='bbox 143 3116 429 3197; x_wconf 88' lang='lat' dir='ltr'><strong>tevertit),</strong></span> <span class='ocrx_word' id='word_1_431' title='bbox 464 3124 563 3179; x_wconf 90' lang='lat' dir='ltr'><strong>aut</strong></span> <span class='ocrx_word' id='word_1_432' title='bbox 594 3117 805 3181; x_wconf 89' lang='lat' dir='ltr'><strong>oculus</strong></span> <span class='ocrx_word' id='word_1_433' title='bbox 824 3115 1005 3180; x_wconf 92' lang='lat' dir='ltr'><strong>rebus</strong></span> <span class='ocrx_word' id='word_1_434' title='bbox 1029 3118 1089 3179; x_wconf 91' lang='lat' dir='ltr'><strong>in</strong></span> <span class='ocrx_word' id='word_1_435' title='bbox 1121 3126 1425 3200; x_wconf 91' lang='lat' dir='ltr'><strong>aspectum</strong></span> <span class='ocrx_word' id='word_1_436' title='bbox 1458 3115 1809 3180; x_wconf 89' lang='lat' dir='ltr'><strong>cadentibus</strong></span> <span class='ocrx_word' id='word_1_437' title='bbox 1840 3112 1985 3212; x_wconf 75' lang='lat' dir='ltr'><strong>citra</strong></span> <span class='ocrx_word' id='word_1_438' title='bbox 2016 3108 2434 3212; x_wconf 74' lang='lat' dir='ltr'><strong>intermediam</strong></span> <span class='ocrx_word' id='word_1_439' title='bbox 2459 3109 2650 3212; x_wconf 78' lang='lat' dir='ltr'><strong>lucem</strong></span> <span class='ocrx_word' id='word_1_440' title='bbox 2688 3121 2745 3212; x_wconf 78' lang='lat' dir='ltr'><strong>et</strong></span> <span class='ocrx_word' id='word_1_441' title='bbox 2769 3120 3415 3212; x_wconf 79' lang='lat' dir='ltr'><strong>aeremconjungatur,</strong></span> <span class='ocrx_word' id='word_1_442' title='bbox 3442 3137 3551 3193; x_wconf 75' lang='lat' dir='ltr'><strong>aut</strong></span> 
     </span>
    </p>
   </div>
   <div class='ocr_carea' id='block_1_61' title="bbox 146 3200 3541 3291">
    <p class='ocr_par' dir='ltr' id='par_1_61' title="bbox 146 3200 3541 3291">
     <span class='ocr_line' id='line_1_61' title="bbox 146 3200 3541 3291; baseline 0.003 -25"><span class='ocrx_word' id='word_1_443' title='bbox 146 3209 341 3287; x_wconf 89' lang='lat' dir='ltr'><strong>pisces</strong></span> <span class='ocrx_word' id='word_1_444' title='bbox 370 3215 536 3269; x_wconf 78' lang='lat' dir='ltr'><strong>extra</strong></span> <span class='ocrx_word' id='word_1_445' title='bbox 563 3225 745 3288; x_wconf 87' lang='lat' dir='ltr'><strong>aquas</strong></span> <span class='ocrx_word' id='word_1_446' title='bbox 775 3216 1000 3285; x_wconf 89' lang='lat' dir='ltr'><strong>natent;</strong></span> <span class='ocrx_word' id='word_1_447' title='bbox 1037 3210 1117 3269; x_wconf 93' lang='lat' dir='ltr'><strong>ita</strong></span> <span class='ocrx_word' id='word_1_448' title='bbox 1150 3209 1328 3270; x_wconf 76' lang='lat' dir='ltr'><strong>etiam</strong></span> <span class='ocrx_word' id='word_1_449' title='bbox 1362 3206 1731 3288; x_wconf 81' lang='lat' dir='ltr'><strong>impossibile</strong></span> <span class='ocrx_word' id='word_1_450' title='bbox 1757 3212 1848 3266; x_wconf 91' lang='lat' dir='ltr'><strong>est</strong></span> <span class='ocrx_word' id='word_1_451' title='bbox 1877 3201 1970 3275; x_wconf 89' lang='lat' dir='ltr'><strong>iis,</strong></span> <span class='ocrx_word' id='word_1_452' title='bbox 2008 3200 2108 3281; x_wconf 90' lang='lat' dir='ltr'><strong>qui</strong></span> <span class='ocrx_word' id='word_1_453' title='bbox 2141 3200 2491 3291; x_wconf 85' lang='lat' dir='ltr'><strong>corporibus</strong></span> <span class='ocrx_word' id='word_1_454' title='bbox 2521 3200 2734 3263; x_wconf 89' lang='lat' dir='ltr'><strong>inclusi</strong></span> <span class='ocrx_word' id='word_1_455' title='bbox 2756 3212 2914 3279; x_wconf 88' lang='lat' dir='ltr'><strong>sunt,</strong></span> <span class='ocrx_word' id='word_1_456' title='bbox 2952 3207 3081 3268; x_wconf 90' lang='lat' dir='ltr'><strong>sine</strong></span> <span class='ocrx_word' id='word_1_457' title='bbox 3114 3200 3541 3291; x_wconf 39' lang='lat' dir='ltr'><strong>corporea&#39;rum</strong></span> 
     </span>
    </p>
   </div>
   <div class='ocr_carea' id='block_1_62' title="bbox 142 3290 3537 3383">
    <p class='ocr_par' dir='ltr' id='par_1_62' title="bbox 142 3290 3537 3383">
     <span class='ocr_line' id='line_1_62' title="bbox 142 3290 3537 3383; baseline 0.003 -26"><span class='ocrx_word' id='word_1_458' title='bbox 142 3316 211 3357; x_wconf 91' lang='lat' dir='ltr'><strong>ac</strong></span> <span class='ocrx_word' id='word_1_459' title='bbox 239 3295 614 3359; x_wconf 90' lang='lat' dir='ltr'><strong>sensibilium</strong></span> <span class='ocrx_word' id='word_1_460' title='bbox 646 3315 850 3359; x_wconf 92' lang='lat' dir='ltr'><strong>rerum</strong></span> <span class='ocrx_word' id='word_1_461' title='bbox 882 3296 1272 3378; x_wconf 87' lang='lat' dir='ltr'><strong>adminiculo,</strong></span> <span class='ocrx_word' id='word_1_462' title='bbox 1324 3297 1503 3360; x_wconf 91' lang='lat' dir='ltr'><strong>rebus</strong></span> <span class='ocrx_word' id='word_1_463' title='bbox 1556 3296 1649 3369; x_wconf 90' lang='lat' dir='ltr'><strong>iis,</strong></span> <span class='ocrx_word' id='word_1_464' title='bbox 1697 3312 1827 3375; x_wconf 82' lang='lat' dir='ltr'><strong>quae</strong></span> <span class='ocrx_word' id='word_1_465' title='bbox 1885 3291 2086 3383; x_wconf 85' lang='lat' dir='ltr'><strong>animo</strong></span> <span class='ocrx_word' id='word_1_466' title='bbox 2114 3308 2186 3383; x_wconf 80' lang='lat' dir='ltr'><strong>ac</strong></span> <span class='ocrx_word' id='word_1_467' title='bbox 2214 3293 2447 3351; x_wconf 88' lang='lat' dir='ltr'><strong>ratione</strong></span> <span class='ocrx_word' id='word_1_468' title='bbox 2474 3290 2913 3383; x_wconf 85' lang='lat' dir='ltr'><strong>intelliguntur,</strong></span> <span class='ocrx_word' id='word_1_469' title='bbox 2947 3298 3193 3360; x_wconf 91' lang='lat' dir='ltr'><strong>omnino</strong></span> <span class='ocrx_word' id='word_1_470' title='bbox 3227 3290 3537 3383; x_wconf 79' lang='lat' dir='ltr'><strong>conjungi.</strong></span> 
     </span>
    </p>
   </div>
   <div class='ocr_carea' id='block_1_63' title="bbox 144 3380 3545 3469">
    <p class='ocr_par' dir='ltr' id='par_1_63' title="bbox 144 3380 3545 3469">
     <span class='ocr_line' id='line_1_63' title="bbox 144 3380 3545 3469; baseline 0.002 -19"><span class='ocrx_word' id='word_1_471' title='bbox 144 3388 400 3466; x_wconf 86' lang='lat' dir='ltr'><strong>Semper</strong></span> <span class='ocrx_word' id='word_1_472' title='bbox 422 3386 583 3449; x_wconf 88' lang='lat' dir='ltr'><strong>enim</strong></span> <span class='ocrx_word' id='word_1_473' title='bbox 609 3387 805 3449; x_wconf 91' lang='lat' dir='ltr'><strong>obiter</strong></span> <span class='ocrx_word' id='word_1_474' title='bbox 834 3387 1123 3451; x_wconf 88' lang='lat' dir='ltr'><strong>sensibile</strong></span> <span class='ocrx_word' id='word_1_475' title='bbox 1153 3388 1375 3469; x_wconf 91' lang='lat' dir='ltr'><strong>aliquid</strong></span> <span class='ocrx_word' id='word_1_476' title='bbox 1399 3406 1601 3449; x_wconf 90' lang='lat' dir='ltr'><strong>rerum</strong></span> <span class='ocrx_word' id='word_1_477' title='bbox 1635 3394 1971 3447; x_wconf 82' lang='lat' dir='ltr'><strong>nostrarum</strong></span> <span class='ocrx_word' id='word_1_478' title='bbox 2008 3380 2641 3469; x_wconf 12' lang='lat' dir='ltr'><strong>incidit,iquantumvis</strong></span> <span class='ocrx_word' id='word_1_479' title='bbox 2666 3382 2921 3445; x_wconf 85' lang='lat' dir='ltr'><strong>maxime</strong></span> <span class='ocrx_word' id='word_1_480' title='bbox 2955 3396 3154 3450; x_wconf 90' lang='lat' dir='ltr'><strong>nostra</strong></span> <span class='ocrx_word' id='word_1_481' title='bbox 3187 3380 3356 3454; x_wconf 72' lang='lat' dir='ltr'><strong>mens</strong></span> <span class='ocrx_word' id='word_1_482' title='bbox 3376 3380 3545 3456; x_wconf 72' lang='lat' dir='ltr'><strong>abiis</strong></span> 
     </span>
    </p>
   </div>
   <div class='ocr_carea' id='block_1_64' title="bbox 141 3468 3539 3558">
    <p class='ocr_par' dir='ltr' id='par_1_64' title="bbox 141 3468 3539 3558">
     <span class='ocr_line' id='line_1_64' title="bbox 141 3468 3539 3558; baseline 0.003 -22"><span class='ocrx_word' id='word_1_483' title='bbox 141 3477 349 3552; x_wconf 90' lang='lat' dir='ltr'><strong>rebus,</strong></span> <span class='ocrx_word' id='word_1_484' title='bbox 386 3495 519 3558; x_wconf 59' lang='lat' dir='ltr'><strong>qua;</strong></span> <span class='ocrx_word' id='word_1_485' title='bbox 539 3477 599 3537; x_wconf 89' lang='lat' dir='ltr'><strong>in</strong></span> <span class='ocrx_word' id='word_1_486' title='bbox 628 3486 935 3558; x_wconf 90' lang='lat' dir='ltr'><strong>aspectum</strong></span> <span class='ocrx_word' id='word_1_487' title='bbox 962 3478 1205 3557; x_wconf 87' lang='lat' dir='ltr'><strong>cadunt,</strong></span> <span class='ocrx_word' id='word_1_488' title='bbox 1236 3468 1555 3553; x_wconf 83' lang='lat' dir='ltr'><strong>abstracta,</strong></span> <span class='ocrx_word' id='word_1_489' title='bbox 1589 3482 1765 3556; x_wconf 88' lang='lat' dir='ltr'><strong>atque</strong></span> <span class='ocrx_word' id='word_1_490' title='bbox 1795 3472 1855 3534; x_wconf 89' lang='lat' dir='ltr'><strong>in</strong></span> <span class='ocrx_word' id='word_1_491' title='bbox 1884 3471 2141 3550; x_wconf 90' lang='lat' dir='ltr'><strong>seipsam</strong></span> <span class='ocrx_word' id='word_1_492' title='bbox 2175 3468 2450 3549; x_wconf 83' lang='lat' dir='ltr'><strong>collecta,</strong></span> <span class='ocrx_word' id='word_1_493' title='bbox 2485 3488 2586 3532; x_wconf 85' lang='lat' dir='ltr'><strong>res</strong></span> <span class='ocrx_word' id='word_1_494' title='bbox 2620 3480 2898 3550; x_wconf 86' lang='lat' dir='ltr'><strong>cognatas</strong></span> <span class='ocrx_word' id='word_1_495' title='bbox 2928 3484 2986 3535; x_wconf 92' lang='lat' dir='ltr'><strong>et</strong></span> <span class='ocrx_word' id='word_1_496' title='bbox 3014 3477 3325 3542; x_wconf 91' lang='lat' dir='ltr'><strong>oculorum</strong></span> <span class='ocrx_word' id='word_1_497' title='bbox 3347 3482 3539 3546; x_wconf 84' lang='lat' dir='ltr'><strong>aciem</strong></span> 
     </span>
    </p>
   </div>
   <div class='ocr_carea' id='block_1_65' title="bbox 143 3558 3214 3649">
    <p class='ocr_par' dir='ltr' id='par_1_65' title="bbox 143 3558 3214 3649">
     <span class='ocr_line' id='line_1_65' title="bbox 143 3558 3214 3649; baseline 0.001 -23"><span class='ocrx_word' id='word_1_498' title='bbox 143 3564 443 3645; x_wconf 80' lang='lat' dir='ltr'><strong>fugientes</strong></span> <span class='ocrx_word' id='word_1_499' title='bbox 475 3566 710 3648; x_wconf 85' lang='lat' dir='ltr'><strong>assequi</strong></span> <span class='ocrx_word' id='word_1_500' title='bbox 744 3586 812 3629; x_wconf 91' lang='lat' dir='ltr'><strong>ac</strong></span> <span class='ocrx_word' id='word_1_501' title='bbox 836 3567 1148 3649; x_wconf 87' lang='lat' dir='ltr'><strong>percipere</strong></span> <span class='ocrx_word' id='word_1_502' title='bbox 1180 3566 1579 3631; x_wconf 89' lang='lat' dir='ltr'><strong>contenderit.</strong></span> <span class='ocrx_word' id='word_1_503' title='bbox 1616 3563 1788 3638; x_wconf 84' lang='lat' dir='ltr'><strong>Quod</strong></span> <span class='ocrx_word' id='word_1_504' title='bbox 1821 3559 2066 3644; x_wconf 87' lang='lat' dir='ltr'><strong>quidem</strong></span> <span class='ocrx_word' id='word_1_505' title='bbox 2100 3558 2179 3620; x_wconf 87' lang='lat' dir='ltr'><strong>ita</strong></span> <span class='ocrx_word' id='word_1_506' title='bbox 2210 3558 2317 3619; x_wconf 87' lang='lat' dir='ltr'><strong>tibi</strong></span> <span class='ocrx_word' id='word_1_507' title='bbox 2350 3560 2574 3621; x_wconf 84' lang='lat' dir='ltr'><strong>clarum</strong></span> <span class='ocrx_word' id='word_1_508' title='bbox 2609 3580 2674 3623; x_wconf 86' lang='lat' dir='ltr'><strong>ac</strong></span> <span class='ocrx_word' id='word_1_509' title='bbox 2707 3561 3038 3625; x_wconf 90' lang='lat' dir='ltr'><strong>dilucidum</strong></span> <span class='ocrx_word' id='word_1_510' title='bbox 3075 3568 3214 3633; x_wconf 89' lang='lat' dir='ltr'><strong>erit.</strong></span> 
     </span>
    </p>
   </div>
   <div class='ocr_carea' id='block_1_66' title="bbox 229 3653 1796 3743">
    <p class='ocr_par' dir='ltr' id='par_1_66' title="bbox 229 3660 1796 3743">
     <span class='ocr_line' id='line_1_66' title="bbox 229 3660 1796 3743; baseline -0.002 -25"><span class='ocrx_word' id='word_1_511' title='bbox 229 3660 331 3724; x_wconf 75' lang='lat' dir='ltr'><strong>ll&quot;.</strong></span> <span class='ocrx_word' id='word_1_512' title='bbox 366 3665 439 3721; x_wconf 81' lang='grc' dir='ltr'>Οῦ</span> <span class='ocrx_word' id='word_1_513' title='bbox 490 3670 718 3737; x_wconf 85' lang='grc' dir='ltr'>πνεῦμα,</span> <span class='ocrx_word' id='word_1_514' title='bbox 781 3665 867 3720; x_wconf 77' lang='grc' dir='ltr'><strong>καὶ</strong></span> <span class='ocrx_word' id='word_1_515' title='bbox 938 3670 1064 3741; x_wconf 88' lang='grc' dir='ltr'>πῦρ,</span> <span class='ocrx_word' id='word_1_516' title='bbox 1096 3665 1183 3720; x_wconf 86' lang='grc' dir='ltr'><strong>καὶ</strong></span> <span class='ocrx_word' id='word_1_517' title='bbox 1212 3666 1349 3743; x_wconf 74' lang='grc' dir='ltr'>φῶς,</span> <span class='ocrx_word' id='word_1_518' title='bbox 1385 3663 1572 3741; x_wconf 82' lang='grc' dir='ltr'>ἀγάπη</span> <span class='ocrx_word' id='word_1_519' title='bbox 1624 3682 1680 3717; x_wconf 88' lang='grc' dir='ltr'><strong>τε</strong></span> <span class='ocrx_word' id='word_1_520' title='bbox 1714 3660 1796 3716; x_wconf 77' lang='grc' dir='ltr'><strong>καὶ</strong></span> 
     </span>
    </p>
   </div>
   <div class='ocr_carea' id='block_1_67' title="bbox 1889 3653 3542 3743">
    <p class='ocr_par' dir='ltr' id='par_1_67' title="bbox 1965 3653 3542 3741">
     <span class='ocr_line' id='line_1_67' title="bbox 1965 3653 3542 3741; baseline 0.009 -26"><span class='ocrx_word' id='word_1_521' title='bbox 1965 3653 2118 3716; x_wconf 87' lang='lat' dir='ltr'><strong>XlIl.</strong></span> <span class='ocrx_word' id='word_1_522' title='bbox 2154 3657 2367 3716; x_wconf 83' lang='lat' dir='ltr'><strong>Nonne</strong></span> <span class='ocrx_word' id='word_1_523' title='bbox 2399 3654 2665 3737; x_wconf 83' lang='lat' dir='ltr'><strong>spiritus,</strong></span> <span class='ocrx_word' id='word_1_524' title='bbox 2701 3665 2760 3717; x_wconf 93' lang='lat' dir='ltr'><strong>et</strong></span> <span class='ocrx_word' id='word_1_525' title='bbox 2789 3656 2965 3736; x_wconf 81' lang='lat' dir='ltr'><strong>ignis,</strong></span> <span class='ocrx_word' id='word_1_526' title='bbox 2998 3670 3055 3722; x_wconf 91' lang='lat' dir='ltr'><strong>et</strong></span> <span class='ocrx_word' id='word_1_527' title='bbox 3085 3661 3206 3741; x_wconf 82' lang='lat' dir='ltr'><strong>lux,</strong></span> <span class='ocrx_word' id='word_1_528' title='bbox 3244 3673 3300 3727; x_wconf 88' lang='lat' dir='ltr'><strong>et</strong></span> <span class='ocrx_word' id='word_1_529' title='bbox 3338 3666 3542 3729; x_wconf 86' lang='lat' dir='ltr'><strong>chari-</strong></span> 
     </span>
    </p>
   </div>
   <div class='ocr_carea' id='block_1_68' title="bbox 142 3748 1802 3832">
    <p class='ocr_par' dir='ltr' id='par_1_68' title="bbox 142 3748 1802 3832">
     <span class='ocr_line' id='line_1_68' title="bbox 142 3748 1802 3832; baseline -0.001 -24"><span class='ocrx_word' id='word_1_530' title='bbox 142 3753 325 3832; x_wconf 66' lang='grc' dir='ltr'>σο-ρία,</span> <span class='ocrx_word' id='word_1_531' title='bbox 362 3753 448 3810; x_wconf 80' lang='grc' dir='ltr'><strong>καὶ</strong></span> <span class='ocrx_word' id='word_1_532' title='bbox 505 3748 833 3829; x_wconf 80' lang='grc' dir='ltr'>δικαιοσύνη,</span> <span class='ocrx_word' id='word_1_533' title='bbox 890 3754 976 3809; x_wconf 79' lang='grc' dir='ltr'><strong>καὶ</strong></span> <span class='ocrx_word' id='word_1_534' title='bbox 1016 3759 1159 3832; x_wconf 74' lang='grc' dir='ltr'>νοῦς,</span> <span class='ocrx_word' id='word_1_535' title='bbox 1221 3754 1308 3810; x_wconf 82' lang='grc' dir='ltr'><strong>καὶ</strong></span> <span class='ocrx_word' id='word_1_536' title='bbox 1358 3751 1542 3831; x_wconf 83' lang='grc' dir='ltr'>λόγος,</span> <span class='ocrx_word' id='word_1_537' title='bbox 1592 3752 1681 3808; x_wconf 84' lang='grc' dir='ltr'>καὶ</span> <span class='ocrx_word' id='word_1_538' title='bbox 1735 3750 1802 3807; x_wconf 80' lang='grc' dir='ltr'>τὰ</span> 
     </span>
    </p>
   </div>
   <div class='ocr_carea' id='block_1_69' title="bbox 141 3840 1798 3924">
    <p class='ocr_par' dir='ltr' id='par_1_69' title="bbox 141 3840 1798 3924">
     <span class='ocr_line' id='line_1_69' title="bbox 141 3840 1798 3924; baseline -0.001 -25"><span class='ocrx_word' id='word_1_539' title='bbox 141 3852 363 3901; x_wconf 85' lang='grc' dir='ltr'>τοιαῦτα</span> <span class='ocrx_word' id='word_1_540' title='bbox 422 3840 565 3921; x_wconf 83' lang='grc'><strong>(59),</strong></span> <span class='ocrx_word' id='word_1_541' title='bbox 611 3844 663 3898; x_wconf 82' lang='grc' dir='ltr'>αἱ</span> <span class='ocrx_word' id='word_1_542' title='bbox 713 3845 1063 3924; x_wconf 86' lang='grc' dir='ltr'>προσηγορίαι</span> <span class='ocrx_word' id='word_1_543' title='bbox 1113 3848 1213 3912; x_wconf 76' lang='grc' dir='ltr'><strong>τῆς</strong></span> <span class='ocrx_word' id='word_1_544' title='bbox 1272 3843 1491 3924; x_wconf 86' lang='grc' dir='ltr'>πρώτης</span> <span class='ocrx_word' id='word_1_545' title='bbox 1540 3843 1798 3923; x_wconf 50' lang='lat' dir='ltr'><strong>ouercam;</strong></span> 
     </span>
    </p>
   </div>
   <div class='ocr_carea' id='block_1_70' title="bbox 142 3931 1797 4015">
    <p class='ocr_par' dir='ltr' id='par_1_70' title="bbox 142 3931 1797 4015">
     <span class='ocr_line' id='line_1_70' title="bbox 142 3931 1797 4015; baseline -0.002 -23"><span class='ocrx_word' id='word_1_546' title='bbox 142 3934 206 3992; x_wconf 87' lang='grc' dir='ltr'><strong>Τί</strong></span> <span class='ocrx_word' id='word_1_547' title='bbox 237 3940 324 3991; x_wconf 91' lang='grc' dir='ltr'><strong>οῦν</strong></span> <span class='ocrx_word' id='word_1_548' title='bbox 362 3952 379 4009; x_wconf 71' lang='grc' dir='ltr'><strong>ς</strong></span> <span class='ocrx_word' id='word_1_549' title='bbox 410 3931 504 3989; x_wconf 80' lang='grc' dir='ltr'><strong>’Ἢ</strong></span> <span class='ocrx_word' id='word_1_550' title='bbox 535 3938 744 4011; x_wconf 87' lang='grc' dir='ltr'>πνεῦμα</span> <span class='ocrx_word' id='word_1_551' title='bbox 775 3936 980 4005; x_wconf 80' lang='grc' dir='ltr'>νοήσεις</span> <span class='ocrx_word' id='word_1_552' title='bbox 1032 3932 1158 4015; x_wconf 83' lang='grc' dir='ltr'>δίχα</span> <span class='ocrx_word' id='word_1_553' title='bbox 1189 3940 1351 4015; x_wconf 74' lang='grc' dir='ltr'>φορᾶς</span> <span class='ocrx_word' id='word_1_554' title='bbox 1402 3935 1491 3990; x_wconf 84' lang='grc' dir='ltr'><strong>καὶ</strong></span> <span class='ocrx_word' id='word_1_555' title='bbox 1535 3932 1745 4014; x_wconf 78' lang='grc' dir='ltr'>χύσεως</span> <span class='ocrx_word' id='word_1_556' title='bbox 1781 3952 1797 4002; x_wconf 88' lang='grc'><strong>;</strong></span> 
     </span>
    </p>
   </div>
   <div class='ocr_carea' id='block_1_71' title="bbox 144 4023 1801 4107">
    <p class='ocr_par' dir='ltr' id='par_1_71' title="bbox 144 4023 1801 4107">
     <span class='ocr_line' id='line_1_71' title="bbox 144 4023 1801 4107; baseline -0.001 -24"><span class='ocrx_word' id='word_1_557' title='bbox 144 4024 210 4083; x_wconf 85' lang='grc' dir='ltr'>Ἠ</span> <span class='ocrx_word' id='word_1_558' title='bbox 278 4034 379 4106; x_wconf 87' lang='grc' dir='ltr'><strong>πῦρ</strong></span> <span class='ocrx_word' id='word_1_559' title='bbox 436 4023 535 4092; x_wconf 81' lang='grc' dir='ltr'>ἔξω</span> <span class='ocrx_word' id='word_1_560' title='bbox 564 4031 663 4094; x_wconf 82' lang='grc' dir='ltr'>τῆς</span> <span class='ocrx_word' id='word_1_561' title='bbox 724 4025 882 4102; x_wconf 78' lang='grc' dir='ltr'>ὕλης,</span> <span class='ocrx_word' id='word_1_562' title='bbox 940 4028 1028 4084; x_wconf 80' lang='grc' dir='ltr'>καὶ</span> <span class='ocrx_word' id='word_1_563' title='bbox 1084 4025 1181 4095; x_wconf 73' lang='grc' dir='ltr'>τῆς</span> <span class='ocrx_word' id='word_1_564' title='bbox 1213 4025 1543 4107; x_wconf 42' lang='grc' dir='ltr'>ἅνω-φορᾶς,</span> <span class='ocrx_word' id='word_1_565' title='bbox 1581 4026 1670 4081; x_wconf 84' lang='grc' dir='ltr'>καὶ</span> <span class='ocrx_word' id='word_1_566' title='bbox 1709 4029 1801 4081; x_wconf 87' lang='grc' dir='ltr'><strong>τοῦ</strong></span> 
     </span>
    </p>
   </div>
   <div class='ocr_carea' id='block_1_72' title="bbox 143 4101 1800 4197">
    <p class='ocr_par' dir='ltr' id='par_1_72' title="bbox 143 4101 1800 4197">
     <span class='ocr_line' id='line_1_72' title="bbox 143 4101 1800 4197; baseline -0.002 -25"><span class='ocrx_word' id='word_1_567' title='bbox 143 4114 273 4173; x_wconf 74' lang='grc' dir='ltr'>ἰδίου</span> <span class='ocrx_word' id='word_1_568' title='bbox 342 4101 635 4196; x_wconf 51' lang='grc' dir='ltr'>χρώματός</span> <span class='ocrx_word' id='word_1_569' title='bbox 687 4138 744 4174; x_wconf 90' lang='grc' dir='ltr'><strong>τε</strong></span> <span class='ocrx_word' id='word_1_570' title='bbox 771 4118 1179 4197; x_wconf 79' lang='grc' dir='ltr'>καὶσχήματος</span> <span class='ocrx_word' id='word_1_571' title='bbox 1229 4133 1246 4192; x_wconf 87' lang='grc'><strong>;</strong></span> <span class='ocrx_word' id='word_1_572' title='bbox 1299 4101 1389 4175; x_wconf 58' lang='lat' dir='ltr'><strong>&quot;Ii</strong></span> <span class='ocrx_word' id='word_1_573' title='bbox 1417 4101 1529 4196; x_wconf 59' lang='grc' dir='ltr'>ςρῶς</span> <span class='ocrx_word' id='word_1_574' title='bbox 1561 4115 1657 4171; x_wconf 69' lang='grc' dir='ltr'>οὐκ</span> <span class='ocrx_word' id='word_1_575' title='bbox 1685 4113 1800 4193; x_wconf 74' lang='grc' dir='ltr'>ἀέρι</span> 
     </span>
    </p>
   </div>
   <div class='ocr_carea' id='block_1_73' title="bbox 146 4199 1801 4285">
    <p class='ocr_par' dir='ltr' id='par_1_73' title="bbox 146 4199 1801 4285">
     <span class='ocr_line' id='line_1_73' title="bbox 146 4199 1801 4285; baseline -0.001 -24"><span class='ocrx_word' id='word_1_576' title='bbox 146 4199 442 4284; x_wconf 81' lang='grc' dir='ltr'>σύγκρατόν</span> <span class='ocrx_word' id='word_1_577' title='bbox 498 4227 558 4261; x_wconf 86' lang='grc' dir='ltr'><strong>τε</strong></span> <span class='ocrx_word' id='word_1_578' title='bbox 616 4207 705 4262; x_wconf 84' lang='grc' dir='ltr'><strong>καὶ</strong></span> <span class='ocrx_word' id='word_1_579' title='bbox 776 4203 967 4285; x_wconf 75' lang='grc' dir='ltr'>ἄφετον</span> <span class='ocrx_word' id='word_1_580' title='bbox 997 4206 1087 4265; x_wconf 88' lang='grc' dir='ltr'><strong>τοῦ</strong></span> <span class='ocrx_word' id='word_1_581' title='bbox 1136 4211 1253 4264; x_wconf 77' lang='grc' dir='ltr'>οἷον</span> <span class='ocrx_word' id='word_1_582' title='bbox 1283 4205 1572 4285; x_wconf 81' lang='grc' dir='ltr'>γεννῶντός</span> <span class='ocrx_word' id='word_1_583' title='bbox 1625 4225 1683 4261; x_wconf 83' lang='grc' dir='ltr'><strong>τε</strong></span> <span class='ocrx_word' id='word_1_584' title='bbox 1714 4204 1801 4261; x_wconf 87' lang='grc' dir='ltr'>καὶ</span> 
     </span>
    </p>
   </div>
   <div class='ocr_carea' id='block_1_74' title="bbox 148 4292 1803 4373">
    <p class='ocr_par' dir='ltr' id='par_1_74' title="bbox 148 4292 1803 4373">
     <span class='ocr_line' id='line_1_74' title="bbox 148 4292 1803 4373; baseline 0 -24"><span class='ocrx_word' id='word_1_585' title='bbox 148 4295 465 4372; x_wconf 73' lang='grc' dir='ltr'>φωτίζοντος</span> <span class='ocrx_word' id='word_1_586' title='bbox 513 4313 529 4373; x_wconf 72' lang='grc' dir='ltr'><strong>ς</strong></span> <span class='ocrx_word' id='word_1_587' title='bbox 594 4301 731 4352; x_wconf 88' lang='grc' dir='ltr'>Νοῦν</span> <span class='ocrx_word' id='word_1_588' title='bbox 777 4292 833 4351; x_wconf 77' lang='grc' dir='ltr'><strong>δὲ</strong></span> <span class='ocrx_word' id='word_1_589' title='bbox 862 4297 977 4351; x_wconf 87' lang='grc' dir='ltr'>τίνα</span> <span class='ocrx_word' id='word_1_590' title='bbox 1011 4315 1027 4363; x_wconf 86' lang='grc'>;</span> <span class='ocrx_word' id='word_1_591' title='bbox 1092 4296 1181 4363; x_wconf 75' lang='grc' dir='ltr'><strong>Μὴ</strong></span> <span class='ocrx_word' id='word_1_592' title='bbox 1212 4298 1304 4352; x_wconf 67' lang='grc' dir='ltr'>τὶν</span> <span class='ocrx_word' id='word_1_593' title='bbox 1335 4294 1389 4351; x_wconf 77' lang='grc' dir='ltr'>ἐν</span> <span class='ocrx_word' id='word_1_594' title='bbox 1420 4292 1591 4370; x_wconf 76' lang='grc' dir='ltr'>ἄλλῳ,</span> <span class='ocrx_word' id='word_1_595' title='bbox 1623 4294 1713 4350; x_wconf 83' lang='grc' dir='ltr'><strong>καί</strong></span> <span class='ocrx_word' id='word_1_596' title='bbox 1744 4295 1803 4350; x_wconf 84' lang='grc' dir='ltr'><strong>οῦ</strong></span> 
     </span>
    </p>
   </div>
   <div class='ocr_carea' id='block_1_75' title="bbox 150 4380 1799 4464">
    <p class='ocr_par' dir='ltr' id='par_1_75' title="bbox 150 4380 1799 4464">
     <span class='ocr_line' id='line_1_75' title="bbox 150 4380 1799 4464; baseline -0.001 -24"><span class='ocrx_word' id='word_1_597' title='bbox 150 4384 420 4459; x_wconf 72' lang='grc' dir='ltr'>κινήματα</span> <span class='ocrx_word' id='word_1_598' title='bbox 485 4385 553 4439; x_wconf 74' lang='grc' dir='ltr'><strong>τὰ</strong></span> <span class='ocrx_word' id='word_1_599' title='bbox 608 4380 965 4461; x_wconf 79' lang='grc' dir='ltr'>διανοήματα,</span> <span class='ocrx_word' id='word_1_600' title='bbox 1020 4386 1345 4464; x_wconf 79' lang='grc' dir='ltr'>ἠρεμοῦντα,</span> <span class='ocrx_word' id='word_1_601' title='bbox 1403 4382 1439 4451; x_wconf 67' lang='grc' dir='ltr'><strong>ἦ</strong></span> <span class='ocrx_word' id='word_1_602' title='bbox 1494 4380 1799 4463; x_wconf 80' lang='grc' dir='ltr'>προϐαλλό-</span> 
     </span>
    </p>
   </div>
   <div class='ocr_carea' id='block_1_76' title="bbox 151 4470 1797 4554">
    <p class='ocr_par' dir='ltr' id='par_1_76' title="bbox 151 4470 1797 4554">
     <span class='ocr_line' id='line_1_76' title="bbox 151 4470 1797 4554; baseline 0.001 -26"><span class='ocrx_word' id='word_1_603' title='bbox 151 4494 288 4549; x_wconf 87' lang='grc' dir='ltr'>μενα</span> <span class='ocrx_word' id='word_1_604' title='bbox 321 4492 337 4554; x_wconf 82' lang='grc'><strong>;</strong></span> <span class='ocrx_word' id='word_1_605' title='bbox 400 4473 570 4552; x_wconf 84' lang='grc' dir='ltr'>Λόγον</span> <span class='ocrx_word' id='word_1_606' title='bbox 621 4470 676 4529; x_wconf 82' lang='grc' dir='ltr'><strong>δὲ</strong></span> <span class='ocrx_word' id='word_1_607' title='bbox 731 4472 844 4530; x_wconf 88' lang='grc' dir='ltr'>τίνα</span> <span class='ocrx_word' id='word_1_608' title='bbox 874 4474 1019 4554; x_wconf 87' lang='grc' dir='ltr'>παρὰ</span> <span class='ocrx_word' id='word_1_609' title='bbox 1044 4476 1137 4531; x_wconf 66' lang='grc' dir='ltr'><strong>τοι</strong></span> <span class='ocrx_word' id='word_1_610' title='bbox 1179 4474 1520 4554; x_wconf 72' lang='grc' dir='ltr'>ἡσυχάζοντα</span> <span class='ocrx_word' id='word_1_611' title='bbox 1546 4475 1603 4530; x_wconf 83' lang='grc' dir='ltr'><strong>ἐν</strong></span> <span class='ocrx_word' id='word_1_612' title='bbox 1634 4472 1797 4551; x_wconf 74' lang='grc' dir='ltr'>ἡμῖν,</span> 
     </span>
    </p>
   </div>
   <div class='ocr_carea' id='block_1_77' title="bbox 148 4560 1802 4645">
    <p class='ocr_par' dir='ltr' id='par_1_77' title="bbox 148 4560 1802 4645">
     <span class='ocr_line' id='line_1_77' title="bbox 148 4560 1802 4645; baseline -0.001 -26"><span class='ocrx_word' id='word_1_613' title='bbox 148 4563 187 4632; x_wconf 77' lang='grc' dir='ltr'>ἢ</span> <span class='ocrx_word' id='word_1_614' title='bbox 245 4564 510 4645; x_wconf 85' lang='grc' dir='ltr'>χεόμενον</span> <span class='ocrx_word' id='word_1_615' title='bbox 557 4582 574 4640; x_wconf 84' lang='grc'><strong>;</strong></span> <span class='ocrx_word' id='word_1_616' title='bbox 634 4563 774 4621; x_wconf 78' lang='grc' dir='ltr'><strong>ὀκνῶ</strong></span> <span class='ocrx_word' id='word_1_617' title='bbox 803 4565 902 4644; x_wconf 81' lang='grc' dir='ltr'><strong>γὰρ</strong></span> <span class='ocrx_word' id='word_1_618' title='bbox 950 4566 1144 4640; x_wconf 79' lang='grc' dir='ltr'>εἰπεῖν,</span> <span class='ocrx_word' id='word_1_619' title='bbox 1179 4562 1461 4641; x_wconf 84' lang='grc' dir='ltr'>λυόμενον,</span> <span class='ocrx_word' id='word_1_620' title='bbox 1527 4564 1585 4620; x_wconf 83' lang='grc' dir='ltr'>Εἰ</span> <span class='ocrx_word' id='word_1_621' title='bbox 1628 4560 1683 4619; x_wconf 77' lang='grc' dir='ltr'><strong>δὲ</strong></span> <span class='ocrx_word' id='word_1_622' title='bbox 1712 4565 1802 4619; x_wconf 86' lang='grc' dir='ltr'>καὶ</span> 
     </span>
    </p>
   </div>
   <div class='ocr_carea' id='block_1_78' title="bbox 149 4652 1805 4737">
    <p class='ocr_par' dir='ltr' id='par_1_78' title="bbox 149 4652 1805 4737">
     <span class='ocr_line' id='line_1_78' title="bbox 149 4652 1805 4737; baseline -0.002 -26"><span class='ocrx_word' id='word_1_623' title='bbox 149 4655 359 4734; x_wconf 75' lang='grc' dir='ltr'>σοφίαν,</span> <span class='ocrx_word' id='word_1_624' title='bbox 410 4654 526 4711; x_wconf 84' lang='grc' dir='ltr'>τίνα</span> <span class='ocrx_word' id='word_1_625' title='bbox 582 4655 726 4734; x_wconf 81' lang='grc' dir='ltr'>παρὰ</span> <span class='ocrx_word' id='word_1_626' title='bbox 774 4655 877 4723; x_wconf 79' lang='grc' dir='ltr'><strong>τὴν</strong></span> <span class='ocrx_word' id='word_1_627' title='bbox 934 4653 1062 4737; x_wconf 70' lang='grc' dir='ltr'>ἕξιν,</span> <span class='ocrx_word' id='word_1_628' title='bbox 1099 4657 1187 4713; x_wconf 82' lang='grc' dir='ltr'><strong>καὶ</strong></span> <span class='ocrx_word' id='word_1_629' title='bbox 1216 4658 1315 4724; x_wconf 78' lang='grc' dir='ltr'>τὴν</span> <span class='ocrx_word' id='word_1_630' title='bbox 1346 4656 1400 4711; x_wconf 82' lang='grc' dir='ltr'>ἑν</span> <span class='ocrx_word' id='word_1_631' title='bbox 1442 4666 1560 4718; x_wconf 78' lang='grc' dir='ltr'>τοῖς</span> <span class='ocrx_word' id='word_1_632' title='bbox 1604 4652 1805 4732; x_wconf 75' lang='grc' dir='ltr'>θεωρή-</span> 
     </span>
    </p>
   </div>
   <div class='ocr_carea' id='block_1_79' title="bbox 149 4742 1806 4827">
    <p class='ocr_par' dir='ltr' id='par_1_79' title="bbox 149 4742 1806 4827">
     <span class='ocr_line' id='line_1_79' title="bbox 149 4742 1806 4827; baseline -0.001 -26"><span class='ocrx_word' id='word_1_633' title='bbox 149 4767 313 4824; x_wconf 86' lang='grc' dir='ltr'>μασιν</span> <span class='ocrx_word' id='word_1_634' title='bbox 521 4744 634 4802; x_wconf 80' lang='grc' dir='ltr'>εἴτε</span> <span class='ocrx_word' id='word_1_635' title='bbox 663 4745 849 4827; x_wconf 81' lang='grc' dir='ltr'>Θείοις,</span> <span class='ocrx_word' id='word_1_636' title='bbox 880 4744 993 4803; x_wconf 77' lang='grc' dir='ltr'>εἴτε</span> <span class='ocrx_word' id='word_1_637' title='bbox 1039 4747 1128 4803; x_wconf 87' lang='grc' dir='ltr'><strong>καὶ</strong></span> <span class='ocrx_word' id='word_1_638' title='bbox 1154 4746 1493 4821; x_wconf 76' lang='grc' dir='ltr'>ἀνθρωπίνοις</span> <span class='ocrx_word' id='word_1_639' title='bbox 1543 4752 1806 4825; x_wconf 66' lang='grc' dir='ltr'>ςΔικαιο-</span> 
     </span>
    </p>
   </div>
   <div class='ocr_carea' id='block_1_80' title="bbox 1886 3744 3541 3834">
    <p class='ocr_par' dir='ltr' id='par_1_80' title="bbox 1886 3744 3541 3834">
     <span class='ocr_line' id='line_1_80' title="bbox 1886 3744 3541 3834; baseline 0.008 -28"><span class='ocrx_word' id='word_1_640' title='bbox 1886 3752 1997 3820; x_wconf 86' lang='lat' dir='ltr'><strong>tas,</strong></span> <span class='ocrx_word' id='word_1_641' title='bbox 2033 3754 2090 3807; x_wconf 89' lang='lat' dir='ltr'><strong>et</strong></span> <span class='ocrx_word' id='word_1_642' title='bbox 2116 3744 2429 3824; x_wconf 84' lang='lat' dir='ltr'><strong>sapientia,</strong></span> <span class='ocrx_word' id='word_1_643' title='bbox 2467 3754 2523 3806; x_wconf 90' lang='lat' dir='ltr'><strong>et</strong></span> <span class='ocrx_word' id='word_1_644' title='bbox 2548 3746 2805 3825; x_wconf 86' lang='lat' dir='ltr'><strong>justitia,</strong></span> <span class='ocrx_word' id='word_1_645' title='bbox 2841 3758 2899 3810; x_wconf 90' lang='lat' dir='ltr'><strong>et</strong></span> <span class='ocrx_word' id='word_1_646' title='bbox 2928 3769 3120 3826; x_wconf 86' lang='lat' dir='ltr'><strong>mens,</strong></span> <span class='ocrx_word' id='word_1_647' title='bbox 3158 3763 3216 3815; x_wconf 89' lang='lat' dir='ltr'><strong>et</strong></span> <span class='ocrx_word' id='word_1_648' title='bbox 3266 3756 3541 3834; x_wconf 89' lang='lat' dir='ltr'><strong>verbum,</strong></span> 
     </span>
    </p>
   </div>
   <div class='ocr_carea' id='block_1_81' title="bbox 1885 3834 3545 3917">
    <p class='ocr_par' dir='ltr' id='par_1_81' title="bbox 1885 3834 3545 3917">
     <span class='ocr_line' id='line_1_81' title="bbox 1885 3834 3545 3917; baseline 0.009 -21"><span class='ocrx_word' id='word_1_649' title='bbox 1885 3843 2060 3916; x_wconf 90' lang='lat' dir='ltr'><strong>atque</strong></span> <span class='ocrx_word' id='word_1_650' title='bbox 2087 3834 2325 3915; x_wconf 90' lang='lat' dir='ltr'><strong>similia,</strong></span> <span class='ocrx_word' id='word_1_651' title='bbox 2347 3835 2635 3917; x_wconf 88' lang='lat' dir='ltr'><strong>principis</strong></span> <span class='ocrx_word' id='word_1_652' title='bbox 2656 3837 2813 3899; x_wconf 91' lang='lat' dir='ltr'><strong>illius</strong></span> <span class='ocrx_word' id='word_1_653' title='bbox 2836 3850 3068 3903; x_wconf 66' lang='lat' dir='ltr'><strong>naturae</strong></span> <span class='ocrx_word' id='word_1_654' title='bbox 3087 3853 3225 3905; x_wconf 90' lang='lat' dir='ltr'><strong>sunt</strong></span> <span class='ocrx_word' id='word_1_655' title='bbox 3249 3848 3493 3909; x_wconf 87' lang='lat' dir='ltr'><strong>nomina</strong></span> <span class='ocrx_word' id='word_1_656' title='bbox 3516 3855 3545 3913; x_wconf 86' lang='lat'><strong>?</strong></span> 
     </span>
    </p>
   </div>
   <div class='ocr_carea' id='block_1_82' title="bbox 1886 3924 3545 4017">
    <p class='ocr_par' dir='ltr' id='par_1_82' title="bbox 1886 3924 3545 4017">
     <span class='ocr_line' id='line_1_82' title="bbox 1886 3924 3545 4017; baseline 0.007 -30"><span class='ocrx_word' id='word_1_657' title='bbox 1886 3924 2036 3999; x_wconf 89' lang='lat' dir='ltr'><strong>Quid</strong></span> <span class='ocrx_word' id='word_1_658' title='bbox 2061 3924 2237 4017; x_wconf 74' lang='lat' dir='ltr'><strong>igitur</strong></span> <span class='ocrx_word' id='word_1_659' title='bbox 2262 3931 2289 3988; x_wconf 85' lang='lat'>?</span> <span class='ocrx_word' id='word_1_660' title='bbox 2311 3926 2412 4017; x_wconf 14' lang='lat' dir='ltr'><strong>An,</strong></span> <span class='ocrx_word' id='word_1_661' title='bbox 2428 3926 2704 4007; x_wconf 87' lang='lat' dir='ltr'><strong>spiritum</strong></span> <span class='ocrx_word' id='word_1_662' title='bbox 2729 3930 2929 3990; x_wconf 89' lang='lat' dir='ltr'><strong>animo</strong></span> <span class='ocrx_word' id='word_1_663' title='bbox 2953 3934 3392 4017; x_wconf 89' lang='lat' dir='ltr'><strong>concipies,qui</strong></span> <span class='ocrx_word' id='word_1_664' title='bbox 3423 3958 3545 3999; x_wconf 91' lang='lat' dir='ltr'><strong>mo-</strong></span> 
     </span>
    </p>
   </div>
   <div class='ocr_carea' id='block_1_83' title="bbox 1886 4015 3544 4106">
    <p class='ocr_par' dir='ltr' id='par_1_83' title="bbox 1886 4015 3544 4106">
     <span class='ocr_line' id='line_1_83' title="bbox 1886 4015 3544 4106; baseline 0.008 -30"><span class='ocrx_word' id='word_1_665' title='bbox 1886 4022 1982 4077; x_wconf 90' lang='lat' dir='ltr'><strong>tus</strong></span> <span class='ocrx_word' id='word_1_666' title='bbox 2015 4034 2083 4077; x_wconf 90' lang='lat' dir='ltr'><strong>ac</strong></span> <span class='ocrx_word' id='word_1_667' title='bbox 2114 4015 2449 4076; x_wconf 75' lang='lat' dir='ltr'><strong>dilfusionis</strong></span> <span class='ocrx_word' id='word_1_668' title='bbox 2481 4035 2696 4097; x_wconf 84' lang='lat' dir='ltr'><strong>expers</strong></span> <span class='ocrx_word' id='word_1_669' title='bbox 2720 4020 2795 4079; x_wconf 91' lang='lat' dir='ltr'><strong>sit</strong></span> <span class='ocrx_word' id='word_1_670' title='bbox 2820 4026 2846 4082; x_wconf 87' lang='lat'>?</span> <span class='ocrx_word' id='word_1_671' title='bbox 2867 4020 2955 4083; x_wconf 84' lang='lat' dir='ltr'><strong>An</strong></span> <span class='ocrx_word' id='word_1_672' title='bbox 2977 4023 3194 4102; x_wconf 80' lang='lat' dir='ltr'><strong>ignem,</strong></span> <span class='ocrx_word' id='word_1_673' title='bbox 3223 4015 3324 4106; x_wconf 87' lang='lat' dir='ltr'><strong>qui</strong></span> <span class='ocrx_word' id='word_1_674' title='bbox 3345 4037 3544 4091; x_wconf 84' lang='lat' dir='ltr'><strong>mate-</strong></span> 
     </span>
    </p>
   </div>
   <div class='ocr_carea' id='block_1_84' title="bbox 1883 4106 3544 4195">
    <p class='ocr_par' dir='ltr' id='par_1_84' title="bbox 1883 4106 3544 4195">
     <span class='ocr_line' id='line_1_84' title="bbox 1883 4106 3544 4195; baseline 0.007 -28"><span class='ocrx_word' id='word_1_675' title='bbox 1883 4106 1975 4168; x_wconf 90' lang='lat' dir='ltr'><strong>ria</strong></span> <span class='ocrx_word' id='word_1_676' title='bbox 1996 4114 2591 4186; x_wconf 83' lang='lat' dir='ltr'><strong>careat,sursumque</strong></span> <span class='ocrx_word' id='word_1_677' title='bbox 2625 4127 2740 4169; x_wconf 91' lang='lat' dir='ltr'><strong>non</strong></span> <span class='ocrx_word' id='word_1_678' title='bbox 2776 4109 3141 4187; x_wconf 85' lang='lat' dir='ltr'><strong>feratur,nec</strong></span> <span class='ocrx_word' id='word_1_679' title='bbox 3169 4118 3410 4195; x_wconf 90' lang='lat' dir='ltr'><strong>propria</strong></span> <span class='ocrx_word' id='word_1_680' title='bbox 3436 4137 3544 4180; x_wconf 86' lang='lat' dir='ltr'><strong>co-</strong></span> 
     </span>
    </p>
   </div>
   <div class='ocr_carea' id='block_1_85' title="bbox 1885 4194 3544 4276">
    <p class='ocr_par' dir='ltr' id='par_1_85' title="bbox 1885 4194 3544 4276">
     <span class='ocr_line' id='line_1_85' title="bbox 1885 4194 3544 4276; baseline 0.007 -19"><span class='ocrx_word' id='word_1_681' title='bbox 1885 4194 2013 4257; x_wconf 89' lang='lat' dir='ltr'><strong>lore</strong></span> <span class='ocrx_word' id='word_1_682' title='bbox 2043 4214 2110 4256; x_wconf 90' lang='lat' dir='ltr'><strong>ac</strong></span> <span class='ocrx_word' id='word_1_683' title='bbox 2142 4195 2329 4274; x_wconf 82' lang='lat' dir='ltr'><strong>ﬁgura</strong></span> <span class='ocrx_word' id='word_1_684' title='bbox 2373 4196 2655 4276; x_wconf 60' lang='lat' dir='ltr'><strong>praeditus</strong></span> <span class='ocrx_word' id='word_1_685' title='bbox 2686 4198 2763 4259; x_wconf 88' lang='lat' dir='ltr'><strong>sit</strong></span> <span class='ocrx_word' id='word_1_686' title='bbox 2786 4198 2816 4258; x_wconf 86' lang='lat'>?</span> <span class='ocrx_word' id='word_1_687' title='bbox 2846 4203 2939 4261; x_wconf 89' lang='lat' dir='ltr'><strong>An</strong></span> <span class='ocrx_word' id='word_1_688' title='bbox 2971 4202 3164 4265; x_wconf 92' lang='lat' dir='ltr'><strong>lucem</strong></span> <span class='ocrx_word' id='word_1_689' title='bbox 3209 4194 3371 4269; x_wconf 75' lang='lat' dir='ltr'><strong>nullo</strong></span> <span class='ocrx_word' id='word_1_690' title='bbox 3402 4225 3544 4271; x_wconf 86' lang='lat' dir='ltr'><strong>aere</strong></span> 
     </span>
    </p>
   </div>
   <div class='ocr_carea' id='block_1_86' title="bbox 1886 4285 3541 4378">
    <p class='ocr_par' dir='ltr' id='par_1_86' title="bbox 1886 4285 3541 4378">
     <span class='ocr_line' id='line_1_86' title="bbox 1886 4285 3541 4378; baseline 0.009 -32"><span class='ocrx_word' id='word_1_691' title='bbox 1886 4285 2250 4367; x_wconf 88' lang='lat' dir='ltr'><strong>permistam,</strong></span> <span class='ocrx_word' id='word_1_692' title='bbox 2288 4295 2467 4367; x_wconf 90' lang='lat' dir='ltr'><strong>atque</strong></span> <span class='ocrx_word' id='word_1_693' title='bbox 2496 4306 2531 4348; x_wconf 87' lang='lat' dir='ltr'><strong>a</strong></span> <span class='ocrx_word' id='word_1_694' title='bbox 2552 4306 2660 4378; x_wconf 79' lang='lat' dir='ltr'><strong>suo</strong></span> <span class='ocrx_word' id='word_1_695' title='bbox 2692 4290 2862 4369; x_wconf 89' lang='lat' dir='ltr'><strong>quasi</strong></span> <span class='ocrx_word' id='word_1_696' title='bbox 2893 4301 3141 4372; x_wconf 79' lang='lat' dir='ltr'><strong>parente</strong></span> <span class='ocrx_word' id='word_1_697' title='bbox 3171 4314 3425 4378; x_wconf 89' lang='lat' dir='ltr'><strong>eamque</strong></span> <span class='ocrx_word' id='word_1_698' title='bbox 3451 4299 3541 4361; x_wconf 86' lang='lat' dir='ltr'><strong>ef-</strong></span> 
     </span>
    </p>
   </div>
   <div class='ocr_carea' id='block_1_87' title="bbox 1882 4375 3541 4465">
    <p class='ocr_par' dir='ltr' id='par_1_87' title="bbox 1882 4375 3541 4465">
     <span class='ocr_line' id='line_1_87' title="bbox 1882 4375 3541 4465; baseline 0.008 -29"><span class='ocrx_word' id='word_1_699' title='bbox 1882 4375 2169 4437; x_wconf 89' lang='lat' dir='ltr'><strong>fundente</strong></span> <span class='ocrx_word' id='word_1_700' title='bbox 2190 4383 2562 4455; x_wconf 78' lang='lat' dir='ltr'><strong>segregatam</strong></span> <span class='ocrx_word' id='word_1_701' title='bbox 2586 4384 2611 4440; x_wconf 85' lang='lat'><strong>?</strong></span> <span class='ocrx_word' id='word_1_702' title='bbox 2632 4377 2760 4440; x_wconf 86' lang='lat' dir='ltr'><strong>Jam</strong></span> <span class='ocrx_word' id='word_1_703' title='bbox 2788 4391 3077 4458; x_wconf 86' lang='lat' dir='ltr'><strong>mentem,</strong></span> <span class='ocrx_word' id='word_1_704' title='bbox 3096 4402 3272 4465; x_wconf 86' lang='lat' dir='ltr'><strong>quam</strong></span> <span class='ocrx_word' id='word_1_705' title='bbox 3300 4375 3541 4449; x_wconf 75' lang='lat' dir='ltr'><strong>tandem</strong></span> 
     </span>
    </p>
   </div>
   <div class='ocr_carea' id='block_1_88' title="bbox 1884 4464 3546 4559">
    <p class='ocr_par' dir='ltr' id='par_1_88' title="bbox 1884 4464 3546 4559">
     <span class='ocr_line' id='line_1_88' title="bbox 1884 4464 3546 4559; baseline 0.008 -31"><span class='ocrx_word' id='word_1_706' title='bbox 1884 4464 2226 4545; x_wconf 83' lang='lat' dir='ltr'><strong>intelliges?</strong></span> <span class='ocrx_word' id='word_1_707' title='bbox 2254 4466 2345 4528; x_wconf 87' lang='lat' dir='ltr'><strong>An</strong></span> <span class='ocrx_word' id='word_1_708' title='bbox 2380 4486 2497 4528; x_wconf 91' lang='lat' dir='ltr'><strong>non</strong></span> <span class='ocrx_word' id='word_1_709' title='bbox 2526 4486 2681 4543; x_wconf 87' lang='lat' dir='ltr'><strong>eam,</strong></span> <span class='ocrx_word' id='word_1_710' title='bbox 2706 4488 2839 4551; x_wconf 63' lang='lat' dir='ltr'><strong>qua)</strong></span> <span class='ocrx_word' id='word_1_711' title='bbox 2865 4470 2927 4532; x_wconf 91' lang='lat' dir='ltr'><strong>in</strong></span> <span class='ocrx_word' id='word_1_712' title='bbox 2956 4473 3073 4535; x_wconf 88' lang='lat' dir='ltr'><strong>alio</strong></span> <span class='ocrx_word' id='word_1_713' title='bbox 3108 4464 3225 4549; x_wconf 83' lang='lat' dir='ltr'><strong>est,</strong></span> <span class='ocrx_word' id='word_1_714' title='bbox 3245 4478 3546 4559; x_wconf 85' lang='lat' dir='ltr'><strong>cujusque</strong></span> 
     </span>
    </p>
   </div>
   <div class='ocr_carea' id='block_1_89' title="bbox 1886 4557 3544 4649">
    <p class='ocr_par' dir='ltr' id='par_1_89' title="bbox 1886 4557 3544 4649">
     <span class='ocr_line' id='line_1_89' title="bbox 1886 4557 3544 4649; baseline 0.007 -30"><span class='ocrx_word' id='word_1_715' title='bbox 1886 4566 2083 4619; x_wconf 89' lang='lat' dir='ltr'><strong>motus</strong></span> <span class='ocrx_word' id='word_1_716' title='bbox 2105 4557 2491 4649; x_wconf 70' lang='lat' dir='ltr'><strong>cogitationes</strong></span> <span class='ocrx_word' id='word_1_717' title='bbox 2512 4567 2671 4634; x_wconf 86' lang='lat' dir='ltr'><strong>sunt,</strong></span> <span class='ocrx_word' id='word_1_718' title='bbox 2698 4561 2789 4621; x_wconf 87' lang='lat' dir='ltr'><strong>vel</strong></span> <span class='ocrx_word' id='word_1_719' title='bbox 2825 4562 3040 4644; x_wconf 85' lang='lat' dir='ltr'><strong>tacitae,</strong></span> <span class='ocrx_word' id='word_1_720' title='bbox 3067 4564 3165 4626; x_wconf 91' lang='lat' dir='ltr'><strong>vel</strong></span> <span class='ocrx_word' id='word_1_721' title='bbox 3191 4584 3328 4628; x_wconf 87' lang='lat' dir='ltr'><strong>sese</strong></span> <span class='ocrx_word' id='word_1_722' title='bbox 3351 4557 3544 4649; x_wconf 82' lang='lat' dir='ltr'><strong>profe-</strong></span> 
     </span>
    </p>
   </div>
   <div class='ocr_carea' id='block_1_90' title="bbox 1885 4647 3543 4741">
    <p class='ocr_par' dir='ltr' id='par_1_90' title="bbox 1885 4647 3543 4741">
     <span class='ocr_line' id='line_1_90' title="bbox 1885 4647 3543 4741; baseline 0.007 -31"><span class='ocrx_word' id='word_1_723' title='bbox 1885 4656 2089 4741; x_wconf 81' lang='lat' dir='ltr'><strong>rentes</strong></span> <span class='ocrx_word' id='word_1_724' title='bbox 2111 4654 2138 4710; x_wconf 85' lang='lat'><strong>?</strong></span> <span class='ocrx_word' id='word_1_725' title='bbox 2170 4647 2334 4741; x_wconf 81' lang='lat' dir='ltr'><strong>Quod</strong></span> <span class='ocrx_word' id='word_1_726' title='bbox 2381 4648 2521 4741; x_wconf 78' lang='lat' dir='ltr'><strong>item</strong></span> <span class='ocrx_word' id='word_1_727' title='bbox 2566 4650 2811 4741; x_wconf 82' lang='lat' dir='ltr'><strong>verbum</strong></span> <span class='ocrx_word' id='word_1_728' title='bbox 2834 4654 2864 4713; x_wconf 79' lang='lat'><strong>?</strong></span> <span class='ocrx_word' id='word_1_729' title='bbox 2901 4654 2992 4715; x_wconf 89' lang='lat' dir='ltr'><strong>An</strong></span> <span class='ocrx_word' id='word_1_730' title='bbox 3022 4673 3141 4716; x_wconf 91' lang='lat' dir='ltr'><strong>non</strong></span> <span class='ocrx_word' id='word_1_731' title='bbox 3176 4647 3363 4734; x_wconf 72' lang='lat' dir='ltr'><strong>illud,</strong></span> <span class='ocrx_word' id='word_1_732' title='bbox 3383 4660 3543 4741; x_wconf 87' lang='lat' dir='ltr'><strong>quod</strong></span> 
     </span>
    </p>
   </div>
   <div class='ocr_carea' id='block_1_91' title="bbox 1886 4737 3540 4820">
    <p class='ocr_par' dir='ltr' id='par_1_91' title="bbox 1886 4737 3540 4820">
     <span class='ocr_line' id='line_1_91' title="bbox 1886 4737 3540 4820; baseline 0.008 -21"><span class='ocrx_word' id='word_1_733' title='bbox 1886 4739 1978 4800; x_wconf 92' lang='lat' dir='ltr'><strong>vel</strong></span> <span class='ocrx_word' id='word_1_734' title='bbox 2010 4738 2067 4799; x_wconf 90' lang='lat' dir='ltr'><strong>in</strong></span> <span class='ocrx_word' id='word_1_735' title='bbox 2097 4737 2269 4799; x_wconf 90' lang='lat' dir='ltr'><strong>nobis</strong></span> <span class='ocrx_word' id='word_1_736' title='bbox 2300 4738 2574 4820; x_wconf 88' lang='lat' dir='ltr'><strong>quiescit,</strong></span> <span class='ocrx_word' id='word_1_737' title='bbox 2601 4740 2691 4801; x_wconf 94' lang='lat' dir='ltr'><strong>vel</strong></span> <span class='ocrx_word' id='word_1_738' title='bbox 2713 4743 3112 4807; x_wconf 71' lang='lat' dir='ltr'><strong>diffunditur?</strong></span> <span class='ocrx_word' id='word_1_739' title='bbox 3145 4765 3354 4809; x_wconf 89' lang='lat' dir='ltr'><strong>vereor</strong></span> <span class='ocrx_word' id='word_1_740' title='bbox 3383 4737 3540 4812; x_wconf 75' lang='lat' dir='ltr'><strong>enim</strong></span> 
     </span>
    </p>
   </div>
   <div class='ocr_carea' id='block_1_92' title="bbox 149 4827 1796 4919">
    <p class='ocr_par' dir='ltr' id='par_1_92' title="bbox 149 4832 1796 4912">
     <span class='ocr_line' id='line_1_92' title="bbox 149 4832 1796 4912; baseline -0.004 -18"><span class='ocrx_word' id='word_1_741' title='bbox 149 4836 314 4903; x_wconf 82' lang='grc' dir='ltr'>σύνην</span> <span class='ocrx_word' id='word_1_742' title='bbox 366 4856 425 4892; x_wconf 81' lang='grc' dir='ltr'><strong>τε</strong></span> <span class='ocrx_word' id='word_1_743' title='bbox 482 4836 571 4892; x_wconf 85' lang='grc' dir='ltr'>καὶ</span> <span class='ocrx_word' id='word_1_744' title='bbox 610 4835 850 4912; x_wconf 66' lang='grc' dir='ltr'>ἀγάπην,</span> <span class='ocrx_word' id='word_1_745' title='bbox 925 4838 986 4893; x_wconf 83' lang='grc' dir='ltr'><strong>οῦ</strong></span> <span class='ocrx_word' id='word_1_746' title='bbox 1045 4834 1300 4899; x_wconf 78' lang='grc' dir='ltr'>διαθέσεις</span> <span class='ocrx_word' id='word_1_747' title='bbox 1364 4832 1796 4911; x_wconf 79' lang='grc' dir='ltr'>ἐπαινουμένας;</span> 
     </span>
    </p>
   </div>
   <div class='ocr_carea' id='block_1_93' title="bbox 1889 4827 3547 4919">
    <p class='ocr_par' dir='ltr' id='par_1_93' title="bbox 1894 4827 3547 4919">
     <span class='ocr_line' id='line_1_93' title="bbox 1894 4827 3547 4919; baseline 0.007 -29"><span class='ocrx_word' id='word_1_748' title='bbox 1894 4828 2120 4907; x_wconf 83' lang='lat' dir='ltr'><strong>dicere,</strong></span> <span class='ocrx_word' id='word_1_749' title='bbox 2152 4827 2424 4889; x_wconf 90' lang='lat' dir='ltr'><strong>solvitur.</strong></span> <span class='ocrx_word' id='word_1_750' title='bbox 2463 4828 2649 4900; x_wconf 84' lang='lat' dir='ltr'><strong>Quam</strong></span> <span class='ocrx_word' id='word_1_751' title='bbox 2684 4850 2865 4913; x_wconf 76' lang='lat' dir='ltr'><strong>[-orro</strong></span> <span class='ocrx_word' id='word_1_752' title='bbox 2901 4834 3285 4919; x_wconf 88' lang='lat' dir='ltr'><strong>sapientiam,</strong></span> <span class='ocrx_word' id='word_1_753' title='bbox 3325 4850 3547 4919; x_wconf 73' lang='lat' dir='ltr'><strong>praeter</strong></span> 
     </span>
    </p>
   </div>
   <div class='ocr_carea' id='block_1_94' title="bbox 229 4964 1796 5051">
    <p class='ocr_par' dir='ltr' id='par_1_94' title="bbox 229 4968 1796 5051">
     <span class='ocr_line' id='line_1_94' title="bbox 229 4968 1796 5051; baseline -0.004 -16"><span class='ocrx_word' id='word_1_754' title='bbox 229 4970 445 5037; x_wconf 72' lang='grc' dir='ltr'>541ειι.</span> <span class='ocrx_word' id='word_1_755' title='bbox 468 4987 587 5051; x_wconf 75' lang='lat' dir='ltr'><strong>XIV,</strong></span> <span class='ocrx_word' id='word_1_756' title='bbox 623 4969 722 5033; x_wconf 73' lang='lat' dir='ltr'><strong>t2.</strong></span> <span class='ocrx_word' id='word_1_757' title='bbox 805 4971 871 5023; x_wconf 77' lang='lat'><strong>55</strong></span> <span class='ocrx_word' id='word_1_758' title='bbox 895 4969 1086 5036; x_wconf 72' lang='lat' dir='ltr'><strong>Exod.</strong></span> <span class='ocrx_word' id='word_1_759' title='bbox 1120 4988 1243 5048; x_wconf 77' lang='lat' dir='ltr'><strong>xw,</strong></span> <span class='ocrx_word' id='word_1_760' title='bbox 1277 4969 1380 5035; x_wconf 75' lang='grc'><strong>20.</strong></span> <span class='ocrx_word' id='word_1_761' title='bbox 1468 4968 1533 5021; x_wconf 71' lang='grc' dir='ltr'><strong>δϐ</strong></span> <span class='ocrx_word' id='word_1_762' title='bbox 1564 4968 1718 5033; x_wconf 86' lang='lat' dir='ltr'><strong>Psal.</strong></span> <span class='ocrx_word' id='word_1_763' title='bbox 1747 4984 1796 5030; x_wconf 66' lang='grc' dir='ltr'><strong>ις</strong></span> 
     </span>
    </p>
   </div>
   <div class='ocr_carea' id='block_1_95' title="bbox 1889 4964 2594 5051">
    <p class='ocr_par' dir='ltr' id='par_1_95' title="bbox 1889 4964 2594 5044">
     <span class='ocr_line' id='line_1_95' title="bbox 1889 4964 2594 5044; baseline 0.007 -17"><span class='ocrx_word' id='word_1_764' title='bbox 1889 5016 1893 5040; x_wconf 89' lang='grc'><strong>,</strong></span> <span class='ocrx_word' id='word_1_765' title='bbox 1930 4966 2028 5028; x_wconf 79' lang='grc'><strong>12.</strong></span> <span class='ocrx_word' id='word_1_766' title='bbox 2117 4964 2342 5030; x_wconf 90' lang='lat' dir='ltr'><strong>Thren.</strong></span> <span class='ocrx_word' id='word_1_767' title='bbox 2370 4984 2456 5044; x_wconf 85' lang='grc' dir='ltr'>ιιι,</span> <span class='ocrx_word' id='word_1_768' title='bbox 2492 4966 2594 5032; x_wconf 79' lang='grc'><strong>34.</strong></span> 
     </span>
    </p>
   </div>
   <div class='ocr_carea' id='block_1_96' title="bbox 233 5103 1796 5188">
    <p class='ocr_par' dir='ltr' id='par_1_96' title="bbox 233 5103 1796 5188">
     <span class='ocr_line' id='line_1_96' title="bbox 233 5103 1796 5188; baseline 0.001 -23"><span class='ocrx_word' id='word_1_769' title='bbox 233 5103 364 5188; x_wconf 71' lang='grc'><strong>(53)</strong></span> <span class='ocrx_word' id='word_1_770' title='bbox 400 5108 499 5163; x_wconf 76' lang='grc' dir='ltr'>Καὶ</span> <span class='ocrx_word' id='word_1_771' title='bbox 526 5105 713 5188; x_wconf 75' lang='grc' dir='ltr'>οὕτως,</span> <span class='ocrx_word' id='word_1_772' title='bbox 736 5111 868 5188; x_wconf 75' lang='lat' dir='ltr'><strong>etc.</strong></span> <span class='ocrx_word' id='word_1_773' title='bbox 900 5104 960 5188; x_wconf 88' lang='lat' dir='ltr'><strong>id</strong></span> <span class='ocrx_word' id='word_1_774' title='bbox 989 5112 1100 5188; x_wconf 90' lang='lat' dir='ltr'><strong>est,</strong></span> <span class='ocrx_word' id='word_1_775' title='bbox 1140 5130 1167 5162; x_wconf 74' lang='grc' dir='ltr'><em>α</em></span> <span class='ocrx_word' id='word_1_776' title='bbox 1194 5122 1263 5167; x_wconf 89' lang='lat' dir='ltr'><strong>ac</strong></span> <span class='ocrx_word' id='word_1_777' title='bbox 1281 5103 1375 5188; x_wconf 27' lang='lat' dir='ltr'><strong>‘sic</strong></span> <span class='ocrx_word' id='word_1_778' title='bbox 1396 5103 1796 5188; x_wconf 81' lang='lat' dir='ltr'><strong>ipsambene-</strong></span> 
     </span>
    </p>
   </div>
   <div class='ocr_carea' id='block_1_97' title="bbox 1889 5103 2207 5188">
    <p class='ocr_par' dir='ltr' id='par_1_97' title="bbox 1892 5104 2207 5188">
     <span class='ocr_line' id='line_1_97' title="bbox 1892 5104 2207 5188; baseline -0.003 -26"><span class='ocrx_word' id='word_1_779' title='bbox 1892 5104 2207 5188; x_wconf 45' lang='lat' dir='ltr'><strong>Sinuevotq.</strong></span> 
     </span>
    </p>
   </div>
   <div class='ocr_carea' id='block_1_98' title="bbox 156 5184 1812 5269">
    <p class='ocr_par' dir='ltr' id='par_1_98' title="bbox 156 5184 1812 5269">
     <span class='ocr_line' id='line_1_98' title="bbox 156 5184 1812 5269; baseline 0.003 -23"><span class='ocrx_word' id='word_1_780' title='bbox 156 5184 690 5269; x_wconf 79' lang='lat' dir='ltr'><strong>ﬂcii_comparandi</strong></span> <span class='ocrx_word' id='word_1_781' title='bbox 715 5184 1125 5250; x_wconf 81' lang='lat' dir='ltr'><strong>difficultatem</strong></span> <span class='ocrx_word' id='word_1_782' title='bbox 1151 5202 1259 5269; x_wconf 89' lang='lat' dir='ltr'><strong>pro</strong></span> <span class='ocrx_word' id='word_1_783' title='bbox 1281 5184 1576 5250; x_wconf 83' lang='lat' dir='ltr'><strong>beneficio</strong></span> <span class='ocrx_word' id='word_1_784' title='bbox 1590 5186 1812 5251; x_wconf 84' lang='lat' dir='ltr'><strong>habent</strong></span> 
     </span>
    </p>
   </div>
   <div class='ocr_carea' id='block_1_99' title="bbox 158 5266 779 5331">
    <p class='ocr_par' dir='ltr' id='par_1_99' title="bbox 158 5266 779 5331">
     <span class='ocr_line' id='line_1_99' title="bbox 158 5266 779 5331; baseline -0.008 -2"><span class='ocrx_word' id='word_1_785' title='bbox 158 5266 387 5329; x_wconf 87' lang='lat' dir='ltr'><strong>cordati</strong></span> <span class='ocrx_word' id='word_1_786' title='bbox 416 5266 713 5331; x_wconf 88' lang='lat' dir='ltr'><strong>homines.</strong></span> <span class='ocrx_word' id='word_1_787' title='bbox 756 5289 779 5324; x_wconf 73' lang='grc' dir='ltr'><strong>ι</strong></span> 
     </span>
    </p>
   </div>
   <div class='ocr_carea' id='block_1_100' title="bbox 240 5346 1179 5430">
    <p class='ocr_par' dir='ltr' id='par_1_100' title="bbox 240 5346 1179 5430">
     <span class='ocr_line' id='line_1_100' title="bbox 240 5346 1179 5430; baseline -0.004 -21"><span class='ocrx_word' id='word_1_788' title='bbox 240 5346 368 5429; x_wconf 77' lang='grc'><strong>(54)</strong></span> <span class='ocrx_word' id='word_1_789' title='bbox 402 5349 664 5430; x_wconf 81' lang='grc' dir='ltr'>Πάσχειν.</span> <span class='ocrx_word' id='word_1_790' title='bbox 701 5346 936 5430; x_wconf 35' lang='grc' dir='ltr'><strong>ΟῌΟῐᾩδη</strong></span> <span class='ocrx_word' id='word_1_791' title='bbox 966 5354 1179 5413; x_wconf 78' lang='grc' dir='ltr'>παθεῖν,</span> 
     </span>
    </p>
   </div>
   <div class='ocr_carea' id='block_1_101' title="bbox 241 5426 1805 5511">
    <p class='ocr_par' dir='ltr' id='par_1_101' title="bbox 241 5426 1805 5511">
     <span class='ocr_line' id='line_1_101' title="bbox 241 5426 1805 5511; baseline -0.004 -20"><span class='ocrx_word' id='word_1_792' title='bbox 241 5426 371 5511; x_wconf 78' lang='grc'><strong>(55)</strong></span> <span class='ocrx_word' id='word_1_793' title='bbox 428 5426 664 5510; x_wconf 57' lang='grc' dir='ltr'>Νεφέλη.</span> <span class='ocrx_word' id='word_1_794' title='bbox 724 5426 975 5491; x_wconf 70' lang='grc' dir='ltr'><strong>δοῒιοι.’;</strong></span> <span class='ocrx_word' id='word_1_795' title='bbox 1030 5431 1273 5510; x_wconf 72' lang='grc' dir='ltr'>Νεφέλην</span> <span class='ocrx_word' id='word_1_796' title='bbox 1342 5430 1487 5511; x_wconf 81' lang='grc' dir='ltr'>λέγει</span> <span class='ocrx_word' id='word_1_797' title='bbox 1544 5432 1604 5487; x_wconf 79' lang='grc' dir='ltr'>τὸ</span> <span class='ocrx_word' id='word_1_798' title='bbox 1683 5428 1805 5486; x_wconf 73' lang='grc' dir='ltr'>ἰπί-</span> 
     </span>
    </p>
   </div>
   <div class='ocr_carea' id='block_1_102' title="bbox 1976 5185 3544 5275">
    <p class='ocr_par' dir='ltr' id='par_1_102' title="bbox 1976 5185 3544 5275">
     <span class='ocr_line' id='line_1_102' title="bbox 1976 5185 3544 5275; baseline 0.003 -25"><span class='ocrx_word' id='word_1_799' title='bbox 1976 5187 2089 5275; x_wconf 62' lang='grc'><strong>(57)</strong></span> <span class='ocrx_word' id='word_1_800' title='bbox 2133 5185 2409 5275; x_wconf 57' lang='grc' dir='ltr'>Ἀξύνατον</span> <span class='ocrx_word' id='word_1_801' title='bbox 2474 5190 2788 5269; x_wconf 74' lang='grc' dir='ltr'>ὑπερὸἦναι.</span> <span class='ocrx_word' id='word_1_802' title='bbox 2840 5190 2985 5272; x_wconf 80' lang='lat' dir='ltr'><strong>Reg.</strong></span> <span class='ocrx_word' id='word_1_803' title='bbox 3032 5192 3232 5275; x_wconf 59' lang='lat' dir='ltr'><strong>Cyph,</strong></span> <span class='ocrx_word' id='word_1_804' title='bbox 3292 5195 3544 5254; x_wconf 75' lang='grc' dir='ltr'>ἀδύνατόν</span> 
     </span>
    </p>
   </div>
   <div class='ocr_carea' id='block_1_103' title="bbox 1894 5266 2415 5343">
    <p class='ocr_par' dir='ltr' id='par_1_103' title="bbox 1894 5266 2415 5343">
     <span class='ocr_line' id='line_1_103' title="bbox 1894 5266 2415 5343; baseline -0.004 -18"><span class='ocrx_word' id='word_1_805' title='bbox 1894 5268 2035 5325; x_wconf 73' lang='grc' dir='ltr'>ἔστιν</span> <span class='ocrx_word' id='word_1_806' title='bbox 2065 5266 2415 5343; x_wconf 76' lang='grc' dir='ltr'>ὑπερϐαίνειν,</span> 
     </span>
    </p>
   </div>
   <div class='ocr_carea' id='block_1_104' title="bbox 1979 5347 2989 5432">
    <p class='ocr_par' dir='ltr' id='par_1_104' title="bbox 1979 5347 2989 5432">
     <span class='ocr_line' id='line_1_104' title="bbox 1979 5347 2989 5432; baseline 0.013 -29"><span class='ocrx_word' id='word_1_807' title='bbox 1979 5348 2109 5432; x_wconf 70' lang='grc'><strong>(58)</strong></span> <span class='ocrx_word' id='word_1_808' title='bbox 2140 5348 2381 5423; x_wconf 84' lang='grc' dir='ltr'>Σώματι.</span> <span class='ocrx_word' id='word_1_809' title='bbox 2417 5347 2564 5432; x_wconf 80' lang='lat' dir='ltr'><strong>Reg.</strong></span> <span class='ocrx_word' id='word_1_810' title='bbox 2597 5350 2725 5428; x_wconf 88' lang='lat' dir='ltr'><strong>bm,</strong></span> <span class='ocrx_word' id='word_1_811' title='bbox 2758 5356 2989 5431; x_wconf 82' lang='grc' dir='ltr'>σώμασι.</span> 
     </span>
    </p>
   </div>
   <div class='ocr_carea' id='block_1_105' title="bbox 1974 5430 3545 5518">
    <p class='ocr_par' dir='ltr' id='par_1_105' title="bbox 1974 5430 3545 5518">
     <span class='ocr_line' id='line_1_105' title="bbox 1974 5430 3545 5518; baseline 0.008 -29"><span class='ocrx_word' id='word_1_812' title='bbox 1974 5430 2095 5508; x_wconf 80' lang='lat'><strong>(59)</strong></span> <span class='ocrx_word' id='word_1_813' title='bbox 2152 5433 2247 5487; x_wconf 66' lang='grc' dir='ltr'>Καὶ</span> <span class='ocrx_word' id='word_1_814' title='bbox 2282 5432 2347 5485; x_wconf 79' lang='grc' dir='ltr'>τὰ</span> <span class='ocrx_word' id='word_1_815' title='bbox 2404 5430 2654 5518; x_wconf 57' lang='grc' dir='ltr'>τοιαῦτα,</span> <span class='ocrx_word' id='word_1_816' title='bbox 2704 5430 3057 5518; x_wconf 47' lang='grc' dir='ltr'>θιοτΒὶΙΙω</span> <span class='ocrx_word' id='word_1_817' title='bbox 3111 5461 3134 5491; x_wconf 76' lang='grc' dir='ltr'><strong>α</strong></span> <span class='ocrx_word' id='word_1_818' title='bbox 3191 5446 3383 5518; x_wconf 79' lang='lat' dir='ltr'><strong>Atque</strong></span> <span class='ocrx_word' id='word_1_819' title='bbox 3411 5440 3545 5501; x_wconf 88' lang='lat' dir='ltr'><strong>aliis</strong></span> 
     </span>
    </p>
   </div>
   <div class='ocr_carea' id='block_1_106' title="bbox 152 5512 1796 5605">
    <p class='ocr_par' dir='ltr' id='par_1_106' title="bbox 152 5512 1796 5605">
     <span class='ocr_line' id='line_1_106' title="bbox 152 5512 1796 5605; baseline 0.005 -37"><span class='ocrx_word' id='word_1_820' title='bbox 152 5516 377 5605; x_wconf 69' lang='grc' dir='ltr'>πρόσθεν</span> <span class='ocrx_word' id='word_1_821' title='bbox 806 5517 983 5605; x_wconf 47' lang='lat' dir='ltr'><strong>culpa:</strong></span> <span class='ocrx_word' id='word_1_822' title='bbox 1030 5512 1226 5588; x_wconf 80' lang='grc' dir='ltr'>Ἠμεϊς</span> <span class='ocrx_word' id='word_1_823' title='bbox 1276 5514 1381 5605; x_wconf 42' lang='grc' dir='ltr'>,μὲν</span> <span class='ocrx_word' id='word_1_824' title='bbox 1412 5514 1511 5603; x_wconf 76' lang='grc' dir='ltr'><strong>γὰρ</strong></span> <span class='ocrx_word' id='word_1_825' title='bbox 1558 5514 1593 5580; x_wconf 83' lang='grc' dir='ltr'><strong>ἡ</strong></span> <span class='ocrx_word' id='word_1_826' title='bbox 1626 5513 1796 5605; x_wconf 56' lang='grc' dir='ltr'><strong>ψυχξῆΞ</strong></span> 
     </span>
    </p>
   </div>
   <div class='ocr_carea' id='block_1_107' title="bbox 1889 5512 3543 5605">
    <p class='ocr_par' dir='ltr' id='par_1_107' title="bbox 1890 5512 3543 5605">
     <span class='ocr_line' id='line_1_107' title="bbox 1890 5512 3543 5605; baseline 0.006 -33"><span class='ocrx_word' id='word_1_827' title='bbox 1890 5520 2102 5603; x_wconf 77' lang='lat' dir='ltr'><strong>natura</strong></span> <span class='ocrx_word' id='word_1_828' title='bbox 2133 5515 2536 5605; x_wconf 66' lang='lat' dir='ltr'><strong>nuncupatur?</strong></span> <span class='ocrx_word' id='word_1_829' title='bbox 2573 5539 2595 5567; x_wconf 76' lang='grc' dir='ltr'><strong>η</strong></span> <span class='ocrx_word' id='word_1_830' title='bbox 2636 5516 2698 5605; x_wconf 69' lang='lat' dir='ltr'><strong>In</strong></span> <span class='ocrx_word' id='word_1_831' title='bbox 2732 5516 2921 5605; x_wconf 81' lang='lat' dir='ltr'><strong>prima</strong></span> <span class='ocrx_word' id='word_1_832' title='bbox 2950 5524 3145 5577; x_wconf 88' lang='lat' dir='ltr'><strong>autem</strong></span> <span class='ocrx_word' id='word_1_833' title='bbox 3180 5512 3543 5605; x_wconf 64' lang='lat' dir='ltr'><strong>etl__3«Atque</strong></span> 
     </span>
    </p>
   </div>
   <div class='ocr_carea' id='block_1_108' title="bbox 150 5588 1796 5689">
    <p class='ocr_par' dir='ltr' id='par_1_108' title="bbox 150 5588 1796 5689">
     <span class='ocr_line' id='line_1_108' title="bbox 150 5588 1796 5689; baseline 0.002 -41"><span class='ocrx_word' id='word_1_834' title='bbox 150 5588 408 5685; x_wconf 72' lang='grc' dir='ltr'>ἡμέτερον</span> <span class='ocrx_word' id='word_1_835' title='bbox 438 5590 515 5689; x_wconf 57' lang='grc' dir='ltr'><strong>¹ινξὲ</strong></span> <span class='ocrx_word' id='word_1_836' title='bbox 544 5594 604 5649; x_wconf 79' lang='grc' dir='ltr'>τὸ</span> <span class='ocrx_word' id='word_1_837' title='bbox 634 5588 1096 5689; x_wconf 40' lang='grc' dir='ltr'>σῶμαςξῌιιιιθιη</span> <span class='ocrx_word' id='word_1_838' title='bbox 1120 5594 1382 5685; x_wconf 76' lang='lat' dir='ltr'><strong>appellat</strong></span> <span class='ocrx_word' id='word_1_839' title='bbox 1411 5588 1626 5672; x_wconf 78' lang='lat' dir='ltr'><strong>corpus</strong></span> <span class='ocrx_word' id='word_1_840' title='bbox 1648 5588 1796 5672; x_wconf 85' lang='lat' dir='ltr'><strong>quod</strong></span> 
     </span>
    </p>
   </div>
   <div class='ocr_carea' id='block_1_109' title="bbox 1889 5588 3535 5689">
    <p class='ocr_par' dir='ltr' id='par_1_109' title="bbox 1895 5588 3535 5689">
     <span class='ocr_line' id='line_1_109' title="bbox 1895 5588 3535 5689; baseline 0.001 -35"><span class='ocrx_word' id='word_1_841' title='bbox 1895 5591 2238 5689; x_wconf 50' lang='lat' dir='ltr'><strong>huiusmodi</strong></span> <span class='ocrx_word' id='word_1_842' title='bbox 2266 5588 2608 5689; x_wconf 72' lang='lat' dir='ltr'><strong>nominibus</strong></span> <span class='ocrx_word' id='word_1_843' title='bbox 2639 5588 3483 5689; x_wconf 31' lang='lat' dir='ltr'><strong>divinannatura.appellatur&#39;?</strong></span> <span class='ocrx_word' id='word_1_844' title='bbox 3511 5627 3535 5656; x_wconf 71' lang='grc' dir='ltr'><strong><em>ι</em></strong></span> 
     </span>
    </p>
   </div>
   <div class='ocr_carea' id='block_1_110' title="bbox 152 5671 1808 5754">
    <p class='ocr_par' dir='ltr' id='par_1_110' title="bbox 152 5671 1808 5754">
     <span class='ocr_line' id='line_1_110' title="bbox 152 5671 1808 5754; baseline -0.002 -18"><span class='ocrx_word' id='word_1_845' title='bbox 152 5671 368 5736; x_wconf 76' lang='lat' dir='ltr'><strong>animae</strong></span> <span class='ocrx_word' id='word_1_846' title='bbox 397 5671 698 5754; x_wconf 87' lang='lat' dir='ltr'><strong>objectum</strong></span> <span class='ocrx_word' id='word_1_847' title='bbox 723 5673 964 5735; x_wconf 88' lang='lat' dir='ltr'><strong>est.Nos</strong></span> <span class='ocrx_word' id='word_1_848' title='bbox 993 5671 1382 5736; x_wconf 57' lang='lat' dir='ltr'><strong>enim&#39;anima</strong></span> <span class='ocrx_word' id='word_1_849' title='bbox 1402 5671 1631 5748; x_wconf 88' lang='lat' dir='ltr'><strong>sumus,</strong></span> <span class='ocrx_word' id='word_1_850' title='bbox 1668 5671 1808 5733; x_wconf 87' lang='lat' dir='ltr'><strong>cor-</strong></span> 
     </span>
    </p>
   </div>
   <div class='ocr_carea' id='block_1_111' title="bbox 153 5761 942 5838">
    <p class='ocr_par' dir='ltr' id='par_1_111' title="bbox 153 5761 942 5838">
     <span class='ocr_line' id='line_1_111' title="bbox 153 5761 942 5838; baseline -0.006 -21"><span class='ocrx_word' id='word_1_851' title='bbox 153 5772 436 5838; x_wconf 72' lang='lat' dir='ltr'><strong>pusvero</strong></span> <span class='ocrx_word' id='word_1_852' title='bbox 468 5761 875 5838; x_wconf 72' lang='lat' dir='ltr'><strong>nostrumest.</strong></span> <span class='ocrx_word' id='word_1_853' title='bbox 914 5778 942 5812; x_wconf 71' lang='grc' dir='ltr'>ιο</span> 
     </span>
    </p>
   </div>
   <div class='ocr_carea' id='block_1_112' title="bbox 1974 5672 3535 5755">
    <p class='ocr_par' dir='ltr' id='par_1_112' title="bbox 1974 5672 3535 5755">
     <span class='ocr_line' id='line_1_112' title="bbox 1974 5672 3535 5755; baseline 0.001 -30"><span class='ocrx_word' id='word_1_854' title='bbox 1974 5672 2095 5755; x_wconf 75' lang='lat'><strong>(60)</strong></span> <span class='ocrx_word' id='word_1_855' title='bbox 2152 5672 2242 5729; x_wconf 84' lang='grc' dir='ltr'>Ἐν</span> <span class='ocrx_word' id='word_1_856' title='bbox 2280 5688 2388 5737; x_wconf 74' lang='grc' dir='ltr'>τοῖς</span> <span class='ocrx_word' id='word_1_857' title='bbox 2432 5676 2791 5753; x_wconf 77' lang='grc' dir='ltr'>θεωρήμασιν,</span> <span class='ocrx_word' id='word_1_858' title='bbox 2828 5676 2971 5754; x_wconf 70' lang='lat' dir='ltr'><strong>Reg.</strong></span> <span class='ocrx_word' id='word_1_859' title='bbox 2997 5696 3051 5747; x_wconf 55' lang='lat' dir='ltr'><strong>a,</strong></span> <span class='ocrx_word' id='word_1_860' title='bbox 3088 5672 3287 5743; x_wconf 66' lang='grc' dir='ltr'>ἐν’ξοῖς</span> <span class='ocrx_word' id='word_1_861' title='bbox 3322 5684 3535 5755; x_wconf 69' lang='grc' dir='ltr'>νοήμα-</span> 
     </span>
    </p>
   </div>
   <div class='ocr_carea' id='block_1_113' title="bbox 1893 5754 3541 5833">
    <p class='ocr_par' dir='ltr' id='par_1_113' title="bbox 1893 5754 3541 5833">
     <span class='ocr_line' id='line_1_113' title="bbox 1893 5754 3541 5833; baseline 0.008 -24"><span class='ocrx_word' id='word_1_862' title='bbox 1893 5775 1944 5809; x_wconf 88' lang='grc' dir='ltr'><strong>σι</strong></span> <span class='ocrx_word' id='word_1_863' title='bbox 1998 5754 2084 5833; x_wconf 63' lang='lat'><strong>7.12</strong></span> <span class='ocrx_word' id='word_1_864' title='bbox 2125 5755 2500 5833; x_wconf 53' lang='lat' dir='ltr'><strong>campanam,</strong></span> <span class='ocrx_word' id='word_1_865' title='bbox 2543 5777 2568 5813; x_wconf 68' lang='grc' dir='ltr'>α</span> <span class='ocrx_word' id='word_1_866' title='bbox 2608 5756 2669 5817; x_wconf 85' lang='lat' dir='ltr'><strong>in</strong></span> <span class='ocrx_word' id='word_1_867' title='bbox 2701 5758 3157 5833; x_wconf 76' lang='lat' dir='ltr'><strong>cogitationibus</strong></span> <span class='ocrx_word' id='word_1_868' title='bbox 3182 5770 3239 5821; x_wconf 88' lang='lat' dir='ltr'><strong>et</strong></span> <span class='ocrx_word' id='word_1_869' title='bbox 3266 5754 3541 5823; x_wconf 80' lang='lat' dir='ltr'><strong>contem-</strong></span> 
     </span>
    </p>
   </div>
   <div class='ocr_carea' id='block_1_114' title="bbox 237 5831 1796 5918">
    <p class='ocr_par' dir='ltr' id='par_1_114' title="bbox 237 5832 1796 5918">
     <span class='ocr_line' id='line_1_114' title="bbox 237 5832 1796 5918; baseline -0.012 -11"><span class='ocrx_word' id='word_1_870' title='bbox 237 5836 363 5916; x_wconf 77' lang='grc'>(56)</span> <span class='ocrx_word' id='word_1_871' title='bbox 397 5834 898 5918; x_wconf 75' lang='grc' dir='ltr'>Περιϐεϐλημένοις.</span> <span class='ocrx_word' id='word_1_872' title='bbox 976 5834 1075 5897; x_wconf 90' lang='lat' dir='ltr'><strong>Sic</strong></span> <span class='ocrx_word' id='word_1_873' title='bbox 1106 5832 1273 5898; x_wconf 84' lang='lat' dir='ltr'><strong>COIb.</strong></span> <span class='ocrx_word' id='word_1_874' title='bbox 1320 5834 1381 5899; x_wconf 88' lang='lat'><strong>3.</strong></span> <span class='ocrx_word' id='word_1_875' title='bbox 1418 5835 1555 5898; x_wconf 78' lang='lat' dir='ltr'><strong>Alii.</strong></span> <span class='ocrx_word' id='word_1_876' title='bbox 1608 5832 1796 5914; x_wconf 79' lang='grc' dir='ltr'>προϐε-</span> 
     </span>
    </p>
   </div>
   <div class='ocr_carea' id='block_1_115' title="bbox 1889 5831 2333 5918">
    <p class='ocr_par' dir='ltr' id='par_1_115' title="bbox 1895 5831 2333 5913">
     <span class='ocr_line' id='line_1_115' title="bbox 1895 5831 2333 5913; baseline -0.009 -20"><span class='ocrx_word' id='word_1_877' title='bbox 1895 5831 2275 5913; x_wconf 83' lang='lat' dir='ltr'><strong>plationibus.</strong></span> <span class='ocrx_word' id='word_1_878' title='bbox 2307 5859 2333 5889; x_wconf 75' lang='grc' dir='ltr'>ι)</span> 
     </span>
    </p>
   </div>
   <div class='ocr_carea' id='block_1_116' title="bbox 480 5959 1230 6031">
    <p class='ocr_par' dir='ltr' id='par_1_116' title="bbox 480 5959 1230 6031">
     <span class='ocr_line' id='line_1_116' title="bbox 480 5959 1230 6031; baseline 0.003 -7"><span class='ocrx_word' id='word_1_879' title='bbox 480 5962 743 6031; x_wconf 71' lang='grc' dir='ltr'>ΡΑτιιοι.</span> <span class='ocrx_word' id='word_1_880' title='bbox 788 5962 905 6023; x_wconf 78' lang='lat' dir='ltr'><strong>Gn.</strong></span> <span class='ocrx_word' id='word_1_881' title='bbox 951 5959 1230 6026; x_wconf 79' lang='lat' dir='ltr'><strong>XXXVI.</strong></span> 
     </span>
    </p>
   </div>
   <div class='ocr_carea' id='block_1_117' title="bbox 3148 5960 3185 6025">
    <p class='ocr_par' dir='ltr' id='par_1_117' title="bbox 3148 5960 3185 6025">
     <span class='ocr_line' id='line_1_117' title="bbox 3148 5960 3185 6025; baseline 0 0"><span class='ocrx_word' id='word_1_882' title='bbox 3148 5960 3185 6025; x_wconf 80' lang='lat'><strong>2</strong></span> 
     </span>
    </p>
   </div>
  </div>
