4126 6388
251 257 335 321 53
1270 269 1414 332 ΟΒΑ
1431 268 1551 332 FIO
1595 261 1869 332 XXVIII.
1916 297 1993 309 —
2037 266 2522 333 THEOLOGIGA
2565 267 2647 333 Il.
3573 255 3654 328 54

249 394 456 471 χθῆναι
535 397 562 452 ὅ
636 396 805 476 Λόγος
867 399 1023 464 αὐτὸς
1083 399 1422 476 ὖπῃνίσσετο,
1485 400 1559 464 ὥς
1607 398 1729 479 (14)
1776 421 1906 457 ποτε

2011 399 2150 463 iltra
2179 401 2392 482 exigua
2418 401 2676 464 veritatis
2697 401 3013 464 simulacra
3039 399 3286 463 minime
3306 418 3439 463 sese
3463 400 3653 481 porri-

249 483 746 574 βασταχθησόμενα
806 489 894 546 καὶ
925 489 1396 568 τρανωθησόμενα⁹
1474 491 1562 548 καὶ
1607 489 1740 570 ἂπερ
1794 489 1913 571 (15)

2011 491 2290 570 gat.Quod
2325 492 2436 554 nisi
2469 512 2564 555 me
2586 493 2879 574 quispiam
2915 495 2971 555 in
2996 493 3172 573 hujus
3201 493 3439 572 generis
3468 491 3651 553 rebus

251 571 388 664 μηδ’
443 574 506 632 ἄν
559 577 715 635 αὒτὸν
744 576 1027 648 δυνηθῆνιει
1088 580 1333 660 χωρῆσαι
1363 581 1454 638 τὸν
1509 581 1710 657 κόσμον
1767 581 1910 658 (16),

2011 582 2382 662 exquirendis
2429 571 2865 646 nimiscur‘iose
2889 592 2944 644 et
2969 571 3408 664 sup'ervucanee
3431 585 3651 645 versari

251 662 511 764 ἶιοηίννης
583 671 610 725 ὁ
663 680 771 764 *τοῦ
792 671 963 764 Λόγου
991 669 1290 752 πρόδρομος
1327 671 1474 755 (17),
1510 675 1541 741 ἦ
1573 672 1786 753 μεγάλη
1818 679 1913 740 τῆς

2011 673 2314 764 existimet,
2347 673 2551 736 dicere
2580 692 2818 755 quoque
2849 693 2968 736 non
2999 662 3349 742 vereannec
3379 672 3490 732 alia
3512 671 3651 750 qui-

252 754 509 858 ἀληθείας
539 761 712 839 φωνὴ,
749 758 790 816 δι
802 762 1042 840 ωρίζετο.
1461 754 1464 755 ν

2011 762 2133 824 lem
2183 761 2454 836 fortasse,
2500 754 2675 844 quam
2725 754 2876 844 haec,
2926 782 2996 825 ea
3027 782 3180 844 esse,
3217 781 3348 842 quae
3385 761 3652 821 Christus

252 851 388 928 ipse
421 852 646 932 portari
675 853 738 916 in
771 855 878 916 hac
908 855 1026 918 vita
1056 872 1232 937 posse
1265 855 1497 937 negavit
1532 857 1618 933 80,
1655 856 1808 920 velut
1839 857 2160 938 aliquando
2214 857 2523 940 portanda,
2582 867 2640 920 et
2677 857 3056 933 declaranda;
3091 865 3148 918 et
3179 875 3309 937 quae
3340 855 3441 916 ille
3471 851 3652 916 Verbi

257 957 595 1018 praecursor
622 945 912 1026 Joannes,
945 954 1006 1008 et
1035 964 1244 1025 magna
1275 947 1538 1009 veritatis
1565 966 1698 1029 vox,
1732 966 1806 1009 ne
1831 967 1862 1009 a
1898 947 2119 1008 mundo
2151 948 2392 1027 quidem
2426 948 2560 1028 capi
2593 967 2769 1029 posse
2801 947 3199 1029 pronuntiavit
3227 945 3304 1010 δι.

343 1033 480 1094 ΚΛ’.
545 1043 695 1095 Πᾶσα
755 1038 853 1116 μὲν
895 1040 984 1096 οὖν
1053 1039 1302 1115 ἀλήθεια,
1359 1043 1445 1098 καὶ
1473 1048 1576 1108 πᾶς
1607 1040 1765 1120 λόγος
1790 1039 1909 1101 δυσο

2077 1041 2231 1105 ΧΧΙ.
2268 1041 2487 1104 Verum
2520 1043 2681 1104 enim
2728 1061 2864 1104 vero
2900 1061 3034 1104 cum
3086 1041 3300 1103 veritas
3351 1041 3544 1100 omnis
3595 1036 3654 1099 et

254 1127 550 1206 τέκμαρτός
632 1151 688 1185 τε
747 1131 834 1186 καὶ
915 1129 1297 1211 δυσθεώρητος·
1345 1135 1432 1189 καὶ
1512 1133 1631 1190 οἷον
1707 1134 1916 1210 ὀργάνῳ

2011 1132 2315 1211 .lisputatio
2351 1133 2670 1212 plurimum
2714 1131 3077 1194 difﬁcultatis
3109 1140 3284 1210 atque
3319 1127 3648 1189 obscurita-

256 1221 434 1292 μικρῷ
465 1217 673 1295 μεγάλα
720 1217 1172 1300 δημιουργοῦμεν,
1247 1227 1314 1299 τῇ
1369 1221 1668 1301 ἀνθρωπίνῃ
1757 1225 1916 1302 σοφίᾳ

2011 1222 2072 1282 Lis
2103 1223 2341 1304 habeat;
2367 1241 2433 1283 ac
2464 1240 2572 1283 nos
2604 1222 2760 1283 velut
2791 1240 2965 1303 parvo
2999 1221 3256 1302 quodam
3288 1219 3652 1279 instrumen-

257 1304 358 1371 τὴν
415 1311 520 1361 τῶν
571 1304 741 1364 ὄντων
801 1311 994 1387 γνῶσιν
1050 1313 1383 1389 θηρεύοντες,
1445 1314 1533 1369 καὶ
1591 1327 1707 1376 τοῖς
1779 1336 1912 1378 νοη-

2011 1322 2056 1372 lo
2087 1331 2183 1373 res
2203 1331 2442 1391 magnas
2469 1313 2712 1374 efﬁcere
2735 1306 3652 1392 moliamur,humanaevidelicet

253 1406 375 1497 ῖοϊς
461 1395 591 1475 (18)
633 1396 1062 1478 προσϐάλλοντες
1085 1402 1222 1476 μετά
1247 1408 1352 1458 τῶν
1383 1403 1704 1473 αἰσθήσεων·
1751 1402 1786 1471 ἦ
1821 1405 1916 1458 οὒκ

2011 1403 2303 1482 sapientiae
2324 1403 2667 1482 adjumento
2690 1421 2892 1463 rerum
2925 1402 3321 1480 cognitionem
3349 1415 3651 1477 aucupan-

257 1486 381 1538 ἄνευ
437 1486 752 1559 αἰσθήσεων,
818 1487 906 1569 ὑφ’
961 1491 1036 1547 ὦν
1106 1493 1492 1572 περιφερόμεθα
1545 1496 1632 1551 καὶ
1691 1493 1912 1550 πλανώ-

2011 1503 2194 1566 tes,ac
2225 1510 2482 1574 res,qua3
2503 1493 2689 1554 animi
2715 1500 2935 1554 tantum
2963 1491 3359 1568 intelligentia
3378 1504 3651 1567 compre'

256 1577 414 1656 μεθα;
475 1579 562 1634 καὶ
619 1579 712 1636 οὒκ
756 1579 960 1661 ἔχομεν
1017 1589 1202 1660 γυμνῴ
1253 1590 1329 1658 τῷ
1372 1587 1458 1641 νοξ
1491 1598 1718 1663 γυμνοῖς
1791 1599 1910 1649 τοῖς

2011 1582 2480 1662 i1enduntur,per
2497 1602 2708 1645 sensus
2741 1599 3103 1661 cognoscere
3134 1579 3653 1658 aggredimur;aut

255 1665 561 1742 πράγμασιν
629 1671 1071 1750 ἐντυγχάνοντες,
1143 1671 1348 1749 μᾶλλόν
1405 1697 1452 1730 τι
1526 1674 1797 1754 προσιέναι
1843 1683 1910 1752 τῇ

2017 1680 2157 1734 erle
2191 1692 2306 1733 non
2341 1673 2468 1734 sine
2491 1672 2801 1747 sensibus,
2825 1671 3040 1752 quibus
3064 1670 3330 1750 undique
3357 1670 3654 1748 jactamur

256 1757 498 1854 ἀληθείᾳ,
545 1760 634 1815 καὶ
692 1762 782 1816 τὸν
816 1768 935 1818 νοῦν
994 1767 1278 1820 τυποῦσθαι
1337 1777 1460 1828 ταῖς
1518 1765 1905 1842 καταλήψεσιν.

2011 1772 2055 1825 at
2079 1763 2137 1822 in
2171 1781 2436 1824 errorem
2471 1763 2891 1843 pertrahimur,
2929 1780 3037 1822 nec
3094 1760 3252 1821 nuda
3283 1768 3486 1820 mente
3517 1774 3653 1818 cum

281 1856 320 1902 Ο
376 1844 430 1902 δὲ
461 1850 579 1927 περὶ
611 1856 742 1908 Θεοῦ
765 1849 948 1930 λόγος,
1001 1852 1111 1927 ὅσῳ
1142 1852 1479 1933 τελεώτερος,
1515 1857 1751 1932 τοσούτῳ
1782 1855 1907 1911 δυσ-

2011 1853 2167 1915 iudis
2185 1852 2364 1914 rebus
2389 1855 2816 1933 versari,atque
2836 1852 2976 1912 inde
2997 1852 3069 1913 ad
3086 1851 3388 1912 veritatem
3411 1847 3656 1927 propius

258 1937 616 2016 εφικτότερος,
685 1941 773 1996 καὶ
831 1940 1044 2006 πλείους
1096 1943 1190 2007 τάς
1249 1942 1563 2020 ἀντιλήψεις
1625 1945 1770 2026 ἔχων
1825 1948 1911 2001 καὶ

2011 1943 2305 2017 iccedere,
2318 1943 2615 2024 rebusque
2630 1943 2925 2023 perceptis
2941 1960 3008 2004 ac
3021 1939 3474 2020 comprehensis
3491 1955 3655 1997 men-

258 2027 353 2089 τάς
385 2025 563 2092 λύσεις
634 2028 1042 2111 ἐργωδεστέρας.
1106 2040 1216 2089 Πᾶν
1267 2034 1368 2113 γὰρ
1426 2037 1486 2090 τὸ
1545 2033 1906 2111 ἐνιστάμενον,

257 2114 355 2171 κόἱν
395 2118 732 2198 βραχύτατον
803 2125 860 2199 ᾗ,
895 2124 988 2178 τὸν
1045 2130 1137 2180 τοῦ
1166 2123 1326 2203 λόγου
1357 2122 1550 2204 δρόμον
1595 2124 1796 2206 ἐπέσχε
1824 2129 1912 2182 καὶ

257 2204 568 2281 διεκώλυσε,
619 2211 707 2266 καὶ
755 2211 853 2278 τὴν
910 2213 982 2276 εἷς
1053 2214 1112 2270 τὸ
1173 2216 1358 2292 πρόσω
1415 2216 1576 2295 φοράν
1639 2204 1906 2291 διέκοψεν

259 2296 439 2372 ὥσπερ
491 2301 536 2356 οἱ
577 2301 697 2362 τοὺς
755 2301 957 2366 ἵππους
1011 2317 1128 2368 τοῖς
1189 2303 1434 2384 ῥυτῆρσιν
1463 2305 1666 2386 ἀθρόως
1716 2305 1912 2382 μεθέλ-

258 2408 445 2454 κοντες
504 2390 847 2470 φερομένους,
909 2395 995 2450 καὶ
1060 2405 1137 2470 τῷ
1187 2393 1434 2469 ἀδοκήτῳ
1506 2403 1599 2453 τοῦ
1657 2405 1914 2475 τιναγμοῦ

262 2480 689 2560 περιτρέποντες.
743 2482 894 2541 Οὕτω
951 2482 1208 2559 Σολομὼν
1251 2487 1350 2561 μὲν
1380 2488 1408 2543 ὁ
1453 2485 1578 2568 (19)
1613 2485 1911 2569 σοφισάμε-

171 2591 174 2593 ·
263 2591 353 2633 νος
408 2571 655 2648 περισσὰ,
713 2572 841 2651 ὑπὲρ
898 2573 1099 2640 πάντας
1156 2576 1275 2640 τούς
1334 2576 1646 2656 γενομένους
1705 2577 1911 2656 ἔμπρο-

264 2662 408 2739 σθεν,
466 2662 552 2718 καὶ
576 2662 695 2719 καθ’
736 2663 939 2743 ἑαυτὸν,
974 2664 1020 2721 ὦ
1047 2667 1106 2722 τὸ
1137 2671 1234 2734 τῆς
1259 2665 1472 2746 καρδίας
1503 2665 1704 2733 πλάτος
1747 2666 1912 2745 δῶρον

266 2757 422 2830 Θεοῦ,
484 2752 570 2808 καὶ
626 2753 660 2821 ἡ
693 2754 916 2829 ψάμμου
947 2753 1302 2836 δαψιλεστέρα
1347 2758 1502 2837 χύσις
1534 2763 1633 2824 τῆς
1667 2757 1908 2837 θεωρίας,

261 2839 371 2914 ὅσῳ
422 2839 584 2898 πλέον
634 2840 908 2918 ἐμϐατεύει
986 2858 1106 2910 τστς
1166 2847 1371 2923 βάθεσι,
1455 2847 1690 2922 τοσούτῳ
1748 2845 1908 2903 πλέον

259 2930 480 3010 ἰλιγγιᾷ,
533 2934 620 2989 καὶ
671 2933 825 2998 τέλος
894 2957 944 2990 τι
1007 2949 1245 2994 ποιεῖται
1305 2937 1490 3017 σοφίαν
1546 2940 1718 3016 εὑρεῖν
1789 2938 1910 2993 ὃσον

1995 2043 2111 2094 tem
2139 2032 2463 2095 informare
2496 2052 2832 2113 possumus.
2858 2031 3007 2094 Tum
3040 2049 3178 2093 vero
3211 2027 3532 2108 disputatio
3557 2044 3654 2107 ea,

1995 2143 2128 2206 quae
2158 2123 2232 2184 de
2265 2125 2382 2184 Deo
2415 2123 2761 2204 suscipitur,
2801 2142 2916 2203 quo
2950 2121 3292 2203 perfectior,
3320 2138 3388 2179 eo
3415 2134 3659 2198 quoque

1997 2214 2297 2276 difﬁcilior
2331 2214 2844 2294 est,pluribusque
2873 2211 3370 2294 objectationibus
3407 2207 3657 2289 patel,in

1998 2306 2191 2386 iisque
2222 2303 2524 2366 diluendis
2546 2323 2615 2368 ac
2638 2304 3036 2367 dissolvendis
3065 2304 3196 2384 plus
3221 2301 3440 2379 negotii
3469 2297 3656 2360 faces-

1997 2396 2098 2460 sit.
2123 2394 2280 2457 Nihil
2309 2395 2467 2457 enim
2494 2403 2611 2457 tam
2637 2395 2780 2456 levis
2808 2393 3125 2474 exiguique
3159 2390 3445 2472 ponderis
3479 2387 3655 2451 nobis

1997 2485 2297 2546 adversari
2319 2483 2700 2566 potest,quod
2725 2502 2842 2544 non
2862 2482 3284 2563 disputationis
3307 2497 3544 2541 cursum
3569 2476 3659 2538 in-

2000 2582 2518 2655 terrumpatatque
2549 2573 2924 2654 comprimat,
2961 2571 3366 2652 impediatque
3414 2569 3654 2648 quomi-

1998 2685 2109 2726 nus
2129 2665 2279 2726 ultra
2305 2661 3302 2745 progrediamur.Quemadmodum
3334 2661 3434 2740 qui
3467 2675 3656 2739 equos

1995 2755 2068 2816 ad
2103 2773 2344 2816 cursum
2373 2753 2617 2814 incitato
2649 2760 2898 2833 repente
2927 2752 3096 2812 freno
3116 2751 3528 2822 retrahunt,ac
3553 2763 3660 2826 per

1995 2845 2357 2926 inopinatam
2390 2853 2447 2905 et
2477 2842 2851 2923 repentinam
2887 2841 3304 2904 excussionem
3328 2848 3656 2900 retrorsum

1993 2943 2196 3012 agunt.
2233 2933 2323 2997 Sit
2379 2933 2660 2994 nimirum
2708 2930 3014 3012 Salomon,
3049 2931 3149 3012 qui
3182 2928 3484 2997 omnibus,
3519 2945 3656 2988 cum

262 3019 502 3101 διέφυγεν
566 3022 718 3103 (20).
779 3029 983 3088 Παῦλος
1057 3023 1109 3082 δὲ
1171 3016 1413 3105 πειρᾶται
1461 3028 1560 3104 μὲν
1618 3027 1911 3108 ἐφικέσθαι,

2011 3045 2140 3102 suae,
2169 3033 2289 3086 tum
2314 3022 2643 3104 superioris
2667 3019 2973 3084 memoriae
2992 3018 3337 3082 hominibus
3353 3016 3659 3097 sapientiai

261 3110 408 3167 οῦπω
467 3111 610 3191 λέγω
669 3119 766 3182 τῆς
799 3120 891 3171 τοῦ
947 3118 1078 3172 Θεοῦ
1147 3117 1375 3197 φύσεως,
1449 3125 1603 3174 τοῦτο
1656 3107 1756 3197 γὰρ
1799 3116 1914 3194 ᾔδει

2011 3116 2174 3178 laude
2207 3112 2584 3195 praestitit82,
2611 3121 2669 3175 et
2700 3112 2898 3174 cordis
2931 3111 3305 3173 latitudinem
3337 3108 3441 3170 Dei
3476 3107 3658 3168 bene-

260 3200 530 3265 παντελῶς
590 3202 842 3261 ἀδύνατον
895 3204 976 3279 ὅν,
1039 3204 1173 3262 ἀλλά
1231 3207 1394 3282 μόνον
1465 3214 1572 3264 τῶν
1622 3214 1716 3264 τοῦ
1785 3209 1915 3264 Θεοῦ

2011 3205 2131 3270 licio
2180 3207 2320 3264 512
2355 3204 2608 3285 accepit,
2641 3222 2710 3265 ac
2746 3209 2965 3265 tantam
2996 3198 3516 3280 contemplationis
3546 3216 3653 3259 co-

254 3293 549 3368 κριμὲτων.
615 3291 762 3350 Ἐπεὶ
820 3293 874 3350 δὲ
930 3299 1034 3375 οὔχ
1062 3297 1281 3375 εὑρίσκει
1326 3295 1578 3377 διέξοδον,
1633 3295 1749 3354 οὐδὲ
1780 3297 1913 3353 στά-

2011 3297 2156 3377 piam
2193 3306 2250 3357 et
2281 3295 2613 3357 ubertatem
2630 3295 2714 3372 35,
2739 3303 2804 3357 ut
2825 3313 3026 3356 arenae
3056 3311 3370 3355 numerum
3395 3289 3654 3353 excede-

261 3401 349 3435 σιν
432 3386 532 3448 τῆς
565 3381 892 3459 ἀναϐάσεως,
934 3383 1051 3443 οὐδὲ
1109 3384 1191 3449 εἵς
1214 3410 1264 3442 τι
1299 3385 1424 3467 (21)
1457 3388 1682 3468 φανερὸν
1727 3385 1914 3443 τελευ-

261 3478 326 3543 τᾷ
357 3471 517 3551 πέρας
578 3475 611 3542 ἦ
685 3473 1176 3555 πολυπραγμοσύνη
1233 3483 1331 3544 τῆς
1359 3475 1615 3552 διανοίας,
1652 3479 1732 3533 ἀεὲ
1774 3500 1915 3543 τινος

261 3562 686 3640 ὑποφαινομένου
736 3575 827 3624 τοῦ
884 3563 1180 3630 λείποντος·
1246 3569 1292 3623 ὣ
1351 3574 1442 3625 τοῦ
1498 3568 1762 3643 θαύματος
1798 3567 1914 3647 (ἳνα

256 3655 342 3708 καὶ
403 3654 556 3717 arb—.6;
589 3655 738 3711 πάθω
807 3657 868 3712 τὸ
927 3654 1120 3728 iam)!
1179 3656 1438 3733 ἒμπλήξει
1471 3659 1780 3736 περιγράφει
1824 3661 1914 3714 τὸν

261 3740 442 3819 λόγον,
504 3745 588 3800 καὶ
621 3743 846 3802 πλοῦτον
881 3754 1033 3820 Θεοῦ,
1063 3748 1149 3804 καὶ
1182 3749 1340 3824 βάθος
1387 3750 1447 3803 τὸ
1491 3750 1699 3805 τοιοῦτο
1731 3748 1912 3827 κἰλεϊ,

260 3833 347 3888 καὶ
406 3835 666 3913 ὃμολογεῖ
723 3841 829 3891 τῶν
861 3846 953 3896 τοῦ
983 3845 1114 3896 Θεοῦ
1141 3839 1412 3916 κριμάτων
1444 3839 1505 3894 τὸ
1536 3836 1916 3905 ἀκατάληπτον

262 3926 548 4004 μονονουχὶ
629 3926 694 3981 τά
726 3925 857 3984 αὒτά
899 3933 977 4000 τῷ
1025 3926 1182 3985 Δαϐὶδ
1225 3927 1608 4010 φθεγγόμενος,
1655 3929 1785 3985 ποτὲ
1819 3928 1915 4002 μὲν

261 4010 488 4070 ἄϐυσσον
560 4013 768 4083 πολλὴν
799 4017 1110 4090 ὀνομάζοντι
1142 4020 1208 4075 τά
1250 4027 1340 4075 τοῦ
1374 4021 1504 4075 Θεοῦ
1559 4019 1813 4096 κρίματα,
1849 4019 1915 4085 ἧς

264 4106 356 4161 οῦκ
406 4102 517 4160 ἔστι
563 4106 656 4173 τὴν
719 4104 868 4186 ἕδραν
901 4109 935 4175 ἢ
980 4108 1160 4186 μέτρῳ
1189 4109 1225 4177 ἢ
1257 4110 1494 4179 αἰσθήσει
1541 4105 1729 4163 λαϐεῖν

265 4192 318 4248 δὲ
419 4197 882 4269 τεθαυμαστώσθαι
963 4199 1059 4267 τὴν
1146 4207 1340 4264 γνῶσιν
1423 4197 1472 4264 ἐξ

269 4289 364 4351 τῆς
467 4285 651 4342 ὲ²⁹τ⁰ὖ
738 4289 1040 4354 συστάσεως
1099 4287 1227 4370 (22)
1288 4288 1520 4368 λέγοντι,
1585 4295 1916 4367 κεκρατανῦι-

1740 4154 1755 4187 ,
1789 4107 1916 4164 ποτε

1567 4197 1778 4278 ἑαυτοῦ,
1834 4199 1918 4253 καὶ

1999 3406 2115 3463 rei,
2154 3407 2270 3467 quo
2303 3385 2480 3447 altius
2511 3385 2573 3446 in
2605 3385 2711 3445 has
2743 3385 3172 3465 profunditates
3223 3389 3515 3462 penetrat,
3546 3382 3657 3440 hoc

2001 3477 2190 3555 magis
2211 3484 2439 3551 aestuat,
2467 3493 2536 3536 ac
2567 3476 2747 3536 ﬁnem
2782 3473 3102 3556 quemdam
3135 3471 3445 3552 sapientiae
3475 3489 3654 3531 cons-

2003 3567 2180 3646 tituit,
2209 3565 2489 3626 nimirum
2522 3565 2678 3646 quod
2713 3564 3061 3643 invenisset,
3093 3573 3375 3644 quantum
3409 3580 3479 3624 ea
3512 3580 3546 3622 a
3591 3579 3658 3623 se

2001 3655 2667 3736 fugeret85.Consimili
2689 3673 2928 3736 quoque
2963 3653 3136 3714 modo
3162 3654 3529 3724 Paulus,non
3561 3651 3657 3712 di-

2001 3767 2128 3808 cam
2152 3746 2258 3810 Dei
2278 3746 2695 3826 naturam,hoc
2713 3745 2871 3806 enim
2901 3762 3148 3825 prorsus
3173 3763 3349 3824 supra
3366 3744 3659 3804 humanas

2002 3838 2155 3898 vires
2187 3855 2318 3898 esse
2340 3845 2717 3917 perspectum
2746 3835 3136 3915 habebat,sed
3165 3835 3268 3895 Dei
3290 3833 3480 3896 solum
3501 3831 3660 3912 judi-

2001 3929 2093 3990 cia
2119 3926 2458 4003 cognitione
2477 3926 2714 4008 assequi
2734 3925 3302 3999 conatur.Quoniam
3335 3932 3531 3985 autem
3555 3941 3666 3984 nec

2003 4019 2224 4079 exitum
2262 4017 2592 4097 ullum,nec
2616 4036 2732 4097 quo
2756 4035 3064 4079 ascensum
3098 4018 3280 4095 ﬁgere
3303 4033 3370 4078 ac
3397 4012 3665 4075 stabilire

2005 4107 2598 4190 posset,reperiebat,
2634 4124 2749 4168 nec
2787 4106 3098 4186 perSpicuo
3132 4105 3250 4166 ullo
3284 4105 3401 4165 ﬁne
3429 4102 3666 4164 curiosa

2005 4197 2191 4278 ipsius
2227 4197 2406 4258 animi
2439 4197 2833 4277 perscrutatio
2858 4193 3436 4276 claudebatur,quod
3461 4191 3664 4254 videli-

2006 4297 2100 4349 cet
2133 4286 2389 4349 subinde
2419 4305 2657 4368 semper
2683 4286 2906 4367 aliquid
2931 4287 3146 4367 reliqui
3190 4305 3319 4347 esse
3351 4283 3665 4366 perspice-

266 4375 380 4430 σθαί
409 4397 466 4430 τε
497 4373 657 4432 πλέον
741 4377 775 4446 ἢ
836 4379 972 4436 κατά
1002 4381 1100 4448 τὴν
1176 4382 1363 4438 ἑαυτοῦ
1403 4378 1617 4456 δύναμιν
1648 4380 1736 4436 καὶ
1767 4379 1916 4454 περέ-

2011 4387 2158 4440 retzo
2188 4397 2312 4440 rem
2337 4378 2548 4439 miram
2581 4395 2648 4439 ac
2665 4376 3287 4458 stupendam!(ntipse
3309 4393 3545 4457 quoque
3563 4392 3670 4435 eo-

265 4461 460 4543 δρπξιν·
1944 4480 1978 4527 Β
2005 4470 2140 4530 dem
2157 4469 2376 4532 affectu
2390 4488 2520 4530 com
2532 4469 3133 4542 movearlorationem
3148 4467 3540 4528 admiratione
3557 4464 3668 4526 cir-

265 4557 819 4658 cumscribitﬁdque
849 4560 959 4658 Dei
984 4581 1130 4658 opes
1146 4581 1214 4658 ac
1237 4563 1596 4658 profundum
1631 4563 2608 4658 ap_pellat,a_cil)eijudicia_nullius
2639 4565 2882 4658 ingenio
2921 4562 3231 4658 percipiet
3261 4561 3665 4658 comprehen-

267 4647 327 4708 di
361 4666 534 4728 posse
560 4648 815 4730 ingenue
843 4650 1358 4730 fatetur“,iisdem
1385 4653 1821 4735 propemodum
1846 4655 2046 4717 verbis
2071 4675 2204 4717 cum
2238 4654 2460 4718 Davide
2492 4654 2796 4735 utens,qui
2831 4673 2988 4715 nunc
3011 4653 3244 4733 judicia
3262 4651 3366 4714 Dei
3386 4650 3666 4731 abyssum

337 4769 405 4820 80
430 4771 601 4834 Joan.
634 4787 758 4848 1m,
793 4773 890 4837 l2.

264 4851 362 4914 l7.
444 4851 508 4902 85
540 4853 715 4916 Rom.
743 4871 830 4928 x1,
865 4853 965 4918 33.

347 4976 470 5056 (14)
506 4967 624 5040 Ὦς.
661 4975 804 5057 Reg.
841 4978 1044 5060 Cypr.,
1077 4979 1236 5045 ἴσως.
1271 4979 1421 5060 Reg.
1454 4978 1578 5057 bm,
1615 4979 1833 5044 Coisl.l
1862 4986 1921 5040 et

261 5057 364 5122 0r.
403 5059 462 5122 1.
494 5056 652 5122 ἅπερ.

315 5077 364 5120 r.
403 5077 427 5118 1
446 5104 462 5129 ,
494 5079 652 5136 απερ,

346 5137 469 5238 ρει)
508 5140 602 5197 Καὶ
659 5137 814 5217 ἅπερ.
869 5139 1076 5204 Plures
1131 5143 1314 5222 Regg.
1369 5150 1426 5204 et
1497 5140 1697 5222 Colb.,
1747 5143 1834 5198 καὶ
1889 5143 1922 5196 ἃ

263 5237 420 5296 μηδὲ.

347 5300 478 5380 (16)
506 5304 605 5360 τὸν
651 5303 876 5382 κόσμον.
911 5304 1038 5366 Duo
1069 5302 1285 5382 Regg.,
1321 5311 1441 5367 tres
1472 5301 1640 5367 Colb.
1669 5311 1726 5365 et
1748 5302 1918 5378 ΟΜ,

259 5384 351 5466 τὸν
385 5383 532 5466 χεέτω
567 5384 791 5466 κόσμιον.
822 5381 916 5446 Sic
949 5383 1090 5463 legit
1110 5381 1316 5466 Leuv.,
1353 5384 1453 5465 qui
1483 5383 1673 5446 vertit.
1714 5403 1930 5445 cmun-

263 5461 403 5523 dum
443 5464 601 5526 hunc
628 5463 912 5525 inferum.
950 5489 977 5520 ι)

345 5543 474 5620 (17)
514 5544 852 5626 λΠρόδρομρς.
889 5544 1108 5610 Mirum
1159 5545 1352 5608 videri
1397 5553 1592 5626 potest
1634 5545 1928 5608 Joannem

270 5623 730 5703 Evangelistam,
761 5625 942 5687 Verbi
977 5623 1412 5706 praecursorem
1442 5645 1474 5687 a
1505 5625 1796 5705 Gregorio
1821 5645 1930 5706 ap-

273 5706 506 5784 ;ellari.
572 5707 732 5788 lilias
783 5708 958 5788 hanc,
1011 5708 1166 5788 inter
1215 5708 1380 5787 alias,
1442 5708 1613 5768 affert
1665 5727 1929 5783 causam,

272 5804 547 5869 pompe,¢
561 5787 717 5869 quod
742 5797 800 5848 et
826 5787 1125 5869 interpres
1143 5787 1319 5854 fuerit
1336 5788 1622 5851 doctrina:
1644 5789 1716 5850 de
1742 5788 1927 5853 Duo.»

263 5865 471 5930 Billius
496 5865 644 5934 vero
674 5874 838 5951 putat
865 5865 1214 5952 Gregorium
1237 5869 1338 5934 hic
1371 5890 1396 5929 ιι
1422 5869 1730 5934 memoriae
1766 5869 1937 5952 lapsu

977 4771 1026 4816 3'
1061 4773 1233 4837 Joan.
1268 4791 1392 4856 χχι,
1425 4777 1527 4837 25.
1611 4771 1668 4816 ⁸³
1698 4773 1774 4838 lll
1822 4777 1970 4856 Reg.
2024 4793 2108 4850 Ill,
2147 4775 2245 4838 12.
2333 4772 2388 4816 ⁸³
2416 4773 2468 4839 ll
2492 4773 2626 4837 Par.
2663 4793 2703 4848 l,
2741 4774 2832 4838 12.

2919 4775 2984 4824 84
3012 4773 3212 4842 Eccle.
3265 4788 3368 4853 vu,
3403 4771 3506 4848 24;
3537 4787 3664 4846 vm,

2013 4975 2433 5066 errassequod
2467 4994 2602 5038 eum
2635 4973 2818 5038 Verbi
2839 4979 3364 5066 prmcursorem,et
3395 4970 3678 5034 Veritatis

2013 5075 2212 5119 vocem
2240 5053 2706 5138 appellet,quem
2743 5053 2988 5118 tonitrui
3021 5053 3428 5138 potiusfilium
3462 5069 3675 5116 vocare

2014 5131 2335 5201 debuerat:
2360 5163 2386 5195 ι›
2423 5131 2606 5200 Addit
2631 5137 2804 5200 etiam
2831 5138 2913 5198 ita
2934 5131 3196 5198 sensisse
3222 5131 3568 5196 Maximum.

2097 5220 2222 5296 (19)
2257 5221 2353 5278 Καὶ
2377 5220 2498 5282 τοῖς
2550 5234 2790 5294 νοητοῖς,
2853 5227 2969 5280 etc.
3016 5217 3227 5279 Billius
3260 5234 3273 5273 :
3302 5237 3342 5296 ,ει
3378 5231 3446 5274 ac
3491 5221 3678 5296 rebus

2017 5292 2468 5362 intellectilibus
2517 5292 2782 5362 animum
2829 5317 2943 5359 una
2991 5316 3124 5359 cum
3158 5292 3432 5357 sensibus
3461 5294 3680 5358 admo-

2019 5380 2230 5443 ventis.
2273 5407 2298 5436 υ

2101 5462 2230 5541 (19)
2256 5462 2514 5538 Σολομὼν
2545 5463 2642 5537 μὲν
2675 5464 2726 5522 ὅ.
2760 5457 2998 5541 Comb.,
3035 5461 3294 5532 Σολομὼν
3324 5461 3374 5520 ὁ.

2097 5537 2216 5622 (20)
2249 5543 2433 5602 "0cm
2482 5541 2744 5623 διέφυγεν.
2780 5540 3313 5621 Billius.quantum
3339 5557 3408 5601 ea
3437 5557 3470 5599 a
3500 5557 3564 5601 se
3588 5537 3676 5600 ef-

2017 5623 2222 5702 fugiet.
2267 5647 2287 5678 ι

2098 5700 2227 5783 (21)
2263 5702 2392 5764 Οὖδέ
2421 5703 2502 5767 εἵς
2536 5727 2606 5778 τι,
2659 5709 2802 5776 etc.,
2843 5727 2868 5756 α
2902 5720 3012 5763 nec
3071 5700 3250 5762 ullam
3307 5702 3681 5783 perspicuam

2019 5782 2273 5848 curioSaa
2303 5783 2486 5845 animi
2520 5783 3019 5865 perscrutationis
3043 5789 3259 5865 metam
3295 5782 3578 5846 habebat.
3613 5807 3634 5838 ο

2100 5869 2220 5947 (2⁸2)
2252 5862 2589 5932 Συστάσεως.
2625 5864 2838 5931 Billius
2870 5887 2885 5926 :
2919 5887 2948 5928 (
2981 5862 3307 5929 creatione.
3340 5887 3364 5922 ι
