4126 6392
311 332 387 395 57
1320 324 1603 389 ORATIO
1645 318 1927 385 XXVIII.
1978 349 2053 364 -
2099 320 2579 387 THEOLOGICA
2644 324 2728 383 II.
3621 317 3702 381 38

314 475 392 543 τῷ
436 465 738 543 βούλεσθαι,
786 464 876 520 καὶ
926 464 1062 537 ξιμοῦ
1120 458 1461 535 κινουμένης,
1508 461 1596 513 καὶ
1640 459 1797 517 ταυτὶ)
1853 457 1972 535 (3'2,

2069 456 2525 537 distinguantur,
2563 460 2901 541 praecellant
2950 469 3004 521 et
3066 457 3345 538 dignitate
3395 457 3709 517 lilft‘l‘it‘l'ts

312 563 391 633 τῷ
450 557 538 615 νοΐ
566 554 916 635 πασχούσης.
950 551 1100 609 Μετά
1129 550 1229 629 γὰρ
1259 555 1352 605 τοῦ
1382 547 1502 604 ’ίσου
1554 548 1777 629 τάχους,
1822 546 1972 605 ἐκεῖ·

2069 545 2198 621 sint,
2226 548 2507 610 uniantur
2529 558 2589 612 et
2619 549 3045 624 distrahantur,
3072 548 3419 611 contineant
3443 555 3500 609 et
3521 544 3713 608 conti-

314 670 400 714 νος
432 668 490 703 τε
524 634 770 724 μίγνυται
814 656 933 708 τοῖς
965 639 1293 716 νοουμένοις,
1348 638 1436 695 καὶ
1483 634 1617 705 αὕτη
1666 651 1785 702 τοῖς
1831 641 1972 717 ὁρω-

2069 647 2332 701 neantur.
2357 640 2530 702 Multa
2547 641 2725 704 etiam
2744 641 2819 703 de
2836 640 3078 703 vocibus
3099 646 3157 701 et
3175 638 3400 701 auditu:
3422 636 3705 698 nimirum

313 738 517 812 μένοις.
550 734 737 792 Πολλά
792 736 912 813 περὶ
955 737 1061 788 τῶν
1113 729 1291 787 ἄλλων
1341 729 1661 803 αἰσθήσεων,
1694 728 1757 786 αἴ
1800 752 1972 809 παρα-

2069 729 2359 808 qnomodo
2396 730 2513 792 illa:
2542 749 2646 811 per
2668 731 2889 793 vocalia
2923 730 3319 792 instrumenta
3340 728 3705 794 deferantur.

311 827 473 908 δοχαί
500 825 643 891 τινές
675 826 774 881 εἶσι
818 829 924 880 τῶν
968 819 1181 900 ἔξωθεν,
1238 819 1383 898 λόγῳ
1445 816 1573 899 (33)
1630 819 1708 895 μὴ
1737 821 1970 898 θεωρού-

2069 821 2156 883 hic
2186 842 2325 886 vero
2353 843 2454 887 eas
2485 826 2764 907 excipiat,
2792 847 2860 889 ac
2892 843 2999 906 per
3019 823 3361 887 intermedii
3385 821 3545 885 aeris
3577 838 3709 901 prr-

311 939 489 994 μεναι.
553 913 735 973 Πολλά
788 914 906 993 περὶ
961 918 1059 980 τῆς
1135 911 1189 967 ὲν
1230 909 1412 975 ὕπνοις
1458 910 1825 983 ἀναπαύσεως,
1886 912 1972 967 καὶ

2069 914 2394 978 cussionem
2416 925 2594 998 atque
2617 918 3070 998 impressionem
3096 916 3252 977 inter
3272 933 3337 976 se
3355 915 3702 994 jungantur.

310 1013 413 1075 τῆς
445 1004 513 1063 δι’
541 1005 827 1084 ὀνειράτων
886 1001 1262 1072 ἀναπλάσεως,
1298 1000 1521 1077 μνήμης
1570 1020 1628 1055 τε
1683 1001 1769 1058 καὶ
1833 999 1969 1057 ἀνα-

2069 1004 2240 1067 Multa
2266 1006 2404 1068 item
2439 1007 2513 1069 de
2545 1008 2756 1080 oculis,
2791 1008 2891 1090 qui
2923 1007 3096 1069 modo
3130 1005 3383 1087 quodam
3417 1000 3707 1069 ineffabili

310 1098 592 1176 μνήσεως,
644 1094 908 1173 λογισμοῦ
961 1114 1018 1148 τε
1081 1092 1170 1149 καὶ
1222 1094 1410 1180 θυμοῦ,
1443 1090 1528 1146 καὶ
1568 1088 1839 1180 ἐφέσεως,
1883 1092 1970 1148 καὶ

2069 1112 2186 1155 tum
2209 1095 2279 1155 iis
2296 1096 2652 1179 rebus,quas
2670 1088 3429 1180 cernimus,commercium
3453 1092 3698 1165 habent,

311 1186 589 1262 συντόμως
621 1186 821 1265 εἰπεῖν,
849 1181 994 1246 ὅσοις
1048 1184 1076 1238 ὁ
1109 1181 1299 1261 μικρὰς
1333 1179 1484 1245 οὗτος
1512 1179 1712 1256 κόσμος
1744 1178 1967 1237 διοικεῖ-

2069 1203 2118 1245 te
2150 1185 2272 1245 sola
2304 1178 2623 1263 voluntate,
2657 1189 2833 1250 simul
2864 1178 3038 1249 etiam
3078 1206 3212 1249 cum
3265 1205 3335 1247 ea
3369 1190 3699 1245 moventur.

306 1299 415 1349 ται,
451 1280 478 1333 ὁ
510 1275 807 1354 ἅνθρωπος.

2069 1275 2387 1357 aedemque
2419 1278 2595 1339 modo
2619 1298 2751 1340 cum
2780 1286 2976 1340 mente
3000 1278 3362 1339 afficiuntur.
3386 1274 3516 1336 Pari
3543 1271 3703 1334 enim

312 1369 710 1450 celeritate,et
738 1368 864 1429 haec
891 1363 1433 1454 intellectilibus,et
1461 1362 1556 1454 illi
1578 1361 1914 1454 visibilibus
1946 1367 2125 1431 rebus
2141 1371 2684 1450 jungunturMultu
2721 1379 3005 1454 praeterea
3036 1372 3110 1434 de
3136 1370 3382 1453 reliquis
3401 1367 3705 1447 sensibus,

308 1460 410 1544 qui
431 1460 589 1522 velut
612 1456 998 1520 admittendis
1030 1454 1291 1518 externis
1322 1452 1503 1517 rebus
1526 1452 1805 1544 destinati
1831 1466 2111 1533 sunt,nec
2141 1461 2372 1524 ratione
2406 1452 2837 1544 percipiuntur.
2868 1463 3044 1524 Multa
3070 1452 3328 1542 denique
3353 1460 3429 1521 de
3460 1477 3552 1531 ea,
3592 1474 3709 1537 qua

305 1543 369 1636 in
400 1550 626 1612 somnis
656 1546 1138 1629 fruimur,quiete
1167 1554 1342 1626 atque
1363 1543 1797 1636 insomniorum
1820 1547 2149 1631 figmentis,
2196 1550 2273 1612 de
2319 1543 2607 1617 memoria
2664 1563 2721 1616 et
2771 1551 3238 1625 reminiscentia,
3282 1550 3358 1612 de
3382 1549 3703 1619 ratione,ut

307 1632 488 1715 ira,et
517 1638 869 1721 cupiditate,
893 1637 1277 1719 reliquisque,
1315 1643 1379 1698 ut
1406 1653 1526 1696 uno
1553 1632 1734 1697 verbo
1764 1638 2152 1718 complectar,
2182 1641 2399 1723 quibus
2423 1660 2638 1725 parvus
2665 1644 2763 1707 hic
2804 1642 3085 1719 mundus,
3122 1642 3179 1703 id
3210 1649 3319 1723 est,
3355 1641 3557 1718 homo,
3594 1656 3705 1717 gu-

310 1728 623 1793 bernatur.

395 1822 524 1885 Kl".
574 1824 760 1883 Βούλει
820 1845 903 1881 σοι
964 1822 1054 1879 καὶ
1095 1822 1191 1886 τὰς
1242 1826 1350 1878 τῶν
1394 1819 1572 1878 ἄλλων
1600 1820 1753 1893 ζώων
1779 1819 1971 1904 διαφο-

2138 1824 2343 1889 ΧΧΙΙΙ.
2366 1828 2547 1891 Visne
2563 1829 2814 1891 aliorum
2835 1847 3070 1911 quoque
3092 1826 3479 1890 animantium
3503 1822 3710 1886 discri-

313 1917 405 1997 ράς
607 1915 739 1993 πρός
783 1936 840 1971 τε
891 1914 1038 1990 ἡμᾶς
1097 1913 1185 1969 καὶ
1244 1913 1376 1990 πρὸς
1435 1910 1670 1987 ἄλληλα,
1704 1913 1885 1993 φύσεις
1915 1935 1971 1969 τε

2069 1915 2241 1997 mina,
2269 1919 2508 1999 quibus,
2536 1927 2657 1980 tum
2692 1938 2722 1980 a
2757 1918 2950 1999 nobis,
2977 1910 3098 1982 tum
3131 1918 3287 1980 inter
3310 1935 3373 1977 se
3397 1914 3705 1989 differunt,

308 2010 398 2065 καὶ
458 2007 719 2086 γενέσεις.
777 2005 867 2061 καὶ
913 2003 1238 2083 ἀνατροφὰς,
1300 2005 1389 2059 καὶ
1449 2002 1659 2083 χώρας,
1697 2004 1787 2059 καὶ
1842 2002 1968 2083 ἤθη,

308 2097 397 2153 καὶ
451 2100 568 2153 οἷον
629 2093 901 2158 πολιτείας
978 2094 1460 2172 καθαριθμήσωμαι
1498 2141 1513 2169 ,
1585 2099 1704 2158 Πῶς
1750 2093 1815 2150 τὰ
1873 2095 1971 2170 μὲν

311 2185 572 2266 ἀγελαῖα,
616 2187 682 2243 τὰ
726 2184 782 2241 ’δὲ
828 2181 1135 2261 μοναδικάς
1182 2184 1247 2240 τὰ
1287 2183 1385 2259 μὲν
1445 2184 1757 2264 προηφάγα,
1807 2185 1874 2241 τὰ
1916 2183 1970 2241 δὲ

314 2274 661 2356 σαρκοϐόρα;
703 2276 767 2332 τὰ
822 2274 918 2352 μὲν
963 2271 1239 2351 θυμοειδῆ,
1272 2275 1338 2330 τὰ
1366 2272 1421 2330 δὲ
1479 2272 1705 2355 ἥμερος
1757 2275 1825 2331 τὰ
1874 2277 1973 2351 μὲν

314 2366 658 2448 φιλάνθρωπα
716 2368 806 2424 καὶ
863 2367 1152 2444 σύντροφα,
1208 2365 1274 2421 τὰ
1331 2364 1385 2420 δὲ
1418 2364 1670 2421 ἆτίθασσα
1701 2369 1788 2423 καὶ
1824 2365 1973 2423 ἐλεύ-

312 2461 439 2527 θερα
475 2477 492 2533 ;
523 2458 706 2515 καὶτὰ
737 2457 833 2533 μὲν
864 2456 986 2513 οἶον
1041 2454 1297 2535 ἑγγύτερα
1344 2453 1503 2533 λόγου
1546 2477 1604 2512 τε
1648 2457 1735 2513 καὶ
1795 2458 1968 2533 μαθήο

315 2569 482 2625 σεως,
529 2548 597 2603 τὰ
626 2545 679 2603 δὲ
739 2544 1015 2610 παντελῶς
1046 2543 1214 2624 ἄλογα
1280 2544 1368 2602 καί
1415 2545 1752 2621 ἀμαθέστατα
1799 2545 1919 2627 (55)
1955 2563 1971 2620 ;

322 2638 389 2695 τὰ
446 2637 543 2713 μὲν
598 2635 857 2694 πλειόνων
913 2636 1232 2709 αἰσθήσεων,
1286 2635 1353 2691 τὰ
1397 2633 1451 2691 δὲ
1507 2634 1848 2718 ἓλαττόνωνς
1909 2639 1975 2694 τὰ

322 2727 421 2804 μὲν
458 2728 708 2800 ἀκίνητα,
752 2728 818 2783 τὰ
868 2725 922 2783 δὲ
966 2724 1343 2805 μεταϐατικά;
1396 2726 1463 2782 τὰ
1518 2726 1615 2802 μὲν
1673 2727 1974 2807 ταχύτατα,

318 2820 384 2875 τὰ
428 2816 484 2875 δὲ
525 2818 811 2898 παχύτατα
843 2815 966 2897 (36)
1006 2833 1022 2891 ;
1074 2814 1141 2872 τὰ
1191 2814 1290 2891 μὲν
1333 2813 1731 2896 ὑπερϐάλλοντα
1763 2816 1975 2895 μεγέθει

315 2910 402 2967 καὶ
444 2906 632 2967 κάλλει
675 2907 711 2976 ἢ
751 2912 829 2981 τῷ
884 2907 1046 2986 ἑτέρῳ
1103 2905 1330 2976 τούτων,
1380 2904 1526 2962 τὰδὲ
1572 2907 1881 2988 βραχύτατα
1943 2906 1972 2974 ἥ

314 2997 685 3055 δυσειδὲστατα
714 2996 751 3064 ἣ
778 2998 868 3053 καὶ
898 2995 1171 3076 ἀμφότερα
1204 3014 1221 3076 ς
1282 2995 1347 3051 τὰ
1407 2996 1503 3069 μὲν
1536 2994 1761 3073 ἄλκιμα,
1796 2997 1862 3052 τὰ
1919 2990 1972 3052 δὲ

2057 2014 2296 2069 naturas
2314 2008 2489 2070 etiam
2518 2016 2574 2072 et
2599 2017 2784 2084 ortus,
2812 2020 2871 2071 et
2891 2008 3301 2081 educationes,
3330 2014 3387 2068 et
3407 2004 3704 2082 regiones,

2057 2105 2114 2157 et
2145 2114 2368 2172 mores,
2395 2117 2460 2159 ac
2487 2099 2644 2161 velut
2664 2099 2723 2161 in
2752 2098 3065 2181 republica
3089 2101 3222 2160 vita;
3244 2094 3438 2159 ofﬁcia
3465 2112 3708 2156 enume-

2055 2204 2181 2247 rem
2206 2186 2235 2247 ?
2257 2187 2523 2261 Quonam
2551 2190 2724 2250 modo
2745 2190 2857 2250 alia
2880 2191 3167 2252 societate
3189 2184 3712 2264 delectantur,alia

2055 2276 2312 2357 solivaga
2341 2279 2526 2342 sunt?
2556 2279 2686 2343 Alia
2719 2278 2945 2355 herbis,
2981 2279 3094 2341 alia
3125 2277 3404 2341 carnibus
3439 2276 3707 2336 nutrinn-

2059 2365 2197 2430 tur?
2224 2368 2358 2430 Alia
2388 2387 2540 2431 saeva
2572 2379 2632 2433 et
2667 2370 3000 2433 truculenta
3032 2380 3189 2440 sunt,
3223 2368 3335 2429 alia
3371 2370 3709 2426 mansueta?

2059 2456 2184 2517 Alia
2214 2477 2348 2519 cum
2384 2459 2729 2522 hominibus
2770 2461 2986 2521 versari
3016 2471 3193 2539 atque
3237 2457 3313 2519 ali
3346 2453 3561 2535 solent,
3595 2454 3709 2515 alia

2058 2547 2341 2610 indomita
2368 2558 2426 2610 et
2459 2550 2642 2611 libera
2666 2557 2849 2614 sunt?
2872 2542 3002 2612 Alia
3024 2550 3094 2611 ad
3125 2550 3411 2611 rationem
3438 2554 3491 2607 et
3518 2544 3705 2607 disci-

2059 2637 2280 2714 plinam
2329 2638 2467 2699 5M
2516 2639 2759 2720 propius
2790 2640 3108 2719 accedunt,
3143 2639 3258 2699 alia
3289 2656 3322 2698 a
3370 2645 3600 2697 ratione
3650 2639 3707 2693 et

2057 2728 2374 2808 disciplina
2409 2743 2649 2809 prorsus
2671 2730 3001 2794 abhorrent
3025 2737 3051 2793 ?
3074 2728 3202 2789 Alir
3227 2724 3494 2807 pluribus
3521 2724 3707 2786 sensi-

2059 2816 2190 2893 bus,
2215 2818 2330 2880 alia
2363 2819 2741 2901 paucioribus
2766 2820 3011 2900 praedita
3041 2824 3228 2882 sunt?
3254 2818 3389 2880 Alia
3417 2825 3578 2878 motu
3601 2834 3705 2877 ca-

2058 2915 2213 2981 rent,
2239 2909 2353 2971 alia
2380 2910 2690 2991 gradiendi
2717 2910 3055 2972 facultatem
3077 2906 3345 2970 habent?
3366 2906 3491 2968 Alia
3515 2906 3706 2967 celer-

2058 2997 2230 3079 rima,
2266 2999 2378 3060 alia
2412 3000 2755 3062 tardissima
2785 3000 2973 3061 sunt?
3015 2998 3148 3060 Alia
3185 2995 3615 3076 magnitudine,
3651 3002 3710 3056 et

310 3088 556 3169 ἀσθενῆ,
616 3087 683 3145 τὰ
742 3087 838 3163 μὲν
891 3086 1176 3162 ἀμυντικὰ,
1236 3087 1303 3143 τὰ
1347 3084 1401 3143 δὲ
1454 3085 1666 3144 ὕποπτα
1718 3088 1809 3143 καὶ
1852 3086 1972 3144 ἐπί-

2069 3088 2529 3169 pulchritudine,
2552 3099 2651 3152 aut
2680 3091 2964 3151 alterutro
3000 3091 3212 3151 horum
3250 3086 3568 3155 excellunt,
3598 3085 3711 3146 alia

312 3177 479 3236 ϐόυλα
512 3198 528 3259 ς
557 3178 623 3236 τὰ
652 3179 749 3254 μὲν
782 3174 1023 3258 φοϐακτὰ
1054 3175 1191 3256 (37),
1224 3176 1290 3233 τὰ
1340 3174 1395 3233 δέ
1424 3176 1701 3257 ἀφύλακτα
1737 3200 1753 3252 ς
1780 3179 1846 3236 τὰ
1876 3177 1972 3253 μέν

2069 3188 2249 3242 autem
2278 3180 2597 3262 perexigua
2618 3188 2778 3255 sunt,
2804 3190 2901 3242 ant
2924 3178 3389 3251 deformissima,
3410 3185 3509 3238 aut
3534 3177 3707 3237 etiam

311 3268 536 3349 φιλεργά
566 3269 655 3325 καὶ
710 3267 1045 3343 οἰκονομικὰ,
1100 3268 1165 3323 τὰ
1213 3265 1268 3323 δέ
1311 3268 1647 3325 παντάπασιν
1690 3268 1826 3347 ἀργὰ
1885 3277 1972 3331 καὶ

2069 3277 2309 3351 utroque
2335 3271 2471 3334 vitio
2497 3270 2818 3335 laborant?
2841 3271 2971 3335 Alia
2994 3279 3236 3331 strenua
3260 3276 3418 3340 sunt,
3450 3265 3567 3328 alia
3598 3267 3709 3325 im-

312 3360 621 3439 ἀπρονόητα
660 3378 677 3435 ;
737 3359 837 3417 Καὶ
891 3357 966 3414 ’ἐτι
1023 3359 1126 3436 πρὸ
1168 3357 1391 3437 τούτων,
1424 3358 1539 3422 πῶς
1570 3359 1637 3414 τὰ
1681 3358 1775 3433 μὲν
1809 3359 1972 3437 ἑρπυ-

2069 3360 2275 3422 becilla
2298 3361 2481 3424 ?Alia
2513 3361 2796 3440 injuriam
2831 3370 3036 3442 aperto
3071 3362 3294 3440 impetu
3330 3360 3703 3439 propulsant,

316 3452 473 3509 στικὰ
506 3447 657 3529 (38),
692 3448 757 3505 τὰ
810 3446 863 3503 δὲ
922 3446 1118 3528 ὄρθια,
1179 3447 1245 3503 τὰ
1301 3447 1398 3522 μὲν
1430 3447 1734 3528 φιλόχωρα,
1797 3449 1864 3504 τὰ
1921 3445 1972 3503 δὲ

2069 3450 2173 3510 alia
2200 3461 2473 3532 suspecta
2507 3461 2564 3512 et
2615 3451 2903 3512 insidiosa
2952 3451 3142 3511 sunt?
3190 3450 3320 3512 Alia
3364 3458 3560 3522 cauta,
3594 3448 3708 3509 alia

315 3538 542 3622 ἀμφίϐια
577 3559 594 3620 ς
627 3540 693 3596 τὰ
724 3538 823 3614 μὲν
853 3536 1141 3618 φιλόκαλα,
1186 3538 1253 3593 τὰ
1306 3535 1359 3593 δὲ
1401 3536 1792 3595 ἀκαλλώπιστα
1820 3553 1837 3612 ;
1872 3559 1964 3594 συ-

2069 3540 2292 3602 lncauta
2312 3540 2337 3604 ἲ
2361 3541 2492 3604 Alia
2527 3542 2835 3603 industrize
2867 3543 3074 3623 reique
3104 3540 3416 3603 famniliaris
3446 3538 3707 3601 admini-

312 3635 447 3710 ζυγῆ
479 3651 537 3687 τε
568 3631 657 3687 καὶ
700 3629 872 3709 ἀζυγῆ
908 3649 924 3701 ;
990 3626 1235 3708 σώφρονά
1264 3649 1322 3684 τε
1370 3628 1458 3683 καὶ
1514 3626 1785 3686 ἀκόλαστα
1820 3645 1836 3704 ;
1867 3652 1969 3685 πο-

2069 3631 2279 3691 strandi
2332 3631 2509 3694 laude
2540 3632 2778 3713 ﬂorent,
2812 3630 2925 3693 alia
2969 3650 3211 3711 prorsus
3242 3630 3457 3691 inertia
3486 3637 3623 3691 sunt
3654 3644 3715 3697 et

312 3720 510 3799 λύγονά
566 3740 624 3776 τε
674 3720 765 3777 καὶ
816 3721 876 3775 οὗ
934 3716 1253 3798 πολύγονας
1315 3715 1581 3797 μακρόϐιά
1638 3739 1697 3775 τε
1730 3720 1815 3775 οιαὶ
1846 3717 1967 3775 ὀλι-

2069 3722 2383 3800 mprovida
2412 3721 2437 3782 ’ἶ
2468 3721 2755 3801 Quodque
2783 3723 2944 3801 prius
2968 3722 3284 3783 dicendum
3316 3729 3462 3793 erat,
3490 3718 3589 3800 qui
3623 3718 3706 3793 fit,

315 3809 526 3891 γόϐιας
594 3809 801 3886 Κάμνοι
846 3808 908 3865 ἂν
968 3808 1104 3885 ἡμῖν
1149 3810 1176 3865 ὁ
1220 3807 1382 3887 λόγος
1434 3820 1552 3872 τοῖς
1609 3810 1747 3865 κατὰ
1806 3809 1967 3890 μέρος

2069 3819 2116 3871 it
2148 3812 2263 3872 alia
2296 3812 2461 3873 humi
2490 3821 2753 3891 serpant,
2781 3813 2896 3874 alia
2930 3831 3181 3893 corpore
3205 3819 3366 3874 recto
3392 3810 3511 3873 sint
3539 3816 3567 3873 ?
3587 3810 3715 3885 Alia

308 3901 550 3969 ἐπεξιών.

2053 3908 2213 3962 certa
2245 3902 2388 3963 sede
2415 3902 2819 3985 acquiescant,
2857 3903 2973 3965 alia
3024 3905 3083 3963 in
3118 3911 3369 3981 utroque
3414 3901 3710 3962 elemento

310 3995 558 4077 degant?
587 3992 718 4057 Alia
748 3991 1059 4074 elegantiae
1090 3991 1352 4055 studiosa
1381 3992 1523 4070 sint,
1557 3992 1673 4055 alia
1695 3994 1916 4057 cultum
1952 4015 2192 4059 omnem
2225 4004 2542 4079 respuant?
2572 3998 2698 4061 Alia
2742 4000 3054 4078 conjugata
3108 3999 3250 4079 sint,
3286 3996 3400 4060 alia
3430 4014 3462 4058 a
3495 3996 3709 4075 conju-

308 4085 404 4166 gio
437 4083 837 4149 abhorreant?
868 4083 1007 4147 Alia
1036 4082 1250 4163 pudica
1284 4082 1430 4164 sint,
1463 4083 1579 4145 alia
1610 4083 1849 4148 libidini
1881 4085 2111 4148 dedita?
2162 4088 2292 4150 Alia
2338 4088 2783 4163 fecundissima,
2818 4090 2930 4150 alia
2980 4108 3185 4168 parum
3248 4086 3537 4150 fecunda?
3590 4086 3712 4147 Alia

309 4175 612 4237 diuturna;
639 4175 794 4257 vitae,
827 4174 943 4236 alia
971 4171 1200 4235 brevis?
1231 4172 1479 4235 Deﬁciet
1511 4190 1606 4236 me
1639 4191 1861 4256 sermo,
1898 4175 1947 4237 si
1980 4176 2285 4255 sigillatim
2318 4180 2519 4241 omnia
2553 4180 2830 4260 persequi
2861 4189 3104 4242 tentem.

400 4269 542 4331 KA'.
605 4271 808 4348 Σκέψαι
864 4293 956 4344 μοι
1013 4270 1101 4327 καὶ
1154 4271 1357 4336 νηκτὴν
1414 4269 1566 4347 φύσιν
1612 4274 1717 4325 τῶν
1773 4268 1972 4326 ὑδάτων

2142 4270 2345 4335 XXIV.
2378 4278 2500 4351 Age
2532 4272 2780 4353 piscium
2809 4292 3045 4353 quoque
3067 4280 3332 4334 naturam
3354 4269 3497 4332 mihi
3518 4269 3714 4332 consi-

321 4360 789 4435 διολισθαίνουσαν,
829 4362 917 4417 καὶ
974 4359 1096 4416 οἷον
1150 4359 1450 4435 ἱπταμένην
1501 4359 1637 4415 κατὰ
1666 4359 1763 4427 τῆς
1811 4362 1969 4440 δγρᾶς

321 4453 551 4533 φύσεως,
617 4452 705 4509 καὶ
748 4462 840 4511 τοῦ
894 4450 991 4528 μὲν
1039 4448 1169 4507 ἰδίου
1227 4456 1447 4507 σπῶσαν
1500 4450 1678 4525 ἀέρος,
1732 4452 1808 4525 τῷ
1837 4454 1966 4527 ἡμε-

322 4542 458 4623 τέρῳ
487 4540 541 4598 δὲ
572 4539 992 4614 κινδυνεύουσαν,
1028 4538 1207 4617 ὥσπερ
1265 4540 1354 4597 καὶ
1397 4541 1560 4617 ἡμεῖς
1591 4543 1646 4597 ἒν
1676 4554 1801 4606 ποϊς
1847 4541 1971 4598 ὅδαυ

312 4654 395 4689 σιν
433 4648 447 4663 ⁶
482 4631 588 4700 ἤθη
617 4653 675 4688 τε
734 4634 821 4689 καὶ
882 4633 1049 4706 πάθη,
1110 4631 1201 4686 καὶ
1259 4629 1449 4711 μίξεις,
1505 4631 1591 4686 καὶ
1649 4631 1834 4709 γονὰς,
1880 4635 1974 4689 καὶ

311 4722 533 4803 μεγέθη,
562 4722 651 4779 καὶ
687 4720 886 4793 κάλλη,
929 4719 1263 4802 φιλοχωρίας
1319 4741 1377 4775 τε
1426 4721 1515 4777 καὶ
1561 4718 1794 4795 πλάνας,
1855 4744 1972 4779 συν-

311 4812 462 4878 ὀδως
521 4834 579 4869 τε
636 4812 725 4870 καὶ
794 4812 1201 4892 ἀποχωρήσεις,
1277 4812 1367 4866 καὶ
1441 4807 1713 4878 ἰδιότητας
1784 4824 1973 4889 μικροῦ

309 4916 432 4966 τοῖς
499 4901 754 4980 ἐπιγείοις
804 4900 1197 4979 παραπλησίας,
1251 4897 1449 4956 ἔστιδὲ
1503 4901 1579 4957 ὦν
1639 4900 1728 4957 καὶ
1784 4902 1972 4959 κοινώ-

309 4993 445 5067 νίας,
481 4993 571 5050 καὶ
622 4988 890 5059 ἰδιότητας
950 4988 1272 5064 ἀντιθέτους,
1326 4989 1381 5045 ἒν
1426 5011 1485 5046 τε
1516 4988 1682 5045 εἴδεσι
1714 4992 1801 5047 καὶ
1856 4994 1973 5050 ὀνό-

397 5114 516 5197 (32)
551 5115 747 5175 Ταυτό.
776 5110 922 5194 Reg.
980 5112 1107 5191 bm,
1156 5112 1274 5175 duo
1308 5110 1477 5177 Colb.
1512 5121 1570 5174 et
1603 5112 1710 5178 0r.
1747 5114 1805 5189 1,
1841 5136 1972 5169 ταυ-

308 5221 423 5256 τον.

393 5276 518 5359 (33)
549 5282 666 5359 Τῶν
712 5276 926 5359 ἔξωθεν,
990 5273 1550 5359 λόγῳλθῐοηΒθε.
1606 5273 1811 5359 (ἔξω),
1868 5282 1974 5332 τῶν

310 5353 504 5450 ἔξωθεν
558 5358 757 5450 λόγων.
820 5356 1025 5450 ςγδι-Ξ
1062 5353 1312 5450 lectio”.
1360 5353 1555 5450 inquit
1602 5353 1810 5448 Οὐιοί),
1862 5374 1975 5450 qua

310 5435 689 5515 admissa,sic
714 5437 913 5502 vertit:
949 5437 1068 5500 «De
1097 5435 1347 5517 reliquis
1369 5435 1671 5512 sensibus,
1708 5436 1807 5518 qui
1840 5435 1977 5518 sunt

310 5520 581 5604 quaedam
600 5520 1005 5610 admissiones
1026 5521 1493 5610 rationum,quae
1514 5525 1681 5580 extra
1794 5517 1977 5610 rebus

312 5597 619 5677 summum
644 5601 893 5663 minime
914 5599 1106 5662 oculis
1123 5597 1590 5680 conspiciantur;
1624 5623 1648 5655 »
1677 5598 1791 5678 vel,
1824 5622 1843 5655 ο
1875 5601 1974 5680 qui

313 5682 567 5765 (sensus)
594 5683 775 5765 veluti
800 5683 1079 5745 fenestrae
1103 5679 1373 5765 quaedam
1407 5688 1577 5765 sunt,
1603 5679 1978 5761 excipiendis

313 5764 389 5827 iis
411 5760 779 5856 rationibus,
803 5782 938 5856 quae
968 5761 1343 5856 extrinsecus
1365 5760 1713 5839 adveniunt,
1746 5760 1975 5842 etquas

316 5846 545 5909 ratione
568 5841 998 5927 conspicimus,
1032 5841 1335 5927 destinati.
1374 5866 1401 5898 »

401 5927 527 6012 (34)
566 5923 857 6011 Διαφοράς.
890 5928 1036 6007 Reg.
1077 5943 1135 6007 ἃ,
1165 5923 1519 6005 ἀναστροφας.

2055 4362 2340 4443 dera,per
2364 4382 2548 4444 aquas
2576 4362 2991 4438 labentium,et
3013 4382 3119 4443 per
3136 4363 3426 4443 liquidum
3448 4362 3713 4425 elemen-

2058 4461 2204 4526 tum,
2228 4462 2290 4514 ut
2314 4452 2392 4513 ita
2420 4453 2639 4528 dicam,
2662 4453 3009 4528 volantium,
3037 4473 3103 4515 ac
3139 4454 3443 4534 proprium
3470 4452 3709 4533 quidem

2056 4562 2258 4604 aerem
2294 4551 2418 4605 tuto
2452 4544 2878 4617 haurientium,
2909 4546 2965 4605 in
3002 4553 3204 4605 nostro
3237 4552 3431 4604 autem
3468 4540 3711 4624 pericli-

2059 4633 2334 4707 tantium,
2353 4634 2863 4712 quemadmodum
2890 4652 2997 4695 nos
3024 4650 3263 4714 quoque
3285 4633 3343 4693 in
3371 4632 3543 4712 aquis
3564 4630 3717 4691 sole-

2058 4742 2188 4784 mus
2217 4743 2229 4782 :
2262 4742 2458 4784 mores
2482 4724 2662 4787 etiam
2692 4743 2925 4799 eorum,
2949 4734 3006 4785 et
3035 4726 3301 4795 ati'eetus,
3330 4731 3390 4784 et
3421 4722 3636 4801 coitus,
3659 4728 3713 4781 et

2056 4814 2498 4892 generationes,
2537 4824 2593 4874 et
2627 4816 3093 4892 magnitudines,
3122 4823 3180 4876 et
3214 4813 3711 4894 pulchritudines,

2055 4913 2246 4965 certas
2282 4904 2423 4966 item
2453 4905 2794 4967 mansiones
2817 4914 2875 4967 et
2899 4906 3331 4977 oberrationes,
3359 4920 3713 4981 congressus

2054 5013 2123 5055 ac
2156 4996 2530 5057 secessiones
2554 5006 2609 5058 et
2628 4997 3023 5076 proprietates
3047 4994 3426 5058 terrestribus
3448 4992 3717 5054 animan-

2144 5114 2269 5194 (35)
2329 5114 2722 5197 Ἀμαθέστατα.
2790 5117 2851 5178 In
2934 5115 3310 5197 quibusdam,
3394 5113 3712 5187 ἀμετάθετα,

2066 5216 2092 5255 α
2132 5195 2535 5257 immutabilia.
2581 5223 2606 5251 »

2143 5275 2267 5357 (36)
2304 5279 2840 5360 ζγέιιιένταχύτατκν
2876 5280 2941 5335 τά
2990 5276 3041 5360 δὲ
3108 5278 3391 5356 παχύτατκ
3450 5272 3548 5360 Si?
3583 5273 3717 5360 '93."

2063 5352 2518 5430 Leuvenklaius,
2583 5352 2650 5419 (δι’
2690 5359 2766 5418 ita
2820 5358 3133 5434 legendum
3190 5352 3479 5436 putamus.
3524 5352 3582 5414 In
3614 5354 3711 5415 ed.

2061 5438 2277 5517 legitur
2302 5446 2553 5516 tantum,
2588 5442 2652 5495 τὰ
2683 5439 2735 5494 δὲ
2772 5442 3064 5518 ταχύτατα,
3100 5440 3323 5502 Caetera
3354 5437 3590 5499 desunt.

2146 5518 2380 5600 (37),“
2426 5512 2546 5594 μὲῶ
2582 5512 3027 5599 (aula-mi."ch
3084 5519 3299 5581 desunt
3348 5518 3408 5579 in
3458 5519 3555 5600 ed.
3607 5512 3718 5600 _Sic

2062 5595 2260 5662 tamen
2292 5595 2608 5682 legendum
2637 5599 3013 5682 arbitramur,
3043 5600 3310 5682 quamvis
3341 5597 3576 5682 deficiat
3607 5595 3715 5657 hac

2060 5682 2120 5743 in
2158 5698 2226 5741 re
2256 5680 2527 5741 codicum
2556 5679 3243 5744 auctoritas.Antithesis
3275 5681 3465 5743 series
3494 5679 3553 5741 id
3586 5694 3718 5757 pos-

2062 5763 2253 5825 tulare
2285 5761 2538 5825 videtur.

2144 5842 2268 5923 (38)
2306 5833 2650 5924 Ἐρπυστικὰ.
2715 5841 2883 5908 Colb.
2949 5843 2985 5909 3
3052 5852 3111 5907 et
3166 5844 3271 5911 0r.
3334 5847 3391 5918 1,
3452 5844 3715 5923 ἑρπηστι-

2108 5926 2119 5943 Ι

2056 5947 2148 5989 κα,
