4126 6390
404 294 482 355 5‘9
1621 298 1681 359 S.
1730 298 1774 359 G
1789 294 2095 361 REGOHII
2144 302 2247 365 ΤΗ
2260 301 2524 367 EOLOGI
3705 305 3791 373 60

397 429 551 492 tibus
583 446 739 509 pene
770 429 1139 519 consimiles,
1177 429 1599 519 nonnullorum
1638 429 1814 493 etiam
1842 429 2040 493 socie-

2135 455 2310 507 μασιν.
2360 436 2567 512 Σκέψαι
2628 458 2719 512 μοι
2762 438 2851 494 καὶ
2901 438 3095 517 ὀρνέων
3144 438 3265 519 (39)
3312 439 3506 519 ἀγέλας
3539 443 3624 501 καὶ
3656 464 3789 500 ποι-

388 527 565 609 tates,
602 526 662 581 et
690 518 1039 609 contrarias,
1064 518 1276 609 tamin
1305 519 1516 583 formis
1542 537 1721 602 quam
1753 521 1813 582 in
1849 519 2042 581 nomi-

2135 523 2326 606 ιιλίας,
2370 524 2425 581 ἓν
2456 547 2513 582 τε
2546 529 2795 607 σχήμασι
2828 530 2915 584 καὶ
2946 518 3223 609 χρώμασι,
3435 552 3492 587 τε
3545 530 3787 609 ἀλάλων,

386 608 583 684 nibus,
617 608 1034 691 proprietates.
1068 608 1158 671 Ad
1191 608 1317 672 haec
1347 627 1562 690 greges
1594 610 1787 672 avium
1844 618 2038 672 tecum

2135 618 2209 671 ιαὶ
2252 621 2358 672 τῶν
2417 614 2667 690 ᾡδικῶν·
2736 619 2823 675 καὶ
2891 608 2983 683 τίς
3026 619 3120 688 -ιῆς
3176 621 3377 677 τούτων
3434 620 3696 697 μελῳδίας

386 709 618 781 reputa,
644 717 942 789 quamque
965 700 1126 761 varia
1151 707 1206 762 et
1232 700 1544 781 multiplici
1577 701 1763 779 ﬁgura
1783 702 1919 776 sint,
1946 718 2042 763 va-

2135 705 2305 783 θιόγος,
2360 707 2445 765 καὶ
2502 708 2643 785 παρά
2686 708 2872 780 τίνος,
2936 710 3012 773 τίς
3060 711 3089 766 6
3132 708 3249 775 δοὺς
3316 709 3516 789 τέττιγι
3558 711 3658 778 τὴν
3702 704 3793 768 ἐπὶ

390 789 614 871 riisque
646 788 949 852 coloribus
978 809 991 850 :
1030 789 1131 872 qui
1163 790 1288 867 ﬁat,
1322 800 1387 852 ut
1415 790 1531 853 alia
1561 799 1722 853 muta
1752 790 1893 871 sint,
1926 791 2041 854 alia

2135 796 2349 864 στήθους
2381 794 2593 874 μαγάδα
2625 796 2781 877 (40),
2818 798 2905 853 καὶ
2950 798 3015 853 τὰ
3065 797 3151 854 ἐπὶ
3182 804 3288 855 τῶν
3333 796 3541 855 κλάδων
3571 799 3789 875 ᾅσματα

390 898 608 943 canora
638 898 654 957 ;
688 898 939 961 quaeque
970 879 1181 942 horum
1214 880 1550 943 suavissimi
1596 890 1804 943 cantus
1834 880 1912 942 sit
1942 900 2046 945 ra-

390 970 561 1043 tio,et
584 988 620 1033 a
642 988 763 1051 quo
781 969 931 1032 hanc
952 968 1284 1032 facultatem
1306 970 1681 1053 acceperint?
1698 970 1841 1044 Quis
1859 970 2040 1052 lyram

385 1059 612 1123 cicadis
644 1058 705 1121 in
739 1068 982 1142 pectore
1012 1059 1199 1135 dedit,
1230 1068 1287 1121 et
1310 1069 1521 1123 cantus
1551 1059 1687 1121 illos
1718 1069 1892 1141 atque
1916 1080 2046 1141 gar-

386 1150 558 1225 ritus,
587 1170 756 1232 quos,
784 1169 916 1212 cum
952 1149 1283 1213 meridiano
1313 1150 1460 1212 solis
1483 1158 1626 1212 aestu
1650 1149 1720 1211 ad
1752 1151 2037 1213 musicam

2129 904 2185 940 τε
2242 884 2330 940 καὶ
2388 886 2761 964 τερετίσματα,
2823 885 2950 944 ὅταν
3029 886 3166 962 ἡλίῳ
3242 893 3488 945 κινῶιται
3546 890 3613 946 τὰ
3675 912 3782 966 με·

2128 971 2393 1050 σημϐρινὰ
2436 984 2906 1055 μουσουργοῦντες,
2963 978 3050 1033 καὶ
3100 981 3452 1058 καταφωνῶσι
3506 980 3571 1036 τὰ
3620 978 3787 1061 ach,

2126 1065 2213 1120 xui
2258 1061 2536 1144 ὁδοιπόρον
2580 1080 2702 1130 ταῖς
2764 1080 2970 1145 φωναῖς
3025 1068 3424 1147 παραπέμπωσι
3457 1088 3474 1148 ς
3508 1069 3596 1135 Τίς
3628 1071 3655 1125 6
3686 1070 3789 1127 κύ·-

2126 1176 2233 1227 κνῳ
2275 1154 2599 1236 συνυφαίνων
2642 1158 2743 1223 τὴν
2786 1155 2953 1231 ᾦδὴν,
3016 1156 3143 1214 ὅταν
3200 1158 3470 1235 ἐκπετάσῃ
3500 1160 3561 1215 τὸ
3593 1160 3791 1238 πτερόν

391 1240 738 1321 incitantur,
766 1240 827 1302 in
862 1239 1143 1301 arborum
1177 1239 1362 1302 ramis
1395 1239 1676 1317 fundunt,
1696 1260 1764 1302 ac
1798 1259 2042 1302 nemora

2135 1256 2245 1307 ταῖς
2292 1242 2495 1325 αἶ’)ραις,
2542 1247 2629 1301 καὶ
2682 1253 2812 1323 ποιῇ
2868 1246 3029 1323 μέλος
3092 1249 3151 1303 τὸ
3210 1248 3492 1326 σύριγμα;
3546 1247 3654 1305 Ἐὦ
3686 1251 3793 1330 γὰρ

392 1349 539 1392 sono
570 1329 845 1411 implent,
880 1338 937 1391 et
969 1330 1255 1391 viatorem
1289 1328 1530 1392 vocibus
1562 1330 2042 1411 prosequuntur?

2135 1332 2301 1411 λέγειν
2332 1335 2423 1399 τας
2453 1336 2661 1410 βιαίους
2695 1338 2899 1416 φωνὰς,
2954 1338 3044 1392 καὶ
3102 1336 3199 1393 ὅσα
3259 1337 3449 1417 τέχναι
3485 1328 3793 1417 σοφίζονται

387 1418 529 1493 Quis
560 1429 797 1482 cantum
833 1419 1000 1480 illum
1031 1438 1164 1480 cum
1204 1438 1389 1500 cygno
1421 1420 1702 1495 contexit,
1732 1439 1849 1500 quo
1884 1429 2037 1481 tem-

2135 1424 2260 1479 μιατά
2316 1429 2413 1490 τῆς
2446 1423 2720 1491 ἀληθείας.
2781 1424 2946 1482 Πόθεν
2978 1427 3145 1500 ταὼς,
3181 1428 3208 1483 6
3240 1425 3447 1497 ἀλαζὼν
3498 1428 3637 1505 ὄρνις
3696 1424 3790 1485 καὶ

390 1528 535 1591 pore
568 1509 781 1590 pennis
812 1510 871 1571 in
903 1528 1107 1571 auram
1149 1508 1426 1590 expansis
1460 1510 1753 1589 ejusmodi
1796 1509 2037 1571 sibilum

2135 1510 2367 1579 Μηδικὸς
2417 1514 2570 1595 (41),
2620 1514 2755 1572 οὕτω
2794 1514 3088 1593 φιλόκαλος
3146 1517 3233 1573 καὶ
3279 1514 3585 1596 φιλότιμος,
3648 1517 3793 1575 ὥστε

391 1599 536 1674 edit,
562 1598 664 1680 qui
696 1599 976 1661 carminis
1010 1599 1200 1661 instar
1249 1599 1367 1660 sit?
1397 1600 1565 1662 Mitto
1618 1599 1774 1661 enim
1808 1599 1938 1661 illas
1988 1599 2041 1660 vi

2135 1601 2242 1681 (καὶ
2301 1604 2400 1681 γὰρ
2434 1605 2753 1661 αἰσθάνεται
2805 1613 2897 1663 τοῦ
2954 1605 3147 1662 οἰκείου
3204 1604 3455 1677 κάλλους)
3505 1605 3631 1663 ὅταν
3697 1605 3794 1685 ἴδῃ

388 1706 705 1770 erpressas
731 1707 930 1768 voces,
955 1696 1013 1749 et
1031 1689 1317 1769 quidquid
1345 1698 1499 1751 artes
1523 1689 1808 1751 adversus
1834 1689 2042 1751 verita-

2135 1692 2247 1747 τινὰ
2305 1692 2694 1771 πλησιάζοντα,
2757 1695 2791 1764 ἢ
2856 1709 2980 1761 ταῖς
3037 1694 3271 1762 θηλείαις
3334 1696 3473 1769 (421,
3510 1696 3582 1760 ὥς
3635 1720 3792 1777 φασι,

390 1786 508 1841 tem
532 1779 840 1858 ingeniose
864 1779 1414 1840 comminiscuntur.
1450 1778 1563 1851 Qui
1589 1779 1652 1839 ﬁt
1672 1788 1735 1841 ut
1756 1797 2042 1859 arrogans

2135 1779 2538 1857 κολλωπίζεται,
2597 1786 2687 1840 τὸν
2748 1784 2951 1865 αὐχένα
3004 1782 3209 1863 διάρας,
3257 1787 3343 1842 καὶ
3374 1787 3435 1842 τὸ
3465 1786 3653 1861 πτερὸν
3687 1809 3795 1843 κυ-

387 1868 488 1931 ille
521 1878 577 1931 et
610 1867 878 1930 Medicus
930 1887 1072 1950 pavo
1107 1868 1456 1948 elegantiam
1491 1868 1861 1951 gloriamque
1893 1870 2041 1931 adeo

387 1958 649 2033 aﬁ‘ectet,
686 1966 749 2019 ut
781 1958 1014 2040 quoties
1058 1959 1314 2040 aliquem
1357 1958 1605 2040 propius
1655 1962 2040 2022 accedentem

386 2047 530 2109 διδ
592 2048 823 2125 viderit,
877 2057 977 2110 aut
1038 2048 1213 2110 etiam
1262 2049 1520 2125 feminis,
1567 2058 1628 2111 ut
1683 2048 1871 2131 aiunt,
1907 2067 2043 2111 sese

392 2146 692 2201 ostentare
741 2138 993 2199 voluerit
1024 2141 1161 2215 (nec
1210 2138 1369 2201 enim
1406 2138 1872 2221 pulchritudinis
1922 2158 2044 2201 suae

393 2230 638 2311 ignarus
680 2228 818 2309 est),
853 2229 1161 2291 confestim
1199 2229 1350 2291 elata
1406 2232 1661 2305 cervice,
1697 2238 1874 2311 atque
1905 2228 2037 2304 alis,

390 2338 519 2400 qua;
543 2336 792 2380 aureum
819 2318 1137 2399 quemdam
1163 2319 1451 2399 fulgorem
1479 2319 1764 2390 referunt,
1793 2338 1861 2381 ai-
1889 2318 2043 2381 side-

390 2428 522 2471 rum
554 2406 940 2488 splendorem
968 2408 1294 2490 imitantur,
1323 2409 1382 2470 in
1406 2407 1613 2472 orbem
1646 2408 2038 2484 concinnatis,

390 2498 658 2581 corporis
691 2496 784 2559 sui
820 2498 1323 2579 pulchritudinem
1358 2498 1599 2562 amasiis
1623 2498 1745 2562 suis
1776 2518 1907 2560 cum
1934 2517 2035 2559 su-

390 2591 579 2674 perbo
610 2593 866 2674 quodam
902 2592 1167 2667 incessu,
1198 2593 1362 2658 velut
1392 2592 1451 2655 in
1486 2592 2142 2676 tlicatro,spectandam
2172 2602 2492 2676 proponat?
2522 2596 2605 2658 Ac
2637 2596 2949 2678 Scriptura
2977 2594 3219 2677 quidem
3256 2613 3425 2658 sacra
3459 2596 3782 2660 mulierum

391 2682 451 2743 in
487 2682 876 2747 contexendis
931 2683 1064 2746 telis
1110 2683 1412 2746 solertiam
1448 2682 1538 2745 his
1570 2682 1769 2748 verbis
1813 2681 2148 2746 admiratur
2180 2702 2194 2744 :
2235 2684 2380 2758 Quis
2410 2685 2573 2749 dedit
2604 2685 2953 2748 mulieribus
2987 2694 3233 2748 textura:
3263 2684 3639 2767 sapientiam,
3675 2705 3781 2749 re-

388 2788 645 2853 rumque
676 2772 1088 2836 variandarum
1121 2773 1435 2838 scientiam
1466 2774 1564 2838 88?
1592 2773 1692 2836 Est
1719 2773 1877 2835 enim
1912 2773 2021 2835 hoc
2054 2771 2374 2837 animantis
2402 2776 2629 2839 ratione
2657 2776 2909 2858 praediti,
2945 2774 3279 2857 eximiaque
3327 2774 3622 2857 sapientia
3648 2776 3782 2839 ins-

390 2862 596 2935 tructi,
630 2871 810 2944 atque
829 2863 906 2926 ad
941 2884 1013 2927 co
1034 2863 1207 2926 lestia
1234 2882 1425 2945 usque
1453 2864 1795 2945 grassantis.

466 2954 641 3018 XXV.
682 2954 772 3018 Tu
803 2975 942 3019 vero
976 2955 1122 3018 mihi
1154 2957 1483 3020 naturalem
1506 2973 1747 3037 quoque
1778 2953 2042 3017 animan-

2212 2958 2338 3020 κε’.
2376 2960 2447 3016 Σὺ
2478 2958 2532 3016 δέ
2562 2981 2653 3035 μοι
2686 2960 2953 3034 θαύμασον
3002 2960 3088 3015 καὶ
3134 2958 3346 3038 ἀλόγων
3377 2960 3602 3039 φυσικὴν
3648 2960 3781 3016 σῦν-

398 3044 544 3109 tium
578 3044 827 3108 rationis
856 3047 1185 3127 expertium
1222 3047 1524 3109 solertiam
1557 3047 1822 3126 suspice,
1855 3043 2041 3106 ratio-

2135 3069 2236 3105 εσιν
2271 3048 2413 3127 (46),
2459 3049 2702 3113 καὶτοὺς
2760 3046 2979 3128 λόγους,
3040 3050 3083 3105 εἷ
3128 3047 3343 3105 δύνασαι
3408 3048 3552 3129 (47),
3598 3049 3777 3130 παρά-

394 3153 644 3217 nesque,
665 3134 713 3197 si
739 3136 1196 3217 potes,declara.
1224 3135 1534 3209 Quomodo
1560 3134 1831 3196 volucres
1856 3134 1913 3194 in
1945 3152 2042 3216 pe-

2135 3160 2347 3205 σττ,σον,
2384 3145 2503 3204 Πῶς
2537 3137 2633 3214 μὲν
2664 3138 2833 3217 ὄρνισι
2863 3137 3064 3212 καλιαὶ,
3114 3138 3298 3217 πέτραι
3348 3160 3405 3195 τε
3456 3141 3543 3195 καὶ
3574 3136 3787 3218 δένδρα,

390 3223 523 3306 tris,
554 3233 612 3285 et
640 3224 980 3302 arboribus,
1014 3244 1083 3287 ac
1116 3225 1290 3288 tectis
1320 3241 1438 3287 non
1485 3224 1681 3285 minus
1712 3224 2040 3303 elegantes,

2135 3230 2214 3285 καὶ
2275 3228 2481 3307 ὄροφοι,
2544 3230 2619 3290 εἰς
2672 3226 2963 3307 ἀσφάλειάν
3008 3250 3064 3284 τε
3121 3231 3255 3305 ὁμοῦ
3313 3229 3399 3284 καὶ
3456 3226 3655 3292 κάλλος
3704 3228 3785 3294 ἐξ·

2124 1869 2391 1951 κλοτερῶς
2436 1876 2763 1950 περιστήσας
2815 1876 2875 1931 τὸ
2939 1876 3241 1954 χρυσαυγὲς
3302 1876 3388 1932 καὶ
3439 1876 3791 1955 κατάστερον,

2124 1963 2377 2038 θεατρίζει
2438 1961 2561 2043 (43)
2610 1967 2672 2021 τὸ
2716 1962 2915 2025 κάλλος
2964 1978 3081 2030 τοῖς
3142 1963 3265 2044 (44)
3328 1964 3600 2045 ἐρασταῖς,
3654 1968 3797 2041 μετά

2125 2049 2351 2131 σοϐαροῦ
2408 2061 2502 2111 τοῦ
2558 2051 2935 2131 βαδίσματος;
2985 2052 3047 2109 ’Π
3115 2055 3214 2131 μὲν
3295 2054 3384 2112 οὖν
3439 2055 3551 2111 θεία
3610 2059 3797 2135 Γραφὴ

2124 2143 2212 2198 καὶ
2269 2150 2536 2219 γυναικῶν
2595 2144 2846 2218 θαυμάζει
2920 2144 3107 2223 σοφίαν
3178 2143 3278 2211 τὴν
3348 2147 3404 2200 liv
3461 2145 3791 2225 ὑφάσμασιν,

2126 2231 2213 2294 Τίς
2297 2229 2482 2312 ἔδωκε,
2558 2231 2809 2311 λέγουσα,
2908 2231 3137 2311 γυναιξὶν
3206 2234 3517 2314 ὑφάσματος
3602 2235 3792 2313 σοφίαν

2125 2322 2213 2377 καὶ
2271 2321 2614 2390 ποικιλτικὴν
2674 2323 3035 2403 ἐπιστήμην,
3115 2324 3259 2381 Ζώου
3318 2322 3537 2403 λογικοῦ
3604 2324 3790 2407 τοῦτο,

2124 2412 2213 2465 καὶ
2244 2422 2495 2489 περιττοῦ
2529 2413 2626 2481 τὴν
2658 2415 2868 2493 σοφίαν,
2900 2412 2987 2470 καὶ
3021 2411 3184 2493 μέχρι
3227 2419 3323 2469 τῶν
3376 2414 3627 2493 οὖρανίων

2126 2497 2421 2565 ὁδεύοντος.

390 3332 564 3396 quam
596 3322 775 3389 tutos,
799 3322 857 3376 et
885 3313 1117 3376 alendis
1151 3314 1327 3397 pullis
1358 3314 1840 3378 accommodatas
1874 3313 2045 3375 nidos

389 3402 745 3468 elaborant?
772 3403 943 3468 Unde
975 3404 1189 3486 apibus
1220 3414 1277 3466 et
1326 3405 1560 3467 araneis
1593 3413 1790 3466 tantus
1822 3402 2046 3465 laboris

389 3502 566 3575 atque
602 3492 909 3556 industriae
943 3513 1134 3571 amor,
1170 3503 1233 3555 ut
1264 3494 1380 3557 illae
1409 3495 1649 3576 quidem
1697 3494 1859 3556 favos
1892 3512 2042 3555 con-

385 3592 645 3661 struant,
670 3602 738 3646 ac
768 3584 1224 3663 sexangularum
1251 3584 1610 3663 ﬁstularum,
1633 3582 1865 3665 sibique
1896 3582 2039 3644 invi-

388 3690 516 3735 cem
552 3692 623 3736 ex
655 3673 903 3736 adverso
948 3673 1467 3754 respondentium,
1502 3674 1856 3754 adjumento
1891 3692 2040 3735 con-

390 3762 640 3836 tineant,
675 3773 733 3826 et
766 3783 872 3845 per
902 3765 1321 3827 intermedium
1378 3764 1689 3846 parietem,
1721 3773 1897 3845 atque
1929 3782 2041 3825 an-

387 3853 554 3933 gulos
585 3856 764 3916 rectis
795 3852 1085 3916 lateribus
1116 3854 1453 3917 alternatim
1489 3854 1738 3917 innexos
1789 3852 2042 3914 domici-

389 3943 531 4006 lium
568 3961 739 4007 suum
771 3943 1035 4025 fulciant,
1070 3944 1250 4026 idque
1288 3945 1349 4006 in
1386 3953 1501 4007 tam
1555 3942 1901 4024 caliginosis
1945 3943 2039 4005 al-

384 4031 660 4095 vearibus
683 4032 1071 4115 obscurisque
1092 4034 1389 4114 ﬁgmentis
1415 4057 1428 4096 :
1458 4034 1589 4097 ista:
1609 4047 1809 4097 autem
1833 4051 2043 4096 rursus

389 4141 495 4204 per
517 4141 704 4204 usque
734 4122 883 4185 adeo
911 4123 1110 4185 tenuia
1132 4132 1189 4185 et
1215 4124 1456 4187 subtilia
1480 4125 1733 4187 stamina
1758 4122 2043 4204 mubipli-

2126 3319 2460 3397 ησκημέναι,
2518 3319 2606 3375 καὶ
2667 3316 2786 3381 τοῖς
2834 3318 3171 3398 τρεφομένοις
3221 3316 3583 3399 ἐπιτηδείως,
3621 3319 3785 3375 Πόθεν

2126 3406 2180 3464 δὲ
2227 3407 2503 3485 μελίσσαις
2534 3429 2591 3463 τε
2623 3409 2710 3463 καὶ
2772 3408 3033 3488 ἀράχναις
3092 3410 3152 3465 τὸ
3199 3406 3447 3488 φιλεργὸν
3490 3410 3576 3465 καὶ
3626 3407 3785 3489 φιλό-

2128 3520 2345 3579 τεχνον,
2376 3496 2471 3555 ’ίνα
2514 3512 2635 3562 ταῖς
2683 3498 2779 3574 μὲν
2836 3501 2902 3555 τὰ
2964 3499 3121 3577 κηρία
3181 3497 3470 3574 πλέκηται,
3532 3500 3620 3555 καὶ
3670 3520 3785 3554 συν-

2128 3588 2324 3669 έχηται
2355 3585 2421 3643 δι’
2456 3586 2733 3665 ἐξαγὼνων
2795 3592 3056 3667 συρίγγων
3110 3589 3196 3645 καὶ
3253 3587 3635 3669 ἀντιστρόφων,
3696 3589 3787 3644 καὶ

2125 3681 2186 3735 τὸ
2217 3676 2423 3758 ἑδραῖον
2456 3680 2670 3752 αὐταῖς,
2702 3676 2785 3733 διὰ
2843 3685 2935 3736 τοῦ
2989 3677 3154 3753 μέσου
3204 3675 3639 3757 διατειχίσματος
3697 3678 3786 3734 καὶ

2127 3767 2364 3847 ἀλλαγῆς
2427 3765 2864 3843 ἐπιπλεκομένων
2922 3781 3046 3831 ταῖς
3108 3768 3328 3831 εὐθείαις
3389 3773 3493 3822 τῶν
3544 3768 3780 3846 γωνιῶν,

2128 3859 2597 3938 πραγματεύηται,
2656 3859 2744 3915 καὶ
2830 3865 2994 3914 ταῦτα
3063 3862 3123 3914 ἓν
3180 3866 3423 3937 ζοφεροϊς
3476 3857 3614 3914 οὕτω
3666 3870 3783 3921 τοῖς

2127 3946 2366 4023 σίμϐλοις
2400 3949 2486 4004 καὶ
2524 3946 2768 4027 ἀοράτοις
2798 3961 2917 4010 τοῖς
2950 3945 3256 4025 πλάσμασιν
3292 3945 3411 4026 (48)
3436 3962 3449 3975 '
3488 3948 3539 4002 ui
3570 3946 3625 4003 δὲ
3656 3946 3781 4027 (49)

2125 4036 2209 4095 διὰ
2266 4037 2476 4094 λεπτῶν
2518 4038 2654 4093 οὕτω
2711 4039 2799 4095 καὶ
2859 4038 3047 4117 ἀερίων
3103 4035 3296 4117 σχεδὸν
3355 4035 3460 4092 τῶν
3527 4038 3784 4110 νημάτων

2126 4125 2420 4192 πολυειδῶς
2478 4125 2894 4207 διατεταμένων,
2982 4125 3349 4189 πολυπλόκους
3426 4126 3548 4189 τοὺς
3604 4126 3777 4190 ἱστοὺς

386 4211 536 4273 citer
552 4212 786 4275 iutensa
803 4213 1072 4275 sinuosas
1094 4213 1240 4275 telas
1264 4222 1577 4278 contexant
1604 4214 1686 4295 (et
1704 4211 1946 4295 quidem
1971 4232 2039 4276 ex

2135 4216 2453 4295 ἐξυφαίνουσι
2509 4218 2630 4297 (51))
2682 4219 2787 4298 (καὶ
2845 4224 3010 4274 ταῦτα
3070 4216 3121 4281 ἐξ
3170 4216 3385 4307 ἀφανῶν
3421 4221 3519 4270 τῶν
3552 4215 3780 4307 ἅρχων),

386 4311 504 4364 tam
530 4303 757 4383 exiguis
780 4302 1071 4383 initiis;ut
1091 4303 1188 4366 vix
1214 4303 1331 4366 ulla
1356 4304 1666 4367 oculorum
1691 4302 1824 4367 acie
1851 4304 2042 4382 pervi-

385 4390 512 4454 deri
540 4395 952 4474 possint),quaz
970 4393 1116 4475 ipsis
1134 4398 1197 4459 et
1213 4413 1322 4477 pro
1341 4394 1556 4457 eximio
1573 4392 1829 4475 quodam
1852 4393 2043 4455 domi-

389 4480 527 4543 cilio
555 4482 697 4558 sint,
714 4489 772 4544 et
795 4481 1401 4547 venandisalimonize
1426 4502 1602 4546 causa
1624 4481 2042 4548 imbecilliori-

472 4603 675 4669 8510b
708 4623 959 4681 xxxvm,
996 4605 1098 4671 36.

467 4726 585 4804 (39)
612 4725 859 4805 Ὀρνέων.
894 4725 998 4791 Or.
1041 4729 1104 4801 7,
1140 4729 1373 4795 ὀρνίθων.

472 4807 597 4888 (40)
635 4807 881 4890 Μαγάδᾳ.
945 4807 1147 4873 Schol.
1179 4827 1193 4870 Ζ
1256 4812 1441 4890 Μαγάς
1500 4812 1713 4890 κυρίως,
1748 4814 1783 4880 ᾗ
1812 4817 1917 4873 τῶς
1951 4834 2043 4866 γι-

384 4889 546 4970 θάρας
578 4890 665 4970 xui
695 4888 793 4957 τῆς
828 4888 985 4970 λύρας
1011 4892 1173 4970 ἡγτάς
1222 4888 1404 4965 νεύρας
1462 4888 1793 4970 βαστάζουσα
1841 4892 1985 4956 σανίς
2024 4906 2040 4921 ⁸

395 4995 419 5025 «
459 4968 703 5048 Proprie
765 4978 854 5029 est
915 4968 1235 5033 tabulatum
1297 4968 1540 5034 citharae
1585 4973 1673 5035 vel
1733 4971 2048 5033 testudinis

390 5049 642 5111 chordas
666 5048 992 5113 sustinens.
1033 5074 1056 5109 ι

470 5130 606 5210 (41)
637 5129 893 5215 Μηδικὸς.
950 5128 1241 5215 Sic_pavo
1274 5132 1626 5212 appellatur,
1661 5132 1819 5215 quod
1855 5151 1887 5194 e
1917 5131 2043 5193 Me-

391 5209 605 5272 dorum
640 5210 884 5289 regione
915 5213 993 5272 sit
1022 5209 1256 5274 allatus.

467 5290 588 5367 (42)
619 5290 703 5348 ’Ἦ
736 5306 859 5354 ταῖς
888 5291 1146 5359 θηλείαις.
1204 5290 1310 5354 Hic
1365 5293 1598 5356 videtur
1653 5293 1887 5366 deesse,
1924 5295 2047 5351 ἐπι-

389 5369 681 5457 δείκνυσθαι
711 5372 1009 5457 βούληται,
1028 5382 1128 5457 au_t
1157 5373 1356 5457 simile
1383 5375 1548 5457 quid.
1582 5375 1746 5437 EDlT.

471 5451 598 5535 (43)
630 5454 921 5533 Θεατρίζει.
952 5455 1050 5517 Sic
1084 5452 1260 5516 Coisl.
1310 5462 1359 5529 ι,
1400 5451 1519 5521 ὈΓ.
1576 5465 1631 5534 1,
1668 5461 1786 5520 etc.
1822 5453 1884 5516 In
1919 5453 2049 5535 ed.,

390 5534 695 5611 θεατρίζειν,

471 5613 591 5689 (44)
624 5624 776 5679 Τοῖς.
810 5612 1012 5690 Forte,
1044 5629 1194 5683 ταῖς.
1233 5619 1395 5680 Εοιτ.

476 5694 595 5776 (45)
625 5696 913 5774 Οὖρανίων.
949 5696 1011 5757 ln
1044 5697 1427 5778 quibusdam,
1457 5700 1712 5779 οὐρανῶν,
1756 5720 1778 5749 ι
1820 5696 1889 5757 ad
1923 5716 2045 5761 C(13-

2126 4307 2338 4374 οἵκησίν
2371 4328 2426 4363 τε
2473 4310 2607 4382 ὁμοῦ
2636 4309 2838 4385 τιμίαν,
2886 4308 2975 4363 καὶ
3013 4308 3177 4385 θήραν
3218 4306 3323 4361 τῶν
3356 4306 3585 4362 ἀσθενῶν
3637 4305 3784 4386 (51),

2127 4399 2200 4460 εἷς
2245 4401 2444 4477 τροφῆς
2478 4397 2606 4477 (52)
2640 4396 2933 4457 ἀπόλαυσιν
2973 4416 2989 4472 ;
3024 4404 3184 4458 Ποϊος
3242 4392 3522 4462 Εὖκλεξδης
3577 4395 3782 4470 ἐμιμή-

2127 4509 2258 4545 σατο
2311 4492 2499 4561 ταῦτα,
2560 4500 2838 4566 γραμμαῖς
2907 4484 3282 4567 ἐμφιλοσοφῶν
3338 4497 3461 4547 ταῖς
3523 4484 3619 4541 οὒκ
3688 4485 3785 4541 οῦ·-

2128 4729 2219 4791 los
2251 4727 2577 4791 tendentis.
2614 4751 2644 4786 ι

2214 4809 2336 4889 (46)
2369 4810 2608 4868 Σύνεσιν.
2645 4808 2795 4871 Tres
2825 4808 3025 4891 Colb,
3056 4806 3241 4873 Coisl.
3281 4806 3302 4869 1
3343 4811 3402 4869 et
3425 4803 3661 4882 Comb.,
3698 4805 3789 4863 κί-

2128 4914 2302 4962 νησιν,
2347 4913 2369 4946 ι
2405 4898 2658 4953 motum.
2697 4914 2724 4946 ι

2206 4972 2330 5047 (47)
2365 4973 2422 5030 Et
2453 4970 2691 5033 δύνασαι.
2723 4972 2902 5035 Deest
2925 4974 2984 5035 in
3019 4968 3295 5051 pluribus
3321 4966 3500 5030 codd.

2210 5045 2341 5132 (48)
2372 5052 2678 5132 Πλάσμασι,
2769 5045 3115 5131 Legendum
3206 5048 3463 5132 videtur,
3520 5045 3792 5132 ’πλέγμα-

2128 5127 2266 5207 σι,’σ
2306 5127 2479 5195 textis
2503 5127 2773 5195 calathis.
2813 5127 3282 5197 nvAlveariorum
3325 5128 3485 5191 enim
3520 5127 3648 5190 hac
3702 5132 3795 5188 est

2130 5211 2473 5292 descriptio.

2243 5295 2342 5375 49)
2379 5292 2543 5375 Αιδέ.
2576 5292 2679 5357 Or.
2718 5296 2855 5375 1,91

2241 5372 2336 5439 50l
2372 5372 2769 5455 Ἐξυιραίνουαιί
2784 5372 2887 5437 Or.
2908 5376 2984 5455 ,1,
3018 5373 3348 5455 ἐξυφαίνωσι.

2217 5448 2658 5533 (’51)Ἀσθὲνῶν.
2692 5454 2837 5534 Reg.
2902 5454 3023 5529 bm,
3095 5448 3153 5516 et
3207 5451 3309 5517 Or.
3374 5452 3400 5512 1
3468 5448 3787 5507 ἀσθενεστέ-

2161 5557 2256 5597 ων,

2130 5558 2340 5695 Pu’53?)
2374 5616 2603 5696 Τροφῆς.
2654 5618 2717 5679 In
2749 5615 3129 5699 quibusdam,
3186 5620 3407 5697 τρυφῆς,
3475 5635 3497 5669 ι
3537 5608 3788 5673 delicia-

2131 5713 2285 5758 rum.
2324 5721 2352 5753 υ
