4126 6424
274 342 350 409 61

1294 345 1574 412 ORATIO
1618 341 1887 411 XXVIII.
1936 377 2012 388 —
2057 344 2537 410 THEOLOGICA
2584 344 2655 408 II.

3588 343 3671 409 62

276 501 407 543 σαις
473 476 619 561 (53),
674 480 761 535 καὶ
816 478 1034 555 κάμνων
1092 477 1146 534 ἐν
1207 490 1327 542 ταῖς
1363 475 1766 559 ἁπποδείξεσιν,
1800 476 1945 543 Tim;

2037 474 2141 537 bus
2157 475 2555 539 animantibus
2573 477 3139 561 insert-iant'mcqnis
3160 479 3325 540 Eucli
3356 479 3563 540 lesliuc
3584 496 3670 539 :ir-

276 567 645 646 Παλαμήδους
705 567 833 641 (54)
888 568 1114 629 τακτικὰ
1154 567 1428 641 κινήματά
1477 590 1534 625 τε
1564 570 1653 625 καὶ
1681 567 1943 649 σχήμᾶτα

274 659 551 739 γεράνων,
603 658 677 724 ὥς
727 680 886 740 φασι,
937 658 1025 716 καὶ
1081 666 1246 717 ταῦτα
1298 656 1631 735 παιδεύματα
1689 656 1940 735 κινουμέ-

271 769 389 804 νων
436 748 490 805 ἐν
545 747 710 825 τάξει,
792 750 880 805 καὶ
940 748 1074 825 μετὰ
1161 747 1407 817 ποικίλης
1466 754 1563 816 τῆς
1643 749 1942 837 att-(cem;

276 844 446 895 Ποϊοι
502 836 729 914 Φειδίαι,
777 839 866 895 καὶ
935 837 1158 911 ζεύξιδες
1214 837 1367 911 (55),
1442 839 1534 896 καὶ
1578 836 1939 916 Πολύγνωτοι,

277 927 575 1007 Παρῤάσιοί
624 927 685 985 τέ
754 950 895 995 τινες
951 930 1050 986 καῖ
1101 927 1530 1011 Ἀγλαόφωντες,
1591 927 1767 996 κάλλη
1827 928 1942 1003 μεθ’

272 1017 583 1099 ὑπερϐολῆς
614 1019 833 1101 γράφειν
862 1020 950 1076 καὶ
1007 1019 1259 1077 πλάττειν
1313 1018 1560 1094 εἰδότες;
1616 1020 1703 1085 Τίς
1756 1020 1943 1078 Κνώσ-

277 1130 400 1177 σιος
434 1108 549 1186 (56)
584 1108 847 1167 Δαιδάλου
878 1110 1044 1191 χορὸς
1093 1110 1427 1192 ἐναρμόνιος,
1476 1111 1654 1191 νύμφῃ
1700 1112 1946 1177 πονηθεὶς

277 1201 357 1264 εἷς
443 1199 670 1264 κάλλους
749 1201 1104 1279 περιουσίανς
1173 1200 1211 1270 ἢ
1296 1198 1598 1281 λαϐύρινθος
1681 1203 1944 1281 Κρητικὸς

277 1287 614 1357 δυσ-διέξοδος
673 1292 761 1348 καὶ
833 1288 1164 1372 δυσὲλικτος,
1226 1297 1522 1359 ποιητικῶς
1595 1292 1791 1367 εἰπεῖν,
1863 1293 1949 1348 καὶ

275 1377 550 1446 πολλάκις
585 1378 705 1452 (57)
738 1381 990 1439 ἁπάντων
1061 1384 1232 1456 ἐαυτῷ
1284 1395 1400 1449 τοῖς
1458 1386 1557 1449 τῆς
1602 1381 1804 1461 τέχνης
1851 1404 1946 1438 σο-

274 1469 540 1549 φίσμασιν
580 1490 597 1547 ;
636 1471 732 1530 Καὶ
777 1477 967 1528 σιωπῶ
1026 1472 1323 1552 μυρμήκων
1350 1472 1553 1548 ταμετά
1584 1470 1707 1550 (58)
1751 1493 1808 1528 τε
1861 1472 1949 1529 καὶ

275 1559 511 1636 ταμίας,
571 1562 658 1617 καὶ
727 1562 1087 1640 θησαυρισμὸν
1162 1562 1359 1642 τροφῆς
1437 1568 1514 1637 τῷ
1571 1568 1739 1639 καιρῷ
1807 1560 1947 1637 σύμ-

278 1670 507 1729 μετρον,
543 1649 711 1708 τᾶλλα
754 1673 812 1707 τε
844 1650 943 1708 ὅσα
990 1652 1108 1723 περὶ
1158 1650 1293 1708 ὁδῶν
1324 1654 1412 1709 καὶ
1456 1653 1573 1732 περὶ
1601 1650 1731 1730 (59)
1776 1652 1942 1731 ἡγου-

280 1742 489 1820 μένων,
551 1744 642 1801 καὶ
699 1750 797 1813 τῆς
857 1746 914 1801 ἑν
968 1758 1088 1809 τοῖς
1147 1744 1319 1825 ἔργοις
1397 1745 1632 1809 εὒναξὶας
1708 1743 1945 1823 ἔγνωμεν

271 1833 653 1912 ⁴ἱστορούμενα,

2030 565 2273 628 tiﬁcium
2298 586 2561 649 unquam
2584 567 2871 630 imitando
2897 568 3210 650 expressit,
3232 568 3308 630 de
3331 568 3507 631 lineis
3530 585 3670 649 per-

2029 664 2289 720 tractans
2313 678 2597 740 nusquam
2627 659 3205 741 exstantibus,atque
3225 660 3282 721 in
3305 659 3675 722 demonstra-

2033 747 2292 809 tionibus
2310 749 2481 809 anxio
2500 748 2706 813 labore
2724 748 3284 830 desudans?Ecquis
3303 749 3669 818 Palamedes,

2029 836 2127 916 qui
2151 837 2322 899 etiam
2348 839 2496 900 aciei
2525 839 2891 901 instruendae
2913 848 3125 920 artem,
3142 857 3209 901 ac
3235 847 3432 901 motus
3454 848 3509 899 et
3532 840 3676 918 ligu-

2026 944 2146 1001 ras,
2178 927 2354 990 nullis
2388 928 2521 990 aliis
2552 929 3021 1010 praeceptoribus
3044 948 3216 1011 quam
3244 928 3512 1008 gruibus,
3533 946 3678 991 usus

2030 1016 2310 1078 didicisse
2342 1018 2549 1093 fertur,
2578 1037 2711 1081 cum
2748 1019 3024 1080 videlicet
3056 1038 3155 1080 eas
3185 1018 3392 1081 ordine
3417 1038 3483 1079 ac
3522 1018 3679 1079 mul-

2034 1108 2215 1188 tiplici
2238 1111 2464 1173 volatus
2490 1130 2716 1193 genere
2740 1112 2960 1173 moveri
2984 1110 3412 1193 perspexisset?
3428 1111 3677 1184 Quinam

2033 1199 2281 1277 Phitlim,
2309 1213 2365 1263 et
2394 1202 2705 1274 Zeuxides,
2735 1212 2791 1263 et
2813 1202 3143 1283 Polygnoti,
3172 1201 3468 1265 Parrhasii
3500 1203 3676 1263 etiam

2034 1297 2091 1350 et
2120 1290 2579 1371 AglaOphontes,
2613 1291 2713 1373 qui
2746 1291 3085 1353 incredibili
3134 1294 3385 1373 quadam
3429 1292 3677 1371 elegan-

2036 1379 2177 1442 tium
2216 1382 2537 1443 formarum
2565 1382 2993 1461 pingendarum
3018 1390 3075 1443 et
3095 1383 3552 1463 sculpendarum
3580 1400 3651 1461 pe

2032 1471 2166 1533 ritia
2199 1472 2592 1537 claruerunt?
2637 1473 2779 1545 Quis
2813 1475 3098 1536 Gnossius
3143 1472 3285 1534 516
3318 1474 3479 1537 Daadi
3528 1473 3678 1534 cho-

2032 1579 2133 1622 rus
2163 1562 2233 1623 ad
2270 1562 2528 1626 musicos
2574 1582 2855 1625 numeros
2889 1582 3021 1625 sese
3072 1583 3333 1625 movens.
3373 1563 3431 1624 in
3469 1562 3679 1644 puellae

2032 1653 2281 1730 gratiam
2308 1654 2379 1714 ad
2405 1670 2641 1715 omnem
2664 1655 2808 1716 artis
2840 1654 3343 1723 pulchritudinem
3371 1654 3680 1714 confectus

2031 1756 2089 1804 et
2123 1742 2453 1823 expolitus?
2476 1742 2619 1816 Quis
2644 1745 2943 1807 Cretensis
2974 1742 3367 1825 labyrinthus,
3396 1749 3459 1805 ut
3486 1751 3682 1822 poeta-

1974 1839 2009 1888 B
2033 1852 2162 1893 rum
2197 1853 2362 1895 more
2394 1834 2622 1915 loquar,
2651 1833 2923 1895 difﬁciles
2954 1835 3145 1895 exitus
3176 1842 3232 1896 et
3263 1832 3541 1912 ambages
3566 1833 3677 1893 ha-

279 1923 458 2003 bens,
492 1925 941 2009 identidemque
982 1927 1044 1989 in
1094 1945 1227 1991 sese
1280 1945 1388 2010 per
1436 1927 1580 1991 artis
1627 1926 1981 1990 industriam
2027 1925 2377 1988 incurrens?
2414 1926 2605 1989 Taceo
2660 1927 3038 1989 formicarum
3077 1927 3325 2006 penuria
3350 1944 3680 2006 eorumque

277 2016 565 2079 custodes
596 2026 654 2079 et
684 2017 951 2082 alimenti
983 2018 1414 2100 aggestionem,
1438 2019 1696 2100 tempori
1742 2016 2234 2100 reSpondentem,
2272 2037 2339 2080 ac
2373 2027 2587 2079 caetera
2618 2037 2684 2079 ea
2718 2037 2871 2098 quae,
2902 2026 2957 2079 et
2984 2018 3059 2079 de
3091 2034 3294 2079 carum
3334 2015 3439 2077 viis
3462 2033 3528 2076 ac
3562 2015 3677 2076 du-

278 2110 479 2181 cibus,
510 2117 663 2172 eteo
697 2107 934 2185 ordine,
969 2128 1145 2190 quem
1179 2108 1238 2171 in
1269 2108 1555 2191 operibus
1583 2116 1839 2190 servant,
1864 2105 2242 2170 historiarum
2278 2107 2684 2170 monumentis
2715 2108 3059 2188 consignata
3090 2116 3248 2170 sunt.

370 2199 519 2278 κζ’.
559 2204 615 2261 EI
642 2204 843 2260 τούτων
875 2203 1090 2283 ἐφικτὸς
1121 2205 1149 2260 ὃ
1207 2202 1366 2283 λόγος
1427 2226 1535 2277 σοι,
1581 2205 1670 2263 καὶ
1699 2205 1795 2274 τὴν
1826 2205 1944 2283 περὶ

278 2296 449 2350 ταῦτα
510 2294 715 2350 σύνεσιν
773 2292 959 2374 ἔγνως,
1024 2294 1218 2371 σκέψαι
1298 2296 1386 2352 καὶ
1438 2295 1611 2376 φυτῶν
1666 2294 1941 2376 διαφορὰς,

281 2382 452 2465 μέχρι
496 2384 585 2441 καὶ
643 2389 743 2451 τῆς
790 2386 846 2440 ἒν
897 2382 1118 2465 φύλλοις
1164 2382 1532 2465 φιλοτεχνίας,
1580 2386 1712 2464 πρὸς
1742 2387 1804 2441 τὸ
1834 2384 1942 2452 ἥδι-

282 2472 411 2529 στόν
441 2494 497 2529 τε
528 2473 639 2546 ἅμα
670 2477 792 2537 ταῖς
824 2472 1003 2552 ὄψεσι,
1047 2476 1136 2532 καὶ
1179 2488 1297 2540 τοῖς
1353 2488 1583 2549 καρποῖς
1645 2477 1939 2557 χρησιμώ-

285 2586 471 2623 τατον.
531 2563 734 2641 Σκέψαι
796 2587 886 2641 μοι
939 2565 1027 2622 καὶ
1083 2565 1302 2643 καρπῶν
1361 2564 1628 2622 ποικιλίαν
1657 2566 1746 2623 καὶ
1775 2566 1939 2646 ἀφθο-

284 2655 427 2727 νίαν,
482 2655 570 2711 καὶ
623 2653 855 2731 μάλιστα
911 2656 1017 2712 τῶν
1074 2655 1509 2734 ἀναγκαιοτάτων
1537 2657 1599 2712 τὸ
1629 2655 1938 2720 κάλλιστον,

287 2746 390 2802 Καὶ
431 2744 626 2821 σκέψαι
653 2767 744 2821 μοι
773 2746 861 2801 καὶ
916 2742 1164 2822 δυνάμεις
1222 2746 1400 2824 ῥιζῶν,
1460 2748 1546 2803 καὶ
1593 2753 1810 2828 χυμῶν,
1856 2750 1942 2804 καὶ

285 2834 512 2915 ἀνθέων,
566 2836 653 2892 καὶ
703 2833 903 2911 ὀδμῶν,
964 2834 1068 2916 οὐχ
1143 2832 1361 2892 ἐδίστων
1424 2836 1607 2912 μόνον,
1662 2834 1800 2894 ἆλλὰ
1856 2840 1943 2894 καὶ

283 2926 419 3005 πρὶς
472 2924 672 3005 ὑγίειαν
729 2924 1067 3001 ἐπιτηδείων,
1150 2927 1238 2983 καὶ
1322 2927 1627 3007 χρωμάτων
1713 2927 1941 3009 χάριτας

282 3016 375 3072 καὶ
431 3016 750 3090 ποιότητας,
798 3014 875 3072 ἔτι
920 3014 975 3072 δὲ
1038 3016 1197 3073 λίθων
1253 3015 1598 3083 πολυτελείας
1651 3020 1738 3075 καὶ
1791 3016 1943 3075 διαυ-

282 3105 433 3183 γείας
467 3122 481 3136 ·
515 3104 696 3177 ἐπειδή
732 3128 815 3163 σοι
874 3106 1048 3163 πάντ»
1099 3105 1418 3187 προῦθηκεν,
1472 3107 1652 3186 ὥσπερ
1704 3110 1759 3164 ἓν
1801 3131 1943 3165 παν-

292 3194 468 3269 δαισίει.
499 3203 678 3274 κοινῇ,
722 3196 822 3253 ὅσα
874 3219 933 3253 τε
979 3196 1256 3274 ἀναγκαῖα
1310 3197 1398 3253 καὶ
1460 3196 1559 3254 ὅσα
1612 3199 1744 3278 πρὸς
1801 3198 1941 3256 ἆπό-

2108 2200 2314 2265 XXVI.
2351 2202 2517 2275 Quod
2554 2203 2604 2263 si
2649 2203 2858 2264 horum
2894 2203 3160 2263 omnium
3216 2202 3476 2264 rationes
3508 2220 3678 2262 asse-

2026 2294 2252 2374 qUeris,
2278 2312 2345 2354 ac
2379 2293 2754 2374 prudentiam
2792 2313 2947 2368 eam,
2974 2313 3088 2376 qua
3120 2292 3552 2374 gubernantur,
3582 2310 3680 2352 co-

2026 2385 2246 2460 gnitam
2284 2391 2341 2444 et
2373 2384 2735 2465 exploratam
2771 2384 2980 2458 habes,
3016 2384 3219 2445 confer
3242 2384 3367 2464 jam
3407 2381 3672 2442 animum

2026 2472 2096 2535 ad
2123 2473 2281 2535 varia
2304 2473 2578 2554 stirpium
2607 2493 2849 2553 genera,
2870 2474 3304 2554 artiﬁciumque
3331 2478 3503 2533 etiam
3531 2469 3673 2532 illud

2028 2564 2319 2645 expende,
2342 2565 2501 2644 quod
2527 2564 2681 2625 foliis
2714 2564 2857 2645 ipsis
2882 2564 3056 2638 inest,
3084 2563 3383 2645 simulque
3407 2573 3466 2625 et
3495 2560 3678 2623 maxi-

2029 2672 2182 2714 mam
2243 2653 2430 2715 orulis
2489 2655 2871 2735 voluptatem,
2908 2663 2964 2716 et
3024 2653 3317 2715 fructibus
3370 2651 3678 2713 utilitatem

2025 2745 2218 2807 aﬂ'erl.
2243 2745 2592 2824 Considera,
2628 2764 2853 2826 quaeso,
2886 2754 2939 2807 et
2974 2745 3274 2806 fructuum
3329 2742 3677 2804 varietatem

2028 2842 2084 2895 et
2117 2833 2477 2896 uberrimam
2510 2835 2767 2915 copiam,
2802 2854 2870 2897 ac
2904 2834 3229 2915 praesertim
3282 2850 3512 2907 eorum,
3549 2849 3680 2913 qum

2026 2923 2101 2985 ad
2123 2923 2303 2985 vitam
2333 2924 2661 3004 (legendam
2689 2926 2946 2987 maxime
2973 2922 3312 2986 necessaria
3330 2929 3493 2996 sunt,
3519 2939 3680 2981 sum-

2030 3032 2183 3074 mam
2240 3012 2769 3095 pulchritudinem.
2826 3013 3028 3095 Cogita
3082 3015 3257 3077 etiam
3308 3011 3582 3093 stirpium
3629 3017 3686 3071 et

2029 3121 2371 3179 surcorum,
2409 3114 2465 3165 et
2516 3106 2726 3166 ﬂorum
2778 3114 2953 3186 atque
3011 3105 3289 3179 odorum,
3329 3121 3447 3165 non
3503 3100 3680 3163 modo

2030 3192 2542 3271 suavissimorum,
2564 3213 2769 3256 verum
2792 3195 2966 3257 etiam
2987 3194 3058 3256 ad
3088 3195 3355 3274 corporis
3370 3193 3679 3253 sanitatem

287 3283 499 3360 λαυσιν,
534 3288 568 3356 ἡ
599 3287 750 3368 φύσις
787 3303 801 3319 °
840 3285 941 3362 ἵν’,
976 3288 1020 3343 εί
1050 3288 1128 3363 μή
1174 3310 1226 3345 τι
1258 3284 1413 3368 ἄλλο,
1466 3287 1519 3354 ἐξ
1562 3289 1636 3345 ὧν
1667 3290 1940 3371 εὐεργετῇ,

2037 3283 2500 3363 aptissimorum,
2540 3284 2690 3346 viros
2722 3295 2776 3345 et
2819 3284 3152 3364 facultates,
3191 3284 3456 3346 colorum
3505 3282 3678 3343 etiam

483 3351 498 3360 ι
557 3351 568 3356 -
612 3351 623 3368 ,
737 3351 744 3352 ί
926 3351 940 3362 σ
1050 3351 1061 3363 ι
1119 3351 1128 3357 -
1399 3351 1413 3368 1
1506 3351 1516 3354 ν
1756 3351 1766 3368 I
1801 3351 1813 3368 ι
1896 3351 1940 3371 ⁸-1

282 3376 550 3455 γνωρίσης
604 3377 756 3452 Θεὸν,
819 3378 907 3434 καὶ
964 3384 1041 3452 τῷ
1086 3376 1312 3449 δεῖσθαι,
1359 3378 1490 3457 γένῃ
1549 3387 1770 3436 σεαυτοῦ
1815 3403 1942 3435 σανα

2037 3374 2387 3454 elegantiam
2412 3384 2470 3435 et
2492 3375 2823 3455 qualitates,
2845 3385 3020 3455 atque
3043 3351 3171 3435 insii
3184 3393 3287 3455 per
3308 3390 3679 3450 gemmarum

282 3466 568 3545 ετώτερος.
596 3465 870 3527 Ἐντεῦθεν
899 3466 1086 3525 ’ἐπελθέ
1116 3490 1206 3545 μοι
1256 3472 1361 3547 γῆς
1405 3467 1588 3535 πλάτη
1634 3470 1721 3526 καὶ
1766 3473 1941 3547 μήκη,

278 3556 382 3623 τῆς
426 3562 612 3625 κοινῆς
666 3557 879 3615 πάντων
940 3558 1170 3636 μητρὸς,
1225 3561 1312 3613 καὶ
1342 3556 1574 3622 κόλπους
1608 3556 1942 3631 θαλαττίους,

282 3644 554 3716 ἀλλήλοις
585 3667 642 3703 τε
672 3648 760 3703 καὶ
788 3650 857 3725 τῇ
902 3652 975 3726 γῇ
1004 3644 1403 3723 συνδεδεμένόυς
1434 3646 1584 3728 (60),
1632 3649 1720 3705 καὶ
1769 3648 1943 3706 ἀλσῶν

279 3734 486 3817 κάλλη,
548 3739 637 3793 καὶ
707 3741 1008 3813 ποταμοὺς,
1066 3739 1154 3793 καὶ
1215 3738 1393 3815 πηγὰς
1451 3734 1700 3815 δαψιλεῖς
1758 3761 1813 3795 τε
1860 3744 1945 3797 καὶ

278 3824 556 3900 ἀεννάους,
630 3829 688 3884 οὔ
764 3826 929 3902 μόνον
1001 3830 1227 3905 ψυχρῶν
1289 3827 1373 3881 καὶ
1420 3826 1664 3902 ποτίμων
1718 3824 1942 3902 ὑδάτων,

276 3916 371 3971 καὶ
400 3918 506 3971 τῶν
534 3916 664 3995 ὑπὲρ
707 3917 809 3993 γῆς
848 3913 998 3996 (61),
1032 3914 1168 3974 ἀλλὰ
1200 3916 1289 3972 καὶ
1320 3913 1438 3972 ὅσαι
1483 3917 1584 3972 ὑπὸ
1641 3922 1743 3995 γῆν
1790 3917 1945 3995 pseu—

279 4027 396 4080 σαι,
429 4005 517 4061 καὶ
548 4005 823 4084 σήραγγάς
855 4004 983 4081 (62)
1035 4027 1182 4069 τινας
1240 4004 1658 4085 ὕποτρέχουσαι,
1704 4006 1810 4063 εἶτ’
1870 4005 1946 4072 ἐξ-

281 4094 578 4170 ωθούμεναι
631 4094 787 4171 βιαίῳ
842 4098 919 4169 τῷ
977 4096 1238 4171 πνεύματι
1321 4097 1410 4151 καὶ
1470 4096 1943 4177 ἀντιτυπούμεναι,

371 4253 499 4334 (53)
535 4261 903 4337 Γραμμαϊς,.,
939 4258 1033 4314 οὐκ
1065 4256 1270 4337 οὔσαις,
1332 4276 1354 4309 I
1411 4253 1616 4337 Lineis
1647 4274 1945 4337 nusquam

285 4337 669 4419 exstantibus
703 4355 719 4396 :
755 4336 845 4397 vel
880 4337 1062 4419 quod,
1105 4361 1128 4392 η
1167 4336 1361 4418 inquit
1392 4335 1578 4418 Elias,
1620 4360 1643 4390 ε
1669 4336 1728 4397 in
1764 4335 1951 4400 animi

287 4415 776 4498 consideratione
798 4415 915 4481 non
942 4415 1787 4498 haereant,postquam,earum
1813 4440 1952 4497 qua-

287 4497 342 4560 si
373 4496 694 4559 simulacra
722 4499 1072 4561 evanuerint
1099 4522 1114 4573 ;
1149 4496 1495 4574 vel—quod,»
1526 4498 1692 4562 addit
1720 4496 1949 4574 Billius,

291 4602 315 4635 ι
358 4578 550 4661 oculis
583 4579 747 4641 cerni
773 4588 1134 4661 nequeant.)
1167 4578 1387 4654 Quidni
1412 4579 1950 4661 potius,addemus,

286 4658 449 4753 quod
481 4658 960 4753 noueitstent'in
994 4679 1206 4753 rerum.
1235 4658 1474 4753 natura;
1508 4658 1730 4753 quippe
1762 4680 1956 4753 quze'a

2031 3463 2241 3525 eximia
2271 3464 2462 3545 pretia
2487 3474 2544 3526 et
2566 3465 2916 3546 splendores
2938 3488 2952 3541 ;
2978 3464 3459 3547 quandoquidem
3481 3462 3684 3523 omnia

2031 3562 2145 3616 tam
2180 3574 2311 3635 quae
2343 3554 2413 3616 ad
2454 3557 2823 3618 necessarios
2857 3557 2984 3619 vitae
3016 3577 3180 3629 u-‘us,
3216 3574 3394 3635 quam
3432 3572 3562 3635 quae
3610 3552 3681 3613 ad

2031 3646 2282 3708 delicias
2313 3657 2607 3728 sprctant,
2641 3648 2802 3709 velut
2833 3648 2890 3709 in
2924 3648 3227 3710 communi
3272 3644 3538 3708 convivio
3570 3660 3680 3704 na-

2034 3745 2164 3797 tura
2201 3737 2551 3817 proposuit;
2587 3747 2670 3819 ut,
2708 3739 2753 3799 si
2791 3740 2935 3800 nihil
2970 3738 3149 3812 aliud,
3193 3757 3259 3799 ex
3293 3736 3441 3818 ipsis
3471 3734 3681 3795 saltem

2035 3826 2343 3888 beneﬁciis
2366 3827 2553 3889 Deum
2581 3848 2781 3907 cogno-
2805 3849 2926 3910 cas,
2946 3838 3119 3909 atque
3139 3827 3210 3889 ob
3236 3826 3546 3908 penuriam
3568 3841 3684 3905 qua

2033 3916 2289 3989 laboras,
2329 3918 2515 3997 teipso
2576 3919 2925 3998 prudentior
2976 3917 3279 3980 efficiaris.
3336 3915 3489 3979 Hinc
3540 3913 3685 3976 mihi

2030 4008 2230 4080 facito,
2265 4012 2327 4068 ut
2351 4017 2524 4069 terra:
2555 4011 2890 4071 communis
2916 4010 3181 4071 omnium
3210 4006 3471 4088 parentis
3496 4005 3687 4066 latitu-

2031 4096 2233 4158 dinem
2258 4095 2813 4182 longitudinemque
2837 4118 3200 4183 pcrcurras”
3222 4107 3279 4161 et
3302 4095 3685 4174 marissinus,

2032 4260 2518 4322 rissima.Minois
2560 4260 2743 4340 regia,
2770 4264 2907 4324 olim
2941 4286 2962 4318 (ι
2994 4262 3238 4325 Ceralus
3273 4286 3299 4315 ι
3335 4258 3630 4340 appellata
3659 4275 3692 4317 a

2038 4340 2225 4422 vicino
2250 4342 2522 4421 ejusdem
2544 4342 2808 4404 nominis
2828 4343 3119 4407 fluvio.Ea
3149 4343 3256 4406 fuit
3281 4342 3437 4422 apud
3459 4351 3691 4422 veteres

2038 4421 2112 4503 tle
2144 4420 2381 4483 Daedalo
2413 4423 2799 4503 opinio,quod
2835 4420 3471 4486 statuisimmohilibus
3490 4420 3691 4481 oculos

2041 4501 2362 4585 induxerit,
2398 4501 2573 4583 atque
2606 4501 2896 4585 effecerit,
2933 4505 3148 4566 abditis
3173 4503 3525 4585 quibusdam
3563 4519 3692 4561 ner-

2042 4583 2147 4662 vis,
2189 4593 2252 4643 ut
2285 4584 2399 4645 huc
2430 4596 2605 4664 atque
2636 4586 2777 4647 illuc
2808 4583 3210 4664 moverentur,
3239 4584 3389 4643 adeo
3422 4588 3693 4664 scite,_ut

2039 4660 2450 4744 spectantibus
2474 4660 2665 4727 vivere
2696 4660 3223 4730 viderenturNidé
3246 4664 3569 4726 Diodorum
3598 4660 3695 4724 Si—

286 4738 885 4826 mathematicis_sola
908 4742 1308 4826 longitudinis
1330 4738 1719 4826 diruensione
1750 4738 1951 4805 consi-
1981 4738 2237 4807 Oculum
2274 4745 2350 4807 lib
2408 4763 2463 4806 v.
2504 4760 2619 4809 etc.
2655 4745 2816 4809 Idem
2879 4749 3151 4811 Daedalus
3206 4744 3601 4826 labyrinthum
3638 4744 3693 4803 in

283 4822 597 4964 1dergnltulr,
630 4821 791 4883 nulla
823 4821 1040 4886 habita
1061 4823 1298 4886 ratione
1330 4821 1665 4885 latitudinis
1721 4833 1777 4885 et
1809 4844 1951 4906 pro-

312 4921 391 4963 un
440 4920 517 4963 ta
548 4921 622 4964 ts.

312 4910 622 4965 unditatis.

370 4983 492 5064 (54)
530 4981 914 5056 Παλαμήδους.
990 4986 1226 5047 Primus
1305 4982 1655 5047 Palamedes
1744 4984 1948 5051 fertur.

283 5081 500 5144 gruum
534 5065 904 5143 compositos
936 5074 1134 5128 motus
1165 5064 1562 5135 observando,
1603 5066 1953 5144 figuras,se-

284 5114 555 5206 :undum
583 5114 735 5225 quas
765 5146 1141 5209 instruuntur
1170 5114 1847 5223 acies,inveniss§.Quid
1881 5147 1954 5208 de

287 5225 531 5307 gruibus
565 5224 807 5307 scripsit
835 5227 1090 5301 Plinius,
1124 5228 1254 5307 lege
1286 5227 1390 5292 lib.
1423 5244 1484 5301 x,
1521 5246 1573 5289 c.
1610 5226 1709 5287 24.

372 5306 492 5399 (55)
525 5306 753 5399 Φειᾷίαι,
782 5309 1159 5399 καὶ-Ζεύξιδες,
1360 5335 1389 5399 ξι
1429 5307 1669 5399 PhitIla-S
1693 5332 1721 5363 ι)
1757 5309 1945 5399 Athe—

289 5386 761 5472 niensisnobilis
783 5390 1220 5472 statuariusqui
1241 5392 1298 5452 in
1322 5388 1504 5472 ebore
1527 5389 1850 5472 scalpeudo
1872 5390 1954 5451 ci-

288 5477 375 5531 tra
403 5469 685 5547 aemulum
717 5470 953 5535 claruit.
993 5469 1241 5534 «Zeuxis
1272 5494 1299 5526 »
1337 5469 1727 5533 Heracleotes
1763 5472 1955 5549 pictor

285 5568 388 5613 sua
409 5554 587 5633 getate
618 5550 1419 5632 maximus.cPolygnotus,»
1452 5550 1639 5633 patria
1669 5549 1951 5633 Thasius,

287 5640 345 5723 et
367 5630 975 5725 pictor,non_age_sima
1005 5630 1350 5725 Olympiade
1378 5630 1599 5725 ﬂoruit.
1618 5660 1660 5724 ,ε
1686 5630 1949 5725 Parrha4

282 5711 464 5810 eius,»
492 5712 692 5810 pictor.
708 5711 1101 5810 insignis,qui
1125 5711 1355 5810 primus
1386 5712 1733 5810 sy_metriam
1761 5715 1949 5808 pictu-

284 5810 365 5856 ra:
394 5761 1274 5886 dedit._{dglaoophoiiiupi’ctonr
1304 5761 1741 5869 nobilissimus,
1761 5761 1948 5874 {cujus

291 5873 561 5937 meminit
595 5873 821 5937 Plinius
849 5873 892 5938 1.
927 5873 1106 5954 xxxv,
1135 5896 1189 5940 c.
1225 5877 1285 5941 9.

364 5956 501 6037 (56)
536 5955 826 6035 Κνώσσιος,
862 5962 978 6021 etc.
1021 5957 1322 6024 «Gnossus
1348 5977 1376 6019 ι
1410 5954 1555 6021 urbs
1586 5956 1782 6022 Cretae
1810 5956 1938 6020 cla-

2038 4827 2211 4910 C_rcta
2242 4830 2595 4910 construxit,
2633 4830 2947 4910 multiplici
2984 4830 3256 4890 intricata
3290 4828 3515 4910 Vlalllm
3552 4842 3693 4903 per-

2040 4907 2324 4989 plexitate
2361 4906 2826 4973 irremeabilem.
2892 4910 3036 4972 Vide
3089 4910 3295 4989 Virgil.
3359 4906 3509 4970 En.
3542 4922 3603 4979 v,
3638 4912 3698 4967 et

2037 4987 2203 5052 Ovid.
2243 4990 2486 5051 Metam.
2522 5007 2647 5053 vui.

2118 5069 2377 5154 (571mg
2399 5070 2687 5154 πολλάκις,
2717 5084 2835 5136 etc.
2897 5076 3127 5153 «Atque
3182 5067 3500 5130 attiticiosa
3532 5067 3696 5127 frau—

2038 5149 2112 5210 de
2142 5149 2449 5233 multoties
2479 5149 2933 5233 reciprotatus?
2971 5180 2992 5211 ι

2119 5230 2235 5299 (58)
2266 5242 2496 5306 Ταμετα.
2536 5230 2835 5309 (Io—mlier"
2864 5249 3109 5311 ταμιεῖα.

2116 5311 2232 5383 (59)
2270 5312 2413 5391 Περί.
2448 5311 2624 5377 Deest
2652 5316 2710 5377 in
2742 5317 2928 5378 tribus
2960 5314 3150 5389 Colb.,
3187 5320 3245 5371 et
3273 5310 3374 5374 0r.
3412 5316 3462 5369 ι.

2273 5388 2711 5471 Συνδεδεμένους.
3081 5388 3141 5457 8.7
3197 5395 3259 5454 ln
3322 5392 3446 5466 8tl.,
3485 5388 3699 5447 συνδεο·”

2037 5495 2224 5548 μενους
2235 5519 2248 5534 ,

2122 5554 2250 5633 (61)
2286 5557 2380 5612 Κπιῖ
2412 5558 2678 5639 τῶνξῦπὲρ
2706 5565 2828 5639 γῆς,
2866 5566 2984 5622 etc.
3023 5559 3321 5639 «Quaeque
3354 5571 3539 5639 super
3556 5559 3698 5639 ter-

2035 5641 2256 5709 ram,et
2285 5653 2416 5715 quae
2448 5633 2660 5699 subtus
2694 5633 2972 5701 terram.»
3009 5640 3184 5702 Forte
3215 5633 3513 5714 signiﬁcat
3546 5633 3699 5715 Gre,-

2032 5715 2236 5802 gorius
2273 5713 2456 5802 aquas
2478 5719 2720 5802 calidas,
2755 5731 2812 5782 et
2847 5740 2947 5783 eas
2970 5739 3101 5801 quae
3128 5737 3197 5779 ex
3226 5713 3485 5778 metallis
3514 5713 3704 5775 medi-

2031 5796 2327 5858 caminum
2361 5796 2475 5857 vim
2510 5796 2722 5862 hauriu
2735 5810 2816 5865 nt.

2107 5876 2230 5958 (62)
2263 5878 2573 5958 Σήραγγας.
2610 5880 2673 5944 In
2698 5881 3084 5966 quibusdam,
3118 5880 3397 5958 σύριγγας.
