4126 6450
394 351 472 416 63
1630 356 1687 417 S.
1736 353 2099 417 GREGORII
2144 356 2525 421 THEOLOGI
3704 364 3789 427 64

399 498 521 551 tum
552 499 757 553 mutuo
791 509 975 563 nexu,
1008 498 1133 552 tum
1163 491 1339 553 etiam
1371 510 1508 553 cum
1543 498 1699 553 terra
1724 491 1881 551 velut
1912 487 2035 549 vin-

2124 490 2229 545 εἰτ’
2287 491 2668 572 ἐκπυρούμεναι
2732 503 2809 570 τῷ
2860 496 3067 578 σφοδρῷ
3129 480 3239 566 ’τῆς
3290 497 3467 566 πάλης
3533 501 3619 557 καὶ
3677 506 3783 569 τῆς

398 578 548 642 culis
560 580 916 663 quibusdam
934 581 1378 655 constrictos,et
1396 597 1704 643 nemorum
1723 579 2047 659 pulchritu.

397 669 586 745 dines,
625 679 683 732 et
732 670 966 745 ﬂuvios,
1000 677 1060 732 et
1106 670 1302 733 fontes
1349 670 1569 733 uberes
1598 690 1667 733 ac
1724 687 2041 751 perennes,

394 780 513 822 non
539 760 714 823 modo
736 760 1062 841 gelidarum
1090 770 1148 822 et
1173 760 1522 842 potabilium
1556 778 1863 843 aquarum,
1890 778 2047 842 qua:-

395 871 511 934 que
538 855 779 915 interra
798 862 956 927 sunt,
984 853 1089 915 sed
1114 872 1317 916 earum
1343 854 1542 930 etiam,
1572 872 1702 935 qua;
1732 852 1885 915 infra
1916 861 2043 915 ter-

393 961 520 1005 ram
576 944 851 1025 ﬂuentes,
888 949 945 1005 et
996 962 1212 1025 specus
1261 942 1546 1024 quosdam
1595 942 1939 1017 subeuntes,
1974 962 2043 1007 ac

395 1032 613 1096 deinde
639 1032 894 1095 violento
924 1033 1123 1115 aliquo
1158 1034 1299 1095 ﬂatu
1330 1032 1601 1113 impulsa
1622 1042 1797 1115 alque
1828 1052 2042 1115 reper-

390 1141 600 1206 cussae,
639 1132 843 1205 postea
873 1142 981 1205 per
1011 1124 1323 1186 conﬂictus
1354 1125 1607 1204 hujusce
1636 1134 1813 1205 atque
1863 1124 2040 1186 oblu-

395 1213 673 1276 ctationis
718 1212 1156 1276 vehementiam
1210 1214 1607 1295 inﬂammatae,
1641 1232 1875 1295 quaqua
1919 1215 2039 1276 fors

396 1303 615 1379 tulerit,
652 1305 936 1381 paulatim
1000 1312 1343 1385 erumpunt,
1398 1304 1659 1385 hincque
1710 1304 2035 1367 calidarum

390 1392 737 1456 balneorum
770 1413 944 1456 usum
998 1393 1170 1455 nobis
1203 1393 1509 1476 plerisque
1560 1403 1734 1456 terrae
1785 1394 1951 1468 locis,
1982 1402 2040 1455 et

390 1502 524 1545 cum
586 1484 883 1546 contraria
940 1484 1242 1560 facultate,
1279 1484 1684 1566 supdeditant.
1722 1485 2035 1565 gratuitam

394 1572 623 1636 scilicet
647 1573 1004 1635 medicinam
1039 1593 1107 1635 ac
1150 1574 1289 1635 ὅΙῚ
1323 1582 1533 1655 sponte
1567 1583 2034 1655 promanautem.

390 1661 1110 1743 Dic,obsecro,quomodo
1130 1666 1355 1726 etunde
1370 1663 1809 1737 haec?Quaanam
1827 1682 2039 1744 magna

392 1753 517 1815 haec
548 1761 726 1835 atque
754 1754 898 1817 artis
931 1773 1147 1836 expers
1180 1761 1438 1818 textura?
1460 1754 1581 1817 Nec
1611 1755 1771 1817 enim
1804 1754 1879 1816 ob
1904 1773 2038 1815 mu-

2128 579 2464 659 ἀντιθέσεως,
2524 586 2633 653 ὃπη
2691 588 2930 665 παρείκοι
2977 588 3114 645 κατὰ
3171 590 3357 668 μικρὸν
3414 588 3783 670 ἀναῤῥήγνυν-

2127 693 2239 745 ται,
2287 675 2374 729 καὶ
2419 677 2517 741 τὴν
2562 682 2667 731 τῶν
2737 680 2940 756 θερμῶν
3007 676 3238 757 λουτρῶν
3302 680 3485 759 χρείαν
3544 679 3783 738 ἑντεῦθεν

2126 764 2265 837 ἡμῖν
2325 767 2658 846 χαρίζονται,
2724 766 3011 848 πολλαχοῦ
3063 774 3161 836 τῆς
3220 772 3343 847 γῆς,
3396 770 3481 826 καὶ
3512 771 3648 845 μετὰ
3677 772 3782 837 τῆς

2126 852 2363 917 ἐναντίας
2403 853 2526 935 (63)
2578 853 2875 931 δυνάμεως,
2937 860 3166 938 ἰατρείαν
3218 859 3439 933 ἄμισθον
3483 862 3570 917 καὶ
3614 861 3783 919 aind-

2126 964 2320 1018 ματον,
2358 946 2485 1003 Εἰπὲ
2519 954 2631 1011 πῶς
2665 948 2751 1003 καὶ
2783 947 2939 1004 πόθεν
2998 948 3161 1005 ταῦτα
3197 969 3213 1022 ;
3263 949 3327 1008 Τί
3354 951 3415 1006 τὸ
3455 950 3592 1029 μέγα
3624 958 3783 1009 τοῦτο

2125 1036 2214 1089 καὶ
2244 1033 2472 1114 ἄτεχνον
2504 1034 2627 1108 {64)
2683 1035 2939 1117 ὕφασμας
3000 1039 3115 1119 Οὒχ
3168 1038 3327 1105 ἧττον
3385 1036 3635 1097 ἐπαινετᾶ
3676 1047 3780 1109 τῆς

2124 1126 2255 1204 πρὸς
2289 1123 2499 1192 ἄλληλα
2561 1125 2807 1205 σ’(ἑσεως
2871 1126 3011 1207 (65(,
3071 1128 3106 1196 ἢ
3137 1129 3254 1186 καθ’
3298 1128 3517 1187 ἕκαστον
3547 1131 3781 1209 θεωρού-

2126 1236 2282 1289 μενα,
2323 1216 2440 1280 Πῶς
2494 1220 2565 1293 γῆ
2619 1216 2715 1291 μὲν
2776 1215 2968 1284 ἕστηκε
2999 1218 3165 1295 παγία
3209 1220 3297 1276 καὶ
3356 1216 3630 1292 ἂκλινήςς
3692 1220 3783 1277 ἐπὶ

2123 1305 2273 1372 τίηος
2306 1306 2581 1385 ὀχουμένῃ
2621 1322 2637 1380 ;
2695 1308 2783 1362 καὶ
2824 1308 2965 1371 τίνος
3023 1306 3172 1373 ὄντος
3216 1318 3311 1368 τοῦ
3365 1307 3723 1387 ὑπερείδοντος
3761 1328 3778 1385 ;

2124 1396 2212 1452 γαὶ
2254 1397 2394 1460 τίνος
2430 1396 2607 1454 ἐκεῖνο
2640 1395 2801 1453 πάλιν
2838 1416 2853 1472 ;
2886 1395 3016 1455 Οὒδέ
3069 1399 3168 1476 γὰρ
3200 1401 3227 1455 ὁ
3270 1397 3429 1477 λόγος
3459 1399 3601 1481 ἔχει,
3638 1398 3723 1482 ἐφ’
3752 1403 3784 1458 ὃ

2124 1486 2355 1564 ἐρεισθῇ,
2392 1485 2535 1549 πλὴν
2564 1488 2657 1543 τοῦ
2706 1487 2847 1547 θείου
2900 1486 3227 1562 θελήματος,
3289 1491 3387 1547 Καὶ
3418 1492 3532 1555 πῶς
3594 1492 3627 1558 ἡ
3682 1490 3785 1566 μὲν

2125 1579 2197 1642 εἷς
2230 1580 2367 1647 ὁρῶν
2412 1578 2642 1657 κορυτὰς
2688 1576 2996 1657 ἀνηγμένη,
3044 1581 3078 1648 ἡ
3125 1576 3179 1634 δὲ
3229 1580 3303 1642 εἷς
3350 1577 3499 1636 πεδία
3554 1583 3784 1652 καθεζο-

2123 1666 2283 1747 μένη,
2346 1668 2433 1723 καὶ
2478 1674 2633 1724 τοῦτο
2692 1665 3010 1745 πολυειδῶς,
3070 1668 3157 1722 καὶ
3214 1666 3496 1736 ποικίλως,
3542 1670 3629 1725 καὶ
3659 1681 3786 1733 ταῖς

2122 1757 2244 1814 κατ’
2304 1756 2483 1834 ὀλίγον
2545 1755 2872 1833 ἐναλλαγαῖς
2934 1756 3322 1832 μεθισταμένη,
3370 1760 3499 1837 πρός
3571 1780 3627 1815 τε
3680 1758 3787 1825 τὴν

388 1850 547 1905 tuam
610 1862 737 1907 eam
788 1845 1190 1921 aﬂ‘ectionem,
1233 1862 1408 1926 quam
1462 1844 1621 1905 inter
1668 1863 1731 1905 se
1789 1844 2033 1925 habent,

2124 1848 2310 1927 χρείαν
2368 1845 2506 1903 ἐστὶν
2566 1845 2928 1923 ἀφθονωτέρα,
2979 1849 3067 1903 καὶ
3117 1854 3192 1921 τῴ
3244 1846 3466 1922 ποικίλη.
3500 1848 3787 1929 χαριεστέ-

387 1932 585 1996 minus
616 1934 808 1997 laudis
840 1944 1167 2010 merentur,
1202 1954 1377 2017 quam
1429 1936 1480 1997 si
1511 1935 1761 1997 seorsim
1814 1954 2034 1995 unum-

2120 1960 2183 2016 ρα
2212 1956 2227 2017 ς
2262 1937 2349 1992 καὶ
2382 1938 2415 2003 ἡ
2468 1936 2566 2010 μὲν
2624 1938 2693 1996 εἰς
2728 1936 2965 2004 οἰκήσεις
2996 1936 3361 2011 νενεμημένη,
3408 1940 3443 2005 ἡ
3474 1936 3529 1993 δὲ
3586 1940 3787 2005 ἀοίκη-

386 2024 663 2107 quodque
712 2026 1147 2090 consideretur.
1183 2024 1309 2097 Quo
1344 2034 1516 2107 pacto
1569 2032 1728 2087 terra
1758 2024 1928 2087 ﬁrma
1978 2034 2035 2087 et

2120 2049 2234 2101 τος,
2265 2025 2399 2093 ὅσην
2430 2028 2481 2081 αἱ
2532 2023 2817 2103 ὑπερϐολαὶ
2859 2031 2964 2080 τῶν
3025 2027 3161 2104 ὀρῶν
3220 2025 3635 2102 ἀποτέμνονται,
3690 2030 3782 2085 καὶ

382 2114 633 2176 immota
662 2115 973 2178 constitit?
1004 2115 1299 2190 Quidnam
1354 2133 1461 2197 pro
1493 2114 1764 2177 vehiculo
1813 2114 2035 2178 habet?

2122 2117 2261 2184 ἄλλη
2323 2117 2455 2195 πρὸς
2488 2113 2621 2170 ἄλλο
2649 2137 2698 2171 τι
2742 2114 2907 2194 πέρας
2937 2114 3237 2195 σχιζομένη
3268 2117 3357 2173 xui
3389 2115 3779 2192 ἀποϐαίνει-πα,

385 2203 569 2284 Cujus
591 2205 679 2267 rei
696 2204 1061 2267 adminiculo
1091 2204 1333 2267 fulcitur
1348 2204 1379 2266 ?
1400 2204 1674 2286 Quidque
1700 2223 1910 2267 rursus
1932 2204 2035 2267 ful-

2120 2214 2218 2276 τῆς
2263 2214 2357 2265 τοῦ
2391 2208 2524 2263 Θεοῦ
2581 2203 2970 2284 μεγαλουργίας
3031 2204 3411 2285 ἐναργέστατόν
3460 2206 3571 2263 ἐστι
3628 2208 3779 2287 γνώ-

386 2304 577 2359 turam
612 2299 772 2360 illam
817 2296 1114 2361 sustinet?
1144 2299 1353 2379 Neque
1404 2297 1563 2359 enim
1595 2298 1807 2360 rationi
1858 2298 2037 2379 quid-
2121 2319 2282 2378 ρισμα
2314 2318 2329 2378 ;

381 2410 584 2473 quam,
617 2392 712 2455 cui
743 2391 1055 2467 innitatur,
1093 2392 1375 2468 occurrit,
1431 2391 1481 2453 si
1528 2392 1785 2454 divinam
1840 2394 2199 2455 voluntatem
2255 2388 2585 2469 exceperis.
2636 2389 2762 2461 Quo
2804 2396 2975 2469 pacto
3019 2406 3111 2459 ea,
3146 2388 3454 2469 partimin
3483 2391 3775 2453 montium

387 2480 646 2544 vertices
682 2500 1025 2564 assurgens,
1062 2480 1275 2564 partim
1327 2482 1385 2543 in
1437 2500 1682 2563 campos
1741 2482 2084 2563 subsidens,
2120 2481 2296 2562 idque
2324 2479 2485 2541 varie
2516 2485 2575 2540 et
2606 2476 3039 2558 multipliciter,
3082 2497 3150 2541 ac
3195 2478 3453 2561 denique
3484 2480 3773 2561 paulatim

386 2570 739 2633 alternando
772 2582 1156 2647 commutata,
1189 2579 1311 2632 tum
1342 2572 1412 2633 ad
1442 2572 1750 2634 hominum
1783 2592 1929 2635 usus
1959 2571 2222 2650 uberior,
2249 2578 2372 2631 tum
2403 2568 2690 2631 varietate
2732 2566 2861 2649 ipsa
2881 2568 3237 2648 jucundior?
3264 2567 3379 2643 Qui
3411 2569 3498 2651 ﬁt,
3528 2578 3591 2632 ut
3622 2588 3766 2652 par-

383 2662 490 2724 tim
524 2662 582 2724 in
614 2661 918 2725 domicilia
948 2661 1136 2724 divisa
1157 2662 1249 2741 sit,
1286 2662 1496 2741 parllm
1529 2662 1756 2726 inculta
1782 2671 1840 2725 et
1871 2660 2275 2725 inhabitabilis
2310 2659 2697 2740 relinquatur,
2734 2666 3020 2740 quantum
3054 2657 3336 2720 nimirum
3381 2659 3778 2722 excelsissimi

381 2753 609 2835 quique
642 2761 874 2816 montes
893 2751 967 2814 ab
996 2769 1069 2814 ea
1097 2751 1478 2833 abscindunt,
1511 2762 1688 2835 atque
1718 2753 1831 2817 alia
1862 2754 1934 2815 ad
1967 2751 2146 2814 alium
2173 2750 2493 2832 quemdam
2525 2747 2686 2810 orbis
2713 2749 2889 2811 linem
2922 2746 3178 2810 dissecta
3210 2758 3604 2832 porrectaque
3626 2750 3771 2811 divi-

383 2840 446 2904 ni
478 2841 700 2922 opiﬂcii
741 2841 1241 2923 magniﬁcentiam
1277 2842 1753 2905 luculentissima
1782 2849 2132 2924 argumento
2165 2838 2461 2902 declarat?

460 2931 690 2997 XXVII.
723 2934 849 2995 Jam
883 2948 1022 2995 vero
1055 2948 1241 3005 mare,
1269 2931 1320 2992 si
1352 2951 1469 2993 non
1502 2933 1909 3012 magnitudine
1931 2953 2035 2998 sua

2205 2924 2330 2995 KZ'.
2381 2932 2661 3000 Θαλάττης
2718 2931 2795 3005 δὲ,
2863 2934 2906 2988 εἰ
2965 2932 3062 3007 μὲν
3105 2932 3184 3008 μὴ
3240 2934 3301 2989 τὸ
3358 2933 3580 3013 μέγεθος
3618 2940 3779 3015 εἶχον

383 3021 658 3084 mirabile
690 3021 835 3082 mihi
859 3028 1222 3092 occurreret,
1252 3020 1555 3083 lenitatem
1589 3022 1793 3103 utique
1823 3034 1885 3087 et
1913 3027 2032 3106 pla-

377 3111 679 3174 ciditalem
710 3110 1058 3187 admirarer,
1096 3110 1392 3192 simulque
1435 3130 1551 3191 quo
1586 3121 1757 3193 pacto
1813 3115 1934 3195 ﬂat,
1973 3122 2034 3176 nt

382 3200 656 3282 quamvis
688 3198 943 3262 liberum
976 3218 1045 3261 ac
1092 3198 1377 3274 solutum,
1410 3199 1628 3262 ﬁnibus
1661 3211 1858 3264 tamen
1907 3205 2031 3265 suis

381 3288 702 3353 consistat:
738 3289 894 3370 quod
929 3288 977 3350 si
1029 3308 1149 3351 non
1195 3288 1521 3365 lenitatem,
1558 3290 2029 3371 magnitudinem

382 3387 545 3444 certe
575 3382 967 3461 suspicerem.
1000 3377 1292 3452 Quoniam
1326 3387 1522 3441 autem
1558 3388 1812 3460 utraque
1855 3382 2031 3446 laude

383 3467 645 3545 excellit,
682 3477 993 3549 utramque
1023 3468 1139 3529 vim
1186 3475 1243 3529 et
1271 3468 1615 3531 facultatem
1670 3471 2025 3551 prmdicabo.

382 3560 529 3635 Quis
547 3568 766 3621 tantam
790 3576 1074 3640 aquarum
1100 3557 1314 3620 molcm
1335 3558 1673 3639 conjunxit?
1699 3558 1841 3633 Quis
1861 3562 2031 3644 quasi

378 3648 634 3711 vinculis
660 3646 1018 3730 quibusdam
1043 3647 1346 3710 astrinxit?
1371 3649 1485 3721 Qui
1509 3649 1598 3730 fit,
1618 3658 1683 3711 ut
1703 3652 2027 3723 attollatur,

383 3747 440 3801 et
462 3746 661 3800 tamen
688 3738 819 3800 loco
849 3756 957 3799 suo
979 3756 1044 3799 se
1067 3738 1391 3813 contineat,
1412 3738 1662 3819 perinde
1685 3759 1753 3803 ac
1776 3741 2029 3803 vicinam

382 3836 602 3891 terram
633 3827 945 3891 reverita?
989 3826 1103 3902 Qui
1156 3827 1241 3909 ﬁt,
1275 3836 1337 3889 ut
1372 3843 1508 3890 cum
1561 3830 1769 3893 ﬂuvios
1820 3851 2032 3895 omnes

380 3919 656 4002 excipiat,
686 3917 760 3981 ob
790 3917 1191 3981 exuberantes
1222 3926 1419 3981 tamen
1445 3938 1586 4001 opes
1611 3929 1671 3984 et
1690 3922 2033 4002 copias,aul

378 4029 495 4092 quo
526 4008 705 4073 verbo
732 4008 791 4070 id
822 4007 1249 4089 appellandum
1274 4010 1371 4081 sit,
1400 4010 1631 4086 nescio,
1658 4012 1881 4076 nullam
1912 4033 2033 4077 am-

378 4098 691 4180 plitudinis
720 4099 1121 4161 accessionem
1164 4098 1361 4173 faciat,
1396 4099 1500 4161 sed
1535 4100 1743 4163 eadem
1791 4122 2035 4187 semper

2114 3025 2422 3099 θαυμάζειν,
2484 3023 2755 3098 ἐθαύμασα
2806 3020 2868 3077 ἂν
2919 3024 2981 3078 τὸ
3039 3021 3263 3101 ἥμερον,
3296 3025 3526 3087 καὶπῶς
3561 3025 3778 3081 ἵσταται

2115 3112 2381 3188 λελυμένη
2413 3117 2517 3167 τῶν
2548 3110 2689 3168 ἰδίων
2719 3111 2853 3190 ὅρων
2885 3111 3030 3175 ἐντός
3064 3128 3083 3145 ο
3136 3114 3178 3168 εί
3213 3110 3267 3168 δὲ
3325 3116 3402 3189 μὴ
3430 3116 3492 3171 τὸ
3548 3113 3775 3193 ἥμερον,

2116 3204 2329 3265 πάντως
2356 3204 2418 3259 τὸ
2449 3202 2693 3280 μέγεθος,
2753 3202 2907 3259 Ἐπεὶ
2950 3199 3005 3257 δέ
3066 3200 3362 3284 ἀμφότερα,
3410 3205 3506 3272 τὴν
3571 3205 3626 3261 ἐν
3665 3204 3780 3280 ἂμ-

2115 3294 2357 3374 φοτὲροις
2390 3290 2609 3366 δύναμιν
2651 3292 3030 3367 ἐπαινέσομαι,
3092 3296 3153 3351 Τί
3200 3295 3261 3350 τὸ
3310 3294 3659 3376 συναγαγόνς
3718 3296 3782 3355 τί

2114 3386 2174 3441 τὸ
2234 3382 2448 3458 δῆσανς
2512 3388 2632 3447 Πῶς
2688 3382 2959 3461 ἐπαίρεταί
3018 3402 3075 3437 τε
3142 3384 3228 3439 καὶ
3301 3385 3539 3463 ἵσταται,
3596 3383 3777 3463 ὥσπερ

2116 3472 2399 3550 αἰδουμένη
2444 3478 2545 3539 την
2578 3474 2789 3549 γείτονα
2820 3477 2923 3550 γῆν
2962 3493 2977 3546 ;
3021 3477 3141 3537 Πῶς
3186 3475 3274 3529 καὶ
3330 3474 3546 3554 δέχεται
3604 3497 3773 3531 ποτα-

2117 3566 2248 3641 μους
2280 3564 2482 3627 πάντας
2529 3561 2676 3641 (66),
2734 3563 2820 3617 καὶ
2879 3563 2913 3629 ἡ
2976 3561 3110 3629 αὕτη
3162 3561 3394 3638 διαμένει
3426 3563 3510 3620 διὰ
3542 3563 3770 3635 πλήθους

2116 3654 2442 3734 περιωσίαν,
2506 3652 2544 3721 ἢ
2596 3656 2689 3711 οὐκ
2739 3648 2847 3716 οἶδ’
2899 3652 2929 3707 ὃ
2972 3674 3023 3708 τι
3069 3652 3188 3727 (67)
3233 3655 3343 3734 χρὴ
3385 3652 3561 3731 λέγειν
3599 3674 3616 3730 ;
3649 3661 3770 3718 Πῶς

2114 3746 2336 3821 ψάμμος
2368 3744 2513 3822 ὅριον
2544 3743 2705 3817 αὐτῇ,
2752 3740 3055 3816 τηλικούτῳ
3114 3743 3368 3823 στοιχείῳ
3399 3763 3415 3823 ς
3448 3742 3694 3825 ’Ἔχουοί
3721 3765 3767 3801 τι

2114 3834 2290 3914 λέγειν
2335 3836 2381 3891 οἱ
2429 3834 2666 3914 φυσικοὶ,
2727 3834 2816 3888 καὶ
2874 3833 3025 3913 σοφοὶ
3072 3833 3138 3889 τὰ
3194 3834 3418 3910 μάταια,
3462 3836 3550 3891 καὶ
3598 3835 3772 3908 κυάθῳ

2117 3934 2430 4003 μετροῦντες
2495 3921 2606 3995 (68)
2663 3922 2834 3985 ὄντως
2890 3923 2990 3990 τὴν
3036 3922 3321 4004 θάλασσαν,
3372 3924 3436 3980 τὰ
3479 3924 3773 3992 τηλικαῦτα

2114 4028 2237 4080 ταῖς
2284 4014 2484 4070 ἑαυτῶν
2534 4011 2841 4089 ἒπινοίαιςς
2886 4015 2921 4078 ἢ
2981 4013 3257 4089 συντόμως
3314 4014 3423 4093 ἐγὼ
3480 4016 3623 4094 παρὰ
3673 4017 3774 4082 τῆς

2114 4110 2327 4184 Γραφῆς
2388 4114 2544 4161 τοῦτο
2604 4102 2975 4183 φιλοσοφήσω,
3007 4105 3098 4160 καὶ
3154 4103 3260 4161 τῶν
3308 4105 3524 4185 μακρῶν
3598 4104 3774 4183 λόγων

379 4190 591 4271 suique
613 4188 824 4250 similis
848 4192 1126 4250 maneat?
1152 4188 1264 4262 Qui
1293 4189 1380 4263 ﬁt,
1410 4199 1471 4251 ut
1498 4197 1724 4253 tantum
1759 4193 2028 4258 elemen-

2120 4193 2474 4272 πιθανώτερόν
2544 4213 2601 4248 τε
2654 4194 2741 4249 καὶ
2801 4192 3201 4273 ἁληθέστερονς
3262 4195 3587 4274 Πρόσταγμα
3644 4197 3777 4274 ἰγύ-

380 4288 501 4341 tum
528 4297 769 4341 arenam
797 4296 902 4359 pro
930 4276 1187 4340 termino
1212 4278 1425 4340 habent
1453 4278 1903 4346 89?Possuntne
1927 4285 2035 4350 hoc

2126 4305 2297 4363 ρωσεν
2379 4283 2466 4339 επὶ
2549 4281 2832 4360 πρόσωπον
2914 4279 3125 4344 ὕδατος.
3210 4293 3373 4342 Τοῦτο
3456 4285 3555 4353 τῆς
3612 4286 3773 4364 ὑγρᾶς

380 4368 663 4449 θκρρᾱὶεθ
705 4366 959 4449 physici,
990 4375 1167 4448 atque
1215 4367 1412 4431 inanis
1461 4370 1816 4434 eruditionis
1865 4374 2035 4439 laude

2127 4374 2331 4453 φύσεως
2363 4374 2390 4429 ὁ
2424 4370 2640 4449 δεσμός.
2690 4378 2810 4437 Πῶς
2842 4370 2897 4428 δὲ
2921 4373 3013 4429 τὸν
3055 4386 3314 4454 χερσαῖον
3358 4372 3599 4433 ναυτίλον
3643 4372 3778 4454 (69)

378 4456 671 4534 celebres,
692 4475 763 4519 ac
810 4474 947 4519 vere
979 4456 1185 4538 cyatho
1219 4475 1407 4532 mare,
1434 4457 1546 4520 hoc
1582 4467 1696 4540 est,
1721 4478 1820 4522 res
1852 4469 2035 4525 tantas

2127 4463 2248 4541 ἄγει
2280 4462 2424 4536 λύλῳ
2453 4470 2626 4541 μιχρῷ
2655 4464 2744 4520 καὶ
2801 4463 3059 4538 πνεύματι
3094 4483 3111 4534 ;
3169 4470 3341 4537 (τοῦτο
3381 4469 3445 4523 οὐ
3493 4464 3776 4541 θαυμάζεις

378 4546 617 4627 ingenio
638 4564 745 4608 suo
773 4546 1130 4610 metientes?
1148 4546 1239 4608 An
1262 4545 1472 4609 faciam
1498 4548 1723 4630 ipse,ut
1747 4553 2035 4629 paucissi-

2120 4556 2259 4633 ὁρῶν
2294 4570 2312 4627 ,'
2344 4550 2453 4613 063’
2499 4551 2763 4619 ὲξίσταταί
2794 4574 2889 4610 σω
2920 4555 2956 4622 ἡ
2986 4550 3189 4609 διάνοια
3224 4559 3264 4629 ς)
3291 4552 3385 4610 ἵνα
3428 4558 3499 4633 γῆ
3546 4556 3635 4613 καὶ
3674 4554 3777 4612 θά-

379 4637 490 4699 mis
518 4634 715 4698 verbis
735 4636 848 4698 hoc
876 4655 947 4698 ex
973 4637 1284 4718 Scriptura
1315 4654 1485 4724 sacra
1509 4638 1827 4719 explicem,
1852 4640 2035 4723 idque

2120 4643 2300 4702 λασσα
2381 4642 2569 4701 δεθῶσι
2625 4656 2750 4707 ταῖς
2793 4643 3002 4724 χρείαις
3045 4644 3134 4699 καὶ
3172 4644 3300 4706 ταῖς
3346 4643 3658 4721 ἐπιμιξίαις,
3688 4647 3779 4701 καὶ

377 4723 743 4809 probabilius
771 4744 841 4788 ac
870 4725 1090 4800 verius,
1115 4744 1291 4807 quam
1317 4723 1433 4808 ipsi
1463 4745 1600 4789 cum
1626 4727 1876 4808 prolixis
1907 4733 2035 4797 suis

2125 4735 2199 4799 εἰς
2234 4734 2292 4790 ’ἐν
2323 4731 2450 4811 ἔλθῃ
2482 4731 2611 4814 (70)
2642 4740 2719 4809 τῷ
2748 4723 3007 4813 ἀνθρώπῳ
3036 4734 3102 4790 τὰ
3143 4740 3398 4791 τοσοῦτον
3424 4732 3674 4804 ἀλλήλων
3702 4732 3751 4789 δι

454 4847 520 4899 89
561 4847 790 4913 Jerem.
818 4866 887 4931 -v,
918 4848 1021 4911 Ἦ.

462 4970 584 5052 (63)
615 4974 762 5029 Μετὰ
794 4972 888 5055 τῆς
934 4972 1191 5055 ἐνανείας,
1235 4993 1256 5026 ο
1294 4972 1443 5033 Cum
1502 4969 1671 5055 aquis
1721 4970 1971 5051 frigidis.
2014 4996 2035 5032 ι

2210 4970 2337 5053 (66)
2374 4973 2601 5035 [liv-cas.
2665 4975 2850 5053 Begg.
2913 4990 2970 5049 a,
3030 4972 3154 5050 bm,
3212 4980 3273 5035 et
3327 4971 3431 5037 Or.
3486 4974 3548 5055 1,
3601 4973 3780 5030 ἅπαν-

378 5049 745 5137 ᾙΙριιιιιηιιυο
772 5053 933 5137 enim
969 5050 1300 5113 scaturiunt
1329 5069 1363 5112 e
1389 5049 1721 5133 propinquo
1751 5049 1923 5134 aqua;
1953 5074 2048 5117 ca-
2132 5049 2331 5137 tua)”:
2378 5116 2416 5137 ﬂ

380 5132 517 5219 lida?
546 5123 681 5219 cum
715 5132 1015 5219 frigidis.__
1212 5214 1222 5219 _
1389 5123 1406 5133 ’
1594 5123 1641 5219 ι’
1806 5123 1823 5134 ’
1882 5215 1895 5219 Α
2133 5215 2147 5219 _
2180 5133 2348 5219 __(§7)_
2378 5123 2456 5193 "0
2493 5141 2588 5195 οὐκ
2617 5135 2723 5219 ς)ῖὸζῖ
2752 5132 3169 5205 ὅτι.θιε.1.θιιν.
3210 5135 3539 5219 (Equidem
3561 5133 3772 5219 aut_ni-

466 5215 584 5294 (64)
621 5210 1093 5299 ’νΑτεχνονῖλΗομο
1123 5214 1463 5299 universum
1492 5210 1716 5299 dicitur
1751 5215 1930 5299 «artis
1952 5235 2050 5299 ex-
2133 5210 2451 5299 hil‘ha'beo
2479 5216 2634 5299 quod
2668 5216 2887 5299 dicam,
2945 5223 3046 5276 aut
3094 5210 3389 5280 summam
3432 5216 3511 5280 ob
3539 5215 3784 5279 vestita-

387 5292 585 5379 per‘s,»
624 5292 790 5376 quod
806 5292 994 5356 'nullis
1018 5292 1474 5379 sit‘fabricalum
1507 5294 2054 5379 manibus,sed_di-
2139 5304 2265 5379 tem,
2292 5292 2515 5379 gnaris,"
2532 5297 2641 5359 hoc
2670 5295 2801 5379 ﬁeri
2830 5303 3044 5379 statuo.
3078 5319 3103 5351 ι

382 5372 605 5437 vinitus
637 5372 1322 5458 contextumScholium
1345 5392 1483 5458 vero
1506 5373 1591 5435 sic
1620 5372 1884 5457 exponit:
1937 5372 2035 5458 ἰ’φ.

2222 5378 2343 5455 (68)
2378 5372 2721 5458 Μετ’ροῦντες.
2750 5375 3054 5458 cumba},
3080 5382 3524 5458 ωμμετροῦντες.

382 5478 552 5536 ασμα,
588 5457 703 5537 vel,
742 5458 986 5536 ὑφασμὸν
1019 5457 1118 5523 τὴν
1179 5454 1445 5532 σύμπηξιν
1490 5462 1597 5511 τῶν
1631 5454 1900 5538 στοιχέων
1945 5454 2035 5516 κα-

2146 5454 2347 5539 ί,(69)
2385 5454 2648 5539 Χερὶητον
2682 5456 2945 5521 ναυτίλον.
2986 5454 3391 5524 «Terrestrem
3427 5460 3785 5523 mutilum.»

381 5535 470 5623 λεῒ
500 5535 589 5594 καὶ
621 5535 751 5617 πρὸς
790 5535 1011 5605 ἄλληλα
1055 5545 1226 5594 νεῦσιν
1263 5558 1278 5574 ·
1334 5555 1362 5594 (
1412 5535 2035 5623 ΤΘΧίυζδῐηηθρρεηίϊ

2266 5535 2571 5623 neminem
2601 5540 2907 5623 eleganter
2933 5540 3192 5623 appellat
3212 5542 3559 5622 Gregorius.
3600 5544 3791 5607 «Nau-

383 5617 820 5709 e_lementorum
845 5626 1288 5699 compagem,et
1310 5624 1573 5678 mutuam
1603 5618 1666 5679 in
1694 5636 1760 5681 se
1794 5617 2053 5699 propen-
2139 5617 2291 5760 tilusf
2314 5640 2336 5675 ι
2377 5620 2555 5700 piscis
2586 5629 2677 5682 est
2703 5617 2790 5683 Sic
2849 5617 3071 5698 dictus,
3134 5623 3292 5705 quod
3336 5617 3500 5685 navis
3526 5625 3793 5705 speciem

383 5715 630 5759 snonem.
675 5723 703 5754 ι
2140 5716 2258 5760 ora":
2289 5708 2436 5760 erat.

377 5708 630 5759 sionem.
675 5723 703 5754 ι
2140 5708 2436 5762 praeferat.

755 5781 887 5860 πρὸς
920 5778 1130 5848 ἄλληλα
1154 5780 1403 5865 σχέσειυς
1486 5778 1673 5841 Leuv.
1712 5802 1741 5835 α
1774 5778 1904 5842 Non
1938 5778 2035 5842 mi-

2138 5717 2436 5779 ρτωιοινιιι.

2218 5781 2345 5862 (70)
2380 5783 2593 5865 "Eme.
2629 5780 2928 5865 Combel‘.,
2960 5784 3205 5865 συνέλθῃ.

385 5877 498 5925 nus
533 5860 723 5923 laudis
748 5859 1060 5926 merentur
1078 5859 1297 5924 collata
1324 5859 1486 5923 inter
1522 5877 1611 5924 se.
1647 5884 1679 5918 ιν
