4126 6402
231 272 316 339 65

1248 270 1528 337 ORATIO
1571 264 1847 339 XXVIII.
1891 308 1970 323 ο·-
2015 268 2488 342 TIIEOLOGICA
2535 278 2613 341 II.

3547 285 3628 351 66

227 404 494 471 εστηκότα
524 405 662 463 κατὰ
691 404 791 475 τῆν
820 406 973 485 φύσιν
1002 423 1018 483 ;
1054 411 1198 469 Τίνες
1231 408 1285 468 δὲ
1340 415 1533 489 πηγῶν
1568 414 1618 469 αἱ
1674 418 1886 490 πρῶται

1978 411 2541 504 disputationibus?
2572 415 2939 497 Praeceptum
2994 416 3392 483 circumdedit
3439 438 3626 504 super

225 493 418 573 πηγαὶ,
467 495 726 573 ζήτησον,
762 493 1026 578 ἄνθρωπε,
1081 498 1136 556 εἴ
1179 500 1229 559 τί
1271 524 1353 559 σοι
1394 502 1595 559 τούτων
1640 501 1887 585 ἐξιχνεῦ-

227 607 317 643 σαι
348 583 383 653 ἢ
428 587 601 675 silper
632 585 851 646 δυνατόν
884 608 901 661 ς
935 591 1024 646 καὶ
1054 589 1132 654 τίς
1164 591 1193 647 ὁ
1226 605 1497 666 ποταμοῖς
1534 590 1662 674 (Ἡ)
1697 583 1892 675 σχίσας

226 678 317 733 καὶ
372 674 525 733 πεδία
568 678 657 733 καὶ
699 676 823 756 ὅρη,
871 680 957 735 καὶ
1017 678 1132 743 δοὺς
1176 682 1268 738 τὸν
1316 679 1508 760 δρόμον
1569 683 1892 760 ἀκώλυτονς

226 768 321 828 καὶ
367 773 483 830 πῶς
542 767 603 824 ἐκ
662 774 769 827 τῶν
796 770 1051 827 ἒναντὶων
1082 772 1142 828 τὸ
1172 771 1367 848 θαῦμα,
1426 774 1566 848 μήτε
1622 772 1896 842 θαλάσσης

229 857 569 932 ἑπεξιούσης,
630 859 771 934 μήτε
842 866 1099 936 ποταμῶν
1172 862 1522 939 ἱσταμένων,
1586 866 1675 928 Τίς
1750 862 1805 920 δὲ
1861 865 1896 933 ἡ

233 956 343 1009 τῶν
376 946 579 1006 ὑδάτων
610 949 781 1029 τροφὴ
813 949 968 1029 (7‘2),
1005 952 1093 1008 καὶ
1156 953 1207 1008 τί
1249 953 1310 1010 τὸ
1362 953 1566 1020 ταύτης
1625 953 1893 1034 διάφορον,

232 1044 340 1099 τῶν
401 1039 499 1116 μὲν
554 1038 750 1096 ἄνωθεν
804 1037 1134 1121 ἀρδομένων,
1171 1040 1272 1098 τῶν
1301 1040 1355 1098 δὲ
1402 1056 1524 1110 ταῖς
1576 1044 1740 1122 ῥίζαις
1787 1066 1893 1101 πο-

1972 503 2183 565 faciem
2206 522 2374 585 aqum
2390 504 2465 565 9°.
2492 509 2622 569 Hoc
2650 507 2911 569 humidae
2937 516 3163 570 naturae
3184 510 3487 572 vinculum
3508 503 3622 575 est.

1978 595 2101 657 Iam
2128 596 2428 675 quomodo
2454 603 2795 658 terrestrem
2825 598 3111 660 nautilum
3136 598 3353 679 exiguo
3381 600 3536 680 ligno
3560 620 3629 663 ac

1980 691 2151 742 ventu
2184 682 2388 742 ducit?
2414 682 2561 762 (Hoc
2596 698 2654 745 tu
2689 704 2822 746 cum
2848 686 3070 760 cernis,
3096 706 3211 747 non
3233 688 3627 751 admiratione

1980 772 2258 850 defugeris
2280 779 2308 836 ?
2334 773 2460 835 Non
2497 793 2666 836 mens
2699 785 2861 837 extra
2905 794 2970 837 se
3001 776 3318 859 rapitur?)
3353 779 3536 860 quue
3568 789 3629 842 ut

1984 881 2144 923 mare
2168 881 2235 923 ac
2259 872 2414 924 terra
2438 865 2957 927 commoditatibus
2985 876 3042 929 et
3067 868 3445 930 commerciis
3469 869 3629 933 inter

1980 970 2044 1013 se
2087 951 2436 1023 vinciantur,
2470 953 2611 1014 5l8
2639 974 2708 1017 ac
2739 974 2828 1029 ea,
2862 976 2993 1038 qum
3039 964 3247 1019 natura
3275 959 3423 1020 adeo
3475 960 3627 1022 inter

1978 1059 2042 1105 se
2076 1041 2392 1119 dissident,
2414 1044 2483 1105 ad
2517 1044 2775 1106 hominis
2805 1066 2977 1108 usum
3004 1049 3441 1129 conjungantur
3466 1056 3494 1114 ‘?
3514 1049 3626 1123 Qui

229 1129 551 1207 τιζομένων,
610 1128 704 1186 ἵνα
758 1151 810 1186 τι
873 1131 961 1187 καὶ
1013 1130 1174 1195 αὐτὸς
1232 1135 1622 1214 κατατρυφήσω
1670 1136 1763 1192 τοῦ
1790 1132 1886 1191 λό-

1978 1151 2150 1213 porro
2173 1131 2421 1194 fontium
2451 1134 2625 1213 primi
2647 1135 2861 1213 fontes,
2887 1128 3337 1217 quaerasvelim,
3356 1159 3389 1201 ο
3417 1140 3620 1217 homo,

225 1245 347 1302 γον,
384 1227 514 1278 Θεοῦ
544 1220 643 1286 τὴν
688 1221 888 1300 τρυφὴν
913 1217 1265 1297 ἐξηγούμενος
1302 1242 1318 1296 ;

1978 1225 2021 1281 si
2056 1221 2194 1304 quid
2231 1222 2439 1285 horum
2466 1224 2822 1303 inwstigare
2844 1236 2943 1287 aut
2969 1227 3240 1289 invenire
3263 1239 3469 1309 potes:
3501 1239 3623 1291 tum

220 1312 357 1394 quis
386 1310 579 1375 ﬂuviis
610 1328 852 1402 campos
882 1320 942 1375 et
972 1320 1206 1402 montes
1248 1312 1557 1391 dissecuit,
1591 1335 1659 1379 ac
1682 1317 1941 1381 liberum
1973 1334 2216 1379 cursum
2253 1319 2337 1378 eis
2360 1318 2691 1380 concessit?
2722 1318 2847 1392 Quo
2881 1322 3060 1383 etiam
3099 1331 3264 1402 pacto
3294 1343 3361 1385 ex
3393 1334 3624 1387 contra-

214 1402 328 1465 riis
362 1402 547 1465 rebus
578 1400 929 1496 miraculum
964 1401 1232 1496 easistat,
1268 1404 1555 1496 dumgnec
1584 1426 1747 1470 mare
1779 1426 2035 1490 unquam
2068 1408 2418 1486 regurgital,
2457 1428 2566 1470 nec
2597 1410 2757 1470 fluvii
2809 1400 3169 1475 subsistunt?
3201 1412 3294 1475 Ad
3328 1414 3457 1481 haec
3487 1435 3619 1496 qua:

219 1512 512 1585 aquarum
545 1491 852 1585 alimonia,
885 1492 1162 1574 quodque
1193 1493 1373 1585 hujus
1402 1494 1753 1576 discrimen,
1787 1498 2009 1581 quippe
2039 1515 2134 1559 res
2173 1498 2440 1577 quaedam
2474 1508 2632 1570 sunt,
2670 1518 2799 1581 quae
2830 1500 3095 1581 desuper
3126 1501 3414 1581 rigantur,
3449 1491 3616 1585 quae-

217 1584 355 1677 dam
388 1580 850 1677 rursumquibus
879 1589 1049 1677 potus
1080 1600 1187 1664 per
1218 1584 1450 1677 radices
1477 1604 1617 1677 suas
1638 1588 2076 1670 suppeditatur,
2108 1596 2169 1648 ut
2198 1587 2327 1668 ipse
2359 1605 2596 1669 quoque
2628 1580 2912 1652 delicioso
2945 1580 3203 1653 dicendi,
3219 1611 3439 1671 genere
3466 1580 3620 1677 utar,

221 1674 370 1736 dum
404 1672 509 1737 Dei
538 1671 781 1735 delicias
810 1670 1081 1735 oratione
1111 1673 1478 1754 complector
1501 1676 1532 1737 i

314 1769 457 1834 KH'.
504 1759 654 1847 ’Ἄγε
713 1766 778 1837 δὴ
828 1773 932 1847 γῆν
985 1768 1159 1846 ἀφεὶς,
1194 1772 1281 1827 καὶ
1330 1772 1397 1828 τὰ
1426 1775 1544 1851 περὶ
1573 1778 1699 1852 γῆν,
1759 1775 1886 1854 πρὸς

2056 1770 2321 1836 XXVIII.
2358 1770 2473 1835 Sed
2521 1774 2645 1852 jam
2689 1773 2872 1837 missa
2922 1775 3072 1837 facta
3123 1783 3299 1852 terra,
3329 1775 3626 1860 rebusque

225 1864 320 1921 τὸν
363 1862 496 1941 ἀέρα
551 1860 861 1939 κουφίσθητι
904 1871 1024 1925 τοῖς
1067 1864 1167 1926 τῆς
1211 1858 1441 1926 διανοίας
1489 1878 1734 1943 πτεροῖς,
1797 1864 1889 1921 ἵνα

223 1975 307 2011 σοι
339 1948 460 2009 καθ’
492 1948 610 2007 ὁδὸν
634 1952 661 2006 ὁ
686 1949 847 2028 λόγος
882 1950 1049 2028 προίῃ
1083 1953 1098 1981 ‘
1133 1949 1380 2008 κάκεῖθεν
1424 1951 1601 2020 ἀνάξω
1656 1975 1715 2011 σε
1752 1957 1886 2033 πρὸς

217 2041 287 2103 τά
331 2041 572 2120 οὐράνια,
618 2042 705 2101 καὶ
790 2040 882 2097 τὸν
962 2040 1182 2113 οὐρανὸν
1256 2042 1436 2115 οὖτὸν,
1492 2046 1581 2100 καὶ
1631 2045 1698 2103 τὰ
1754 2045 1885 2122 ὑπὲρ

218 2132 464 2211 οὐρανόν.
502 2132 599 2189 Καὶ
629 2142 748 2194 τοῖς
781 2128 903 2197 ἑξῆς
948 2129 1098 2185 ὀκνεῖ
1132 2130 1228 2205 μὲν
1260 2128 1558 2209 προσϐῆναι
1614 2137 1645 2189 ὁ
1693 2132 1879 2214 λόγος,

218 2218 588 2301 προσϐήσεται
654 2218 710 2276 δὲ
772 2218 921 2295 ὅμως
979 2219 1176 2277 ὁπόσον
1233 2217 1448 2287 ἔξεστιν.
1518 2224 1604 2290 Τίς
1660 2226 1688 2281 ὁ
1747 2224 1881 2306 χέας

220 2314 377 2392 ἀέρα,
439 2312 532 2367 τὸν
575 2308 741 2367 πολὺν
794 2313 980 2369 τοῦτον
1039 2307 1268 2367 πλοῦτον
1322 2312 1411 2369 καὶ
1474 2311 1721 2394 ἄφθονον,
1784 2319 1879 2375 οὐκ

220 2400 418 2481 ἀξίαις,
463 2404 524 2460 οὐ
564 2399 759 2480 τύχαις
804 2398 1185 2478 μετρούμενον,
1220 2400 1323 2479 οὐχ
1370 2396 1514 2479 ὅροις
1574 2402 1875 2480 κρατούμε-

225 2513 339 2565 νον,
403 2492 507 2571 οὐχ
559 2488 793 2558 ἡλικίαις
853 2489 1221 2568 μεριζόμενον,
1272 2486 1408 2545 ἀλλὰ
1454 2491 1590 2547 κατά
1639 2493 1739 2559 τὴν
1787 2499 1880 2550 τοῦ

230 2580 401 2655 μάννα
457 2578 739 2655 διαμονὴν,
829 2578 1110 2658 αὐταρκείᾳ
1183 2577 1733 2658 περιλαμϐανόμενον,
1794 2584 1882 2640 καὶ

230 2669 497 2747 ἰσομοιρίᾳ
538 2668 841 2746 τιμώμενον
873 2687 891 2750 ς
922 2669 984 2725 τὸ
1012 2671 1111 2737 τῆς
1160 2672 1371 2737 πτηνῆς
1426 2669 1636 2749 φάσεως
1663 2669 1879 2751 ὄχημα,

1976 1863 2253 1938 terrenis,
2290 1862 2513 1925 indutis
2544 1864 2727 1926 animi
2764 1865 2973 1945 pennis
3003 1865 3062 1925 in
3106 1884 3313 1927 aerem
3348 1868 3619 1944 convola,

1974 1962 2035 2012 ut
2066 1962 2226 2014 recto
2261 1952 2474 2014 ordine
2509 1954 2924 2034 progrediatur
2955 1955 3143 2017 oratio
3171 1977 3184 2018 :
3218 1974 3286 2018 ac
3316 1956 3535 2019 deinde
3566 1965 3624 2020 te
3668 1968 3669 1971 “

1972 2042 2139 2105 illinc
2166 2042 2237 2103 ad
2272 2043 2562 2123 cmlestia,
2596 2044 2935 2125 coelumque
2965 2044 3116 2106 adeo
3150 2045 3371 2128 ipsum,
3400 2055 3458 2108 et
3493 2066 3623 2128 qua;

1969 2135 2120 2195 caelo
2153 2132 2470 2212 superiora
2503 2143 2660 2208 sunt,
2706 2136 2977 2198 eveham.
3011 2133 3359 2216 Quanquam
3403 2137 3476 2199 ad
3528 2156 3618 2213 ea,

1965 2241 2096 2304 quae
2130 2222 2419 2302 deinceps
2450 2233 2806 2304 sequuntur,
2830 2223 3118 2286 accedere
3138 2225 3352 2305 refugit
3380 2226 3621 2307 quidem

1962 2330 2030 2374 ac
2064 2311 2412 2373 reformidat
2443 2314 2629 2375 oratio
2662 2335 2679 2391 ;
2713 2314 2815 2375 sed
2851 2322 3047 2376 tamen
3083 2324 3362 2396 quantum
3393 2317 3617 2395 licebit,

1962 2401 2230 2463 accedet.
2268 2401 2412 2474 Quis
2435 2422 2635 2465 aerem
2663 2403 2837 2478 fudit,
2866 2404 3142 2480 uberum,
3168 2406 3433 2487 inquam,
3461 2408 3620 2471 hunc

1964 2500 2023 2552 et
2053 2492 2359 2571 copiosum
2394 2492 2765 2566 thesaurum,
2801 2513 2917 2557 non
2948 2514 3054 2575 pro
3086 2496 3377 2577 cujusque
3422 2497 3621 2576 digni-

1968 2588 2087 2643 tate
2117 2589 2290 2662 atque
2331 2581 2583 2643 fortunis
2626 2583 2784 2645 varie
2833 2585 3195 2665 dimensum,
3231 2604 3349 2647 non
3399 2586 3619 2649 finibus

1968 2671 2107 2733 ullis
2144 2670 2436 2732 inclusum
2459 2691 2527 2733 ac
2544 2672 3091 2755 circumscriptum,
3112 2694 3229 2736 non
3251 2694 3356 2756 pro
3379 2685 3613 2738 aetatum

221 2761 323 2830 τὴν
366 2760 578 2837 ἀνέμων
608 2757 783 2839 ἕδραν,
812 2760 909 2828 τὴν
939 2760 1092 2839 ὡρῶν
1122 2758 1410 2840 εὐκαιρίαν,
1443 2759 1542 2828 τὴν
1588 2760 1739 2832 ζώων
1769 2765 1875 2838 ψύ-

1978 2760 2200 2822 ratione
2229 2758 2634 2836 distributum,
2667 2780 2897 2842 verum,
2931 2762 3089 2843 quod
3131 2763 3272 2825 olim
3306 2764 3365 2825 in
3401 2783 3618 2828 manna

218 2849 630 2932 χωσιν,μᾱλλον
659 2848 714 2906 δὲ
745 2855 843 2917 τῆς
874 2854 1057 2930 ψυχῆς
1088 2850 1220 2928 πρὸς
1252 2851 1314 2906 τὸ
1349 2855 1505 2924 σῶμα
1526 2852 1870 2933 συντήρησιν,

1978 2848 2311 2931 :ontigit‘“,
2347 2860 2632 2930 quantum
2681 2852 2898 2933 cuique
2942 2864 3033 2916 sat
3080 2852 3179 2929 sit,
3214 2854 3609 2933 impertitum,

213 2941 269 2997 ἐν
296 2942 343 3016 ᾧ
370 2941 718 3021 σώματα,καὶ
748 2940 867 3016 μεθ’
896 2942 954 2997 οὒ
984 2938 1168 3024 λόγος,
1203 2938 1259 2994 ὲν
1280 2939 1325 3014 ᾧ
1345 2940 1455 3020 φῶς
1486 2940 1575 2997 καὶ
1604 2942 1665 2998 τὸ
1697 2962 1871 3022 φωτι-

1978 2949 2134 3021 itque
2168 2938 2582 3021 mquabilitatis
2615 2942 2844 3003 honore
2877 2942 3226 3003 decoratum
3250 2942 3281 3002 ‘I
3311 2941 3479 3024 Quis,
3511 2944 3611 3005 in-

212 3032 465 3112 ζόμενον,
512 3018 663 3100 καὶτή
694 3029 840 3107 ὄψις,
874 3034 910 3101 ἡ
942 3018 1018 3088 δι’
1076 3032 1233 3105 αὐτοῦ
1274 3018 1463 3108 ῥέουσα
1498 3048 1513 3111 ;
1562 3018 1761 3089 Σκόπει
1818 3029 1873 3087 δέ

1978 3018 2159 3111 luam,
2216 3018 2329 3091 lioc
2393 3030 2589 3091 avium
2652 3030 3018 3113 vehiculum,
3076 3032 3231 3094 hanc
3297 3018 3606 3095 ventorum

213 3145 304 3200 μοι
338 3125 428 3180 καὶ
456 3124 524 3180 τὰ
555 3121 676 3190 ἑξῆς
714 3138 728 3152 ⁶
780 3121 840 3177 ού
896 3122 996 3200 γὰρ
1040 3123 1421 3201 συγχωροὸμαι
1467 3127 1543 3197 τῷ
1586 3120 1699 3201 ἀέρι
1743 3120 1869 3180 δοῦ-

1978 3120 2185 3192 :edem,
2216 3120 2327 3182 hoc
2358 3123 2744 3193 elementum,
2772 3140 2888 3201 quo
2922 3129 2978 3182 et
2999 3121 3139 3182 anni
3168 3130 3364 3202 partes
3387 3130 3611 3203 tempe-

212 3236 296 3273 ναι
339 3213 440 3282 τὴν
470 3212 682 3269 ἅπασαν
713 3211 1017 3269 δυναστείαν
1062 3218 1169 3267 τῶν
1221 3218 1314 3269 τοῦ
1368 3210 1522 3291 ἀέρος
1577 3216 1717 3269 εἶναι
1778 3235 1868 3270 νο·

1978 3220 2184 3292 'antur,
2221 3219 2278 3272 et
2308 3212 2647 3272 animantur
2676 3213 3026 3292 animantia,
3063 3211 3148 3273 vel
3182 3211 3379 3274 anima
3410 3216 3609 3294 potius

216 3302 547 3379 μιζομὲνων,
606 3304 730 3361 Τίνα
775 3303 873 3379 μὲν
916 3301 1125 3378 ἀνέμων
1164 3314 1414 3381 ταμεῖας
1484 3300 1619 3366 τίνες
1662 3304 1870 3369 θησαυ-

1978 3319 2088 3361 :um
2115 3319 2365 3381 corpore
2386 3312 2793 3376 conservatur,
2822 3302 2878 3362 in
2905 3322 3019 3382 quo
3052 3320 3325 3383 corpora,
3352 3311 3410 3364 et
3441 3305 3610 3383 cujus

218 3395 298 3472 ροὶ
342 3396 585 3475 χιόνοςς
644 3395 731 3460 Τίς
777 3390 832 3450 δὲ
889 3394 917 3449 ὃ
965 3393 1196 3458 τετοκὼς
1254 3390 1457 3469 βώλους
1502 3390 1618 3466 (73)
1659 3389 1867 3472 δρόσου,

1978 3409 2067 3471 ipe
2098 3400 2275 3471 atque
2309 3392 2657 3471 adjumento
2692 3391 3014 3472 loquimur,
3051 3394 3110 3452 in
3142 3411 3256 3472 quo
3292 3393 3516 3467 lumen,
3553 3402 3612 3457 et

219 3486 355 3542 κατὰ
408 3487 474 3545 τὸ
522 3487 943 3565 γεγραμμένον,
999 3479 1098 3540 Ἐκ
1153 3484 1382 3561 γαστρὸς
1437 3481 1492 3538 δὲ
1531 3485 1670 3546 τίνος
1714 3482 1873 3540 ἐκπο-

1978 3499 2050 3543 'es
2110 3480 2335 3543 lumine
2388 3480 2664 3562 perfusae,
2697 3491 2873 3561 atque
2922 3479 3053 3561 ipse
3099 3481 3280 3544 etiam
3333 3492 3608 3562 aspectus

218 3576 421 3654 ρεύεται
480 3574 849 3657 κρύσταλλος
912 3573 999 3639 Τίς
1056 3575 1084 3631 ὁ
1131 3571 1400 3648 δεσμεύων
1452 3570 1588 3652 ὕδωρ
1659 3571 1714 3628 ἐν
1783 3595 1869 3629 νε-

1978 3589 2061 3631 ier
2093 3590 2225 3631 cum
2249 3570 2493 3631 ﬂuens?
2521 3569 2699 3632 Volve
2715 3570 2839 3649 jam
2872 3571 3073 3630 animo
3102 3588 3173 3631 ea
3196 3588 3327 3650 quae
3352 3588 3609 3651 sequun-

214 3664 423 3745 φίλαις,
474 3667 564 3723 καὶ
620 3668 683 3725 τὸ
739 3664 837 3743 μὲν
892 3664 1039 3727 ἰστάς
1099 3661 1185 3719 ἐπὶ
1228 3668 1335 3719 τῶι
1378 3659 1608 3740 νεφελῶν
1663 3661 1727 3735 (ὣ
1778 3668 1871 3719 τοῦ

1982 3680 2089 3725 ur:
2126 3679 2236 3721 nec
2269 3661 2427 3722 enim
2466 3660 2610 3721 mihi
2636 3659 2724 3721 fas
2755 3669 2845 3721 est
2875 3661 3002 3721 aeri
3024 3660 3366 3721 universum
3400 3678 3602 3721 earum

210 3756 479 3832 θαύματος
502 3761 544 3827 I)
600 3754 747 3835 λόγῳ
788 3752 1156 3833 κρατουμένην
1200 3752 1352 3833 φύσιν
1402 3749 1523 3832 (ἶ4)
1570 3751 1668 3819 τὴν
1710 3750 1866 3830 ῥέου-

1978 3770 2151 3813 erum
2178 3750 2497 3829 imperium
2520 3750 2745 3829 largiri,
2765 3768 2897 3831 quae
2918 3749 3074 3811 aeris
3096 3768 3230 3813 esse
3255 3759 3602 3814 censentur.

208 3868 329 3922 σαν,
375 3849 439 3905 τί)
496 3845 555 3902 δὲ
599 3845 807 3927 ὲκχὲων
857 3843 979 3925 (75)
1038 3843 1125 3902 ἐπὶ
1172 3844 1456 3922 πρόσωπον
1513 3842 1695 3909 πάσης
1765 3844 1866 3909 τῆς

1978 3839 2092 3913 Quae
2123 3850 2431 3902 ventorum
2469 3841 2925 3921 promptuaria?
2962 3840 3073 3913 Qui
3110 3841 3257 3901 nivis
3291 3841 3605 3903 thesauri?

201 3941 326 4019 γῆς,
378 3938 469 3996 καὶ
530 3937 759 4015 σπείρων
808 3937 1025 4016 καιρίως
1092 3935 1182 3994 καὶ
1250 3934 1546 4010 ὁμοτίμως,
1604 3933 1693 3989 καὶ
1750 3930 1865 3990 οὐδὲ

1978 3929 2092 4003 luis
2125 3950 2277 3993 roris
2303 3931 2515 4007 stillas,
2553 3943 2616 3991 ut
2648 3950 2782 3992 cum
2818 3930 3122 4012 Scriptura
3154 3932 3381 4019 loquar,
3418 3948 3601 4012 pepe-

199 4027 366 4106 ἆφιεὶς
397 4028 616 4085 ἅπασαν
651 4024 782 4107 (76)
836 4026 935 4094 τὴν
991 4025 1153 4105 ὑγρὰν
1205 4024 1385 4082 οὐσίαν
1442 4020 1720 4101 ἐλευθέραν
1778 4024 1866 4079 καὶ

1978 4021 2074 4082 il?
2104 4022 2151 4083 Ε
2201 4022 2370 4101 cujus
2418 4032 2583 4082 utero
2636 4020 2855 4100 glacies
2903 4040 3142 4101 egressa
3191 4033 3278 4084 est
3310 4018 3414 4081 99‘?
3460 4020 3604 4093 Quis

203 4116 435 4198 ἄσχετον
487 4119 668 4196 (ἀρκεῖ
724 4119 825 4197 γὰρ
866 4118 901 4185 ἦ
960 4116 1046 4173 ἐπὶ
1104 4114 1222 4174 Νῶε
1297 4115 1573 4193 κάθαρσις,
1635 4113 1721 4169 καὶ
1764 4117 1863 4180 τῆς

1978 4130 2157 4191 quam
2183 4113 2240 4172 in
2274 4111 2531 4173 nubibus
2553 4111 2753 4189 alligat
2779 4110 2854 4189 93,
2882 4130 3132 4193 eamque
3165 4110 3222 4193 (ο
3247 4130 3370 4173 rem
3402 4112 3601 4173 admi-

210 4184 391 4269 ὲαύτοῦ
460 4184 749 4278 διαθήκης¹
786 4184 881 4263 οὐκ
933 4204 1248 4281 ἐπιλήσμων
1320 4202 1348 4259 ὃ
1419 4184 1862 4282 ἀψευδὲστατος),

1980 4184 2194 4263 audam
2222 4203 2265 4280 ἓ)
2297 4202 2510 4283 partim
2538 4202 2595 4262 in
2628 4184 2888 4266 nubibus
2917 4184 3049 4281 figit
3068 4184 3251 4264 verbo
3284 4220 3599 4283 compres-

209 4297 324 4356 οὒτε
378 4299 599 4379 ἀνέχων
642 4298 998 4379 παντάπασιν,
1044 4295 1138 4353 ’ἱνα
1182 4296 1259 4371 μὴ
1304 4293 1465 4351 πάλιν
1500 4282 1679 4349 Ἠλίου
1722 4295 1864 4354 τινὸς

1982 4309 2103 4371 am,
2133 4282 2362 4353 tametsi
2398 4300 2602 4352 natura
2626 4310 2730 4353 sua
2761 4292 2980 4354 fluxam
3016 4301 3075 4355 et
3095 4291 3356 4360 labilem.
3385 4282 3597 4373 partim

206 4384 502 4467 δεηθῶμεν,
540 4389 638 4457 τὴν
663 4385 931 4468 ξηρότητα
978 4383 1197 4451 λύοντος
1233 4404 1251 4466 ;
1288 4381 1415 4443 Ἐὰν
1468 4381 1676 4460 κλείσῃ,
1710 4384 1864 4464 φησὶ,

1978 4400 2010 4440 n
2041 4381 2221 4444 totius
2252 4390 2427 4443 terra:
2457 4380 2665 4443 faciem
2708 4382 2981 4456 effundit,
3017 4400 3085 4443 ac
3138 4381 3487 4462 tempestive
3540 4389 3602 4445 et

206 4479 300 4535 τὸν
340 4480 589 4559 οὐρανὸν,
648 4479 726 4544 τίς
782 4475 1027 4559 ἀνοίξεις
1068 4476 1157 4533 ἐὰν
1202 4472 1257 4531 δὲ
1319 4472 1502 4541 ἀνοίξη
1562 4474 1683 4536 τοὺς
1726 4495 1865 4530 κατ-

1978 4470 2161 4552 equali
2198 4471 2375 4533 modo
2403 4472 2625 4551 spargit
2654 4493 2667 4530 :
2694 4490 2763 4533 ac
2794 4490 2988 4553 neque
3018 4470 3323 4534 humidam
3354 4490 3595 4534 omnem

208 4569 470 4653 αράδιτας,
528 4570 606 4635 τίς
664 4569 915 4652 συνέξει,
970 4570 1048 4632 τίς
1096 4566 1238 4624 οἴσει
1282 4567 1382 4635 τὴν
1452 4563 1539 4622 ἐπ’
1589 4562 1863 4660 ἀμφότερα

1982 4560 2336 4660 ubstantiam
2372 4558 2618 4660 liberam
2648 4570 2704 4622 et
2737 4561 2989 4623 solutam
3037 4560 3325 4660 relinquit
3356 4560 3599 4660 (sufﬁcit

203 4665 296 4717 τοῦ
350 4648 645 4734 διτίζοντθς
702 4648 979 4740 ἀμετρᾶν,
1036 4657 1129 4715 ἐὰν
1188 4656 1268 4734 μὴ
1329 4667 1449 4721 τοῖς
1516 4652 1702 4711 ἐαυτοῦ
1759 4653 1886 4729 μέέ

1978 4650 2107 4713 enim
2173 4650 2442 4740 purgatio
2487 4651 2613 4727 illa,
2650 4670 2782 4730 qum
2836 4659 3109 4731 tempore
3152 4648 3278 4713 Noe
3327 4650 3593 4733 contigit,

202 4771 343 4826 τροις
399 4754 489 4810 καὶ
549 4739 851 4830 σταθμοῖς,
897 4746 1189 4827 διεξαγάγη
1242 4742 1362 4823 (ἿἿ)
1416 4748 1483 4804 τὰ
1536 4745 1859 4825 σύμπαντα;

1978 4740 2219 4822 iactique
2242 4741 2332 4801 sui
2348 4739 2404 4783 94
2420 4742 2771 4803 memoriam
2799 4742 3252 4822 haudquaquam
3277 4741 3327 4803 is
3351 4741 3593 4822 abjecit,

203 4841 262 4898 TI
290 4864 380 4917 μοι
413 4841 798 4923 φιλοσοφήσεις
856 4841 973 4921 περὶ
1034 4838 1318 4919 ἀστραπῶν
1367 4840 1453 4895 xxi
1497 4837 1757 4916 βροντῶν,
1816 4836 1863 4889 ὦ

1978 4832 2049 4911 iui
2080 4830 2152 4892 ab
2185 4830 2347 4892 omni
2381 4832 2693 4894 mendacio
2726 4841 2815 4894 est
2838 4831 3290 4912 alienissimus),
3315 4851 3427 4895 nec
3452 4850 3596 4895 rur-

204 4920 438 5009 βροντῶν
483 4932 596 4989 ἀπὸ
628 4920 751 5011 γῆς
810 4930 896 5011 σύ,
980 4930 1069 4987 καὶ
1128 4927 1245 4987 οὐδὲ
1303 4940 1519 5007 μικροῖς
1577 4927 1860 5005 σπινθῆραι

1982 4941 2050 4984 us
2083 4920 2328 4984 omnino
2360 4921 2608 4998 inhibet,
2643 4941 2719 4986 ne
2747 4922 2963 4985 iterum
2998 4920 3126 4984 Elia
3156 4923 3412 5004 quodam
3446 4941 3596 5004 opus

279 5064 344 5116 90
369 5064 483 5129 Job
514 5080 673 5139 xxvr,
707 5063 807 5127 10.
851 5064 907 5115 94
940 5061 1138 5127 Exod.
1171 5077 1291 5137 xvr,
1331 5059 1404 5123 18
1435 5076 1605 5140 seqq.
1647 5056 1709 5109 92
1737 5057 1847 5121 Job
1876 5075 2113 5134 xxxvm,
2152 5057 2256 5138 ‘28,
2290 5056 2387 5121 29.
2436 5056 2490 5101 93
2525 5058 2675 5121 Psal.
2712 5076 2944 5143 cxxxw,
2978 5060 3013 5123 7
3054 5057 3121 5109 οι
3148 5057 3298 5122 Gen.
3332 5075 3414 5139 rx,
3456 5060 3553 5125 12.

316 5186 414 5267 7t)
447 5194 751 5262 Ποταμοῖς.
780 5183 880 5248 Sic
908 5183 1087 5247 codd.
1122 5183 1185 5246 1n
1214 5183 1340 5259 ed.,
1370 5183 1666 5267 ποταμούς.

2189 5183 2456 5267 hit/“ium.
2492 5184 2591 5247 Sic
2622 5185 2739 5248 duo
2762 5187 2975 5267 Regg.,
3008 5184 3109 5248 Or.
3148 5184 3176 5245 1
3215 5192 3273 5245 et
3296 5183 3507 5247 Comb.
3528 5182 3594 5246 In

348 5263 412 5342 2')
440 5267 1074 5349 TpoqivCJAIimonia,»
1113 5284 1231 5349 non
1256 5281 1372 5345 qua
1400 5263 1635 5326 alantur
1662 5283 1851 5347 aquae,

1979 5264 2011 5325 ά
2025 5263 2083 5349 τί
2100 5265 2316 5349 ἐκχέοι),

201 5346 307 5410 sed
324 5368 445 5430 qua
466 5346 573 5411 res
595 5348 745 5410 alias
763 5348 1108 5430 ipsaeque
1140 5346 1327 5430 aiunt.

277 5427 397 5511 (73)
430 5431 666 5495 Βώλους.
701 5427 806 5494 Sic
857 5427 953 5492 1.x

194 5506 338 5576 λους.

268 5594 394 5676 (74)
431 5597 615 5657 Φύσιν.
652 5596 798 5674 Reg.
831 5595 1037 5675 Cypra,
1068 5591 1169 5659 τὴν
1197 5593 1371 5673 φύσιν.

2026 5332 2469 5427 (ἾϐβἈπαυν,
2507 5351 2655 5425 Reg.
2690 5346 2889 5427 Cypr.,
2943 5347 3131 5425 ἅπασι,
3166 5343 3357 5426 quasi,
3393 5347 3593 5406 παντᾶ.

1015 5473 1028 5488 .
1079 5435 1137 5490 et
1192 5425 1296 5490 Or.
1344 5426 1402 5488 1.
1465 5423 1532 5487 In
1574 5426 1699 5492 οὐ..
1760 5427 1851 5505 βό-
1932 5423 2087 5507 «ﬁt,
2124 5423 2149 5482 ἀ
2189 5430 2461 5509 omnino,
2494 5423 2828 5508 prorsus.»

2012 5505 2133 5583 (7’7)
2170 5505 2507 5590 Διεξαγάγῄί
2530 5510 2653 5587 Reg
2713 5526 2768 5583 a,
2804 5519 2865 5572 et
2896 5509 3000 5571 Or.
3043 5510 3093 5582 l,
3118 5505 3360 5587 διεξάγῃ.
