4126 6422
523 292 602 368 67
1788 306 1849 369 S.
1895 302 2260 370 GREGORII
2307 296 2687 367 THEOLOGI
3848 296 3942 366 68

538 445 895 527 habeamus,
931 446 1031 527 qui
1090 445 1419 509 siccitatem
1477 446 1619 509 διθ
1674 447 1930 527 depellat
1965 444 2077 506 95?
2122 441 2180 504 Si

2282 444 2363 507 τῆς
2394 438 2646 508 ἀληθείας
2677 438 2989 516 λαμπόμενε
3025 460 3041 521 ς
3076 440 3231 503 τίνας
3262 437 3463 515 ἀτμοὺς
3489 438 3596 495 ἀπὸ
3642 440 3745 517 γῆς
3793 438 3851 514 (Ἷ
3859 435 3931 517 8)

534 536 822 598 clauserit
849 538 1060 598 coelum
1081 534 1159 611 9°,
1189 536 1375 618 inquit
1411 535 1742 616 Scriptura,
1768 536 1891 616 quis
1916 534 2191 615 aperiet?

2282 531 2484 606 ιίτιςίσῃ
2571 531 2758 610 νέφους
2828 528 3201 610 δημιουργοὺς,
3304 528 3339 597 ἢ
3416 528 3567 607 ἀέρος
3657 529 3937 585 πύκνωσίν

537 624 598 688 Si
626 636 823 689 autem
858 637 1179 688 cataractas
1211 617 1518 705 aperuerit
1544 625 1624 704 97,
1650 627 1785 707 quis
1814 626 2138 688 continebit
2164 630 2191 682 Ἰ

2282 643 2409 699 τινα,
2464 620 2493 688 ἢ
2546 627 2717 700 νεφῶν
2771 626 2876 677 τῶν
2932 621 3260 697 μανωτάτων
3318 619 3519 699 θλίψιν,
3566 618 3602 687 ἢ
3648 617 3931 696 comem,

535 715 680 788 Quis
727 720 882 777 enim
938 716 1342 787 immodicam,
1379 716 1466 777 vel
1522 706 1801 793 pluviam,
1834 716 1922 777 vel
1975 715 2189 795 pluvia:

2282 709 2363 765 ἵνα
2391 713 2426 778 η
2472 710 2569 785 μὲν
2612 709 2787 784 θλίψις
2848 731 2931 767 σοι
2989 710 3087 776 τὴν
3136 708 3438 788 ἀστραπὴν,
3488 711 3522 775 ἠ
3554 706 3607 764 δὲ
3636 706 3781 785 ῥῆξις
3826 707 3937 773 τὴν

534 806 940 868 retentionem
975 806 1302 884 ferret,nisi
1328 806 1427 867 ille
1461 806 1667 885 pluvia:
1696 825 1907 885 parens
1930 804 2179 885 “,Inen-

2282 799 2498 879 Ξροντήν
2530 800 2903 879 ἀπεργάσηται
2938 819 2953 879 ς
2990 814 3148 856 ποῖον
3201 796 3255 855 δὲ
3299 807 3507 871 πνεῦμα
3553 798 3938 877 στενοχωρού-

2938 848 2953 879 7

537 896 695 958 suris
717 895 838 956 suis
861 914 929 956 ac
956 894 1289 956 bilancibus
1312 896 1508 956 omnia
1533 905 1767 975 regeret
1792 914 1858 957 ac
1887 895 2185 973 guberna-

537 993 674 1049 ret?
708 984 892 1058 Quam
929 1002 1072 1047 vero
1116 986 1405 1046 rationem
1440 986 1654 1046 aﬂcres
1702 985 1776 1045 de
1807 985 2074 1065 fulgetris
2119 1003 2187 1045 ac

538 1075 837 1144 tonitruis,
876 1084 959 1149 tu,
996 1074 1262 1155 inquam,
1311 1074 1408 1154 qui
1469 1092 1501 1135 e
1561 1088 1718 1136 terra
1769 1084 1960 1140 tonas,
1996 1094 2061 1135 ac
2110 1092 2185 1135 ne

539 1163 905 1228 tenuissimis
950 1163 1190 1244 quidem
1228 1164 1492 1225 veritatis
1524 1164 1797 1244 igniculis
1830 1165 2019 1242 fulges
2048 1163 2078 1223 ?
2122 1169 2184 1227 In

538 1273 685 1337 quos
716 1272 960 1333 vapores
993 1272 1024 1313 a
1050 1263 1209 1313 terra
1238 1254 1531 1315 excitatos
1578 1254 1755 1333 hujus
1804 1255 1892 1316 rei
1948 1272 2184 1316 causam

539 1344 827 1417 conteres,
849 1360 1069 1423 eosque
1088 1343 1438 1404 nebularum
1457 1354 1734 1424 parentes
1754 1344 1974 1406 etvelut
1999 1344 2189 1403 archi-

2273 912 2455 969 μενον,
2504 890 2628 946 εἶτα
2680 890 2775 946 οὐκ
2818 888 2948 970 ἕχον
3005 887 3255 963 διέξοδον,
3299 886 3395 943 ἵνα
3444 888 3693 966 ἀστράψῃ
3747 883 3942 942 θλιϐό⁶

2272 1002 2455 1056 μενον,
2488 981 2579 1036 καὶ
2604 981 2872 1057 βροντήσῃ
2900 980 3229 1058 ῥηγνύμενον
3262 998 3279 1061 ς
3336 980 3394 1037 Εἰ
3435 981 3527 1035 τὸν
3557 978 3684 1047 ἀέρα
3714 975 3936 1044 διῆλθες

2271 1078 2347 1145 τῷ
2416 1069 2681 1148 λογισμῷ,
2745 1071 2833 1125 καὶ
2891 1068 2989 1126 ὅσα
3046 1070 3162 1148 περὶ
3211 1069 3364 1149 ἀέρα,
3427 1073 3629 1144 ψαῦσον
3682 1065 3786 1135 ἤδη
3834 1068 3937 1123 σὺν

2270 1162 2387 1237 ἐμοὶ
2417 1162 2506 1217 καὶ
2536 1162 2757 1233 οὖρανοῦ
2814 1162 2902 1216 καὶ
2961 1159 3067 1215 τῶν
3109 1162 3387 1239 οὖρα-δίων.
3434 1160 3614 1220 Πίστις
3649 1155 3703 1211 δὲ
3747 1155 3936 1233 ἀγέτω

2270 1251 2431 1309 πλέον
2476 1251 2621 1325 ἡμᾶς
2681 1252 2717 1318 ἢ
2766 1248 2949 1330 λόγος,
3009 1249 3161 1329 εἴπερ
3216 1249 3405 1325 ἔμαθες
3481 1249 3541 1303 τὸ
3605 1246 3819 1308 ἀσθενὲς
3871 1244 3935 1300 ἒν

2270 1355 2388 1404 τοῖς
2446 1339 2732 1419 ἐγγυτέρω,
2764 1342 2854 1395 καὶ
2882 1338 3044 1417 λόγον
3077 1338 3266 1416 ἔγνως,
3314 1343 3391 1412 τῷ
3437 1342 3635 1417 γιῶναι
3678 1337 3745 1391 τὰ
3791 1334 3933 1413 ὑπὲρ

539 1444 727 1495 tectos
754 1452 886 1494 esse
922 1432 1273 1508 contendes,
1309 1443 1407 1493 aut
1436 1434 1613 1496 etiam
1648 1436 1806 1496 aeris
1850 1434 2186 1496 condensa-

2282 1433 2454 1511 λογον,
2514 1429 2608 1485 ’ἕνα
2653 1431 2729 1503 μὴ
2784 1427 3063 1491 παντελῶς
3105 1429 3339 1507 ἒπίγειος
3400 1428 3490 1500 ἦς,
3536 1424 3570 1492 ἤ
3626 1427 3927 1505 περίγειος,

536 1526 757 1584 tionem
788 1523 1226 1603 quamdam,vel
1263 1524 1695 1584 rarissimarum
1733 1525 1979 1586 nubium
2015 1543 2184 1585 cum-

2282 1524 2476 1601 ὶγνοῶν
2505 1522 2593 1575 καὶ
2625 1519 2753 1575 αὐτὸ
2780 1525 2958 1592 τοῦτο,
2992 1518 3093 1584 τὴν
3125 1517 3365 1596 ἄγνοιαν,

539 1613 907 1696 pressionem
949 1622 1005 1696 et
1038 1614 1352 1696 fragorem,
1390 1624 1452 1673 ut
1484 1615 1851 1695 compressio
1879 1617 2118 1696 quidem
2149 1618 2249 1680 illa
2277 1617 2493 1696 fulgur,
2530 1612 2726 1696 fragor
2764 1620 2958 1674 autem
2991 1611 3277 1673 tonitrum
3310 1610 3419 1673 tibi
3444 1611 3660 1696 pariat?
3692 1608 3930 1696 Quem-

538 1690 671 1754 nam
717 1693 892 1754 etiam
941 1690 1151 1754 ﬂatum
1197 1690 1500 1756 astrictum
1552 1690 1731 1776 atque
1776 1690 2209 1776 compressum,
2246 1718 2315 1761 ac
2349 1690 2552 1778 postea
2582 1690 2741 1756 eiitu
2772 1702 3101 1767 carentem,
3134 1699 3197 1753 ut
3226 1700 3287 1754 et
3309 1690 3758 1773 compressione
3787 1690 3932 1768 ipsa

538 1786 822 1865 fulgur,et
854 1790 1234 1867 perruptione
1258 1789 1577 1848 tonitruum
1614 1789 1780 1850 edat?
1811 1790 1975 1862 Quod
2008 1794 2055 1853 si
2087 1812 2285 1855 aerem
2325 1807 2621 1871 aereaque
2673 1788 2875 1849 omnia
2911 1786 3266 1866 cogitatione
3296 1787 3648 1868 peragrasti,
3684 1802 3926 1855 mecum

533 1877 657 1955 jam
690 1876 904 1937 caelum
952 1895 1188 1957 quoque
1238 1896 1305 1938 ac
1355 1877 1617 1939 caelestia
1646 1880 1945 1957 continge.
1992 1884 2283 1945 Cmterum
2313 1881 2528 1944 ducem
2561 1879 2751 1951 potius
2783 1878 2986 1953 ﬁdem,
3028 1894 3203 1958 quam
3245 1876 3534 1938 rationem
3567 1892 3924 1958 sequamur,

535 1965 583 2026 si
619 1966 793 2027 modo
823 1964 1049 2044 ingenii
1082 1966 1161 2025 tui
1194 1965 1661 2028 imbecillitatem
1690 1968 1746 2028 in
1784 1971 2311 2051 propinquioribus
2340 1968 2627 2042 didicisti,
2656 1966 3022 2046 rationisque
3050 1965 3108 2027 id
3141 1983 3275 2027 esse
3295 1964 3645 2046 cognovisti,
3669 1973 3933 2045 ut,quaa-

538 2074 671 2116 nam
701 2066 839 2117 sunt
871 2074 961 2123 ea,
992 2074 1124 2136 quze
1148 2054 1394 2117 rationis
1435 2057 1708 2119 humana;
1747 2069 1981 2139 captum
2019 2063 2337 2136 excedant,
2369 2075 2715 2140 cognoscas;
2749 2075 2826 2117 ne
2854 2055 3075 2137 alioqui
3105 2072 3354 2134 prorsus
3384 2064 3657 2119 terrenus
3684 2056 3784 2130 sis,
3822 2070 3933 2115 re-

536 2143 767 2225 busque
794 2146 1043 2207 terrenis
1075 2145 1414 2221 immersus,
1449 2166 1630 2227 Ipsam
1661 2168 1901 2230 quoque
1933 2150 2324 2229 ignorantiam
2359 2158 2517 2212 tuam
2549 2148 2853 2228 ignorans.

617 2236 817 2301 XXIX.
845 2236 988 2309 Quis
1008 2239 1224 2301 caelum
1249 2240 1600 2319 circumegit
1622 2260 1689 2303 ac
1721 2244 1976 2304 tornavit
2000 2245 2025 2305 ἴ
2047 2244 2192 2317 Quis

2356 2242 2492 2303 κδ’.
2558 2244 2646 2304 Τίς
2706 2241 3034 2319 περιήγαγεν
3089 2240 3331 2319 οὐρανὸν,
3412 2236 3590 2304 ἔταξεν
3650 2237 3925 2318 ἀστέραςς

535 2328 741 2389 stellas
773 2329 985 2390 ordine
1016 2328 1376 2391 collocavit?
1408 2328 1530 2391 Imo
1562 2350 1722 2404 vero,
1748 2343 1809 2393 ut
1842 2352 1973 2415 quae
1996 2334 2192 2413 priora

2282 2333 2479 2411 μᾶλλον
2518 2330 2573 2388 δὲ
2604 2330 2751 2412 (79),
2784 2332 2833 2387 τί
2863 2332 2966 2407 πρὸ
3014 2330 3211 2387 τούτων
3265 2331 3480 2409 οὗρανὸς
3539 2350 3624 2385 και
3682 2327 3932 2408 ἀστέρες,

535 2429 674 2479 sunt
700 2417 918 2487 dicam.
956 2417 1097 2498 quid
1132 2419 1348 2481 coelum
1382 2420 1576 2499 ipsum
1610 2431 1699 2482 est
1725 2424 1753 2484 ?
1779 2422 1931 2495 Quid
1955 2424 2191 2486 stellae?

2282 2428 2427 2505 ἔχοις
2459 2425 2521 2479 ἂν
2563 2424 2761 2495 εἰπεῖν,
2806 2421 2835 2477 ὁ
2874 2420 3164 2501 μετέωρος,
3197 2422 3225 2477 ὁ
3268 2422 3334 2475 τὰ
3392 2420 3444 2475 ἐν
3487 2420 3643 2476 ποσὶν
3690 2418 3933 2499 ἀγνοῶν,

538 2513 626 2569 An
662 2507 863 2570 dicere
897 2508 1007 2570 hoc
1040 2516 1229 2589 potes,
1266 2528 1298 2569 o
1333 2509 1608 2571 sublimis
1648 2512 2029 2593 disputator;
2063 2516 2185 2596 qui,

2282 2518 2361 2573 ui
2416 2512 2533 2572 οὐδὲ
2591 2513 2813 2569 σεαυτὸν
2858 2515 3121 2590 μετρῆσαι
3181 2508 3491 2585 δυνάμενος,
3542 2510 3607 2565 τὰ
3677 2505 3730 2563 δὲ
3796 2508 3935 2586 ὑπὲρ

535 2617 670 2659 cum
704 2618 800 2671 ea,
834 2616 965 2678 quae
995 2606 1133 2659 ante
1165 2598 1348 2678 pedes
1380 2609 1511 2661 tuos
1542 2610 1700 2672 sunt,
1728 2602 1988 2679 ignores,
2016 2623 2083 2666 ac
2115 2623 2190 2667 ne

2282 2606 2369 2674 τὴν
2398 2605 2498 2672 σὴν
2545 2604 2696 2683 φύσιν
2754 2600 3239 2681 πολυπραγμονῶν,
3300 2601 3391 2657 καὶ
3440 2599 3691 2679 κεχηνιΜ
3728 2599 3802 2661 εἰς
3866 2601 3934 2653 τὰ

538 2698 596 2750 te
617 2690 813 2768 ipsum
840 2687 1076 2768 quidem
1105 2688 1298 2750 metiri
1322 2708 1526 2770 queas,
1545 2710 1613 2753 ea
1637 2702 1995 2773 tamen,quw
2015 2704 2189 2756 natu-

537 2796 664 2841 ram
694 2788 850 2838 tuam
871 2788 1177 2858 superant,
1196 2782 1433 2842 curiose
1453 2784 1866 2863 perscrutaris,
1885 2783 2192 2865 hiantique

540 2888 644 2930 ure
668 2870 724 2929 in
752 2886 986 2948 ea,qua3
1011 2887 1347 2931 mensuram
1375 2890 1614 2931 omnem
1638 2875 2189 2943 excedunt,incum-

544 2958 685 3019 bis?
722 2957 793 3020 Ut
824 2958 981 3019 enim
1018 2956 1123 3019 tibi
1159 2960 1507 3034 concedam,
1545 2970 1600 3022 te
1631 2962 1809 3023 orbes
1844 2982 1913 3024 ac
1940 2983 2192 3027 conver-

547 3047 1159 3142 siones,arc_essiones
1187 3049 1361 3109 etiam
1391 3058 1449 3110 et
1470 3050 2193 3135 recessiones,perceptas

2282 3055 2585 3129 ἐπιστήμην
2635 3051 3014 3127 ἀποσεμνύνεις
3054 3070 3067 3083 ·

547 3136 789 3206 habere,
816 3135 958 3196 solis
990 3135 1160 3197 etiam
1195 3146 1251 3198 et
1278 3139 1539 3199 siderum
1569 3150 1826 3221 exortus,
1856 3143 2192 3224 gradusque

541 3228 854 3309 quosdam,
883 3234 940 3287 et
964 3226 1262 3301 minutias,
1290 3240 1619 3310 eceteraque
1645 3232 1864 3307 omnia,
1893 3234 2109 3313 quibus
2134 3243 2192 3295 tu

543 3316 819 3379 eximiam
846 3325 1005 3377 tuam
1023 3316 1335 3379 scientiam
1363 3320 1676 3397 magniﬁce
1698 3322 1905 3404 offers;
1930 3324 2192 3386 nondum

545 3416 741 3468 tamen
794 3407 907 3468 hoc
951 3416 1113 3467 certa
1161 3426 1362 3469 rerum
1426 3411 1885 3489 comprehensio
1941 3424 2054 3486 est,
2088 3414 2195 3477 sed

544 3503 739 3558 motus
766 3496 1074 3576 cujusdam
1101 3496 1463 3573 observatio,
1492 3518 1622 3581 quae
1644 3501 2003 3564 diuturniori
2031 3522 2197 3566 exer-

545 3586 830 3648 citatione
851 3587 1611 3667 conﬁrmata,posteaquam
1633 3608 1864 3672 ea,quae
1883 3611 1912 3653 a
1934 3593 2199 3672 pluribus

545 3676 854 3737 observata
884 3685 1041 3748 sunt,
1075 3676 1131 3737 in
1168 3697 1345 3739 unum
1380 3680 1638 3761 collegit,
1665 3699 1734 3743 ac
1766 3683 1984 3744 deinde
2018 3684 2192 3745 ratio-

545 3784 681 3828 nem
705 3784 911 3828 eorum
934 3768 1305 3847 excogitavit,
1328 3768 1406 3830 ita
1426 3769 1666 3832 demum
1692 3771 1958 3834 scientia;
1978 3791 2193 3837 nomen

545 3864 634 3918 est
657 3866 977 3919 consecuta
1007 3877 1021 3933 ;
1049 3858 1553 3938 quemadmodum
1578 3861 1733 3923 lunae
1757 3863 2195 3939 atl‘ectiones,in

546 3947 865 4008 multorum
892 3948 1154 4008 notitiam
1176 3966 1413 4029 venere,
1433 3950 1533 4029 qui
1553 3952 1817 4016 scientiae
1836 3953 2194 4035 principium

544 4036 617 4097 ab
654 4035 846 4097 oculis
888 4045 1270 4117 acceperunt.
1306 4038 1379 4100 At
1425 4057 1568 4101 veno
1611 4040 1661 4100 si
1712 4041 1934 4120 insigni
1986 4043 2196 4106 harum

540 4142 745 4215 rerum
779 4125 1119 4203 cognitione
1142 4127 1470 4192 instructus
1502 4149 1591 4205 es,
1615 4139 1792 4213 atque
1823 4135 2201 4215 optimojure

544 4213 608 4275 in
640 4215 1032 4278 admiratione
1073 4235 1205 4279 esse
1236 4220 1463 4301 studes,
1496 4220 1639 4281 520
1667 4221 1763 4283 dic
1810 4242 1943 4303 quas
1973 4213 2201 4285 ordinis

546 4306 725 4385 hujus
758 4314 1073 4386 motusque
1104 4325 1281 4368 causa
1308 4310 1380 4370 sit
1408 4317 1437 4374 ?
1467 4309 1639 4374 Unde
1679 4312 1793 4373 hoc
1836 4311 2052 4375 habeat
2084 4313 2196 4389 sol,

2273 2695 2474 2772 ἄμετρα
2511 2714 2528 2775 ς
2588 2690 2781 2750 ’Ἔστω
2810 2692 2909 2770 γάρ
2948 2712 3007 2746 σε
3055 2689 3300 2771 κύκλους,
3352 2691 3443 2747 καὶ
3498 2685 3792 2767 περιόδους,
3842 2689 3938 2743 καὶ

2272 2773 2673 2862 πλησιασμοῦς,
2707 2781 2797 2838 καί
2853 2780 3235 2860 ἀποχωρήσεις
3294 2777 3428 2856 (80)
3472 2773 3932 2855 καταλαμϐάνειν,

2274 2873 2580 2955 ἐπιστολὰς,
2639 2874 2726 2929 καὶ
2785 2868 3072 2949 ἀνατολὰς,
3130 2870 3217 2926 καί
3274 2870 3460 2947 μοίρας
3505 2866 3679 2947 τινὰς,
3723 2868 3813 2921 καὶ
3844 2863 3936 2921 λε-

2276 2964 2577 3040 πτότητας,
2638 2963 2725 3019 καὶ
2783 2961 2927 3023 ὅσοις
2983 2962 3047 3016 σὺ
3089 2962 3189 3027 τὴν
3230 2959 3525 3035 θαυμασίαν
3584 2978 3678 3015 σου
3728 2956 3935 3022 ταύτην

3122 3049 3272 3107 οῧπω
3301 3070 3455 3105 τουτο
3484 3045 3791 3121 κατάληψις
3821 3052 3936 3102 τῶν

2278 3144 2444 3201 ὄντων
2504 3142 2664 3216 ἐστὶν,
2726 3140 2863 3197 ἀλλὰ
2920 3140 3183 3209 κινήσεώς
3265 3160 3408 3201 τινος
3461 3138 3841 3215 ὶπιστήρησις,
3897 3135 3935 3202 ἧ

2278 3232 2480 3291 πλείονι
2534 3231 2798 3309 γυμνισίᾳ
2839 3230 3215 3306 βεϐαιωθεϊσα,
3284 3231 3370 3285 καὶ
3431 3229 3504 3290 εἷς
3556 3227 3611 3283 ἓν
3655 3227 3934 3305 ἀγαγοῦσα

2278 3326 2342 3380 τὰ
2368 3322 2665 3401 τηρηθέντα
2718 3319 2983 3399 πλείοσιν,
3045 3319 3168 3375 εἶτα
3213 3317 3374 3396 λόγον
3420 3316 3784 3388 ἑπονοήσασα,
3816 3314 3939 3370 ἐπι-

2279 3416 2465 3490 στήμη
2517 3410 2919 3490 προσηγορεύθη
2955 3428 2972 3446 ο
3019 3408 3199 3487 ὥσπερ
3249 3410 3313 3465 τὰ
3370 3408 3497 3483 περὶ
3539 3404 3773 3475 σελήνην
3829 3425 3940 3460 πα-

2278 3507 2495 3580 θήματα
2542 3500 2692 3581 (81),
2740 3500 2982 3579 γνώριμα
3013 3499 3200 3578 γέγονε
3245 3511 3362 3562 τοῖς
3393 3494 3646 3576 πολλοῖς,
3678 3495 3778 3562 τὴν
3807 3490 3939 3568 ὄψιν

2282 3593 2461 3673 ἀρχὴν
2491 3588 2723 3647 λαϐόντα
2753 3590 2851 3655 τῆς
2910 3589 3183 3667 γνώσεως.
3236 3587 3309 3643 Σὺ
3366 3584 3445 3667 δὲ,
3477 3586 3522 3642 εἰ
3552 3583 3667 3641 λίαν
3699 3584 3940 3652 ἐπιστή-

2277 3705 2392 3762 μων
2446 3681 2500 3738 εἷ
2559 3681 2783 3760 τούτων,
2843 3680 2932 3735 καὶ
3005 3675 3221 3741 δικαίως
3298 3684 3483 3748 ζητεῖς
3555 3676 3938 3750 θαυμάζεσθαι,

2280 3774 2395 3831 εἰπὲ
2443 3793 2525 3835 τις
2559 3772 2595 3838 ἡ
2637 3775 2736 3836 τῆς
2794 3767 2994 3834 τάξεως
3053 3769 3192 3824 αἰτία
3249 3768 3465 3832 καὶτῆς
3508 3767 3795 3835 κινήσεως.
3830 3764 3942 3820 Πό-

2279 3869 2367 3921 θεν
2397 3860 2550 3930 ἤλιςς
2581 3870 2851 3941 φυκτωρεῖ
2896 3858 3044 3933 πάσῃ
3102 3863 3170 3934 τῇ
3229 3854 3540 3935 οἰκουμένῃ,
3598 3855 3685 3911 καὶ
3734 3854 3939 3918 πείσαις

2280 3954 2491 4030 ὄψεσιν,
2537 3949 2718 4025 ὥσπερ
2772 3956 2941 4029 χοροῦ
2996 3969 3140 4011 τινος
3181 3960 3500 4027 κορυφαῖος,
3561 3942 3725 4002 πλέον
3810 3945 3939 4009 τοὺς

2282 4042 2473 4106 ἄλλους
2556 4040 2779 4119 ἀστέρας
2865 4039 3218 4116 ἀποκρύπτων
3301 4034 3636 4117 φαιδρότητι,
3702 4033 3733 4101 ἦ
3789 4054 3941 4099 τινες

2283 4132 2496 4190 ἐκείνων
2541 4128 2794 4209 ἑτέρους,
2855 4125 3147 4194 Ἀπόδειξις
3198 4128 3279 4208 δὲ,
3333 4128 3381 4184 0i
3411 4126 3508 4203 μὲν
3560 4124 3938 4200 ἀντιλάμπω-

2284 4247 2391 4304 σιν,
2424 4225 2451 4279 ὃ
2480 4220 2537 4278 δὲ
2563 4219 2922 4297 ὑπερλάμπει,
2979 4221 3069 4276 καὶ
3124 4218 3240 4277 οόδὲ
3302 4216 3382 4274 ὅτι
3426 4217 3831 4297 συνανίσχουστν
3875 4214 3942 4288 ἒᾷ

2284 4312 2650 4392 γνωρίζεσθαι,
2679 4307 2847 4373 καλὸς
2889 4310 2962 4372 ὡς
3007 4308 3249 4388 νυμφίος,
3311 4308 3477 4387 ταχὺς
3533 4307 3608 4370 ὡς
3651 4305 3803 4384 γίγας
3847 4307 3944 4360 καὶ

547 4404 609 4455 ιιι
631 4392 762 4455 orbi
785 4393 1082 4470 universo,
1110 4414 1178 4457 ac
1205 4399 1471 4461 omnium
1497 4401 1703 4472 oculis,
1733 4411 2009 4482 tanquam
2034 4402 2194 4464 chori

2286 4402 2454 4481 μέγας
2501 4397 2643 4480 (οὐδὲ
2694 4400 2795 4478 γὰρ
2854 4398 3120 4479 ἀνέχομαι
3151 4396 3373 4455 ἄλλοθεν
3402 4394 3437 4462 ἤ
3482 4408 3599 4460 τοῖς
3632 4394 3789 4471 ἐμοῖς
3819 4399 3947 4451 τοῦ-

547 4483 852 4564 cujusdam
880 4486 1251 4567 coryphaeus,
1276 4488 1617 4569 przeluceat,
1634 4491 1834 4554 sidera
1854 4492 1972 4553 alia
1996 4492 2201 4573 splen-

544 4573 691 4635 dore
722 4592 827 4635 suo
862 4577 1046 4655 magis
1077 4575 1427 4661 obscurans,
1461 4591 1640 4661 atque
1671 4581 1995 4658 occultans,
2023 4601 2202 4665 quam

543 4665 811 4745 quaedam
835 4665 1073 4726 illorum
1093 4666 1167 4729 ab
1188 4666 1322 4729 aliis
1342 4671 1755 4735 obducantur?
1779 4671 1959 4753 Cujus
1978 4674 2063 4735 rei
2085 4672 2200 4736 hoc

542 4762 955 4832 argumentum
991 4764 1104 4836 est,
1136 4758 1292 4837 quod
1326 4777 1459 4821 cum
1493 4779 1564 4823 ea
1592 4761 1753 4823 velut
1785 4763 2053 4824 certatim
2088 4763 2201 4825 ful-

545 4844 881 4926 geant,ipse
906 4849 1109 4909 tamen
1135 4849 1506 4927 splendidius
1529 4851 2061 4936 fulgiet,nec,quod
2090 4873 2205 4915 una

548 4953 681 4998 cum
707 4954 776 4998 eo
799 4936 1379 5018 oriantur,cognosci
1399 4940 1576 5019 sinat,
1587 4944 1840 5023 pulcher
1855 4954 1919 5007 ut
1935 4963 2203 5026 sponsus.

2284 4515 2375 4550 τον
2436 4488 2849 4566 ἂποσεμνύνειν)
2882 4507 2900 4524 ο
2960 4494 3210 4553 τοσοῦτος
3269 4486 3366 4554 τὴν
3411 4484 3652 4566 δύναμιν,
3684 4483 3824 4541 ὥστε
3846 4486 3944 4564 ἀφ⁸

2286 4580 2467 4641 ἄλλων
2524 4577 2697 4660 ἄκρων
2774 4577 2910 4637 ἄλλα
2983 4583 3052 4655 τῇ
3107 4577 3396 4658 θερμότητι
3481 4571 3941 4651 καταλαμϐάνειν,

2287 4674 2376 4730 καὶ
2419 4668 2590 4748 μηδὲν
2637 4667 2939 4749 διαφεύγειν
2986 4670 3145 4726 αὐτοῦ
3176 4668 3272 4736 τὴν
3316 4665 3568 4734 αἴσθησιν
3596 4682 3610 4696 ·
3658 4663 3795 4722 ἀλλὰ
3838 4670 3946 4721 πᾶ-

2286 4785 2383 4820 σαν
2410 4760 2737 4839 πληροῦσθαι
2782 4761 2873 4815 καὶ
2900 4755 3022 4834 ὄψιν
3067 4760 3268 4838 φωτὸς,
3318 4758 3407 4814 καὶ
3463 4756 3777 4832 σωματιγὴν
3834 4754 3944 4833 φύ-

2288 4876 2369 4911 σιν
2415 4850 2741 4931 θερμότητος
2777 4870 2790 4885 ·
2838 4849 3081 4927 θέροντος
3139 4846 3284 4929 (82),
3328 4845 3450 4905 ἀλλ’
3505 4848 3564 4903 οὐ
3619 4844 3942 4926 φλέγοντος,

2289 4943 2565 5022 εὔκρασίας
2643 4941 2938 5019 ἡμερότητι
3052 4941 3145 4995 καὶ
3251 4936 3396 5004 τάξει
3491 4938 3779 5017 κινήσεως,
3864 4937 3945 5001 ὡς

624 5097 690 5149 95
718 5095 794 5159 III
825 5097 970 5179 Reg.
1010 5116 1177 5176 xvm,
1213 5103 1312 5180 44,
1343 5102 1445 5167 45.
1488 5103 1553 5153 96
1588 5107 1757 5171 Deut.
1789 5124 1873 5183 ιι,
1902 5107 2000 5171 ‘I'I.
2046 5106 2108 5157 97
2143 5106 2295 5172 Gen.
2326 5121 2433 5180 vn,
2465 5104 2565 5167 tl.
2607 5100 2673 5152 98
2701 5100 2811 5164 Job
2832 5117 3078 5177 xxxvul,
3110 5099 3210 5165 28.

630 5261 768 5345 (78)
799 5259 933 5345 Ἀπᾷ
965 5262 1087 5345 κιτῖλςἶ
1124 5261 1227 5327 Or.
1267 5269 1323 5338 1,
1356 5268 1445 5325 ἒπὶ
1486 5274 1612 5345 γῆς.
1803 5311 1807 5315 -

798 5342 1013 5431 λξᾷλλον
1070 5344 1167 5431 δέ..
1212 5345 1413 5431 Schol.
1455 5342 1600 5411 :VTo
1662 5348 1953 5431 ὑπερϐατὸν
2008 5349 2198 5426 οὕτως,

556 5422 761 5500 μᾶλλον
821 5422 875 5479 δὲ
928 5427 1029 5502 πρὸ
1080 5429 1280 5484 τούτων
1339 5428 1489 5508 ἔχοις
1535 5431 1594 5484 ἂν
1633 5422 1826 5510 εἱπεέν,
1869 5434 1917 5489 τί
1962 5422 2201 5511 οὐρανὸς,

550 5506 642 5592 χχι
668 5506 905 5592 ᾇπερ-ἧς’
950 5508 1107 5567 «Iino
1135 5526 1274 5570 vero
1306 5506 1507 5571 dicere
1534 5506 1929 5591 habeas,quid
1953 5506 2202 5592 coelum,

548 5585 688 5665 quid
723 5585 935 5657 stellae,
979 5613 999 5642 ι
1040 5594 1150 5648 etc.

632 5665 758 5747 (80)
790 5667 1226 5750 Ἀποχωρήσεις.
1261 5671 1423 5743 Bas.,
1456 5673 1859 5753 ὑποχωρήσεις,

2373 5264 2497 5345 (81)
2540 5268 2616 5325 Τὰ
2645 5266 2764 5344 περὶ
2794 5263 3029 5335 σελήνην
3070 5266 3387 5345 παθήματα.
3428 5284 3453 5345 _I
3516 5259 3700 5345 Lunae
3752 5257 3949 5345 aﬂ‘ec-

2290 5339 2507 5428 tiones,
2551 5369 2571 5402 ι
2609 5346 2668 5409 id
2701 5339 2791 5407 est
2834 5344 3266 5420 «accretiones,
3294 5341 3727 5404 diminutiones
3747 5348 3806 5401 et
3826 5339 3951 5403 de.

2285 5428 2499 5588 “C(ISUQS).
2527 5450 2804 5587 ὅὲροντος,
2838 5504 3019 5589 Elias,
3050 5507 3367 5580 θαλποντος,
3408 5530 3436 5563 α
3487 5503 3689 5568 calore
3736 5503 3951 5566 fovea-

2287 5598 2405 5663 tur,
2445 5609 2475 5650 )
2512 5589 2670 5668 quod
2704 5588 2975 5670 sequitur
3004 5588 3183 5651 Leuv.
