  <div class='ocr_page' id='page_1' title='image "/cluster/home/n/w/nwhite01/storage/ocr_20150623/36:no.2/coo.31924054869338/042.png"; bbox 0 0 4126 6396; ppageno 0'>
   <div class='ocr_carea' id='block_1_1' title="bbox 326 280 3754 369">
    <p class='ocr_par' dir='ltr' id='par_1_1' title="bbox 326 280 3754 369">
     <span class='ocr_line' id='line_1_1' title="bbox 326 280 3754 369; baseline 0 -14"><span class='ocrx_word' id='word_1_1' title='bbox 326 280 405 355; x_wconf 80' lang='grc'>69</span> <span class='ocrx_word' id='word_1_2' title='bbox 1267 292 1548 357; x_wconf 54' lang='lat' dir='ltr'><strong>ORi&#39;I‘It)</strong></span> <span class='ocrx_word' id='word_1_3' title='bbox 1596 284 1875 357; x_wconf 73' lang='lat' dir='ltr'><strong>XXVIII.</strong></span> <span class='ocrx_word' id='word_1_4' title='bbox 1941 327 2002 339; x_wconf 87' lang='lat'><strong>-</strong></span> <span class='ocrx_word' id='word_1_5' title='bbox 2048 284 2544 357; x_wconf 67' lang='lat' dir='ltr'><strong>THEOLOG[C\</strong></span> <span class='ocrx_word' id='word_1_6' title='bbox 2604 286 2675 357; x_wconf 82' lang='lat' dir='ltr'><strong>ll.</strong></span> <span class='ocrx_word' id='word_1_7' title='bbox 3640 282 3754 369; x_wconf 15' lang='lat'><strong>‘70</strong></span> 
     </span>
    </p>
   </div>
   <div class='ocr_carea' id='block_1_2' title="bbox 339 425 1989 512">
    <p class='ocr_par' dir='ltr' id='par_1_2' title="bbox 339 429 1989 512">
     <span class='ocr_line' id='line_1_2' title="bbox 339 429 1989 512; baseline -0.002 -25"><span class='ocrx_word' id='word_1_8' title='bbox 339 435 469 487; x_wconf 82' lang='grc' dir='ltr'>πᾶσι</span> <span class='ocrx_word' id='word_1_9' title='bbox 528 430 815 512; x_wconf 82' lang='grc' dir='ltr'>παρόντος,</span> <span class='ocrx_word' id='word_1_10' title='bbox 875 432 963 488; x_wconf 84' lang='grc' dir='ltr'><strong>καὶ</strong></span> <span class='ocrx_word' id='word_1_11' title='bbox 1048 432 1221 489; x_wconf 85' lang='grc' dir='ltr'>πάντα</span> <span class='ocrx_word' id='word_1_12' title='bbox 1292 431 1483 500; x_wconf 69' lang='grc' dir='ltr'>ἐπίσης</span> <span class='ocrx_word' id='word_1_13' title='bbox 1564 429 1989 512; x_wconf 76' lang='grc' dir='ltr'>περιλαμϐάνον-</span> 
     </span>
    </p>
   </div>
   <div class='ocr_carea' id='block_1_3' title="bbox 2083 425 3730 512">
    <p class='ocr_par' dir='ltr' id='par_1_3' title="bbox 2084 425 3730 511">
     <span class='ocr_line' id='line_1_3' title="bbox 2084 425 3730 511; baseline 0.004 -25"><span class='ocrx_word' id='word_1_14' title='bbox 2084 442 2334 505; x_wconf 83' lang='lat' dir='ltr'><strong>magnus</strong></span> <span class='ocrx_word' id='word_1_15' title='bbox 2364 443 2431 487; x_wconf 92' lang='lat' dir='ltr'><strong>ac</strong></span> <span class='ocrx_word' id='word_1_16' title='bbox 2464 426 2627 488; x_wconf 89' lang='lat' dir='ltr'><strong>celer</strong></span> <span class='ocrx_word' id='word_1_17' title='bbox 2655 436 2717 489; x_wconf 92' lang='lat' dir='ltr'><strong>ut</strong></span> <span class='ocrx_word' id='word_1_18' title='bbox 2766 428 2926 508; x_wconf 85' lang='lat' dir='ltr'><strong>gigas</strong></span> <span class='ocrx_word' id='word_1_19' title='bbox 2951 427 3017 479; x_wconf 84' lang='lat'><strong>99</strong></span> <span class='ocrx_word' id='word_1_20' title='bbox 3051 428 3269 511; x_wconf 89' lang='lat' dir='ltr'><strong>(neque</strong></span> <span class='ocrx_word' id='word_1_21' title='bbox 3317 425 3477 491; x_wconf 91' lang='lat' dir='ltr'><strong>enim</strong></span> <span class='ocrx_word' id='word_1_22' title='bbox 3534 431 3730 493; x_wconf 84' lang='lat' dir='ltr'><strong>facere</strong></span> 
     </span>
    </p>
   </div>
   <div class='ocr_carea' id='block_1_4' title="bbox 321 517 3723 601">
    <p class='ocr_par' dir='ltr' id='par_1_4' title="bbox 321 517 3723 601">
     <span class='ocr_line' id='line_1_4' title="bbox 321 517 3723 601; baseline 0.001 -26"><span class='ocrx_word' id='word_1_23' title='bbox 321 541 418 583; x_wconf 88' lang='grc' dir='ltr'><strong>τος</strong></span> <span class='ocrx_word' id='word_1_24' title='bbox 460 517 615 601; x_wconf 88' lang='lat'><strong>(83).</strong></span> <span class='ocrx_word' id='word_1_25' title='bbox 2076 533 2338 595; x_wconf 70' lang='lat' dir='ltr'><strong>possum,</strong></span> <span class='ocrx_word' id='word_1_26' title='bbox 2379 524 2439 576; x_wconf 91' lang='lat' dir='ltr'><strong>ut</strong></span> <span class='ocrx_word' id='word_1_27' title='bbox 2496 517 2764 593; x_wconf 85' lang='lat' dir='ltr'><strong>aliunde,</strong></span> <span class='ocrx_word' id='word_1_28' title='bbox 2801 538 2976 599; x_wconf 66' lang='lat' dir='ltr'><strong>quam</strong></span> <span class='ocrx_word' id='word_1_29' title='bbox 3032 539 3099 581; x_wconf 88' lang='lat' dir='ltr'><strong>ex</strong></span> <span class='ocrx_word' id='word_1_30' title='bbox 3161 519 3310 581; x_wconf 87' lang='lat' dir='ltr'><strong>meis</strong></span> <span class='ocrx_word' id='word_1_31' title='bbox 3365 518 3554 596; x_wconf 88' lang='lat' dir='ltr'><strong>libris,</strong></span> <span class='ocrx_word' id='word_1_32' title='bbox 3589 540 3723 583; x_wconf 89' lang='lat' dir='ltr'><strong>eum</strong></span> 
     </span>
    </p>
   </div>
   <div class='ocr_carea' id='block_1_5' title="bbox 326 609 3739 697">
    <p class='ocr_par' dir='ltr' id='par_1_5' title="bbox 326 609 3739 697">
     <span class='ocr_line' id='line_1_5' title="bbox 326 609 3739 697; baseline 0 -22"><span class='ocrx_word' id='word_1_33' title='bbox 326 631 612 697; x_wconf 83' lang='lat' dir='ltr'><strong>coornem</strong></span> <span class='ocrx_word' id='word_1_34' title='bbox 650 635 720 678; x_wconf 89' lang='lat' dir='ltr'><strong>ac</strong></span> <span class='ocrx_word' id='word_1_35' title='bbox 746 613 1104 697; x_wconf 81' lang='lat' dir='ltr'><strong>celebrem);</strong></span> <span class='ocrx_word' id='word_1_36' title='bbox 1130 623 1359 678; x_wconf 90' lang='lat' dir='ltr'><strong>tantam</strong></span> <span class='ocrx_word' id='word_1_37' title='bbox 1396 615 1509 676; x_wconf 86' lang='lat' dir='ltr'><strong>vim</strong></span> <span class='ocrx_word' id='word_1_38' title='bbox 1545 625 1604 678; x_wconf 91' lang='lat' dir='ltr'><strong>et</strong></span> <span class='ocrx_word' id='word_1_39' title='bbox 1635 615 1974 697; x_wconf 83' lang='lat' dir='ltr'><strong>facultatem</strong></span> <span class='ocrx_word' id='word_1_40' title='bbox 2008 609 2259 697; x_wconf 75' lang='lat' dir='ltr'><strong>habens,</strong></span> <span class='ocrx_word' id='word_1_41' title='bbox 2297 619 2359 670; x_wconf 85' lang='lat' dir='ltr'><strong>ut</strong></span> <span class='ocrx_word' id='word_1_42' title='bbox 2385 611 2456 670; x_wconf 87' lang='lat' dir='ltr'><strong>ab</strong></span> <span class='ocrx_word' id='word_1_43' title='bbox 2491 613 2624 697; x_wconf 77' lang='lat' dir='ltr'><strong>aiis</strong></span> <span class='ocrx_word' id='word_1_44' title='bbox 2649 614 3078 697; x_wconf 72' lang='lat' dir='ltr'><strong>extremisalia</strong></span> <span class='ocrx_word' id='word_1_45' title='bbox 3110 623 3375 676; x_wconf 80' lang='lat' dir='ltr'><strong>extrema</strong></span> <span class='ocrx_word' id='word_1_46' title='bbox 3405 614 3601 675; x_wconf 87' lang='lat' dir='ltr'><strong>calore</strong></span> <span class='ocrx_word' id='word_1_47' title='bbox 3633 633 3739 676; x_wconf 91' lang='lat' dir='ltr'><strong>suo</strong></span> 
     </span>
    </p>
   </div>
   <div class='ocr_carea' id='block_1_6' title="bbox 332 691 3745 777">
    <p class='ocr_par' dir='ltr' id='par_1_6' title="bbox 332 691 3745 777">
     <span class='ocr_line' id='line_1_6' title="bbox 332 691 3745 777; baseline 0.001 -22"><span class='ocrx_word' id='word_1_48' title='bbox 332 695 753 777; x_wconf 83' lang='lat' dir='ltr'><strong>completatur,</strong></span> <span class='ocrx_word' id='word_1_49' title='bbox 794 714 905 759; x_wconf 86' lang='lat' dir='ltr'><strong>nec</strong></span> <span class='ocrx_word' id='word_1_50' title='bbox 935 715 1033 759; x_wconf 90' lang='lat' dir='ltr'><strong>res</strong></span> <span class='ocrx_word' id='word_1_51' title='bbox 1054 691 1178 758; x_wconf 81' lang='lat' dir='ltr'><strong>ulla</strong></span> <span class='ocrx_word' id='word_1_52' title='bbox 1209 698 1346 777; x_wconf 88' lang='lat' dir='ltr'><strong>ejus</strong></span> <span class='ocrx_word' id='word_1_53' title='bbox 1369 715 1612 759; x_wconf 61' lang='lat' dir='ltr'><strong>sensum</strong></span> <span class='ocrx_word' id='word_1_54' title='bbox 1650 696 1890 776; x_wconf 74' lang='lat' dir='ltr'><strong>effugiat</strong></span> <span class='ocrx_word' id='word_1_55' title='bbox 1918 714 1943 777; x_wconf 59' lang='grc' dir='ltr'><strong>εΔ</strong></span> <span class='ocrx_word' id='word_1_56' title='bbox 1969 692 2113 773; x_wconf 90' lang='lat' dir='ltr'><strong>quin</strong></span> <span class='ocrx_word' id='word_1_57' title='bbox 2145 691 2360 771; x_wconf 68' lang='lat' dir='ltr'><strong>pitius,</strong></span> <span class='ocrx_word' id='word_1_58' title='bbox 2392 701 2450 751; x_wconf 79' lang='lat' dir='ltr'><strong>et</strong></span> <span class='ocrx_word' id='word_1_59' title='bbox 2473 693 2680 777; x_wconf 76' lang='lat' dir='ltr'><strong>oculus</strong></span> <span class='ocrx_word' id='word_1_60' title='bbox 2712 694 2908 755; x_wconf 89' lang='lat' dir='ltr'><strong>omnis</strong></span> <span class='ocrx_word' id='word_1_61' title='bbox 2936 694 3099 777; x_wconf 86' lang='lat' dir='ltr'><strong>luce,</strong></span> <span class='ocrx_word' id='word_1_62' title='bbox 3130 705 3186 756; x_wconf 89' lang='lat' dir='ltr'><strong>et</strong></span> <span class='ocrx_word' id='word_1_63' title='bbox 3215 712 3503 776; x_wconf 87' lang='lat' dir='ltr'><strong>corporea</strong></span> <span class='ocrx_word' id='word_1_64' title='bbox 3534 704 3745 757; x_wconf 86' lang='lat' dir='ltr'><strong>natura</strong></span> 
     </span>
    </p>
   </div>
   <div class='ocr_carea' id='block_1_7' title="bbox 335 774 3741 871">
    <p class='ocr_par' dir='ltr' id='par_1_7' title="bbox 335 774 3741 871">
     <span class='ocr_line' id='line_1_7' title="bbox 335 774 3741 871; baseline 0 -34"><span class='ocrx_word' id='word_1_65' title='bbox 335 774 537 871; x_wconf 69' lang='lat' dir='ltr'><strong>calore</strong></span> <span class='ocrx_word' id='word_1_66' title='bbox 568 777 964 857; x_wconf 78' lang='lat' dir='ltr'><strong>compleatur,</strong></span> <span class='ocrx_word' id='word_1_67' title='bbox 1000 795 1069 839; x_wconf 89' lang='lat' dir='ltr'><strong>ac</strong></span> <span class='ocrx_word' id='word_1_68' title='bbox 1094 779 1216 839; x_wconf 89' lang='lat' dir='ltr'><strong>leni</strong></span> <span class='ocrx_word' id='word_1_69' title='bbox 1242 774 1492 871; x_wconf 78' lang='lat' dir='ltr'><strong>quidem</strong></span> <span class='ocrx_word' id='word_1_70' title='bbox 1545 796 1653 840; x_wconf 87' lang='lat' dir='ltr'><strong>sua</strong></span> <span class='ocrx_word' id='word_1_71' title='bbox 1694 774 2009 871; x_wconf 69' lang='lat' dir='ltr'><strong>temperie,</strong></span> <span class='ocrx_word' id='word_1_72' title='bbox 2055 784 2335 853; x_wconf 80' lang='lat' dir='ltr'><strong>motuqm-</strong></span> <span class='ocrx_word' id='word_1_73' title='bbox 2380 774 2651 834; x_wconf 75' lang='lat' dir='ltr'><strong>ordinato</strong></span> <span class='ocrx_word' id='word_1_74' title='bbox 2703 776 3061 837; x_wconf 78' lang='lat' dir='ltr'><strong>calet‘aciens</strong></span> <span class='ocrx_word' id='word_1_75' title='bbox 3112 774 3335 856; x_wconf 83' lang='lat' dir='ltr'><strong>omnia,</strong></span> <span class='ocrx_word' id='word_1_76' title='bbox 3386 794 3503 837; x_wconf 86' lang='lat' dir='ltr'><strong>non</strong></span> <span class='ocrx_word' id='word_1_77' title='bbox 3537 794 3741 852; x_wconf 87' lang='lat' dir='ltr'><strong>urens,</strong></span> 
     </span>
    </p>
   </div>
   <div class='ocr_carea' id='block_1_8' title="bbox 331 855 2024 940">
    <p class='ocr_par' dir='ltr' id='par_1_8' title="bbox 331 855 2024 940">
     <span class='ocr_line' id='line_1_8' title="bbox 331 855 2024 940; baseline -0.004 -22"><span class='ocrx_word' id='word_1_78' title='bbox 331 855 612 919; x_wconf 90' lang='lat' dir='ltr'><strong>omnibus</strong></span> <span class='ocrx_word' id='word_1_79' title='bbox 642 855 855 938; x_wconf 67' lang='lat' dir='ltr'><strong>praesto</strong></span> <span class='ocrx_word' id='word_1_80' title='bbox 879 866 989 940; x_wconf 89' lang='lat' dir='ltr'><strong>est,</strong></span> <span class='ocrx_word' id='word_1_81' title='bbox 1025 866 1084 921; x_wconf 91' lang='lat' dir='ltr'><strong>et</strong></span> <span class='ocrx_word' id='word_1_82' title='bbox 1114 855 1323 921; x_wconf 88' lang='lat' dir='ltr'><strong>omnia</strong></span> <span class='ocrx_word' id='word_1_83' title='bbox 1353 876 1521 940; x_wconf 66' lang='lat' dir='ltr'><strong>aeque</strong></span> <span class='ocrx_word' id='word_1_84' title='bbox 1547 855 2024 940; x_wconf 82' lang='lat' dir='ltr'><strong>comprehendit.</strong></span> 
     </span>
    </p>
   </div>
   <div class='ocr_carea' id='block_1_9' title="bbox 412 940 1989 1032">
    <p class='ocr_par' dir='ltr' id='par_1_9' title="bbox 412 949 1989 1032">
     <span class='ocr_line' id='line_1_9' title="bbox 412 949 1989 1032; baseline -0.001 -25"><span class='ocrx_word' id='word_1_85' title='bbox 412 950 506 1012; x_wconf 79' lang='lat' dir='ltr'><strong>A&#39;.</strong></span> <span class='ocrx_word' id='word_1_86' title='bbox 536 950 751 1009; x_wconf 77' lang='grc' dir='ltr'><strong>Ἐκεῖνο</strong></span> <span class='ocrx_word' id='word_1_87' title='bbox 798 949 853 1007; x_wconf 77' lang='grc' dir='ltr'>δέ</span> <span class='ocrx_word' id='word_1_88' title='bbox 911 975 996 1009; x_wconf 91' lang='grc' dir='ltr'><strong>σοι</strong></span> <span class='ocrx_word' id='word_1_89' title='bbox 1055 953 1187 1032; x_wconf 80' lang='grc'>(84)</span> <span class='ocrx_word' id='word_1_90' title='bbox 1234 952 1483 1023; x_wconf 78' lang='grc' dir='ltr'><strong>πηλίκον,</strong></span> <span class='ocrx_word' id='word_1_91' title='bbox 1538 954 1583 1009; x_wconf 76' lang='grc' dir='ltr'>εἷ</span> <span class='ocrx_word' id='word_1_92' title='bbox 1633 952 1989 1030; x_wconf 57' lang='grc' dir='ltr'>κατενόησας(</span> 
     </span>
    </p>
   </div>
   <div class='ocr_carea' id='block_1_10' title="bbox 2083 940 3743 1032">
    <p class='ocr_par' dir='ltr' id='par_1_10' title="bbox 2166 940 3743 1031">
     <span class='ocr_line' id='line_1_10' title="bbox 2166 940 3743 1031; baseline 0.005 -28"><span class='ocrx_word' id='word_1_93' title='bbox 2166 940 2343 1007; x_wconf 85' lang='grc' dir='ltr'>ΧΧΧ.</span> <span class='ocrx_word' id='word_1_94' title='bbox 2375 944 2522 1006; x_wconf 87' lang='lat' dir='ltr'><strong>Illud</strong></span> <span class='ocrx_word' id='word_1_95' title='bbox 2540 956 2735 1008; x_wconf 87' lang='lat' dir='ltr'><strong>autem</strong></span> <span class='ocrx_word' id='word_1_96' title='bbox 2762 957 3048 1029; x_wconf 85' lang='lat' dir='ltr'><strong>quantum</strong></span> <span class='ocrx_word' id='word_1_97' title='bbox 3070 948 3743 1031; x_wconf 85' lang='lat' dir='ltr'><strong>tibividetur,siquidem</strong></span> 
     </span>
    </p>
   </div>
   <div class='ocr_carea' id='block_1_11' title="bbox 322 1040 2000 1121">
    <p class='ocr_par' dir='ltr' id='par_1_11' title="bbox 322 1040 2000 1121">
     <span class='ocr_line' id='line_1_11' title="bbox 322 1040 2000 1121; baseline 0 -26"><span class='ocrx_word' id='word_1_98' title='bbox 322 1047 492 1099; x_wconf 82' lang='grc' dir='ltr'>Τοῦτο</span> <span class='ocrx_word' id='word_1_99' title='bbox 557 1040 612 1096; x_wconf 84' lang='grc' dir='ltr'>ὲν</span> <span class='ocrx_word' id='word_1_100' title='bbox 671 1041 953 1107; x_wconf 81' lang='grc' dir='ltr'><strong>αἰσθητοῖς</strong></span> <span class='ocrx_word' id='word_1_101' title='bbox 1014 1040 1193 1121; x_wconf 66' lang='grc' dir='ltr'>ἥλιος,</span> <span class='ocrx_word' id='word_1_102' title='bbox 1256 1041 1387 1121; x_wconf 80' lang='grc' dir='ltr'>ὅπερ</span> <span class='ocrx_word' id='word_1_103' title='bbox 1467 1044 1523 1098; x_wconf 65' lang='grc' dir='ltr'>ἓν</span> <span class='ocrx_word' id='word_1_104' title='bbox 1583 1055 1800 1109; x_wconf 76' lang='grc' dir='ltr'><strong>νοητοῖς</strong></span> <span class='ocrx_word' id='word_1_105' title='bbox 1845 1042 2000 1120; x_wconf 86' lang='grc' dir='ltr'>Θεὸς,</span> 
     </span>
    </p>
   </div>
   <div class='ocr_carea' id='block_1_12' title="bbox 325 1130 2001 1213">
    <p class='ocr_par' dir='ltr' id='par_1_12' title="bbox 325 1130 2001 1213">
     <span class='ocr_line' id='line_1_12' title="bbox 325 1130 2001 1213; baseline 0.001 -27"><span class='ocrx_word' id='word_1_106' title='bbox 325 1131 427 1211; x_wconf 68' lang='grc' dir='ltr'><strong>ἔφη</strong></span> <span class='ocrx_word' id='word_1_107' title='bbox 472 1152 554 1195; x_wconf 90' lang='grc' dir='ltr'><strong>τις</strong></span> <span class='ocrx_word' id='word_1_108' title='bbox 597 1131 705 1188; x_wconf 78' lang='grc' dir='ltr'><strong>τῶν</strong></span> <span class='ocrx_word' id='word_1_109' title='bbox 749 1130 1047 1209; x_wconf 74' lang='grc' dir='ltr'>ἀλλοτρίων</span> <span class='ocrx_word' id='word_1_110' title='bbox 1095 1131 1251 1213; x_wconf 81' lang='grc'>(85).</span> <span class='ocrx_word' id='word_1_111' title='bbox 1306 1134 1470 1195; x_wconf 77' lang='grc' dir='ltr'>Αὐτὸς</span> <span class='ocrx_word' id='word_1_112' title='bbox 1519 1134 1619 1213; x_wconf 80' lang='grc' dir='ltr'>γὰρ</span> <span class='ocrx_word' id='word_1_113' title='bbox 1663 1132 1786 1208; x_wconf 74' lang='grc' dir='ltr'>ὄψιν</span> <span class='ocrx_word' id='word_1_114' title='bbox 1832 1132 2001 1211; x_wconf 79' lang='grc' dir='ltr'>φωτί-</span> 
     </span>
    </p>
   </div>
   <div class='ocr_carea' id='block_1_13' title="bbox 323 1219 1999 1302">
    <p class='ocr_par' dir='ltr' id='par_1_13' title="bbox 323 1219 1999 1302">
     <span class='ocr_line' id='line_1_13' title="bbox 323 1219 1999 1302; baseline 0 -27"><span class='ocrx_word' id='word_1_115' title='bbox 323 1228 452 1299; x_wconf 86' lang='grc' dir='ltr'>ζων,</span> <span class='ocrx_word' id='word_1_116' title='bbox 512 1219 699 1301; x_wconf 81' lang='grc' dir='ltr'>ὥσπερ</span> <span class='ocrx_word' id='word_1_117' title='bbox 729 1224 938 1288; x_wconf 73' lang='grc' dir='ltr'>ὲκεϊνος</span> <span class='ocrx_word' id='word_1_118' title='bbox 970 1225 1093 1279; x_wconf 74' lang='grc' dir='ltr'>νοῦν</span> <span class='ocrx_word' id='word_1_119' title='bbox 1131 1244 1143 1256; x_wconf 87' lang='grc'><strong>·</strong></span> <span class='ocrx_word' id='word_1_120' title='bbox 1195 1225 1351 1287; x_wconf 70' lang='grc' dir='ltr'>αὐτὸς</span> <span class='ocrx_word' id='word_1_121' title='bbox 1405 1225 1494 1279; x_wconf 87' lang='grc' dir='ltr'><strong>καὶ</strong></span> <span class='ocrx_word' id='word_1_122' title='bbox 1535 1224 1642 1280; x_wconf 79' lang='grc' dir='ltr'>τῶν</span> <span class='ocrx_word' id='word_1_123' title='bbox 1693 1221 1999 1302; x_wconf 82' lang='grc' dir='ltr'>ὁρωμένων,</span> 
     </span>
    </p>
   </div>
   <div class='ocr_carea' id='block_1_14' title="bbox 324 1309 2000 1387">
    <p class='ocr_par' dir='ltr' id='par_1_14' title="bbox 324 1309 2000 1387">
     <span class='ocr_line' id='line_1_14' title="bbox 324 1309 2000 1387; baseline 0 -22"><span class='ocrx_word' id='word_1_124' title='bbox 324 1310 435 1365; x_wconf 85' lang='grc' dir='ltr'>ἐστὶ</span> <span class='ocrx_word' id='word_1_125' title='bbox 484 1311 546 1366; x_wconf 82' lang='grc' dir='ltr'>τὸ</span> <span class='ocrx_word' id='word_1_126' title='bbox 601 1309 916 1386; x_wconf 83' lang='grc' dir='ltr'>κάλλιστον,</span> <span class='ocrx_word' id='word_1_127' title='bbox 992 1312 1173 1382; x_wconf 80' lang='grc' dir='ltr'>ὥσπερ</span> <span class='ocrx_word' id='word_1_128' title='bbox 1259 1313 1463 1376; x_wconf 76' lang='grc' dir='ltr'>ἐκεῖνος</span> <span class='ocrx_word' id='word_1_129' title='bbox 1539 1316 1642 1369; x_wconf 75' lang='grc' dir='ltr'>τῶν</span> <span class='ocrx_word' id='word_1_130' title='bbox 1701 1311 2000 1387; x_wconf 77' lang='grc' dir='ltr'>νοουμένων</span> 
     </span>
    </p>
   </div>
   <div class='ocr_carea' id='block_1_15' title="bbox 325 1399 1999 1483">
    <p class='ocr_par' dir='ltr' id='par_1_15' title="bbox 325 1399 1999 1483">
     <span class='ocr_line' id='line_1_15' title="bbox 325 1399 1999 1483; baseline 0.001 -27"><span class='ocrx_word' id='word_1_131' title='bbox 325 1399 500 1456; x_wconf 78' lang='grc' dir='ltr'>Ἀλλὰ</span> <span class='ocrx_word' id='word_1_132' title='bbox 543 1401 592 1457; x_wconf 88' lang='grc' dir='ltr'><strong>τί</strong></span> <span class='ocrx_word' id='word_1_133' title='bbox 646 1403 708 1458; x_wconf 82' lang='grc' dir='ltr'>τὸ</span> <span class='ocrx_word' id='word_1_134' title='bbox 739 1408 966 1469; x_wconf 79' lang='grc' dir='ltr'>κινῆσαν</span> <span class='ocrx_word' id='word_1_135' title='bbox 999 1404 1158 1460; x_wconf 73' lang='grc' dir='ltr'>αύτὸν</span> <span class='ocrx_word' id='word_1_136' title='bbox 1184 1403 1275 1459; x_wconf 80' lang='grc' dir='ltr'><strong>ἀπ’</strong></span> <span class='ocrx_word' id='word_1_137' title='bbox 1304 1404 1483 1483; x_wconf 68' lang='grc' dir='ltr'><strong>ἀρχῆς</strong></span> <span class='ocrx_word' id='word_1_138' title='bbox 1519 1422 1535 1483; x_wconf 82' lang='grc'><strong>;</strong></span> <span class='ocrx_word' id='word_1_139' title='bbox 1567 1405 1627 1461; x_wconf 87' lang='grc' dir='ltr'>Τί</span> <span class='ocrx_word' id='word_1_140' title='bbox 1658 1401 1738 1459; x_wconf 78' lang='grc' dir='ltr'>δαὶ</span> <span class='ocrx_word' id='word_1_141' title='bbox 1774 1401 1899 1482; x_wconf 84' lang='grc'>(86)</span> <span class='ocrx_word' id='word_1_142' title='bbox 1939 1400 1999 1457; x_wconf 81' lang='grc' dir='ltr'><strong>τὸ</strong></span> 
     </span>
    </p>
   </div>
   <div class='ocr_carea' id='block_1_16' title="bbox 327 1490 2001 1571">
    <p class='ocr_par' dir='ltr' id='par_1_16' title="bbox 327 1490 2001 1571">
     <span class='ocr_line' id='line_1_16' title="bbox 327 1490 2001 1571; baseline 0.002 -27"><span class='ocrx_word' id='word_1_143' title='bbox 327 1490 408 1545; x_wconf 76' lang='grc' dir='ltr'>ἀεὶ</span> <span class='ocrx_word' id='word_1_144' title='bbox 437 1498 614 1547; x_wconf 78' lang='grc' dir='ltr'>κινοῦν</span> <span class='ocrx_word' id='word_1_145' title='bbox 667 1493 755 1546; x_wconf 83' lang='grc' dir='ltr'><strong>καὶ</strong></span> <span class='ocrx_word' id='word_1_146' title='bbox 814 1492 1071 1571; x_wconf 68' lang='grc' dir='ltr'>περιάγον</span> <span class='ocrx_word' id='word_1_147' title='bbox 1103 1492 1308 1549; x_wconf 75' lang='grc' dir='ltr'>ἑστῶτα</span> <span class='ocrx_word' id='word_1_148' title='bbox 1360 1491 1529 1571; x_wconf 85' lang='grc' dir='ltr'>λόγῳ,</span> <span class='ocrx_word' id='word_1_149' title='bbox 1563 1495 1651 1549; x_wconf 86' lang='grc' dir='ltr'><strong>καὶ</strong></span> <span class='ocrx_word' id='word_1_150' title='bbox 1695 1493 1773 1567; x_wconf 73' lang='grc' dir='ltr'><strong>μὴ</strong></span> <span class='ocrx_word' id='word_1_151' title='bbox 1828 1492 2001 1548; x_wconf 84' lang='grc' dir='ltr'>κινού-</span> 
     </span>
    </p>
   </div>
   <div class='ocr_carea' id='block_1_17' title="bbox 2088 1033 3745 1120">
    <p class='ocr_par' dir='ltr' id='par_1_17' title="bbox 2088 1033 3745 1120">
     <span class='ocr_line' id='line_1_17' title="bbox 2088 1033 3745 1120; baseline 0.005 -27"><span class='ocrx_word' id='word_1_152' title='bbox 2088 1033 2609 1098; x_wconf 83' lang='lat' dir='ltr'><strong>animadvertisti?</strong></span> <span class='ocrx_word' id='word_1_153' title='bbox 2634 1038 2799 1099; x_wconf 83' lang='lat' dir='ltr'><strong>Idem</strong></span> <span class='ocrx_word' id='word_1_154' title='bbox 2828 1039 2895 1099; x_wconf 73' lang='lat' dir='ltr'><strong>in</strong></span> <span class='ocrx_word' id='word_1_155' title='bbox 2916 1040 3303 1102; x_wconf 76' lang='lat' dir='ltr'><strong>sensibilibus</strong></span> <span class='ocrx_word' id='word_1_156' title='bbox 3333 1047 3417 1102; x_wconf 74' lang='lat' dir='ltr'><strong>est</strong></span> <span class='ocrx_word' id='word_1_157' title='bbox 3446 1039 3556 1115; x_wconf 83' lang='lat' dir='ltr'><strong>sol,</strong></span> <span class='ocrx_word' id='word_1_158' title='bbox 3584 1040 3745 1120; x_wconf 82' lang='lat' dir='ltr'><strong>quod</strong></span> 
     </span>
    </p>
   </div>
   <div class='ocr_carea' id='block_1_18' title="bbox 2092 1122 3739 1211">
    <p class='ocr_par' dir='ltr' id='par_1_18' title="bbox 2092 1122 3739 1211">
     <span class='ocr_line' id='line_1_18' title="bbox 2092 1122 3739 1211; baseline 0.004 -28"><span class='ocrx_word' id='word_1_159' title='bbox 2092 1122 2249 1185; x_wconf 78' lang='lat' dir='ltr'><strong>Deus</strong></span> <span class='ocrx_word' id='word_1_160' title='bbox 2276 1128 2333 1186; x_wconf 81' lang='lat' dir='ltr'><strong>in</strong></span> <span class='ocrx_word' id='word_1_161' title='bbox 2361 1127 2837 1201; x_wconf 67' lang='lat' dir='ltr'><strong>intelleclillbus,</strong></span> <span class='ocrx_word' id='word_1_162' title='bbox 2861 1130 3049 1209; x_wconf 92' lang='lat' dir='ltr'><strong>inquit</strong></span> <span class='ocrx_word' id='word_1_163' title='bbox 3075 1131 3355 1211; x_wconf 82' lang='lat' dir='ltr'><strong>profanus</strong></span> <span class='ocrx_word' id='word_1_164' title='bbox 3377 1130 3669 1210; x_wconf 86' lang='lat' dir='ltr'><strong>quispiam</strong></span> <span class='ocrx_word' id='word_1_165' title='bbox 3691 1128 3739 1190; x_wconf 84' lang='grc'><strong>¹.</strong></span> 
     </span>
    </p>
   </div>
   <div class='ocr_carea' id='block_1_19' title="bbox 2083 1212 3743 1301">
    <p class='ocr_par' dir='ltr' id='par_1_19' title="bbox 2083 1212 3743 1301">
     <span class='ocr_line' id='line_1_19' title="bbox 2083 1212 3743 1301; baseline 0.004 -26"><span class='ocrx_word' id='word_1_166' title='bbox 2083 1212 2156 1275; x_wconf 90' lang='lat' dir='ltr'><strong>Ut</strong></span> <span class='ocrx_word' id='word_1_167' title='bbox 2177 1215 2334 1275; x_wconf 89' lang='lat' dir='ltr'><strong>enim</strong></span> <span class='ocrx_word' id='word_1_168' title='bbox 2364 1218 2455 1278; x_wconf 92' lang='lat' dir='ltr'><strong>hic</strong></span> <span class='ocrx_word' id='word_1_169' title='bbox 2481 1228 2767 1294; x_wconf 89' lang='lat' dir='ltr'><strong>mentem,</strong></span> <span class='ocrx_word' id='word_1_170' title='bbox 2798 1226 2873 1280; x_wconf 88' lang='lat' dir='ltr'><strong>ita</strong></span> <span class='ocrx_word' id='word_1_171' title='bbox 2900 1220 2997 1280; x_wconf 88' lang='lat' dir='ltr'><strong>ille</strong></span> <span class='ocrx_word' id='word_1_172' title='bbox 3021 1220 3226 1282; x_wconf 92' lang='lat' dir='ltr'><strong>oculos</strong></span> <span class='ocrx_word' id='word_1_173' title='bbox 3252 1220 3536 1281; x_wconf 71' lang='lat' dir='ltr'><strong>Illustrat:</strong></span> <span class='ocrx_word' id='word_1_174' title='bbox 3565 1230 3743 1301; x_wconf 89' lang='lat' dir='ltr'><strong>atque</strong></span> 
     </span>
    </p>
   </div>
   <div class='ocr_carea' id='block_1_20' title="bbox 2084 1305 3741 1389">
    <p class='ocr_par' dir='ltr' id='par_1_20' title="bbox 2084 1305 3741 1389">
     <span class='ocr_line' id='line_1_20' title="bbox 2084 1305 3741 1389; baseline 0.005 -26"><span class='ocrx_word' id='word_1_175' title='bbox 2084 1314 2147 1364; x_wconf 91' lang='lat' dir='ltr'><strong>ut</strong></span> <span class='ocrx_word' id='word_1_176' title='bbox 2178 1305 2271 1365; x_wconf 88' lang='lat' dir='ltr'><strong>hic</strong></span> <span class='ocrx_word' id='word_1_177' title='bbox 2296 1325 2391 1368; x_wconf 88' lang='lat' dir='ltr'><strong>res</strong></span> <span class='ocrx_word' id='word_1_178' title='bbox 2423 1326 2521 1368; x_wconf 91' lang='lat' dir='ltr'><strong>eas</strong></span> <span class='ocrx_word' id='word_1_179' title='bbox 2553 1327 2785 1387; x_wconf 87' lang='lat' dir='ltr'><strong>omnes,</strong></span> <span class='ocrx_word' id='word_1_180' title='bbox 2813 1328 2942 1389; x_wconf 78' lang='lat' dir='ltr'><strong>quae</strong></span> <span class='ocrx_word' id='word_1_181' title='bbox 2970 1310 3170 1370; x_wconf 88' lang='lat' dir='ltr'><strong>animo</strong></span> <span class='ocrx_word' id='word_1_182' title='bbox 3203 1320 3261 1372; x_wconf 93' lang='lat' dir='ltr'><strong>et</strong></span> <span class='ocrx_word' id='word_1_183' title='bbox 3292 1310 3525 1372; x_wconf 90' lang='lat' dir='ltr'><strong>ratione</strong></span> <span class='ocrx_word' id='word_1_184' title='bbox 3551 1310 3741 1372; x_wconf 90' lang='lat' dir='ltr'><strong>intel-</strong></span> 
     </span>
    </p>
   </div>
   <div class='ocr_carea' id='block_1_21' title="bbox 2085 1392 3737 1476">
    <p class='ocr_par' dir='ltr' id='par_1_21' title="bbox 2085 1392 3737 1476">
     <span class='ocr_line' id='line_1_21' title="bbox 2085 1392 3737 1476; baseline 0.006 -24"><span class='ocrx_word' id='word_1_185' title='bbox 2085 1392 2367 1472; x_wconf 82' lang='lat' dir='ltr'><strong>liguntur.</strong></span> <span class='ocrx_word' id='word_1_186' title='bbox 2408 1398 2854 1476; x_wconf 72' lang='lat' dir='ltr'><strong>pulchritudine</strong></span> <span class='ocrx_word' id='word_1_187' title='bbox 2886 1399 3090 1470; x_wconf 88' lang='lat' dir='ltr'><strong>vincit,</strong></span> <span class='ocrx_word' id='word_1_188' title='bbox 3130 1400 3207 1460; x_wconf 91' lang='lat' dir='ltr'><strong>ita</strong></span> <span class='ocrx_word' id='word_1_189' title='bbox 3259 1400 3435 1461; x_wconf 79' lang='lat' dir='ltr'><strong>etiam</strong></span> <span class='ocrx_word' id='word_1_190' title='bbox 3474 1401 3572 1461; x_wconf 88' lang='lat' dir='ltr'><strong>ille</strong></span> <span class='ocrx_word' id='word_1_191' title='bbox 3612 1418 3737 1475; x_wconf 85' lang='lat' dir='ltr'><strong>eas,</strong></span> 
     </span>
    </p>
   </div>
   <div class='ocr_carea' id='block_1_22' title="bbox 2085 1486 3737 1570">
    <p class='ocr_par' dir='ltr' id='par_1_22' title="bbox 2085 1486 3737 1570">
     <span class='ocr_line' id='line_1_22' title="bbox 2085 1486 3737 1570; baseline 0.004 -28"><span class='ocrx_word' id='word_1_192' title='bbox 2085 1503 2216 1563; x_wconf 68' lang='lat' dir='ltr'><strong>quae</strong></span> <span class='ocrx_word' id='word_1_193' title='bbox 2246 1486 2549 1548; x_wconf 86' lang='lat' dir='ltr'><strong>oculorum</strong></span> <span class='ocrx_word' id='word_1_194' title='bbox 2583 1506 2763 1549; x_wconf 91' lang='lat' dir='ltr'><strong>sensu</strong></span> <span class='ocrx_word' id='word_1_195' title='bbox 2799 1491 3232 1569; x_wconf 85' lang='lat' dir='ltr'><strong>percipiuntur.</strong></span> <span class='ocrx_word' id='word_1_196' title='bbox 3268 1490 3383 1552; x_wconf 89' lang='lat' dir='ltr'><strong>Sed</strong></span> <span class='ocrx_word' id='word_1_197' title='bbox 3427 1489 3569 1570; x_wconf 92' lang='lat' dir='ltr'><strong>quid</strong></span> <span class='ocrx_word' id='word_1_198' title='bbox 3604 1498 3737 1550; x_wconf 89' lang='lat' dir='ltr'><strong>tan-</strong></span> 
     </span>
    </p>
   </div>
   <div class='ocr_carea' id='block_1_23' title="bbox 324 1574 1989 1663">
    <p class='ocr_par' dir='ltr' id='par_1_23' title="bbox 324 1580 1989 1663">
     <span class='ocr_line' id='line_1_23' title="bbox 324 1580 1989 1663; baseline 0.001 -28"><span class='ocrx_word' id='word_1_199' title='bbox 324 1602 511 1660; x_wconf 86' lang='grc' dir='ltr'>μενον,</span> <span class='ocrx_word' id='word_1_200' title='bbox 582 1580 749 1644; x_wconf 77' lang='grc' dir='ltr'>ὅντως</span> <span class='ocrx_word' id='word_1_201' title='bbox 810 1582 1116 1662; x_wconf 72' lang='grc' dir='ltr'><strong>ἀκάμαντα,</strong></span> <span class='ocrx_word' id='word_1_202' title='bbox 1192 1585 1281 1640; x_wconf 85' lang='grc' dir='ltr'><strong>καὶ</strong></span> <span class='ocrx_word' id='word_1_203' title='bbox 1333 1581 1638 1663; x_wconf 74' lang='grc' dir='ltr'>φερέσϐιον,</span> <span class='ocrx_word' id='word_1_204' title='bbox 1697 1584 1786 1638; x_wconf 89' lang='grc' dir='ltr'><strong>καὶ</strong></span> <span class='ocrx_word' id='word_1_205' title='bbox 1841 1582 1989 1663; x_wconf 63' lang='grc' dir='ltr'>φυσί-</span> 
     </span>
    </p>
   </div>
   <div class='ocr_carea' id='block_1_24' title="bbox 2083 1574 3737 1663">
    <p class='ocr_par' dir='ltr' id='par_1_24' title="bbox 2085 1574 3737 1660">
     <span class='ocr_line' id='line_1_24' title="bbox 2085 1574 3737 1660; baseline 0.004 -28"><span class='ocrx_word' id='word_1_206' title='bbox 2085 1574 2217 1634; x_wconf 88' lang='lat' dir='ltr'><strong>dem</strong></span> <span class='ocrx_word' id='word_1_207' title='bbox 2254 1576 2337 1635; x_wconf 87' lang='lat' dir='ltr'><strong>illi</strong></span> <span class='ocrx_word' id='word_1_208' title='bbox 2375 1588 2595 1639; x_wconf 87' lang='lat' dir='ltr'><strong>motum</strong></span> <span class='ocrx_word' id='word_1_209' title='bbox 2630 1578 2804 1639; x_wconf 87' lang='lat' dir='ltr'><strong>initio</strong></span> <span class='ocrx_word' id='word_1_210' title='bbox 2836 1576 3056 1639; x_wconf 82' lang='lat' dir='ltr'><strong>dedit?</strong></span> <span class='ocrx_word' id='word_1_211' title='bbox 3086 1579 3239 1652; x_wconf 86' lang='lat' dir='ltr'><strong>Quid</strong></span> <span class='ocrx_word' id='word_1_212' title='bbox 3274 1599 3407 1641; x_wconf 91' lang='lat' dir='ltr'><strong>eum</strong></span> <span class='ocrx_word' id='word_1_213' title='bbox 3447 1591 3737 1660; x_wconf 88' lang='lat' dir='ltr'><strong>perpetuo</strong></span> 
     </span>
    </p>
   </div>
   <div class='ocr_carea' id='block_1_25' title="bbox 321 1667 1989 1749">
    <p class='ocr_par' dir='ltr' id='par_1_25' title="bbox 321 1670 1989 1749">
     <span class='ocr_line' id='line_1_25' title="bbox 321 1670 1989 1749; baseline 0.003 -24"><span class='ocrx_word' id='word_1_214' title='bbox 321 1678 482 1743; x_wconf 86' lang='grc' dir='ltr'>ζωον,</span> <span class='ocrx_word' id='word_1_215' title='bbox 545 1670 633 1727; x_wconf 81' lang='grc' dir='ltr'><strong>καὶ</strong></span> <span class='ocrx_word' id='word_1_216' title='bbox 691 1671 790 1728; x_wconf 81' lang='grc' dir='ltr'>ὅσα</span> <span class='ocrx_word' id='word_1_217' title='bbox 875 1685 1134 1739; x_wconf 71' lang='grc' dir='ltr'>ποιηταῖς</span> <span class='ocrx_word' id='word_1_218' title='bbox 1179 1670 1409 1747; x_wconf 76' lang='grc' dir='ltr'>ὕμνηται</span> <span class='ocrx_word' id='word_1_219' title='bbox 1465 1673 1604 1730; x_wconf 77' lang='grc' dir='ltr'>κατὰ</span> <span class='ocrx_word' id='word_1_220' title='bbox 1667 1671 1851 1749; x_wconf 80' lang='grc' dir='ltr'>λόγον,</span> <span class='ocrx_word' id='word_1_221' title='bbox 1909 1674 1989 1730; x_wconf 74' lang='grc' dir='ltr'><strong>καῖ</strong></span> 
     </span>
    </p>
   </div>
   <div class='ocr_carea' id='block_1_26' title="bbox 2083 1667 3737 1749">
    <p class='ocr_par' dir='ltr' id='par_1_26' title="bbox 2084 1667 3737 1744">
     <span class='ocr_line' id='line_1_26' title="bbox 2084 1667 3737 1744; baseline 0.007 -23"><span class='ocrx_word' id='word_1_222' title='bbox 2084 1674 2241 1724; x_wconf 87' lang='lat' dir='ltr'><strong>tnotu</strong></span> <span class='ocrx_word' id='word_1_223' title='bbox 2276 1667 2450 1744; x_wconf 60' lang='lat' dir='ltr'><strong>agitat</strong></span> <span class='ocrx_word' id='word_1_224' title='bbox 2483 1687 2550 1728; x_wconf 87' lang='lat' dir='ltr'><strong>ac</strong></span> <span class='ocrx_word' id='word_1_225' title='bbox 2583 1668 2996 1742; x_wconf 82' lang='lat' dir='ltr'><strong>circumducit,</strong></span> <span class='ocrx_word' id='word_1_226' title='bbox 3033 1689 3167 1729; x_wconf 83' lang='lat' dir='ltr'><strong>cum</strong></span> <span class='ocrx_word' id='word_1_227' title='bbox 3225 1670 3467 1730; x_wconf 84' lang='lat' dir='ltr'><strong>interim</strong></span> <span class='ocrx_word' id='word_1_228' title='bbox 3504 1670 3737 1732; x_wconf 85' lang='lat' dir='ltr'><strong>ratione</strong></span> 
     </span>
    </p>
   </div>
   <div class='ocr_carea' id='block_1_27' title="bbox 321 1754 1989 1843">
    <p class='ocr_par' dir='ltr' id='par_1_27' title="bbox 321 1759 1989 1843">
     <span class='ocr_line' id='line_1_27' title="bbox 321 1759 1989 1843; baseline -0.008 -12"><span class='ocrx_word' id='word_1_229' title='bbox 321 1760 455 1835; x_wconf 74' lang='grc' dir='ltr'>μήτε</span> <span class='ocrx_word' id='word_1_230' title='bbox 489 1759 621 1839; x_wconf 72' lang='grc'>(87)</span> <span class='ocrx_word' id='word_1_231' title='bbox 650 1766 751 1828; x_wconf 82' lang='grc' dir='ltr'><strong>τῆς</strong></span> <span class='ocrx_word' id='word_1_232' title='bbox 799 1762 988 1819; x_wconf 69' lang='grc' dir='ltr'>ἑαυτοῦ</span> <span class='ocrx_word' id='word_1_233' title='bbox 1046 1768 1208 1843; x_wconf 72' lang='grc' dir='ltr'>φορᾶς</span> <span class='ocrx_word' id='word_1_234' title='bbox 1262 1784 1418 1833; x_wconf 82' lang='grc' dir='ltr'>ποτε,</span> <span class='ocrx_word' id='word_1_235' title='bbox 1472 1764 1609 1838; x_wconf 77' lang='grc' dir='ltr'>μήτε</span> <span class='ocrx_word' id='word_1_236' title='bbox 1640 1768 1746 1818; x_wconf 83' lang='grc' dir='ltr'><strong>τῶν</strong></span> <span class='ocrx_word' id='word_1_237' title='bbox 1776 1766 1989 1841; x_wconf 71' lang='grc' dir='ltr'>εὐεργε-</span> 
     </span>
    </p>
   </div>
   <div class='ocr_carea' id='block_1_28' title="bbox 2083 1754 3734 1843">
    <p class='ocr_par' dir='ltr' id='par_1_28' title="bbox 2083 1754 3734 1840">
     <span class='ocr_line' id='line_1_28' title="bbox 2083 1754 3734 1840; baseline 0.005 -28"><span class='ocrx_word' id='word_1_238' title='bbox 2083 1754 2307 1816; x_wconf 70' lang='lat' dir='ltr'><strong>stabilis</strong></span> <span class='ocrx_word' id='word_1_239' title='bbox 2342 1756 2419 1816; x_wconf 85' lang='lat' dir='ltr'><strong>sit</strong></span> <span class='ocrx_word' id='word_1_240' title='bbox 2446 1766 2502 1818; x_wconf 91' lang='lat' dir='ltr'><strong>et</strong></span> <span class='ocrx_word' id='word_1_241' title='bbox 2536 1768 2728 1819; x_wconf 91' lang='lat' dir='ltr'><strong>motus</strong></span> <span class='ocrx_word' id='word_1_242' title='bbox 2752 1777 2990 1839; x_wconf 82' lang='lat' dir='ltr'><strong>expers,</strong></span> <span class='ocrx_word' id='word_1_243' title='bbox 3016 1778 3149 1819; x_wconf 88' lang='lat' dir='ltr'><strong>vere</strong></span> <span class='ocrx_word' id='word_1_244' title='bbox 3173 1758 3734 1840; x_wconf 68' lang='lat' dir='ltr'><strong>infatigabiiis,vitaa</strong></span> 
     </span>
    </p>
   </div>
   <div class='ocr_carea' id='block_1_29' title="bbox 321 1843 1989 1932">
    <p class='ocr_par' dir='ltr' id='par_1_29' title="bbox 321 1850 1989 1932">
     <span class='ocr_line' id='line_1_29' title="bbox 321 1850 1989 1932; baseline 0.002 -27"><span class='ocrx_word' id='word_1_245' title='bbox 321 1850 451 1906; x_wconf 81' lang='grc' dir='ltr'>σιῶν</span> <span class='ocrx_word' id='word_1_246' title='bbox 475 1851 803 1932; x_wconf 69' lang='grc' dir='ltr'>ἱστάμενον,</span> <span class='ocrx_word' id='word_1_247' title='bbox 865 1857 984 1915; x_wconf 83' lang='grc' dir='ltr'><strong>Πῶς</strong></span> <span class='ocrx_word' id='word_1_248' title='bbox 1041 1851 1249 1932; x_wconf 80' lang='grc' dir='ltr'>ἡμέρας</span> <span class='ocrx_word' id='word_1_249' title='bbox 1307 1850 1628 1932; x_wconf 83' lang='grc' dir='ltr'>δημιουργὸς</span> <span class='ocrx_word' id='word_1_250' title='bbox 1684 1853 1814 1929; x_wconf 76' lang='grc' dir='ltr'>ὑπὲρ</span> <span class='ocrx_word' id='word_1_251' title='bbox 1864 1858 1989 1931; x_wconf 70' lang='grc' dir='ltr'><strong>γῆς¹</strong></span> 
     </span>
    </p>
   </div>
   <div class='ocr_carea' id='block_1_30' title="bbox 2083 1843 3727 1932">
    <p class='ocr_par' dir='ltr' id='par_1_30' title="bbox 2083 1843 3727 1930">
     <span class='ocr_line' id='line_1_30' title="bbox 2083 1843 3727 1930; baseline 0.005 -28"><span class='ocrx_word' id='word_1_252' title='bbox 2083 1843 2271 1919; x_wconf 85' lang='lat' dir='ltr'><strong>dator,</strong></span> <span class='ocrx_word' id='word_1_253' title='bbox 2298 1846 2689 1908; x_wconf 75' lang='lat' dir='ltr'><strong>animantium</strong></span> <span class='ocrx_word' id='word_1_254' title='bbox 2714 1859 2906 1929; x_wconf 89' lang='lat' dir='ltr'><strong>pater,</strong></span> <span class='ocrx_word' id='word_1_255' title='bbox 2936 1858 2993 1908; x_wconf 88' lang='lat' dir='ltr'><strong>et</strong></span> <span class='ocrx_word' id='word_1_256' title='bbox 3012 1848 3468 1930; x_wconf 84' lang='lat' dir='ltr'><strong>quibuscunque</strong></span> <span class='ocrx_word' id='word_1_257' title='bbox 3492 1850 3727 1910; x_wconf 82' lang='lat' dir='ltr'><strong>laudum</strong></span> 
     </span>
    </p>
   </div>
   <div class='ocr_carea' id='block_1_31' title="bbox 321 1933 1989 2023">
    <p class='ocr_par' dir='ltr' id='par_1_31' title="bbox 321 1940 1989 2023">
     <span class='ocr_line' id='line_1_31' title="bbox 321 1940 1989 2023; baseline 0.001 -27"><span class='ocrx_word' id='word_1_258' title='bbox 321 1942 412 1996; x_wconf 83' lang='grc' dir='ltr'><strong>καὶ</strong></span> <span class='ocrx_word' id='word_1_259' title='bbox 442 1942 627 2005; x_wconf 80' lang='grc' dir='ltr'>νυκτὸς</span> <span class='ocrx_word' id='word_1_260' title='bbox 656 1942 758 1997; x_wconf 83' lang='grc' dir='ltr'>ὑπὸ</span> <span class='ocrx_word' id='word_1_261' title='bbox 817 1947 943 2021; x_wconf 76' lang='grc' dir='ltr'>γῆν.</span> <span class='ocrx_word' id='word_1_262' title='bbox 979 1942 1016 2009; x_wconf 69' lang='grc' dir='ltr'>ἦ</span> <span class='ocrx_word' id='word_1_263' title='bbox 1061 1944 1156 1999; x_wconf 68' lang='grc' dir='ltr'><strong>οὐκ</strong></span> <span class='ocrx_word' id='word_1_264' title='bbox 1204 1940 1310 1998; x_wconf 83' lang='grc' dir='ltr'><strong>οἷδ’</strong></span> <span class='ocrx_word' id='word_1_265' title='bbox 1362 1942 1388 1998; x_wconf 79' lang='grc' dir='ltr'>ὅ</span> <span class='ocrx_word' id='word_1_266' title='bbox 1423 1965 1472 1999; x_wconf 90' lang='grc' dir='ltr'><strong>τι</strong></span> <span class='ocrx_word' id='word_1_267' title='bbox 1506 1944 1617 2023; x_wconf 76' lang='grc' dir='ltr'>χρὴ</span> <span class='ocrx_word' id='word_1_268' title='bbox 1651 1941 1827 2021; x_wconf 78' lang='grc' dir='ltr'>λέγειν</span> <span class='ocrx_word' id='word_1_269' title='bbox 1856 1941 1989 2017; x_wconf 74' lang='grc' dir='ltr'>ἡλίῳ</span> 
     </span>
    </p>
   </div>
   <div class='ocr_carea' id='block_1_32' title="bbox 2083 1933 3734 2023">
    <p class='ocr_par' dir='ltr' id='par_1_32' title="bbox 2083 1933 3734 2020">
     <span class='ocr_line' id='line_1_32' title="bbox 2083 1933 3734 2020; baseline 0.007 -29"><span class='ocrx_word' id='word_1_270' title='bbox 2083 1933 2260 1994; x_wconf 76' lang='lat' dir='ltr'><strong>titulis</strong></span> <span class='ocrx_word' id='word_1_271' title='bbox 2293 1954 2426 1995; x_wconf 84' lang='lat' dir='ltr'><strong>eum</strong></span> <span class='ocrx_word' id='word_1_272' title='bbox 2465 1956 2581 1997; x_wconf 83' lang='lat' dir='ltr'><strong>non</strong></span> <span class='ocrx_word' id='word_1_273' title='bbox 2616 1938 2913 1999; x_wconf 88' lang='lat' dir='ltr'><strong>immerito</strong></span> <span class='ocrx_word' id='word_1_274' title='bbox 2948 1949 3138 2018; x_wconf 67' lang='lat' dir='ltr'><strong>poetae</strong></span> <span class='ocrx_word' id='word_1_275' title='bbox 3169 1949 3628 2020; x_wconf 87' lang='lat' dir='ltr'><strong>prosequuntur,</strong></span> <span class='ocrx_word' id='word_1_276' title='bbox 3663 1957 3734 2003; x_wconf 88' lang='lat' dir='ltr'><strong>ac</strong></span> 
     </span>
    </p>
   </div>
   <div class='ocr_carea' id='block_1_33' title="bbox 324 2027 1989 2112">
    <p class='ocr_par' dir='ltr' id='par_1_33' title="bbox 324 2027 1989 2112">
     <span class='ocr_line' id='line_1_33' title="bbox 324 2027 1989 2112; baseline 0.003 -27"><span class='ocrx_word' id='word_1_277' title='bbox 324 2027 741 2109; x_wconf 80' lang='grc' dir='ltr'>προσϐλέψαντα</span> <span class='ocrx_word' id='word_1_278' title='bbox 780 2051 796 2111; x_wconf 82' lang='grc'><strong>;</strong></span> <span class='ocrx_word' id='word_1_279' title='bbox 844 2034 935 2095; x_wconf 84' lang='grc' dir='ltr'>Τίς</span> <span class='ocrx_word' id='word_1_280' title='bbox 967 2034 1001 2100; x_wconf 74' lang='grc' dir='ltr'>ἦ</span> <span class='ocrx_word' id='word_1_281' title='bbox 1037 2032 1232 2089; x_wconf 87' lang='grc' dir='ltr'>τούτων</span> <span class='ocrx_word' id='word_1_282' title='bbox 1266 2031 1390 2112; x_wconf 87' lang='grc'>(88)</span> <span class='ocrx_word' id='word_1_283' title='bbox 1423 2031 1727 2111; x_wconf 80' lang='grc' dir='ltr'>προσληψίς</span> <span class='ocrx_word' id='word_1_284' title='bbox 1785 2054 1843 2089; x_wconf 91' lang='grc' dir='ltr'><strong>τε</strong></span> <span class='ocrx_word' id='word_1_285' title='bbox 1901 2034 1989 2090; x_wconf 84' lang='grc' dir='ltr'><strong>καὶ</strong></span> 
     </span>
    </p>
   </div>
   <div class='ocr_carea' id='block_1_34' title="bbox 2083 2027 3727 2112">
    <p class='ocr_par' dir='ltr' id='par_1_34' title="bbox 2083 2028 3727 2108">
     <span class='ocr_line' id='line_1_34' title="bbox 2083 2028 3727 2108; baseline 0.006 -26"><span class='ocrx_word' id='word_1_286' title='bbox 2083 2043 2267 2105; x_wconf 83' lang='lat' dir='ltr'><strong>neque</strong></span> <span class='ocrx_word' id='word_1_287' title='bbox 2305 2028 2484 2086; x_wconf 80' lang='lat' dir='ltr'><strong>motui</strong></span> <span class='ocrx_word' id='word_1_288' title='bbox 2542 2046 2800 2108; x_wconf 82' lang='lat' dir='ltr'><strong>unquam</strong></span> <span class='ocrx_word' id='word_1_289' title='bbox 2852 2047 2981 2101; x_wconf 88' lang='lat' dir='ltr'><strong>suo,</strong></span> <span class='ocrx_word' id='word_1_290' title='bbox 3019 2047 3129 2090; x_wconf 90' lang='lat' dir='ltr'><strong>nec</strong></span> <span class='ocrx_word' id='word_1_291' title='bbox 3184 2029 3495 2091; x_wconf 84' lang='lat' dir='ltr'><strong>beneﬁciis</strong></span> <span class='ocrx_word' id='word_1_292' title='bbox 3545 2030 3727 2091; x_wconf 85' lang='lat' dir='ltr'><strong>ﬁnem</strong></span> 
     </span>
    </p>
   </div>
   <div class='ocr_carea' id='block_1_35' title="bbox 321 2116 1989 2202">
    <p class='ocr_par' dir='ltr' id='par_1_35' title="bbox 321 2119 1989 2201">
     <span class='ocr_line' id='line_1_35' title="bbox 321 2119 1989 2201; baseline 0.002 -26"><span class='ocrx_word' id='word_1_293' title='bbox 321 2119 711 2201; x_wconf 81' lang='grc' dir='ltr'>ἀνθυφαίρεσις,</span> <span class='ocrx_word' id='word_1_294' title='bbox 745 2122 897 2191; x_wconf 86' lang='grc' dir='ltr'><strong>καὶὴ</strong></span> <span class='ocrx_word' id='word_1_295' title='bbox 944 2126 1043 2189; x_wconf 79' lang='grc' dir='ltr'>τῆς</span> <span class='ocrx_word' id='word_1_296' title='bbox 1077 2122 1396 2189; x_wconf 77' lang='grc' dir='ltr'>ἀνισότητος</span> <span class='ocrx_word' id='word_1_297' title='bbox 1454 2123 1664 2195; x_wconf 76' lang='grc' dir='ltr'>ἰσότης,</span> <span class='ocrx_word' id='word_1_298' title='bbox 1713 2122 1786 2178; x_wconf 68' lang='grc' dir='ltr'><strong>’ἶν’</strong></span> <span class='ocrx_word' id='word_1_299' title='bbox 1848 2122 1989 2180; x_wconf 68' lang='grc' dir='ltr'>εἴπω</span> 
     </span>
    </p>
   </div>
   <div class='ocr_carea' id='block_1_36' title="bbox 2083 2116 3726 2202">
    <p class='ocr_par' dir='ltr' id='par_1_36' title="bbox 2083 2116 3726 2202">
     <span class='ocr_line' id='line_1_36' title="bbox 2083 2116 3726 2202; baseline 0.004 -27"><span class='ocrx_word' id='word_1_300' title='bbox 2083 2116 2449 2178; x_wconf 86' lang='lat' dir='ltr'><strong>constituens</strong></span> <span class='ocrx_word' id='word_1_301' title='bbox 2478 2118 2504 2177; x_wconf 72' lang='grc' dir='ltr'><strong>ξ)</strong></span> <span class='ocrx_word' id='word_1_302' title='bbox 2534 2118 2843 2189; x_wconf 87' lang='lat' dir='ltr'><strong>Quomodo</strong></span> <span class='ocrx_word' id='word_1_303' title='bbox 2870 2119 3025 2180; x_wconf 90' lang='lat' dir='ltr'><strong>diem</strong></span> <span class='ocrx_word' id='word_1_304' title='bbox 3058 2130 3351 2202; x_wconf 85' lang='lat' dir='ltr'><strong>procreat,</strong></span> <span class='ocrx_word' id='word_1_305' title='bbox 3377 2139 3511 2181; x_wconf 88' lang='lat' dir='ltr'><strong>cum</strong></span> <span class='ocrx_word' id='word_1_306' title='bbox 3542 2138 3726 2201; x_wconf 87' lang='lat' dir='ltr'><strong>supra</strong></span> 
     </span>
    </p>
   </div>
   <div class='ocr_carea' id='block_1_37' title="bbox 319 2208 1986 2291">
    <p class='ocr_par' dir='ltr' id='par_1_37' title="bbox 319 2208 1986 2291">
     <span class='ocr_line' id='line_1_37' title="bbox 319 2208 1986 2291; baseline 0.002 -27"><span class='ocrx_word' id='word_1_307' title='bbox 319 2230 371 2264; x_wconf 90' lang='grc' dir='ltr'><strong>τι</strong></span> <span class='ocrx_word' id='word_1_308' title='bbox 404 2210 490 2265; x_wconf 87' lang='grc' dir='ltr'><strong>καὶ</strong></span> <span class='ocrx_word' id='word_1_309' title='bbox 519 2208 814 2287; x_wconf 75' lang='grc' dir='ltr'>παράδοξον</span> <span class='ocrx_word' id='word_1_310' title='bbox 847 2230 864 2291; x_wconf 69' lang='grc' dir='ltr'><strong><em>ς</em></strong></span> <span class='ocrx_word' id='word_1_311' title='bbox 915 2217 1037 2276; x_wconf 83' lang='grc' dir='ltr'><strong>Πῶς</strong></span> <span class='ocrx_word' id='word_1_312' title='bbox 1093 2208 1148 2266; x_wconf 79' lang='grc' dir='ltr'><strong>δὲ</strong></span> <span class='ocrx_word' id='word_1_313' title='bbox 1208 2214 1361 2291; x_wconf 83' lang='grc' dir='ltr'>ὡρῶν</span> <span class='ocrx_word' id='word_1_314' title='bbox 1392 2213 1627 2282; x_wconf 80' lang='grc' dir='ltr'>ποιητής</span> <span class='ocrx_word' id='word_1_315' title='bbox 1657 2234 1716 2269; x_wconf 89' lang='grc' dir='ltr'><strong>τε</strong></span> <span class='ocrx_word' id='word_1_316' title='bbox 1746 2212 1834 2268; x_wconf 88' lang='grc' dir='ltr'><strong>καὶ</strong></span> <span class='ocrx_word' id='word_1_317' title='bbox 1883 2234 1986 2287; x_wconf 86' lang='grc' dir='ltr'>με-</span> 
     </span>
    </p>
   </div>
   <div class='ocr_carea' id='block_1_38' title="bbox 326 2300 1986 2381">
    <p class='ocr_par' dir='ltr' id='par_1_38' title="bbox 326 2300 1986 2381">
     <span class='ocr_line' id='line_1_38' title="bbox 326 2300 1986 2381; baseline 0.002 -27"><span class='ocrx_word' id='word_1_318' title='bbox 326 2301 536 2377; x_wconf 76' lang='grc' dir='ltr'>ριστὴς,</span> <span class='ocrx_word' id='word_1_319' title='bbox 601 2300 866 2366; x_wconf 75' lang='grc' dir='ltr'><strong>εὐτάκτως</strong></span> <span class='ocrx_word' id='word_1_320' title='bbox 920 2300 1043 2381; x_wconf 85' lang='grc'>(89)</span> <span class='ocrx_word' id='word_1_321' title='bbox 1099 2300 1487 2379; x_wconf 73' lang='grc' dir='ltr'>ἐπιγινομένων</span> <span class='ocrx_word' id='word_1_322' title='bbox 1542 2322 1602 2358; x_wconf 88' lang='grc' dir='ltr'><strong>τε</strong></span> <span class='ocrx_word' id='word_1_323' title='bbox 1654 2303 1744 2359; x_wconf 86' lang='grc' dir='ltr'><strong>καὶ</strong></span> <span class='ocrx_word' id='word_1_324' title='bbox 1788 2302 1986 2380; x_wconf 78' lang='grc' dir='ltr'>ἀπογι-</span> 
     </span>
    </p>
   </div>
   <div class='ocr_carea' id='block_1_39' title="bbox 331 2388 1989 2471">
    <p class='ocr_par' dir='ltr' id='par_1_39' title="bbox 331 2388 1989 2471">
     <span class='ocr_line' id='line_1_39' title="bbox 331 2388 1989 2471; baseline 0.003 -30"><span class='ocrx_word' id='word_1_325' title='bbox 331 2388 589 2468; x_wconf 83' lang='grc' dir='ltr'>νομένων,</span> <span class='ocrx_word' id='word_1_326' title='bbox 621 2390 710 2445; x_wconf 80' lang='grc' dir='ltr'><strong>καὶ</strong></span> <span class='ocrx_word' id='word_1_327' title='bbox 763 2388 942 2469; x_wconf 80' lang='grc' dir='ltr'>ὥσπερ</span> <span class='ocrx_word' id='word_1_328' title='bbox 1006 2391 1061 2447; x_wconf 78' lang='grc' dir='ltr'>ἐν</span> <span class='ocrx_word' id='word_1_329' title='bbox 1126 2397 1277 2471; x_wconf 86' lang='grc' dir='ltr'>χορῷ</span> <span class='ocrx_word' id='word_1_330' title='bbox 1306 2388 1763 2466; x_wconf 77' lang='grc' dir='ltr'>συμπλεκομένων</span> <span class='ocrx_word' id='word_1_331' title='bbox 1822 2389 1989 2461; x_wconf 74' lang='grc' dir='ltr'>ἀλλή-</span> 
     </span>
    </p>
   </div>
   <div class='ocr_carea' id='block_1_40' title="bbox 327 2475 1984 2561">
    <p class='ocr_par' dir='ltr' id='par_1_40' title="bbox 327 2475 1984 2561">
     <span class='ocr_line' id='line_1_40' title="bbox 327 2475 1984 2561; baseline 0.002 -28"><span class='ocrx_word' id='word_1_332' title='bbox 327 2475 447 2540; x_wconf 89' lang='grc' dir='ltr'>λαις</span> <span class='ocrx_word' id='word_1_333' title='bbox 505 2479 593 2535; x_wconf 86' lang='grc' dir='ltr'><strong>καὶ</strong></span> <span class='ocrx_word' id='word_1_334' title='bbox 641 2476 993 2554; x_wconf 74' lang='grc' dir='ltr'>διισταμένων</span> <span class='ocrx_word' id='word_1_335' title='bbox 1040 2480 1125 2561; x_wconf 77' lang='grc' dir='ltr'><strong>(τὸ</strong></span> <span class='ocrx_word' id='word_1_336' title='bbox 1182 2480 1279 2555; x_wconf 81' lang='grc' dir='ltr'>μὲν</span> <span class='ocrx_word' id='word_1_337' title='bbox 1336 2480 1512 2561; x_wconf 78' lang='grc' dir='ltr'>φιλίας</span> <span class='ocrx_word' id='word_1_338' title='bbox 1587 2481 1756 2556; x_wconf 84' lang='grc' dir='ltr'>νόμῳ,</span> <span class='ocrx_word' id='word_1_339' title='bbox 1820 2482 1881 2537; x_wconf 83' lang='grc' dir='ltr'>τὸ</span> <span class='ocrx_word' id='word_1_340' title='bbox 1930 2478 1984 2536; x_wconf 75' lang='grc' dir='ltr'><strong>δὲ</strong></span> 
     </span>
    </p>
   </div>
   <div class='ocr_carea' id='block_1_41' title="bbox 327 2566 1985 2650">
    <p class='ocr_par' dir='ltr' id='par_1_41' title="bbox 327 2566 1985 2650">
     <span class='ocr_line' id='line_1_41' title="bbox 327 2566 1985 2650; baseline 0.003 -28"><span class='ocrx_word' id='word_1_341' title='bbox 327 2566 616 2647; x_wconf 71' lang='grc' dir='ltr'>εὔταξίας),</span> <span class='ocrx_word' id='word_1_342' title='bbox 662 2570 751 2625; x_wconf 85' lang='grc' dir='ltr'><strong>καὶ</strong></span> <span class='ocrx_word' id='word_1_343' title='bbox 806 2571 942 2626; x_wconf 81' lang='grc' dir='ltr'>κατὰ</span> <span class='ocrx_word' id='word_1_344' title='bbox 1008 2572 1195 2649; x_wconf 83' lang='grc' dir='ltr'>μικρὸν</span> <span class='ocrx_word' id='word_1_345' title='bbox 1281 2571 1639 2650; x_wconf 85' lang='grc' dir='ltr'>κριναμένων,</span> <span class='ocrx_word' id='word_1_346' title='bbox 1718 2572 1806 2627; x_wconf 85' lang='grc' dir='ltr'><strong>καὶ</strong></span> <span class='ocrx_word' id='word_1_347' title='bbox 1862 2582 1985 2634; x_wconf 76' lang='grc' dir='ltr'>ταῖς</span> 
     </span>
    </p>
   </div>
   <div class='ocr_carea' id='block_1_42' title="bbox 328 2656 1983 2739">
    <p class='ocr_par' dir='ltr' id='par_1_42' title="bbox 328 2656 1983 2739">
     <span class='ocr_line' id='line_1_42' title="bbox 328 2656 1983 2739; baseline 0.002 -26"><span class='ocrx_word' id='word_1_348' title='bbox 328 2656 583 2736; x_wconf 77' lang='grc' dir='ltr'>ἐγγύτησι</span> <span class='ocrx_word' id='word_1_349' title='bbox 642 2660 1016 2735; x_wconf 83' lang='grc' dir='ltr'>κλεπτομένων</span> <span class='ocrx_word' id='word_1_350' title='bbox 1072 2662 1262 2717; x_wconf 79' lang='grc' dir='ltr'>ταυτὸν</span> <span class='ocrx_word' id='word_1_351' title='bbox 1320 2660 1547 2739; x_wconf 81' lang='grc' dir='ltr'>ἡμέραις</span> <span class='ocrx_word' id='word_1_352' title='bbox 1580 2681 1636 2716; x_wconf 87' lang='grc' dir='ltr'><strong>τε</strong></span> <span class='ocrx_word' id='word_1_353' title='bbox 1677 2661 1765 2716; x_wconf 86' lang='grc' dir='ltr'><strong>καὶ</strong></span> <span class='ocrx_word' id='word_1_354' title='bbox 1825 2658 1983 2735; x_wconf 76' lang='grc' dir='ltr'>νυξὶν,</span> 
     </span>
    </p>
   </div>
   <div class='ocr_carea' id='block_1_43' title="bbox 328 2748 1984 2832">
    <p class='ocr_par' dir='ltr' id='par_1_43' title="bbox 328 2748 1984 2832">
     <span class='ocr_line' id='line_1_43' title="bbox 328 2748 1984 2832; baseline 0.001 -27"><span class='ocrx_word' id='word_1_355' title='bbox 328 2748 421 2805; x_wconf 77' lang='grc' dir='ltr'>ἵνα</span> <span class='ocrx_word' id='word_1_356' title='bbox 465 2750 543 2817; x_wconf 77' lang='grc' dir='ltr'>μὴ</span> <span class='ocrx_word' id='word_1_357' title='bbox 587 2755 666 2827; x_wconf 49' lang='grc' dir='ltr'><strong>.τῇ</strong></span> <span class='ocrx_word' id='word_1_358' title='bbox 720 2750 907 2825; x_wconf 79' lang='grc' dir='ltr'>ἀηθείᾳ</span> <span class='ocrx_word' id='word_1_359' title='bbox 969 2750 1089 2832; x_wconf 79' lang='grc'>(90)</span> <span class='ocrx_word' id='word_1_360' title='bbox 1141 2751 1454 2821; x_wconf 77' lang='grc' dir='ltr'>λυπήσωσιν</span> <span class='ocrx_word' id='word_1_361' title='bbox 1489 2770 1506 2831; x_wconf 70' lang='grc' dir='ltr'>ς</span> <span class='ocrx_word' id='word_1_362' title='bbox 1553 2748 1707 2808; x_wconf 83' lang='grc' dir='ltr'>Ἀλλ’</span> <span class='ocrx_word' id='word_1_363' title='bbox 1753 2750 1859 2807; x_wconf 71' lang='grc' dir='ltr'>’ίτω</span> <span class='ocrx_word' id='word_1_364' title='bbox 1888 2749 1984 2826; x_wconf 72' lang='grc' dir='ltr'><strong>μὶν</strong></span> 
     </span>
    </p>
   </div>
   <div class='ocr_carea' id='block_1_44' title="bbox 332 2837 1980 2922">
    <p class='ocr_par' dir='ltr' id='par_1_44' title="bbox 332 2837 1980 2922">
     <span class='ocr_line' id='line_1_44' title="bbox 332 2837 1980 2922; baseline 0.001 -26"><span class='ocrx_word' id='word_1_365' title='bbox 332 2837 484 2906; x_wconf 65' lang='grc' dir='ltr'>ἥλιος</span> <span class='ocrx_word' id='word_1_366' title='bbox 520 2857 535 2871; x_wconf 80' lang='grc'><strong>⁸</strong></span> <span class='ocrx_word' id='word_1_367' title='bbox 598 2840 660 2896; x_wconf 82' lang='grc' dir='ltr'><strong>σὺ</strong></span> <span class='ocrx_word' id='word_1_368' title='bbox 718 2839 772 2897; x_wconf 81' lang='grc' dir='ltr'><strong>δὲ</strong></span> <span class='ocrx_word' id='word_1_369' title='bbox 801 2841 967 2921; x_wconf 76' lang='grc' dir='ltr'>ἔγνως</span> <span class='ocrx_word' id='word_1_370' title='bbox 1030 2841 1264 2912; x_wconf 80' lang='grc' dir='ltr'>σελήνης</span> <span class='ocrx_word' id='word_1_371' title='bbox 1312 2842 1465 2915; x_wconf 84' lang='grc' dir='ltr'>φύσιν</span> <span class='ocrx_word' id='word_1_372' title='bbox 1512 2840 1657 2918; x_wconf 82' lang='grc'>(91),</span> <span class='ocrx_word' id='word_1_373' title='bbox 1691 2842 1781 2897; x_wconf 81' lang='grc' dir='ltr'><strong>καὶ</strong></span> <span class='ocrx_word' id='word_1_374' title='bbox 1811 2842 1980 2922; x_wconf 82' lang='grc' dir='ltr'>πάθη,</span> 
     </span>
    </p>
   </div>
   <div class='ocr_carea' id='block_1_45' title="bbox 327 2928 1982 3011">
    <p class='ocr_par' dir='ltr' id='par_1_45' title="bbox 327 2928 1982 3011">
     <span class='ocr_line' id='line_1_45' title="bbox 327 2928 1982 3011; baseline 0.002 -26"><span class='ocrx_word' id='word_1_375' title='bbox 327 2930 416 2985; x_wconf 86' lang='grc' dir='ltr'><strong>καὶ</strong></span> <span class='ocrx_word' id='word_1_376' title='bbox 462 2928 629 3008; x_wconf 86' lang='grc' dir='ltr'>μέτρα</span> <span class='ocrx_word' id='word_1_377' title='bbox 687 2932 882 3010; x_wconf 56' lang='grc' dir='ltr'>Ῠωτὸς,</span> <span class='ocrx_word' id='word_1_378' title='bbox 975 2933 1060 2989; x_wconf 85' lang='grc' dir='ltr'><strong>καὶ</strong></span> <span class='ocrx_word' id='word_1_379' title='bbox 1122 2929 1398 3011; x_wconf 74' lang='grc' dir='ltr'>δρόμουςς</span> <span class='ocrx_word' id='word_1_380' title='bbox 1466 2933 1555 2989; x_wconf 84' lang='grc' dir='ltr'><strong>καὶ</strong></span> <span class='ocrx_word' id='word_1_381' title='bbox 1621 2932 1738 2994; x_wconf 78' lang='grc' dir='ltr'><strong>πῶς</strong></span> <span class='ocrx_word' id='word_1_382' title='bbox 1783 2933 1811 2987; x_wconf 83' lang='grc' dir='ltr'>ὁ</span> <span class='ocrx_word' id='word_1_383' title='bbox 1885 2930 1982 3006; x_wconf 77' lang='grc' dir='ltr'>μὲν</span> 
     </span>
    </p>
   </div>
   <div class='ocr_carea' id='block_1_46' title="bbox 321 3017 1981 3101">
    <p class='ocr_par' dir='ltr' id='par_1_46' title="bbox 321 3017 1981 3101">
     <span class='ocr_line' id='line_1_46' title="bbox 321 3017 1981 3101; baseline 0.002 -27"><span class='ocrx_word' id='word_1_384' title='bbox 321 3017 528 3097; x_wconf 81' lang='grc' dir='ltr'>ἡμέρας</span> <span class='ocrx_word' id='word_1_385' title='bbox 574 3017 691 3099; x_wconf 72' lang='grc' dir='ltr'>’ἔχει</span> <span class='ocrx_word' id='word_1_386' title='bbox 734 3020 835 3089; x_wconf 77' lang='grc' dir='ltr'>τὴν</span> <span class='ocrx_word' id='word_1_387' title='bbox 892 3018 1225 3097; x_wconf 74' lang='grc' dir='ltr'>δυναστείαν,</span> <span class='ocrx_word' id='word_1_388' title='bbox 1277 3023 1312 3089; x_wconf 76' lang='grc' dir='ltr'><strong>ἦ</strong></span> <span class='ocrx_word' id='word_1_389' title='bbox 1385 3018 1439 3077; x_wconf 75' lang='grc' dir='ltr'><strong>δὲ</strong></span> <span class='ocrx_word' id='word_1_390' title='bbox 1498 3022 1683 3085; x_wconf 79' lang='grc' dir='ltr'>νυκτὸς</span> <span class='ocrx_word' id='word_1_391' title='bbox 1742 3025 1981 3101; x_wconf 80' lang='grc' dir='ltr'>προκαθ-</span> 
     </span>
    </p>
   </div>
   <div class='ocr_carea' id='block_1_47' title="bbox 331 3107 1983 3191">
    <p class='ocr_par' dir='ltr' id='par_1_47' title="bbox 331 3107 1983 3191">
     <span class='ocr_line' id='line_1_47' title="bbox 331 3107 1983 3191; baseline 0.002 -28"><span class='ocrx_word' id='word_1_392' title='bbox 331 3107 556 3188; x_wconf 74' lang='grc' dir='ltr'>ἐζεταις</span> <span class='ocrx_word' id='word_1_393' title='bbox 614 3110 700 3165; x_wconf 88' lang='grc' dir='ltr'><strong>καὶ</strong></span> <span class='ocrx_word' id='word_1_394' title='bbox 756 3111 790 3178; x_wconf 83' lang='grc' dir='ltr'><strong>ἡ</strong></span> <span class='ocrx_word' id='word_1_395' title='bbox 847 3110 943 3187; x_wconf 77' lang='grc' dir='ltr'>μὲν</span> <span class='ocrx_word' id='word_1_396' title='bbox 986 3112 1186 3191; x_wconf 83' lang='grc' dir='ltr'>θηρίοις</span> <span class='ocrx_word' id='word_1_397' title='bbox 1242 3108 1423 3167; x_wconf 83' lang='grc' dir='ltr'>δίδωσι</span> <span class='ocrx_word' id='word_1_398' title='bbox 1488 3108 1808 3189; x_wconf 80' lang='grc' dir='ltr'>παῤῥησίαν,</span> <span class='ocrx_word' id='word_1_399' title='bbox 1843 3108 1871 3166; x_wconf 87' lang='grc' dir='ltr'>ὅ</span> <span class='ocrx_word' id='word_1_400' title='bbox 1929 3109 1983 3166; x_wconf 79' lang='grc' dir='ltr'><em>δὲ</em></span> 
     </span>
    </p>
   </div>
   <div class='ocr_carea' id='block_1_48' title="bbox 325 3196 1423 3281">
    <p class='ocr_par' dir='ltr' id='par_1_48' title="bbox 325 3196 1423 3281">
     <span class='ocr_line' id='line_1_48' title="bbox 325 3196 1423 3281; baseline 0 -26"><span class='ocrx_word' id='word_1_401' title='bbox 325 3196 602 3277; x_wconf 73' lang='grc' dir='ltr'>ἄνθρωπον</span> <span class='ocrx_word' id='word_1_402' title='bbox 651 3199 735 3256; x_wconf 79' lang='grc' dir='ltr'><strong>ἐπὶ</strong></span> <span class='ocrx_word' id='word_1_403' title='bbox 793 3203 854 3257; x_wconf 76' lang='grc' dir='ltr'>τὸ</span> <span class='ocrx_word' id='word_1_404' title='bbox 910 3201 1063 3281; x_wconf 79' lang='grc' dir='ltr'>ἔργον</span> <span class='ocrx_word' id='word_1_405' title='bbox 1121 3201 1423 3281; x_wconf 79' lang='grc' dir='ltr'>ἀνίστησιν,</span> 
     </span>
    </p>
   </div>
   <div class='ocr_carea' id='block_1_49' title="bbox 321 3289 1583 3372">
    <p class='ocr_par' dir='ltr' id='par_1_49' title="bbox 321 3289 1583 3372">
     <span class='ocr_line' id='line_1_49' title="bbox 321 3289 1583 3372; baseline 0.001 -28"><span class='ocrx_word' id='word_1_406' title='bbox 321 3289 737 3364; x_wconf 78' lang='grc' dir='ltr'>ταπεινούμενος</span> <span class='ocrx_word' id='word_1_407' title='bbox 795 3291 929 3370; x_wconf 81' lang='grc' dir='ltr'>πρὸς</span> <span class='ocrx_word' id='word_1_408' title='bbox 994 3292 1054 3347; x_wconf 81' lang='grc' dir='ltr'>τὸ</span> <span class='ocrx_word' id='word_1_409' title='bbox 1115 3291 1583 3372; x_wconf 72' lang='grc' dir='ltr'>χρησιμώτατονς</span> 
     </span>
    </p>
   </div>
   <div class='ocr_carea' id='block_1_50' title="bbox 324 3339 1980 3461">
    <p class='ocr_par' dir='ltr' id='par_1_50' title="bbox 324 3339 1980 3461">
     <span class='ocr_line' id='line_1_50' title="bbox 324 3339 1980 3461; baseline 0.003 -29"><span class='ocrx_word' id='word_1_410' title='bbox 324 3375 521 3453; x_wconf 83' lang='grc' dir='ltr'>δεσμὸν</span> <span class='ocrx_word' id='word_1_411' title='bbox 566 3339 863 3455; x_wconf 50' lang='grc' dir='ltr'>ὅλειᾶδοςῖ</span> <span class='ocrx_word' id='word_1_412' title='bbox 904 3339 939 3448; x_wconf 56' lang='lat' dir='ltr'><strong>it</strong></span> <span class='ocrx_word' id='word_1_413' title='bbox 992 3339 1238 3460; x_wconf 38' lang='grc' dir='ltr'>πραῇὸν</span> <span class='ocrx_word' id='word_1_414' title='bbox 1286 3339 1587 3461; x_wconf 59' lang='grc' dir='ltr'><strong>ΙῖΩρίωνθςί</strong></span> <span class='ocrx_word' id='word_1_415' title='bbox 1640 3383 1714 3445; x_wconf 83' lang='grc' dir='ltr'><strong>ὡς</strong></span> <span class='ocrx_word' id='word_1_416' title='bbox 1774 3339 1801 3437; x_wconf 65' lang='lat' dir='ltr'><strong>ei</strong></span> <span class='ocrx_word' id='word_1_417' title='bbox 1859 3339 1980 3461; x_wconf 54' lang='grc' dir='ltr'>ἐρι-</span> 
     </span>
    </p>
   </div>
   <div class='ocr_carea' id='block_1_51' title="bbox 2073 2208 3728 2287">
    <p class='ocr_par' dir='ltr' id='par_1_51' title="bbox 2073 2208 3728 2287">
     <span class='ocr_line' id='line_1_51' title="bbox 2073 2208 3728 2287; baseline 0.005 -23"><span class='ocrx_word' id='word_1_418' title='bbox 2073 2213 2289 2268; x_wconf 86' lang='lat' dir='ltr'><strong>terram</strong></span> <span class='ocrx_word' id='word_1_419' title='bbox 2329 2219 2445 2287; x_wconf 91' lang='lat' dir='ltr'><strong>est,</strong></span> <span class='ocrx_word' id='word_1_420' title='bbox 2480 2227 2550 2268; x_wconf 82' lang='lat' dir='ltr'><strong>ac</strong></span> <span class='ocrx_word' id='word_1_421' title='bbox 2604 2218 2865 2283; x_wconf 91' lang='lat' dir='ltr'><strong>noctem,</strong></span> <span class='ocrx_word' id='word_1_422' title='bbox 2904 2228 3037 2270; x_wconf 93' lang='lat' dir='ltr'><strong>cum</strong></span> <span class='ocrx_word' id='word_1_423' title='bbox 3086 2209 3196 2270; x_wconf 90' lang='lat' dir='ltr'><strong>sub</strong></span> <span class='ocrx_word' id='word_1_424' title='bbox 3248 2210 3451 2273; x_wconf 81' lang='lat' dir='ltr'><strong>terra?</strong></span> <span class='ocrx_word' id='word_1_425' title='bbox 3502 2208 3728 2282; x_wconf 80' lang='lat' dir='ltr'><strong>Quibus</strong></span> 
     </span>
    </p>
   </div>
   <div class='ocr_carea' id='block_1_52' title="bbox 2070 2296 3725 2374">
    <p class='ocr_par' dir='ltr' id='par_1_52' title="bbox 2070 2296 3725 2374">
     <span class='ocr_line' id='line_1_52' title="bbox 2070 2296 3725 2374; baseline 0.004 -21"><span class='ocrx_word' id='word_1_426' title='bbox 2070 2296 2269 2356; x_wconf 81' lang='lat' dir='ltr'><strong>verbis</strong></span> <span class='ocrx_word' id='word_1_427' title='bbox 2301 2297 2591 2358; x_wconf 89' lang='lat' dir='ltr'><strong>utendum</strong></span> <span class='ocrx_word' id='word_1_428' title='bbox 2649 2298 2746 2374; x_wconf 89' lang='lat' dir='ltr'><strong>sit,</strong></span> <span class='ocrx_word' id='word_1_429' title='bbox 2783 2299 3013 2374; x_wconf 86' lang='lat' dir='ltr'><strong>nescio,</strong></span> <span class='ocrx_word' id='word_1_430' title='bbox 3048 2318 3181 2360; x_wconf 91' lang='lat' dir='ltr'><strong>cum</strong></span> <span class='ocrx_word' id='word_1_431' title='bbox 3227 2300 3416 2361; x_wconf 86' lang='lat' dir='ltr'><strong>solem</strong></span> <span class='ocrx_word' id='word_1_432' title='bbox 3469 2299 3725 2361; x_wconf 91' lang='lat' dir='ltr'><strong>intueor.</strong></span> 
     </span>
    </p>
   </div>
   <div class='ocr_carea' id='block_1_53' title="bbox 2071 2382 3737 2464">
    <p class='ocr_par' dir='ltr' id='par_1_53' title="bbox 2071 2382 3737 2464">
     <span class='ocr_line' id='line_1_53' title="bbox 2071 2382 3737 2464; baseline 0.003 -19"><span class='ocrx_word' id='word_1_433' title='bbox 2071 2382 2380 2456; x_wconf 85' lang='lat' dir='ltr'><strong>Quodnam</strong></span> <span class='ocrx_word' id='word_1_434' title='bbox 2416 2387 2529 2448; x_wconf 90' lang='lat' dir='ltr'><strong>hoc</strong></span> <span class='ocrx_word' id='word_1_435' title='bbox 2552 2388 2782 2448; x_wconf 90' lang='lat' dir='ltr'><strong>dierum</strong></span> <span class='ocrx_word' id='word_1_436' title='bbox 2812 2407 2880 2450; x_wconf 91' lang='lat' dir='ltr'><strong>ac</strong></span> <span class='ocrx_word' id='word_1_437' title='bbox 2905 2390 3168 2450; x_wconf 89' lang='lat' dir='ltr'><strong>noctium</strong></span> <span class='ocrx_word' id='word_1_438' title='bbox 3196 2390 3737 2464; x_wconf 90' lang='lat' dir='ltr'><strong>incrementum,et</strong></span> 
     </span>
    </p>
   </div>
   <div class='ocr_carea' id='block_1_54' title="bbox 2068 2475 3736 2561">
    <p class='ocr_par' dir='ltr' id='par_1_54' title="bbox 2068 2475 3736 2561">
     <span class='ocr_line' id='line_1_54' title="bbox 2068 2475 3736 2561; baseline 0.002 -26"><span class='ocrx_word' id='word_1_439' title='bbox 2068 2475 2331 2537; x_wconf 56' lang='lat' dir='ltr'><strong>vicissim</strong></span> <span class='ocrx_word' id='word_1_440' title='bbox 2352 2497 2483 2557; x_wconf 67' lang='lat' dir='ltr'><strong>quae</strong></span> <span class='ocrx_word' id='word_1_441' title='bbox 2508 2477 2857 2540; x_wconf 82' lang='lat' dir='ltr'><strong>diminutio?</strong></span> <span class='ocrx_word' id='word_1_442' title='bbox 2883 2477 3024 2551; x_wconf 66' lang='lat' dir='ltr'><strong>Quae</strong></span> <span class='ocrx_word' id='word_1_443' title='bbox 3050 2480 3467 2561; x_wconf 72' lang='lat' dir='ltr'><strong>inaaqualitatis</strong></span> <span class='ocrx_word' id='word_1_444' title='bbox 3492 2481 3736 2560; x_wconf 71' lang='lat' dir='ltr'><strong>aequali-</strong></span> 
     </span>
    </p>
   </div>
   <div class='ocr_carea' id='block_1_55' title="bbox 2073 2568 3729 2648">
    <p class='ocr_par' dir='ltr' id='par_1_55' title="bbox 2073 2568 3729 2648">
     <span class='ocr_line' id='line_1_55' title="bbox 2073 2568 3729 2648; baseline 0.002 -22"><span class='ocrx_word' id='word_1_445' title='bbox 2073 2574 2183 2639; x_wconf 85' lang='lat' dir='ltr'><strong>tas,</strong></span> <span class='ocrx_word' id='word_1_446' title='bbox 2203 2576 2262 2627; x_wconf 91' lang='lat' dir='ltr'><strong>ut</strong></span> <span class='ocrx_word' id='word_1_447' title='bbox 2287 2586 2500 2628; x_wconf 87' lang='lat' dir='ltr'><strong>novum</strong></span> <span class='ocrx_word' id='word_1_448' title='bbox 2526 2568 2748 2648; x_wconf 79' lang='lat' dir='ltr'><strong>aliquid</strong></span> <span class='ocrx_word' id='word_1_449' title='bbox 2778 2579 2834 2629; x_wconf 92' lang='lat' dir='ltr'><strong>et</strong></span> <span class='ocrx_word' id='word_1_450' title='bbox 2860 2569 3125 2631; x_wconf 88' lang='lat' dir='ltr'><strong>insolens</strong></span> <span class='ocrx_word' id='word_1_451' title='bbox 3151 2571 3346 2631; x_wconf 89' lang='lat' dir='ltr'><strong>dicam</strong></span> <span class='ocrx_word' id='word_1_452' title='bbox 3376 2570 3729 2643; x_wconf 66' lang='lat' dir='ltr'><strong>I’Quomodo</strong></span> 
     </span>
    </p>
   </div>
   <div class='ocr_carea' id='block_1_56' title="bbox 2070 2658 3730 2739">
    <p class='ocr_par' dir='ltr' id='par_1_56' title="bbox 2070 2658 3730 2739">
     <span class='ocr_line' id='line_1_56' title="bbox 2070 2658 3730 2739; baseline 0.004 -24"><span class='ocrx_word' id='word_1_453' title='bbox 2070 2658 2212 2717; x_wconf 87' lang='lat' dir='ltr'><strong>anni</strong></span> <span class='ocrx_word' id='word_1_454' title='bbox 2238 2666 2433 2737; x_wconf 86' lang='lat' dir='ltr'><strong>partes</strong></span> <span class='ocrx_word' id='word_1_455' title='bbox 2459 2659 2661 2739; x_wconf 76' lang='lat' dir='ltr'><strong>etiicit,</strong></span> <span class='ocrx_word' id='word_1_456' title='bbox 2687 2667 2744 2720; x_wconf 88' lang='lat' dir='ltr'><strong>et</strong></span> <span class='ocrx_word' id='word_1_457' title='bbox 2770 2658 2849 2721; x_wconf 88' lang='lat' dir='ltr'><strong>ita</strong></span> <span class='ocrx_word' id='word_1_458' title='bbox 2873 2658 3103 2733; x_wconf 83' lang='lat' dir='ltr'><strong>dividit,</strong></span> <span class='ocrx_word' id='word_1_459' title='bbox 3134 2670 3198 2721; x_wconf 88' lang='lat' dir='ltr'><strong>ut</strong></span> <span class='ocrx_word' id='word_1_460' title='bbox 3223 2661 3405 2722; x_wconf 77' lang='lat' dir='ltr'><strong>certis</strong></span> <span class='ocrx_word' id='word_1_461' title='bbox 3430 2669 3487 2722; x_wconf 92' lang='lat' dir='ltr'><strong>et</strong></span> <span class='ocrx_word' id='word_1_462' title='bbox 3509 2660 3730 2721; x_wconf 90' lang='lat' dir='ltr'><strong>consti-</strong></span> 
     </span>
    </p>
   </div>
   <div class='ocr_carea' id='block_1_57' title="bbox 2070 2748 3723 2821">
    <p class='ocr_par' dir='ltr' id='par_1_57' title="bbox 2070 2748 3723 2821">
     <span class='ocr_line' id='line_1_57' title="bbox 2070 2748 3723 2821; baseline 0.003 -15"><span class='ocrx_word' id='word_1_463' title='bbox 2070 2748 2208 2807; x_wconf 88' lang='lat' dir='ltr'><strong>tutis</strong></span> <span class='ocrx_word' id='word_1_464' title='bbox 2243 2748 2466 2810; x_wconf 82' lang='lat' dir='ltr'><strong>vicibus</strong></span> <span class='ocrx_word' id='word_1_465' title='bbox 2504 2750 2815 2821; x_wconf 88' lang='lat' dir='ltr'><strong>accedant,</strong></span> <span class='ocrx_word' id='word_1_466' title='bbox 2851 2759 2909 2810; x_wconf 92' lang='lat' dir='ltr'><strong>et</strong></span> <span class='ocrx_word' id='word_1_467' title='bbox 2960 2751 3274 2821; x_wconf 86' lang='lat' dir='ltr'><strong>recedant,</strong></span> <span class='ocrx_word' id='word_1_468' title='bbox 3309 2769 3377 2812; x_wconf 88' lang='lat' dir='ltr'><strong>ac</strong></span> <span class='ocrx_word' id='word_1_469' title='bbox 3429 2750 3611 2811; x_wconf 89' lang='lat' dir='ltr'><strong>veluti</strong></span> <span class='ocrx_word' id='word_1_470' title='bbox 3664 2752 3723 2811; x_wconf 89' lang='lat' dir='ltr'><strong>in</strong></span> 
     </span>
    </p>
   </div>
   <div class='ocr_carea' id='block_1_58' title="bbox 2067 2837 3723 2918">
    <p class='ocr_par' dir='ltr' id='par_1_58' title="bbox 2067 2837 3723 2918">
     <span class='ocr_line' id='line_1_58' title="bbox 2067 2837 3723 2918; baseline 0.002 -21"><span class='ocrx_word' id='word_1_471' title='bbox 2067 2837 2285 2899; x_wconf 89' lang='lat' dir='ltr'><strong>chorea</strong></span> <span class='ocrx_word' id='word_1_472' title='bbox 2328 2838 2642 2917; x_wconf 83' lang='lat' dir='ltr'><strong>complexu</strong></span> <span class='ocrx_word' id='word_1_473' title='bbox 2661 2838 2917 2918; x_wconf 85' lang='lat' dir='ltr'><strong>quodam</strong></span> <span class='ocrx_word' id='word_1_474' title='bbox 2940 2839 3091 2899; x_wconf 84' lang='lat' dir='ltr'><strong>inter</strong></span> <span class='ocrx_word' id='word_1_475' title='bbox 3115 2857 3180 2900; x_wconf 89' lang='lat' dir='ltr'><strong>se</strong></span> <span class='ocrx_word' id='word_1_476' title='bbox 3204 2840 3490 2911; x_wconf 82' lang='lat' dir='ltr'><strong>haereant,</strong></span> <span class='ocrx_word' id='word_1_477' title='bbox 3515 2840 3723 2901; x_wconf 83' lang='lat' dir='ltr'><strong>simul-</strong></span> 
     </span>
    </p>
   </div>
   <div class='ocr_carea' id='block_1_59' title="bbox 2067 2928 3722 3009">
    <p class='ocr_par' dir='ltr' id='par_1_59' title="bbox 2067 2928 3722 3009">
     <span class='ocr_line' id='line_1_59' title="bbox 2067 2928 3722 3009; baseline 0.002 -23"><span class='ocrx_word' id='word_1_478' title='bbox 2067 2944 2181 3007; x_wconf 91' lang='lat' dir='ltr'><strong>que</strong></span> <span class='ocrx_word' id='word_1_479' title='bbox 2208 2928 2646 3008; x_wconf 81' lang='lat' dir='ltr'><strong>distinguantur</strong></span> <span class='ocrx_word' id='word_1_480' title='bbox 2672 2929 2833 3003; x_wconf 77' lang='lat' dir='ltr'><strong>(illud</strong></span> <span class='ocrx_word' id='word_1_481' title='bbox 2870 2929 3153 2993; x_wconf 67' lang='lat' dir='ltr'><strong>amicitiae</strong></span> <span class='ocrx_word' id='word_1_482' title='bbox 3178 2931 3327 3009; x_wconf 79' lang='lat' dir='ltr'><strong>lege,</strong></span> <span class='ocrx_word' id='word_1_483' title='bbox 3359 2931 3471 2991; x_wconf 92' lang='lat' dir='ltr'><strong>hoc</strong></span> <span class='ocrx_word' id='word_1_484' title='bbox 3494 2930 3722 2991; x_wconf 85' lang='lat' dir='ltr'><strong>ordinis</strong></span> 
     </span>
    </p>
   </div>
   <div class='ocr_carea' id='block_1_60' title="bbox 2068 3020 3731 3100">
    <p class='ocr_par' dir='ltr' id='par_1_60' title="bbox 2068 3020 3731 3100">
     <span class='ocr_line' id='line_1_60' title="bbox 2068 3020 3731 3100; baseline 0.003 -23"><span class='ocrx_word' id='word_1_485' title='bbox 2068 3020 2469 3100; x_wconf 73' lang='lat' dir='ltr'><strong>praescripto),</strong></span> <span class='ocrx_word' id='word_1_486' title='bbox 2494 3021 2842 3100; x_wconf 84' lang='lat' dir='ltr'><strong>sensimque</strong></span> <span class='ocrx_word' id='word_1_487' title='bbox 2866 3020 3492 3094; x_wconf 89' lang='lat' dir='ltr'><strong>intermisceantur,ac</strong></span> <span class='ocrx_word' id='word_1_488' title='bbox 3520 3021 3731 3082; x_wconf 86' lang='lat' dir='ltr'><strong>vicini-</strong></span> 
     </span>
    </p>
   </div>
   <div class='ocr_carea' id='block_1_61' title="bbox 2068 3108 3725 3190">
    <p class='ocr_par' dir='ltr' id='par_1_61' title="bbox 2068 3108 3725 3190">
     <span class='ocr_line' id='line_1_61' title="bbox 2068 3108 3725 3190; baseline 0.001 -20"><span class='ocrx_word' id='word_1_489' title='bbox 2068 3113 2189 3170; x_wconf 84' lang='lat' dir='ltr'><strong>tate</strong></span> <span class='ocrx_word' id='word_1_490' title='bbox 2221 3108 2371 3189; x_wconf 84' lang='lat' dir='ltr'><strong>ipsa,</strong></span> <span class='ocrx_word' id='word_1_491' title='bbox 2400 3108 2649 3189; x_wconf 89' lang='lat' dir='ltr'><strong>perinde</strong></span> <span class='ocrx_word' id='word_1_492' title='bbox 2675 3118 2851 3190; x_wconf 87' lang='lat' dir='ltr'><strong>atque</strong></span> <span class='ocrx_word' id='word_1_493' title='bbox 2878 3112 2934 3171; x_wconf 90' lang='lat' dir='ltr'><strong>in</strong></span> <span class='ocrx_word' id='word_1_494' title='bbox 2962 3109 3178 3172; x_wconf 82' lang='lat' dir='ltr'><strong>diebus</strong></span> <span class='ocrx_word' id='word_1_495' title='bbox 3205 3130 3275 3171; x_wconf 90' lang='lat' dir='ltr'><strong>ac</strong></span> <span class='ocrx_word' id='word_1_496' title='bbox 3299 3109 3575 3172; x_wconf 88' lang='lat' dir='ltr'><strong>noctibus</strong></span> <span class='ocrx_word' id='word_1_497' title='bbox 3598 3111 3725 3173; x_wconf 83' lang='lat' dir='ltr'><strong>ﬁeri</strong></span> 
     </span>
    </p>
   </div>
   <div class='ocr_carea' id='block_1_62' title="bbox 1481 3196 1989 3280">
    <p class='ocr_par' dir='ltr' id='par_1_62' title="bbox 1481 3200 1984 3280">
     <span class='ocr_line' id='line_1_62' title="bbox 1481 3200 1984 3280; baseline 0.004 -25"><span class='ocrx_word' id='word_1_498' title='bbox 1481 3200 1517 3267; x_wconf 73' lang='grc' dir='ltr'>ἢ</span> <span class='ocrx_word' id='word_1_499' title='bbox 1572 3201 1893 3280; x_wconf 70' lang='grc' dir='ltr'>ὀχούμενος,</span> <span class='ocrx_word' id='word_1_500' title='bbox 1947 3200 1984 3269; x_wconf 73' lang='grc' dir='ltr'>ἢ</span> 
     </span>
    </p>
   </div>
   <div class='ocr_carea' id='block_1_63' title="bbox 2083 3196 3728 3280">
    <p class='ocr_par' dir='ltr' id='par_1_63' title="bbox 2083 3198 3728 3280">
     <span class='ocr_line' id='line_1_63' title="bbox 2083 3198 3728 3280; baseline 0.001 -23"><span class='ocrx_word' id='word_1_501' title='bbox 2083 3198 2371 3270; x_wconf 75' lang='lat' dir='ltr'><strong>videmus,</strong></span> <span class='ocrx_word' id='word_1_502' title='bbox 2407 3201 2610 3261; x_wconf 80' lang='lat' dir='ltr'><strong>furtim</strong></span> <span class='ocrx_word' id='word_1_503' title='bbox 2666 3200 3107 3280; x_wconf 73' lang='lat' dir='ltr'><strong>quodammodo</strong></span> <span class='ocrx_word' id='word_1_504' title='bbox 3153 3201 3281 3260; x_wconf 69' lang='lat'><strong>‘62!</strong></span> <span class='ocrx_word' id='word_1_505' title='bbox 3339 3203 3627 3280; x_wconf 86' lang='lat' dir='ltr'><strong>irrepant,</strong></span> <span class='ocrx_word' id='word_1_506' title='bbox 3661 3219 3728 3261; x_wconf 81' lang='lat' dir='ltr'><strong>ac</strong></span> 
     </span>
    </p>
   </div>
   <div class='ocr_carea' id='block_1_64' title="bbox 1652 3288 3732 3369">
    <p class='ocr_par' dir='ltr' id='par_1_64' title="bbox 1652 3288 3732 3369">
     <span class='ocr_line' id='line_1_64' title="bbox 1652 3288 3732 3369; baseline 0.002 -24"><span class='ocrx_word' id='word_1_507' title='bbox 1652 3298 1898 3358; x_wconf 81' lang='grc' dir='ltr'>Συνηκας</span> <span class='ocrx_word' id='word_1_508' title='bbox 1928 3289 1983 3348; x_wconf 84' lang='grc' dir='ltr'><em>δὲ</em></span> <span class='ocrx_word' id='word_1_509' title='bbox 2065 3306 2129 3348; x_wconf 93' lang='lat' dir='ltr'><strong>se</strong></span> <span class='ocrx_word' id='word_1_510' title='bbox 2155 3288 2512 3369; x_wconf 79' lang='lat' dir='ltr'><strong>proripiant?</strong></span> <span class='ocrx_word' id='word_1_511' title='bbox 2538 3289 2700 3361; x_wconf 81' lang='lat' dir='ltr'><strong>Q;.Oti</strong></span> <span class='ocrx_word' id='word_1_512' title='bbox 2729 3290 2967 3369; x_wconf 78' lang='lat' dir='ltr'><strong>quidem</strong></span> <span class='ocrx_word' id='word_1_513' title='bbox 2995 3290 3215 3352; x_wconf 72' lang='lat' dir='ltr'><strong>idcirco</strong></span> <span class='ocrx_word' id='word_1_514' title='bbox 3239 3294 3406 3365; x_wconf 85' lang='lat' dir='ltr'><strong>tit,ue</strong></span> <span class='ocrx_word' id='word_1_515' title='bbox 3429 3289 3504 3350; x_wconf 86' lang='lat' dir='ltr'><strong>ob</strong></span> <span class='ocrx_word' id='word_1_516' title='bbox 3526 3294 3732 3351; x_wconf 86' lang='lat' dir='ltr'><strong>insue-</strong></span> 
     </span>
    </p>
   </div>
   <div class='ocr_carea' id='block_1_65' title="bbox 2066 3378 3718 3444">
    <p class='ocr_par' dir='ltr' id='par_1_65' title="bbox 2066 3378 3718 3444">
     <span class='ocr_line' id='line_1_65' title="bbox 2066 3378 3718 3444; baseline 0.001 -5"><span class='ocrx_word' id='word_1_517' title='bbox 2066 3378 2334 3439; x_wconf 85' lang='lat' dir='ltr'><strong>tudinem</strong></span> <span class='ocrx_word' id='word_1_518' title='bbox 2358 3379 2686 3441; x_wconf 87' lang='lat' dir='ltr'><strong>molestiam</strong></span> <span class='ocrx_word' id='word_1_519' title='bbox 2705 3381 2975 3444; x_wconf 76' lang='lat' dir='ltr'><strong>afferant.</strong></span> <span class='ocrx_word' id='word_1_520' title='bbox 2993 3378 3093 3441; x_wconf 89' lang='lat' dir='ltr'><strong>Sid</strong></span> <span class='ocrx_word' id='word_1_521' title='bbox 3115 3399 3354 3442; x_wconf 86' lang='lat' dir='ltr'><strong>cursum</strong></span> <span class='ocrx_word' id='word_1_522' title='bbox 3375 3398 3547 3440; x_wconf 91' lang='lat' dir='ltr'><strong>suum</strong></span> <span class='ocrx_word' id='word_1_523' title='bbox 3572 3398 3718 3442; x_wconf 87' lang='lat' dir='ltr'><strong>sane</strong></span> 
     </span>
    </p>
   </div>
   <div class='ocr_carea' id='block_1_66' title="bbox 324 3466 1989 3548">
    <p class='ocr_par' dir='ltr' id='par_1_66' title="bbox 324 3466 1977 3548">
     <span class='ocr_line' id='line_1_66' title="bbox 324 3466 1977 3548; baseline 0.002 -25"><span class='ocrx_word' id='word_1_524' title='bbox 324 3471 471 3543; x_wconf 86' lang='grc' dir='ltr'>θμῶν</span> <span class='ocrx_word' id='word_1_525' title='bbox 529 3466 711 3539; x_wconf 78' lang='grc' dir='ltr'>πλήθη</span> <span class='ocrx_word' id='word_1_526' title='bbox 748 3468 976 3548; x_wconf 70' lang='grc' dir='ltr'>ἄστρων,</span> <span class='ocrx_word' id='word_1_527' title='bbox 1039 3472 1128 3527; x_wconf 83' lang='grc' dir='ltr'><strong>καὶ</strong></span> <span class='ocrx_word' id='word_1_528' title='bbox 1166 3477 1331 3528; x_wconf 81' lang='grc' dir='ltr'>πᾶστν</span> <span class='ocrx_word' id='word_1_529' title='bbox 1387 3471 1573 3535; x_wconf 74' lang='grc' dir='ltr'>αὐτοῖς</span> <span class='ocrx_word' id='word_1_530' title='bbox 1606 3470 1843 3547; x_wconf 80' lang='grc' dir='ltr'>ὀνόματα</span> <span class='ocrx_word' id='word_1_531' title='bbox 1874 3493 1977 3527; x_wconf 85' lang='grc' dir='ltr'>κα-</span> 
     </span>
    </p>
   </div>
   <div class='ocr_carea' id='block_1_67' title="bbox 2083 3466 3712 3548">
    <p class='ocr_par' dir='ltr' id='par_1_67' title="bbox 2083 3466 3712 3545">
     <span class='ocr_line' id='line_1_67' title="bbox 2083 3466 3712 3545; baseline 0.003 -19"><span class='ocrx_word' id='word_1_532' title='bbox 2083 3467 2149 3527; x_wconf 80' lang='lat' dir='ltr'><strong>:ol</strong></span> <span class='ocrx_word' id='word_1_533' title='bbox 2183 3467 2378 3531; x_wconf 89' lang='lat' dir='ltr'><strong>obeat.</strong></span> <span class='ocrx_word' id='word_1_534' title='bbox 2405 3466 2591 3541; x_wconf 82' lang='lat' dir='ltr'><strong>Quid?</strong></span> <span class='ocrx_word' id='word_1_535' title='bbox 2608 3467 2755 3531; x_wconf 87' lang='lat' dir='ltr'><strong>Num</strong></span> <span class='ocrx_word' id='word_1_536' title='bbox 2778 3470 2953 3530; x_wconf 71' lang='lat' dir='ltr'><strong>lumae</strong></span> <span class='ocrx_word' id='word_1_537' title='bbox 2975 3480 3240 3531; x_wconf 84' lang='lat' dir='ltr'><strong>naturam</strong></span> <span class='ocrx_word' id='word_1_538' title='bbox 3263 3479 3316 3533; x_wconf 90' lang='lat' dir='ltr'><strong>et</strong></span> <span class='ocrx_word' id='word_1_539' title='bbox 3341 3469 3712 3545; x_wconf 71' lang='lat' dir='ltr'><strong>affectiones,</strong></span> 
     </span>
    </p>
   </div>
   <div class='ocr_carea' id='block_1_68' title="bbox 324 3556 1978 3640">
    <p class='ocr_par' dir='ltr' id='par_1_68' title="bbox 324 3556 1978 3640">
     <span class='ocr_line' id='line_1_68' title="bbox 324 3556 1978 3640; baseline 0.002 -27"><span class='ocrx_word' id='word_1_540' title='bbox 324 3556 457 3633; x_wconf 82' lang='grc' dir='ltr'>λῶν,</span> <span class='ocrx_word' id='word_1_541' title='bbox 490 3560 577 3615; x_wconf 84' lang='grc' dir='ltr'><strong>καὶ</strong></span> <span class='ocrx_word' id='word_1_542' title='bbox 629 3556 785 3625; x_wconf 81' lang='grc' dir='ltr'>δόξης</span> <span class='ocrx_word' id='word_1_543' title='bbox 846 3561 1072 3617; x_wconf 76' lang='grc' dir='ltr'>ἑκάστου</span> <span class='ocrx_word' id='word_1_544' title='bbox 1131 3559 1405 3640; x_wconf 76' lang='grc' dir='ltr'>διαφορὰν,</span> <span class='ocrx_word' id='word_1_545' title='bbox 1467 3562 1555 3617; x_wconf 87' lang='grc' dir='ltr'><strong>καὶ</strong></span> <span class='ocrx_word' id='word_1_546' title='bbox 1615 3558 1759 3626; x_wconf 79' lang='grc' dir='ltr'>τάξιν</span> <span class='ocrx_word' id='word_1_547' title='bbox 1817 3562 1978 3632; x_wconf 80' lang='grc' dir='ltr'>κινή-</span> 
     </span>
    </p>
   </div>
   <div class='ocr_carea' id='block_1_69' title="bbox 327 3648 1984 3728">
    <p class='ocr_par' dir='ltr' id='par_1_69' title="bbox 327 3648 1984 3728">
     <span class='ocr_line' id='line_1_69' title="bbox 327 3648 1984 3728; baseline 0.004 -25"><span class='ocrx_word' id='word_1_548' title='bbox 327 3669 489 3728; x_wconf 86' lang='grc' dir='ltr'>σεως,</span> <span class='ocrx_word' id='word_1_549' title='bbox 560 3648 651 3705; x_wconf 73' lang='grc' dir='ltr'>ἵνα</span> <span class='ocrx_word' id='word_1_550' title='bbox 718 3672 801 3707; x_wconf 91' lang='grc' dir='ltr'><strong>σοι</strong></span> <span class='ocrx_word' id='word_1_551' title='bbox 874 3651 1142 3707; x_wconf 78' lang='grc' dir='ltr'>πιστεύσω</span> <span class='ocrx_word' id='word_1_552' title='bbox 1194 3648 1279 3707; x_wconf 81' lang='grc' dir='ltr'><strong>διὰ</strong></span> <span class='ocrx_word' id='word_1_553' title='bbox 1355 3650 1553 3707; x_wconf 88' lang='grc' dir='ltr'>τούτων</span> <span class='ocrx_word' id='word_1_554' title='bbox 1610 3648 1863 3709; x_wconf 80' lang='grc' dir='ltr'>πλέκοντι</span> <span class='ocrx_word' id='word_1_555' title='bbox 1916 3653 1984 3709; x_wconf 80' lang='grc' dir='ltr'><strong>τὰ</strong></span> 
     </span>
    </p>
   </div>
   <div class='ocr_carea' id='block_1_70' title="bbox 333 3737 1983 3820">
    <p class='ocr_par' dir='ltr' id='par_1_70' title="bbox 333 3737 1983 3820">
     <span class='ocr_line' id='line_1_70' title="bbox 333 3737 1983 3820; baseline 0.004 -28"><span class='ocrx_word' id='word_1_556' title='bbox 333 3737 592 3820; x_wconf 74' lang='grc' dir='ltr'>ἡμέτερα,</span> <span class='ocrx_word' id='word_1_557' title='bbox 638 3742 723 3796; x_wconf 76' lang='grc' dir='ltr'><strong>καὶ</strong></span> <span class='ocrx_word' id='word_1_558' title='bbox 795 3741 933 3801; x_wconf 75' lang='grc' dir='ltr'>κατὰ</span> <span class='ocrx_word' id='word_1_559' title='bbox 986 3748 1081 3798; x_wconf 80' lang='grc' dir='ltr'><strong>τοῦ</strong></span> <span class='ocrx_word' id='word_1_560' title='bbox 1163 3741 1377 3801; x_wconf 81' lang='grc' dir='ltr'>κτίστου</span> <span class='ocrx_word' id='word_1_561' title='bbox 1447 3742 1547 3810; x_wconf 86' lang='grc' dir='ltr'>τὴν</span> <span class='ocrx_word' id='word_1_562' title='bbox 1604 3742 1769 3799; x_wconf 83' lang='grc' dir='ltr'>κτίσιν</span> <span class='ocrx_word' id='word_1_563' title='bbox 1829 3741 1983 3799; x_wconf 82' lang='grc' dir='ltr'>ὁκλί-</span> 
     </span>
    </p>
   </div>
   <div class='ocr_carea' id='block_1_71' title="bbox 320 3833 518 3907">
    <p class='ocr_par' dir='ltr' id='par_1_71' title="bbox 320 3833 518 3907">
     <span class='ocr_line' id='line_1_71' title="bbox 320 3833 518 3907; baseline 0.005 -25"><span class='ocrx_word' id='word_1_564' title='bbox 320 3833 464 3899; x_wconf 88' lang='grc' dir='ltr'>ζοντι</span> <span class='ocrx_word' id='word_1_565' title='bbox 501 3847 518 3907; x_wconf 79' lang='grc'><strong>;</strong></span> 
     </span>
    </p>
   </div>
   <div class='ocr_carea' id='block_1_72' title="bbox 2068 3557 3726 3640">
    <p class='ocr_par' dir='ltr' id='par_1_72' title="bbox 2068 3557 3726 3640">
     <span class='ocr_line' id='line_1_72' title="bbox 2068 3557 3726 3640; baseline 0.001 -23"><span class='ocrx_word' id='word_1_566' title='bbox 2068 3566 2125 3618; x_wconf 90' lang='lat' dir='ltr'><strong>et</strong></span> <span class='ocrx_word' id='word_1_567' title='bbox 2154 3557 2396 3619; x_wconf 87' lang='lat' dir='ltr'><strong>luminis</strong></span> <span class='ocrx_word' id='word_1_568' title='bbox 2430 3578 2709 3619; x_wconf 83' lang='lat' dir='ltr'><strong>mensura</strong></span> <span class='ocrx_word' id='word_1_569' title='bbox 2740 3584 2767 3616; x_wconf 78' lang='grc' dir='ltr'><strong>μ</strong></span> <span class='ocrx_word' id='word_1_570' title='bbox 2804 3577 2871 3620; x_wconf 90' lang='lat' dir='ltr'><strong>ac</strong></span> <span class='ocrx_word' id='word_1_571' title='bbox 2906 3578 3116 3621; x_wconf 90' lang='lat' dir='ltr'><strong>rursus</strong></span> <span class='ocrx_word' id='word_1_572' title='bbox 3150 3560 3417 3640; x_wconf 89' lang='lat' dir='ltr'><strong>pernosti</strong></span> <span class='ocrx_word' id='word_1_573' title='bbox 3445 3558 3726 3640; x_wconf 83' lang='lat' dir='ltr'><strong>?thuo-</strong></span> 
     </span>
    </p>
   </div>
   <div class='ocr_carea' id='block_1_73' title="bbox 2069 3648 3727 3730">
    <p class='ocr_par' dir='ltr' id='par_1_73' title="bbox 2069 3648 3727 3730">
     <span class='ocr_line' id='line_1_73' title="bbox 2069 3648 3727 3730; baseline 0.001 -22"><span class='ocrx_word' id='word_1_574' title='bbox 2069 3648 2269 3723; x_wconf 90' lang='lat' dir='ltr'><strong>modo,</strong></span> <span class='ocrx_word' id='word_1_575' title='bbox 2299 3657 2361 3709; x_wconf 93' lang='lat' dir='ltr'><strong>ut</strong></span> <span class='ocrx_word' id='word_1_576' title='bbox 2394 3651 2480 3709; x_wconf 88' lang='lat' dir='ltr'><strong>sol</strong></span> <span class='ocrx_word' id='word_1_577' title='bbox 2518 3648 2633 3709; x_wconf 85' lang='lat' dir='ltr'><strong>dici</strong></span> <span class='ocrx_word' id='word_1_578' title='bbox 2664 3649 3058 3730; x_wconf 85' lang='lat' dir='ltr'><strong>principatum</strong></span> <span class='ocrx_word' id='word_1_579' title='bbox 3095 3659 3278 3722; x_wconf 88' lang='lat' dir='ltr'><strong>tenet,</strong></span> <span class='ocrx_word' id='word_1_580' title='bbox 3298 3651 3382 3711; x_wconf 91' lang='lat' dir='ltr'><strong>sic</strong></span> <span class='ocrx_word' id='word_1_581' title='bbox 3412 3650 3555 3711; x_wconf 90' lang='lat' dir='ltr'><strong>luna</strong></span> <span class='ocrx_word' id='word_1_582' title='bbox 3578 3669 3727 3729; x_wconf 87' lang='lat' dir='ltr'><strong>quo-</strong></span> 
     </span>
    </p>
   </div>
   <div class='ocr_carea' id='block_1_74' title="bbox 2068 3738 3721 3820">
    <p class='ocr_par' dir='ltr' id='par_1_74' title="bbox 2068 3738 3721 3820">
     <span class='ocr_line' id='line_1_74' title="bbox 2068 3738 3721 3820; baseline 0 -21"><span class='ocrx_word' id='word_1_583' title='bbox 2068 3758 2184 3820; x_wconf 92' lang='lat' dir='ltr'><strong>que</strong></span> <span class='ocrx_word' id='word_1_584' title='bbox 2219 3741 2377 3800; x_wconf 90' lang='lat' dir='ltr'><strong>nocti</strong></span> <span class='ocrx_word' id='word_1_585' title='bbox 2399 3739 2741 3819; x_wconf 77' lang='lat' dir='ltr'><strong>praesideat?</strong></span> <span class='ocrx_word' id='word_1_586' title='bbox 2763 3740 2978 3820; x_wconf 87' lang='lat' dir='ltr'><strong>Atque,</strong></span> <span class='ocrx_word' id='word_1_587' title='bbox 3009 3749 3069 3801; x_wconf 86' lang='lat' dir='ltr'><strong>ut</strong></span> <span class='ocrx_word' id='word_1_588' title='bbox 3097 3741 3222 3801; x_wconf 82' lang='lat' dir='ltr'><strong>haec</strong></span> <span class='ocrx_word' id='word_1_589' title='bbox 3244 3740 3386 3802; x_wconf 88' lang='lat' dir='ltr'><strong>feris</strong></span> <span class='ocrx_word' id='word_1_590' title='bbox 3412 3738 3721 3801; x_wconf 89' lang='lat' dir='ltr'><strong>audaciam</strong></span> 
     </span>
    </p>
   </div>
   <div class='ocr_carea' id='block_1_75' title="bbox 2068 3829 3724 3904">
    <p class='ocr_par' dir='ltr' id='par_1_75' title="bbox 2068 3829 3724 3904">
     <span class='ocr_line' id='line_1_75' title="bbox 2068 3829 3724 3904; baseline -0.001 -13"><span class='ocrx_word' id='word_1_591' title='bbox 2068 3830 2262 3904; x_wconf 75' lang='lat' dir='ltr'><strong>affert,</strong></span> <span class='ocrx_word' id='word_1_592' title='bbox 2292 3829 2371 3890; x_wconf 88' lang='lat' dir='ltr'><strong>ita</strong></span> <span class='ocrx_word' id='word_1_593' title='bbox 2404 3829 2660 3890; x_wconf 85' lang='lat' dir='ltr'><strong>vicissim</strong></span> <span class='ocrx_word' id='word_1_594' title='bbox 2698 3830 2797 3890; x_wconf 91' lang='lat' dir='ltr'><strong>ille</strong></span> <span class='ocrx_word' id='word_1_595' title='bbox 2830 3830 3133 3893; x_wconf 87' lang='lat' dir='ltr'><strong>hominem</strong></span> <span class='ocrx_word' id='word_1_596' title='bbox 3162 3831 3232 3891; x_wconf 85' lang='lat' dir='ltr'><strong>ad</strong></span> <span class='ocrx_word' id='word_1_597' title='bbox 3258 3830 3525 3892; x_wconf 83' lang='lat' dir='ltr'><strong>laborem</strong></span> <span class='ocrx_word' id='word_1_598' title='bbox 3559 3830 3724 3895; x_wconf 85' lang='lat' dir='ltr'><strong>exci-</strong></span> 
     </span>
    </p>
   </div>
   <div class='ocr_carea' id='block_1_76' title="bbox 322 3918 3720 4006">
    <p class='ocr_par' dir='ltr' id='par_1_76' title="bbox 322 3918 3720 4006">
     <span class='ocr_line' id='line_1_76' title="bbox 322 3918 3720 4006; baseline 0.001 -25"><span class='ocrx_word' id='word_1_599' title='bbox 322 3926 429 4006; x_wconf 75' lang='lat' dir='ltr'><strong>tet,</strong></span> <span class='ocrx_word' id='word_1_600' title='bbox 463 3918 605 3981; x_wconf 91' lang='lat' dir='ltr'><strong>dum</strong></span> <span class='ocrx_word' id='word_1_601' title='bbox 634 3920 1084 4006; x_wconf 76' lang='lat' dir='ltr'><strong>appositissime</strong></span> <span class='ocrx_word' id='word_1_602' title='bbox 1112 3922 1186 4006; x_wconf 86' lang='lat' dir='ltr'><strong>ad</strong></span> <span class='ocrx_word' id='word_1_603' title='bbox 1219 3923 1525 3986; x_wconf 88' lang='lat' dir='ltr'><strong>hominum</strong></span> <span class='ocrx_word' id='word_1_604' title='bbox 1558 3924 1897 4006; x_wconf 80' lang='lat' dir='ltr'><strong>utilitatem,</strong></span> <span class='ocrx_word' id='word_1_605' title='bbox 1919 3925 2024 4006; x_wconf 81' lang='lat' dir='ltr'><strong>vel</strong></span> <span class='ocrx_word' id='word_1_606' title='bbox 2064 3944 2195 3986; x_wconf 78' lang='lat' dir='ltr'><strong>esse</strong></span> <span class='ocrx_word' id='word_1_607' title='bbox 2227 3924 2458 3996; x_wconf 75' lang='lat' dir='ltr'><strong>attollit,</strong></span> <span class='ocrx_word' id='word_1_608' title='bbox 2491 3924 2575 3984; x_wconf 86' lang='lat' dir='ltr'><strong>vel</strong></span> <span class='ocrx_word' id='word_1_609' title='bbox 2618 3923 2930 4006; x_wconf 70' lang='lat' dir='ltr'><strong>deprimit?</strong></span> <span class='ocrx_word' id='word_1_610' title='bbox 2961 3926 3051 3985; x_wconf 84' lang='lat' dir='ltr'><strong>An</strong></span> <span class='ocrx_word' id='word_1_611' title='bbox 3087 3934 3147 3985; x_wconf 93' lang='lat' dir='ltr'><strong>tu</strong></span> <span class='ocrx_word' id='word_1_612' title='bbox 3171 3922 3429 3986; x_wconf 86' lang='lat' dir='ltr'><strong>Pleiadis</strong></span> <span class='ocrx_word' id='word_1_613' title='bbox 3456 3924 3485 4006; x_wconf 8' lang='grc' dir='ltr'>,ἓ</span> <span class='ocrx_word' id='word_1_614' title='bbox 3509 3926 3720 3985; x_wconf 88' lang='lat' dir='ltr'><strong>vincu-</strong></span> 
     </span>
    </p>
   </div>
   <div class='ocr_carea' id='block_1_77' title="bbox 320 4000 3726 4087">
    <p class='ocr_par' dir='ltr' id='par_1_77' title="bbox 320 4000 3726 4087">
     <span class='ocr_line' id='line_1_77' title="bbox 320 4000 3726 4087; baseline 0.001 -25"><span class='ocrx_word' id='word_1_615' title='bbox 320 4000 488 4087; x_wconf 86' lang='lat' dir='ltr'><strong>lum,_</strong></span> <span class='ocrx_word' id='word_1_616' title='bbox 522 4009 624 4064; x_wconf 87' lang='lat' dir='ltr'><strong>aut</strong></span> <span class='ocrx_word' id='word_1_617' title='bbox 674 4000 1315 4087; x_wconf 74' lang='lat' dir='ltr'><strong>Orionis_maceriam,</strong></span> <span class='ocrx_word' id='word_1_618' title='bbox 1370 4007 1557 4087; x_wconf 87' lang='lat' dir='ltr'><strong>instar</strong></span> <span class='ocrx_word' id='word_1_619' title='bbox 1604 4005 1795 4087; x_wconf 80' lang='lat' dir='ltr'><strong>illius,</strong></span> <span class='ocrx_word' id='word_1_620' title='bbox 1831 4000 1934 4087; x_wconf 83' lang='lat' dir='ltr'><strong>qui</strong></span> <span class='ocrx_word' id='word_1_621' title='bbox 1985 4014 2259 4087; x_wconf 81' lang='lat' dir='ltr'><strong>numerat</strong></span> <span class='ocrx_word' id='word_1_622' title='bbox 2316 4000 2754 4066; x_wconf 83' lang='lat' dir='ltr'><strong>multitudinem</strong></span> <span class='ocrx_word' id='word_1_623' title='bbox 2802 4004 3135 4087; x_wconf 85' lang='lat' dir='ltr'><strong>stellarum,</strong></span> <span class='ocrx_word' id='word_1_624' title='bbox 3190 4014 3247 4066; x_wconf 93' lang='lat' dir='ltr'><strong>et</strong></span> <span class='ocrx_word' id='word_1_625' title='bbox 3305 4005 3587 4087; x_wconf 82' lang='lat' dir='ltr'><strong>omnibus</strong></span> <span class='ocrx_word' id='word_1_626' title='bbox 3636 4006 3726 4065; x_wconf 92' lang='lat' dir='ltr'><strong>eis</strong></span> 
     </span>
    </p>
   </div>
   <div class='ocr_carea' id='block_1_78' title="bbox 328 4081 3717 4168">
    <p class='ocr_par' dir='ltr' id='par_1_78' title="bbox 328 4081 3717 4168">
     <span class='ocr_line' id='line_1_78' title="bbox 328 4081 3717 4168; baseline 0.001 -26"><span class='ocrx_word' id='word_1_627' title='bbox 328 4081 572 4168; x_wconf 74' lang='lat' dir='ltr'><strong>nomina</strong></span> <span class='ocrx_word' id='word_1_628' title='bbox 600 4092 773 4146; x_wconf 86' lang='lat' dir='ltr'><strong>vocat</strong></span> <span class='ocrx_word' id='word_1_629' title='bbox 831 4084 879 4166; x_wconf 83' lang='lat'><strong>3,</strong></span> <span class='ocrx_word' id='word_1_630' title='bbox 928 4083 1225 4168; x_wconf 72' lang='lat' dir='ltr'><strong>intelligis</strong></span> <span class='ocrx_word' id='word_1_631' title='bbox 1255 4081 1350 4168; x_wconf 73' lang='lat' dir='ltr'><strong>ac</strong></span> <span class='ocrx_word' id='word_1_632' title='bbox 1402 4085 1692 4168; x_wconf 86' lang='lat' dir='ltr'><strong>cujusque</strong></span> <span class='ocrx_word' id='word_1_633' title='bbox 1741 4081 2325 4168; x_wconf 10' lang='lat' dir='ltr'><strong>gloriaeidiscrimen</strong></span> <span class='ocrx_word' id='word_1_634' title='bbox 2360 4094 2739 4167; x_wconf 87' lang='lat' dir='ltr'><strong>perspectum</strong></span> <span class='ocrx_word' id='word_1_635' title='bbox 2798 4086 3009 4160; x_wconf 86' lang='lat' dir='ltr'><strong>habes,</strong></span> <span class='ocrx_word' id='word_1_636' title='bbox 3061 4096 3372 4168; x_wconf 84' lang='lat' dir='ltr'><strong>motusque</strong></span> <span class='ocrx_word' id='word_1_637' title='bbox 3418 4084 3717 4158; x_wconf 89' lang='lat' dir='ltr'><strong>ordinem,</strong></span> 
     </span>
    </p>
   </div>
   <div class='ocr_carea' id='block_1_79' title="bbox 328 4162 3722 4249">
    <p class='ocr_par' dir='ltr' id='par_1_79' title="bbox 328 4162 3722 4249">
     <span class='ocr_line' id='line_1_79' title="bbox 328 4162 3722 4249; baseline 0.001 -24"><span class='ocrx_word' id='word_1_638' title='bbox 328 4172 395 4225; x_wconf 90' lang='lat' dir='ltr'><strong>ut</strong></span> <span class='ocrx_word' id='word_1_639' title='bbox 419 4162 499 4224; x_wconf 92' lang='lat' dir='ltr'><strong>sit</strong></span> <span class='ocrx_word' id='word_1_640' title='bbox 528 4182 727 4249; x_wconf 74' lang='lat' dir='ltr'><strong>causa,</strong></span> <span class='ocrx_word' id='word_1_641' title='bbox 762 4162 876 4229; x_wconf 77' lang='lat' dir='ltr'><strong>cur</strong></span> <span class='ocrx_word' id='word_1_642' title='bbox 901 4165 1007 4228; x_wconf 87' lang='lat' dir='ltr'><strong>tibi</strong></span> <span class='ocrx_word' id='word_1_643' title='bbox 1042 4162 1221 4228; x_wconf 78' lang='lat' dir='ltr'><strong>(idem</strong></span> <span class='ocrx_word' id='word_1_644' title='bbox 1255 4162 1527 4247; x_wconf 80' lang='lat' dir='ltr'><strong>habeam,</strong></span> <span class='ocrx_word' id='word_1_645' title='bbox 1562 4162 1664 4248; x_wconf 62' lang='lat' dir='ltr'><strong>q&#39;ui</strong></span> <span class='ocrx_word' id='word_1_646' title='bbox 1693 4162 1801 4249; x_wconf 67' lang='grc' dir='ltr'>ρει·</span> <span class='ocrx_word' id='word_1_647' title='bbox 1830 4185 1933 4231; x_wconf 87' lang='lat' dir='ltr'><strong>eas</strong></span> <span class='ocrx_word' id='word_1_648' title='bbox 1964 4167 2222 4230; x_wconf 87' lang='lat' dir='ltr'><strong>humana</strong></span> <span class='ocrx_word' id='word_1_649' title='bbox 2264 4162 2617 4245; x_wconf 67' lang='lat' dir='ltr'><strong>contexens,</strong></span> <span class='ocrx_word' id='word_1_650' title='bbox 2670 4176 3002 4228; x_wconf 89' lang='lat' dir='ltr'><strong>creaturam</strong></span> <span class='ocrx_word' id='word_1_651' title='bbox 3048 4162 3336 4231; x_wconf 78' lang='lat' dir='ltr'><strong>adversus</strong></span> <span class='ocrx_word' id='word_1_652' title='bbox 3381 4170 3722 4233; x_wconf 85' lang='lat' dir='ltr'><strong>Creatorem</strong></span> 
     </span>
    </p>
   </div>
   <div class='ocr_carea' id='block_1_80' title="bbox 324 4242 573 4306">
    <p class='ocr_par' dir='ltr' id='par_1_80' title="bbox 324 4242 573 4306">
     <span class='ocr_line' id='line_1_80' title="bbox 324 4242 573 4306; baseline 0 -1"><span class='ocrx_word' id='word_1_653' title='bbox 324 4260 521 4306; x_wconf 86' lang='lat' dir='ltr'><strong>armas</strong></span> <span class='ocrx_word' id='word_1_654' title='bbox 541 4242 573 4305; x_wconf 83' lang='lat'><strong>?</strong></span> 
     </span>
    </p>
   </div>
   <div class='ocr_carea' id='block_1_81' title="bbox 408 4340 1989 4427">
    <p class='ocr_par' dir='ltr' id='par_1_81' title="bbox 408 4340 1976 4427">
     <span class='ocr_line' id='line_1_81' title="bbox 408 4340 1976 4427; baseline 0.003 -30"><span class='ocrx_word' id='word_1_655' title='bbox 408 4340 550 4406; x_wconf 78' lang='lat' dir='ltr'><strong>AA’.</strong></span> <span class='ocrx_word' id='word_1_656' title='bbox 596 4342 656 4400; x_wconf 88' lang='grc' dir='ltr'>Τί</span> <span class='ocrx_word' id='word_1_657' title='bbox 698 4340 929 4422; x_wconf 83' lang='grc' dir='ltr'>λέγεις;</span> <span class='ocrx_word' id='word_1_658' title='bbox 989 4341 1210 4399; x_wconf 81' lang='grc' dir='ltr'>ἐνταῦθα</span> <span class='ocrx_word' id='word_1_659' title='bbox 1281 4344 1587 4420; x_wconf 77' lang='grc' dir='ltr'>στησόμεθα</span> <span class='ocrx_word' id='word_1_660' title='bbox 1649 4350 1743 4401; x_wconf 74' lang='grc' dir='ltr'><strong>τοῦ</strong></span> <span class='ocrx_word' id='word_1_661' title='bbox 1791 4343 1976 4427; x_wconf 80' lang='grc' dir='ltr'>λόγου,</span> 
     </span>
    </p>
   </div>
   <div class='ocr_carea' id='block_1_82' title="bbox 2083 4340 3727 4427">
    <p class='ocr_par' dir='ltr' id='par_1_82' title="bbox 2144 4340 3727 4424">
     <span class='ocr_line' id='line_1_82' title="bbox 2144 4340 3727 4424; baseline -0.001 -18"><span class='ocrx_word' id='word_1_662' title='bbox 2144 4340 2350 4407; x_wconf 83' lang='lat' dir='ltr'><strong>XXXI.</strong></span> <span class='ocrx_word' id='word_1_663' title='bbox 2384 4342 2535 4416; x_wconf 89' lang='lat' dir='ltr'><strong>Quid</strong></span> <span class='ocrx_word' id='word_1_664' title='bbox 2566 4344 2697 4406; x_wconf 84' lang='lat' dir='ltr'><strong>ais?</strong></span> <span class='ocrx_word' id='word_1_665' title='bbox 2727 4342 2836 4405; x_wconf 86' lang='lat' dir='ltr'><strong>Hic</strong></span> <span class='ocrx_word' id='word_1_666' title='bbox 2878 4342 3118 4406; x_wconf 91' lang='lat' dir='ltr'><strong>dicendi</strong></span> <span class='ocrx_word' id='word_1_667' title='bbox 3171 4345 3348 4406; x_wconf 87' lang='lat' dir='ltr'><strong>ﬁnem</strong></span> <span class='ocrx_word' id='word_1_668' title='bbox 3406 4343 3727 4424; x_wconf 80' lang='lat' dir='ltr'><strong>faciemus,</strong></span> 
     </span>
    </p>
   </div>
   <div class='ocr_carea' id='block_1_83' title="bbox 325 4428 1989 4516">
    <p class='ocr_par' dir='ltr' id='par_1_83' title="bbox 325 4428 1981 4516">
     <span class='ocr_line' id='line_1_83' title="bbox 325 4428 1981 4516; baseline 0.005 -31"><span class='ocrx_word' id='word_1_669' title='bbox 325 4428 489 4508; x_wconf 82' lang='grc' dir='ltr'>μέχρι</span> <span class='ocrx_word' id='word_1_670' title='bbox 553 4430 651 4499; x_wconf 76' lang='grc' dir='ltr'><strong>τῆς</strong></span> <span class='ocrx_word' id='word_1_671' title='bbox 694 4431 826 4500; x_wconf 78' lang='grc' dir='ltr'>ὕλης</span> <span class='ocrx_word' id='word_1_672' title='bbox 882 4433 973 4490; x_wconf 86' lang='grc' dir='ltr'><strong>καὶ</strong></span> <span class='ocrx_word' id='word_1_673' title='bbox 1011 4437 1117 4490; x_wconf 82' lang='grc' dir='ltr'>τῶν</span> <span class='ocrx_word' id='word_1_674' title='bbox 1178 4432 1514 4516; x_wconf 70' lang='grc' dir='ltr'>ὁρωμένων,</span> <span class='ocrx_word' id='word_1_675' title='bbox 1560 4434 1598 4502; x_wconf 78' lang='grc' dir='ltr'>ἣ</span> <span class='ocrx_word' id='word_1_676' title='bbox 1656 4433 1840 4504; x_wconf 81' lang='grc' dir='ltr'>ἐπειδὴ</span> <span class='ocrx_word' id='word_1_677' title='bbox 1888 4438 1981 4493; x_wconf 84' lang='grc' dir='ltr'><strong>τοὺ</strong></span> 
     </span>
    </p>
   </div>
   <div class='ocr_carea' id='block_1_84' title="bbox 2083 4428 3717 4516">
    <p class='ocr_par' dir='ltr' id='par_1_84' title="bbox 2083 4433 3717 4516">
     <span class='ocr_line' id='line_1_84' title="bbox 2083 4433 3717 4516; baseline 0 -21"><span class='ocrx_word' id='word_1_678' title='bbox 2083 4452 2179 4496; x_wconf 76' lang='lat' dir='ltr'><strong>iec</strong></span> <span class='ocrx_word' id='word_1_679' title='bbox 2204 4434 2354 4495; x_wconf 91' lang='lat' dir='ltr'><strong>ultra</strong></span> <span class='ocrx_word' id='word_1_680' title='bbox 2376 4452 2474 4495; x_wconf 91' lang='lat' dir='ltr'><strong>res</strong></span> <span class='ocrx_word' id='word_1_681' title='bbox 2496 4453 2618 4516; x_wconf 87' lang='lat' dir='ltr'><strong>eas,</strong></span> <span class='ocrx_word' id='word_1_682' title='bbox 2646 4452 2777 4515; x_wconf 61' lang='lat' dir='ltr'><strong>qum</strong></span> <span class='ocrx_word' id='word_1_683' title='bbox 2802 4435 3049 4496; x_wconf 84' lang='lat' dir='ltr'><strong>materia</strong></span> <span class='ocrx_word' id='word_1_684' title='bbox 3077 4443 3371 4511; x_wconf 89' lang='lat' dir='ltr'><strong>constant,</strong></span> <span class='ocrx_word' id='word_1_685' title='bbox 3401 4433 3717 4514; x_wconf 90' lang='lat' dir='ltr'><strong>oculisque</strong></span> 
     </span>
    </p>
   </div>
   <div class='ocr_carea' id='block_1_85' title="bbox 405 4590 2598 4677">
    <p class='ocr_par' dir='ltr' id='par_1_85' title="bbox 405 4590 2598 4677">
     <span class='ocr_line' id='line_1_85' title="bbox 405 4590 2598 4677; baseline 0.003 -23"><span class='ocrx_word' id='word_1_686' title='bbox 405 4590 470 4642; x_wconf 82' lang='lat'><strong>99</strong></span> <span class='ocrx_word' id='word_1_687' title='bbox 499 4590 657 4655; x_wconf 83' lang='lat' dir='ltr'><strong>Psal.</strong></span> <span class='ocrx_word' id='word_1_688' title='bbox 693 4607 861 4671; x_wconf 80' lang='lat' dir='ltr'><strong>xvm,</strong></span> <span class='ocrx_word' id='word_1_689' title='bbox 897 4592 935 4658; x_wconf 91' lang='lat'>6</span> <span class='ocrx_word' id='word_1_690' title='bbox 967 4610 1102 4676; x_wconf 87' lang='lat' dir='ltr'><strong>sqq.</strong></span> <span class='ocrx_word' id='word_1_691' title='bbox 1150 4594 1172 4637; x_wconf 78' lang='grc' dir='ltr'>ι</span> <span class='ocrx_word' id='word_1_692' title='bbox 1202 4594 1393 4658; x_wconf 84' lang='lat' dir='ltr'><strong>Plato.</strong></span> <span class='ocrx_word' id='word_1_693' title='bbox 1426 4592 1455 4638; x_wconf 69' lang='grc'>³</span> <span class='ocrx_word' id='word_1_694' title='bbox 1480 4595 1593 4657; x_wconf 86' lang='lat' dir='ltr'><strong>Job</strong></span> <span class='ocrx_word' id='word_1_695' title='bbox 1623 4611 1877 4673; x_wconf 82' lang='lat' dir='ltr'><strong>xxxvm,</strong></span> <span class='ocrx_word' id='word_1_696' title='bbox 1914 4594 2017 4664; x_wconf 83' lang='lat' dir='ltr'><strong>3t.</strong></span> <span class='ocrx_word' id='word_1_697' title='bbox 2061 4595 2088 4639; x_wconf 76' lang='grc'>³</span> <span class='ocrx_word' id='word_1_698' title='bbox 2116 4594 2272 4659; x_wconf 88' lang='lat' dir='ltr'><strong>Psal.</strong></span> <span class='ocrx_word' id='word_1_699' title='bbox 2309 4612 2505 4677; x_wconf 83' lang='lat' dir='ltr'><strong>CXLVI,</strong></span> <span class='ocrx_word' id='word_1_700' title='bbox 2535 4596 2598 4661; x_wconf 78' lang='grc'><strong>4.</strong></span> 
     </span>
    </p>
   </div>
   <div class='ocr_carea' id='block_1_86' title="bbox 412 4751 1986 4835">
    <p class='ocr_par' dir='ltr' id='par_1_86' title="bbox 412 4751 1986 4835">
     <span class='ocr_line' id='line_1_86' title="bbox 412 4751 1986 4835; baseline 0.002 -16"><span class='ocrx_word' id='word_1_701' title='bbox 412 4752 536 4835; x_wconf 83' lang='grc'>(83)</span> <span class='ocrx_word' id='word_1_702' title='bbox 594 4751 1075 4834; x_wconf 73' lang='grc' dir='ltr'>Περιλαϐσίνοντος.</span> <span class='ocrx_word' id='word_1_703' title='bbox 1117 4754 1267 4819; x_wconf 92' lang='lat' dir='ltr'><strong>Tres</strong></span> <span class='ocrx_word' id='word_1_704' title='bbox 1323 4755 1491 4819; x_wconf 85' lang='lat' dir='ltr'><strong>Colb.</strong></span> <span class='ocrx_word' id='word_1_705' title='bbox 1559 4765 1617 4819; x_wconf 91' lang='lat' dir='ltr'><strong>et</strong></span> <span class='ocrx_word' id='word_1_706' title='bbox 1691 4756 1871 4824; x_wconf 87' lang='lat' dir='ltr'><strong>Coisl.</strong></span> <span class='ocrx_word' id='word_1_707' title='bbox 1926 4764 1986 4834; x_wconf 74' lang='lat' dir='ltr'><strong>l,</strong></span> 
     </span>
    </p>
   </div>
   <div class='ocr_carea' id='block_1_87' title="bbox 324 4834 1265 4916">
    <p class='ocr_par' dir='ltr' id='par_1_87' title="bbox 324 4834 1265 4916">
     <span class='ocr_line' id='line_1_87' title="bbox 324 4834 1265 4916; baseline 0.007 -23"><span class='ocrx_word' id='word_1_708' title='bbox 324 4834 783 4916; x_wconf 83' lang='grc' dir='ltr'>περιλὰμποντος,</span> <span class='ocrx_word' id='word_1_709' title='bbox 814 4858 843 4916; x_wconf 56' lang='grc' dir='ltr'><strong>ς</strong></span> <span class='ocrx_word' id='word_1_710' title='bbox 876 4836 1206 4899; x_wconf 87' lang='lat' dir='ltr'><strong>collustrat.</strong></span> <span class='ocrx_word' id='word_1_711' title='bbox 1239 4863 1265 4894; x_wconf 72' lang='grc' dir='ltr'>ιδ</span> 
     </span>
    </p>
   </div>
   <div class='ocr_carea' id='block_1_88' title="bbox 416 4915 1989 4999">
    <p class='ocr_par' dir='ltr' id='par_1_88' title="bbox 416 4915 1989 4999">
     <span class='ocr_line' id='line_1_88' title="bbox 416 4915 1989 4999; baseline 0.002 -19"><span class='ocrx_word' id='word_1_712' title='bbox 416 4916 537 4997; x_wconf 84' lang='grc'>(84)</span> <span class='ocrx_word' id='word_1_713' title='bbox 568 4918 781 4999; x_wconf 73' lang='grc' dir='ltr'>Ἐκεῖνο</span> <span class='ocrx_word' id='word_1_714' title='bbox 804 4915 859 4973; x_wconf 86' lang='grc' dir='ltr'>δέ</span> <span class='ocrx_word' id='word_1_715' title='bbox 893 4940 1001 4999; x_wconf 70' lang='grc' dir='ltr'>σει,</span> <span class='ocrx_word' id='word_1_716' title='bbox 1037 4927 1154 4999; x_wconf 83' lang='lat' dir='ltr'><strong>etc.</strong></span> <span class='ocrx_word' id='word_1_717' title='bbox 1186 4917 1436 4982; x_wconf 88' lang='lat' dir='ltr'><strong>Billius:</strong></span> <span class='ocrx_word' id='word_1_718' title='bbox 1477 4918 1676 4982; x_wconf 73' lang='lat' dir='ltr'><strong>«Illud</strong></span> <span class='ocrx_word' id='word_1_719' title='bbox 1710 4937 1845 4982; x_wconf 89' lang='lat' dir='ltr'><strong>vero</strong></span> <span class='ocrx_word' id='word_1_720' title='bbox 1877 4938 1989 4983; x_wconf 84' lang='lat' dir='ltr'><strong>ne-</strong></span> 
     </span>
    </p>
   </div>
   <div class='ocr_carea' id='block_1_89' title="bbox 326 4996 1991 5082">
    <p class='ocr_par' dir='ltr' id='par_1_89' title="bbox 326 4996 1991 5082">
     <span class='ocr_line' id='line_1_89' title="bbox 326 4996 1991 5082; baseline 0.002 -23"><span class='ocrx_word' id='word_1_721' title='bbox 326 4996 452 5059; x_wconf 86' lang='lat' dir='ltr'><strong>scio</strong></span> <span class='ocrx_word' id='word_1_722' title='bbox 479 5015 552 5082; x_wconf 81' lang='lat' dir='ltr'><strong>an</strong></span> <span class='ocrx_word' id='word_1_723' title='bbox 586 4996 692 5058; x_wconf 84' lang='lat' dir='ltr'><strong>abs</strong></span> <span class='ocrx_word' id='word_1_724' title='bbox 724 5005 780 5061; x_wconf 89' lang='lat' dir='ltr'><strong>te</strong></span> <span class='ocrx_word' id='word_1_725' title='bbox 811 4996 1527 5082; x_wconf 74' lang='lat' dir='ltr'><strong>animadversum,quanti</strong></span> <span class='ocrx_word' id='word_1_726' title='bbox 1560 5000 1798 5063; x_wconf 90' lang='lat' dir='ltr'><strong>tandem</strong></span> <span class='ocrx_word' id='word_1_727' title='bbox 1836 5006 1991 5065; x_wconf 64' lang='lat' dir='ltr'><strong>aesti-</strong></span> 
     </span>
    </p>
   </div>
   <div class='ocr_carea' id='block_1_90' title="bbox 333 5078 1992 5162">
    <p class='ocr_par' dir='ltr' id='par_1_90' title="bbox 333 5078 1992 5162">
     <span class='ocr_line' id='line_1_90' title="bbox 333 5078 1992 5162; baseline 0.003 -22"><span class='ocrx_word' id='word_1_728' title='bbox 333 5078 617 5162; x_wconf 77' lang='lat' dir='ltr'><strong>mandum</strong></span> <span class='ocrx_word' id='word_1_729' title='bbox 645 5078 923 5162; x_wconf 77' lang='lat' dir='ltr'><strong>est,_quod</strong></span> <span class='ocrx_word' id='word_1_730' title='bbox 949 5080 1233 5161; x_wconf 82' lang='lat' dir='ltr'><strong>profanus</strong></span> <span class='ocrx_word' id='word_1_731' title='bbox 1254 5078 1502 5162; x_wconf 85' lang='lat' dir='ltr'><strong>quidem</strong></span> <span class='ocrx_word' id='word_1_732' title='bbox 1522 5091 1744 5162; x_wconf 83' lang='lat' dir='ltr'><strong>auctor</strong></span> <span class='ocrx_word' id='word_1_733' title='bbox 1762 5082 1992 5160; x_wconf 82' lang='lat' dir='ltr'><strong>scribit,</strong></span> 
     </span>
    </p>
   </div>
   <div class='ocr_carea' id='block_1_91' title="bbox 331 5158 1993 5244">
    <p class='ocr_par' dir='ltr' id='par_1_91' title="bbox 331 5158 1993 5244">
     <span class='ocr_line' id='line_1_91' title="bbox 331 5158 1993 5244; baseline 0.004 -24"><span class='ocrx_word' id='word_1_734' title='bbox 331 5158 494 5244; x_wconf 77' lang='lat' dir='ltr'><strong>idem</strong></span> <span class='ocrx_word' id='word_1_735' title='bbox 529 5158 934 5244; x_wconf 71' lang='lat' dir='ltr'><strong>insensilibus</strong></span> <span class='ocrx_word' id='word_1_736' title='bbox 950 5158 1153 5223; x_wconf 81' lang='lat' dir='ltr'><strong>solem</strong></span> <span class='ocrx_word' id='word_1_737' title='bbox 1189 5158 1345 5244; x_wconf 77' lang='lat' dir='ltr'><strong>esse,</strong></span> <span class='ocrx_word' id='word_1_738' title='bbox 1381 5161 1539 5244; x_wconf 87' lang='lat' dir='ltr'><strong>quod</strong></span> <span class='ocrx_word' id='word_1_739' title='bbox 1587 5161 1769 5225; x_wconf 89' lang='lat' dir='ltr'><strong>Deum</strong></span> <span class='ocrx_word' id='word_1_740' title='bbox 1802 5163 1863 5225; x_wconf 92' lang='lat' dir='ltr'><strong>in</strong></span> <span class='ocrx_word' id='word_1_741' title='bbox 1895 5158 1993 5226; x_wconf 55' lang='lat' dir='ltr'><strong>iné</strong></span> 
     </span>
    </p>
   </div>
   <div class='ocr_carea' id='block_1_92' title="bbox 331 5238 762 5302">
    <p class='ocr_par' dir='ltr' id='par_1_92' title="bbox 331 5238 762 5302">
     <span class='ocr_line' id='line_1_92' title="bbox 331 5238 762 5302; baseline 0 -1"><span class='ocrx_word' id='word_1_742' title='bbox 331 5238 716 5302; x_wconf 87' lang='lat' dir='ltr'><strong>tellectilibus</strong></span> <span class='ocrx_word' id='word_1_743' title='bbox 731 5238 762 5301; x_wconf 83' lang='lat'>?</span> 
     </span>
    </p>
   </div>
   <div class='ocr_carea' id='block_1_93' title="bbox 410 5320 1986 5405">
    <p class='ocr_par' dir='ltr' id='par_1_93' title="bbox 410 5320 1986 5405">
     <span class='ocr_line' id='line_1_93' title="bbox 410 5320 1986 5405; baseline 0.003 -24"><span class='ocrx_word' id='word_1_744' title='bbox 410 5321 533 5402; x_wconf 85' lang='grc'>(85)</span> <span class='ocrx_word' id='word_1_745' title='bbox 550 5323 655 5405; x_wconf 43' lang='grc' dir='ltr'>ξιξίς</span> <span class='ocrx_word' id='word_1_746' title='bbox 701 5320 1151 5405; x_wconf 43' lang='lat' dir='ltr'><strong>relevemus.</strong></span> <span class='ocrx_word' id='word_1_747' title='bbox 1194 5346 1217 5381; x_wconf 76' lang='grc' dir='ltr'>α</span> <span class='ocrx_word' id='word_1_748' title='bbox 1285 5323 1575 5386; x_wconf 87' lang='lat' dir='ltr'><strong>Profanus</strong></span> <span class='ocrx_word' id='word_1_749' title='bbox 1604 5323 1921 5405; x_wconf 88' lang='lat' dir='ltr'><strong>quispiam,</strong></span> <span class='ocrx_word' id='word_1_750' title='bbox 1956 5348 1986 5386; x_wconf 73' lang='grc' dir='ltr'><strong><em>ι</em></strong></span> 
     </span>
    </p>
   </div>
   <div class='ocr_carea' id='block_1_94' title="bbox 331 5400 1988 5470">
    <p class='ocr_par' dir='ltr' id='par_1_94' title="bbox 331 5400 1988 5470">
     <span class='ocr_line' id='line_1_94' title="bbox 331 5400 1988 5470; baseline 0 -6"><span class='ocrx_word' id='word_1_751' title='bbox 331 5402 389 5465; x_wconf 92' lang='lat' dir='ltr'><strong>id</strong></span> <span class='ocrx_word' id='word_1_752' title='bbox 425 5400 523 5464; x_wconf 77' lang='lat' dir='ltr'><strong>est</strong></span> <span class='ocrx_word' id='word_1_753' title='bbox 548 5403 737 5464; x_wconf 85' lang='lat' dir='ltr'><strong>Plato.</strong></span> <span class='ocrx_word' id='word_1_754' title='bbox 775 5400 923 5463; x_wconf 88' lang='lat' dir='ltr'><strong>Hinc</strong></span> <span class='ocrx_word' id='word_1_755' title='bbox 954 5400 1158 5467; x_wconf 81' lang='lat' dir='ltr'><strong>Schol.</strong></span> <span class='ocrx_word' id='word_1_756' title='bbox 1198 5404 1369 5470; x_wconf 87' lang='lat' dir='ltr'><strong>Colb.</strong></span> <span class='ocrx_word' id='word_1_757' title='bbox 1430 5400 1670 5468; x_wconf 80' lang='lat' dir='ltr'><strong>maximi</strong></span> <span class='ocrx_word' id='word_1_758' title='bbox 1705 5400 1988 5468; x_wconf 73' lang='grc' dir='ltr'><strong>ε’Πλάτω-</strong></span> 
     </span>
    </p>
   </div>
   <div class='ocr_carea' id='block_1_95' title="bbox 334 5486 1991 5565">
    <p class='ocr_par' dir='ltr' id='par_1_95' title="bbox 334 5486 1991 5565">
     <span class='ocr_line' id='line_1_95' title="bbox 334 5486 1991 5565; baseline 0.004 -25"><span class='ocrx_word' id='word_1_759' title='bbox 334 5486 420 5548; x_wconf 85' lang='grc' dir='ltr'>νός</span> <span class='ocrx_word' id='word_1_760' title='bbox 475 5506 605 5563; x_wconf 81' lang='grc' dir='ltr'>φασι</span> <span class='ocrx_word' id='word_1_761' title='bbox 652 5492 825 5556; x_wconf 81' lang='grc' dir='ltr'>τοῦτο,</span> <span class='ocrx_word' id='word_1_762' title='bbox 872 5486 966 5565; x_wconf 78' lang='grc' dir='ltr'>ὡς</span> <span class='ocrx_word' id='word_1_763' title='bbox 1009 5486 1369 5565; x_wconf 76' lang='grc' dir='ltr'>ἀνεγνωκότος</span> <span class='ocrx_word' id='word_1_764' title='bbox 1428 5490 1518 5544; x_wconf 84' lang='grc' dir='ltr'>τὸν</span> <span class='ocrx_word' id='word_1_765' title='bbox 1572 5491 1861 5545; x_wconf 75' lang='grc' dir='ltr'>Μωααϊκὸν</span> <span class='ocrx_word' id='word_1_766' title='bbox 1904 5491 1991 5546; x_wconf 76' lang='grc' dir='ltr'><strong>νό-</strong></span> 
     </span>
    </p>
   </div>
   <div class='ocr_carea' id='block_1_96' title="bbox 330 5563 1988 5648">
    <p class='ocr_par' dir='ltr' id='par_1_96' title="bbox 330 5563 1988 5648">
     <span class='ocr_line' id='line_1_96' title="bbox 330 5563 1988 5648; baseline 0.002 -26"><span class='ocrx_word' id='word_1_767' title='bbox 330 5588 456 5645; x_wconf 83' lang='grc' dir='ltr'>μον,</span> <span class='ocrx_word' id='word_1_768' title='bbox 494 5567 585 5623; x_wconf 82' lang='grc' dir='ltr'><strong>καὶ</strong></span> <span class='ocrx_word' id='word_1_769' title='bbox 613 5566 678 5621; x_wconf 78' lang='grc' dir='ltr'>ἒκ</span> <span class='ocrx_word' id='word_1_770' title='bbox 724 5566 907 5622; x_wconf 76' lang='grc' dir='ltr'>τούτου</span> <span class='ocrx_word' id='word_1_771' title='bbox 956 5563 1210 5631; x_wconf 81' lang='grc' dir='ltr'>λαϐόντος</span> <span class='ocrx_word' id='word_1_772' title='bbox 1254 5569 1350 5635; x_wconf 77' lang='grc' dir='ltr'><strong>τὴν</strong></span> <span class='ocrx_word' id='word_1_773' title='bbox 1406 5570 1525 5648; x_wconf 80' lang='grc' dir='ltr'>περὶ</span> <span class='ocrx_word' id='word_1_774' title='bbox 1567 5574 1752 5628; x_wconf 81' lang='grc' dir='ltr'>τούτου</span> <span class='ocrx_word' id='word_1_775' title='bbox 1800 5569 1988 5625; x_wconf 81' lang='grc' dir='ltr'>θεολο-</span> 
     </span>
    </p>
   </div>
   <div class='ocr_carea' id='block_1_97' title="bbox 327 5644 1983 5730">
    <p class='ocr_par' dir='ltr' id='par_1_97' title="bbox 327 5644 1983 5730">
     <span class='ocr_line' id='line_1_97' title="bbox 327 5644 1983 5730; baseline 0.007 -29"><span class='ocrx_word' id='word_1_776' title='bbox 327 5644 551 5730; x_wconf 59' lang='grc' dir='ltr'>λογίαν,</span> <span class='ocrx_word' id='word_1_777' title='bbox 574 5648 663 5701; x_wconf 83' lang='grc' dir='ltr'><strong>καὶ</strong></span> <span class='ocrx_word' id='word_1_778' title='bbox 694 5647 848 5730; x_wconf 60' lang='grc' dir='ltr'>ἕτερα</span> <span class='ocrx_word' id='word_1_779' title='bbox 880 5644 1056 5730; x_wconf 68' lang='grc' dir='ltr'>πολλά</span> <span class='ocrx_word' id='word_1_780' title='bbox 1091 5663 1104 5676; x_wconf 81' lang='lat'><strong><em>°</em></strong></span> <span class='ocrx_word' id='word_1_781' title='bbox 1141 5645 1324 5730; x_wconf 75' lang='lat' dir='ltr'><strong>u_Hoc</strong></span> <span class='ocrx_word' id='word_1_782' title='bbox 1354 5644 1619 5730; x_wconf 77' lang='lat' dir='ltr'><strong>Platonis</strong></span> <span class='ocrx_word' id='word_1_783' title='bbox 1640 5666 1770 5710; x_wconf 88' lang='lat' dir='ltr'><strong>esse</strong></span> <span class='ocrx_word' id='word_1_784' title='bbox 1798 5651 1983 5730; x_wconf 89' lang='lat' dir='ltr'><strong>aiunt,</strong></span> 
     </span>
    </p>
   </div>
   <div class='ocr_carea' id='block_1_98' title="bbox 329 5724 1989 5810">
    <p class='ocr_par' dir='ltr' id='par_1_98' title="bbox 329 5724 1989 5810">
     <span class='ocr_line' id='line_1_98' title="bbox 329 5724 1989 5810; baseline 0.003 -22"><span class='ocrx_word' id='word_1_785' title='bbox 329 5735 391 5788; x_wconf 87' lang='lat' dir='ltr'><strong>ut</strong></span> <span class='ocrx_word' id='word_1_786' title='bbox 408 5724 508 5810; x_wconf 91' lang='lat' dir='ltr'><strong>qui</strong></span> <span class='ocrx_word' id='word_1_787' title='bbox 526 5724 736 5804; x_wconf 77' lang='lat' dir='ltr'><strong>legem</strong></span> <span class='ocrx_word' id='word_1_788' title='bbox 767 5724 978 5807; x_wconf 78' lang='lat' dir='ltr'><strong>Moysis</strong></span> <span class='ocrx_word' id='word_1_789' title='bbox 1001 5726 1236 5808; x_wconf 84' lang='lat' dir='ltr'><strong>legerit,</strong></span> <span class='ocrx_word' id='word_1_790' title='bbox 1262 5737 1436 5810; x_wconf 90' lang='lat' dir='ltr'><strong>atque</strong></span> <span class='ocrx_word' id='word_1_791' title='bbox 1458 5729 1600 5791; x_wconf 81' lang='lat' dir='ltr'><strong>inde</strong></span> <span class='ocrx_word' id='word_1_792' title='bbox 1622 5746 1789 5790; x_wconf 87' lang='lat' dir='ltr'><strong>suam</strong></span> <span class='ocrx_word' id='word_1_793' title='bbox 1813 5749 1885 5794; x_wconf 89' lang='lat' dir='ltr'><strong>ea</strong></span> <span class='ocrx_word' id='word_1_794' title='bbox 1913 5724 1989 5793; x_wconf 83' lang='lat' dir='ltr'><strong>de</strong></span> 
     </span>
    </p>
   </div>
   <div class='ocr_carea' id='block_1_99' title="bbox 2072 4757 3478 4841">
    <p class='ocr_par' dir='ltr' id='par_1_99' title="bbox 2072 4757 3478 4841">
     <span class='ocr_line' id='line_1_99' title="bbox 2072 4757 3478 4841; baseline 0.001 -20"><span class='ocrx_word' id='word_1_795' title='bbox 2072 4776 2138 4821; x_wconf 90' lang='lat' dir='ltr'><strong>re</strong></span> <span class='ocrx_word' id='word_1_796' title='bbox 2168 4757 2553 4841; x_wconf 57' lang='lat' dir='ltr'><strong>theologiam,</strong></span> <span class='ocrx_word' id='word_1_797' title='bbox 2583 4757 2816 4841; x_wconf 89' lang='lat' dir='ltr'><strong>aliaque</strong></span> <span class='ocrx_word' id='word_1_798' title='bbox 2847 4758 3102 4841; x_wconf 78' lang='lat' dir='ltr'><strong>plurima</strong></span> <span class='ocrx_word' id='word_1_799' title='bbox 3127 4761 3415 4827; x_wconf 88' lang='lat' dir='ltr'><strong>hauserit.</strong></span> <span class='ocrx_word' id='word_1_800' title='bbox 3456 4786 3478 4822; x_wconf 71' lang='grc' dir='ltr'><strong><em>ο</em></strong></span> 
     </span>
    </p>
   </div>
   <div class='ocr_carea' id='block_1_100' title="bbox 2158 4838 3413 4921">
    <p class='ocr_par' dir='ltr' id='par_1_100' title="bbox 2158 4838 3413 4921">
     <span class='ocr_line' id='line_1_100' title="bbox 2158 4838 3413 4921; baseline -0.001 -20"><span class='ocrx_word' id='word_1_801' title='bbox 2158 4841 2272 4916; x_wconf 71' lang='grc'>(86)</span> <span class='ocrx_word' id='word_1_802' title='bbox 2299 4844 2356 4901; x_wconf 84' lang='grc' dir='ltr'>Τί</span> <span class='ocrx_word' id='word_1_803' title='bbox 2380 4838 2487 4905; x_wconf 67' lang='grc' dir='ltr'>δαί.</span> <span class='ocrx_word' id='word_1_804' title='bbox 2525 4839 2652 4902; x_wconf 90' lang='lat' dir='ltr'><strong>Duo</strong></span> <span class='ocrx_word' id='word_1_805' title='bbox 2682 4838 2901 4921; x_wconf 51' lang='lat' dir='ltr'><strong>Heggl,</strong></span> <span class='ocrx_word' id='word_1_806' title='bbox 2938 4849 2997 4902; x_wconf 88' lang='lat' dir='ltr'><strong>el</strong></span> <span class='ocrx_word' id='word_1_807' title='bbox 3031 4838 3136 4905; x_wconf 92' lang='lat' dir='ltr'><strong>Or.</strong></span> <span class='ocrx_word' id='word_1_808' title='bbox 3172 4844 3231 4919; x_wconf 78' lang='grc'>1,</span> <span class='ocrx_word' id='word_1_809' title='bbox 3258 4846 3307 4901; x_wconf 85' lang='grc' dir='ltr'><strong>τί</strong></span> <span class='ocrx_word' id='word_1_810' title='bbox 3337 4843 3413 4908; x_wconf 80' lang='grc' dir='ltr'>δέ,</span> 
     </span>
    </p>
   </div>
   <div class='ocr_carea' id='block_1_101' title="bbox 2155 4920 3267 5002">
    <p class='ocr_par' dir='ltr' id='par_1_101' title="bbox 2155 4920 3267 5002">
     <span class='ocr_line' id='line_1_101' title="bbox 2155 4920 3267 5002; baseline 0.001 -20"><span class='ocrx_word' id='word_1_811' title='bbox 2155 4924 2280 5001; x_wconf 86' lang='lat'><strong>(8&#39;7)</strong></span> <span class='ocrx_word' id='word_1_812' title='bbox 2319 4926 2487 4993; x_wconf 70' lang='grc' dir='ltr'>Μήτε.</span> <span class='ocrx_word' id='word_1_813' title='bbox 2522 4923 2586 4984; x_wconf 92' lang='lat' dir='ltr'><strong>ln</strong></span> <span class='ocrx_word' id='word_1_814' title='bbox 2618 4920 2995 5002; x_wconf 80' lang='lat' dir='ltr'><strong>quibtisdam,</strong></span> <span class='ocrx_word' id='word_1_815' title='bbox 3032 4926 3267 4996; x_wconf 78' lang='grc' dir='ltr'>μήποτε.</span> 
     </span>
    </p>
   </div>
   <div class='ocr_carea' id='block_1_102' title="bbox 2154 5004 3730 5084">
    <p class='ocr_par' dir='ltr' id='par_1_102' title="bbox 2154 5004 3730 5084">
     <span class='ocr_line' id='line_1_102' title="bbox 2154 5004 3730 5084; baseline 0.003 -22"><span class='ocrx_word' id='word_1_816' title='bbox 2154 5004 2289 5084; x_wconf 82' lang='lat'><strong>(88)</strong></span> <span class='ocrx_word' id='word_1_817' title='bbox 2319 5010 2407 5067; x_wconf 83' lang='grc' dir='ltr'>Τις</span> <span class='ocrx_word' id='word_1_818' title='bbox 2437 5007 2470 5073; x_wconf 80' lang='grc' dir='ltr'>ἡ</span> <span class='ocrx_word' id='word_1_819' title='bbox 2503 5005 2731 5084; x_wconf 87' lang='grc' dir='ltr'>τούτων,</span> <span class='ocrx_word' id='word_1_820' title='bbox 2765 5012 2877 5084; x_wconf 89' lang='lat' dir='ltr'><strong>etc.</strong></span> <span class='ocrx_word' id='word_1_821' title='bbox 2945 5004 3083 5067; x_wconf 90' lang='lat' dir='ltr'><strong>Bill.</strong></span> <span class='ocrx_word' id='word_1_822' title='bbox 3154 5026 3177 5061; x_wconf 73' lang='grc' dir='ltr'><strong>α</strong></span> <span class='ocrx_word' id='word_1_823' title='bbox 3213 5005 3355 5078; x_wconf 74' lang='lat' dir='ltr'><strong>Quae</strong></span> <span class='ocrx_word' id='word_1_824' title='bbox 3396 5004 3629 5069; x_wconf 89' lang='lat' dir='ltr'><strong>dierum</strong></span> <span class='ocrx_word' id='word_1_825' title='bbox 3661 5022 3730 5067; x_wconf 90' lang='lat' dir='ltr'><strong>ac</strong></span> 
     </span>
    </p>
   </div>
   <div class='ocr_carea' id='block_1_103' title="bbox 2080 5082 3352 5163">
    <p class='ocr_par' dir='ltr' id='par_1_103' title="bbox 2080 5082 3352 5163">
     <span class='ocr_line' id='line_1_103' title="bbox 2080 5082 3352 5163; baseline 0.003 -18"><span class='ocrx_word' id='word_1_826' title='bbox 2080 5082 2343 5145; x_wconf 85' lang='lat' dir='ltr'><strong>noctium</strong></span> <span class='ocrx_word' id='word_1_827' title='bbox 2376 5082 2756 5163; x_wconf 76' lang='lat' dir='ltr'><strong>assumptio?</strong></span> <span class='ocrx_word' id='word_1_828' title='bbox 2788 5083 2930 5156; x_wconf 79' lang='lat' dir='ltr'><strong>Qua:-</strong></span> <span class='ocrx_word' id='word_1_829' title='bbox 2960 5084 3293 5149; x_wconf 76' lang='lat' dir='ltr'><strong>detractio?</strong></span> <span class='ocrx_word' id='word_1_830' title='bbox 3326 5110 3352 5141; x_wconf 67' lang='grc' dir='ltr'><strong><em>υ</em></strong></span> 
     </span>
    </p>
   </div>
   <div class='ocr_carea' id='block_1_104' title="bbox 2160 5165 3497 5244">
    <p class='ocr_par' dir='ltr' id='par_1_104' title="bbox 2160 5165 3497 5244">
     <span class='ocr_line' id='line_1_104' title="bbox 2160 5165 3497 5244; baseline 0.005 -23"><span class='ocrx_word' id='word_1_831' title='bbox 2160 5165 2287 5244; x_wconf 70' lang='grc'>(89)</span> <span class='ocrx_word' id='word_1_832' title='bbox 2320 5169 2620 5228; x_wconf 65' lang='grc' dir='ltr'>Εὖτίκτωξ.</span> <span class='ocrx_word' id='word_1_833' title='bbox 2660 5188 2684 5220; x_wconf 75' lang='grc' dir='ltr'><strong>α</strong></span> <span class='ocrx_word' id='word_1_834' title='bbox 2725 5166 3063 5244; x_wconf 86' lang='lat' dir='ltr'><strong>Composite</strong></span> <span class='ocrx_word' id='word_1_835' title='bbox 3094 5184 3164 5227; x_wconf 89' lang='lat' dir='ltr'><strong>ac</strong></span> <span class='ocrx_word' id='word_1_836' title='bbox 3196 5166 3431 5228; x_wconf 91' lang='lat' dir='ltr'><strong>ordine.</strong></span> <span class='ocrx_word' id='word_1_837' title='bbox 3470 5190 3497 5220; x_wconf 66' lang='grc' dir='ltr'><strong><em>ι</em></strong></span> 
     </span>
    </p>
   </div>
   <div class='ocr_carea' id='block_1_105' title="bbox 2164 5246 3729 5327">
    <p class='ocr_par' dir='ltr' id='par_1_105' title="bbox 2164 5246 3729 5327">
     <span class='ocr_line' id='line_1_105' title="bbox 2164 5246 3729 5327; baseline -0.003 -19"><span class='ocrx_word' id='word_1_838' title='bbox 2164 5246 2293 5327; x_wconf 66' lang='grc'>(90)</span> <span class='ocrx_word' id='word_1_839' title='bbox 2324 5247 2638 5327; x_wconf 18' lang='grc' dir='ltr'>Τῂνάηθείᾳ.</span> <span class='ocrx_word' id='word_1_840' title='bbox 2674 5247 2807 5308; x_wconf 82' lang='lat' dir='ltr'><strong>Par.</strong></span> <span class='ocrx_word' id='word_1_841' title='bbox 2842 5246 3236 5327; x_wconf 12' lang='lat' dir='ltr'><strong>aliiqueﬁrnon</strong></span> <span class='ocrx_word' id='word_1_842' title='bbox 3272 5247 3470 5327; x_wconf 88' lang='lat' dir='ltr'><strong>pauci,</strong></span> <span class='ocrx_word' id='word_1_843' title='bbox 3498 5254 3565 5325; x_wconf 75' lang='grc' dir='ltr'><strong>’ᾖ</strong></span> <span class='ocrx_word' id='word_1_844' title='bbox 3594 5246 3729 5317; x_wconf 79' lang='grc' dir='ltr'>ἀληο</span> 
     </span>
    </p>
   </div>
   <div class='ocr_carea' id='block_1_106' title="bbox 2074 5326 3733 5409">
    <p class='ocr_par' dir='ltr' id='par_1_106' title="bbox 2074 5326 3733 5409">
     <span class='ocr_line' id='line_1_106' title="bbox 2074 5326 3733 5409; baseline 0.002 -24"><span class='ocrx_word' id='word_1_845' title='bbox 2074 5326 2379 5409; x_wconf 34' lang='lat' dir='ltr'><strong>tis-Iamne</strong></span> <span class='ocrx_word' id='word_1_846' title='bbox 2410 5326 2730 5409; x_wconf 85' lang='lat' dir='ltr'><strong>lectionem</strong></span> <span class='ocrx_word' id='word_1_847' title='bbox 2763 5329 3041 5409; x_wconf 78' lang='lat' dir='ltr'><strong>agnoscit</strong></span> <span class='ocrx_word' id='word_1_848' title='bbox 3057 5326 3429 5408; x_wconf 87' lang='lat' dir='ltr'><strong>Elias,quem</strong></span> <span class='ocrx_word' id='word_1_849' title='bbox 3464 5328 3733 5409; x_wconf 90' lang='lat' dir='ltr'><strong>sequitur</strong></span> 
     </span>
    </p>
   </div>
   <div class='ocr_carea' id='block_1_107' title="bbox 2074 5406 3731 5487">
    <p class='ocr_par' dir='ltr' id='par_1_107' title="bbox 2074 5406 3731 5487">
     <span class='ocr_line' id='line_1_107' title="bbox 2074 5406 3731 5487; baseline 0 -16"><span class='ocrx_word' id='word_1_850' title='bbox 2074 5409 2258 5471; x_wconf 86' lang='lat' dir='ltr'><strong>Leuv.</strong></span> <span class='ocrx_word' id='word_1_851' title='bbox 2298 5406 2416 5468; x_wconf 78' lang='lat' dir='ltr'><strong>«Ne</strong></span> <span class='ocrx_word' id='word_1_852' title='bbox 2447 5409 2496 5469; x_wconf 88' lang='lat' dir='ltr'><strong>si</strong></span> <span class='ocrx_word' id='word_1_853' title='bbox 2533 5408 2721 5487; x_wconf 86' lang='lat' dir='ltr'><strong>palam</strong></span> <span class='ocrx_word' id='word_1_854' title='bbox 2752 5426 2818 5468; x_wconf 89' lang='lat' dir='ltr'><strong>ac</strong></span> <span class='ocrx_word' id='word_1_855' title='bbox 2843 5425 2984 5469; x_wconf 86' lang='lat' dir='ltr'><strong>vere</strong></span> <span class='ocrx_word' id='word_1_856' title='bbox 3028 5407 3153 5469; x_wconf 66' lang='lat' dir='ltr'><strong>haec</strong></span> <span class='ocrx_word' id='word_1_857' title='bbox 3186 5406 3424 5484; x_wconf 82' lang='lat' dir='ltr'><strong>tierent,</strong></span> <span class='ocrx_word' id='word_1_858' title='bbox 3459 5406 3731 5472; x_wconf 81' lang='lat' dir='ltr'><strong>nonnihil</strong></span> 
     </span>
    </p>
   </div>
   <div class='ocr_carea' id='block_1_108' title="bbox 2076 5489 2993 5551">
    <p class='ocr_par' dir='ltr' id='par_1_108' title="bbox 2076 5489 2993 5551">
     <span class='ocr_line' id='line_1_108' title="bbox 2076 5489 2993 5551; baseline 0 -1"><span class='ocrx_word' id='word_1_859' title='bbox 2076 5489 2369 5550; x_wconf 79' lang='lat' dir='ltr'><strong>molestiae</strong></span> <span class='ocrx_word' id='word_1_860' title='bbox 2402 5489 2573 5549; x_wconf 91' lang='lat' dir='ltr'><strong>nobis</strong></span> <span class='ocrx_word' id='word_1_861' title='bbox 2600 5496 2928 5551; x_wconf 88' lang='lat' dir='ltr'><strong>crearetur.</strong></span> <span class='ocrx_word' id='word_1_862' title='bbox 2969 5514 2993 5543; x_wconf 80' lang='grc' dir='ltr'><strong>ι›</strong></span> 
     </span>
    </p>
   </div>
   <div class='ocr_carea' id='block_1_109' title="bbox 2158 5568 3722 5653">
    <p class='ocr_par' dir='ltr' id='par_1_109' title="bbox 2158 5568 3722 5653">
     <span class='ocr_line' id='line_1_109' title="bbox 2158 5568 3722 5653; baseline 0 -22"><span class='ocrx_word' id='word_1_863' title='bbox 2158 5570 2282 5653; x_wconf 76' lang='lat' dir='ltr'><strong>(9i)</strong></span> <span class='ocrx_word' id='word_1_864' title='bbox 2317 5571 2501 5631; x_wconf 77' lang='grc' dir='ltr'>Φύσιν.</span> <span class='ocrx_word' id='word_1_865' title='bbox 2540 5568 2683 5645; x_wconf 76' lang='lat' dir='ltr'><strong>Reg.</strong></span> <span class='ocrx_word' id='word_1_866' title='bbox 2744 5568 2946 5650; x_wconf 68' lang='lat' dir='ltr'><strong>Cypr,</strong></span> <span class='ocrx_word' id='word_1_867' title='bbox 2998 5569 3167 5646; x_wconf 68' lang='grc' dir='ltr'>λύειν,</span> <span class='ocrx_word' id='word_1_868' title='bbox 3210 5595 3234 5627; x_wconf 76' lang='grc' dir='ltr'><strong>ι</strong></span> <span class='ocrx_word' id='word_1_869' title='bbox 3274 5570 3655 5653; x_wconf 83' lang='lat' dir='ltr'><strong>solutionem,</strong></span> <span class='ocrx_word' id='word_1_870' title='bbox 3698 5595 3722 5631; x_wconf 72' lang='lat' dir='ltr'><strong>ii</strong></span> 
     </span>
    </p>
   </div>
   <div class='ocr_carea' id='block_1_110' title="bbox 2071 5651 2819 5731">
    <p class='ocr_par' dir='ltr' id='par_1_110' title="bbox 2071 5651 2819 5731">
     <span class='ocr_line' id='line_1_110' title="bbox 2071 5651 2819 5731; baseline 0.004 -21"><span class='ocrx_word' id='word_1_871' title='bbox 2071 5651 2228 5731; x_wconf 86' lang='lat' dir='ltr'><strong>quod</strong></span> <span class='ocrx_word' id='word_1_872' title='bbox 2263 5668 2503 5731; x_wconf 87' lang='lat' dir='ltr'><strong>semper</strong></span> <span class='ocrx_word' id='word_1_873' title='bbox 2535 5655 2819 5713; x_wconf 88' lang='lat' dir='ltr'><strong>mutetur.</strong></span> 
     </span>
    </p>
   </div>
  </div>
