4126 6408
261 349 334 413 31

1275 363 1560 427 ORATIO
1605 363 1822 427 XXIX.
1871 397 1950 408 —
1994 361 2483 429 THEOLOGICA
2528 364 2641 428 III.

3585 368 3668 434 82

258 512 381 548 τινα
430 493 634 570 μητέρα
690 495 790 562 τὴν
837 495 1053 563 θέλησιν
1119 496 1235 553 ἀντὶ
1290 503 1383 555 τοῦ
1414 499 1619 575 [ἰατρὸς
1647 496 1912 556 ἀναπλάτ-

2023 498 2321 579 μιοιηοᾶο,
2355 499 2450 561 cui
2495 498 2580 561 vis
2620 500 2797 563 allata
2850 508 2962 578 est,
2996 500 3157 563 Deus
3187 519 3321 564 esse
3352 510 3575 582 potest?
3605 503 3646 568 S

259 604 462 643 τουσιν,
527 581 636 641 ’Ἐν
689 584 787 657 μὲν
847 585 937 642 οὖν
995 593 1148 644 τοῦτο
1197 585 1385 665 χάριεν
1416 586 1613 659 αὐτῶν,
1671 586 1732 644 ἔν
1761 595 1917 646 τοῦτο

263 671 512 750 λέγωσιν,
571 674 652 731 ὅτι
699 682 791 732 τοῦ
818 676 1012 741 πάθους
1046 676 1396 751 ἀποστάντες,
1430 676 1516 734 ἐπὶ
1561 678 1658 745 τὴν
1711 678 1917 755 βούλη-

264 787 346 819 σιν
402 765 836 843 καταφεύγουσιν·
901 766 958 822 οὔ
1009 767 1110 844 γὰρ
1164 767 1330 831 πάθος
1397 765 1509 839 (46)
1544 770 1578 836 ἡ
1636 768 1915 845 βούλησις,

269 855 522 931 Δεὺτερον
551 853 628 933 δὲ,
688 853 887 930 ἴδωμεν
917 857 978 911 τὸ
1008 857 1227 935 ἰσχυρὸν
1258 860 1452 930 αὐτῶν,
1487 855 1515 912 ὅ
1566 880 1618 914 τι
1650 857 1914 936 λέγουσιν’

265 943 478 1022 ἄριστον
529 942 583 1000 δὲ
641 947 827 1009 αὐτοῖς
905 945 1285 1020 συμπλακῆναι
1347 948 1600 1024 πρότερον
1629 947 1915 1027 ἐγγυτέρω,

267 1036 340 1090 Σὺ
370 1033 423 1112 δέ
482 1036 635 1098 αὖτῆς
707 1037 734 1090 6
766 1035 937 1113 λέγων
971 1036 1208 1115 εὐχερῶς
1254 1034 1282 1091 ὅ
1313 1057 1362 1091 τι
1398 1034 1459 1091 ἅν
1489 1036 1646 1114 θέλῃς
1682 1037 1826 1118 (47),
1855 1042 1920 1097 ἐκ

1999 595 2197 649 autem
2222 589 2599 670 volens,ergo
2628 589 3162 668 Filius,voluntatis
3193 598 3282 654 est
3307 591 3647 666 Filius.Quo

2005 677 2180 757 igitur
2219 679 2394 741 modo
2451 697 2518 740 ex
2553 681 2725 742 Patre
2759 681 3104 762 progenitus
3148 680 3269 743 est?
3318 680 3402 744 Ita
3454 701 3661 746 novam

2005 766 2322 846 quamdam
2359 777 2632 843 matrem,
2666 769 3060 846 voluntatem,
3116 770 3301 852 patris
3333 771 3465 833 loco
3487 790 3661 834 com-

2009 856 2429 919 miniscuntur.
2464 861 2527 918 In
2563 859 2675 922 hoc
2705 861 2947 941 quidem
2997 870 3374 940 argumento,
3410 863 3666 943 primum

2005 946 2219 1007 scitum
2249 964 2317 1010 ac
2347 947 2610 1027 lepidum
2646 959 2755 1026 est,
2784 951 2944 1032 quod
2977 970 3010 1012 a
3041 951 3320 1031 passione
3342 952 3466 1034 illa,
3491 972 3668 1034 quam

2006 1041 2317 1113 tantopere
2373 1039 2686 1118 urgebant,
2741 1039 3128 1117 abcedentes,
3181 1041 3254 1102 ad
3310 1040 3668 1104 voluntatem

265 1123 506 1187 θέλοντος
576 1122 810 1191 ὑπέστης
857 1131 951 1182 τοῦ
981 1131 1074 1182 σοῦ
1095 1126 1320 1202 πατρὸς,
1365 1125 1399 1193 ἢ
1431 1126 1506 1199 μὴ
1536 1126 1782 1190 θέλοντος
1809 1149 1824 1208 ς
1861 1132 1919 1186 Εἰ

2023 1125 2368 1203 :onfugiunt;
2398 1145 2516 1187 non
2551 1128 2713 1189 enim
2748 1131 2941 1210 passio
2975 1138 3070 1192 est
3099 1131 3391 1193 voluntas.
3432 1131 3668 1194 Deinde

270 1215 364 1290 μὲν
419 1215 518 1292 γὰρ
579 1211 630 1280 ἐξ
671 1214 730 1270 οὐ
788 1213 1058 1288 Θέλοντος,
1116 1216 1522 1294 τετδράννηται.
1584 1223 1692 1285 Τῆς
1748 1217 1914 1295 ﬁt“!

2023 1215 2140 1275 527
2175 1216 2501 1298 videamus,
2537 1217 2812 1294 obsecro,
2848 1239 3026 1302 quam
3071 1222 3188 1284 vim
3242 1222 3460 1285 habeat
3493 1224 3652 1304 quod

273 1307 369 1363 Καὶ
419 1307 497 1370 τίς
558 1307 584 1360 6
632 1306 958 1383 τυραννήσας
1021 1305 1217 1385 αὖτόνς
1282 1307 1354 1364 Οὖ
1381 1307 1482 1385 γὰρ
1533 1305 1597 1376 δὴ
1624 1309 1721 1375 τὴν
1766 1311 1918 1389 φύσιν

2023 1305 2230 1368 licunt.
2265 1306 2567 1387 Optimum
2617 1317 2813 1370 autem
2870 1311 3070 1391 fuerit,
3104 1311 3268 1391 prius
3321 1331 3456 1374 cum
3512 1313 3658 1393 ipsis

268 1400 422 1475 ἐρεῖς·
478 1395 652 1461 ἐκείνη
711 1396 811 1474 γὰρ
867 1394 986 1476 ἔχει
1041 1399 1127 1452 καὶ
1177 1398 1240 1452 τὸ
1277 1410 1597 1476 σωφρονεῖν.
1635 1400 1692 1455 Εἰ
1724 1398 1780 1454 δὲ
1829 1399 1921 1455 θέα

2023 1395 2215 1456 ιοιιθηι
2252 1397 2494 1476 propius
2520 1397 2930 1462 conferre.Dic
2959 1419 3095 1478 ergo
3120 1400 3552 1482 ipse,quisquis
3573 1421 3662 1480 es,

269 1484 480 1556 λοντ.ς,
524 1483 771 1542 ἀπόλωλέ
829 1507 908 1541 σοι
983 1483 1051 1540 δι’
1110 1483 1290 1563 ὀλίγας
1349 1483 1609 1553 συλλαϐὰς
1641 1489 1668 1543 6
1714 1489 1913 1560 πατήρ·

2023 1485 2102 1566 pii
2137 1495 2383 1556 temere,
2412 1488 2697 1568 quidquid
2729 1488 2911 1551 libido
2941 1498 3038 1550 tua
3071 1491 3290 1564 tulerit,
3325 1491 3552 1556 etfutis.
3586 1492 3670 1554 Ex

267 1575 534 1646 θελήσεως
595 1574 717 1655 (48)
771 1576 869 1653 γὰρ
921 1577 1054 1655 υἱὸς,
1089 1573 1210 1654 ετιλλι
1235 1575 1293 1631 οὗ
1322 1578 1522 1654 πατρὸς
1548 1577 1916 1656 ἀναπέφηνας.

2023 1577 2237 1638 ἴυΙΘΠΙΘ
2271 1586 2434 1655 putre
2463 1586 2561 1639 tuo
2597 1588 2946 1660 procreatus
2970 1598 3058 1655 es,
3093 1598 3166 1641 an
3198 1579 3473 1643 nolente?
3505 1580 3567 1643 Si
3596 1600 3669 1643 ex

269 1664 420 1722 Ἀλλ’
495 1665 580 1722 ἐπὶ
645 1667 738 1721 τὸν
794 1666 924 1720 Θεὸν
982 1664 1196 1740 μέτειμι
1239 1666 1324 1720 καῖ
1382 1666 1449 1722 τὰ
1491 1666 1778 1747 κτίσματα,
1831 1670 1919 1725 καὶ

2023 1666 2360 1745 iolente,vis
2375 1685 2514 1744 ergo
2534 1669 2588 1729 ei
2602 1668 2782 1730 allata
2798 1669 2966 1732 est.0
2991 1668 3306 1748 indignum
3339 1669 3671 1734 facinulet

269 1758 332 1812 τὸ
373 1757 463 1811 σὸν
535 1755 787 1833 ἐρώτημα
819 1753 1072 1832 προσάγω
1120 1759 1187 1830 τῇ
1238 1760 1307 1831 σῇ
1337 1754 1493 1836 σοφίᾳ
1546 1756 1683 1829 (49)·
1741 1756 1920 1815 Θέλων

2023 1756 2134 1836 {uis
2161 1756 2400 1817 tandem
2425 1756 2479 1818 ei
2507 1759 2618 1818 vim
2650 1758 2876 1820 attulit?
2905 1757 3036 1819 Non
3071 1758 3231 1819 enim
3261 1758 3529 1839 profecto
3557 1779 3672 1822 na-

270 1845 564 1912 ὖπέστησεν
631 1847 658 1901 6
707 1845 834 1909 Θεὸς
877 1844 1002 1922 (50)
1033 1845 1098 1900 τὰ
1154 1844 1349 1919 πάντα,
1419 1844 1454 1913 ἢ
1507 1847 1791 1921 βιασθείςς
1864 1844 1920 1904 Εἰ

2023 1865 2196 1906 uram
2229 1845 2627 1908 dixeris.Nam
2661 1848 2716 1910 ei
2755 1867 2988 1928 quoque
3017 1865 3124 1909 sua
3153 1855 3387 1909 constat
3410 1849 3668 1914 castitas.

270 1946 369 2010 μέν
416 1937 670 2014 βιασθεὶς,
721 1934 986 1993 κάνταῦθα
1053 1935 1087 2002 ἡ
1117 1934 1350 2012 τυραννὶς
1382 1935 1468 1989 καὶ
1503 1937 1530 1990 ὁ
1561 1937 1913 2013 τυραννήσας·

271 2029 316 2082 εἰ
347 2026 399 2082 δὲ
470 2025 815 2102 βουλόμενος,
884 2022 1162 2100 ἐστέρηται
1214 2029 1306 2079 τοῦ
1379 2026 1535 2096 Θεοῦ,
1596 2026 1779 2082 καὶτὰ
1813 2025 1920 2081 κτί-

271 2139 474 2195 σματα,
506 2117 592 2172 καὶ
654 2115 714 2170 σὺ
746 2115 844 2189 μὲν
897 2115 998 2193 πρὸ
1054 2113 1159 2169 τῶν
1193 2110 1369 2168 ἄλλων
1401 2112 1548 2194 (51),
1587 2116 1614 2171 6
1645 2115 1918 2180 τοιούτους

270 2209 591 2287 ἀνευρίσκων
645 2204 953 2283 λογισμοὺς,
1035 2206 1122 2260 καὶ
1173 2206 1390 2260 τοιαῦτα
1421 2206 1789 2285 σοφιζόμενος·
1823 2209 1916 2263 οε-

271 2297 426 2364 λήσει
483 2294 611 2375 (52)
683 2296 782 2372 γὰρ
883 2291 1022 2368 μέσῃ
1095 2299 1186 2349 τοῦ
1244 2294 1455 2351 κτίστου
1516 2292 1918 2374 διατειχίζεται.

274 2385 423 2442 Ἀλλ’
488 2385 685 2463 ἕτερον,
745 2384 926 2457 οἶμαι,
999 2380 1164 2439 θέλων
1217 2380 1330 2438 ἐστὶ
1383 2381 1514 2462 (55)
1546 2385 1633 2441 καὶ
1679 2384 1917 2464 θέλησις,

2005 1936 2066 1998 Si
2092 1945 2290 1997 autem
2324 1955 2391 1998 ex
2427 1939 2660 1999 volente
2694 1947 2880 2020 patre,
2917 1946 3082 2018 pater
3115 1937 3222 1999 tibi
3253 1945 3496 2019 propter
3520 1958 3670 2020 pau-

2003 2046 2103 2087 cas
2133 2027 2385 2105 syllabas
2437 2027 2613 2107 periit
2647 2048 2660 2088 :
2698 2028 3012 2090 voluntatis
3042 2026 3341 2108 siquidem
3377 2029 3556 2110 ﬁlius,
3593 2050 3661 2092 ac

2005 2135 2120 2176 nan
2185 2115 2365 2196 patris
2422 2117 2722 2181 exstitisti.
2787 2117 2905 2181 Sed
2937 2117 3010 2178 ad
3042 2117 3231 2179 Deum
3271 2125 3329 2180 et
3364 2128 3668 2183 creaturas

2005 2216 2274 2280 transeo,
2305 2225 2373 2267 ac
2412 2217 2706 2269 tuammet
2751 2208 3140 2288 quaestionem
3193 2209 3504 2288 sapientiae
3557 2220 3672 2273 tua:

2005 2296 2316 2357 admoveo.
2365 2295 2667 2359 Volensne
2717 2298 2877 2360 Deus
2908 2298 3248 2361 universam
3281 2299 3436 2361 hanc
3465 2318 3669 2362 rerum

2009 2387 2225 2448 molem
2259 2385 2554 2467 condidit,
2578 2405 2652 2448 an
2685 2389 2896 2449 nolens
2923 2393 2988 2451 et
3019 2394 3289 2451 coactus?
3319 2389 3380 2452 Si
3409 2397 3669 2471 coactus,

273 2484 471 2555 γεννῶν
527 2478 613 2532 καὶ
645 2479 912 2553 γεννητις,
947 2470 1119 2551 λέγων
1163 2471 1258 2528 καί
1304 2471 1488 2550 λόγος,
1521 2476 1565 2530 εἰ
1613 2476 1692 2549 μὴ
1724 2476 1921 2551 μεθύο-

2023 2475 2105 2537 iic
2137 2496 2371 2556 quoque
2395 2477 2479 2537 vis
2512 2476 2797 2553 adhibita,
2837 2486 2896 2538 et.
2924 2477 3164 2558 quidam
3197 2478 3300 2558 qui
3330 2478 3447 2540 vim
3490 2470 3672 2542 adbi-é

277 2587 396 2639 μεν*
454 2567 521 2622 τὰ
549 2565 647 2638 μὲν
676 2566 704 2620 ὁ
735 2564 1041 2636 κινούμενος
1074 2562 1139 2640 (5
1154 2559 1231 2640 ἦ·
1267 2563 1334 2618 τὰ
1365 2561 1421 2618 δὲ
1454 2564 1574 2620 οἷον
1607 2566 1641 2632 ἡ
1688 2566 1919 2632 κίνησις,

2023 2569 2160 2630 δυὶι.
2195 2567 2257 2626 Si
2285 2576 2482 2628 autem
2543 2568 2795 2649 volens,,
2853 2568 3140 2629 orbantur
3188 2570 3336 2649 Deo,
3373 2576 3494 2630 tum
3545 2570 3676 2636 alia:

281 2659 477 2715 υῦκουν
545 2654 838 2724 θελήσεως,
895 2655 956 2708 τὸ
1027 2652 1246 2719 θεληθέν
1270 2652 1391 2723 (55)
1425 2651 1562 2726 (οὒδέ
1593 2655 1694 2733 γὰρ
1741 2654 1923 2712 ἕπεται

2023 2665 2322 2730 :reaturae,
2361 2665 2486 2718 tum
2518 2665 2578 2718 tu
2612 2676 2735 2738 prae
2765 2657 3132 2738 caeteris,qui
3166 2658 3312 2720 tales
3336 2659 3662 2722 ratiocina-

278 2745 540 2824 πάντως)
614 2742 727 2801 οὐδὲ
805 2746 866 2800 τὸ
952 2743 1226 2821 γεννηθὲν,
1301 2744 1625 2821 γεννήσεως·
1690 2743 1807 2802 οὖδὲ
1863 2748 1924 2802 τὸ

2023 2747 2226 2825 ιίοηοε,
2256 2748 2519 2828 talesque
2549 2749 2864 2809 verborum
2898 2748 3206 2828 captiones
3230 2749 3674 2828 excogitas.In-

277 2838 551 2910 ἀκουσοὶν,
604 2835 974 2915 ἐκφωνήσεως·
1030 2831 1167 2888 ἀλλὰ
1222 2839 1308 2887 τοῦ
1366 2831 1632 2906 Θέλοντος,
1695 2835 1781 2890 καὶ
1832 2843 1925 2893 τοῦ

2023 2838 2301 2898 ιοτηιοιΙίο
2344 2841 2565 2918 quippe
2614 2839 2914 2901 voluntate
2943 2856 2976 2898 a
3007 2837 3285 2900 Creatore
3317 2839 3673 2919 disjungen-

277 2935 563 3006 γεννῶντος
616 2927 762 3000 (56),
794 2926 883 2980 καὶ
936 2930 1026 2980 τοῦ
1062 2921 1336 3001 λέγοντος,
1400 2923 1475 2980 Τὰ
1531 2931 1626 2980 tot”;
1684 2931 1816 2982 Θεοῦ
1871 2924 1925 2981 δὲ

2023 2946 2129 2987 Lnr.
2168 2929 2386 2988 Verum
2421 2927 2608 3009 aliud,
2631 2927 2691 2988 ni
2717 2928 3425 3008 fallor,estvolens,aliud
3458 2930 3675 2991 volun-

274 3021 363 3075 γαὶ
419 3019 537 3076 ὑπὲ.
600 3023 761 3072 ταῦτα
821 3013 1012 3087 πάνςα,
1041 3019 1086 3086 ᾧ
1130 3011 1372 3090 γέννησίς
1415 3013 1555 3069 ἐστιν
1603 3013 1741 3077 ’ἔσως
1769 3016 1803 3082 ἡ
1833 3019 1925 3072 τοῦ

2023 3017 2289 3080 laszaliud
2330 3017 2772 3097 gignens,aliud
2803 3017 3305 3094 generatiozaliud
3336 3017 3442 3098 qui
3475 3019 3674 3101 loqui-

275 3116 459 3186 γεννᾷν
529 3106 764 3172 θέλησις⁶
822 3100 940 3160 ἀλλ’
995 3101 1140 3159 οὖδὲν
1202 3101 1386 3183 μέσον,
1450 3102 1504 3159 εἴ
1550 3125 1611 3181 γε
1647 3105 1734 3161 καὶ
1773 3112 1925 3162 τοῦτο

2023 3107 2298 3187 lur,aliud
2321 3110 2668 3189 sermo,nisi
2701 3107 2855 3170 forte
2883 3108 3206 3170 tumulenti
3234 3100 3677 3171 simus.Horum

276 3171 540 3274 έεξώμεθκ
593 3195 721 3277 5Ἷ)
773 3193 936 3267 ὅλως,
969 3191 1103 3247 ἀλλὰ
1135 3171 1213 3266 μη
1249 3193 1336 3249 καὶ
1364 3171 1634 3263 θελήσεως
1676 3195 1925 3274 κρείττων

2023 3171 2170 3259 enim
2204 3198 2455 3258 alterum
2492 3171 2604 3271 est,
2640 3199 2691 3259 is
2720 3198 2822 3279 qui
2856 3197 3339 3272 movet,alterum
3366 3197 3531 3261 velut
3554 3218 3680 3261 mo-

282 3296 309 3359 },
345 3291 612 3367 γέννησις.
2012 3297 2103 3348 tus
2136 3289 2285 3368 ipse.
2320 3287 2449 3348 Non
2492 3306 2631 3367 ergo
2682 3288 3002 3350 voluntatis
3031 3296 3143 3368 est,
3178 3289 3423 3351 volitum
3455 3294 3676 3370 (neque

280 3381 437 3442 enim
470 3381 581 3464 hoc
614 3393 862 3464 prorsus
893 3371 1215 3464 sequitur),
1268 3391 1402 3464 nec_
1427 3373 1860 3464 generationis,
1925 3379 2079 3464 quod
2107 3379 2558 3464 _genitum_est,
2616 3398 2725 3440 nec
2784 3377 3126 3464 locutionis,
3187 3379 3345 3459 quod
3403 3379 3678 3464 auditum

280 3473 389 3533 est,
413 3461 516 3522 sed
551 3453 822 3540 volentis,
859 3464 914 3516 et
944 3453 1264 3540 gignentis,
1303 3463 1360 3516 et
1387 3453 1713 3540 loquentis.
1747 3455 1824 3540 At
1847 3453 1983 3540 qum
2013 3460 2068 3518 in
2107 3453 2228 3520 Deo
2259 3453 2736 3540 considerantur,
2781 3477 2961 3540 supra
3012 3453 3136 3520 haec
3187 3453 3429 3540 quoque
3479 3460 3682 3522 omnia

277 3550 436 3621 sunt,
461 3548 662 3620 utpote
700 3537 796 3599 cui
827 3538 1131 3621 generatio
1163 3534 1414 3621 fortasse
1444 3535 1520 3596 sit
1550 3534 1679 3616 ipsa
1708 3537 1988 3621 gignendi
2022 3540 2317 3616 voluntas;
2351 3558 2556 3600 verum
2604 3534 2749 3601 nihil
2799 3534 2887 3601 es't
2936 3534 3385 3614 intermedium,
3421 3541 3472 3602 si
3502 3541 3678 3603 modo

281 3627 390 3687 hoc
422 3615 662 3700 unoque
696 3619 940 3680 omnino
967 3615 1362 3696 admittimus,
1395 3635 1461 3678 ac
1495 3615 1610 3678 non
1636 3615 1834 3699 potius
1865 3621 2183 3683 statuimus
2225 3621 2675 3699 generationem
2723 3621 2878 3682 hanc
2927 3621 3234 3684 voluntate
3266 3621 3680 3684 sublimiorem

279 3715 337 3766 et
361 3703 823 3784 priestantiorem
855 3716 1011 3760 esse.

363 3783 414 3806 "
564 3794 573 3812 ν
1039 3783 1073 3808 ’ν
1251 3787 1265 3828 δ
1562 3787 1616 3820 ,ι
1722 3809 1735 3822 .
1897 3792 1910 3808 ι

361 3803 394 3850 Ζ
425 3842 438 3856 ,
473 3791 660 3854 Βουλει
717 3813 768 3846 τι
817 3809 1124 3867 προσπαιςω
1179 3809 1269 3842 κα.
1326 3807 1416 3842 τον
1478 3793 1686 3868 Πατέρα
1722 3837 1738 3869 ,
1775 3796 1925 3870 Παρα

281 3897 374 3944 σος,
400 3886 499 3964 γὰρ
555 3886 672 3962 ἔχω
727 3881 793 3936 τὰ
843 3885 1061 3936 τοιαῦτα
1110 3874 1335 3952 τολμᾷν·
1372 3875 1551 3933 Θέλων
1585 3881 1714 3942 Θεὸς
1747 3883 1774 3936 6
1809 3888 1925 3937 Πα-

280 3984 399 4059 τὴρ,
549 3981 624 4052 μὴ
681 3976 869 4043 θέλων.
942 3973 1037 4031 Καὶ
1067 3969 1213 4032 ὅπως
1244 3971 1517 4050 ἀποφεύξῃ
1549 3971 1609 4028 τδ
1640 3975 1732 4029 σὸν
1764 3997 1926 4053 περι·’

279 4076 466 4140 θέειον,
518 4075 572 4131 Εἰ
637 4072 733 4148 μὲν
791 4068 856 4136 δὴ
911 4066 1101 4145 θέλων,
1134 4064 1262 4121 πότε
1287 4073 1378 4121 τοῦ
1408 4064 1577 4122 θέλειν
1608 4067 1874 4146 ἠργμένος
1906 4089 1918 4131 ε

278 4171 350 4226 ()9,
398 4166 496 4245 γὰρ
546 4166 665 4242 πρὶν
723 4162 887 4218 εἶναι·
951 4155 1066 4214 οὐδὲ
1119 4156 1219 4233 γὰρ
1275 4155 1339 4222 ἦν
1370 4177 1419 4210 τι
1451 4156 1730 4235 πρότερον,
1763 4157 1851 4216 ’Ἥ
1870 4161 1932 4215 τὸ

284 4259 383 4331 μὲν
416 4244 576 4313 αὕτως,
617 4251 867 4329 θελῆσαν,
929 4249 989 4304 τὸ
1058 4244 1112 4301 δὲ
1182 4245 1451 4324 θεληθένς
1513 4248 1770 4325 Μεριστὸς
1818 4247 1929 4310 οὖν.

288 4353 406 4408 [ιὼς
464 4343 518 4400 δὲ
577 4347 636 4402 οὗ
664 4341 931 4410 θελήσεως
964 4338 1054 4392 καὶ
1090 4337 1266 4414 οὗτος,
1298 4335 1434 4390 κατὰ
1464 4334 1548 4413 σὲ,
1595 4333 1884 4414 πρόϐλημα
1914 4360 1930 4410 ;

289 4438 343 4492 Εἰ
400 4433 453 4490 δὲ
518 4435 577 4490 οἱ
633 4431 820 4504 θέλων,
846 4431 893 4486 τὶ
931 4430 991 4485 τὸ
1019 4425 1343 4504 βιασάμενον
1373 4426 1447 4487 εἰς
1491 4427 1553 4480 τὸ
1606 4426 1747 4482 εἶναι
1783 4449 1799 4500 ;
1837 4438 1936 4493 Καὶ

286 4549 398 4588 πως
447 4525 600 4596 Θεὸς,
671 4527 715 4578 εἱ
746 4518 1040 4598 βεϐίασται,
1102 4515 1190 4571 καὶ
1249 4524 1408 4572 ταῦτα
1467 4514 1562 4571 οὐκ
1605 4512 1736 4572 ἄλλο
1765 4539 1840 4598 τι,
1901 4517 1935 4586 ἥ

2090 3790 2212 3854 VII.
2248 3791 2433 3856 Visne
2486 3791 2547 3852 in
2599 3795 2833 3855 Patrem
2900 3808 3136 3872 quoque
3193 3790 3390 3871 ipsum
3448 3791 3678 3852 cavillis

2016 3882 2287 3944 nonnihil
2343 3882 2575 3945 ludam?
2625 3881 2716 3943 Tu
2773 3881 2920 3943 mihi
2977 3899 3181 3944 ausam
3236 3881 3373 3944 talia
3416 3881 3677 3943 audendi

2018 3973 2267 4047 praebes.
2298 3972 2474 4033 Pater
2504 3972 2703 4054 itaque
2736 3972 2827 4034 vel
2859 3972 3064 4034 volens
3094 3971 3256 4034 Deus
3296 3980 3406 4047 est,
3441 3972 3533 4033 vel
3564 3991 3676 4032 no-

2017 4063 2260 4125 lens.Ac
2287 4063 2417 4124 vide
2443 4083 2555 4144 qua
2581 4063 2817 4125 tandem
2837 4062 3065 4123 ratione
3097 4062 3311 4123 scitum
3331 4061 3497 4123 illum
3520 4071 3681 4122 tuum

2019 4165 2073 4214 et
2105 4163 2341 4214 acutum
2376 4159 2794 4231 argumentum
2831 4151 3171 4232 etingiesSi
3201 4151 3682 4233 volens,quando

2018 4244 2168 4304 velle
2219 4244 2430 4323 coepit?
2461 4246 2596 4306 Non
2652 4242 2810 4303 enim
2871 4243 3216 4324 priusquam
3251 4251 3431 4305 esset.
3475 4240 3684 4322 Neque

2020 4331 2176 4393 enim
2209 4333 2368 4410 prius
2395 4331 2718 4412 quidquam
2751 4340 2900 4395 erat.
2935 4333 3026 4393 An
3059 4332 3274 4412 partim
3307 4331 3370 4393 in
3402 4350 3472 4393 eo
3504 4331 3686 4412 quid-

2021 4423 2155 4482 dam
2188 4421 2297 4482 fuit
2328 4421 2484 4501 quod
2519 4420 2950 4500 voluit,partiin
2983 4421 3265 4502 quiddam
3297 4421 3454 4502 quod
3487 4422 3549 4482 in
3574 4439 3682 4481 vo-

2022 4513 2306 4572 luntatem
2331 4511 2578 4572 cecidit?
2603 4509 2931 4572 Divisibilis
2961 4511 3141 4590 igitur
3161 4510 3456 4582 erit.Quid
3484 4518 3682 4573 autem

285 4616 410 4674 αὒτὸ
451 4617 512 4671 τὸ
570 4618 709 4670 εἶναι
775 4612 903 4673 Θεὸς
940 4628 956 4688 ;
1015 4607 1134 4668 Πῶς
1192 4604 1303 4679 οὖν,
1338 4606 1467 4683 φησὶ
1493 4604 1648 4686 (58),
1681 4607 1925 4686 γεγέννη.

2023 4601 2216 4663 afferri
2248 4601 2487 4682 poterit,
2522 4600 2667 4681 quin
2692 4601 2862 4679 juxta
2886 4609 3041 4663 tuam
3099 4600 3557 4680 argumentandi
3579 4618 3681 4688 rae

284 4725 395 4779 ταις
430 4707 546 4769 Πῶς
605 4702 862 4774 ἔκτισται,
924 4697 1078 4775 εἴπερ
1129 4695 1363 4751 ἔκτισται
1442 4697 1579 4751 κατὰ
1646 4697 1756 4777 σέ,
1832 4701 1932 4757 Καὶ

282 4797 382 4874 γὰρ
437 4797 524 4852 καὶ
551 4801 706 4852 τοῦτο
735 4798 834 4859 τῆς
882 4789 1046 4854 αὖτῆς
1105 4786 1348 4864 ἀπορίας.
1398 4785 1554 4864 Τάχα
1614 4786 1676 4842 ἄν
1724 4787 1926 4868 εἴποις,

366 4966 482 5042 (46)
529 4966 718 5028 Πάθος.
757 4960 855 5025 Sic
888 4968 1011 5021 tres
1042 4958 1261 5041 Regg.,
1322 4978 1432 5023 sex
1487 4955 1685 5036 Colb.,
1741 4956 1848 5023 Or.
1888 4965 1942 5034 1,

289 5049 421 5111 Par.
453 5049 517 5110 In
549 5045 674 5120 ed.,
712 5048 933 5114 πάθους,
986 5059 1016 5100 α
1049 5042 1370 5119 passionis.
1407 5064 1437 5103 )

367 5129 488 5206 (47)
524 5127 714 5196 Θέλης.
751 5123 1025 5202 Quinque
1055 5121 1250 5206 golb.,
1278 5122 1488 5201 ἐθέλῃς.

369 5200 487 5285 (48)
518 5208 822 5279 Θελήσεως.
859 5200 1009 5269 Tres
1063 5200 1282 5285 Reggl,
1336 5200 1591 5285 quatuor
1639 5200 1834 5277 Colb.,
1883 5206 1944 5262 et

289 5289 393 5354 Or.
425 5289 478 5362 1
511 5289 834 5365 θελήματος.
1779 5319 1782 5322 .

375 5371 492 5468 (fg)
522 5375 709 5468 ,Τῇλσῖξ
742 5368 919 5468 coite.
944 5365 1085 5468 Ilaec
1114 5365 1542 5468 ironice‘dicta.

373 5444 490 5532 (50)
522 5444 760 5515 Ὀ’Θεὸς.
797 5444 977 5532 Deest
1007 5451 1034 5505 ὁ
1068 5448 1132 5532 in
1180 5447 1449 5532 pluribus
1483 5445 1658 5508 codd.

374 5523 500 5616 (51)
557 5534 663 5616 Πρρ
692 5536 799 5616 τῶν
823 5529 1024 5591 ἄλλων.
1057 5528 1160 5591 Sic
1180 5523 1315 5590 tres
1349 5527 1624 5608 Regg.,et
1642 5544 1746 5588 sex
1771 5523 1938 5587 Colb.

286 5611 464 5678 Deest
481 5611 596 5695 ’πρό
624 5614 684 5674 in
697 5611 779 5674 .ed
791 5661 804 5673 .

324 5765 325 5768 η
531 5691 790 5769 fail/.335.
824 5691 1008 5755 CUiSI.
1044 5691 1285 5758 θέλησις,
1504 5732 1509 5737 .

371 5768 490 5856 (53)
525 5768 780 5854 ⁸Ἐτερον,
831 5776 1014 5848 οἶμαι,
1068 5773 1235 5830 θέλων
1269 5772 1399 5834 ἐστί,
1446 5771 1542 5833 Sic
1575 5778 1695 5831 tres
1722 5772 1938 5849 Regg.,

2018 4693 2264 4761 tionem,
2317 4693 2442 4772 ipse
2475 4710 2714 4772 quoque
2758 4690 3074 4753 voluntatis
3106 4691 3262 4752 fetus
3290 4690 3400 4754 sit?
3431 4689 3602 4762 Quod
3633 4687 3685 4750 si

2019 4783 2251 4856 nolens,
2289 4783 2424 4862 quis
2457 4800 2592 4843 eum
2618 4781 2814 4861 coegit
2851 4790 2915 4842 ut
2939 4781 3268 4855 esset?Quo
3301 4781 3484 4845 etiam
3511 4779 3687 4841 modo

2031 4963 2088 5016 et
2108 4953 2212 5016 ΟΓ.
2248 4954 2305 5033 1..
2340 4950 2407 5015 In
2439 4953 2562 5028 ed.,
2598 4953 2785 5033 ἕτερόν
2808 4952 2974 5033 ἐστιν,
3008 4954 3194 5029 οἶμαι,
3221 4950 3412 5033 θέλων.

2112 5036 2231 5138 (ἷξίι)
2271 5029 2325 5092 Ὀ
2374 5029 2707 5110 κινούμενος.
2761 5032 2860 5096 Sic
2892 5029 3102 5097 omnes
3125 5032 3305 5096 codd.
3340 5031 3408 5093 In
3461 5031 3592 5106 ed.,
3630 5035 3689 5090 οὗ

2031 5137 2173 5172 κινοο
2220 5137 2361 5174 ενο’.

2110 5142 2228 5275 (δὲ)
2265 5155 2336 5254 ΤΞ
2365 5195 2605 5264 θεληθὲν.
2641 5219 2662 5250 ς
2697 5193 2987 5256 Volitum.
3021 5221 3048 5248 »
3092 5194 3238 5275 iHac
3268 5211 3416 5275 voce
3442 5198 3698 5256 utuntur

2029 5273 2406 5351 Scliolastici,
2439 5277 2510 5338 ad
2535 5275 2988 5355 signiﬁcandum
3020 5273 3333 5337 voluntatis
3356 5273 3693 5354 objectum.

2029 5357 2164 5420 Bill.
2206 5383 2227 5412 α
2268 5357 2329 5418 Id
2362 5358 2518 5438 quod
2546 5358 2602 5417 in
2633 5357 2993 5438 voluntatem
3019 5356 3260 5438 cecidit.
3305 5379 3332 5410 ς(

2111 5439 2231 5542 (ὅθ)
2281 5433 2597 5502 Γεννεῦντος.
2661 5439 2782 5500 Sic.
2845 5436 2990 5514 Reg.
3035 5455 3090 5513 a,
3143 5437 3389 5519 aliique.
3443 5433 3510 5496 In
3563 5433 3696 5512 ed.,

2046 5543 2407 5581 ιεννῐσοντος,

2046 5547 2064 5599 ί
2112 5568 2231 5680 (ὃῆ)
2273 5600 2570 5672 Δεξώμεθα.
2608 5596 2709 5680 Οιξ.
2751 5597 2996 5680 1,,Βᾶξη
3032 5604 3176 5680 etc.,
3208 5598 3482 5680 δεξόμεθα.

2105 5676 2228 5761 (58)
2261 5682 2426 5748 (enat.
2467 5682 2646 5743 Deest
2675 5678 2734 5742 iu
2770 5678 3042 5760 pluribus
3075 5679 3286 5760 Regg.,
3321 5686 3382 5742 et
3405 5676 3516 5742 0r.
3557 5677 3617 5738 1.
