4126 6394
253 318 340 382 85
1350 319 1630 387 ORATIO
1671 316 1886 387 XXIX.
1923 349 2001 361 —
2029 315 2515 383 THEOLOGIGA
2560 319 2664 383 IIl.
3581 315 3660 382 86

252 453 351 510 οὒκ
424 451 616 510 ὄντων·
680 453 928 517 ἐναντίως
991 454 1110 530 περὶ
1163 452 1263 520 τὴν
1295 452 1593 535 ἀρχέγονον
1620 453 1756 523 ὕλην
1781 457 1912 512 ὑπο-

2000 468 2206 510 sumus
2241 468 2256 524 ;
2288 469 2358 512 ac
2382 451 2635 532 proinde
2671 451 2884 532 partim
2914 470 2987 515 ex
3018 451 3280 527 entibus,
3327 447 3542 533 partim
3576 470 3650 516 ex

255 550 454 600 στᾶσαν
513 545 694 625 σαφῶς
757 543 809 609 ἒξ
834 545 927 600 οὒκ
970 542 1161 618 ὄντων,
1193 541 1291 599 κάν
1332 566 1471 608 τινες
1520 543 1645 625 (68)
1679 545 1912 624 ἀγέννη-

1999 558 2118 601 non
2152 538 2390 601 entibus
2422 549 2868 604 sumus:contra
2887 560 3065 622 quam
3110 542 3171 603 in
3201 541 3656 624 primigenailla

253 657 346 690 τον
421 632 545 714 (69)
613 633 1043 696 ἀναπλάττωσιν.
1116 630 1378 696 Ἐνταῦθα
1421 632 1475 690 δὲ
1519 633 1805 713 σύνδρομον
1837 643 1912 710 τῷ

2000 629 2246 693 materia
2276 629 2518 711 accidit,
2555 650 2688 711 qua}
2718 632 2874 693 haud
2908 630 3088 694 dubie
3117 650 3185 693 ex
3219 651 3337 693 non
3369 642 3507 696 ente
3526 655 3662 717 pro-

255 725 400 780 εἶναι
461 726 520 781 τὸ
559 727 904 802 γεγεννῆσθαι
941 722 1088 802 (70),
1121 725 1210 780 καὶ
1252 723 1568 806 ἀπ’ἀρχῆς.
1609 717 1787 783 ’Ὦστε
1811 733 1912 782 ποῦ

253 814 438 883 θήσεις
503 813 626 894 (71)
688 815 748 870 τὸ
780 813 1152 894 ἀμφίκρημνον
1181 823 1336 872 τοῦτο
1379 814 1629 892 ἐρώτημα
1665 837 1681 897 ;
1715 816 1774 874 Τί
1813 817 1911 893 γὰρ

253 911 346 959 τοῦ
404 904 498 961 ἀπ’
559 905 735 985 ἀρχῆς
766 901 1138 983 πρεσϐύτερον,
1189 900 1266 960 ’ἶν’
1310 904 1423 961 ἐκεῖ
1459 908 1634 980 θῶμεν
1663 907 1724 963 τὸ
1770 906 1912 962 εἶναῖ

255 1015 386 1048 ποτε
445 1000 537 1051 τοῦ
595 996 736 1072 Υἱοῦ,
799 993 835 1060 ἣ
865 994 926 1050 τὸ
980 995 1058 1068 μὴ
1105 993 1249 1050 εἶναι
1285 1013 1302 1068 ;
1335 993 1677 1073 Ἀμφοτὲρως
1695 996 1794 1075 γὰρ
1823 997 1906 1076 τὸ,

257 1082 351 1138 ἀπ’
421 1084 625 1164 ἀρχῆς,
683 1081 987 1152 λυθήσεταν
1039 1085 1083 1139 εἰ
1116 1084 1191 1154 μή
1228 1107 1310 1141 σοι
1343 1087 1428 1142 καὶ
1461 1087 1488 1141 ὁ
1515 1087 1717 1164 Πατὴρ,
1753 1085 1910 1143 πάλιν

257 1170 575 1250 ἐρωτώντων
629 1175 809 1247 ἡμῶν,
847 1170 898 1238 ἐξ
946 1171 1136 1246 ὄντων,
1203 1171 1238 1240 ἤ
1293 1171 1343 1240 ἐξ
1375 1173 1470 1230 οὗιι
1500 1174 1688 1250 ὄντων,
1731 1173 1908 1231 κινδυ-

256 1263 482 1319 νεύσειεν
538 1262 573 1331 ἢ
625 1261 698 1326 8i;
730 1263 895 1336 εἶναι,
930 1261 958 1319 ὅ
990 1261 1086 1337 μὲν
1113 1265 1318 1342 προὼν,
1351 1262 1386 1320 δ’
1408 1261 1462 1320 δὲ
1513 1264 1608 1340 ὧν,
1655 1263 1691 1332 ἥ
1721 1265 1910 1322 ταυτὸν

256 1355 333 1426 τῷ
391 1355 496 1428 Υἱῷ
527 1356 739 1428 παθεῖν,
801 1352 852 1419 ἐξ
923 1354 1017 1410 οὒκ
1060 1352 1228 1410 ὄντων
1260 1354 1428 1427 εἶναι,
1461 1352 1545 1410 διὰ
1601 1354 1666 1411 τὰ
1710 1356 1777 1411 σὰ
1805 1356 1912 1411 τῶν

259 1442 618 1520 ἐρωτημάτων
674 1443 919 1522 παίγνια,
975 1445 1064 1500 καὶ
1108 1443 1201 1507 τὰς
1231 1443 1288 1500 ἐγ
1323 1444 1561 1524 ψάμμων
1601 1443 1723 1524 (72)
1759 1446 1906 1501 οἶκο-

257 1530 284 1580 ;
367 1533 379 1548 ς
541 1532 565 1567 τ
728 1532 774 1564 ἢ),
844 1531 869 1551 ν
1029 1531 1054 1554 η
1341 1523 1356 1546 ⁹
1447 1535 1461 1553 \
1567 1523 1617 1566 gr
1696 1534 1722 1557 ν
1815 1533 1875 1570 ,τις

267 1553 444 1607 δομας,
508 1554 561 1588 α.
640 1552 776 1607 μηοε
810 1554 986 1612 αυραις
1039 1555 1301 1590 ιστανται.
1523 1557 1619 1608 μεν
1664 1557 1752 1592 ουν
1786 1553 1908 1591 ωο-

259 1623 433 1702 ἑεερον
493 1623 694 1680 τούτων
751 1620 1005 1702 δέχομαι,
1065 1625 1149 1679 καὶ
1181 1624 1280 1692 τὴν
1337 1623 1595 1703 ἒρώτησίν
1668 1649 1809 1706 φημι
1853 1627 1915 1682 τὸ

259 1712 453 1769 ἄτοπον
503 1712 674 1794 ἔχειν,
724 1713 846 1794 οὒχὶ
901 1715 962 1770 τὸ
1033 1711 1228 1793 ἄπορον
1251 1716 1351 1782 τὴν
1381 1714 1704 1782 ἀπάντησιν.
1741 1718 1799 1773 Εἰ
1858 1714 1915 1772 δὲ

1997 727 2197 779 creata
2224 729 2333 793 est,
2397 727 2701 802 utcunque
2732 739 2863 784 eam
2899 722 3171 784 nonnulli
3205 729 3491 784 aeternam
3528 744 3661 789 esse

1997 809 2354 889 confingant.
2370 813 2437 870 At
2461 809 2558 870 hic
2577 811 2883 888 generatio
2902 830 3036 873 cum
3058 812 3318 874 essentia
3349 811 3480 893 ipsa
3509 833 3657 877 con-

1994 898 2204 973 currit,
2240 907 2414 980 atque
2436 919 2469 961 a
2498 900 2788 980 principio
2823 903 3088 965 exstitit.‘
3125 901 3236 966 Ubi
3270 921 3409 982 ergo
3439 921 3660 986 anceps

1996 988 2136 1049 illud
2179 997 2369 1062 tuum,
2403 997 2580 1070 atque
2630 991 2915 1072 utrinque
2945 1011 3212 1073 praeceps
3239 1003 3660 1072 argumentum

1997 1097 2180 1158 pones
2208 1078 2233 1140 Υ
2262 1078 2413 1150 Quid
2441 1079 2600 1140 enim
2632 1098 2726 1155 eo,
2755 1081 2916 1162 qupd
2949 1101 2982 1143 a
3012 1082 3308 1164 principio
3343 1085 3658 1157 erat,anti-

1995 1168 2168 1247 quius
2199 1187 2331 1230 esse
2365 1173 2582 1250 potest,
2620 1179 2681 1231 ut
2711 1170 2830 1233 illic
2868 1180 3100 1254 tempus
3149 1173 3537 1250 collocemus,
3570 1176 3659 1239 vel

1996 1277 2113 1338 quo
2147 1267 2274 1320 erat
2303 1259 2510 1338 Filius,
2544 1260 2635 1320 vel
2670 1279 2784 1341 quo
2818 1281 2936 1322 non
2987 1262 3140 1325 erat?
3184 1261 3448 1343 Utroque
3498 1267 3656 1328 enim

1999 1348 2174 1410 modo
2206 1349 2376 1424 illud,
2410 1370 2446 1409 α
2469 1352 2805 1431 principio,
2840 1351 3200 1416 dissolvetur
3231 1365 3290 1420 et
3332 1366 3655 1429 evertetur,

1997 1440 2108 1501 nisi
2136 1439 2294 1501 forte
2323 1438 2426 1500 tibi
2449 1442 3658 1522 quoquePater,percunctantibnsrursns

2000 1529 2195 1601 nobis,
2229 1550 2297 1592 ex
2345 1529 2685 1601 entibusne,
2741 1549 2814 1592 an
2857 1550 2926 1593 ex
2964 1551 3082 1594 non
3142 1536 3380 1600 entibus
3433 1542 3534 1619 sit,
3569 1537 3659 1597 bis

2001 1640 2131 1682 esse
2163 1620 2718 1700 periclitetur,alter
2741 1621 3021 1684 nimirum
3057 1626 3662 1704 praaexsistens,alter

2002 1711 2322 1782 exsistens;
2354 1718 2454 1771 aut
2485 1716 2650 1772 certe
2674 1719 2920 1792 propter
2949 1712 3208 1776 ludicras
3245 1724 3371 1780 tuas
3401 1717 3660 1780 interro-

259 1806 338 1859 σοὶ
385 1800 511 1881 (73)
569 1805 806 1884 φαίνεται
855 1802 1152 1882 ἀναγκαῖον
1225 1807 1364 1860 εἶναι
1422 1806 1482 1862 τὸ
1545 1804 1722 1884 ἕτερον
1770 1803 1912 1872 ἀλη-

2002 1801 2292 1882 gationes,
2327 1810 2503 1882 atque
2556 1821 2626 1862 ex
2659 1821 2841 1865 arena
2872 1813 3243 1868 constructas
3273 1810 3504 1882 domos,
3533 1824 3664 1888 quae

257 1894 421 1949 Θεύειν
477 1893 562 1950 ἐπὶ
617 1895 838 1968 παντὸς,
898 1895 1036 1950 κατά
1066 1894 1161 1957 τὰς
1195 1895 1289 1958 σάς
1335 1893 1671 1960 διαλεκτικὰς
1701 1894 1908 1966 ὑπολήο-

2003 1875 2076 1953 ne
2112 1875 2347 1954 levibus
2376 1875 2618 1973 quidem
2654 1893 2843 1954 ventis
2887 1895 3173 1958 resistere
3195 1908 3467 1978 possunt,
3501 1875 3660 1958 idem

257 1989 408 2062 ψεις,
445 1981 581 2048 δέξαι
639 1985 740 2058 μού
786 2006 833 2039 τι
882 1985 1074 2060 μικρὸν
1131 1983 1409 2059 ἐρώτημα·
1471 1984 1531 2044 Ὀ
1602 1987 1801 2066 χρόνος
1860 1985 1912 2042 ἐν

1999 1983 2078 2059 ei,
2112 1983 2268 2063 quod
2305 1981 2478 2062 Filio,
2511 1981 2768 2058 accidat,
2799 1984 2912 2045 hoc
2943 1993 3054 2058 est,
3099 2004 3171 2047 ex
3218 2006 3338 2048 non
3395 1997 3532 2050 ente
3563 1988 3661 2050 sit.

258 2074 460 2153 γρόνῳ,
521 2073 554 2141 ἤ
603 2077 699 2132 οὒκ
754 2072 808 2129 ἐν
859 2073 1040 2153 χρόνῳ
1073 2092 1088 2154 ς
1123 2071 1186 2133 Εἰ
1216 2074 1314 2149 μὲν
1360 2077 1525 2131 οὖνὲν
1555 2079 1760 2155 χρόνῳ,
1814 2075 1912 2132 τίνι

2002 2075 2124 2152 Ego
2152 2072 2391 2149 quidem
2423 2079 2698 2132 neutrum
2727 2073 2941 2134 horum
2970 2075 3671 2158 admitto,quzestionemv

257 2165 427 2236 τούτῳ
461 2181 476 2232 ς
510 2165 586 2220 (αὶ
615 2165 666 2219 ἰί
709 2165 849 2242 παρά
881 2171 1064 2220 τοῦτον
1093 2163 1202 2220 ὄντι
1239 2183 1255 2244 ς
1282 2166 1370 2221 καὶ
1401 2171 1515 2228 πῶς
1551 2165 1858 2247 περιέχοντι
1894 2184 1909 2244 ;

263 2256 315 2310 lii
374 2251 426 2309 δὲ
457 2253 551 2310 οὒκ
581 2253 634 2308 ἐν
664 2253 867 2334 χρόνῳ,
903 2253 977 2315 τίς
1021 2255 1056 2323 ἡ
1087 2254 1308 2328 περιττὴ
1340 2255 1522 2334 σοφία,
1570 2256 1766 2336 χρόνον
1797 2257 1913 2312 εἰσ-

259 2348 404 2425 άγειν
462 2345 694 2427 ἄχρονον
731 2366 747 2419 ;
810 2353 912 2405 Τοῦ
982 2345 1061 2427 δὲ,
1121 2357 1224 2406 Νῦν
1269 2347 1378 2426 ἐγὼ
1417 2346 1701 2424 ψεύδομαι,
1737 2347 1825 2415 δὸς
1856 2351 1916 2406 τὸ

256 2438 453 2517 ἕτερον,
485 2437 522 2504 ἢ
594 2436 936 2504 ἀληθεύεσθαι
990 2435 1128 2517 (74)
1169 2437 1357 2512 μόνον,
1412 2437 1446 2505 ἤ
1497 2437 1796 2514 ψεύδεσθαιο
1859 2439 1916 2496 0'3

261 2529 359 2606 γὰρ
391 2527 661 2606 ἀμφότερα
704 2527 966 2602 δώσομεν,
1033 2526 1184 2584 Ἀλλ’
1216 2531 1311 2586 οὐκ
1341 2526 1639 2609 ἐνδέχεται,
1676 2527 1714 2556 ⁹¹
1723 2537 1766 2586 Η
1817 2531 1916 2609 γὰρ

264 2614 582 2692 ψευδόμενος
638 2616 941 2698 ἀληθεύσει,
1001 2617 1037 2686 ἢ
1105 2616 1377 2685 ἀληθεύων
1434 2619 1709 2694 ψεύσεται·
1769 2627 1915 2677 πᾶσα

263 2705 491 2783 ἀνί-(κη.
556 2708 615 2766 Τί
671 2709 758 2763 οὖν
817 2709 1144 2782 θαυμαστὸν,
1218 2706 1396 2786 ὥσπερ
1429 2707 1648 2766 ἐνταῦθα
1681 2707 1914 2786 συμϐαί-

266 2819 341 2852 νει
396 2798 459 2852 τὰ
510 2797 737 2871 ἐναντία,
799 2798 966 2862 οὕτως
1039 2797 1220 2856 ἐκεῖσε
1279 2798 1552 2878 ἀμφότερα
1610 2797 1910 2875 ψεύδεσθαι,

259 2887 344 2943 καὶ
403 2885 538 2944 οὕτω
593 2909 676 2945 σοι
735 2888 794 2944 τὸ
855 2889 1016 2968 σοφὸν
1071 2887 1274 2956 ἠλίθιον
1318 2889 1711 2966 ἀναφανήσεται
1747 2908 1763 2970 ;
1797 2887 1912 2950 ’Έν

260 2978 335 3034 ἔτι
398 3001 489 3053 μοι
534 2976 692 3036 λύσον
721 2979 828 3035 τῶν
873 2979 1224 3058 αἰνιγμάτων⁸
1270 2985 1488 3054 Σεαυτῷ
1516 2979 1568 3035 δὲ
1600 2979 1916 3059 γεννωμένῳ

259 3073 430 3148 παρῆς
472 3086 488 3142 ;
545 3069 698 3145 πάρει
743 3065 798 3124 δὲ
829 3077 916 3125 νῦν
974 3088 988 3149 ;
1058 3068 1094 3138 ἢ
1124 3067 1394 3147 οὐδέτερον
1426 3087 1444 3145 ;
1480 3071 1537 3126 Εἰ
1569 3069 1666 3145 μὲν
1698 3070 1798 3148 γὰρ
1829 3071 1916 3126 καὶ

924 3161 997 3224 ὡς
1029 3159 1132 3233 τίς,
1167 3160 1254 3216 καὶ
1285 3161 1387 3216 τίνι
1426 3177 1441 3233 ;
1475 3160 1560 3215 καὶ
1615 3165 1728 3226 πῶς
1779 3162 1806 3216 ὁ
1842 3160 1913 3221 εἷς

259 3164 453 3238 παρῆς,
527 3161 614 3216 καὶ
669 3159 848 3236 πάρει,
924 3161 997 3224 ὡς
1029 3159 1132 3233 τίς,
1167 3160 1254 3216 καὶ
1285 3161 1387 3216 τίνι
1426 3177 1441 3240 ;

1999 2183 2114 2244 que
2160 2162 2313 2223 hanc
2361 2168 2518 2222 tuam
2553 2160 2936 2224 absurditatis
2985 2165 3260 2239 multum,
3297 2167 3667 2230 difﬁcultatis

2001 2251 2151 2314 nihil
2186 2252 2409 2314 habere
2438 2251 2554 2313 aio.
2587 2251 2756 2325 Quod
2790 2253 2838 2314 si
2863 2261 2922 2314 tu
2966 2255 3133 2334 juxta
3159 2264 3288 2318 tuas
3321 2257 3667 2320 dialecticas

2001 2341 2327 2405 sententias
2360 2340 2420 2401 in
2454 2340 2618 2400 omni
2651 2352 3004 2422 argumento
3037 2345 3384 2408 alterutram
3431 2348 3666 2427 disjuu-

2000 2432 2262 2493 ctionum
2308 2449 2505 2492 veram
2549 2449 2684 2492 esse
2715 2439 2994 2512 oportere
3026 2435 3357 2512 existimas,
3425 2456 3666 2518 parvam

2001 2521 2318 2602 quamdam
2342 2519 2972 2599 interrogatiunculam
2991 2541 3025 2584 a
3049 2543 3142 2585 me
3158 2525 3544 2606 accipe.Tem
3556 2546 3666 2608 pus

2003 2621 2173 2673 estne
2196 2609 2253 2670 in
2283 2619 2786 2690 tempore,annon
2814 2611 2925 2674 Z’Si
2963 2614 3018 2673 in
3052 2621 3345 2694 tempore,
3374 2636 3492 2695 quo
3528 2625 3667 2678 tan-

2000 2699 2179 2761 dem?
2210 2698 2485 2780 Quidque
2515 2716 2694 2777 supra
2723 2700 2837 2760 hoc
2869 2702 3222 2762 exsistente?
3242 2703 3327 2764 Ac
3363 2705 3668 2785 quomodo

2001 2789 2110 2851 hoc
2142 2789 2488 2850 contiuente
2511 2787 2542 2847 ?
2592 2788 2653 2851 Si
2693 2795 2889 2849 autem
2925 2808 3042 2852 non
3074 2791 3136 2850 in
3196 2801 3492 2876 tempore,
3535 2813 3668 2876 qua}

2002 2879 2128 2940 hanc
2167 2878 2383 2939 eximia
2415 2876 2728 2957 sapientia,
2760 2886 2998 2959 tempus
3028 2883 3310 2960 temporis
3343 2901 3555 2963 expers
3604 2884 3666 2944 in

2000 2967 2256 3029 ducere?
2280 2972 2424 3046 Age,
2456 2967 2629 3046 hujns
2662 2967 2980 3043 sermonis,
3024 2967 3197 3032 Nunc
3225 2989 3333 3050 ego
3365 2976 3664 3053 mentior,

2000 3061 2073 3120 da
2107 3059 2494 3136 alterum,aut
2525 3057 2808 3119 duntaxat
2828 3076 3035 3119 verum
3071 3078 3229 3134 esse,
3263 3070 3366 3122 aut
3398 3061 3614 3124 falsum
3649 3084 3663 3123 :

2004 3167 2120 3209 non
2158 3147 2321 3210 enim
2355 3155 2678 3225 utrumque
2727 3147 3025 3212 dabimus.
3063 3151 3234 3230 Atqui
3268 3151 3433 3213 nullo
3491 3153 3666 3215 modo

263 3215 453 3326 inquit,
487 3215 792 3326 ysydvats‘;
832 3215 900 3306 Ἐἰ
956 3247 1009 3304 δὲ
1057 3215 1344 3328 μηδέτερον
1416 3215 1521 3305 τῶν
1593 3248 1909 3329 εἰρημένων,

2002 3239 2110 3329 hoc
2134 3239 2263 3300 ﬁeri
2296 3245 2510 3318 potest.
2547 3215 2655 3298 Vel
2688 3237 2846 3329 enim
2883 3215 3176 3301 mentiens
3212 3259 3422 3302 verum
3483 3241 3666 3324 dicet,

264 3341 374 3402 πῶς
435 3346 654 3396 σεαυτοῦ
717 3337 839 3418 (75)
892 3339 1097 3420 χωρίζῃ
1132 3359 1146 3419 ;
1182 3342 1270 3396 καὶ
1303 3338 1378 3401 τίς
1411 3341 1445 3408 ἡ
1479 3339 1616 3396 αἰτία
1658 3343 1760 3406 τῆς
1793 3337 1913 3394 δια-

261 3428 475 3498 ζεύξεως
500 3428 619 3508 (76)
655 3446 670 3505 ;
705 3427 856 3486 Ἀλλ’
887 3428 1196 3489 ἀπαίδευτον
1227 3431 1288 3486 τὸ
1322 3428 1449 3510 (77)
1487 3430 1603 3507 περὶ
1648 3437 1739 3487 τοῦ
1771 3429 1911 3502 ἐνὸς,

260 3521 302 3574 εἷ
355 3519 522 3594 ἐαυτῷ
597 3519 870 3598 πάρεστιν,
1029 3521 1130 3595 μὴ,
1190 3518 1682 3597 πολυπραγμονεῖν.
1738 3524 1913 3575 Ταῦτα

262 3610 360 3687 γὰρ
415 3607 500 3665 ἐπ’
560 3607 760 3680 ἄλλων,
799 3608 901 3689 οὔχ
932 3608 1119 3667 ἑαυτοῦ
1147 3608 1383 3689 λέγεται,
1417 3606 1910 3687 Ἀπαιδευτότερον,

263 3708 318 3755 εὖ
373 3699 502 3771 ἴσθι,
564 3701 626 3756 τὸ
682 3697 774 3755 ἀπ’
808 3699 988 3779 ἀρχῆς
1037 3700 1426 3778 γεγεννημένοδ
1462 3696 1618 3780 (Ἱὸί,
1646 3699 1690 3754 εἶ
1716 3699 1780 3766 ἡν
1812 3699 1914 3776 πρὸ

263 3795 359 3857 τῆς
430 3791 750 3868 γεννήσεως,
787 3789 822 3858 ἢ
909 3789 1002 3846 οὐκ
1033 3791 1124 3871 ἧν,
1193 3790 1577 3852 διετθύνεσθαι,
1615 3790 1779 3852 Οὗτος
1815 3789 1913 3866 γὰρ

262 3882 376 3958 περὶ
420 3887 524 3935 τῶν
555 3880 737 3959 χρόνῳ
771 3878 1041 3958 διαιρετὼν
1087 3884 1114 3938 ὁ
1146 3880 1330 3960 λόγος.

1999 3328 2088 3388 vel
2138 3329 2460 3388 mentietur
2489 3344 2693 3388 verum
2747 3327 2977 3391 dicens.
3015 3333 3103 3392 Ita
3137 3348 3379 3412 prorsus
3409 3350 3662 3394 necesse

1999 3433 2113 3480 est.
2149 3417 2296 3490 Quid
2335 3417 2514 3497 igitur
2537 3418 2834 3489 mirum,si
2859 3420 3363 3500 quemadmodum
3387 3421 3483 3483 hic
3506 3441 3657 3484 con-

1999 3508 2178 3569 traria
2225 3515 2613 3582 concurrunt,
2672 3507 2754 3570 ita
2783 3509 2960 3570 etiam
3022 3510 3144 3573 illic
3175 3520 3420 3594 utraque
3464 3531 3598 3593 pars
3629 3531 3662 3574 a

1997 3617 2136 3660 vero
2168 3598 2430 3674 aberret,
2465 3605 2640 3679 atque
2673 3598 2750 3660 ita
2796 3599 3013 3662 scitum
3058 3601 3206 3663 illud
3240 3611 3299 3664 et
3354 3602 3656 3664 eruditum

2001 3700 2162 3751 tuum
2195 3697 2608 3767 argumentum
2662 3689 2907 3751 stultum
2941 3699 3117 3772 atque
3170 3691 3437 3772 ineptum
3473 3709 3658 3772 appa-

2002 3779 2181 3843 reat?
2215 3785 2296 3842 Ac
2328 3778 2504 3839 velim
2535 3779 2677 3840 mihi
2727 3779 2839 3841 hoc
2875 3781 3051 3842 etiam
3112 3782 3366 3860 aenigma
3423 3784 3614 3843 solvas
3644 3805 3654 3840 τ

1998 3874 2305 3937 Aderasne
2339 3868 2440 3931 tibi
2473 3889 2606 3930 cum
2630 3871 2993 3949 gignereris‘?
3014 3872 3258 3934 Adesne
3289 3871 3466 3933 etiam
3500 3892 3660 3935 nunc

263 3973 399 4037 tibi?
432 3973 524 4035 An
556 3980 836 4035 neutrum
869 3973 1010 4034 550
1040 3974 1286 4036 horum?
1319 3974 1381 4037 Si
1405 3974 1562 4036 enim
1596 3971 1829 4048 aderas,
1865 3981 1921 4034 et
1971 3971 2136 4040 ades,
2166 3966 2436 4048 quisnam
2470 3964 2731 4040 tandem,
2783 3973 2842 4027 et
2881 3967 3001 4027 cui?
3053 3966 3121 4028 Et
3173 3966 3469 4047 quomodo
3505 3986 3658 4028 unus

263 4064 380 4124 duo
431 4062 678 4124 ell'ectus
724 4069 832 4126 es?
881 4063 945 4127 Si
991 4071 1188 4128 autem
1237 4073 1511 4127 neutrum
1562 4063 1776 4124 horum
1824 4081 1955 4143 qum
2005 4059 2287 4138 diximus,
2322 4054 2620 4136 quomodo
2651 4056 2900 4136 ateipso
2959 4056 3362 4136 disjungeris?
3410 4057 3485 4119 Et
3526 4076 3657 4138 quae

259 4151 673 4234 disjunctionis
733 4152 982 4234 hujusce
1029 4161 1254 4218 causa?
1303 4153 1418 4216 Sed
1470 4152 1737 4232 ineptum
1784 4159 1896 4224 est,
1961 4148 2218 4230 inquies,
2271 4165 2403 4206 cum
2464 4145 2537 4205 de
2591 4163 2709 4234 uno
2771 4144 3122 4226 disputatur,
3182 4145 3415 4207 adsitne
3473 4145 3584 4208 sibi
3623 4171 3650 4203 ι»

262 4232 471 4317 necne,
505 4241 796 4304 curiosius
814 4232 1158 4325 inquirere.
1193 4243 1328 4306 Haec
1358 4242 1519 4306 enim
1553 4241 1628 4302 de
1649 4240 1802 4323 aliis,
1837 4261 1954 4302 non
1989 4241 2062 4301 de
2123 4237 2320 4316 seipse
2345 4236 2660 4325 dicuntur.
2682 4232 2970 4316 lneptius,
3007 4235 3152 4298 mihi
3183 4235 3386 4325 crede,
3422 4245 3530 4310 est,
3567 4236 3648 4321 id,

262 4331 419 4414 quod
449 4351 481 4394 a
515 4331 805 4413 principio
834 4324 982 4414 erat,
1018 4342 1216 4396 utrum
1249 4341 1384 4396 ante
1415 4330 1862 4413 generationem
1915 4339 2060 4403 erat,
2103 4345 2317 4403 necne,
2354 4326 2413 4387 in
2460 4324 2844 4405 quaestionem
2878 4342 3114 4388 vocare.
3167 4324 3306 4387 Hanc
3332 4325 3491 4387 enim
3524 4325 3652 4388 dis-

261 4422 484 4503 putatio
517 4421 588 4483 iis
621 4422 863 4484 demum
897 4425 1197 4499 convenit,
1235 4443 1364 4505 quae
1397 4431 1668 4504 tempore
1699 4420 1880 4483 dividi
1911 4427 2175 4502 possunt.

365 4515 381 4536 θ
436 4516 450 4537 ν
570 4514 585 4534 θ
654 4516 669 4537 ἳ
842 4519 853 4534 \
1069 4519 1082 4540 ς
1175 4520 1188 4537 \
1308 4517 1326 4549 λ
1433 4540 1459 4552 ,
1641 4519 1653 4534 \
1719 4517 1732 4536 ἵ

341 4527 359 4575 ι
385 4561 399 4575 .
456 4514 568 4572 Αλλ
619 4539 679 4572 ου
707 4539 922 4597 ταυτον,
957 4541 1109 4599 φησι,
1140 4541 1201 4574 το
1232 4518 1522 4596 ἀγεννηυον
1571 4539 1657 4573 και
1687 4539 1745 4572 το
1779 4538 1868 4595 γεν

2075 4517 2151 4577 Χ.
2188 4514 2263 4575 At
2293 4513 2478 4587 enim,
2515 4511 2821 4594 inquiunt,
2855 4531 2975 4573 non
3027 4512 3185 4574 idem
3218 4517 3356 4572 sunt
3384 4511 3652 4590 genitum

258 4605 436 4673 νητόν.
493 4606 551 4662 Εἰ
607 4603 660 4660 δὲ
715 4607 868 4664 τοῦτο
914 4606 1059 4688 (Ἱ9),
1093 4608 1208 4664 οὔδε
1252 4610 1280 4664 ὁ
1311 4609 1428 4674 Υἱὸς
1460 4613 1533 4681 τῷ
1585 4607 1749 4681 Πατρὶ
1777 4627 1906 4664 ταυ-

1999 4612 2054 4666 et
2087 4603 2418 4681 ingenitum
2457 4625 2471 4680 ;
2505 4620 2572 4663 ac
2607 4601 2878 4683 proinde,
2917 4621 3026 4663 uec
3068 4601 3254 4663 Filius
3305 4619 3440 4662 cum
3473 4602 3649 4663 Patre

254 4701 368 4753 τόν.
431 4695 564 4753 ’Ὅτι
618 4695 716 4768 μὲν
776 4702 1012 4778 φανερῶς
1045 4701 1072 4756 ὁ
1145 4696 1304 4778 λόγος
1359 4705 1506 4759 οὗτος
1537 4694 1786 4753 ἐκϐάλλει
1818 4698 1908 4752 τὸν

1999 4695 2151 4756 idem
2222 4702 2335 4756 est.
2369 4691 2520 4765 Quid
2552 4711 2701 4772 opus
2759 4701 2848 4753 est
2878 4693 3104 4772 dicere,
3141 4693 3251 4753 hoc
3300 4697 3650 4771 argumento

259 4790 376 4844 me.»
429 4790 554 4864 τῆς,
589 4785 865 4867 θεότητος,
897 4788 933 4858 ἢ
978 4790 1068 4845 τὸν
1102 4791 1329 4868 Πατέρα,
1363 4789 1414 4844 τί
1443 4788 1554 4867 χρή
1587 4785 1761 4864 λέγειν
1797 4809 1812 4863 ς
1852 4788 1908 4843 Εἰ

1999 4785 2084 4845 vel
2120 4784 2378 4857 Patrem,
2403 4781 2492 4844 vel
2529 4782 2742 4844 Filium
2771 4801 2804 4844 a
2835 4782 3140 4844 divinitate
3164 4780 3480 4844 manifeste
3510 4779 3649 4842 sub-

257 4879 355 4956 γὰρ
416 4879 476 4932 τὸ
529 4875 820 4953 ἀγέννητον
849 4880 997 4934 οὐσία
1043 4879 1194 4959 Θεοῦ,
1225 4879 1286 4934 τὸ
1319 4878 1576 4956 γεννητὸν
1605 4879 1700 4932 οὐκ
1731 4876 1900 4933 οὐσία·

1999 4874 2216 4937 moveri
2245 4871 2271 4936 ?
2301 4872 2365 4935 Si
2397 4875 2555 4934 enim
2581 4872 2908 4952 ingenitum
2943 4873 3204 4936 essentia
3231 4870 3340 4935 Dei
3386 4878 3476 4932 est
3505 4887 3648 4950 pro-

257 4972 299 5026 εἱ
329 4965 383 5023 δὲ
412 4972 594 5044 τοῦτο,
629 4969 724 5026 οὖιι
751 4967 951 5029 ἐκεῖνο.
998 4969 1074 5033 l‘i;
1118 4970 1331 5047 ἀντερεῖ
1361 4967 1522 5045 λόγος
1559 4984 1576 5042 ;
1605 4963 1764 5023 Ἐλοῦ
1788 4967 1905 5022 τοί-

1999 4964 2144 5025 lecto
2175 4963 2438 5042 genitum
2486 4963 2742 5024 essentia
2774 4982 2890 5024 non
2923 4963 3041 5026 erit
3071 4983 3088 5038 ;
3131 4970 3234 5025 aut
3262 4961 3313 5024 si
3341 4961 3478 5042 hoc,
3501 4975 3644 5040 pro-

335 5140 460 5222 (68)
519 5151 691 5205 Τινες.
734 5138 900 5204 Plato
929 5137 989 5200 in
1030 5139 1270 5222 Timavo,
1312 5146 1372 5201 et
1402 5135 1760 5203 Aristoteles
1817 5135 1914 5198 hic
1999 5134 2230 5222 videtur
2260 5132 2512 5222 alterum
2545 5132 2765 5222 ubique
2790 5152 3053 5222 verrunt,
3089 5141 3262 5222 netu.

257 5204 670 5300 designantur.
899 5297 915 5300 Α
1255 5204 1270 5222 ’

2082 5216 2209 5300 (ἶῖί)
2263 5204 2346 5271 ’Ἦ
2385 5204 2754 5300 ἀληθεύεσθὲιι.
2804 5218 3051 5300 [ξεεειῄἢ
3101 5213 3162 5274 in
3192 5208 3425 5275 duobus
3455 5208 3639 5290 Regg.

342 5295 467 5383 (6'9)
507 5301 848 5383 Ἀγέννητυν.
881 5297 983 5363 01‘.
1031 5303 1084 5376 1,
1117 5302 1400 5383 ἀγένητον,

2083 5295 2206 5377 (75)
2243 5304 2497 5383 Σεαυξοῦ.
2529 5297 2594 5383 _I_n
2617 5297 2950 5383 nonnullis,
2983 5298 3190 5383 ἑαυτοῦ.

343 5371 464 5465 (70)
495 5371 755 5458 Τῷέἱναι
801 5385 861 5439 τὸ
919 5371 1286 5462 γεγεννῆσθαι.
1351 5382 1500 5462 Reg.
1537 5401 1599 5460 ει,
1654 5382 1712 5438 τὺ
1771 5386 1909 5438 εἶναι

2001 5462 2035 5469 __
2079 5371 2202 5469 (763
2233 5380 2340 5469 Τῆς
2371 5375 2700 5469 διαζεύξεως.
2734 5376 2829 5439 Sic
2860 5371 3062 5459 plures
3090 5375 3271 5455 Regg.
3333 5379 3393 5434 et
3424 5371 3528 5437 0r.
3579 5371 3638 5432 1.

255 5457 734 5550 τῷῖγεγεννῆσθαι,
782 5542 814 5550 Δ
926 5457 943 5550 ς
1449 5457 1471 5462 ⁷
1583 5457 1593 5460 ’

2001 5459 2384 5550 matriae
2407 5457 2504 5518 θάο
2551 5537 2563 5548 .
2677 5539 2689 5550 .
2776 5539 2786 5550 .

502 5548 724 5630 Θήσεις.
773 5542 878 5630 0r.
918 5547 986 5630 1,,
1008 5544 1204 5630 θέσεις.

2077 5539 2212 5630 (Ξῖ)
2231 5538 2312 5630 Ῐό
2342 5541 2524 5630 Deest
2550 5537 2610 5598 in
2637 5537 3125 5630 pluribuscodd,
3378 5625 3386 5630 _
3471 5589 3481 5598 .

341 5617 467 5700 (7⁸2)
510 5629 782 5699 “fimum.
824 5617 1062 5688 Comh..
1101 5625 1351 5698 ψάμμου.

2082 5623 2196 5694 ιῑὸ)
2231 5617 2658 5700 Γεγεννηιιὲνωνζ
2697 5645 2724 5674 α
2766 5619 2932 5693 Quod
2970 5618 3234 5700 genitum
3268 5625 3416 5680 erat.
3447 5643 3474 5675 »

345 5697 465 5787 (7.5)
539 5697 804 5781 ιέῐῖὲςυέ,
860 5714 974 5768 etc.
1009 5729 1030 5762 ο
1086 5697 1147 5766 Si
1209 5703 1312 5765 tibi
1345 5704 1747 5767 necessarium
1785 5721 1912 5764 esse

2083 5701 2196 5778 (79)
2230 5702 2287 5758 Εἰ
2317 5699 2370 5756 δὲ
2403 5701 2576 5763 τοῦτο.
2618 5723 2642 5755 α
2679 5701 2848 5774 Quod
2881 5701 2928 5762 si
2961 5697 3041 5764 ita
3071 5707 3182 5764 est.
3205 5723 3232 5756 κ
