4126 6390
235 364 324 425 89

1277 360 1557 425 ORATIO
1600 359 1817 426 XXIX.
1857 390 1930 399 -—
1964 356 2445 421 THEOLOGICA
2495 356 2599 422 ΙΙΙ.

3575 354 3654 417 90

238 499 677 579 καθαιρομένοις,
739 492 931 575 Ἠμεῖς
983 496 1039 555 δὲ
1088 499 1340 556 τοσοῦτον
1406 500 1579 555 εἰπεῖν
1634 496 1906 577 Θαρῤήσω-

2002 492 2229 557 abunde
2244 512 2527 576 magnum
2542 504 2719 579 atque
2731 496 2994 580 amplum
3008 495 3330 569 fuerit,siin
3347 502 3649 576 posterum

241 614 350 669 μεν
379 588 524 672 (94),
558 588 639 647 ὅτι
689 590 733 646 ei
786 590 873 646 καὶ
912 588 1054 669 μέγα
1104 596 1180 665 τῷ
1238 589 1425 669 Πατρὶ,
1485 589 1547 646 τὸ
1607 587 1912 665 μηδαμόθεν

240 684 557 762 ὡρμῆσθαι,
591 684 687 740 οὐκ
716 679 935 737 ἔλαττον
963 685 1041 754 τῷ
1090 683 1215 760 Υἶῷ,
1267 681 1330 737 τὸ
1379 680 1440 737 ἐκ
1496 679 1738 738 τοιούτου
1793 684 1914 735 Πα-

238 773 391 853 τρός.
427 771 535 841 Τῆς
572 794 629 829 τε
660 771 761 851 γὰρ
817 779 911 829 τοῦ
956 771 1194 828 ἆναιτίου
1248 769 1405 838 δόξης
1456 769 1681 851 μετέχοι
1711 768 1795 843 ἂν,
1832 768 1912 826 diu

240 862 309 921 ἐκ
362 870 458 920 τοῦ
512 863 775 931 ἁναιτίου,
838 864 927 921 καὶ
983 861 1236 942 πρόσεστι
1312 863 1374 919 τὸ
1450 867 1549 929 τῆς
1611 861 1911 939 γεννήσεως

240 961 470 1034 πρᾶγμα
522 960 799 1028 τοσοῦτον,
889 953 981 1011 καὶ
1060 952 1199 1011 οὕτω
1276 949 1565 1027 σεϐάσμιον
1623 949 1743 1023 (95)
1793 963 1910 1015 τοῖς

242 1045 326 1121 μὴ
370 1044 547 1112 πάντη
602 1041 973 1124 χαμαιπετέσι
1030 1042 1157 1116 (96)
1223 1043 1313 1100 καὶ
1368 1044 1575 1107 ὑλικοϊς
1639 1042 1741 1109 τὴν
1789 1039 1911 1097 διά-

241 1156 414 1194 νοιαν.

1996 603 2234 669 quoque
2265 584 2589 662 discamus,
2628 588 2818 650 soluta
2847 587 3129 651 videlicet
3171 589 3284 650 bac
3313 584 3571 663 caligine
3598 583 3653 642 et

1996 676 2263 739 crassitie
2291 674 2437 751 ’3,ut
2466 678 2763 756 pollicitus
2793 688 2883 741 est
2914 678 3097 761 is,qui
3119 697 3237 740 non
3270 674 3647 738 mentitur“.

1995 766 2149 846 Ergo
2179 767 2295 829 hoc
2318 766 2390 829 ab
2422 767 2649 851 his,qui
2681 770 2755 841 ad
2790 789 2923 832 eam
2950 788 3079 832 rem
3097 787 3230 833 sese
3262 775 3649 849 perpurgant,

1997 856 2387 936 cogitetur,ac
2419 859 2849 939 speretur.Nos
2881 866 3080 922 autem
3108 861 3223 923 hoc
3251 858 3539 920 duntaxat
3568 854 3655 917 di-

1996 964 2137 1009 cere
2173 965 2292 1009 non
2324 946 2811 1025 dubitabimus,si
2841 968 3118 1031 msgnum
3148 947 3305 1011 Patri
3328 944 3651 1010 estanullo

1997 1037 2333 1118 profectum
2366 1056 2503 1101 esse
2545 1058 2664 1101 non
2718 1041 2915 1103 minus
2947 1040 3181 1101 illustre
3210 1037 3363 1102 Filio
3404 1054 3558 1112 esse,
3585 1054 3651 1095 ex

1996 1126 2099 1189 tali
2129 1126 2304 1190 Patre
2338 1127 2813 1211 prodiisse.Nam
2834 1139 3231 1213 praeterquam
3263 1128 3421 1210 quod
3452 1125 3653 1207 gloria»

239 1228 431 1311 illius,
464 1227 571 1309 qui
598 1244 839 1292 causam
869 1246 903 1291 a
929 1228 1093 1293 nullo
1125 1227 1328 1305 habet,
1370 1226 1668 1311 particeps
1716 1232 1827 1297 est,
1860 1225 1998 1307 quia
2028 1242 2099 1285 ex
2130 1241 2199 1285 eo
2231 1233 2343 1299 est,
2379 1226 2610 1295 accedit
2658 1227 2833 1289 etiam
2881 1226 3284 1306 generationis
3314 1224 3521 1299 decus,
3554 1240 3650 1283 rcs

242 1325 430 1395 tanta,
453 1326 693 1400 tamque
716 1319 1078 1397 veneranda,
1112 1319 1188 1382 iis
1216 1318 1445 1401 utique,
1482 1316 1587 1397 qui
1616 1336 1737 1379 non
1776 1314 2023 1378 omnino
2046 1314 2215 1401 humi
2240 1316 2531 1395 provoluti
2563 1324 2720 1392 sunt,
2752 1335 3073 1398 crassoque
3093 1316 3292 1378 animo
3325 1312 3581 1395 praediti.

329 1408 443 1473 lB’.
487 1408 641 1467 Ἀλλ’
672 1411 717 1466 εἰ
774 1412 991 1485 ταυτὸν,
1040 1411 1192 1492 φασὶ,
1246 1413 1273 1467 ὁ
1305 1412 1425 1474 Υἱὸς
1456 1416 1533 1484 τῷ
1565 1409 1728 1488 Πατρὶ
1779 1405 1901 1492 (97)

2070 1400 2323 1469 XII.Sed
2346 1405 2395 1467 si
2416 1405 3225 1488 Filius,inquiunt,essentiae
3241 1404 3470 1466 ratione
3491 1402 3645 1464 idem

240 1498 369 1557 κατ’
395 1499 599 1572 οὐσίαν,
651 1499 944 1579 ἁγέννητος
975 1499 1031 1557 δὲ
1055 1489 1103 1559 ’ὁ
1158 1489 1363 1579 Πατὴρ,
1419 1498 1565 1557 ἔσται
1615 1505 1769 1556 τοῦτο
1820 1489 1908 1554 καὶ

2002 1512 2125 1555 cum
2157 1493 2331 1558 Patre
2360 1504 2475 1578 est,
2509 1496 2802 1578 profecto,
2838 1515 2973 1558 cum
3008 1495 3308 1574 ingenitus
3344 1493 3420 1555 sit
3449 1496 3646 1563 Pater,

245 1592 275 1647 ὃ
311 1592 458 1656 Υἱός,
497 1588 714 1667 Καλῶς,
750 1588 905 1670 εἴπερ
936 1590 1085 1650 οὐσία
1135 1591 1266 1649 Θεοῦ
1314 1592 1376 1648 τὸ
1425 1589 1735 1668 ἀγέννητον,
1767 1586 1908 1665 ’ἔν”ἦ

2002 1583 2294 1665 ingenitus
2326 1605 2563 1668 quoque
2586 1586 2773 1648 Filius
2806 1586 2940 1650 erit.
2987 1590 3199 1661 Recte,
3231 1584 3283 1646 si
3314 1583 3645 1661 ingenitum

241 1701 327 1743 τις
372 1679 532 1748 καινῆ
595 1678 758 1755 μίξις,
806 1680 1333 1760 γεννητοαγέννητον
1385 1679 1531 1761 (98).
1586 1682 1645 1738 Ei
1693 1678 1745 1735 δὲ
1790 1679 1908 1758 περὶ

2002 1675 2254 1737 essentia
2279 1675 2385 1738 Del
2418 1684 2672 1753 esset,ut
2704 1675 2791 1738 sic
2814 1694 2962 1739 nova
2984 1678 3254 1757 quadam
3276 1672 3470 1735 mistio
3493 1682 3645 1734 esset

247 1740 431 1827 om...
484 1740 532 1838 τι(
582 1740 830 1851 ὲιαὶρᾼρδι,
864 1740 1123 1843 τίτοῦτο,
1182 1740 1257 1836 .5.
1310 1740 1555 1852 ισηξᾷρδν,
1592 1768 1815 1850 λέγειςς
1862 1740 1908 1837 ’ἢ

2002 1740 2734 1847 ςεηίιο-ἱηεεηίιυῐηλῖυω
2765 1773 2963 1829 autem
2998 1740 3112 1828 boc
3138 1763 3462 1826 discrimen
3493 1764 3651 1825 circa

244 1860 335 1917 καὶ
365 1860 427 1917 σὺ
456 1860 636 1940 πατὴρ
665 1867 758 1917 τοῦ
815 1862 1039 1941 πατρὸς,
1086 1860 1180 1919 ἵνα
1223 1860 1411 1937 μηδενὶ
1454 1859 1627 1941 λείπῃ
1680 1868 1773 1918 τού
1817 1866 1908 1917 σοῦ

2002 1858 2314 1918 essentiam
2345 1856 2788 1933 consideretur,
2815 1855 2955 1938 quid
2982 1862 3045 1919 tu
3071 1857 3185 1919 hoc
3214 1854 3383 1937 quasi
3412 1853 3647 1914 ﬁrmum

246 1951 474 2030 πατρὸς,
522 1933 707 2018 ἐπεῑδὴ
751 1933 943 2008 ταυτὸν
966 1952 1023 2008 εἴ
1052 1951 1172 2009 κατ’
1200 1933 1379 2010 οϋὺσίαν
1405 1972 1422 2034 ;
1451 1933 1534 2009 ’,Η
1582 1933 1771 2031 δῆλον,
1802 1948 1907 2029 ὅτι,

2002 1944 2277 2027 quiddam
2312 1946 2541 2023 profers
2572 1946 2713 2010 ?An
2761 1933 2850 2008 tu'
2878 1964 3114 2029 quoque
3146 1933 3644 2034 pat'risgpateres,

244 2040 344 2109 τῆς
372 2038 637 2108 ἱδιὸτητος
664 2039 789 2111 (99)
828 2040 1083 2112 ἀκινήτου
1140 2032 1431 2117 μενούσης,
1486 2042 1794 2115 ζητήσομεν
1825 2043 1908 2100 οὒ-

2002 2045 2057 2097 ut
2090 2036 2253 2099 nulla
2278 2055 2345 2099 re
2376 2055 2410 2098 a
2442 2045 2608 2118 patre
2638 2045 2739 2099 tuo
2798 2036 3125 2117 snpereris,
3161 2032 3643 2117 quandoquidem

1690 2120 1727 2144 υ

248 2132 368 2188 σῖαν
400 2139 556 2211 Θεοῦ,
589 2129 709 2198 ἥτις
741 2131 873 2188 ποτέ
902 2131 1070 2206 ἐστιν,
1104 2131 1260 2212 εἴπερ
1291 2134 1601 2209 ζητήσομεν
1634 2151 1651 2211 ς
1728 2141 1822 2190 Οτι
1852 2129 1908 2187 δὲ

2002 2126 2255 2189 essentia
2286 2126 2443 2188 idem
2481 2146 2615 2189 cum
2652 2145 2723 2189 eo
2754 2134 2848 2191 es?
2876 2125 3089 2189 Nonne
3121 2125 3498 2208 perspicuum
3533 2132 3642 2193 est.

246 2225 309 2282 οὒ
352 2221 547 2279 ταυτὸν
603 2218 897 2298 ἀγέννητον
947 2223 1033 2279 καὶ
1092 2224 1245 2295 Θεὸς,
1292 2221 1393 2279 ὦδε
1427 2222 1489 2279 ἂν
1549 2224 1735 2297 μάθοις
1771 2241 1787 2257 ⁸
1849 2222 1908 2280 Εἰ

2002 2218 2359 2299 proprietate
2386 2219 2499 2281 ﬁxa
2529 2224 2588 2280 et
2618 2216 2811 2280 stabili
2836 2213 3645 2299 permanente,quzerendum

245 2313 442 2369 ταυτὸν
495 2315 583 2386 ἦν,
635 2309 740 2368 ἔδει
799 2311 1039 2387 πάντως,
1094 2312 1280 2382 ἐπειδὴ
1324 2318 1482 2370 τινῶν
1516 2314 1647 2376 Θεὸς
1677 2314 1705 2368 ὃ
1750 2312 1903 2386 Θεὸς,

2002 2307 2167 2372 nobis
2198 2327 2329 2371 esse
2359 2328 2495 2387 quae
2548 2310 2625 2370 sit
2654 2306 2765 2370 Dei
2796 2307 3088 2389 essentia,
3122 2306 3172 2368 si
3202 2315 3400 2368 tamen
3431 2324 3501 2367 ea
3530 2303 3649 2366 ullo

248 2403 411 2460 τινῶν
440 2405 581 2459 εἶναι
620 2403 709 2459 καὶ
738 2402 801 2458 τὸ
830 2401 1119 2481 ἀγέννητον
1155 2424 1171 2441 ο
1195 2403 1230 2472 ἢ
1262 2403 1375 2461 ἐπεὶ
1404 2402 1635 2480 μηδενὸς
1660 2403 1721 2460 τὸ
1744 2401 1907 2481 ἀγέν-

2002 2399 2171 2461 modo
2192 2398 2515 2479 quaerenda
2536 2405 2656 2462 est?
2676 2398 2843 2471 Quod
2866 2406 3065 2461 autem
3082 2396 3408 2477 ingenitum
3423 2403 3477 2457 et
3492 2392 3651 2457 Deus

258 2515 443 2571 νητον,
478 2490 614 2567 μηδὲ
644 2492 735 2549 τὸν
766 2493 897 2549 Θεὸν
927 2493 1072 2551 εἶναι
1102 2499 1261 2551 τινῶν
1290 2509 1307 2525 ⁹
1343 2494 1408 2551 τὸ
1440 2494 1540 2573 γὰρ
1570 2494 1744 2559 πάντη
1775 2515 1907 2549 ταυ-

2002 2489 2151 2552 idem
2186 2507 2305 2551 non
2329 2490 2471 2563 sint,
2519 2488 2661 2551 hinc
2692 2489 2817 2551 fere
2849 2488 3173 2568 intelliges.
3205 2485 3264 2549 Si
3296 2486 3456 2548 enim
3488 2484 3647 2547 idem

258 2606 350 2663 τα,
382 2582 471 2639 καὶ
501 2581 699 2657 ὁμοίως
728 2582 1029 2663 ἒκφὲρεται.
1060 2582 1231 2642 Ἀλλὰ
1259 2584 1370 2660 μὴν
1399 2583 1459 2639 οὗ
1488 2586 1645 2640 τινῶν
1673 2584 1735 2639 τὸ
1762 2579 1908 2661 ἀγέν-

2002 2586 2214 2655 essent,
2269 2596 2512 2660 prorsus
2568 2578 2709 2640 5'52
2765 2586 3097 2660 oporteret,
3152 2576 3431 2660 quoniam
3491 2578 3654 2638 Deus

254 2696 439 2748 νητον,
472 2672 632 2729 τίνων
659 2674 795 2755 γάρ;
828 2675 917 2731 καὶ
946 2680 1106 2732 τινῶν
1136 2676 1268 2738 Θεὸς
1291 2677 1319 2732 ὁ
1350 2676 1506 2755 Θεὸς,
1538 2673 1753 2731 πάντων
1782 2673 1905 2751 γάρ,

2002 2668 2389 2749 quorumdam
2424 2672 2583 2732 Deus
2612 2677 2725 2746 est,
2751 2669 3145 2751 quorumdam
3170 2684 3406 2749 quoque
3426 2664 3654 2745 ingeni-

256 2769 375 2826 Πῶς
420 2762 510 2820 οὖν
557 2761 621 2818 ἂν
652 2762 743 2831 εἴη
774 2765 966 2821 ταυτὸν
1009 2766 1141 2829 Θεὸς
1171 2765 1259 2822 καὶ
1303 2764 1599 2843 ἀγέννητον
1631 2782 1647 2842 ;
1686 2763 1783 2821 Καὶ
1811 2762 1908 2820 πά-

2002 2768 2118 2822 tum
2151 2778 2283 2822 esse
2315 2779 2330 2820 :
2369 2768 2467 2822 aut
2497 2768 2726 2836 contra,
2754 2760 3037 2841 quoniam
3062 2757 3397 2840 ingenitum
3429 2755 3652 2817 nullius

251 2853 357 2933 λιν,
405 2850 589 2921 ἐπειδῆ
648 2855 709 2910 τὸ
753 2853 1072 2934 ἀγέννητον,
1107 2854 1196 2912 καὶ
1225 2856 1287 2912 τὸ
1331 2854 1589 2933 γεννητὸν
1618 2851 1907 2909 ἀντίκειται

2002 2860 2230 2923 est,nec
2256 2850 2445 2912 Deum
2478 2868 2714 2930 quoque
2739 2846 3134 2929 quorumdam
3160 2864 3313 2909 esse.
3340 2846 3490 2907 Nam
3522 2863 3653 2925 qua;

252 2942 534 3024 ἀλλήλοις,
582 2944 656 3008 ὡς
716 2943 820 3010 ἕξις
873 2945 961 3001 καὶ
1010 2944 1283 3020 στέρησις,
1330 2942 1539 3021 ἀνάγκη
1581 2944 1671 2999 καὶ
1728 2942 1907 3005 οὐσίας

2002 2939 2237 3000 omnino
2260 2938 2469 3000 eadem
2498 2937 2954 3015 sunt,similiter
2986 2937 3163 3000 etiam
3188 2935 3541 2999 efferuntur.
3572 2935 3652 2997 At

250 3035 565 3133 εἰσαχθῆναι
592 3031 671 3101 (1)
690 3032 1073 3133 ιάντικειμένας
1104 3033 1393 3110 ἀλλήλαις,
1427 3033 1556 3113 ὅπερ
1586 3036 1646 3091 οὒ
1675 3030 1900 3091 δέδοται.

2002 3027 2323 3133 ipgenitum
2349 3046 2466 3088 non
2498 3027 2896 3109 quorumdam
2948 3035 3038 3091 est
3079 3033 3355 3108 (quorum
3386 3024 3548 3125 enim
3572 3026 3648 3105 ἲ),

256 3111 272 3134 ’
292 3111 579 3198 mimae
611 3121 773 3179 πάλιν
806 3126 856 3179 αἱ
882 3122 1012 3190 ἕξεις
1040 3124 1145 3182 τῶν
1176 3125 1478 3203 στερήσεων
1508 3111 1781 3203 πρότεραι,
1818 3124 1907 3180 καὶ

2002 3116 2146 3178 Deus
2170 3134 2305 3178 vero
2336 3117 2737 3199 quorumdam
2777 3116 2937 3180 Deus
2969 3125 3077 3193 est,
3111 3115 3378 3177 omnium
3404 3114 3646 3203 quippe.

250 3212 580 3290 ἀναιρετικαὶ
637 3213 745 3270 τῶν
800 3210 961 3279 ἓξεων
1019 3214 1073 3269 αἱ
1129 3202 1425 3293 στερήσεις,
1462 3202 1737 3288 μὴμόνον
1768 3230 1905 3289 πρε-

2002 3206 2117 3280 Quo
2139 3224 2281 3287 ergo
2312 3207 2486 3269 modo
2525 3207 2687 3269 idem
2712 3215 2892 3269 erunt
2912 3207 3069 3269 Deus
3101 3202 3533 3285 etingenitum?
3564 3205 3651 3266 Ac

254 3300 501 3380 σϐυτέραν
558 3302 704 3360 εἶναι
738 3308 837 3371 τῆς
892 3310 987 3360 τοῦ
1018 3305 1225 3381 Πατρὸς
1285 3304 1463 3366 οὐσίας
1506 3303 1608 3369 τὴν
1636 3308 1729 3359 τοῦ
1761 3304 1905 3380 ficii,

2002 3297 2512 3377 rursus,quoniam
2546 3296 2873 3376 ingenitum
2908 3303 2968 3358 et
2996 3295 3260 3376 genitum
3284 3293 3445 3355 inter
3464 3310 3529 3353 se
3549 3310 3650 3372 0p-

257 3390 387 3449 ὰλλὰ
418 3393 506 3449 καὶ
537 3393 926 3471 ἆναιρουμένην
952 3394 1055 3451 ὑπὸ
1084 3399 1176 3451 τοῦ
1205 3390 1437 3473 Πατρός,
1470 3391 1592 3450 ὅσον
1652 3390 1738 3447 ἐπί
1784 3404 1907 3455 ταῖς

2002 3392 2389 3468 ponuntur,ut
2412 3386 2651 3449 habitus
2669 3394 2726 3448 et
2748 3383 3394 3467 privatio,substantias
3415 3400 3649 3473 quoque

258 3495 374 3545 σαῖς
416 3482 717 3547 ὑποθέσεσι,
1324 3471 1332 3473 ὴ

2002 3476 2153 3538 inter
2181 3494 2247 3537 se
2278 3476 2580 3557 oppositas
2632 3475 2838 3539 induci
2867 3494 3113 3539 necesse
3145 3483 3254 3549 est,
3285 3471 3442 3555 quod
3472 3490 3648 3533 nemo

254 3575 639 3638 concesserit.
666 3576 781 3639 Aut
809 3594 1040 3658 rursus,
1076 3577 1358 3658 quoniam
1391 3574 1628 3639 habitus
1659 3570 2089 3654 privationibus
2118 3570 2354 3652 priores
2379 3578 2539 3646 sunt,
2564 3590 2633 3634 ac
2674 3570 3035 3651 privationes
3062 3568 3298 3632 habitus
3343 3569 3504 3649 ipsos
3539 3586 3646 3630 ex-

253 3664 575 3747 stinguunt,
602 3685 722 3728 non
752 3666 945 3730 solum
976 3666 1279 3749 antiquior
1307 3665 1425 3731 erit
1451 3664 1588 3729 Filii
1618 3666 2090 3745 essentia,quam
2133 3659 2351 3739 Patris,
2398 3662 2503 3725 sed
2550 3660 2757 3743 etiam,
2809 3662 2980 3742 juxta
3024 3660 3383 3742 hypotbeses
3435 3665 3585 3718 tuas.
3615 3675 3649 3716 ιι

253 3756 424 3818 Patre
456 3754 888 3836 exstinguetur,
919 3776 989 3820 ac
1020 3756 1095 3819 de
1126 3756 1326 3821 medio
1355 3756 1619 3820 tolletur.

332 3838 437 3913 IP'.
470 3851 559 3914 Τίς
590 3848 666 3907 ἔτι
699 3848 861 3928 λόγος
893 3855 1077 3915 αὐτοῖς
1106 3857 1213 3907 τῶν
1268 3851 1513 3931 ἀφύιτων
1546 3870 1564 3932 ς
1627 3850 1785 3931 Τάχα
1841 3845 1903 3903 ἂν

254 3938 335 3995 ἐπ’
368 3938 545 3995 ἐκεῖνο
575 3941 931 4020 καταφύγοιεν
987 3939 1325 4013 τελευταῖον,
1373 3943 1447 4006 ὡς
1502 3943 1560 3999 Εἰ
1592 3940 1687 4017 μὲν
1719 3941 1780 3997 οὐ
1809 3942 1908 3995 πέ-

256 4051 444 4085 παυται
474 4035 567 4086 τοῦ
620 4036 810 4106 γεν·.ᾇν
862 4032 890 4087 ὁ
941 4031 1095 4112 Θεὸς,
1147 4029 1345 4099 ἀτελὴς
1390 4033 1425 4100 ἡ
1469 4029 1741 4110 γέννησις.
1807 4028 1907 4086 Καὶ

256 4120 379 4176 πότε
408 4119 665 4176 παύσεται
702 4121 807 4201 ;Εἶ
851 4118 907 4177 δὲ
955 4119 1247 4201 πέπαυται,
1297 4121 1511 4185 πάντως
1543 4124 1632 4178 καὶ
1683 4118 1903 4198 ἤρξατο.

257 4209 416 4265 Πάλιν
474 4210 523 4265 οἱ
581 4211 878 4284 σωματικοὶ
938 4211 1004 4266 τὰ
1058 4211 1340 4286 σωματικὰ
1397 4210 1503 4279 (2).
1566 4210 1711 4289 Ἐγὼ
1752 4208 1832 4287 δὲ,
1866 4210 1910 4265 εἰ

254 4298 347 4372 μὲν
377 4296 551 4355 ἀίδιον
584 4298 728 4374 αὐτῷ
757 4300 819 4355 τὰ
862 4303 1144 4378 γεννᾶσθαι
1190 4300 1227 4367 ἦ
1278 4300 1382 4375 μὴ,
1413 4300 1562 4358 οὕπω
1603 4299 1773 4379 λέγω,
1805 4298 1907 4364 ’ἑως

254 4387 312 4445 ἂν
353 4390 441 4468 τὸ,
506 4389 615 4463 Πρὸ
674 4390 890 4446 πάντων
959 4389 1163 4466 βουνῶν
1230 4389 1391 4467 γεννᾷ
1449 4412 1538 4466 με,
1601 4386 1909 4468 ἀκριϐέστε-

258 4502 344 4555 ρον
389 4479 472 4555 (3)
518 4478 925 4557 ἒπισκέψωμαι.
960 4479 1077 4561 Οὒχ
1106 4482 1213 4560 ὁρῶ
1244 4476 1322 4555 δὲ,
1357 4480 1433 4543 τίς
1480 4481 1514 4549 ἡ
1576 4479 1785 4558 ἀνάγκη
1815 4485 1907 4536 τοῦ

253 4568 431 4649 λόγου.
495 4571 554 4627 Ei
611 4570 712 4648 γὰρ
770 4570 963 4649 ἦρκται
1008 4569 1129 4627 κατ’
1187 4570 1375 4634 αὐτοὺς
1434 4571 1494 4627 τὸ
1539 4569 1901 4645 παυσόμενον,

2068 3844 2224 3909 XIII.
2250 3842 2405 3917 Quid
2461 3844 2655 3907 adhuc
2703 3851 2977 3925 superest
3036 3863 3107 3905 ex
3163 3839 3649 3905 ineluctabilibus

1993 3936 2280 4017 ipsorum,
2315 3940 2382 3998 ut
2410 3942 2641 4015 putant,
2669 3934 3068 4015 argumentis?
3096 3935 3371 3997 Fortasse
3401 3931 3476 3993 ad
3502 3930 3643 3991 illud

1990 4033 2358 4102 postremum
2382 4025 2820 4105 confugiunt:Si
2841 4024 3000 4087 Deus
3022 4022 3299 4104 gignendi
3324 4022 3502 4083 ﬁnem
3527 4040 3645 4081 non

1990 4113 2158 4189 fecit,
2194 4115 2545 4197 imperfecta
2574 4123 2663 4176 est
2692 4115 3023 4193 generatio.
3078 4116 3151 4177 Et
3198 4113 3433 4196 quando
3466 4113 3643 4173 ﬁnem

1992 4203 2256 4266 facturus
2289 4206 2406 4267 est?
2436 4205 2499 4267 Si
2530 4213 2726 4266 autem
2769 4204 3017 4286 gignere
3074 4204 3348 4280 cessavit,
3400 4202 3646 4264 omnino

1994 4313 2233 4376 quoque
2264 4296 2465 4375 coepit.
2503 4293 2601 4358 Sic
2624 4314 2832 4356 rursus
2861 4294 3050 4357 crassi
3081 4300 3143 4357 et
3178 4293 3446 4374 corporis
3468 4292 3648 4355 rebus

1992 4385 2153 4446 afﬁxi
2185 4385 2461 4447 homines
2491 4403 2815 4466 corporeas
2859 4384 3342 4447 ratiocinationes
3370 4382 3641 4444 afferunt.

1990 4475 2116 4555 Ego
2147 4493 2288 4537 vero
2320 4475 2405 4537 sic
2428 4474 2766 4556 respondeo
2804 4492 2818 4538 :
2853 4473 3378 4556 Sempiternumne
3396 4472 3472 4533 sit
3494 4471 3646 4534 Fitio

1989 4565 2175 4638 nasci,
2201 4565 2689 4647 necne,nondum
2723 4564 3275 4646 dico,quoadusque
3306 4562 3451 4624 illud
3479 4560 3645 4625 Scri—

254 4661 345 4718 οὐκ
370 4660 565 4739 ἦρκται
608 4660 824 4724 πάντως
858 4661 917 4717 τὸ
950 4661 1028 4736 μὴ
1058 4660 1416 4736 παυσόμενον.
1451 4661 1510 4719 Ti
1558 4660 1728 4717 τοίνυν
1760 4659 1903 4716 ἀπο-

2002 4662 2181 4737 pturae
2204 4673 2229 4760 ¹ε
2254 4656 2409 4760 Αηεε
2434 4672 2638 4717 omnes
2660 4654 2838 4717 colles
2868 4655 3067 4760 gignit
3097 4654 3287 4735 me”,
3318 4652 3649 4715 accuratius

254 4757 541 4828 φανοῦνται
600 4751 722 4829 περὶ
751 4752 961 4832 ψυχῆς,
996 4748 1031 4817 ἦ
1060 4755 1161 4818 τῆς
1190 4750 1481 4829 ἀγγελικῆς
1536 4751 1739 4832 φύσεως
1770 4748 1795 4829 ς’
1848 4752 1907 4807 Ei

2002 4744 2515 4827 expendero.Illud
2540 4754 2737 4808 autem
2770 4764 2889 4807 non
2920 4744 3121 4820 video,
3156 4762 3333 4825 quam
3364 4760 3644 4805 necessa—

252 4839 345 4915 μὲν
395 4840 613 4919 ἦρκται,
659 4841 747 4897 καὶ
790 4830 1091 4897 παύσεται·
1128 4837 1255 4896 εἰδὲ
1297 4841 1356 4896 οὗ
1398 4830 1685 4916 παύσεται,
1719 4838 1903 4911 δῆλον,

2002 4835 2142 4897 rium
2168 4834 2244 4898 sit
2274 4836 2387 4898 hoc
2418 4854 2627 4898 eorum
2660 4843 3101 4915 argumentum.
3143 4834 3203 4899 Si
3225 4834 3412 4914 enim,
3444 4840 3507 4895 ut
3533 4832 3645 4912 ipsi

251 4929 328 4990 ὅτι
360 4930 478 4989 κατ’
525 4930 715 4995 αὖτοὺς
773 4928 890 4989 οὐδὲ
932 4930 1150 5011 ἦρκται,
1204 4929 1377 4987 Ἀλλὰ
1406 4930 1518 5006 μὴν
1548 4931 1643 4988 κπὶ
1686 4932 1902 5011 ἦρκται,

2002 4927 2176 5008 aiunt,
2206 4925 2526 5008 aliquando
2557 4923 2619 4988 id
2666 4926 2867 5008 coepit,
2896 4925 3058 5007 quod
3090 4925 3271 4987 ﬁnem
3301 4923 3642 4987 habiturum

323 5062 622 5130 ιειιοειιι.
656 5078 744 5139 m,
779 5032 870 5126 2.’
925 5060 981 5105 ιι
1009 5061 1127 5126 Tit.
1154 5077 1199 5143 ι,
1225 5061 1290 5125 2.
1378 5061 1437 5113 ω
1462 5061 1634 5127 Prov.
1658 5079 1785 5172 vm’
1818 5066 1914 5129 es.

327 5202 456 5360 5&4)
493 5200 871 5281 Θαρῤήσωμεν.
927 5200 1059 5262 Duo
1089 5199 1304 5279 Regg.,
1338 5192 1442 5261 0r.
1484 5199 1508 5263 1
1568 5207 1628 5263 et
1666 5199 1906 5282 Comb.,

410 5306 600 5360 σομεν.
824 5340 829 5347 ,
950 5355 960 5360 _
1088 5356 1093 5360 Δ
1150 5348 1155 5359 ν

2075 5198 2202 5360 ξ99)
2240 5196 2554 5279 Ἰδιότητος.
2591 5199 2756 5276 Par.,
2789 5195 3121 5265 ἀιδιότητος.

2102 5282 2159 5360 1)
2196 5281 2547 5360 Εἷσαχθῆναι.
2581 5276 2823 5358 Comb.,
2855 5279 3183 5360 avratozxej

247 5276 611 5366 θαρβήσόμενξ⁷
824 5340 829 5347 ,
950 5355 960 5365 ⁸
1074 5356 1093 5363 γ’
1150 5348 1155 5359 γ
1192 5276 1203 5278 ⁷
1229 5276 1244 5278 _
1288 5276 1299 5279 ’
1888 5276 1902 5282 ⁷
2075 5276 2159 5362 (1)
2183 5276 2547 5361 Ἐὶσαχθῆναι.
2581 5276 2823 5358 Comb.,
2855 5279 3282 5361 ἂντεισαχθηνα,

332 5366 456 5444 (95)
478 5362 780 5441 Σεϐάσμον.
816 5364 966 5444 Reg.
1000 5378 1066 5444 _a,_
1090 5360 1309 5435 σεμνόν.
1464 5442 1471 5444 Α
2072 5360 2157 5441 (ἓ)
2187 5362 2248 5419 Oi
2290 5361 2585 5437 σωματικοὶ
2632 5361 2699 5416 τὰ
2729 5359 3031 5435 σωματικά.
3074 5382 3097 5413 ιι
3132 5357 3418 5440 Corporei
3440 5377 3649 5441 corpo—

316 5440 456 5534 (96)
490 5440 890 5534 “emes:
911 5440 1094 5534 οοὲεέιο
1130 5446 1189 5534 ἐν
1222 5442 1554 5534 vemim-

2002 5440 2205 5534 Γθδλξ).
2349 5520 2400 5534 ρ.
2676 5519 2716 5534 η
2883 5516 2898 5534 .
3088 5520 3091 5525 .
3118 5524 3121 5527 ν

354 5516 455 5604 975
485 5516 584 5601 Τῷ⁷
602 5526 788 5603 Πατρί.
836 5516 1021 5587 Deest
1041 5524 1102 5604 in
1742 5592 1750 5601 η

2074 5522 2155 5601 (3)
2191 5520 2611 5604 Ἀκριᾷέστερο-δ.
2673 5519 2821 5599 Reg.
2883 5516 3011 5595 bm,
3062 5520 3313 5601 quatuor
3350 5516 3539 5587 'Colb.’
3588 5531 3649 5589 et

331 5448 352 5692 ἓ

435 5446 456 5691 ξ

298 5592 455 5711 ,(983
490 5592 1043 5687 Γὲννητοάγὲννητον.
1073 5592 1351 5667 Βίιιῖιιᾶ
1384 5592 1621 5688 marg,
1678 5592 1908 5689 γέννητα

2002 5592 2192 5685 ΟΜ,
2229 5592 2484 5685 ἀκριϐῶς.

252 5714 527 5772 γεννητον.
