4126 6424
196 354 294 416 93

1261 354 1541 419 ORATIO
1585 356 1805 417 XXIX.
1856 384 1928 394 —
1977 351 2461 416 THEOLOGICA
2506 353 2614 415 ΙΙΙ.

3558 346 3635 417 94

204 511 367 569 ροις,
408 489 592 569 ὥσπερ
622 490 722 556 τὴν
753 490 1030 547 κοινωνίαν
1058 488 1155 558 τῆς
1205 486 1477 570 κλήσεως,
1524 488 1662 546 οὕτω
1700 486 1754 544 δὲ
1812 487 1889 545 καῖ

1986 484 2210 549 litatem
2240 486 2358 570 ipsi
2390 487 2685 569 largiaris,
2706 506 2775 553 re
2803 489 2932 569 ipsa
2964 497 3163 554 tamen
3184 489 3553 554 divinitatem
3583 493 3638 553 ei

196 580 315 647 τὴν
382 578 675 657 ὁμοτιμίαν
735 584 846 636 τῶν
902 588 1106 660 φύσεων
1152 578 1311 661 (11),
1369 581 1414 636 εἰ
1469 580 1557 637 καὶ
1621 577 1898 661 διαφόρους

193 670 423 735 ταύτας
483 671 717 749 εἰσάγεις
755 685 768 700 ·
840 669 929 728 καὶ
988 669 1352 737 καταλέλυκάς
1409 692 1502 727 σου
1544 671 1666 734 τοὺς
1714 670 1898 746 κύνας,

198 759 303 824 οὓς
356 759 574 839 ἐξεῦρες
626 762 763 818 κατὰ
814 766 914 829 τῆς
945 760 1289 828 ἀνισότητος.
1335 761 1395 820 Τί
1445 762 1545 840 γὰρ
1575 758 1766 842 ὄφελος
1796 765 1897 826 τῆς

200 851 572 927 ὁμωνυμίας,
614 852 657 907 εἰ
686 851 749 909 τὸ
778 849 1020 927 ἰσότιμον
1052 851 1129 928 μὴ
1160 850 1343 932 ἔχοιεν
1370 848 1503 931 (12)
1542 852 1588 908 οἱ
1636 850 1777 926 παρὰ
1807 851 1899 906 σοῦ

197 938 614 1018 διαιρούμενοι.
680 944 754 1001 Οὐ
812 942 912 1021 γὰρ
962 940 1041 997 ἵν’
1099 940 1224 1023 (13)
1257 942 1473 1019 ἰσότιμα
1522 938 1717 1019 δείξῃς,
1775 936 1896 997 ἀλλ’

198 1030 305 1088 ἵνα
372 1033 692 1112 ἀνισότιμα,
726 1032 858 1111 πρὸς
908 1050 1006 1101 την
1063 1032 1394 1109 ὁμωνυμίαν,
1444 1033 1530 1089 καὶ
1561 1032 1681 1098 τοὺς
1737 1031 1897 1096 κύνας

201 1120 551 1202 κατέφαγες.
599 1122 721 1186 Πῶς
770 1118 833 1177 ἄν
885 1144 966 1189 τις
1022 1121 1309 1203 ἐλεγχθείη
1343 1120 1575 1199 μᾶλλον,
1608 1123 1697 1179 καὶ
1727 1122 1898 1196 ἑαυτῷ

203 1212 582 1292 μαχόμενος,
605 1213 694 1270 καὶ
724 1212 935 1280 θεότητι
970 1229 989 1286 ;

1980 594 2073 638 am
2080 587 2351 658 putas,ac
2372 578 2732 642 veteratorie
2749 578 2823 642 ab
2845 580 2957 643 hoc
2974 580 3375 664 homonymiaa
3387 600 3634 661 genere,

1981 667 2137 748 quod
2197 669 2596 751 aequalitatem
2655 670 3074 752 complecitur,
3109 672 3182 733 ad
3240 689 3429 751 genus
3488 671 3635 735 illud

1980 756 2218 833 transis,
2252 758 2409 840 quod
2459 777 2558 821 res
2604 760 2865 842 aequales
2918 760 3168 824 minime
3220 761 3521 825 connexit.
3556 764 3637 822 Ac

1984 846 2258 926 proinde,
2293 856 2358 910 ut
2388 848 2632 929 quidem
2682 850 3090 930 argumentari
3131 850 3415 927 instituis,
3447 849 3638 931 pictus

1981 936 2085 999 ille
2112 955 2180 999 ac
2212 937 2371 1001 virus
2401 939 2603 1016 homo,
2631 939 2706 1001 ad
2739 939 3108 1003 divinitatem
3162 939 3634 1003 adumbrandam

1982 1026 2229 1108 propius
2250 1028 2752 1110 accedunt,quam
2780 1048 2983 1104 canes,
3011 1049 3158 1112 quos
3179 1029 3442 1111 exempli
3461 1048 3637 1092 causa

1982 1118 2369 1199 proposuisti.
2392 1119 2635 1200 Alioqui
2655 1118 2918 1201 utrique,
2952 1128 3019 1181 ut
3048 1139 3270 1182 nomen
3292 1138 3632 1185 commune.

1980 1204 2067 1270 sic
2096 1208 2271 1269 etiam
2295 1225 2497 1289 parem
2522 1215 2749 1270 naturae
2773 1208 3123 1288 dignitatem
3149 1208 3370 1290 tribue,
3397 1209 3633 1271 etiamsi

202 1305 504 1369 diversas
534 1322 642 1371 eas
671 1304 934 1382 inducis;
964 1314 1141 1388 atque
1170 1305 1251 1369 ita
1272 1324 1452 1369 canes
1498 1304 1634 1369 illos
1679 1311 1814 1367 tuos
1851 1299 2167 1375 deleveris,
2202 1320 2348 1381 quos
2377 1299 2449 1362 ad
2476 1299 2844 1383 probandam
2878 1302 3072 1366 Patris
3100 1322 3169 1365 ac
3199 1302 3332 1366 Filii
3362 1302 3630 1384 insequa-

194 1394 453 1458 litatem
491 1394 637 1457 534
668 1395 1036 1477 excogitasti.
1071 1395 1215 1471 Quis
1245 1396 1404 1460 enim
1447 1394 1847 1477 homonymiae
1876 1391 2130 1471 fructus,
2164 1390 2216 1452 si
2247 1390 2533 1472 dignitate
2565 1409 2737 1474 pares
2783 1391 2923 1474 sint,
2961 1392 3060 1473 qui
3099 1401 3212 1455 ate
3247 1391 3637 1454 dividuntur?

202 1483 341 1548 Nec
375 1485 577 1568 enim,
611 1494 673 1548 ut
707 1504 809 1550 eos
850 1486 1080 1549 honore
1110 1486 1391 1567 aequales,
1425 1488 1531 1551 sed
1562 1493 1626 1549 ut
1663 1486 1935 1568 dispares
1965 1481 2338 1557 ostenderes,
2376 1479 2450 1544 ad
2481 1480 2925 1563 homonymiam
2978 1482 3168 1564 illam,
3199 1491 3258 1544 et
3286 1500 3465 1544 canes
3486 1500 3631 1544 con-

208 1573 468 1655 fugisti.
506 1577 772 1651 Quonam
799 1574 976 1638 modo
1007 1577 1298 1658 quispiam
1333 1576 1527 1658 magia
1558 1575 1831 1639 convinci
1862 1578 2067 1655 queat,
2098 1578 2156 1632 et
2175 1589 2381 1633 secum
2405 1570 2557 1652 ipse,
2593 1579 2650 1632 et
2679 1590 2812 1633 cum
2844 1570 3153 1635 divinitaie
3178 1572 3489 1655 pugnare?

293 1671 422 1733 IE'.
464 1669 595 1729 Ἐὰν
625 1669 678 1727 δὲ
711 1670 977 1751 λεγόντων
1029 1675 1208 1749 ἡμῶν,
1242 1672 1322 1730 ὅτι
1373 1680 1450 1747 τῷ
1501 1674 1651 1747 αἰτίῳ
1702 1672 1889 1743 μείζων

2058 1662 2182 1726 ΧΤ.
2217 1665 2344 1728 Jam
2376 1666 2424 1725 si
2455 1662 2792 1727 dicentibus
2822 1664 3024 1747 nobis,
3058 1668 3320 1741 Patrem,
3353 1671 3634 1745 quantum

206 1762 238 1816 6
274 1761 481 1839 Πατὴρ
526 1769 616 1818 τοῦ
664 1762 809 1836 ι’ίοῦ,
842 1760 1233 1842 προσλαϐόντες
1264 1764 1388 1839 τὴν,
1424 1765 1495 1823 Τὸ
1526 1762 1580 1820 δὲ
1632 1762 1746 1838 (14)
1795 1761 1892 1819 αἵ-

206 1873 333 1909 τιον
399 1854 586 1932 φύσει,
630 1851 884 1932 πρότασιν
920 1867 934 1883 ⁹
986 1852 1191 1927 ἔπειτα,
1241 1856 1303 1911 τὸ
1353 1860 1538 1930 μεῖζον
1589 1861 1659 1931 τῇ
1716 1853 1890 1935 φύσει,

211 1940 536 2020 συνάγωσιν
575 1957 588 1971 ’
623 1942 719 1999 οὐκ
764 1940 892 1999 οἴδα
948 1965 1171 2023 ποτερον
1230 1945 1445 2009 ἑαυτοὸς
1502 1943 1895 2024 παραλογίζον-

209 2054 334 2104 ται,
371 2032 412 2099 ἦ
445 2031 570 2097 τοὺς
600 2034 731 2112 πρὸς
758 2033 846 2100 οὒς
876 2035 904 2091 ὸ
936 2032 1115 2113 λόγος.
1151 2037 1224 2093 Οὒ
1253 2036 1353 2115 γὰρ
1393 2034 1578 2098 ἁπλῶς
1608 2032 1763 2115 (15),
1796 2033 1896 2091 ὅσα

210 2121 360 2177 κατά
391 2143 543 2185 τινος
597 2121 832 2203 λέγεται,
892 2131 1058 2181 ταῦτα
1114 2126 1203 2181 καὶ
1264 2126 1401 2183 κατὰ
1428 2128 1522 2182 τοῦ
1546 2125 1897 2202 ὑποκειμένου

211 2211 401 2285 τούτῳ
447 2211 740 2289 ῥηθήσεται
773 2229 791 2248 ⁰
852 2212 991 2270 ἀλλὰ
1040 2212 1205 2281 δῆλον
1254 2216 1391 2272 κατὰ
1424 2216 1590 2294 τίνος,
1625 2217 1713 2273 καὶ
1753 2216 1893 2278 τίνα,

212 2296 376 2357 Ἐπεὶ
409 2302 465 2356 τί
521 2299 713 2358 γωλύει
773 2302 911 2379 κάμὲ
968 2304 1166 2372 ταύτην
1217 2304 1471 2377 πρότασιν
1502 2306 1892 2381 ποιησάμενον,

212 2388 351 2463 τὴν,
401 2387 489 2446 ὅτι
547 2381 605 2449 Ὀ
636 2391 820 2470 Πατὴρ
874 2393 1068 2468 μείζων
1112 2401 1182 2472 τῇ
1229 2395 1402 2475 φύσει,
1436 2394 1621 2453 ἔπειτα
1645 2394 1890 2475 προσλα-

214 2476 388 2536 ϐόντα
434 2481 521 2555 τὸ,
555 2482 719 2538 Φύσει
751 2480 806 2539 δὲ
857 2483 916 2539 o3
974 2484 1183 2549 πάντως
1239 2485 1432 2562 μείζων
1488 2483 1605 2542 οὐδὲ
1656 2486 1838 2563 Πατήρ
1872 2503 1888 2520 ⁸

214 2570 467 2628 ἐντεῦθεν
520 2586 841 2651 συναγαγεῖν
876 2588 890 2603 ⁸
927 2574 999 2633 Τὸ
1046 2582 1233 2650 μεῖζον
1290 2577 1351 2633 οὗ
1392 2575 1607 2639 πάντως
1638 2582 1823 2651 μεῖζον
1866 2591 1878 2603 ’

219 2658 283 2743 ᾖ,
319 2660 349 2715 6
384 2660 571 2739 Πατὴρ
604 2662 663 2717 ού
708 2662 919 2743 πάντως
966 2665 1174 2743 Πατήρ.
1230 2665 1288 2723 El
1336 2663 1514 2741 βούλει
1558 2662 1613 2721 δέ
1664 2662 1833 2729 οὕτως
1870 2677 1885 2693 ⁶

222 2738 282 2808 Ὀ
321 2751 482 2831 Θεὸς,
518 2738 666 2809 οὐσία
700 2770 716 2788 ⁸
768 2742 829 2811 Ἠ
879 2757 1029 2813 οὐσία
1070 2738 1148 2829 δέ,
1205 2757 1265 2811 οὒ
1315 2738 1527 2820 πάντως
1584 2754 1714 2818 Θεός
1750 2769 1764 2784 ⁶
1828 2755 1889 2810 τὸ

218 2838 347 2905 ἑξῆς
381 2842 543 2905 αὐτὸς
574 2842 833 2923 συνάγαγε
858 2843 995 2921 (16)
1030 2862 1045 2879 ⁸
1104 2843 1164 2903 Ὀ
1219 2845 1350 2908 Θεὸς
1394 2846 1455 2902 οὗ
1483 2842 1696 2907 πάντως
1729 2845 1886 2907 Θεὸς.

1977 1758 2052 1821 ad
2075 1777 2337 1840 causam,
2363 1759 2514 1823 Filio
2539 1759 2825 1840 majorem
2848 1777 3001 1835 e5se,
3028 1760 3142 1841 ipsi
3172 1760 3326 1822 hanc
3356 1760 3640 1842 proposi-

1978 1851 2198 1912 tionem
2223 1858 2532 1912 assumant
2558 1871 2571 1911 :
2594 1849 2672 1912 At
2687 1867 2864 1912 causa
2884 1858 3131 1924 natura;
3154 1858 3486 1933 posteaque
3503 1868 3640 1912 con-

1981 1941 2314 2004 clusionem
2347 1942 2502 2003 hanc
2540 1940 2898 2004 subuectant
2928 1962 2942 2005 :
2977 1943 3132 2022 Ergo
3165 1943 3357 2023 major
3385 1949 3589 2003 natura
3619 1964 3632 2010 ;

1980 2030 2139 2093 haud
2170 2034 2320 2106 scio,
2355 2030 2668 2114 seipsosne
2706 2031 2931 2113 potius,
2962 2050 3037 2094 an
3088 2050 3213 2115 eos,
3250 2052 3384 2095 cum
3423 2030 3638 2114 quibus

1981 2119 2312 2202 disputant,
2341 2123 2605 2203 captiosa
2626 2121 2737 2184 hac
2761 2123 3281 2201 argumentatione
3313 2123 3636 2184 circumve-

1982 2211 2174 2276 niant.
2208 2214 2417 2294 Neque
2442 2212 2603 2274 enim
2637 2210 3017 2294 simpliciter,
3044 2230 3411 2295 quaecunque
3436 2210 3512 2273 de
3531 2210 3635 2273 ali—

1981 2321 2098 2384 quo
2122 2302 2425 2383 dicuntur,
2447 2303 2623 2365 etiam
2647 2302 2723 2365 de
2747 2322 2842 2380 eo,
2858 2302 3016 2384 quod
3038 2302 3153 2384 ipsi
3170 2302 3503 2383 subjectum
3522 2308 3631 2379 est,

1976 2392 2300 2470 dicuntur;
2333 2392 2438 2454 sed
2474 2392 2856 2474 perspicuum
2891 2400 2983 2454 est
3013 2392 3089 2455 de
3119 2412 3260 2474 quo,
3285 2400 3344 2454 et
3368 2409 3635 2473 quaenam

1977 2482 2271 2545 dicantur.
2317 2483 2561 2563 Alioqui
2608 2482 2751 2564 quid
2805 2481 3109 2565 prohibet,
3145 2481 3467 2565 qnominus
3506 2481 3637 2562 ipse

1974 2590 2211 2653 quoque
2242 2571 2421 2635 allata
2453 2572 2562 2633 hac
2594 2571 3040 2653 propositione:
3075 2572 3250 2635 Pater
3281 2574 3475 2652 major
3522 2590 3633 2632 na-

1972 2670 2107 2724 tura
2142 2670 2232 2724 est
2260 2682 2275 2739 ;
2308 2681 2376 2724 ac
2407 2661 2629 2724 deinde
2656 2671 2957 2743 assumpta
2988 2663 3175 2725 altera
3202 2684 3216 2726 :
3271 2661 3494 2725 Natura
3522 2681 3633 2722 au-

1974 2761 2093 2813 tem
2117 2771 2235 2814 non
2262 2754 2508 2815 omnino
2534 2753 2746 2832 major,
2772 2771 2967 2833 neque
2990 2755 3201 2833 Pater;
3232 2753 3311 2814 ita
3334 2759 3634 2833 postremo

1972 2840 2324 2903 concludam
2353 2861 2367 2902 :
2403 2842 2598 2922 Majus
2622 2840 2804 2921 igitur
2826 2858 2948 2903 non
2974 2841 3220 2904 omnino
3248 2842 3443 2922 majus
3469 2862 3485 2922 ;
3508 2840 3631 2909 vel.

216 2928 373 3030 Ἀλλ’
433 2932 618 3030 οἶμαι,
648 2935 793 3013 παρὰ
820 2936 883 2991 τὸ
914 2939 992 3003 πῆ
1030 2935 1147 3011 (17)
1178 2935 1267 2991 καὶ
1310 2932 1493 2999 ἁπλῶς
1526 2936 1553 2991 6
1584 2933 1885 3013 παραλογι-

1983 2931 2145 2994 Pater
2175 2950 2297 2994 non
2327 2932 2573 2994 omnino
2605 2934 2800 2996 Pater.
2852 2932 2971 2994 Aut
2997 2935 3045 2993 si
3096 2932 3307 3013 mavis,
3339 2932 3411 2993 ad
3473 2932 3634 2993 hunc

220 3022 361 3105 σμὸς
423 3022 603 3103 οὗτος,
639 3024 712 3089 ὡς
744 3037 861 3089 τοῖς
894 3026 1013 3104 περὶ
1042 3032 1207 3083 ταῦτα
1235 3023 1587 3105 τεχνολογετν
1637 3026 1880 3092 σύνηθες.

223 3102 416 3186 Ἠμῶν
476 3102 679 3192 γὰρτὸ
739 3122 924 3191 μεῖζον
1070 3123 1161 3173 τοῦ
1218 3102 1383 3173 αἱτνίὸυ
1413 3102 1563 3195 φύσει
1608 3112 1878 3191 διδόντων,

223 3202 372 3258 αὐτοὶ
403 3204 468 3259 τὸ
501 3210 568 3281 τῇ
602 3204 749 3283 φύσει
779 3211 968 3280 μεῖζον
1020 3204 1308 3284 ἐπάγουσιν
1336 3222 1349 3237 ·
1383 3206 1563 3285 ὥσπερ
1594 3205 1656 3261 ἂν
1687 3205 1811 3284 (18)
1840 3208 1882 3262 εἷ

224 3292 311 3347 καὶ
370 3290 646 3371 λεγόντων
695 3294 876 3374 ἡμῶν,
933 3296 1013 3351 ὅτι
1071 3298 1099 3352 6
1157 3294 1305 3353 δεῖνα
1356 3297 1537 3375 νεκρὸς
1585 3293 1879 3371 ἅνθρωπος,

225 3381 411 3447 ἁπλῶς
443 3381 653 3462 ἐπῆγον
681 3385 826 3441 αὐτοὶ
856 3385 948 3441 τόν
980 3383 1273 3465 ἄνθρωπον.

1970 3020 2217 3084 modum
2248 3041 2461 3101 agam:
2498 3020 2657 3085 Deus
2706 3030 2795 3084 est
2837 3021 3142 3085 essentia:
3178 3022 3451 3085 Essentia
3502 3040 3627 3083 non

1967 3110 2212 3173 omnino
2249 3120 2338 3174 est
2370 3110 2527 3173 Deus
2558 3132 2573 3193 ;
2610 3112 2769 3193 quod
2814 3113 3085 3193 sequitur
3113 3112 3245 3193 ipse
3295 3110 3621 3181 conclude;

1966 3204 2122 3286 Ergo
2156 3206 2315 3268 Deus
2346 3223 2462 3266 non
2495 3206 2740 3267 omnino
2767 3207 2950 3269 Deus.
2983 3204 3298 3279 Verum,ni
3331 3204 3532 3281 fallor,
3558 3204 3630 3265 ab

1968 3313 2065 3374 eo,
2089 3294 2248 3375 quod
2274 3295 2605 3357 secundum
2632 3295 2924 3358 rationem
2954 3295 3273 3376 quamdam
3298 3293 3631 3371 dicitur,ad

1968 3383 2027 3446 id
2046 3387 2204 3464 quod
2220 3385 2330 3445 sim
2341 3384 2577 3465 pliciter
2590 3384 3094 3466 dicitur.captiose
3108 3384 3490 3466 progreditur
3504 3384 3633 3446 haec

220 3477 693 3555 argumentatio,
719 3478 879 3557 quod
915 3477 1059 3542 artis
1081 3479 1258 3560 hujus
1299 3480 1583 3544 studiosis
1603 3481 1881 3543 usitatum
1905 3485 1996 3539 est
2021 3487 2081 3540 et
2111 3476 2427 3540 familiare.
2462 3479 2609 3541 Nam
2642 3496 2777 3540 cum
2813 3497 2922 3541 nos
2957 3479 3110 3541 hanc
3140 3496 3368 3560 vocem,
3404 3477 3630 3556 majus.

219 3584 414 3629 causa;
444 3575 682 3631 naturae
709 3568 1067 3650 tribuamus,
1117 3569 1385 3633 inferunt
1426 3569 1562 3649 ipsi,
1618 3588 1854 3633 causam
1901 3575 2114 3629 natura
2162 3567 2451 3648 majorem
2505 3585 2661 3630 esse.
2701 3566 2868 3640 Quod
2903 3568 3154 3649 perinde
3201 3576 3313 3649 est,
3355 3586 3425 3629 ac
3458 3566 3511 3629 si
3541 3565 3634 3628 di-

218 3656 501 3728 centibus
530 3658 704 3720 nobis
733 3679 747 3720 :
783 3657 895 3723 Hic
919 3668 1188 3723 mortuus
1212 3662 1416 3742 homo;
1452 3659 1747 3723 inferrent
1769 3656 1885 3740 ipsi
1913 3674 1927 3721 :

307 3750 433 3828 ις’.
474 3752 689 3812 Ἐκεῖνο
732 3754 787 3812 δέ
830 3763 946 3819 πῶς
997 3753 1453 3836 παραδράμωμεν,
1485 3754 1695 3819 οὖδενὸς
1726 3758 1889 3823 ἧττον

222 3848 329 3900 τῶν
386 3844 688 3923 εἰρημένων
736 3847 794 3903 ὃν
829 3844 1149 3923 ἂξιάγαστον
1180 3865 1197 3921 ;
1241 3838 1297 3904 Ὀ
1343 3847 1547 3923 Πατὴρ,
1581 3849 1766 3928 φησὶν,
1801 3850 1889 3904 ού-

222 3934 362 4010 σίας,
408 3935 446 4002 ἢ
482 3934 744 4014 ἐνεργείας
790 3937 958 4011 ὸνομα
994 3955 1006 3969 ⁸
1062 3938 1134 4002 ὡς
1192 3935 1563 4016 ἀμφοτέρωθεν
1609 3938 1753 4012 ἡμᾶς
1783 3934 1883 4005 δή·

222 4043 431 4089 σοντες.
472 4026 530 4082 Εἰ
561 4024 657 4100 μέν
689 4026 865 4090 οὖσίας
925 4028 1191 4108 φήσομεν,
1242 4025 1667 4098 συνθησομένους
1700 4027 1884 4105 ἑτερο-

224 4113 394 4173 ούσιον
427 4116 578 4172 εἶναι
608 4117 700 4172 τὸν
736 4117 850 4174 Γὶόν
888 4135 902 4150 ·
938 4115 1123 4185 ἐπειῖὴ
1153 4116 1248 4191 μία
1278 4116 1375 4191 μέν
1403 4116 1552 4172 οὗσία
1581 4118 1732 4190 Θεοῦ,
1765 4116 1889 4172 ταύ-

224 4224 320 4270 την
348 4202 428 4286 δὲ,
464 4207 543 4269 ὡς
574 4206 742 4278 οὗτοι,
772 4206 1197 4288 προκατείληιρεν
1222 4208 1249 4263 6
1304 4207 1491 4284 Πατήρ
1525 4222 1539 4237 ⁸
1577 4208 1619 4262 εἰ
1650 4204 1705 4261 δὲ
1736 4208 1887 4283 ἔνερ-

225 4292 390 4368 γείας,
428 4296 645 4371 ποίημα
674 4303 854 4378 σαφῶς
889 4295 1349 4373 ὁμολογήσοντας,
1375 4294 1495 4352 ἀλλ’
1525 4296 1585 4351 οὒ
1619 4294 1883 4373 γέννημα’

227 4380 282 4438 οὗ
302 4383 400 4462 γὰρ
432 4389 460 4443 6
497 4385 747 4465 ἐνεργῶν,
797 4385 915 4443 ἐκεῖ
963 4386 1173 4449 πάντως
1231 4387 1319 4442 καὶ
1377 4386 1439 4442 τὸ
1488 4384 1890 4465 ἑνεργούμενον-

1964 3657 2123 3734 Ergo
2154 3656 2359 3718 homo.

2055 3751 2215 3815 XVI.
2241 3750 2551 3826 Quomodo
2574 3760 2770 3815 autem
2791 3751 2977 3835 istud,
3005 3752 3163 3835 quod
3189 3759 3353 3815 certe
3380 3770 3498 3813 nou
3526 3751 3635 3813 mi-

1970 3843 2100 3904 nori
2133 3842 2532 3905 admiratione
2564 3844 2807 3923 dignum
2841 3852 2959 3919 est,
2991 3862 3168 3925 quam
3200 3862 3331 3924 quae
3359 3842 3633 3924 superius

1969 3933 2129 3995 dicta
2160 3941 2324 4008 sunt,
2358 3933 2887 4013 praetermittemus
2908 3933 2939 3989 ‘2
2986 3936 3182 4015 Pater,
3215 3931 3511 4015 inquiunt,
3543 3934 3633 3994 vel

1970 4022 2272 4103 essentiae,
2304 4023 2395 4084 vel
2442 4022 2696 4086 actionis
2746 4043 2967 4086 nomen
3022 4034 3155 4087 est:
3194 4024 3280 4085 sic
3310 4022 3471 4084 enim
3526 4041 3633 4083 nos

1971 4112 2253 4193 utrinque
2286 4112 2365 4174 ita
2396 4114 2672 4176 astrictos
2703 4122 2937 4196 putant,
2975 4121 3038 4175 ut
3074 4114 3239 4176 nulla
3282 4114 3512 4175 ratione
3560 4131 3626 4173 ex

1972 4219 2179 4263 eorum
2212 4200 2463 4263 vinculis
2494 4201 2649 4264 elabi
2681 4202 3002 4281 possimus.
3038 4205 3099 4267 Si
3142 4203 3303 4265 enim
3355 4201 3631 4263 essentiae

1972 4308 2193 4352 nomen
2220 4309 2353 4353 esse
2373 4291 2725 4369 dixerimus,
2741 4292 3166 4367 assentiamur,
3186 4302 3249 4354 ut
3265 4292 3626 4363 existimant,

1970 4378 2187 4444 Filium
2218 4379 2513 4444 diversam
2538 4399 2573 4442 a
2598 4380 2768 4444 Patre
2795 4381 3113 4444 essentiam
3140 4380 3401 4443 habere:
3435 4397 3626 4461 quan-

229 4473 320 4527 ῐὶαὶ
351 4480 463 4539 πῶς
492 4481 569 4550 τῷ
597 4476 918 4544 πεποιηκότι
942 4476 1134 4532 ταυτὸν
1164 4475 1225 4532 τὸ
1258 4474 1649 4550 πεποιημένον,
1686 4474 1889 4550 θαυμά-

1983 4469 2297 4551 doquidem
2341 4490 2458 4534 una
2508 4470 2587 4533 sit
2630 4471 2735 4535 Dei
2789 4473 3071 4548 essentia,
3107 4490 3285 4554 quam
3331 4469 3532 4551 Pater,
3571 4478 3633 4530 ut

232 4640 763 4783 1[Ξιιιιριιιὶειιονιιιῐῃ
797 4652 857 4708 et
899 4643 1175 4726 exemplo
1225 4663 1437 4707 canum
1472 4642 1631 4727 quod
1666 4643 1886 4705 aﬂ‘ere-

270 4736 342 4782 an
376 4769 392 4783 .

270 4736 392 4785 ant.

310 4804 708 4889 (H)_¢6aemv.
741 4806 901 4889 Par.,
935 4807 1155 4889 aliique
1205 4806 1476 4869 nonnulli
1532 4804 1793 4886 codices,
1829 4811 1889 4866 et

232 4877 361 4969 Bas.
385 4877 483 4969 ed.
497 4933 513 4960 ,
544 4893 644 4956 τῆς
677 4877 907 4969 φύσεωςί

314 4962 529 5052 βξ).-ξῖ
556 4969 618 5025 τὸ
649 4962 895 5052 ἰσότιμον
928 4971 1006 5046 μὴ
1036 4969 1238 5052 ἔχοιεν,
1281 4991 1304 5028 α
1341 4968 1611 5033 Delenda
1643 4973 1751 5048 est,
1788 4964 1888 5052 il}-

271 5044 352 5133 uit
378 5047 614 5133 Billius,
648 5044 938 5133 particula
986 5044 1257 5133 negativa
1307 5054 1407 5133 μή,
1444 5070 1576 5133 qua:
1605 5044 1797 5109 exstat
1824 5046 1887 5109 in

269 5130 596 5214 tervagiano
614 5130 882 5214 cedice.)
909 5130 1301 5196 Combeﬁsius
1317 5130 1572 5213 primum
1592 5146 1887 5214 repugna-

234 5149 596 5271 qervajgiano
614 5149 882 5196 οοαιοο.)
909 5149 1301 5196 uomuensxus
1317 5151 1572 5213 primum
1592 5149 1887 5210 repugna-

231 5212 399 5300 νίίιξιρ
461 5209 685 5300 deinde
710 5214 1037 5300 consensit.
1066 5216 1192 5300 Nos
1217 5232 1351 5277 vero
1382 5214 1710 5300 negativam
1736 5210 1891 5300 hanc

236 5289 577 5377 particulam
611 5294 856 5377 minime
875 5294 1193 5377 delendam
1216 5289 1889 5377 censemus.Gregoriu_s

235 5370 389 5457 imi-In
408 5370 811 5457 Eunomianos
830 5370 1797 5457 refellens,ostenditpr0positum
1813 5370 1887 5433 ab

235 5454 371 5540 Ῥδίδ
400 5454 705 5540 δμωῖυμίας
741 5455 1104 5540 exemplum,
1143 5456 1214 5540 ad
1240 5454 1643 5540 aequalitatem
1669 5471 1885 5535 quam-

272 5542 361 5589 am
391 5536 593 5617 specie
618 5545 789 5598 tenus
820 5539 882 5599 in
916 5536 1192 5617 personis
1221 5536 1882 5614 servandamdneptum

235 5622 381 5700 955?;
410 5616 785 5701 9!,quidquid
809 5616 1344 5701 nugentur,parem
1368 5638 1488 5682 non
1510 5618 1876 5701 habereha-

237 5694 788 5781 DOI‘isdignitatem,
815 5699 875 5761 id
900 5694 1059 5781 quod
1079 5694 1461 5781 itadivident;
1488 5719 1601 5763 nec
1619 5695 1887 5777 denique

1971 5044 2077 5103 ὅσα
2115 5048 2251 5105 κατὰ
2294 5044 2406 5128 τοῦς
2458 5044 2630 5105 ἀἰτίου
2706 5046 2942 5128 λέγεται,
3004 5050 3093 5106 καὶ
3147 5046 3285 5104 κατὰ
3357 5053 3452 5103 τοῦ

1970 5146 2075 5183 σειο
2116 5126 2277 5209 «Non
2310 5125 2471 5189 enim
2505 5125 2877 5209 quaecunque
2909 5130 2982 5191 de
3014 5145 3189 5190 causa
3222 5127 3527 5205 dicuntur,
3556 5126 3631 5187 de

1973 4641 2235 4723 impares
2268 4640 2621 4723 probarent.

2084 4723 2181 4801 l3)
2216 4719 2287 4782 0'5
2322 4725 2421 4802 γὰρ
2475 4724 2573 4782 ἵν’.
2611 4721 2714 4787 Sic
2747 4722 2931 4789 Coisl.
2975 4726 3000 4790 1
3056 4731 3113 4786 et
3145 4720 3204 4799 3,
3238 4720 3343 4787 Or.
3377 4721 3437 4799 1,
3468 4719 3629 4791 Par.,

1973 4811 2087 4865 etc.
2122 4805 2306 4867 Deest
2326 4804 2417 4860 ἵνα
2443 4803 2505 4865 in
2529 4804 2626 4867 ed.

2090 4884 2183 4965 l4)
2221 4885 2311 4942 Δέ.
2348 4883 2530 4948 Deest
2557 4886 2618 4947 in
2654 4885 2980 4949 nonnullis.

2087 4964 2180 5039 15)
2225 4968 2309 5064 ⁸Οὐ
2359 4968 2513 5066 ,γὰρ’
2556 4966 2767 5066 ᾆπλῶὶς,
2843 4978 2963 5031 etc.
3050 4965 3304 5066 S‘chol.‘:
3387 4964 3459 5062 0:3
3534 4966 3634 5066 γᾴρ

3525 5068 3628 5125 ‘PU‘

1975 5225 2046 5271 eo
2078 5207 2258 5270 etiam
2292 5209 2450 5287 quod
2484 5207 2575 5272 est
2606 5207 2817 5274 natura
2840 5210 3141 5273 dicuntur.

2054 5289 2187 5370 (Ψ)
2224 5291 2522 5369 Συνάγαγε.
2554 5290 2683 5353 Duo
2712 5290 2861 5371 Reg.
2893 5299 2952 5354 et
2980 5288 3082 5353 Or.
3127 5292 3187 5363 1,
3225 5288 3439 5371 σύναγε,

2057 5366 2179 5451 (17)
2215 5366 2588 5450 [lupa-16m}.
2643 5366 2898 5453 Regfa,
2957 5375 3293 5451 παρατροφῇ.
3346 5366 3525 5431 Cois].
3577 5372 3627 5444 l,

1972 5453 2347 5531 παρατροπήν.

2049 5522 2180 5614 ζ18)
2218 5522 2437 5614 ’,Ὠσπερ
2470 5531 2785 5614 ἅνβέαδίο
2817 5530 3059 5614 exponit
3088 5529 3252 5614 Elias
3286 5547 3302 5595 :
3338 5529 3634 5614 «Perinde

1962 5608 2195 5696 scilicet
2219 5608 2521 5696 iaciebant
2540 5608 3059 5696 '(Eunomiani),ac
3090 5611 3141 5675 si
3172 5610 3449 5674 dicerent
3481 5631 3494 5671 :
3522 5608 3630 5696 llic

1967 5693 2059 5756 vel
2086 5693 2189 5756 ille
2218 5693 2399 5756 homo
2432 5690 2702 5757 mortuus
2733 5715 2853 5758 non
2885 5690 3191 5775 respirat;
3241 5709 3386 5769 ergo
3434 5690 3630 5775 omnis

235 5780 301 5864 φρ
321 5771 754 5864 ἂιιίξηρρειιωη
777 5771 1087 5859 ὸμωνύμίαν
1114 5779 1189 5843 ab
1210 5780 1358 5864 ipsis
1382 5771 1686 5864 inductam
1720 5771 1879 5864 esse,
1969 5775 2150 5864 homo
2184 5793 2304 5836 non
2334 5774 2608 5864 respirat:
2642 5776 2776 5855 Vel,
2814 5771 3093 5856 Ethiops
3114 5773 3287 5836 albus
3317 5778 3410 5835 est
3434 5771 3630 5835 denti-

242 5854 441 5931 “lpm‘i
473 5856 762 5941 dignitate
791 5854 926 5926 esse
953 5854 1786 5945 personas'ostenderent,sed
1819 5868 1884 5921 ut
1970 5854 2081 5919 bus
2117 5872 2131 5918 :
2165 5875 2307 5938 ergo
2341 5854 2501 5921 totus
2532 5856 2705 5923 albus
2736 5865 2855 5927 est.
2892 5881 2921 5915 »
