4126 6398
223 219 353 284 109
438 196 444 201 ’

1236 216 1514 283 ORATIO
1558 220 1747 287 XXX.
1796 254 1870 266 —
1916 219 2409 290 THEOLOGICA
2455 226 2553 292 IV.

3516 220 3633 288 HO

229 380 343 433 σιν,
381 356 751 422 ἆνυπότακτος
792 356 999 432 (76)τὸ
1041 355 1161 413 κατ’
1195 356 1291 433 ἐμὲ
1331 359 1419 413 καὶ
1446 358 1474 412 ὀ
1505 358 1727 437 Χριστὸς
1772 355 1927 438 (Τ7)4

2021 366 2186 440 aput.
2205 360 2466 423 Proinde
2480 361 2746 440 quandiu
2765 358 3121 424 inobediens
3139 360 3269 443 ipse
3281 378 3414 423 sum
3428 366 3639 423 actur-

229 446 453 527 λέγεται
487 464 503 480 ⁶
540 446 668 504 ὅταν
696 446 751 503 δὲ
801 450 1045 525 ὑποταγῇ
1076 451 1221 521 αὐτῷ
1270 448 1337 503 τὰ
1385 448 1580 521 πάντα,
1615 450 1894 528 ὑποταγή-

236 560 391 597 σεται
424 536 481 593 ὃὲ
525 540 612 594 καὶ
656 544 724 614 τῇ
770 536 1079 617 ἐπιγνώσει,
1113 540 1200 595 καὶ
1229 544 1297 614 τῇ
1358 540 1732 614 μεταποιήσει,
1778 539 1896 595 τότε

236 630 330 684 καὶ
377 629 535 692 αὑτὸς
576 628 675 694 τὴν
732 629 1008 704 ὑποταγὴν
1051 626 1399 707 πεπλήρωκε,
1459 630 1745 706 πρκσάγων
1804 629 1898 705 ἐμὲ

237 720 333 774 τὸν
394 718 757 792 σεσωσμένον.
834 720 998 777 Τοῦτο
1077 720 1178 799 γὰρ
1233 724 1267 786 ἡ
1344 719 1588 797 ὑποταγὴ
1650 726 1897 798 Χριστοῦ,

243 809 383 864 κατά
416 831 476 887 γε
534 810 624 888 τὸν
679 808 808 884 ἐμὸν
866 807 1050 888 λόγον,
1084 811 1118 876 ἡ
1174 830 1265 865 του
1317 815 1577 887 Πατρικοῦ
1606 808 1906 885 θελήματος

247 897 555 975 πλήρωσις,
606 887 922 955 ’Υποτάσσει
981 887 1043 955 8‘:
1104 900 1188 954 καὶ
1248 898 1366 962 Υἱὸς
1425 900 1610 979 Πατρὶ,
1658 902 1744 955 καὶ
1804 903 1908 974 ὶἽῷ

252 990 437 1067 Πατήρ
476 1008 486 1020 ’
524 990 552 1045 ὁ
583 990 682 1065 μὲν
715 990 969 1068 ἐνεργῶν,
1004 991 1032 1045 ὀ
1085 987 1139 1045 δὲ
1191 986 1440 1061 εὖδοκῶν,
1477 991 1506 1043 ὃ
1537 990 1907 1068 καὶπρότερον

256 1077 487 1152 εἴπομεν
526 1096 539 1108 ·
599 1080 687 1135 καὶ
746 1077 881 1135 οὕτω
938 1081 998 1134 τὸ
1082 1077 1505 1156 ὑποτεταγμένον
1563 1079 1590 1133 ὁ
1646 1079 1905 1145 ὑποτάξας

259 1174 376 1242 Θεῷ
434 1169 776 1247 παρίστησιν,
860 1170 1048 1225 ἑαυτοῦ
1131 1169 1447 1243 ποιούμενος
1504 1170 1566 1224 τὸ
1623 1168 1903 1246 ἡμέτερον,

260 1265 510 1316 Τοιοῦτον
556 1260 695 1315 εἷναί
729 1281 825 1334 μοι
853 1261 1090 1339 φαίνεται
1119 1260 1207 1315 καὶ
1238 1258 1298 1314 τό
1332 1278 1344 1292 ⁸
1422 1248 1477 1315 Ὀ
1529 1259 1683 1333 Θυὸς,
1720 1261 1746 1316 ὀ
1778 1260 1906 1323 Θεός

255 1371 385 1428 μου,
432 1349 673 1428 πρόσχες
710 1371 823 1424 μοι,
879 1349 971 1405 ἵνα
1030 1349 1080 1403 τί
1123 1347 1478 1427 ἐγκατέλιπές
1510 1370 1620 1429 με,
1680 1351 1753 1406 Οῦ
1807 1352 1908 1427 γὰρ

255 1438 416 1503 αὐτὸς
479 1438 976 1518 ἐγκαταλέλειπται,
1037 1437 1071 1505 ἦ
1126 1440 1228 1495 ὑπὸ
1289 1447 1377 1496 τοῦ
1435 1438 1662 1518 Πατρὸς,
1727 1439 1760 1507 ἤ
1806 1442 1908 1496 ὑπὸ

252 1530 355 1595 τῆς
390 1529 578 1586 ἑαυτοῦ
608 1528 886 1609 θεότητος,
936 1529 963 1584 ὃ
993 1526 1143 1585 δοκεῖ
1172 1551 1334 1603 τισιν,
1368 1531 1441 1592 ὡς
1472 1531 1534 1584 ἂν
1576 1528 1908 1609 φοϐουμένης

248 1620 313 1674 τὸ
358 1619 550 1693 πάθος,
626 1619 717 1674 καὶ
765 1618 849 1675 διὰ
906 1621 1059 1676 τοῦτο
1137 1616 1569 1686 συστελλομένης
1652 1620 1757 1677 ἀπὸ
1815 1627 1909 1676 τοῦ

1980 447 2419 525 bulentus,tum
2446 470 2555 532 per
2577 452 2681 514 Dei
2704 451 3321 529 abnegationem,tum
3346 469 3454 532 per
3472 448 3638 512 vitio-

1982 557 2076 600 sas
2106 540 2292 601 animi
2318 541 2954 622 permotiones,tandiu
2980 541 3336 603 inobediens
3366 557 3634 619 quoque,

1982 629 2271 697 quantum
2292 622 2363 682 ad
2382 641 2473 683 me
2487 623 2999 698 attinet,Christus
3020 622 3424 685 dicitur.Cum
3438 628 3635 682 autem

1986 708 2041 769 ei
2056 711 2251 770 omnia
2265 710 2536 791 subjecta
2551 712 2773 774 fuerint
2791 711 3211 791 (subjicientur
3230 717 3518 791 autem,et
3533 726 3639 791 per

1988 800 2378 882 agnitionem,
2404 810 2461 863 et
2491 822 2601 884 per
2632 802 3154 878 immutationem),
3180 811 3299 862 tum
3332 800 3464 881 ipse
3495 817 3639 876 quo-

1990 908 2109 966 que
2138 890 2575 970 subjectionem
2608 892 2973 972 impleverit,
3000 890 3309 953 adducens
3341 907 3459 963 me,
3487 887 3642 949 salu-

1990 987 2106 1040 tem
2124 986 2673 1047 consecutum.Nec
2687 980 2847 1044 enim
2866 981 3199 1060 quidquam
3213 979 3375 1043 aliud
3390 988 3645 1053 est,mea

1989 1070 2234 1147 quidem
2255 1073 2576 1153 sententia,
2597 1072 2817 1135 Christi
2840 1070 3162 1152 subjectio,
3184 1088 3363 1148 quam
3384 1075 3645 1149 paterna:

1988 1160 2311 1223 volumatis
2343 1162 2621 1243 expletio.
2658 1161 2917 1241 Subjicit
2945 1160 3086 1221 543
3120 1168 3347 1239 autem,
3370 1166 3429 1221 et
3456 1157 3645 1220 Filius

1991 1247 2171 1321 Patri,
2207 1259 2263 1311 et
2294 1251 2556 1313 vicissim
2590 1252 2739 1315 Filio
2774 1256 2986 1314 Pater:
3027 1251 3129 1313 ille
3160 1267 3343 1331 opera
3385 1266 3515 1321 sua,
3551 1244 3646 1320 hic

1992 1336 2389 1420 beneplacito,
2424 1340 2939 1418 quemadmodum
2974 1348 3111 1402 ante
3153 1357 3187 1401 a
3217 1337 3389 1399 nobis
3419 1335 3645 1397 dictum

1992 1436 2103 1489 est.
2125 1431 2323 1505 Atque
2353 1429 2434 1491 ita
2465 1450 2593 1512 eos,
2621 1433 2728 1509 qui
2759 1429 3011 1510 subjecti
3045 1437 3209 1510 sunt,
3232 1427 3355 1490 Deo
3390 1424 3545 1488 sistit
3579 1442 3647 1485 ac

1990 1527 2385 1599 repraesentat
2414 1520 2486 1596 is,
2521 1521 2630 1598 qui
2662 1520 2944 1598 subjecit,
2982 1528 3186 1581 nostra
3226 1516 3503 1579 videlicet
3534 1514 3649 1576 sibi

1990 1618 2552 1681 vindicans.Eodem
2573 1619 2631 1681 in
2655 1637 2876 1698 genere
2901 1619 3044 1680 mihi
3068 1616 3213 1680 illud
3247 1633 3492 1695 quoque
3516 1631 3651 1676 esse

248 1708 559 1788 πάσχοντος
594 1724 608 1738 ·
663 1711 767 1785 (τίς
835 1710 936 1787 γὰρ
977 1707 1010 1775 ἤ
1066 1709 1385 1787 γεννηθῆναι
1448 1709 1596 1765 κάτω
1653 1710 1753 1777 τὴν
1812 1709 1905 1789 ἂρ-

2021 1708 2228 1769 'idetur
2256 1728 2268 1771 :
2296 1710 2476 1785 Deus,
2490 1709 2652 1772 Deus
2674 1711 3103 1791 meus,respice
3126 1709 3192 1770 in
3211 1722 3536 1787 me,quare
3556 1721 3652 1766 me

261 1798 398 1877 χὴν,
463 1797 497 1864 ἧ
556 1797 641 1854 ἐπὶ
681 1800 771 1854 τὸν
831 1801 1054 1877 σταυρὸν
1111 1796 1353 1855 ἀνελθεῖν
1407 1799 1703 1878 ἠνέγκασεν
1820 1799 1914 1857 Ἐν

2021 1812 2383 1891 iereliquisti
2399 1813 2454 1863 1ί)
2476 1812 2501 1874 ?
2520 1811 2730 1890 Neque
2753 1810 3110 1893 enim,quod
3135 1808 3382 1888 quidam
3407 1807 3653 1889 opinan-

256 1888 433 1962 ἐαυτῷ
492 1885 570 1969 δὲ,
617 1887 747 1965 ὅπερ
810 1892 986 1956 εἷπον,
1052 1903 1215 1945 τυποῖ
1272 1890 1332 1944 τὸ
1389 1888 1675 1967 ἡμέτερον.
1732 1880 1919 1967 Ἠμετς

260 1979 364 2057 γὰρ
419 1977 557 2053 ἦμεν
631 1981 678 2037 οἱ
759 1977 1303 2056 ὲγκαταλελειμμὲνοι
1360 1980 1447 2035 καὶ
1518 1982 1919 2060 παρεωραμένοι

262 2068 549 2149 πρότερον,
618 2069 743 2125 εἶτα
803 2092 890 2124 νυν
944 2066 1400 2147 προσειλημμένοι
1450 2073 1537 2126 καὶ
1595 2071 1923 2146 σεσωσμένοι

264 2172 392 2223 τοῖς
441 2162 536 2214 τοῦ
578 2160 810 2222 ἀπαθοῦς
853 2160 1069 2215 πάθεσιν
1104 2173 1121 2190 ⁶
1176 2158 1356 2238 ὥσπερ
1430 2160 1520 2215 καὶ
1563 2159 1669 2227 τὴν
1699 2161 1926 2240 ἀφροσῦο

264 2272 361 2316 νην
405 2250 588 2324 ἡμῶν,
644 2252 731 2305 καὶ
772 2250 835 2304 τὸ
879 2246 1201 2324 πλημμελὲς
1260 2248 1648 2325 οἰκειούμενος,
1680 2250 1745 2305 τὰ
1802 2250 1923 2318 ἑξῆς

266 2336 351 2398 διὰ
382 2349 474 2397 τοῦ
506 2337 725 2414 ψαλμοῦ
756 2362 917 2419 φησιν
952 2356 967 2371 ⁸
1033 2338 1216 2406 ἐπειδὴ
1265 2336 1548 2418 προδήλως
1581 2342 1655 2401 εἷς
1699 2344 1921 2419 Χριστὸν

262 2430 293 2485 ὀ
324 2430 561 2494 εἰκοστὸς
593 2435 803 2507 πρῶτος
850 2427 1066 2505 ψαλμὸς
1090 2429 1425 2510 ἀναφέρεται.

2002 1909 2121 1976 tur,
2152 1902 2305 1982 ipse,
2338 1902 2427 1965 vel
2460 1922 2493 1964 a
2524 1906 2723 1983 Patre,
2752 1902 2846 1965 vel
2895 1920 2931 1963 a
2960 1920 3071 1964 sua
3118 1899 3449 1974 divinitate,
3484 1898 3653 1975 quasi

2006 1992 2340 2073 passionem
2375 1991 2765 2065 extimuisset,
2786 2010 2854 2053 ac
2881 1998 3201 2073 propterea
3222 2004 3655 2073 seseaperpe-

2008 2067 2190 2135 tiente
2202 2090 2452 2153 corpore
2469 2067 3165 2153 c0llegisset,derel'ictus
3183 2076 3293 2133 est.
3316 2067 3482 2142 (Quis
3494 2067 3654 2130 enim

2008 2182 2168 2237 eum,
2193 2162 2284 2223 vel
2312 2162 2571 2243 primum
2595 2163 2949 2225 humanitus
2981 2161 3167 2241 gigni,
3195 2160 3284 2222 vel
3320 2161 3378 2221 in
3412 2177 3655 2225 crucem

2007 2252 2335 2313 ascendere
2354 2253 2549 2332 coegit
2567 2252 2615 2321 ‘23
2635 2254 2855 2314 Verum
2881 2252 2941 2312 in
2963 2253 3265 2331 seipso,ut
3284 2248 3511 2310 dictum
3542 2255 3654 2318 est,

2010 2350 2210 2403 nostra
2226 2343 2689 2422 repraesentavit.
2708 2341 2827 2403 Nos
2839 2340 2999 2403 enim
3016 2358 3253 2402 eramus
3273 2338 3558 2401 derelecti
3572 2337 3660 2399 illi

2010 2432 2180 2512 prius
2210 2441 2387 2510 atque
2417 2431 2743 2513 contempti
2772 2450 2788 2508 ;
2815 2450 2975 2493 nunc
3006 2447 3145 2492 vero
3170 2445 3278 2510 per
3308 2426 3661 2509 impatibilis

272 2516 440 2578 illius
472 2518 805 2599 passiones,
834 2520 1118 2598 assumpti
1152 2536 1219 2579 ac
1247 2516 1466 2581 servati
1521 2535 1752 2596 sumus;
1786 2520 2291 2601 quemadmodum
2340 2532 2603 2585 nostram
2638 2539 2879 2603 quoque
2909 2518 3313 2600 insipientiam
3344 2536 3413 2579 ac
3445 2536 3659 2599 pecca-

264 2613 390 2668 tum
418 2607 531 2668 sibi
554 2609 867 2686 arrogavit,
900 2616 965 2669 ut
995 2626 1085 2682 ea,
1130 2626 1264 2689 quae
1294 2607 1580 2687 deinceps
1636 2610 1695 2670 in
1750 2611 1981 2691 psalmo
2009 2620 2365 2689 sequuntur,
2402 2612 2810 2693 pronuntiant.
2841 2610 3147 2693 Siquidem
3184 2607 3509 2673 vicesimus
3534 2608 3661 2689 pri-

272 2714 406 2758 mus
437 2700 698 2777 psalmus
728 2697 1044 2759 manifeste
1072 2696 1767 2762 adChristum‘refertur.

349 2777 453 2860 ς’.
501 2788 610 2855 Τῆς
653 2789 707 2843 δὲ
752 2791 917 2856 αὑτῆς
974 2788 1161 2868 ἔχεται
1218 2790 1461 2865 θεωρίας,
1524 2790 1705 2845 καὶτὸ
1735 2794 1927 2866 μαθεῖν

278 2878 437 2934 αὑτὸν
494 2878 594 2945 τὴν
651 2879 891 2946 ὑπακοὴν
922 2876 974 2943 ἐξ
1024 2882 1099 2933 ὧν
1132 2876 1325 2935 ἔπαθεν
1359 2897 1372 2910 ⁶
1408 2878 1442 2945 ἦ
1479 2901 1536 2934 τε
1573 2880 1801 2959 κραυγὴ,
1841 2882 1930 2936 καὶ

266 2967 334 3022 τὰ
364 2963 584 3046 δακρυα,
636 2969 725 3023 καὶ
770 2969 833 3023 τὸ
887 2968 1173 3039 ἱκετεῦσαι,
1234 2967 1324 3022 καὶ
1382 2968 1442 3023 τὸ
1500 2968 1925 3037 εἷσακουσθῆναι,

272 3058 365 3113 καὶ
397 3056 459 3111 τὸ
492 3053 709 3119 εὒλαϐἑς
745 3073 760 3088 ·
822 3054 856 3111 ἃ
914 3055 1395 3136 δραματουργεϊται
1446 3055 1570 3136 (78)
1628 3059 1713 3113 καὶ
1742 3055 1933 3115 πλέκε-

275 3169 363 3203 ται
421 3148 728 3217 θαυμασίως
787 3144 914 3225 ὑπέρ
980 3148 1137 3222 ἡμῶν
1187 3144 1339 3221 (79),
1379 3135 1439 3200 Ὠ
1474 3135 1701 3226 μὲνγὰρ
1736 3149 1930 3227 Λόγος,

276 3235 393 3292 οὔτε
421 3237 657 3306 ὑπήκοος
700 3237 789 3308 ἦν,
845 3236 962 3292 οὕτε
1019 3235 1275 3305 ἀνήκοος.
1330 3238 1447 3293 Τῶν
1496 3237 1594 3315 γὰρ
1642 3239 1742 3293 ὑπὸ
1773 3251 1936 3317 χεῖρα

2092 2789 2194 2853 VI.
2224 2790 2509 2871 Ejusdem
2533 2790 2959 2870 speculationis
2982 2788 3132 2850 illud
3158 2787 3331 2849 etiam
3358 2795 3471 2867 est,
3500 2786 3662 2865 quod

2015 2899 2083 2942 ex
2115 2880 2232 2951 his,
2260 2900 2394 2958 quis
2428 2898 2638 2961 passus
2661 2889 2771 2955 est,
2800 2878 3201 2941 obedientiam
3224 2875 3474 2949 didicit;
3500 2876 3663 2953 quod

2016 2989 2151 3031 cum
2192 2970 2453 3031 clamore
2486 2978 2545 3032 et
2574 2969 2852 3051 lacrymis
2884 2965 3235 3049 supplicarit
3259 2986 3277 3042 ;
3302 2966 3464 3043 quod
3490 2985 3667 3028 exau-

2018 3060 2181 3120 ditus
2203 3060 2281 3122 sit
2307 3078 2413 3140 pro
2441 3078 2549 3122 sua
2573 3060 2909 3122 reverentia
2928 3058 2976 3101 “
3009 3076 3184 3135 ;quaa
3204 3054 3404 3117 omnia
3426 3055 3669 3118 nomine

2020 3158 2221 3211 nostro
2247 3149 2602 3213 mirabiliter
2624 3150 2968 3213 efﬁciuntur
2986 3158 3044 3211 et
3062 3143 3665 3227 c0ntexuntur.Nam,

2021 3248 2084 3299 ut
2106 3239 2518 3321 Verbum,nec
2540 3240 2829 3301 obediens
2850 3246 3123 3320 erat,nec
3148 3235 3521 3299 inobediens.
3537 3238 3670 3297 Hzec

275 3332 463 3399 ταῦτα,
500 3327 723 3382 καὶτῶν
774 3324 1030 3405 δευτέρων
1070 3341 1083 3353 ·
1132 3326 1192 3380 τὸ
1242 3323 1343 3399 μέν
1371 3330 1476 3381 τῶν
1508 3327 1927 3404 εὐγνωμονεστέ-

2021 3348 2283 3407 namque
2305 3330 2400 3404 iis,
2426 3334 2526 3408 qui
2561 3330 2815 3391 aliorum
2839 3327 3094 3409 imperio
3121 3327 3671 3403 tenentur,quique

273 3438 406 3495 ρων,
467 3416 528 3471 τὸ
589 3413 644 3471 δέ
699 3421 806 3471 τῶν
860 3414 1018 3481 ἀξίων
1102 3414 1401 3480 κολάσεως,
1489 3408 1579 3479 Ὠς
1636 3413 1691 3472 δέ
1748 3416 1936 3475 δούλου

275 3506 483 3586 μορφὴ,
542 3501 953 3583 συγκαταϐαίνει
995 3518 1116 3568 τοῖς
1189 3502 1503 3580 ὁμοδούλοις
1564 3508 1652 3563 καὶ
1702 3505 1935 3587 δούλοις,

273 3598 366 3653 καὶ
411 3602 706 3676 μορφοῦται
736 3596 799 3651 τὸ
825 3594 1130 3675 ἀλλότριον,
1167 3594 1294 3652 ὅλον
1324 3594 1378 3650 ἐν
1432 3597 1611 3669 ἰαυτῷ
1641 3596 1736 3672 ἐμὲ
1766 3598 1939 3679 φέρων

277 3686 416 3763 μετὰ
445 3692 551 3741 τῶν
606 3686 755 3761 ἒμῶν
818 3683 971 3765 (80),
1032 3684 1125 3743 ἵνα
1183 3684 1239 3740 ἐν
1301 3684 1471 3760 ἑαυτῷ
1531 3683 1813 3764 δαπανήσῃ
1877 3690 1939 3746 τὸ

276 3788 469 3857 χεῖρον
521 3774 671 3855 (81),
706 3778 781 3839 ὼς
815 3777 983 3855 κηρὸν
1012 3782 1138 3849 πῦρ,
1184 3774 1219 3841 ἥ
1274 3775 1348 3839 ὡς
1407 3773 1599 3851 ἀτμίδα
1627 3781 1729 3854 γῆς
1760 3775 1937 3859 ἥλιος,

272 3866 429 3943 κάγὼ
472 3864 760 3941 μιταλάϐω
802 3872 910 3921 τῶν
954 3864 1154 3923 ἐκείνου
1197 3861 1283 3920 διὰ
1325 3865 1423 3931 τὴν
1478 3865 1788 3945 σύγκρασιν.
1843 3868 1941 3923 Διὰ

276 3957 435 4012 τοῦτο
498 3954 639 4034 ἔργῳ
696 3960 826 4032 τιμᾷ
888 3955 987 4022 τὴν
1029 3954 1294 4025 ὑπακοὴν,
1338 3954 1425 4009 καὶ
1496 3961 1747 4031 πειρᾶται
1804 3957 1939 4013 ταύ-

274 4067 375 4112 της
428 4044 583 4125 (89),
631 4044 690 4101 ἐκ
733 4051 827 4101 τοῦ
854 4047 1056 4101 παθεῖν
1090 4060 1105 4077 ⁸
1141 4044 1201 4101 οῦ
1246 4043 1345 4121 γὰρ
1388 4044 1571 4100 ἱκανὸν
1621 4046 1654 4112 ἡ
1697 4044 1925 4109 διάθεσις

291 4134 475 4213 ὥσπερ
534 4134 650 4192 οὐδὲ
704 4138 863 4216 ἡμῖν,
926 4136 970 4191 εἰ
1021 4136 1099 4210 μὴ
1157 4136 1244 4189 καὶ
1304 4131 1388 4188 διὰ
1450 4140 1554 4189 τῶν
1624 4127 1955 4215 πραγμάτωζ

282 4227 641 4306 χωρήσαιμεν
676 4241 691 4257 ⁸
729 4226 884 4305 ἔργον
918 4226 1041 4304 γὰρ,
1078 4221 1347 4289 ἀπόδειξις
1377 4221 1689 4289 διαθέσεως.
1727 4227 1800 4283 Οὐ
1828 4238 1957 4305 χεῖ,

283 4334 377 4391 ρον
406 4312 460 4370 δὲ
494 4314 632 4377 ἴσως
654 4315 877 4372 κάκεῖνο
907 4310 1229 4393 ὑπολαϐεῖν,
1262 4312 1342 4368 ὅτι
1393 4310 1666 4388 δοκιμάζει
1700 4314 1798 4381 τὴν
1820 4316 1959 4389 ἡμε-

2021 3419 2300 3481 secunda;
2316 3420 2522 3482 classis
2539 3414 3250 3494 sunt,conveniunt;illud
3270 3414 3499 3477 scilicet
3514 3436 3671 3497 ,pro-

2026 3508 2113 3570 bis
2144 3518 2325 3586 atque
2346 3510 2633 3590 honcstis,
2659 3509 2813 3571 istud
2837 3526 3005 3581 vero,
3032 3504 3326 3587 improbis
3348 3523 3417 3567 ac
3449 3505 3671 3585 suppli-

2022 3599 2115 3661 cio
2146 3598 2366 3678 dignis.
2401 3598 2476 3664 Ut
2511 3609 2708 3661 autem
2745 3598 2901 3662 servi
2950 3597 3166 3671 forma,
3200 3593 3274 3656 ad
3327 3613 3671 3669 conservos,

2023 3689 2144 3750 imo
2168 3682 2239 3750 ad
2264 3707 2469 3752 servos
2493 3709 2631 3754 sese
2656 3687 3128 3764 demittit,atque
3148 3684 3406 3747 alienam
3422 3683 3676 3745 formam

2024 3780 2299 3859 suscipit,
2328 3788 2517 3842 totum
2554 3798 2649 3841 me
2682 3778 2887 3859 simul,
2918 3796 3053 3838 cum
3088 3776 3159 3837 iis
3191 3793 3331 3852 qua:
3352 3792 3483 3836 mea
3513 3782 3676 3846 sunt,

2026 3870 2083 3929 in
2115 3870 2311 3950 seipso
2346 3869 2568 3943 ferens,
2606 3878 2694 3943 ut,
2728 3867 2889 3945 quod
2922 3864 3190 3929 deterius
3224 3878 3337 3941 est,
3375 3863 3437 3925 in
3483 3864 3681 3944 seipso

2024 3958 2387 4034 absumat,et
2406 3960 2831 4033 c0nficiat,n0n
2859 3975 3036 4019 secus
3056 3974 3124 4018 ac
3147 3972 3350 4017 ceram
3372 3953 3678 4034 ignis,aut,

2039 4058 2213 4111 terrae
2240 4069 2520 4131 vaporem
2554 4050 2696 4111 solis
2726 4046 2959 4126 radius,
2984 4056 3165 4122 atque
3198 4044 3329 4125 ipse
3360 4043 3435 4105 ob
3468 4043 3683 4124 hujus-

2041 4139 2203 4201 modi
2221 4140 2354 4220 conj
2364 4140 2707 4202 unctionem
2724 4138 3018 4200 bonorum
3035 4135 3197 4197 illius
3214 4134 3508 4215 particeps
3524 4135 3656 4195 fiam
3669 4180 3683 4195 .

2042 4230 2340 4303 Quocirca
2368 4248 2434 4293 re
2461 4232 2584 4311 ipsa
2617 4227 3019 4291 obedientiam
3046 4226 3274 4287 honore
3304 4223 3505 4303 allicit,
3534 4242 3691 4285 eam-

2043 4337 2164 4398 que
2188 4320 2596 4400 perpetiendis
2618 4317 2922 4379 doloribus
2947 4314 3280 4396 experitur;
3303 4331 3502 4390 neque
3528 4314 3689 4375 enim

284 4404 445 4483 τέραν
474 4405 744 4485 ὑπακοὴν,
767 4406 855 4462 καὶ
884 4405 1058 4462 πάντα
1090 4415 1279 4482 μετρεῖ
1312 4400 1435 4483 (83)
1466 4416 1585 4467 τοῖς
1616 4403 1806 4460 ἑαυτοῦ
1839 4404 1927 4481 (84

2021 4404 3345 4484 usuﬂiciebatanimiaffectio,quemadmodum
3366 4421 3477 4464 nec
3494 4402 3690 4477 nobis,

281 4494 471 4552 πάθεσι
502 4492 677 4575 τέχνῃ
712 4492 836 4574 (85)
897 4493 1297 4576 φιλανθρωπίας
1326 4507 1341 4521 ·
1388 4492 1525 4549 ὥστε
1576 4491 1727 4574 ἔχειν
1759 4493 1927 4555 εἱ-θένα

2039 4498 2157 4561 nisi
2188 4518 2432 4560 manum
2462 4517 2708 4577 quoque
2740 4494 3029 4579 operibus
3053 4493 3478 4557 admoveamus
3505 4509 3518 4555 :
3542 4511 3693 4575 opus

372 4630 432 4682 ¹ο
461 4629 618 4693 Psal.
651 4647 774 4707 xxx,
810 4633 870 4695 t.
955 4628 1006 4673 ¹¹
1038 4627 1222 4691 Hebr.
1253 4646 1312 4705 v,
1346 4628 1409 4710 8,
1435 4628 1495 4691 7.

371 4764 501 4845 (76)
526 4762 961 4845 γἈνυποτακτος.
996 4760 1333 4845 Carpebant
1388 4760 1788 4845 Menotbelitaa
1828 4768 1956 4829 haec

2119 4771 2243 4861 (80)
2283 4775 2425 4831 Μετὰ
2467 4780 2574 4831 τῶν
2604 4775 2774 4849 ὶμῶν.
2802 4771 2937 4835 Bill.
2976 4791 2989 4833 :
3030 4795 3055 4825 ι
3084 4786 3221 4832 cum
3255 4765 3701 4829 inﬁrmitatibus

292 4842 562 4924 Gregorii
591 4844 795 4927 verba,
849 4844 1020 4927 quasi
1074 4842 1378 4907 Christum
1439 4842 1753 4927 divideret,
1787 4857 1852 4910 ut
1886 4867 1956 4911 ex
2041 4842 2287 4912 meis.'»

292 4936 457 4990 sexta
483 4926 711 5006 synodo
744 4924 1125 5009 perspicuum
1176 4930 1318 5001 est;
1371 4924 1477 4986 sed
1523 4924 1807 4989 audiendi
1838 4947 1955 4992 non

295 5018 508 5169 ευῖέῆ)
539 5080 598 5169 ξς)
630 5089 878 5167 Χριστός.
913 5091 1095 5151 Deest
1125 5090 1151 5145 ὁ
1182 5087 1243 5149 in
1277 5086 1609 5149 nonnullis.

373 5156 501 5250 (78)
539 5156 1300 5262 ’ἶΑοδραματουργεϊταιηριε,
1334 5168 1569 5262 ερωὴ,;
1611 5195 1635 5225 α
1849 5190 1954 5233 ηο,

296 5249 392 5313 bis
418 5250 585 5332 quasi
619 5249 686 5332 in
710 5268 891 5332 scena
921 5249 1587 5332 productis,nostroque
1618 5254 1861 5314 nomine
1882 5272 1952 5316 ac

299 5331 565 5413 persona
587 5331 943 5393 mirabiliter
973 5339 1262 5413 geruntur
1286 5350 1355 5392 ac
1388 5340 1767 5408 nectuntur,»
1808 5352 1950 5412 par-

301 5411 405 5475 tim
438 5412 673 5493 scilicet
703 5430 867 5493 vere,
902 5411 1113 5493 partim
1134 5413 1405 5493 οἰκειώσει
1439 5420 1498 5474 et
1536 5411 1946 5477 attributione.

390 5493 519 5576 (79)
552 5484 719 5572 ’Υπὲρ
762 5484 940 5571 ἡμῶν.
981 5490 1081 5553 Sic
1111 5492 1296 5554 Coisl.
1348 5496 1412 5571 1,
1460 5502 1572 5557 etc.
1606 5494 1667 5555 ln
1700 5496 1829 5577 ed.,
1860 5498 1990 5577 ὑπὲρ

300 5578 446 5653 ὑμῶν
457 5623 467 5636 .

2121 4934 2243 5015 (81)
2279 4936 2348 4993 Τὰ
2379 4949 2593 5016 χεῖρον.
2661 4959 2688 4990 κ
2722 4932 2891 5007 Quod
2945 4931 3210 4995 deterius
3265 4937 3380 5006 est,
3421 4954 3442 4987 ι
3478 4929 3537 4991 id
3590 4937 3701 5005 est,

2046 5032 2075 5073 ‹
2110 5023 2442 5094 peccatum.
2486 5040 2511 5073 ι

2122 5090 2236 5175 (89)
2273 5104 2522 5175 Πειρᾶται
2554 5098 2776 5165 ταύτης.
2819 5119 2846 5152 α
2898 5094 3164 5175 Ejusque
3224 5090 3561 5173 periculum
3595 5109 3704 5170 pa-

2038 5174 2239 5238 tienda
2267 5174 2426 5239 facit.
2468 5202 2491 5236 ι

2120 5256 2245 5343 (83)
2278 5262 2376 5317 Καὶ
2395 5261 2577 5343 ’πάντα
2627 5270 2841 5343 μετρεῖ,
2879 5267 2996 5343 etc:
3042 5252 3346 5343 L-euvenk.
3384 5271 3470 5343 της
3512 5255 3711 5343 atque

2036 5332 2237 5399 omnia
2267 5339 2549 5402 metiatur
2579 5332 2651 5400 ex
2684 5332 2807 5399 suis
2829 5332 3215 5418 'passionibus
3266 5349 3368 5395 ars
3397 5332 3502 5394 illa
3532 5332 3711 5394 beni-

2076 5419 2295 5482 nitatis.
2335 5446 2361 5476 ι

2034 5434 2295 5496 gnitaus.
2335 5446 2361 5476 ι

2158 5499 2288 5580 (84)
2317 5513 2443 5567 Τοῖς
2474 5502 2680 5580 ἑαυτοῦ.
2718 5498 2899 5580 Cois].
2935 5499 2989 5573 1,
3022 5510 3142 5559 τοῖς
3176 5495 3411 5566 οἰκείοις,

2158 5501 2255 5580 (84
2317 5513 2443 5567 Τοῖς
2474 5502 2680 5560 ἑαυτοῦ.
2718 5501 2899 5561 Cois].
2935 5501 2989 5573 1,
3022 5510 3142 5559 τοῖς
3176 5501 3313 5551 οἷκεί‹

2150 5501 2288 5661 (ὃὸξ
2314 5585 2517 5661 Τέχνη.
2554 5579 2806 5658 Hervag.
2841 5579 3033 5659 τέχνῃ,
3079 5599 3103 5635 (ι
3132 5593 3248 5638 ars.
3294 5599 3313 5632 »
