  <div class='ocr_page' id='page_1' title='image "/cluster/home/n/w/nwhite01/storage/ocr_20150623/36:no.2/coo.31924054869338/066.png"; bbox 0 0 4126 6414; ppageno 0'>
   <div class='ocr_carea' id='block_1_1' title="bbox 175 260 314 332">
    <p class='ocr_par' dir='ltr' id='par_1_1' title="bbox 175 260 314 332">
     <span class='ocr_line' id='line_1_1' title="bbox 175 260 314 332; baseline 0.014 -3"><span class='ocrx_word' id='word_1_1' title='bbox 175 260 314 332; x_wconf 77' lang='grc'>11⁸1</span> 
     </span>
    </p>
   </div>
   <div class='ocr_carea' id='block_1_2' title="bbox 205 407 1899 503">
    <p class='ocr_par' dir='ltr' id='par_1_2' title="bbox 205 407 1899 503">
     <span class='ocr_line' id='line_1_2' title="bbox 205 407 1899 503; baseline 0.017 -47"><span class='ocrx_word' id='word_1_2' title='bbox 205 422 347 503; x_wconf 42' lang='grc' dir='ltr'>γους</span> <span class='ocrx_word' id='word_1_3' title='bbox 385 407 570 491; x_wconf 78' lang='grc'><strong>(15);</strong></span> <span class='ocrx_word' id='word_1_4' title='bbox 608 415 709 472; x_wconf 74' lang='grc' dir='ltr'><strong>Καὶ</strong></span> <span class='ocrx_word' id='word_1_5' title='bbox 742 422 858 479; x_wconf 83' lang='grc' dir='ltr'><strong>πῶς</strong></span> <span class='ocrx_word' id='word_1_6' title='bbox 887 416 923 484; x_wconf 78' lang='grc' dir='ltr'>ἡ</span> <span class='ocrx_word' id='word_1_7' title='bbox 976 418 1143 500; x_wconf 78' lang='grc' dir='ltr'>Σοφία</span> <span class='ocrx_word' id='word_1_8' title='bbox 1198 417 1374 479; x_wconf 79' lang='grc' dir='ltr'>δεῖται</span> <span class='ocrx_word' id='word_1_9' title='bbox 1419 432 1510 483; x_wconf 87' lang='grc' dir='ltr'>τοῦ</span> <span class='ocrx_word' id='word_1_10' title='bbox 1553 424 1849 494; x_wconf 82' lang='grc' dir='ltr'>διδάξοντος</span> <span class='ocrx_word' id='word_1_11' title='bbox 1884 448 1899 503; x_wconf 83' lang='grc'>;</span> 
     </span>
    </p>
   </div>
   <div class='ocr_carea' id='block_1_3' title="bbox 208 490 1899 591">
    <p class='ocr_par' dir='ltr' id='par_1_3' title="bbox 208 490 1899 591">
     <span class='ocr_line' id='line_1_3' title="bbox 208 490 1899 591; baseline 0.015 -42"><span class='ocrx_word' id='word_1_12' title='bbox 208 490 266 591; x_wconf 34' lang='grc' dir='ltr'><strong>ἢ.</strong></span> <span class='ocrx_word' id='word_1_13' title='bbox 287 496 358 552; x_wconf 78' lang='grc' dir='ltr'><strong>οὐ</strong></span> <span class='ocrx_word' id='word_1_14' title='bbox 392 502 613 591; x_wconf 75' lang='grc' dir='ltr'>ποιήσει</span> <span class='ocrx_word' id='word_1_15' title='bbox 645 526 693 560; x_wconf 91' lang='grc' dir='ltr'><strong>τι</strong></span> <span class='ocrx_word' id='word_1_16' title='bbox 728 506 807 580; x_wconf 74' lang='grc' dir='ltr'>μὴ</span> <span class='ocrx_word' id='word_1_17' title='bbox 837 490 1192 591; x_wconf 56' lang='grc' dir='ltr'>διξασκομένη</span> <span class='ocrx_word' id='word_1_18' title='bbox 1226 530 1240 591; x_wconf 84' lang='grc'><strong>;</strong></span> <span class='ocrx_word' id='word_1_19' title='bbox 1309 519 1463 571; x_wconf 84' lang='grc' dir='ltr'>Ποιεϊ</span> <span class='ocrx_word' id='word_1_20' title='bbox 1490 513 1545 571; x_wconf 78' lang='grc' dir='ltr'><strong>δὲ</strong></span> <span class='ocrx_word' id='word_1_21' title='bbox 1576 490 1691 581; x_wconf 82' lang='grc' dir='ltr'>πῶς</span> <span class='ocrx_word' id='word_1_22' title='bbox 1722 520 1750 573; x_wconf 99' lang='lat'><strong>6</strong></span> <span class='ocrx_word' id='word_1_23' title='bbox 1782 490 1899 573; x_wconf 63' lang='grc' dir='ltr'><strong>Πάέ</strong></span> 
     </span>
    </p>
   </div>
   <div class='ocr_carea' id='block_1_4' title="bbox 210 583 1899 683">
    <p class='ocr_par' dir='ltr' id='par_1_4' title="bbox 210 583 1899 683">
     <span class='ocr_line' id='line_1_4' title="bbox 210 583 1899 683; baseline 0.003 -26"><span class='ocrx_word' id='word_1_24' title='bbox 210 583 344 683; x_wconf 36' lang='lat' dir='ltr'><strong>fit?)</strong></span> <span class='ocrx_word' id='word_1_25' title='bbox 387 588 425 657; x_wconf 67' lang='grc' dir='ltr'>ἢ</span> <span class='ocrx_word' id='word_1_26' title='bbox 489 592 831 667; x_wconf 75' lang='grc' dir='ltr'>πεποίηκενς</span> <span class='ocrx_word' id='word_1_27' title='bbox 881 585 1011 677; x_wconf 68' lang='grc' dir='ltr'><strong>Ἀρα</strong></span> <span class='ocrx_word' id='word_1_28' title='bbox 1067 598 1230 657; x_wconf 73' lang='grc' dir='ltr'>ἄλλον</span> <span class='ocrx_word' id='word_1_29' title='bbox 1278 604 1648 683; x_wconf 71' lang='grc' dir='ltr'>προύπέστησε</span> <span class='ocrx_word' id='word_1_30' title='bbox 1699 608 1899 683; x_wconf 82' lang='grc' dir='ltr'>κόσμνν</span> 
     </span>
    </p>
   </div>
   <div class='ocr_carea' id='block_1_5' title="bbox 212 672 1900 777">
    <p class='ocr_par' dir='ltr' id='par_1_5' title="bbox 212 672 1900 777">
     <span class='ocr_line' id='line_1_5' title="bbox 212 672 1900 777; baseline 0.016 -51"><span class='ocrx_word' id='word_1_31' title='bbox 212 672 339 777; x_wconf 71' lang='grc' dir='ltr'>αντὶ</span> <span class='ocrx_word' id='word_1_32' title='bbox 390 687 492 737; x_wconf 83' lang='grc' dir='ltr'>τοῦ</span> <span class='ocrx_word' id='word_1_33' title='bbox 533 683 813 763; x_wconf 81' lang='grc' dir='ltr'>πσρόντος,</span> <span class='ocrx_word' id='word_1_34' title='bbox 862 690 950 745; x_wconf 74' lang='grc' dir='ltr'>καὶ</span> <span class='ocrx_word' id='word_1_35' title='bbox 992 690 1282 760; x_wconf 76' lang='grc' dir='ltr'>ὑποστήσει</span> <span class='ocrx_word' id='word_1_36' title='bbox 1330 694 1419 749; x_wconf 82' lang='grc' dir='ltr'>τὸν</span> <span class='ocrx_word' id='word_1_37' title='bbox 1469 695 1751 777; x_wconf 73' lang='grc' dir='ltr'>μέλλοντα,</span> <span class='ocrx_word' id='word_1_38' title='bbox 1814 698 1900 753; x_wconf 83' lang='grc' dir='ltr'><strong>καὶ</strong></span> 
     </span>
    </p>
   </div>
   <div class='ocr_carea' id='block_1_6' title="bbox 204 765 1899 857">
    <p class='ocr_par' dir='ltr' id='par_1_6' title="bbox 204 765 1899 857">
     <span class='ocr_line' id='line_1_6' title="bbox 204 765 1899 857; baseline 0.012 -38"><span class='ocrx_word' id='word_1_39' title='bbox 204 765 355 857; x_wconf 61' lang='grc' dir='ltr'>πρὸς</span> <span class='ocrx_word' id='word_1_40' title='bbox 429 768 613 827; x_wconf 68' lang='grc' dir='ltr'>ἐκεῖνα</span> <span class='ocrx_word' id='word_1_41' title='bbox 656 773 871 849; x_wconf 81' lang='grc' dir='ltr'><strong>βλέπων</strong></span> <span class='ocrx_word' id='word_1_42' title='bbox 915 779 942 832; x_wconf 92' lang='lat'><strong>6</strong></span> <span class='ocrx_word' id='word_1_43' title='bbox 1004 779 1147 852; x_wconf 77' lang='grc' dir='ltr'><strong>Υἱὸς,</strong></span> <span class='ocrx_word' id='word_1_44' title='bbox 1212 782 1303 836; x_wconf 79' lang='grc' dir='ltr'>τὸν</span> <span class='ocrx_word' id='word_1_45' title='bbox 1352 765 1480 857; x_wconf 47' lang='grc' dir='ltr'>μέν’</span> <span class='ocrx_word' id='word_1_46' title='bbox 1510 765 1777 853; x_wconf 73' lang='grc' dir='ltr'>ὑπέστησε</span> <span class='ocrx_word' id='word_1_47' title='bbox 1808 787 1899 842; x_wconf 81' lang='grc' dir='ltr'>τὸν</span> 
     </span>
    </p>
   </div>
   <div class='ocr_carea' id='block_1_7' title="bbox 210 849 1897 953">
    <p class='ocr_par' dir='ltr' id='par_1_7' title="bbox 210 849 1897 953">
     <span class='ocr_line' id='line_1_7' title="bbox 210 849 1897 953; baseline 0.02 -45"><span class='ocrx_word' id='word_1_48' title='bbox 210 849 280 953; x_wconf 47' lang='grc' dir='ltr'><strong>εἳέ.</strong></span> <span class='ocrx_word' id='word_1_49' title='bbox 321 854 678 939; x_wconf 72' lang='grc' dir='ltr'><strong>ὑποστήσεις</strong></span> <span class='ocrx_word' id='word_1_50' title='bbox 740 864 1000 945; x_wconf 83' lang='grc' dir='ltr'>Τέσσαρες</span> <span class='ocrx_word' id='word_1_51' title='bbox 1044 867 1133 923; x_wconf 76' lang='grc' dir='ltr'>οὖν</span> <span class='ocrx_word' id='word_1_52' title='bbox 1192 869 1384 945; x_wconf 68' lang='grc' dir='ltr'>κόσμοι</span> <span class='ocrx_word' id='word_1_53' title='bbox 1434 870 1553 953; x_wconf 74' lang='grc'><strong>(16)</strong></span> <span class='ocrx_word' id='word_1_54' title='bbox 1612 876 1751 932; x_wconf 78' lang='grc' dir='ltr'>κατᾶ</span> <span class='ocrx_word' id='word_1_55' title='bbox 1807 876 1897 933; x_wconf 73' lang='grc' dir='ltr'>τὸν</span> 
     </span>
    </p>
   </div>
   <div class='ocr_carea' id='block_1_8' title="bbox 207 940 1898 1043">
    <p class='ocr_par' dir='ltr' id='par_1_8' title="bbox 207 940 1898 1043">
     <span class='ocr_line' id='line_1_8' title="bbox 207 940 1898 1043; baseline 0.017 -45"><span class='ocrx_word' id='word_1_56' title='bbox 207 940 394 1043; x_wconf 58' lang='grc' dir='ltr'>λόγον</span> <span class='ocrx_word' id='word_1_57' title='bbox 446 958 656 1033; x_wconf 73' lang='grc' dir='ltr'>τοῦτον,</span> <span class='ocrx_word' id='word_1_58' title='bbox 693 956 741 1013; x_wconf 79' lang='grc' dir='ltr'><strong>οι</strong></span> <span class='ocrx_word' id='word_1_59' title='bbox 795 954 892 1030; x_wconf 81' lang='grc' dir='ltr'>μὲν</span> <span class='ocrx_word' id='word_1_60' title='bbox 941 960 1171 1036; x_wconf 81' lang='grc' dir='ltr'>Πατρὸς,</span> <span class='ocrx_word' id='word_1_61' title='bbox 1222 963 1267 1016; x_wconf 78' lang='grc' dir='ltr'>οἱ</span> <span class='ocrx_word' id='word_1_62' title='bbox 1312 958 1367 1017; x_wconf 80' lang='grc' dir='ltr'><strong>δὲ</strong></span> <span class='ocrx_word' id='word_1_63' title='bbox 1429 966 1550 1023; x_wconf 73' lang='grc' dir='ltr'><strong>1⁸ἱοῦ</strong></span> <span class='ocrx_word' id='word_1_64' title='bbox 1593 967 1898 1041; x_wconf 79' lang='grc' dir='ltr'>ποιήματα..</span> 
     </span>
    </p>
   </div>
   <div class='ocr_carea' id='block_1_9' title="bbox 256 1037 1898 1133">
    <p class='ocr_par' dir='ltr' id='par_1_9' title="bbox 256 1037 1898 1133">
     <span class='ocr_line' id='line_1_9' title="bbox 256 1037 1898 1133; baseline 0.004 -28"><span class='ocrx_word' id='word_1_65' title='bbox 256 1044 303 1133; x_wconf 52' lang='grc' dir='ltr'><strong>ίξ</strong></span> <span class='ocrx_word' id='word_1_66' title='bbox 338 1037 448 1106; x_wconf 79' lang='grc' dir='ltr'><strong>τῆς</strong></span> <span class='ocrx_word' id='word_1_67' title='bbox 488 1039 708 1123; x_wconf 76' lang='grc' dir='ltr'>ἀλογίας</span> <span class='ocrx_word' id='word_1_68' title='bbox 756 1043 921 1126; x_wconf 71' lang='grc' dir='ltr'><strong>(17)ί</strong></span> <span class='ocrx_word' id='word_1_69' title='bbox 963 1052 1203 1127; x_wconf 81' lang='grc' dir='ltr'>Καθαίρει</span> <span class='ocrx_word' id='word_1_70' title='bbox 1235 1048 1289 1107; x_wconf 79' lang='grc' dir='ltr'><strong>δὲ</strong></span> <span class='ocrx_word' id='word_1_71' title='bbox 1351 1051 1575 1133; x_wconf 73' lang='grc' dir='ltr'>λέπρας,</span> <span class='ocrx_word' id='word_1_72' title='bbox 1637 1037 1740 1112; x_wconf 29' lang='grc' dir='ltr'><strong>καὶ.</strong></span> <span class='ocrx_word' id='word_1_73' title='bbox 1781 1054 1898 1111; x_wconf 84' lang='grc' dir='ltr'>δαι-</span> 
     </span>
    </p>
   </div>
   <div class='ocr_carea' id='block_1_10' title="bbox 214 1126 1897 1220">
    <p class='ocr_par' dir='ltr' id='par_1_10' title="bbox 214 1126 1897 1220">
     <span class='ocr_line' id='line_1_10' title="bbox 214 1126 1897 1220; baseline 0.011 -37"><span class='ocrx_word' id='word_1_74' title='bbox 214 1126 442 1220; x_wconf 72' lang='grc' dir='ltr'>μόνων,</span> <span class='ocrx_word' id='word_1_75' title='bbox 481 1135 569 1190; x_wconf 83' lang='grc' dir='ltr'>καὶ</span> <span class='ocrx_word' id='word_1_76' title='bbox 603 1137 772 1193; x_wconf 88' lang='grc' dir='ltr'>νόσων</span> <span class='ocrx_word' id='word_1_77' title='bbox 802 1126 1135 1196; x_wconf 81' lang='grc' dir='ltr'>ἀπαλλάττει</span> <span class='ocrx_word' id='word_1_78' title='bbox 1180 1140 1311 1220; x_wconf 83' lang='grc'>(18)</span> <span class='ocrx_word' id='word_1_79' title='bbox 1359 1126 1467 1200; x_wconf 34' lang='grc' dir='ltr'>καὶ-</span> <span class='ocrx_word' id='word_1_80' title='bbox 1504 1126 1765 1215; x_wconf 78' lang='grc' dir='ltr'>ζωοποιεῖ</span> <span class='ocrx_word' id='word_1_81' title='bbox 1807 1167 1897 1201; x_wconf 78' lang='grc' dir='ltr'>νε-</span> 
     </span>
    </p>
   </div>
   <div class='ocr_carea' id='block_1_11' title="bbox 210 1218 1899 1312">
    <p class='ocr_par' dir='ltr' id='par_1_11' title="bbox 210 1218 1899 1312">
     <span class='ocr_line' id='line_1_11' title="bbox 210 1218 1899 1312; baseline 0.007 -31"><span class='ocrx_word' id='word_1_82' title='bbox 210 1218 417 1301; x_wconf 82' lang='grc' dir='ltr'>κροὺς,</span> <span class='ocrx_word' id='word_1_83' title='bbox 485 1226 571 1280; x_wconf 83' lang='grc' dir='ltr'>καὶ</span> <span class='ocrx_word' id='word_1_84' title='bbox 627 1227 757 1304; x_wconf 81' lang='grc' dir='ltr'>ὑπὲρ</span> <span class='ocrx_word' id='word_1_85' title='bbox 798 1226 1074 1297; x_wconf 78' lang='grc' dir='ltr'><strong>θαλάσσης</strong></span> <span class='ocrx_word' id='word_1_86' title='bbox 1126 1218 1317 1312; x_wconf 73' lang='grc' dir='ltr'>ὅδευει,</span> <span class='ocrx_word' id='word_1_87' title='bbox 1379 1235 1467 1290; x_wconf 82' lang='grc' dir='ltr'>καὶ</span> <span class='ocrx_word' id='word_1_88' title='bbox 1534 1233 1705 1292; x_wconf 66' lang='grc' dir='ltr'>τᾶλλα</span> <span class='ocrx_word' id='word_1_89' title='bbox 1749 1235 1899 1293; x_wconf 85' lang='grc' dir='ltr'>ποιεῖ</span> 
     </span>
    </p>
   </div>
   <div class='ocr_carea' id='block_1_12' title="bbox 214 1307 1900 1409">
    <p class='ocr_par' dir='ltr' id='par_1_12' title="bbox 214 1307 1900 1409">
     <span class='ocr_line' id='line_1_12' title="bbox 214 1307 1900 1409; baseline 0.012 -47"><span class='ocrx_word' id='word_1_90' title='bbox 214 1307 325 1365; x_wconf 81' lang='grc' dir='ltr'>ὅσα</span> <span class='ocrx_word' id='word_1_91' title='bbox 360 1314 687 1389; x_wconf 74' lang='grc' dir='ltr'>πεποίηκεν,</span> <span class='ocrx_word' id='word_1_92' title='bbox 722 1315 807 1375; x_wconf 82' lang='grc' dir='ltr'><strong>ἐπὶ</strong></span> <span class='ocrx_word' id='word_1_93' title='bbox 839 1319 1002 1409; x_wconf 65' lang='grc' dir='ltr'>τίνος,</span> <span class='ocrx_word' id='word_1_94' title='bbox 1054 1320 1088 1389; x_wconf 74' lang='grc' dir='ltr'><strong>ἢ</strong></span> <span class='ocrx_word' id='word_1_95' title='bbox 1146 1322 1277 1379; x_wconf 88' lang='grc' dir='ltr'>πότε</span> <span class='ocrx_word' id='word_1_96' title='bbox 1302 1307 1313 1312; x_wconf 47' lang='grc'><em>’</em></span> <span class='ocrx_word' id='word_1_97' title='bbox 1336 1330 1430 1381; x_wconf 80' lang='grc' dir='ltr'>τοῦ</span> <span class='ocrx_word' id='word_1_98' title='bbox 1478 1327 1679 1402; x_wconf 75' lang='grc' dir='ltr'>[ἰατρὸς</span> <span class='ocrx_word' id='word_1_99' title='bbox 1734 1332 1900 1382; x_wconf 78' lang='grc' dir='ltr'>ταῦτα</span> 
     </span>
    </p>
   </div>
   <div class='ocr_carea' id='block_1_13' title="bbox 208 1404 1896 1493">
    <p class='ocr_par' dir='ltr' id='par_1_13' title="bbox 208 1404 1896 1493">
     <span class='ocr_line' id='line_1_13' title="bbox 208 1404 1896 1493; baseline 0.012 -41"><span class='ocrx_word' id='word_1_100' title='bbox 208 1404 726 1493; x_wconf 75' lang='grc' dir='ltr'>προενεργήσαντος</span> <span class='ocrx_word' id='word_1_101' title='bbox 766 1426 782 1482; x_wconf 85' lang='lat'><strong>;</strong></span> <span class='ocrx_word' id='word_1_102' title='bbox 815 1404 905 1465; x_wconf 74' lang='grc' dir='ltr'><strong>Ἠ</strong></span> <span class='ocrx_word' id='word_1_103' title='bbox 935 1407 1121 1484; x_wconf 79' lang='grc' dir='ltr'>δῆλον,</span> <span class='ocrx_word' id='word_1_104' title='bbox 1167 1411 1249 1468; x_wconf 82' lang='grc' dir='ltr'><strong>ὅτι</strong></span> <span class='ocrx_word' id='word_1_105' title='bbox 1277 1418 1384 1470; x_wconf 81' lang='grc' dir='ltr'>τῶν</span> <span class='ocrx_word' id='word_1_106' title='bbox 1436 1418 1607 1472; x_wconf 76' lang='grc' dir='ltr'>αὐτῶν</span> <span class='ocrx_word' id='word_1_107' title='bbox 1638 1416 1896 1493; x_wconf 73' lang='grc' dir='ltr'>πραγμά-</span> 
     </span>
    </p>
   </div>
   <div class='ocr_carea' id='block_1_14' title="bbox 212 1492 1898 1585">
    <p class='ocr_par' dir='ltr' id='par_1_14' title="bbox 212 1492 1898 1585">
     <span class='ocr_line' id='line_1_14' title="bbox 212 1492 1898 1585; baseline 0.01 -40"><span class='ocrx_word' id='word_1_108' title='bbox 212 1508 332 1585; x_wconf 64' lang='grc' dir='ltr'><strong>των</strong></span> <span class='ocrx_word' id='word_1_109' title='bbox 359 1492 500 1585; x_wconf 50' lang='grc' dir='ltr'>τοὺς</span> <span class='ocrx_word' id='word_1_110' title='bbox 535 1497 729 1559; x_wconf 78' lang='grc' dir='ltr'><strong>τύπους</strong></span> <span class='ocrx_word' id='word_1_111' title='bbox 791 1498 1165 1575; x_wconf 71' lang='grc' dir='ltr'><strong>ἐνσημαίνεται</strong></span> <span class='ocrx_word' id='word_1_112' title='bbox 1225 1504 1321 1577; x_wconf 81' lang='grc' dir='ltr'>μὲν</span> <span class='ocrx_word' id='word_1_113' title='bbox 1381 1506 1408 1560; x_wconf 86' lang='lat'><strong>6</strong></span> <span class='ocrx_word' id='word_1_114' title='bbox 1465 1492 1898 1585; x_wconf 49' lang='lat' dir='ltr'><strong>Hatﬁp,éﬁt1$-</strong></span> 
     </span>
    </p>
   </div>
   <div class='ocr_carea' id='block_1_15' title="bbox 216 1574 1900 1669">
    <p class='ocr_par' dir='ltr' id='par_1_15' title="bbox 216 1574 1900 1669">
     <span class='ocr_line' id='line_1_15' title="bbox 216 1574 1900 1669; baseline 0.012 -38"><span class='ocrx_word' id='word_1_115' title='bbox 216 1574 318 1634; x_wconf 71' lang='grc' dir='ltr'><strong>λετ</strong></span> <span class='ocrx_word' id='word_1_116' title='bbox 352 1576 414 1635; x_wconf 76' lang='grc' dir='ltr'>δὲ</span> <span class='ocrx_word' id='word_1_117' title='bbox 450 1584 478 1639; x_wconf 94' lang='lat'><strong>6</strong></span> <span class='ocrx_word' id='word_1_118' title='bbox 510 1584 706 1662; x_wconf 77' lang='grc' dir='ltr'>Λόγος,</span> <span class='ocrx_word' id='word_1_119' title='bbox 761 1591 821 1647; x_wconf 74' lang='grc' dir='ltr'>οὗ</span> <span class='ocrx_word' id='word_1_120' title='bbox 853 1574 1130 1666; x_wconf 76' lang='grc' dir='ltr'>δουλικῶς,</span> <span class='ocrx_word' id='word_1_121' title='bbox 1182 1574 1297 1651; x_wconf 63' lang='grc' dir='ltr'>οὗδὲ</span> <span class='ocrx_word' id='word_1_122' title='bbox 1350 1593 1592 1669; x_wconf 78' lang='grc' dir='ltr'><strong>ἀμαθῶς,</strong></span> <span class='ocrx_word' id='word_1_123' title='bbox 1621 1574 1743 1651; x_wconf 57' lang='grc' dir='ltr'>αλλ’</span> <span class='ocrx_word' id='word_1_124' title='bbox 1774 1594 1900 1653; x_wconf 80' lang='grc' dir='ltr'>ἐπι-</span> 
     </span>
    </p>
   </div>
   <div class='ocr_carea' id='block_1_16' title="bbox 218 1676 1897 1765">
    <p class='ocr_par' dir='ltr' id='par_1_16' title="bbox 218 1676 1897 1765">
     <span class='ocr_line' id='line_1_16' title="bbox 218 1676 1897 1765; baseline 0.013 -44"><span class='ocrx_word' id='word_1_125' title='bbox 218 1679 588 1743; x_wconf 83' lang='grc' dir='ltr'>στημονικῶς</span> <span class='ocrx_word' id='word_1_126' title='bbox 650 1697 707 1732; x_wconf 86' lang='grc' dir='ltr'><strong>τε</strong></span> <span class='ocrx_word' id='word_1_127' title='bbox 765 1680 854 1734; x_wconf 84' lang='grc' dir='ltr'>καὶ</span> <span class='ocrx_word' id='word_1_128' title='bbox 924 1676 1277 1761; x_wconf 69' lang='grc' dir='ltr'>δεσποτικῶς,</span> <span class='ocrx_word' id='word_1_129' title='bbox 1323 1685 1410 1739; x_wconf 78' lang='grc' dir='ltr'>καὶ</span> <span class='ocrx_word' id='word_1_130' title='bbox 1458 1686 1775 1765; x_wconf 73' lang='grc' dir='ltr'>οἰκειότερον</span> <span class='ocrx_word' id='word_1_131' title='bbox 1819 1686 1897 1742; x_wconf 81' lang='grc' dir='ltr'>εί-</span> 
     </span>
    </p>
   </div>
   <div class='ocr_carea' id='block_1_17' title="bbox 216 1758 1902 1855">
    <p class='ocr_par' dir='ltr' id='par_1_17' title="bbox 216 1758 1902 1855">
     <span class='ocr_line' id='line_1_17' title="bbox 216 1758 1902 1855; baseline 0.012 -44"><span class='ocrx_word' id='word_1_132' title='bbox 216 1758 382 1828; x_wconf 78' lang='grc' dir='ltr'>πεῖν,</span> <span class='ocrx_word' id='word_1_133' title='bbox 421 1771 705 1841; x_wconf 72' lang='grc' dir='ltr'>πατρικῶς</span> <span class='ocrx_word' id='word_1_134' title='bbox 746 1786 761 1840; x_wconf 87' lang='grc'><strong>;</strong></span> <span class='ocrx_word' id='word_1_135' title='bbox 793 1768 942 1826; x_wconf 68' lang='grc' dir='ltr'>Οὕτω</span> <span class='ocrx_word' id='word_1_136' title='bbox 971 1771 1071 1847; x_wconf 86' lang='grc' dir='ltr'><strong>γὰρ</strong></span> <span class='ocrx_word' id='word_1_137' title='bbox 1100 1770 1209 1851; x_wconf 83' lang='grc' dir='ltr'><strong>ἐγὼ</strong></span> <span class='ocrx_word' id='word_1_138' title='bbox 1234 1770 1473 1853; x_wconf 82' lang='grc' dir='ltr'>δέχομαε</span> <span class='ocrx_word' id='word_1_139' title='bbox 1501 1776 1587 1855; x_wconf 73' lang='grc' dir='ltr'><strong>τὸ,</strong></span> <span class='ocrx_word' id='word_1_140' title='bbox 1622 1772 1754 1855; x_wconf 76' lang='grc' dir='ltr'>ἅπερ</span> <span class='ocrx_word' id='word_1_141' title='bbox 1802 1777 1902 1832; x_wconf 73' lang='grc' dir='ltr'><strong>ὕπὸ</strong></span> 
     </span>
    </p>
   </div>
   <div class='ocr_carea' id='block_1_18' title="bbox 217 1851 1902 1941">
    <p class='ocr_par' dir='ltr' id='par_1_18' title="bbox 217 1851 1902 1941">
     <span class='ocr_line' id='line_1_18' title="bbox 217 1851 1902 1941; baseline 0.011 -37"><span class='ocrx_word' id='word_1_142' title='bbox 217 1851 319 1905; x_wconf 78' lang='grc' dir='ltr'>τοῦ</span> <span class='ocrx_word' id='word_1_143' title='bbox 399 1856 612 1927; x_wconf 84' lang='grc' dir='ltr'>Πατρὸς</span> <span class='ocrx_word' id='word_1_144' title='bbox 671 1858 894 1935; x_wconf 75' lang='grc' dir='ltr'>γίνεται,</span> <span class='ocrx_word' id='word_1_145' title='bbox 978 1868 1141 1918; x_wconf 82' lang='grc' dir='ltr'>ταῦτα</span> <span class='ocrx_word' id='word_1_146' title='bbox 1218 1864 1306 1919; x_wconf 82' lang='grc' dir='ltr'>καὶ</span> <span class='ocrx_word' id='word_1_147' title='bbox 1363 1865 1454 1920; x_wconf 83' lang='grc' dir='ltr'>τὸν</span> <span class='ocrx_word' id='word_1_148' title='bbox 1513 1866 1633 1921; x_wconf 78' lang='grc' dir='ltr'><strong>Υἱὸν</strong></span> <span class='ocrx_word' id='word_1_149' title='bbox 1704 1866 1902 1941; x_wconf 75' lang='grc' dir='ltr'>ὁμοίως</span> 
     </span>
    </p>
   </div>
   <div class='ocr_carea' id='block_1_19' title="bbox 221 1947 1903 2029">
    <p class='ocr_par' dir='ltr' id='par_1_19' title="bbox 221 1947 1903 2029">
     <span class='ocr_line' id='line_1_19' title="bbox 221 1947 1903 2029; baseline 0.011 -36"><span class='ocrx_word' id='word_1_150' title='bbox 221 1953 415 1996; x_wconf 73' lang='grc' dir='ltr'>ποιεῖν</span> <span class='ocrx_word' id='word_1_151' title='bbox 453 1960 470 1975; x_wconf 87' lang='grc'>⁶</span> <span class='ocrx_word' id='word_1_152' title='bbox 521 1947 581 2003; x_wconf 76' lang='grc' dir='ltr'>οὐ</span> <span class='ocrx_word' id='word_1_153' title='bbox 624 1947 760 2007; x_wconf 73' lang='grc' dir='ltr'>κατὰ</span> <span class='ocrx_word' id='word_1_154' title='bbox 790 1948 886 2016; x_wconf 79' lang='grc' dir='ltr'><strong>τὴν</strong></span> <span class='ocrx_word' id='word_1_155' title='bbox 936 1956 1041 2006; x_wconf 83' lang='grc' dir='ltr'>τῶν</span> <span class='ocrx_word' id='word_1_156' title='bbox 1090 1952 1383 2029; x_wconf 77' lang='grc' dir='ltr'>γινομένων</span> <span class='ocrx_word' id='word_1_157' title='bbox 1427 1956 1705 2029; x_wconf 79' lang='grc' dir='ltr'>ὁμοίωσιν,</span> <span class='ocrx_word' id='word_1_158' title='bbox 1766 1954 1903 2011; x_wconf 71' lang='grc' dir='ltr'>ἀλλὰ</span> 
     </span>
    </p>
   </div>
   <div class='ocr_carea' id='block_1_20' title="bbox 222 2030 1903 2118">
    <p class='ocr_par' dir='ltr' id='par_1_20' title="bbox 222 2030 1903 2118">
     <span class='ocr_line' id='line_1_20' title="bbox 222 2030 1903 2118; baseline 0.009 -33"><span class='ocrx_word' id='word_1_159' title='bbox 222 2030 374 2086; x_wconf 79' lang='grc' dir='ltr'>κατὰ</span> <span class='ocrx_word' id='word_1_160' title='bbox 436 2034 539 2101; x_wconf 71' lang='grc' dir='ltr'><strong>τὴν</strong></span> <span class='ocrx_word' id='word_1_161' title='bbox 584 2036 703 2115; x_wconf 84' lang='grc'><strong>(19)</strong></span> <span class='ocrx_word' id='word_1_162' title='bbox 738 2044 836 2105; x_wconf 82' lang='grc' dir='ltr'>τῆς</span> <span class='ocrx_word' id='word_1_163' title='bbox 881 2038 1113 2105; x_wconf 79' lang='grc' dir='ltr'>ἐξουσίας</span> <span class='ocrx_word' id='word_1_164' title='bbox 1174 2045 1457 2118; x_wconf 86' lang='grc' dir='ltr'>ὁμοτιμίαν</span> <span class='ocrx_word' id='word_1_165' title='bbox 1491 2060 1504 2074; x_wconf 87' lang='grc'>⁶</span> <span class='ocrx_word' id='word_1_166' title='bbox 1540 2046 1627 2101; x_wconf 82' lang='grc' dir='ltr'>καὶ</span> <span class='ocrx_word' id='word_1_167' title='bbox 1657 2052 1812 2102; x_wconf 76' lang='grc' dir='ltr'>τοῦτο</span> <span class='ocrx_word' id='word_1_168' title='bbox 1842 2043 1903 2100; x_wconf 79' lang='grc' dir='ltr'><strong>ἂν</strong></span> 
     </span>
    </p>
   </div>
   <div class='ocr_carea' id='block_1_21' title="bbox 222 2119 1901 2211">
    <p class='ocr_par' dir='ltr' id='par_1_21' title="bbox 222 2119 1901 2211">
     <span class='ocr_line' id='line_1_21' title="bbox 222 2119 1901 2211; baseline 0.009 -34"><span class='ocrx_word' id='word_1_169' title='bbox 222 2119 320 2188; x_wconf 76' lang='grc' dir='ltr'><strong>εἴη</strong></span> <span class='ocrx_word' id='word_1_170' title='bbox 355 2124 447 2196; x_wconf 83' lang='grc' dir='ltr'><strong>τὸ,</strong></span> <span class='ocrx_word' id='word_1_171' title='bbox 478 2124 582 2188; x_wconf 75' lang='grc' dir='ltr'>ἕως</span> <span class='ocrx_word' id='word_1_172' title='bbox 615 2126 729 2205; x_wconf 77' lang='grc' dir='ltr'>ἄρτι</span> <span class='ocrx_word' id='word_1_173' title='bbox 766 2130 850 2185; x_wconf 82' lang='grc' dir='ltr'>καὶ</span> <span class='ocrx_word' id='word_1_174' title='bbox 905 2130 992 2187; x_wconf 77' lang='grc' dir='ltr'>τὸν</span> <span class='ocrx_word' id='word_1_175' title='bbox 1050 2131 1255 2211; x_wconf 87' lang='grc' dir='ltr'>Πατέρα</span> <span class='ocrx_word' id='word_1_176' title='bbox 1301 2132 1627 2211; x_wconf 77' lang='grc' dir='ltr'>ἐργάζεσθαι,</span> <span class='ocrx_word' id='word_1_177' title='bbox 1681 2134 1769 2191; x_wconf 81' lang='grc' dir='ltr'>καὶ</span> <span class='ocrx_word' id='word_1_178' title='bbox 1810 2136 1901 2192; x_wconf 81' lang='grc' dir='ltr'><strong>τὸν</strong></span> 
     </span>
    </p>
   </div>
   <div class='ocr_carea' id='block_1_22' title="bbox 227 2212 1900 2305">
    <p class='ocr_par' dir='ltr' id='par_1_22' title="bbox 227 2212 1900 2305">
     <span class='ocr_line' id='line_1_22' title="bbox 227 2212 1900 2305; baseline 0.01 -38"><span class='ocrx_word' id='word_1_179' title='bbox 227 2212 355 2269; x_wconf 79' lang='grc' dir='ltr'>Υἱόν</span> <span class='ocrx_word' id='word_1_180' title='bbox 395 2234 412 2250; x_wconf 92' lang='grc'>·</span> <span class='ocrx_word' id='word_1_181' title='bbox 450 2217 510 2271; x_wconf 72' lang='grc' dir='ltr'><strong>οὐ</strong></span> <span class='ocrx_word' id='word_1_182' title='bbox 542 2217 706 2291; x_wconf 86' lang='grc' dir='ltr'>μόνον</span> <span class='ocrx_word' id='word_1_183' title='bbox 730 2217 808 2295; x_wconf 72' lang='grc' dir='ltr'><strong>δὲ,</strong></span> <span class='ocrx_word' id='word_1_184' title='bbox 843 2219 981 2277; x_wconf 76' lang='grc' dir='ltr'>ἀλλὰ</span> <span class='ocrx_word' id='word_1_185' title='bbox 1011 2222 1099 2278; x_wconf 77' lang='grc' dir='ltr'>καὶ</span> <span class='ocrx_word' id='word_1_186' title='bbox 1142 2223 1264 2298; x_wconf 73' lang='grc' dir='ltr'>τὴν,</span> <span class='ocrx_word' id='word_1_187' title='bbox 1312 2225 1385 2278; x_wconf 79' lang='grc' dir='ltr'>ὧν</span> <span class='ocrx_word' id='word_1_188' title='bbox 1429 2225 1721 2291; x_wconf 85' lang='grc' dir='ltr'>πεποίηκεν</span> <span class='ocrx_word' id='word_1_189' title='bbox 1753 2223 1900 2305; x_wconf 72' lang='grc'><strong>(20),</strong></span> 
     </span>
    </p>
   </div>
   <div class='ocr_carea' id='block_1_23' title="bbox 226 2308 1902 2392">
    <p class='ocr_par' dir='ltr' id='par_1_23' title="bbox 226 2308 1902 2392">
     <span class='ocr_line' id='line_1_23' title="bbox 226 2308 1902 2392; baseline 0.007 -31"><span class='ocrx_word' id='word_1_190' title='bbox 226 2308 549 2385; x_wconf 77' lang='grc' dir='ltr'>οἰκονομίαν</span> <span class='ocrx_word' id='word_1_191' title='bbox 595 2332 653 2366; x_wconf 82' lang='grc' dir='ltr'><strong>τε</strong></span> <span class='ocrx_word' id='word_1_192' title='bbox 684 2312 770 2367; x_wconf 80' lang='grc' dir='ltr'><strong>καὶ</strong></span> <span class='ocrx_word' id='word_1_193' title='bbox 815 2313 1159 2392; x_wconf 76' lang='grc' dir='ltr'>συντήρησιν,</span> <span class='ocrx_word' id='word_1_194' title='bbox 1220 2315 1294 2377; x_wconf 86' lang='grc' dir='ltr'>ὡς</span> <span class='ocrx_word' id='word_1_195' title='bbox 1327 2311 1487 2381; x_wconf 79' lang='grc' dir='ltr'>δηλοῖ</span> <span class='ocrx_word' id='word_1_196' title='bbox 1510 2316 1595 2387; x_wconf 81' lang='grc' dir='ltr'><strong>τὸ,</strong></span> <span class='ocrx_word' id='word_1_197' title='bbox 1629 2319 1902 2372; x_wconf 73' lang='grc' dir='ltr'>ποιεῖσθαι</span> 
     </span>
    </p>
   </div>
   <div class='ocr_carea' id='block_1_24' title="bbox 230 2398 1899 2480">
    <p class='ocr_par' dir='ltr' id='par_1_24' title="bbox 230 2398 1899 2480">
     <span class='ocr_line' id='line_1_24' title="bbox 230 2398 1899 2480; baseline 0.003 -25"><span class='ocrx_word' id='word_1_198' title='bbox 230 2400 359 2465; x_wconf 78' lang='grc' dir='ltr'>τοὺς</span> <span class='ocrx_word' id='word_1_199' title='bbox 426 2398 687 2479; x_wconf 79' lang='grc' dir='ltr'>ἀγγέλους</span> <span class='ocrx_word' id='word_1_200' title='bbox 732 2403 892 2459; x_wconf 73' lang='grc' dir='ltr'><strong>αὖτοῦ</strong></span> <span class='ocrx_word' id='word_1_201' title='bbox 962 2402 1261 2478; x_wconf 79' lang='grc' dir='ltr'>πνεύματα,</span> <span class='ocrx_word' id='word_1_202' title='bbox 1333 2405 1448 2478; x_wconf 82' lang='grc' dir='ltr'>καὶ,</span> <span class='ocrx_word' id='word_1_203' title='bbox 1535 2403 1899 2480; x_wconf 78' lang='grc' dir='ltr'>θεμελιοῦσθαι</span> 
     </span>
    </p>
   </div>
   <div class='ocr_carea' id='block_1_25' title="bbox 234 2491 1905 2573">
    <p class='ocr_par' dir='ltr' id='par_1_25' title="bbox 234 2491 1905 2573">
     <span class='ocr_line' id='line_1_25' title="bbox 234 2491 1905 2573; baseline 0.005 -28"><span class='ocrx_word' id='word_1_204' title='bbox 234 2491 338 2556; x_wconf 70' lang='grc' dir='ltr'><strong>τὴν</strong></span> <span class='ocrx_word' id='word_1_205' title='bbox 369 2496 478 2569; x_wconf 75' lang='grc' dir='ltr'>γῆν</span> <span class='ocrx_word' id='word_1_206' title='bbox 508 2492 594 2547; x_wconf 57' lang='grc' dir='ltr'>ἐπὶ</span> <span class='ocrx_word' id='word_1_207' title='bbox 654 2492 753 2559; x_wconf 77' lang='grc' dir='ltr'>τὴν</span> <span class='ocrx_word' id='word_1_208' title='bbox 810 2492 1099 2573; x_wconf 74' lang='grc' dir='ltr'>ἀσφάλειαν</span> <span class='ocrx_word' id='word_1_209' title='bbox 1160 2493 1323 2561; x_wconf 50' lang='lat' dir='ltr'><strong>mihi};</strong></span> <span class='ocrx_word' id='word_1_210' title='bbox 1360 2508 1376 2523; x_wconf 85' lang='lat'><strong>&#39;</strong></span> <span class='ocrx_word' id='word_1_211' title='bbox 1411 2491 1550 2560; x_wconf 73' lang='grc' dir='ltr'>ἅπαξ</span> <span class='ocrx_word' id='word_1_212' title='bbox 1601 2492 1905 2572; x_wconf 78' lang='grc' dir='ltr'>ἧδρασμένα</span> 
     </span>
    </p>
   </div>
   <div class='ocr_carea' id='block_1_26' title="bbox 237 2582 1899 2663">
    <p class='ocr_par' dir='ltr' id='par_1_26' title="bbox 237 2582 1899 2663">
     <span class='ocr_line' id='line_1_26' title="bbox 237 2582 1899 2663; baseline 0.003 -27"><span class='ocrx_word' id='word_1_213' title='bbox 237 2601 296 2636; x_wconf 79' lang='grc' dir='ltr'><strong>τε</strong></span> <span class='ocrx_word' id='word_1_214' title='bbox 342 2582 435 2637; x_wconf 79' lang='grc' dir='ltr'>καὶ</span> <span class='ocrx_word' id='word_1_215' title='bbox 468 2583 729 2659; x_wconf 82' lang='grc' dir='ltr'>γενόμενα</span> <span class='ocrx_word' id='word_1_216' title='bbox 765 2599 779 2613; x_wconf 87' lang='lat'><strong>&#39;</strong></span> <span class='ocrx_word' id='word_1_217' title='bbox 842 2585 932 2639; x_wconf 72' lang='grc' dir='ltr'><strong>καὶ</strong></span> <span class='ocrx_word' id='word_1_218' title='bbox 988 2587 1293 2663; x_wconf 75' lang='grc' dir='ltr'>στεροῦσθαι</span> <span class='ocrx_word' id='word_1_219' title='bbox 1328 2584 1581 2663; x_wconf 77' lang='grc' dir='ltr'>βροντὴν,</span> <span class='ocrx_word' id='word_1_220' title='bbox 1641 2586 1730 2641; x_wconf 86' lang='grc' dir='ltr'>καὶ</span> <span class='ocrx_word' id='word_1_221' title='bbox 1786 2587 1899 2641; x_wconf 83' lang='grc' dir='ltr'>κτί-</span> 
     </span>
    </p>
   </div>
   <div class='ocr_carea' id='block_1_27' title="bbox 239 2672 1900 2754">
    <p class='ocr_par' dir='ltr' id='par_1_27' title="bbox 239 2672 1900 2754">
     <span class='ocr_line' id='line_1_27' title="bbox 239 2672 1900 2754; baseline 0.003 -29"><span class='ocrx_word' id='word_1_222' title='bbox 239 2674 424 2741; x_wconf 79' lang='grc' dir='ltr'>ζεσθαι</span> <span class='ocrx_word' id='word_1_223' title='bbox 455 2672 684 2747; x_wconf 70' lang='grc' dir='ltr'>πνεῦμα,</span> <span class='ocrx_word' id='word_1_224' title='bbox 717 2676 790 2729; x_wconf 83' lang='grc' dir='ltr'>ὧν</span> <span class='ocrx_word' id='word_1_225' title='bbox 820 2672 958 2739; x_wconf 72' lang='grc' dir='ltr'>ἅπαξ</span> <span class='ocrx_word' id='word_1_226' title='bbox 1005 2675 1104 2750; x_wconf 80' lang='grc' dir='ltr'>μὲν</span> <span class='ocrx_word' id='word_1_227' title='bbox 1148 2677 1175 2731; x_wconf 75' lang='lat'><strong>6</strong></span> <span class='ocrx_word' id='word_1_228' title='bbox 1211 2673 1371 2753; x_wconf 83' lang='grc' dir='ltr'>λόγος</span> <span class='ocrx_word' id='word_1_229' title='bbox 1401 2673 1629 2742; x_wconf 82' lang='grc' dir='ltr'>ὑπέστη,</span> <span class='ocrx_word' id='word_1_230' title='bbox 1664 2676 1900 2754; x_wconf 75' lang='grc' dir='ltr'>συνοχὴς</span> 
     </span>
    </p>
   </div>
   <div class='ocr_carea' id='block_1_28' title="bbox 242 2759 891 2843">
    <p class='ocr_par' dir='ltr' id='par_1_28' title="bbox 242 2759 891 2843">
     <span class='ocr_line' id='line_1_28' title="bbox 242 2759 891 2843; baseline 0.011 -26"><span class='ocrx_word' id='word_1_231' title='bbox 242 2759 298 2817; x_wconf 73' lang='grc' dir='ltr'><strong>δὲ</strong></span> <span class='ocrx_word' id='word_1_232' title='bbox 328 2762 420 2818; x_wconf 78' lang='grc' dir='ltr'><strong>καὶ</strong></span> <span class='ocrx_word' id='word_1_233' title='bbox 451 2771 537 2820; x_wconf 86' lang='grc' dir='ltr'>νῦν</span> <span class='ocrx_word' id='word_1_234' title='bbox 567 2765 600 2832; x_wconf 81' lang='grc' dir='ltr'>ἡ</span> <span class='ocrx_word' id='word_1_235' title='bbox 633 2763 891 2843; x_wconf 80' lang='grc' dir='ltr'>ἐνέργεια.</span> 
     </span>
    </p>
   </div>
   <div class='ocr_carea' id='block_1_29' title="bbox 1286 287 2606 360">
    <p class='ocr_par' dir='ltr' id='par_1_29' title="bbox 1286 287 2606 360">
     <span class='ocr_line' id='line_1_29' title="bbox 1286 287 2606 360; baseline 0.002 -7"><span class='ocrx_word' id='word_1_236' title='bbox 1286 291 1571 358; x_wconf 82' lang='lat' dir='ltr'><strong>ORATIO</strong></span> <span class='ocrx_word' id='word_1_237' title='bbox 1614 292 1806 360; x_wconf 84' lang='lat' dir='ltr'><strong>XXX.</strong></span> <span class='ocrx_word' id='word_1_238' title='bbox 1859 322 1929 335; x_wconf 90' lang='lat'><strong>-—</strong></span> <span class='ocrx_word' id='word_1_239' title='bbox 1978 287 2465 355; x_wconf 83' lang='lat' dir='ltr'><strong>THEOLOGIGA</strong></span> <span class='ocrx_word' id='word_1_240' title='bbox 2503 289 2606 356; x_wconf 90' lang='lat' dir='ltr'><strong>IV.</strong></span> 
     </span>
    </p>
   </div>
   <div class='ocr_carea' id='block_1_30' title="bbox 3516 287 3630 357">
    <p class='ocr_par' dir='ltr' id='par_1_30' title="bbox 3516 287 3630 357">
     <span class='ocr_line' id='line_1_30' title="bbox 3516 287 3630 357; baseline 0 -3"><span class='ocrx_word' id='word_1_241' title='bbox 3516 287 3630 357; x_wconf 87' lang='grc'><strong>118</strong></span> 
     </span>
    </p>
   </div>
   <div class='ocr_carea' id='block_1_31' title="bbox 1924 422 3629 506">
    <p class='ocr_par' dir='ltr' id='par_1_31' title="bbox 1924 422 3629 506">
     <span class='ocr_line' id='line_1_31' title="bbox 1924 422 3629 506; baseline 0.003 -24"><span class='ocrx_word' id='word_1_242' title='bbox 1924 432 1962 482; x_wconf 80' lang='grc' dir='ltr'><strong>Α</strong></span> <span class='ocrx_word' id='word_1_243' title='bbox 1988 422 2298 504; x_wconf 84' lang='lat' dir='ltr'><strong>piendum,</strong></span> <span class='ocrx_word' id='word_1_244' title='bbox 2331 423 2489 504; x_wconf 91' lang='lat' dir='ltr'><strong>quod</strong></span> <span class='ocrx_word' id='word_1_245' title='bbox 2521 426 2753 485; x_wconf 80' lang='lat' dir='ltr'><strong>Patrem</strong></span> <span class='ocrx_word' id='word_1_246' title='bbox 2784 424 3099 486; x_wconf 74' lang='lat' dir='ltr'><strong>facientem</strong></span> <span class='ocrx_word' id='word_1_247' title='bbox 3134 424 3336 487; x_wconf 90' lang='lat' dir='ltr'><strong>videre</strong></span> <span class='ocrx_word' id='word_1_248' title='bbox 3388 426 3629 506; x_wconf 90' lang='lat' dir='ltr'><strong>dicitur,</strong></span> 
     </span>
    </p>
   </div>
   <div class='ocr_carea' id='block_1_32' title="bbox 1984 512 3633 594">
    <p class='ocr_par' dir='ltr' id='par_1_32' title="bbox 1984 512 3633 594">
     <span class='ocr_line' id='line_1_32' title="bbox 1984 512 3633 594; baseline 0.003 -22"><span class='ocrx_word' id='word_1_249' title='bbox 1984 522 2162 593; x_wconf 78' lang='lat' dir='ltr'><strong>atque</strong></span> <span class='ocrx_word' id='word_1_250' title='bbox 2195 513 2277 575; x_wconf 91' lang='lat' dir='ltr'><strong>ita</strong></span> <span class='ocrx_word' id='word_1_251' title='bbox 2328 513 2523 575; x_wconf 85' lang='lat' dir='ltr'><strong>facere</strong></span> <span class='ocrx_word' id='word_1_252' title='bbox 2556 512 2651 576; x_wconf 81' lang='lat'><strong>33?</strong></span> <span class='ocrx_word' id='word_1_253' title='bbox 2681 532 2755 575; x_wconf 91' lang='lat' dir='ltr'><strong>an</strong></span> <span class='ocrx_word' id='word_1_254' title='bbox 2804 522 2863 575; x_wconf 86' lang='lat' dir='ltr'><strong>ut</strong></span> <span class='ocrx_word' id='word_1_255' title='bbox 2896 514 2992 594; x_wconf 89' lang='lat' dir='ltr'><strong>qui</strong></span> <span class='ocrx_word' id='word_1_256' title='bbox 3044 514 3264 575; x_wconf 83' lang='lat' dir='ltr'><strong>formas</strong></span> <span class='ocrx_word' id='word_1_257' title='bbox 3295 534 3363 577; x_wconf 91' lang='lat' dir='ltr'><strong>ac</strong></span> <span class='ocrx_word' id='word_1_258' title='bbox 3406 516 3633 577; x_wconf 76' lang='lat' dir='ltr'><strong>litteras</strong></span> 
     </span>
    </p>
   </div>
   <div class='ocr_carea' id='block_1_33' title="bbox 1988 604 3628 688">
    <p class='ocr_par' dir='ltr' id='par_1_33' title="bbox 1988 604 3628 688">
     <span class='ocr_line' id='line_1_33' title="bbox 1988 604 3628 688; baseline 0.004 -27"><span class='ocrx_word' id='word_1_259' title='bbox 1988 604 2336 682; x_wconf 84' lang='lat' dir='ltr'><strong>pingunt,eo</strong></span> <span class='ocrx_word' id='word_1_260' title='bbox 2356 604 2511 685; x_wconf 90' lang='lat' dir='ltr'><strong>quod</strong></span> <span class='ocrx_word' id='word_1_261' title='bbox 2536 607 2841 666; x_wconf 86' lang='lat' dir='ltr'><strong>veritatem</strong></span> <span class='ocrx_word' id='word_1_262' title='bbox 2860 604 3035 667; x_wconf 89' lang='lat' dir='ltr'><strong>aliter</strong></span> <span class='ocrx_word' id='word_1_263' title='bbox 3052 606 3287 685; x_wconf 89' lang='lat' dir='ltr'><strong>assequi</strong></span> <span class='ocrx_word' id='word_1_264' title='bbox 3310 615 3628 688; x_wconf 76' lang='lat' dir='ltr'><strong>nequeant,</strong></span> 
     </span>
    </p>
   </div>
   <div class='ocr_carea' id='block_1_34' title="bbox 1986 693 3635 776">
    <p class='ocr_par' dir='ltr' id='par_1_34' title="bbox 1986 693 3635 776">
     <span class='ocr_line' id='line_1_34' title="bbox 1986 693 3635 776; baseline 0.002 -23"><span class='ocrx_word' id='word_1_265' title='bbox 1986 695 2099 755; x_wconf 90' lang='lat' dir='ltr'><strong>nisi</strong></span> <span class='ocrx_word' id='word_1_266' title='bbox 2132 693 2435 774; x_wconf 85' lang='lat' dir='ltr'><strong>exemplar</strong></span> <span class='ocrx_word' id='word_1_267' title='bbox 2463 712 2639 755; x_wconf 91' lang='lat' dir='ltr'><strong>suum</strong></span> <span class='ocrx_word' id='word_1_268' title='bbox 2686 697 3049 774; x_wconf 75' lang='lat' dir='ltr'><strong>intueantur,</strong></span> <span class='ocrx_word' id='word_1_269' title='bbox 3085 704 3260 776; x_wconf 88' lang='lat' dir='ltr'><strong>atque</strong></span> <span class='ocrx_word' id='word_1_270' title='bbox 3291 695 3432 758; x_wconf 91' lang='lat' dir='ltr'><strong>inde</strong></span> <span class='ocrx_word' id='word_1_271' title='bbox 3478 696 3635 757; x_wconf 86' lang='lat' dir='ltr'><strong>velut</strong></span> 
     </span>
    </p>
   </div>
   <div class='ocr_carea' id='block_1_35' title="bbox 1985 783 3633 866">
    <p class='ocr_par' dir='ltr' id='par_1_35' title="bbox 1985 783 3633 866">
     <span class='ocr_line' id='line_1_35' title="bbox 1985 783 3633 866; baseline 0.001 -22"><span class='ocrx_word' id='word_1_272' title='bbox 1985 804 2161 845; x_wconf 86' lang='lat' dir='ltr'><strong>manu</strong></span> <span class='ocrx_word' id='word_1_273' title='bbox 2188 783 2627 857; x_wconf 84' lang='lat' dir='ltr'><strong>ducantur?Qui</strong></span> <span class='ocrx_word' id='word_1_274' title='bbox 2650 802 2789 846; x_wconf 91' lang='lat' dir='ltr'><strong>vero</strong></span> <span class='ocrx_word' id='word_1_275' title='bbox 2813 784 3153 865; x_wconf 89' lang='lat' dir='ltr'><strong>quadrat,ut</strong></span> <span class='ocrx_word' id='word_1_276' title='bbox 3174 785 3477 866; x_wconf 79' lang='lat' dir='ltr'><strong>Sapientia</strong></span> <span class='ocrx_word' id='word_1_277' title='bbox 3503 804 3633 847; x_wconf 89' lang='lat' dir='ltr'><strong>ma-</strong></span> 
     </span>
    </p>
   </div>
   <div class='ocr_carea' id='block_1_36' title="bbox 1984 873 3636 956">
    <p class='ocr_par' dir='ltr' id='par_1_36' title="bbox 1984 873 3636 956">
     <span class='ocr_line' id='line_1_36' title="bbox 1984 873 3636 956; baseline 0.001 -21"><span class='ocrx_word' id='word_1_278' title='bbox 1984 875 2165 953; x_wconf 88' lang='lat' dir='ltr'><strong>gistro</strong></span> <span class='ocrx_word' id='word_1_279' title='bbox 2198 892 2345 954; x_wconf 87' lang='lat' dir='ltr'><strong>opus</strong></span> <span class='ocrx_word' id='word_1_280' title='bbox 2378 873 2636 936; x_wconf 84' lang='lat' dir='ltr'><strong>habeat?</strong></span> <span class='ocrx_word' id='word_1_281' title='bbox 2682 875 2911 936; x_wconf 87' lang='lat' dir='ltr'><strong>nihilne</strong></span> <span class='ocrx_word' id='word_1_282' title='bbox 2941 874 3178 956; x_wconf 73' lang='lat' dir='ltr'><strong>efﬁciet,</strong></span> <span class='ocrx_word' id='word_1_283' title='bbox 3214 876 3326 936; x_wconf 89' lang='lat' dir='ltr'><strong>nisi</strong></span> <span class='ocrx_word' id='word_1_284' title='bbox 3379 875 3636 937; x_wconf 80' lang='lat' dir='ltr'><strong>edocta?</strong></span> 
     </span>
    </p>
   </div>
   <div class='ocr_carea' id='block_1_37' title="bbox 1985 963 3633 1045">
    <p class='ocr_par' dir='ltr' id='par_1_37' title="bbox 1985 963 3633 1045">
     <span class='ocr_line' id='line_1_37' title="bbox 1985 963 3633 1045; baseline 0.002 -22"><span class='ocrx_word' id='word_1_285' title='bbox 1985 964 2162 1039; x_wconf 85' lang='lat' dir='ltr'><strong>Quid,</strong></span> <span class='ocrx_word' id='word_1_286' title='bbox 2201 964 2450 1025; x_wconf 87' lang='lat' dir='ltr'><strong>Paterne</strong></span> <span class='ocrx_word' id='word_1_287' title='bbox 2508 963 2732 1045; x_wconf 90' lang='lat' dir='ltr'><strong>aliquid</strong></span> <span class='ocrx_word' id='word_1_288' title='bbox 2792 965 2953 1041; x_wconf 82' lang='lat' dir='ltr'><strong>facit,</strong></span> <span class='ocrx_word' id='word_1_289' title='bbox 3004 974 3105 1026; x_wconf 89' lang='lat' dir='ltr'><strong>aut</strong></span> <span class='ocrx_word' id='word_1_290' title='bbox 3159 965 3364 1028; x_wconf 85' lang='lat' dir='ltr'><strong>fecit?</strong></span> <span class='ocrx_word' id='word_1_291' title='bbox 3426 964 3633 1029; x_wconf 89' lang='lat' dir='ltr'><strong>Utrum</strong></span> 
     </span>
    </p>
   </div>
   <div class='ocr_carea' id='block_1_38' title="bbox 1988 1054 3634 1134">
    <p class='ocr_par' dir='ltr' id='par_1_38' title="bbox 1988 1054 3634 1134">
     <span class='ocr_line' id='line_1_38' title="bbox 1988 1054 3634 1134; baseline 0.002 -20"><span class='ocrx_word' id='word_1_292' title='bbox 1988 1055 2226 1115; x_wconf 81' lang='lat' dir='ltr'><strong>tandem</strong></span> <span class='ocrx_word' id='word_1_293' title='bbox 2287 1054 2470 1117; x_wconf 90' lang='lat' dir='ltr'><strong>alium</strong></span> <span class='ocrx_word' id='word_1_294' title='bbox 2534 1054 2824 1116; x_wconf 92' lang='lat' dir='ltr'><strong>mundum</strong></span> <span class='ocrx_word' id='word_1_295' title='bbox 2884 1064 3020 1117; x_wconf 87' lang='lat' dir='ltr'><strong>ante</strong></span> <span class='ocrx_word' id='word_1_296' title='bbox 3078 1056 3236 1117; x_wconf 90' lang='lat' dir='ltr'><strong>hunc</strong></span> <span class='ocrx_word' id='word_1_297' title='bbox 3313 1075 3634 1134; x_wconf 85' lang='lat' dir='ltr'><strong>coagmen-</strong></span> 
     </span>
    </p>
   </div>
   <div class='ocr_carea' id='block_1_39' title="bbox 1986 1144 3636 1226">
    <p class='ocr_par' dir='ltr' id='par_1_39' title="bbox 1986 1144 3636 1226">
     <span class='ocr_line' id='line_1_39' title="bbox 1986 1144 3636 1226; baseline 0.001 -21"><span class='ocrx_word' id='word_1_298' title='bbox 1986 1144 2145 1218; x_wconf 80' lang='lat' dir='ltr'><strong>tavit,</strong></span> <span class='ocrx_word' id='word_1_299' title='bbox 2172 1154 2347 1225; x_wconf 89' lang='lat' dir='ltr'><strong>atque</strong></span> <span class='ocrx_word' id='word_1_300' title='bbox 2377 1146 2557 1206; x_wconf 91' lang='lat' dir='ltr'><strong>alium</strong></span> <span class='ocrx_word' id='word_1_301' title='bbox 2591 1164 2799 1206; x_wconf 85' lang='lat' dir='ltr'><strong>rursus</strong></span> <span class='ocrx_word' id='word_1_302' title='bbox 2826 1144 2886 1206; x_wconf 90' lang='lat' dir='ltr'><strong>in</strong></span> <span class='ocrx_word' id='word_1_303' title='bbox 2920 1154 3223 1226; x_wconf 91' lang='lat' dir='ltr'><strong>posterum</strong></span> <span class='ocrx_word' id='word_1_304' title='bbox 3258 1156 3636 1226; x_wconf 85' lang='lat' dir='ltr'><strong>coagmenta-</strong></span> 
     </span>
    </p>
   </div>
   <div class='ocr_carea' id='block_1_40' title="bbox 1987 1233 3633 1316">
    <p class='ocr_par' dir='ltr' id='par_1_40' title="bbox 1987 1233 3633 1316">
     <span class='ocr_line' id='line_1_40' title="bbox 1987 1233 3633 1316; baseline 0.002 -23"><span class='ocrx_word' id='word_1_305' title='bbox 1987 1233 2248 1315; x_wconf 86' lang='lat' dir='ltr'><strong>bit,quos</strong></span> <span class='ocrx_word' id='word_1_306' title='bbox 2269 1234 2450 1297; x_wconf 87' lang='lat' dir='ltr'><strong>Filius</strong></span> <span class='ocrx_word' id='word_1_307' title='bbox 2474 1234 2589 1295; x_wconf 90' lang='lat' dir='ltr'><strong>sibi</strong></span> <span class='ocrx_word' id='word_1_308' title='bbox 2611 1244 2749 1297; x_wconf 85' lang='lat' dir='ltr'><strong>ante</strong></span> <span class='ocrx_word' id='word_1_309' title='bbox 2774 1236 2980 1297; x_wconf 89' lang='lat' dir='ltr'><strong>oculos</strong></span> <span class='ocrx_word' id='word_1_310' title='bbox 3005 1237 3633 1316; x_wconf 89' lang='lat' dir='ltr'><strong>proponens,alterum</strong></span> 
     </span>
    </p>
   </div>
   <div class='ocr_carea' id='block_1_41' title="bbox 1985 1324 3635 1405">
    <p class='ocr_par' dir='ltr' id='par_1_41' title="bbox 1985 1324 3635 1405">
     <span class='ocr_line' id='line_1_41' title="bbox 1985 1324 3635 1405; baseline 0.002 -21"><span class='ocrx_word' id='word_1_311' title='bbox 1985 1324 2223 1403; x_wconf 85' lang='lat' dir='ltr'><strong>quidem</strong></span> <span class='ocrx_word' id='word_1_312' title='bbox 2235 1326 2356 1405; x_wconf 85' lang='lat' dir='ltr'><strong>jam</strong></span> <span class='ocrx_word' id='word_1_313' title='bbox 2376 1324 3067 1405; x_wconf 84' lang='lat' dir='ltr'><strong>procreaverit,a|terum</strong></span> <span class='ocrx_word' id='word_1_314' title='bbox 3086 1336 3279 1387; x_wconf 88' lang='lat' dir='ltr'><strong>autem</strong></span> <span class='ocrx_word' id='word_1_315' title='bbox 3299 1336 3635 1405; x_wconf 85' lang='lat' dir='ltr'><strong>procreatu-</strong></span> 
     </span>
    </p>
   </div>
   <div class='ocr_carea' id='block_1_42' title="bbox 1983 1413 3630 1493">
    <p class='ocr_par' dir='ltr' id='par_1_42' title="bbox 1983 1413 3630 1493">
     <span class='ocr_line' id='line_1_42' title="bbox 1983 1413 3630 1493; baseline 0.002 -20"><span class='ocrx_word' id='word_1_316' title='bbox 1983 1432 2083 1473; x_wconf 84' lang='lat' dir='ltr'><strong>rus</strong></span> <span class='ocrx_word' id='word_1_317' title='bbox 2105 1414 2180 1474; x_wconf 89' lang='lat' dir='ltr'><strong>sit</strong></span> <span class='ocrx_word' id='word_1_318' title='bbox 2199 1413 2222 1476; x_wconf 86' lang='lat'><strong>?</strong></span> <span class='ocrx_word' id='word_1_319' title='bbox 2242 1414 2505 1487; x_wconf 84' lang='lat' dir='ltr'><strong>Quatuor</strong></span> <span class='ocrx_word' id='word_1_320' title='bbox 2524 1433 2664 1493; x_wconf 79' lang='lat' dir='ltr'><strong>ergo</strong></span> <span class='ocrx_word' id='word_1_321' title='bbox 2690 1416 2798 1478; x_wconf 88' lang='lat' dir='ltr'><strong>hac</strong></span> <span class='ocrx_word' id='word_1_322' title='bbox 2821 1415 3051 1478; x_wconf 89' lang='lat' dir='ltr'><strong>ratione</strong></span> <span class='ocrx_word' id='word_1_323' title='bbox 3074 1416 3280 1476; x_wconf 91' lang='lat' dir='ltr'><strong>mundi</strong></span> <span class='ocrx_word' id='word_1_324' title='bbox 3299 1424 3491 1488; x_wconf 86' lang='lat' dir='ltr'><strong>erunt,</strong></span> <span class='ocrx_word' id='word_1_325' title='bbox 3516 1417 3630 1477; x_wconf 91' lang='lat' dir='ltr'><strong>duo</strong></span> 
     </span>
    </p>
   </div>
   <div class='ocr_carea' id='block_1_43' title="bbox 1984 1503 3635 1585">
    <p class='ocr_par' dir='ltr' id='par_1_43' title="bbox 1984 1503 3635 1585">
     <span class='ocr_line' id='line_1_43' title="bbox 1984 1503 3635 1585; baseline 0.002 -22"><span class='ocrx_word' id='word_1_326' title='bbox 1984 1523 2017 1563; x_wconf 90' lang='lat' dir='ltr'><strong>a</strong></span> <span class='ocrx_word' id='word_1_327' title='bbox 2051 1503 2240 1577; x_wconf 86' lang='lat' dir='ltr'><strong>Patre,</strong></span> <span class='ocrx_word' id='word_1_328' title='bbox 2275 1505 2390 1569; x_wconf 90' lang='lat' dir='ltr'><strong>duo</strong></span> <span class='ocrx_word' id='word_1_329' title='bbox 2424 1524 2458 1566; x_wconf 93' lang='lat' dir='ltr'><strong>a</strong></span> <span class='ocrx_word' id='word_1_330' title='bbox 2507 1504 2657 1566; x_wconf 90' lang='lat' dir='ltr'><strong>Filio</strong></span> <span class='ocrx_word' id='word_1_331' title='bbox 2709 1504 2951 1567; x_wconf 76' lang='lat' dir='ltr'><strong>effecti?</strong></span> <span class='ocrx_word' id='word_1_332' title='bbox 2996 1503 3043 1568; x_wconf 93' lang='grc' dir='ltr'>Ο</span> <span class='ocrx_word' id='word_1_333' title='bbox 3092 1506 3363 1585; x_wconf 90' lang='lat' dir='ltr'><strong>supinam</strong></span> <span class='ocrx_word' id='word_1_334' title='bbox 3424 1524 3635 1567; x_wconf 88' lang='lat' dir='ltr'><strong>vecor-</strong></span> 
     </span>
    </p>
   </div>
   <div class='ocr_carea' id='block_1_44' title="bbox 1986 1593 3633 1676">
    <p class='ocr_par' dir='ltr' id='par_1_44' title="bbox 1986 1593 3633 1676">
     <span class='ocr_line' id='line_1_44' title="bbox 1986 1593 3633 1676; baseline 0.002 -22"><span class='ocrx_word' id='word_1_335' title='bbox 1986 1593 2140 1654; x_wconf 85' lang='lat' dir='ltr'><strong>diam</strong></span> <span class='ocrx_word' id='word_1_336' title='bbox 2171 1594 2183 1656; x_wconf 89' lang='lat'><strong>!</strong></span> <span class='ocrx_word' id='word_1_337' title='bbox 2210 1596 2357 1675; x_wconf 84' lang='lat' dir='ltr'><strong>Age,</strong></span> <span class='ocrx_word' id='word_1_338' title='bbox 2392 1614 2524 1656; x_wconf 91' lang='lat' dir='ltr'><strong>cum</strong></span> <span class='ocrx_word' id='word_1_339' title='bbox 2560 1594 2754 1674; x_wconf 93' lang='lat' dir='ltr'><strong>lepras</strong></span> <span class='ocrx_word' id='word_1_340' title='bbox 2784 1604 3013 1676; x_wconf 85' lang='lat' dir='ltr'><strong>purgat,</strong></span> <span class='ocrx_word' id='word_1_341' title='bbox 3047 1595 3348 1656; x_wconf 57' lang='lat' dir='ltr'><strong>damones</strong></span> <span class='ocrx_word' id='word_1_342' title='bbox 3380 1604 3438 1657; x_wconf 88' lang='lat' dir='ltr'><strong>et</strong></span> <span class='ocrx_word' id='word_1_343' title='bbox 3468 1615 3633 1657; x_wconf 91' lang='lat' dir='ltr'><strong>mor-</strong></span> 
     </span>
    </p>
   </div>
   <div class='ocr_carea' id='block_1_45' title="bbox 1927 1683 3639 1779">
    <p class='ocr_par' dir='ltr' id='par_1_45' title="bbox 1927 1683 3639 1779">
     <span class='ocr_line' id='line_1_45' title="bbox 1927 1683 3639 1779; baseline 0.001 -34"><span class='ocrx_word' id='word_1_344' title='bbox 1927 1729 1963 1779; x_wconf 70' lang='lat' dir='ltr'>B</span> <span class='ocrx_word' id='word_1_345' title='bbox 1987 1683 2093 1779; x_wconf 67' lang='lat' dir='ltr'><strong>bos</strong></span> <span class='ocrx_word' id='word_1_346' title='bbox 2126 1686 2416 1764; x_wconf 83' lang='lat' dir='ltr'><strong>proﬂigat,</strong></span> <span class='ocrx_word' id='word_1_347' title='bbox 2443 1691 2708 1746; x_wconf 85' lang='lat' dir='ltr'><strong>mortuos</strong></span> <span class='ocrx_word' id='word_1_348' title='bbox 2742 1685 2813 1745; x_wconf 88' lang='lat' dir='ltr'><strong>ad</strong></span> <span class='ocrx_word' id='word_1_349' title='bbox 2843 1686 3017 1746; x_wconf 89' lang='lat' dir='ltr'><strong>vitam</strong></span> <span class='ocrx_word' id='word_1_350' title='bbox 3053 1696 3319 1767; x_wconf 87' lang='lat' dir='ltr'><strong>revucat,</strong></span> <span class='ocrx_word' id='word_1_351' title='bbox 3346 1704 3509 1747; x_wconf 90' lang='lat' dir='ltr'><strong>mare</strong></span> <span class='ocrx_word' id='word_1_352' title='bbox 3540 1704 3639 1765; x_wconf 90' lang='lat' dir='ltr'><strong>pe-</strong></span> 
     </span>
    </p>
   </div>
   <div class='ocr_carea' id='block_1_46' title="bbox 1988 1773 3633 1856">
    <p class='ocr_par' dir='ltr' id='par_1_46' title="bbox 1988 1773 3633 1856">
     <span class='ocr_line' id='line_1_46' title="bbox 1988 1773 3633 1856; baseline 0.002 -23"><span class='ocrx_word' id='word_1_353' title='bbox 1988 1773 2159 1835; x_wconf 89' lang='lat' dir='ltr'><strong>dibus</strong></span> <span class='ocrx_word' id='word_1_354' title='bbox 2192 1784 2483 1855; x_wconf 79' lang='lat' dir='ltr'><strong>peragrat,</strong></span> <span class='ocrx_word' id='word_1_355' title='bbox 2520 1776 2754 1856; x_wconf 89' lang='lat' dir='ltr'><strong>aliaque</strong></span> <span class='ocrx_word' id='word_1_356' title='bbox 2808 1775 3007 1837; x_wconf 90' lang='lat' dir='ltr'><strong>omnia</strong></span> <span class='ocrx_word' id='word_1_357' title='bbox 3034 1775 3191 1847; x_wconf 84' lang='lat' dir='ltr'><strong>facit,</strong></span> <span class='ocrx_word' id='word_1_358' title='bbox 3227 1776 3285 1836; x_wconf 91' lang='lat' dir='ltr'><strong>in</strong></span> <span class='ocrx_word' id='word_1_359' title='bbox 3340 1795 3456 1855; x_wconf 91' lang='lat' dir='ltr'><strong>quo</strong></span> <span class='ocrx_word' id='word_1_360' title='bbox 3500 1787 3633 1836; x_wconf 89' lang='lat' dir='ltr'><strong>tan-</strong></span> 
     </span>
    </p>
   </div>
   <div class='ocr_carea' id='block_1_47' title="bbox 1987 1864 3634 1945">
    <p class='ocr_par' dir='ltr' id='par_1_47' title="bbox 1987 1864 3634 1945">
     <span class='ocr_line' id='line_1_47' title="bbox 1987 1864 3634 1945; baseline 0.002 -22"><span class='ocrx_word' id='word_1_361' title='bbox 1987 1865 2150 1945; x_wconf 86' lang='lat' dir='ltr'><strong>dem,</strong></span> <span class='ocrx_word' id='word_1_362' title='bbox 2178 1874 2277 1925; x_wconf 92' lang='lat' dir='ltr'><strong>aut</strong></span> <span class='ocrx_word' id='word_1_363' title='bbox 2298 1864 2535 1945; x_wconf 88' lang='lat' dir='ltr'><strong>quando</strong></span> <span class='ocrx_word' id='word_1_364' title='bbox 2555 1864 2728 1927; x_wconf 89' lang='lat' dir='ltr'><strong>Pater</strong></span> <span class='ocrx_word' id='word_1_365' title='bbox 2750 1866 2875 1925; x_wconf 79' lang='lat' dir='ltr'><strong>haec</strong></span> <span class='ocrx_word' id='word_1_366' title='bbox 2894 1873 3033 1927; x_wconf 90' lang='lat' dir='ltr'><strong>ante</strong></span> <span class='ocrx_word' id='word_1_367' title='bbox 3052 1865 3193 1926; x_wconf 91' lang='lat' dir='ltr'><strong>fecit</strong></span> <span class='ocrx_word' id='word_1_368' title='bbox 3211 1870 3237 1926; x_wconf 87' lang='lat'>?</span> <span class='ocrx_word' id='word_1_369' title='bbox 3256 1868 3471 1928; x_wconf 89' lang='lat' dir='ltr'><strong>Nonne</strong></span> <span class='ocrx_word' id='word_1_370' title='bbox 3495 1883 3634 1945; x_wconf 90' lang='lat' dir='ltr'><strong>per-</strong></span> 
     </span>
    </p>
   </div>
   <div class='ocr_carea' id='block_1_48' title="bbox 1988 1953 3638 2035">
    <p class='ocr_par' dir='ltr' id='par_1_48' title="bbox 1988 1953 3638 2035">
     <span class='ocr_line' id='line_1_48' title="bbox 1988 1953 3638 2035; baseline 0.001 -22"><span class='ocrx_word' id='word_1_371' title='bbox 1988 1954 2257 2034; x_wconf 89' lang='lat' dir='ltr'><strong>spicuum</strong></span> <span class='ocrx_word' id='word_1_372' title='bbox 2284 1964 2394 2027; x_wconf 90' lang='lat' dir='ltr'><strong>est,</strong></span> <span class='ocrx_word' id='word_1_373' title='bbox 2420 1956 2766 2016; x_wconf 90' lang='lat' dir='ltr'><strong>earumdem</strong></span> <span class='ocrx_word' id='word_1_374' title='bbox 2797 1973 2998 2016; x_wconf 90' lang='lat' dir='ltr'><strong>rerum</strong></span> <span class='ocrx_word' id='word_1_375' title='bbox 3024 1955 3291 2016; x_wconf 84' lang='lat' dir='ltr'><strong>formasa</strong></span> <span class='ocrx_word' id='word_1_376' title='bbox 3315 1953 3487 2015; x_wconf 86' lang='lat' dir='ltr'><strong>Patre</strong></span> <span class='ocrx_word' id='word_1_377' title='bbox 3511 1954 3638 2035; x_wconf 90' lang='lat' dir='ltr'><strong>qui-</strong></span> 
     </span>
    </p>
   </div>
   <div class='ocr_carea' id='block_1_49' title="bbox 1988 2040 3639 2124">
    <p class='ocr_par' dir='ltr' id='par_1_49' title="bbox 1988 2040 3639 2124">
     <span class='ocr_line' id='line_1_49' title="bbox 1988 2040 3639 2124; baseline 0.001 -21"><span class='ocrx_word' id='word_1_378' title='bbox 1988 2045 2121 2104; x_wconf 90' lang='lat' dir='ltr'><strong>dem</strong></span> <span class='ocrx_word' id='word_1_379' title='bbox 2151 2044 2645 2122; x_wconf 84' lang='lat' dir='ltr'><strong>velutdesignari,</strong></span> <span class='ocrx_word' id='word_1_380' title='bbox 2677 2064 2709 2106; x_wconf 89' lang='lat' dir='ltr'><strong>a</strong></span> <span class='ocrx_word' id='word_1_381' title='bbox 2729 2044 2880 2106; x_wconf 90' lang='lat' dir='ltr'><strong>Filio</strong></span> <span class='ocrx_word' id='word_1_382' title='bbox 2908 2040 3102 2105; x_wconf 87' lang='lat' dir='ltr'><strong>autem</strong></span> <span class='ocrx_word' id='word_1_383' title='bbox 3134 2045 3488 2124; x_wconf 83' lang='lat' dir='ltr'><strong>peragi,non</strong></span> <span class='ocrx_word' id='word_1_384' title='bbox 3515 2062 3639 2105; x_wconf 91' lang='lat' dir='ltr'><strong>ser-</strong></span> 
     </span>
    </p>
   </div>
   <div class='ocr_carea' id='block_1_50' title="bbox 1987 2133 3633 2215">
    <p class='ocr_par' dir='ltr' id='par_1_50' title="bbox 1987 2133 3633 2215">
     <span class='ocr_line' id='line_1_50' title="bbox 1987 2133 3633 2215; baseline 0.002 -23"><span class='ocrx_word' id='word_1_385' title='bbox 1987 2134 2184 2195; x_wconf 89' lang='lat' dir='ltr'><strong>viliter</strong></span> <span class='ocrx_word' id='word_1_386' title='bbox 2205 2145 2381 2215; x_wconf 76' lang='lat' dir='ltr'><strong>atque</strong></span> <span class='ocrx_word' id='word_1_387' title='bbox 2408 2134 2665 2207; x_wconf 85' lang='lat' dir='ltr'><strong>indocte,</strong></span> <span class='ocrx_word' id='word_1_388' title='bbox 2704 2135 2807 2196; x_wconf 91' lang='lat' dir='ltr'><strong>sed</strong></span> <span class='ocrx_word' id='word_1_389' title='bbox 2835 2133 3022 2212; x_wconf 90' lang='lat' dir='ltr'><strong>perite</strong></span> <span class='ocrx_word' id='word_1_390' title='bbox 3047 2142 3103 2194; x_wconf 91' lang='lat' dir='ltr'><strong>et</strong></span> <span class='ocrx_word' id='word_1_391' title='bbox 3126 2133 3633 2215; x_wconf 87' lang='lat' dir='ltr'><strong>heriliter,atque,</strong></span> 
     </span>
    </p>
   </div>
   <div class='ocr_carea' id='block_1_51' title="bbox 1989 2222 3636 2304">
    <p class='ocr_par' dir='ltr' id='par_1_51' title="bbox 1989 2222 3636 2304">
     <span class='ocr_line' id='line_1_51' title="bbox 1989 2222 3636 2304; baseline 0.001 -22"><span class='ocrx_word' id='word_1_392' title='bbox 1989 2232 2050 2282; x_wconf 90' lang='lat' dir='ltr'><strong>ut</strong></span> <span class='ocrx_word' id='word_1_393' title='bbox 2082 2224 2275 2302; x_wconf 83' lang='lat' dir='ltr'><strong>aptius</strong></span> <span class='ocrx_word' id='word_1_394' title='bbox 2300 2223 2529 2304; x_wconf 88' lang='lat' dir='ltr'><strong>loquar,</strong></span> <span class='ocrx_word' id='word_1_395' title='bbox 2559 2233 2806 2304; x_wconf 91' lang='lat' dir='ltr'><strong>paterne</strong></span> <span class='ocrx_word' id='word_1_396' title='bbox 2834 2222 2858 2283; x_wconf 66' lang='grc' dir='ltr'><em>ἲ</em></span> <span class='ocrx_word' id='word_1_397' title='bbox 2882 2222 2944 2283; x_wconf 92' lang='lat' dir='ltr'><strong>In</strong></span> <span class='ocrx_word' id='word_1_398' title='bbox 2970 2224 3128 2284; x_wconf 88' lang='lat' dir='ltr'><strong>hunc</strong></span> <span class='ocrx_word' id='word_1_399' title='bbox 3152 2222 3371 2303; x_wconf 91' lang='lat' dir='ltr'><strong>quippe</strong></span> <span class='ocrx_word' id='word_1_400' title='bbox 3393 2241 3636 2285; x_wconf 88' lang='lat' dir='ltr'><strong>sensum</strong></span> 
     </span>
    </p>
   </div>
   <div class='ocr_carea' id='block_1_52' title="bbox 1990 2312 3637 2392">
    <p class='ocr_par' dir='ltr' id='par_1_52' title="bbox 1990 2312 3637 2392">
     <span class='ocr_line' id='line_1_52' title="bbox 1990 2312 3637 2392; baseline 0.001 -19"><span class='ocrx_word' id='word_1_401' title='bbox 1990 2312 2170 2373; x_wconf 86' lang='lat' dir='ltr'><strong>verba</strong></span> <span class='ocrx_word' id='word_1_402' title='bbox 2192 2314 2314 2375; x_wconf 54' lang='lat' dir='ltr'><strong>hac</strong></span> <span class='ocrx_word' id='word_1_403' title='bbox 2334 2314 2592 2392; x_wconf 88' lang='lat' dir='ltr'><strong>accipio:</strong></span> <span class='ocrx_word' id='word_1_404' title='bbox 2614 2314 2996 2392; x_wconf 72' lang='lat' dir='ltr'><strong>Quaecunque</strong></span> <span class='ocrx_word' id='word_1_405' title='bbox 3024 2315 3213 2375; x_wconf 81' lang='lat' dir='ltr'><strong>Pater</strong></span> <span class='ocrx_word' id='word_1_406' title='bbox 3225 2314 3408 2390; x_wconf 77' lang='lat' dir='ltr'><strong>facit,</strong></span> <span class='ocrx_word' id='word_1_407' title='bbox 3424 2315 3637 2375; x_wconf 79' lang='lat' dir='ltr'><strong>eadem</strong></span> 
     </span>
    </p>
   </div>
   <div class='ocr_carea' id='block_1_53' title="bbox 1988 2402 3639 2484">
    <p class='ocr_par' dir='ltr' id='par_1_53' title="bbox 1988 2402 3639 2484">
     <span class='ocr_line' id='line_1_53' title="bbox 1988 2402 3639 2484; baseline -0.001 -19"><span class='ocrx_word' id='word_1_408' title='bbox 1988 2413 2045 2465; x_wconf 83' lang='lat' dir='ltr'><strong>et</strong></span> <span class='ocrx_word' id='word_1_409' title='bbox 2057 2402 2957 2483; x_wconf 67' lang='lat' dir='ltr'><strong>Filiussiin=ililct&#39;facit33&#39;;non</strong></span> <span class='ocrx_word' id='word_1_410' title='bbox 2974 2403 3129 2484; x_wconf 93' lang='lat' dir='ltr'><strong>quod</strong></span> <span class='ocrx_word' id='word_1_411' title='bbox 3144 2403 3359 2463; x_wconf 89' lang='lat' dir='ltr'><strong>similia</strong></span> <span class='ocrx_word' id='word_1_412' title='bbox 3372 2405 3488 2464; x_wconf 89' lang='lat' dir='ltr'><strong>sint</strong></span> <span class='ocrx_word' id='word_1_413' title='bbox 3501 2403 3639 2465; x_wconf 41' lang='lat' dir='ltr'><strong>utri:</strong></span> 
     </span>
    </p>
   </div>
   <div class='ocr_carea' id='block_1_54' title="bbox 1988 2494 3643 2576">
    <p class='ocr_par' dir='ltr' id='par_1_54' title="bbox 1988 2494 3643 2576">
     <span class='ocr_line' id='line_1_54' title="bbox 1988 2494 3643 2576; baseline 0.002 -23"><span class='ocrx_word' id='word_1_414' title='bbox 1988 2513 2175 2575; x_wconf 82' lang='lat' dir='ltr'><strong>usque</strong></span> <span class='ocrx_word' id='word_1_415' title='bbox 2208 2513 2412 2574; x_wconf 90' lang='lat' dir='ltr'><strong>opera,</strong></span> <span class='ocrx_word' id='word_1_416' title='bbox 2446 2494 2551 2555; x_wconf 92' lang='lat' dir='ltr'><strong>sed</strong></span> <span class='ocrx_word' id='word_1_417' title='bbox 2583 2495 2741 2576; x_wconf 90' lang='lat' dir='ltr'><strong>quod</strong></span> <span class='ocrx_word' id='word_1_418' title='bbox 2777 2514 2879 2575; x_wconf 90' lang='lat' dir='ltr'><strong>par</strong></span> <span class='ocrx_word' id='word_1_419' title='bbox 2911 2498 2990 2557; x_wconf 88' lang='lat' dir='ltr'><strong>sit</strong></span> <span class='ocrx_word' id='word_1_420' title='bbox 3032 2496 3338 2572; x_wconf 88' lang='lat' dir='ltr'><strong>utriusque</strong></span> <span class='ocrx_word' id='word_1_421' title='bbox 3382 2502 3643 2572; x_wconf 83' lang='lat' dir='ltr'><strong>potestas</strong></span> 
     </span>
    </p>
   </div>
   <div class='ocr_carea' id='block_1_55' title="bbox 1986 2584 3635 2664">
    <p class='ocr_par' dir='ltr' id='par_1_55' title="bbox 1986 2584 3635 2664">
     <span class='ocr_line' id='line_1_55' title="bbox 1986 2584 3635 2664; baseline 0.001 -22"><span class='ocrx_word' id='word_1_422' title='bbox 1986 2593 2162 2663; x_wconf 81' lang='lat' dir='ltr'><strong>atque</strong></span> <span class='ocrx_word' id='word_1_423' title='bbox 2194 2584 2515 2645; x_wconf 86' lang='lat' dir='ltr'><strong>auctoritas</strong></span> <span class='ocrx_word' id='word_1_424' title='bbox 2545 2606 2559 2662; x_wconf 86' lang='lat'><strong>;</strong></span> <span class='ocrx_word' id='word_1_425' title='bbox 2588 2594 2767 2664; x_wconf 89' lang='lat' dir='ltr'><strong>atque</strong></span> <span class='ocrx_word' id='word_1_426' title='bbox 2819 2584 2932 2645; x_wconf 90' lang='lat' dir='ltr'><strong>hoc</strong></span> <span class='ocrx_word' id='word_1_427' title='bbox 2966 2584 3216 2644; x_wconf 88' lang='lat' dir='ltr'><strong>fortasse</strong></span> <span class='ocrx_word' id='word_1_428' title='bbox 3269 2601 3400 2644; x_wconf 92' lang='lat' dir='ltr'><strong>esse</strong></span> <span class='ocrx_word' id='word_1_429' title='bbox 3434 2590 3635 2663; x_wconf 89' lang='lat' dir='ltr'><strong>queat,</strong></span> 
     </span>
    </p>
   </div>
   <div class='ocr_carea' id='block_1_56' title="bbox 1986 2672 3638 2754">
    <p class='ocr_par' dir='ltr' id='par_1_56' title="bbox 1986 2672 3638 2754">
     <span class='ocr_line' id='line_1_56' title="bbox 1986 2672 3638 2754; baseline 0.001 -23"><span class='ocrx_word' id='word_1_430' title='bbox 1986 2673 2144 2751; x_wconf 85' lang='lat' dir='ltr'><strong>quod</strong></span> <span class='ocrx_word' id='word_1_431' title='bbox 2178 2681 2234 2732; x_wconf 92' lang='lat' dir='ltr'><strong>et</strong></span> <span class='ocrx_word' id='word_1_432' title='bbox 2268 2676 2440 2735; x_wconf 85' lang='lat' dir='ltr'><strong>Pater</strong></span> <span class='ocrx_word' id='word_1_433' title='bbox 2483 2693 2672 2754; x_wconf 90' lang='lat' dir='ltr'><strong>usque</strong></span> <span class='ocrx_word' id='word_1_434' title='bbox 2703 2673 2877 2734; x_wconf 91' lang='lat' dir='ltr'><strong>modo</strong></span> <span class='ocrx_word' id='word_1_435' title='bbox 2913 2673 3148 2754; x_wconf 91' lang='lat' dir='ltr'><strong>operari</strong></span> <span class='ocrx_word' id='word_1_436' title='bbox 3180 2673 3418 2752; x_wconf 89' lang='lat' dir='ltr'><strong>dicitur,</strong></span> <span class='ocrx_word' id='word_1_437' title='bbox 3448 2682 3505 2733; x_wconf 90' lang='lat' dir='ltr'><strong>et</strong></span> <span class='ocrx_word' id='word_1_438' title='bbox 3534 2672 3638 2733; x_wconf 90' lang='lat' dir='ltr'><strong>Fi-</strong></span> 
     </span>
    </p>
   </div>
   <div class='ocr_carea' id='block_1_57' title="bbox 1986 2762 3636 2834">
    <p class='ocr_par' dir='ltr' id='par_1_57' title="bbox 1986 2762 3636 2834">
     <span class='ocr_line' id='line_1_57' title="bbox 1986 2762 3636 2834; baseline 0 -12"><span class='ocrx_word' id='word_1_439' title='bbox 1986 2763 2101 2823; x_wconf 90' lang='lat' dir='ltr'><strong>lius</strong></span> <span class='ocrx_word' id='word_1_440' title='bbox 2120 2764 2184 2812; x_wconf 72' lang='grc' dir='ltr'><strong>ὄι</strong></span> <span class='ocrx_word' id='word_1_441' title='bbox 2206 2786 2220 2834; x_wconf 92' lang='grc'><strong>;</strong></span> <span class='ocrx_word' id='word_1_442' title='bbox 2246 2782 2359 2823; x_wconf 92' lang='lat' dir='ltr'><strong>non</strong></span> <span class='ocrx_word' id='word_1_443' title='bbox 2380 2771 2580 2825; x_wconf 87' lang='lat' dir='ltr'><strong>autem</strong></span> <span class='ocrx_word' id='word_1_444' title='bbox 2605 2764 2720 2825; x_wconf 89' lang='lat' dir='ltr'><strong>hoc</strong></span> <span class='ocrx_word' id='word_1_445' title='bbox 2743 2762 3027 2824; x_wconf 81' lang='lat' dir='ltr'><strong>duntaxat</strong></span> <span class='ocrx_word' id='word_1_446' title='bbox 3046 2763 3305 2833; x_wconf 84' lang='lat' dir='ltr'><strong>nomine,</strong></span> <span class='ocrx_word' id='word_1_447' title='bbox 3331 2763 3433 2823; x_wconf 92' lang='lat' dir='ltr'><strong>sed</strong></span> <span class='ocrx_word' id='word_1_448' title='bbox 3462 2764 3636 2824; x_wconf 87' lang='lat' dir='ltr'><strong>etiam</strong></span> 
     </span>
    </p>
   </div>
   <div class='ocr_carea' id='block_1_58' title="bbox 236 2851 3639 2935">
    <p class='ocr_par' dir='ltr' id='par_1_58' title="bbox 236 2851 3639 2935">
     <span class='ocr_line' id='line_1_58' title="bbox 236 2851 3639 2935; baseline 0 -22"><span class='ocrx_word' id='word_1_449' title='bbox 236 2853 471 2913; x_wconf 86' lang='lat' dir='ltr'><strong>ratione</strong></span> <span class='ocrx_word' id='word_1_450' title='bbox 493 2851 942 2933; x_wconf 84' lang='lat' dir='ltr'><strong>gubernationis</strong></span> <span class='ocrx_word' id='word_1_451' title='bbox 973 2861 1032 2915; x_wconf 90' lang='lat' dir='ltr'><strong>et</strong></span> <span class='ocrx_word' id='word_1_452' title='bbox 1056 2852 1528 2916; x_wconf 86' lang='lat' dir='ltr'><strong>conversationis</strong></span> <span class='ocrx_word' id='word_1_453' title='bbox 1563 2871 1939 2935; x_wconf 75' lang='lat' dir='ltr'><strong>eorum,qu:e</strong></span> <span class='ocrx_word' id='word_1_454' title='bbox 1961 2854 2112 2915; x_wconf 89' lang='lat' dir='ltr'><strong>facta</strong></span> <span class='ocrx_word' id='word_1_455' title='bbox 2144 2862 2303 2929; x_wconf 91' lang='lat' dir='ltr'><strong>sunt,</strong></span> <span class='ocrx_word' id='word_1_456' title='bbox 2343 2861 2405 2913; x_wconf 90' lang='lat' dir='ltr'><strong>ut</strong></span> <span class='ocrx_word' id='word_1_457' title='bbox 2435 2853 2653 2915; x_wconf 85' lang='lat' dir='ltr'><strong>indicat</strong></span> <span class='ocrx_word' id='word_1_458' title='bbox 2681 2853 2823 2915; x_wconf 89' lang='lat' dir='ltr'><strong>illud</strong></span> <span class='ocrx_word' id='word_1_459' title='bbox 2864 2871 2877 2915; x_wconf 92' lang='lat'>:</span> <span class='ocrx_word' id='word_1_460' title='bbox 2915 2852 3039 2928; x_wconf 72' lang='lat' dir='ltr'><strong>Qui</strong></span> <span class='ocrx_word' id='word_1_461' title='bbox 3065 2854 3213 2930; x_wconf 77' lang='lat' dir='ltr'><strong>facit</strong></span> <span class='ocrx_word' id='word_1_462' title='bbox 3242 2852 3483 2929; x_wconf 84' lang='lat' dir='ltr'><strong>angelos</strong></span> <span class='ocrx_word' id='word_1_463' title='bbox 3502 2871 3639 2914; x_wconf 80' lang='lat' dir='ltr'><strong>suos</strong></span> 
     </span>
    </p>
   </div>
   <div class='ocr_carea' id='block_1_59' title="bbox 232 2942 3640 3027">
    <p class='ocr_par' dir='ltr' id='par_1_59' title="bbox 232 2942 3640 3027">
     <span class='ocr_line' id='line_1_59' title="bbox 232 2942 3640 3027; baseline 0 -25"><span class='ocrx_word' id='word_1_464' title='bbox 232 2946 500 3025; x_wconf 72' lang='lat' dir='ltr'><strong>spiritus</strong></span> <span class='ocrx_word' id='word_1_465' title='bbox 522 2943 599 3027; x_wconf 78' lang='lat'><strong>35;</strong></span> <span class='ocrx_word' id='word_1_466' title='bbox 635 2945 751 3022; x_wconf 75' lang='lat' dir='ltr'><strong>Qui</strong></span> <span class='ocrx_word' id='word_1_467' title='bbox 776 2945 996 3023; x_wconf 84' lang='lat' dir='ltr'><strong>fundat</strong></span> <span class='ocrx_word' id='word_1_468' title='bbox 1029 2953 1259 3008; x_wconf 84' lang='lat' dir='ltr'><strong>terram</strong></span> <span class='ocrx_word' id='word_1_469' title='bbox 1288 2963 1471 3026; x_wconf 82' lang='lat' dir='ltr'><strong>super</strong></span> <span class='ocrx_word' id='word_1_470' title='bbox 1489 2944 1885 3008; x_wconf 76' lang='lat' dir='ltr'><strong>stabilitatem</strong></span> <span class='ocrx_word' id='word_1_471' title='bbox 1905 2942 1960 2988; x_wconf 75' lang='lat'><strong><em>36</em></strong></span> <span class='ocrx_word' id='word_1_472' title='bbox 1989 2966 2002 3004; x_wconf 89' lang='lat'><strong>:</strong></span> <span class='ocrx_word' id='word_1_473' title='bbox 2041 2964 2175 3005; x_wconf 92' lang='lat' dir='ltr'><strong>cum</strong></span> <span class='ocrx_word' id='word_1_474' title='bbox 2202 2944 2390 3005; x_wconf 86' lang='lat' dir='ltr'><strong>semel</strong></span> <span class='ocrx_word' id='word_1_475' title='bbox 2424 2954 2483 3006; x_wconf 90' lang='lat' dir='ltr'><strong>et</strong></span> <span class='ocrx_word' id='word_1_476' title='bbox 2528 2945 2654 3006; x_wconf 60' lang='lat' dir='ltr'><strong>haec</strong></span> <span class='ocrx_word' id='word_1_477' title='bbox 2701 2945 2929 3006; x_wconf 82' lang='lat' dir='ltr'><strong>ﬁrmata</strong></span> <span class='ocrx_word' id='word_1_478' title='bbox 2956 2952 3130 3024; x_wconf 82' lang='lat' dir='ltr'><strong>atque</strong></span> <span class='ocrx_word' id='word_1_479' title='bbox 3162 2942 3419 3003; x_wconf 88' lang='lat' dir='ltr'><strong>stabilita</strong></span> <span class='ocrx_word' id='word_1_480' title='bbox 3450 2943 3546 3017; x_wconf 88' lang='lat' dir='ltr'><strong>sit,</strong></span> <span class='ocrx_word' id='word_1_481' title='bbox 3583 2952 3640 3004; x_wconf 89' lang='lat' dir='ltr'><strong>et</strong></span> 
     </span>
    </p>
   </div>
   <div class='ocr_carea' id='block_1_60' title="bbox 235 3032 3640 3119">
    <p class='ocr_par' dir='ltr' id='par_1_60' title="bbox 235 3032 3640 3119">
     <span class='ocr_line' id='line_1_60' title="bbox 235 3032 3640 3119; baseline -0.001 -21"><span class='ocrx_word' id='word_1_482' title='bbox 235 3037 321 3099; x_wconf 88' lang='lat' dir='ltr'><strong>illi</strong></span> <span class='ocrx_word' id='word_1_483' title='bbox 354 3037 679 3116; x_wconf 83' lang='lat' dir='ltr'><strong>procreati.</strong></span> <span class='ocrx_word' id='word_1_484' title='bbox 714 3032 841 3110; x_wconf 88' lang='lat' dir='ltr'><strong>Quo</strong></span> <span class='ocrx_word' id='word_1_485' title='bbox 871 3038 1048 3101; x_wconf 88' lang='lat' dir='ltr'><strong>etiam</strong></span> <span class='ocrx_word' id='word_1_486' title='bbox 1086 3037 1346 3119; x_wconf 87' lang='lat' dir='ltr'><strong>pertinet</strong></span> <span class='ocrx_word' id='word_1_487' title='bbox 1376 3053 1391 3100; x_wconf 93' lang='lat'>:</span> <span class='ocrx_word' id='word_1_488' title='bbox 1426 3036 1585 3118; x_wconf 89' lang='lat' dir='ltr'><strong>quod</strong></span> <span class='ocrx_word' id='word_1_489' title='bbox 1616 3035 1861 3098; x_wconf 85' lang='lat' dir='ltr'><strong>ﬁrmare</strong></span> <span class='ocrx_word' id='word_1_490' title='bbox 1892 3035 2114 3098; x_wconf 86' lang='lat' dir='ltr'><strong>tonitru</strong></span> <span class='ocrx_word' id='word_1_491' title='bbox 2149 3035 2367 3095; x_wconf 90' lang='lat' dir='ltr'><strong>dicitur</strong></span> <span class='ocrx_word' id='word_1_492' title='bbox 2394 3033 2468 3107; x_wconf 78' lang='lat'><strong>37,</strong></span> <span class='ocrx_word' id='word_1_493' title='bbox 2505 3044 2563 3096; x_wconf 91' lang='lat' dir='ltr'><strong>et</strong></span> <span class='ocrx_word' id='word_1_494' title='bbox 2594 3043 2834 3096; x_wconf 90' lang='lat' dir='ltr'><strong>ventum</strong></span> <span class='ocrx_word' id='word_1_495' title='bbox 2869 3052 3071 3095; x_wconf 89' lang='lat' dir='ltr'><strong>creare</strong></span> <span class='ocrx_word' id='word_1_496' title='bbox 3100 3032 3154 3076; x_wconf 79' lang='lat'><strong>33</strong></span> <span class='ocrx_word' id='word_1_497' title='bbox 3188 3053 3201 3093; x_wconf 92' lang='lat'><strong>:</strong></span> <span class='ocrx_word' id='word_1_498' title='bbox 3237 3051 3487 3113; x_wconf 90' lang='lat' dir='ltr'><strong>quorum</strong></span> <span class='ocrx_word' id='word_1_499' title='bbox 3517 3037 3640 3114; x_wconf 88' lang='lat' dir='ltr'><strong>ipsa</strong></span> 
     </span>
    </p>
   </div>
   <div class='ocr_carea' id='block_1_61' title="bbox 237 3124 3011 3211">
    <p class='ocr_par' dir='ltr' id='par_1_61' title="bbox 237 3124 3011 3211">
     <span class='ocr_line' id='line_1_61' title="bbox 237 3124 3011 3211; baseline -0.003 -22"><span class='ocrx_word' id='word_1_500' title='bbox 237 3128 485 3211; x_wconf 80' lang='lat' dir='ltr'><strong>quidem</strong></span> <span class='ocrx_word' id='word_1_501' title='bbox 509 3127 661 3189; x_wconf 88' lang='lat' dir='ltr'><strong>ratio</strong></span> <span class='ocrx_word' id='word_1_502' title='bbox 692 3127 885 3190; x_wconf 89' lang='lat' dir='ltr'><strong>semel</strong></span> <span class='ocrx_word' id='word_1_503' title='bbox 917 3126 1161 3189; x_wconf 88' lang='lat' dir='ltr'><strong>condita</strong></span> <span class='ocrx_word' id='word_1_504' title='bbox 1182 3136 1293 3208; x_wconf 87' lang='lat' dir='ltr'><strong>est,</strong></span> <span class='ocrx_word' id='word_1_505' title='bbox 1332 3134 1613 3189; x_wconf 54' lang='lat' dir='ltr'><strong>caeterum</strong></span> <span class='ocrx_word' id='word_1_506' title='bbox 1640 3143 1798 3186; x_wconf 91' lang='lat' dir='ltr'><strong>nunc</strong></span> <span class='ocrx_word' id='word_1_507' title='bbox 1822 3144 2061 3206; x_wconf 83' lang='lat' dir='ltr'><strong>quoque</strong></span> <span class='ocrx_word' id='word_1_508' title='bbox 2098 3133 2384 3202; x_wconf 87' lang='lat' dir='ltr'><strong>perpetua</strong></span> <span class='ocrx_word' id='word_1_509' title='bbox 2420 3124 2507 3185; x_wconf 89' lang='lat' dir='ltr'><strong>vis</strong></span> <span class='ocrx_word' id='word_1_510' title='bbox 2539 3133 2626 3186; x_wconf 91' lang='lat' dir='ltr'><strong>est</strong></span> <span class='ocrx_word' id='word_1_511' title='bbox 2654 3144 2721 3186; x_wconf 89' lang='lat' dir='ltr'><strong>ac</strong></span> <span class='ocrx_word' id='word_1_512' title='bbox 2746 3124 3011 3185; x_wconf 89' lang='lat' dir='ltr'><strong>facultas.</strong></span> 
     </span>
    </p>
   </div>
   <div class='ocr_carea' id='block_1_62' title="bbox 322 3211 1901 3296">
    <p class='ocr_par' dir='ltr' id='par_1_62' title="bbox 322 3211 1901 3296">
     <span class='ocr_line' id='line_1_62' title="bbox 322 3211 1901 3296; baseline -0.003 -21"><span class='ocrx_word' id='word_1_513' title='bbox 322 3211 429 3280; x_wconf 70' lang='grc' dir='ltr'><strong>[θ’.</strong></span> <span class='ocrx_word' id='word_1_514' title='bbox 481 3216 763 3277; x_wconf 76' lang='grc' dir='ltr'>’Ἔϐδοιιον</span> <span class='ocrx_word' id='word_1_515' title='bbox 825 3217 1058 3296; x_wconf 83' lang='grc' dir='ltr'>λεγέσθω</span> <span class='ocrx_word' id='word_1_516' title='bbox 1100 3219 1162 3275; x_wconf 79' lang='grc' dir='ltr'>τὸ</span> <span class='ocrx_word' id='word_1_517' title='bbox 1221 3214 1644 3284; x_wconf 76' lang='grc' dir='ltr'>καταϐεϐηκέναι</span> <span class='ocrx_word' id='word_1_518' title='bbox 1697 3215 1757 3271; x_wconf 80' lang='grc' dir='ltr'><strong>ἐκ</strong></span> <span class='ocrx_word' id='word_1_519' title='bbox 1812 3223 1901 3272; x_wconf 79' lang='grc' dir='ltr'>τοῦ</span> 
     </span>
    </p>
   </div>
   <div class='ocr_carea' id='block_1_63' title="bbox 1992 3211 3639 3296">
    <p class='ocr_par' dir='ltr' id='par_1_63' title="bbox 2071 3212 3639 3295">
     <span class='ocr_line' id='line_1_63' title="bbox 2071 3212 3639 3295; baseline -0.003 -19"><span class='ocrx_word' id='word_1_520' title='bbox 2071 3213 2193 3276; x_wconf 87' lang='grc' dir='ltr'><strong>ΧΙΙ.</strong></span> <span class='ocrx_word' id='word_1_521' title='bbox 2225 3215 2552 3295; x_wconf 80' lang='lat' dir='ltr'><strong>Septimum</strong></span> <span class='ocrx_word' id='word_1_522' title='bbox 2591 3213 2947 3293; x_wconf 86' lang='lat' dir='ltr'><strong>proferatur,</strong></span> <span class='ocrx_word' id='word_1_523' title='bbox 2983 3212 3140 3294; x_wconf 87' lang='lat' dir='ltr'><strong>quod</strong></span> <span class='ocrx_word' id='word_1_524' title='bbox 3190 3212 3371 3275; x_wconf 90' lang='lat' dir='ltr'><strong>Filius</strong></span> <span class='ocrx_word' id='word_1_525' title='bbox 3405 3230 3437 3273; x_wconf 90' lang='lat' dir='ltr'><strong>e</strong></span> <span class='ocrx_word' id='word_1_526' title='bbox 3490 3212 3639 3273; x_wconf 65' lang='lat' dir='ltr'><strong>caelo</strong></span> 
     </span>
    </p>
   </div>
   <div class='ocr_carea' id='block_1_64' title="bbox 237 3306 1909 3390">
    <p class='ocr_par' dir='ltr' id='par_1_64' title="bbox 237 3306 1909 3390">
     <span class='ocr_line' id='line_1_64' title="bbox 237 3306 1909 3390; baseline -0.004 -23"><span class='ocrx_word' id='word_1_527' title='bbox 237 3315 459 3390; x_wconf 70' lang='grc' dir='ltr'>οὖρανοῦ</span> <span class='ocrx_word' id='word_1_528' title='bbox 511 3312 597 3366; x_wconf 78' lang='grc' dir='ltr'>τὸν</span> <span class='ocrx_word' id='word_1_529' title='bbox 660 3311 801 3388; x_wconf 68' lang='grc' dir='ltr'><strong>ι’ἱὸν,</strong></span> <span class='ocrx_word' id='word_1_530' title='bbox 851 3308 955 3388; x_wconf 68' lang='grc' dir='ltr'><strong>οὔχ</strong></span> <span class='ocrx_word' id='word_1_531' title='bbox 998 3308 1092 3364; x_wconf 68' lang='grc' dir='ltr'>’ίνα</span> <span class='ocrx_word' id='word_1_532' title='bbox 1148 3314 1279 3385; x_wconf 87' lang='grc' dir='ltr'>ποιῇ</span> <span class='ocrx_word' id='word_1_533' title='bbox 1334 3309 1397 3364; x_wconf 81' lang='grc' dir='ltr'>τὸ</span> <span class='ocrx_word' id='word_1_534' title='bbox 1454 3306 1672 3381; x_wconf 85' lang='grc' dir='ltr'>θέλημα</span> <span class='ocrx_word' id='word_1_535' title='bbox 1698 3307 1759 3362; x_wconf 84' lang='grc' dir='ltr'>τὸ</span> <span class='ocrx_word' id='word_1_536' title='bbox 1792 3306 1909 3361; x_wconf 77' lang='grc' dir='ltr'>ἐαυ-</span> 
     </span>
    </p>
   </div>
   <div class='ocr_carea' id='block_1_65' title="bbox 1992 3302 3638 3378">
    <p class='ocr_par' dir='ltr' id='par_1_65' title="bbox 1992 3302 3638 3378">
     <span class='ocr_line' id='line_1_65' title="bbox 1992 3302 3638 3378; baseline -0.002 -12"><span class='ocrx_word' id='word_1_537' title='bbox 1992 3304 2376 3366; x_wconf 70' lang='lat' dir='ltr'><strong>descendisse</strong></span> <span class='ocrx_word' id='word_1_538' title='bbox 2400 3303 2640 3378; x_wconf 88' lang='lat' dir='ltr'><strong>dicitur,</strong></span> <span class='ocrx_word' id='word_1_539' title='bbox 2671 3324 2787 3366; x_wconf 93' lang='lat' dir='ltr'><strong>non</strong></span> <span class='ocrx_word' id='word_1_540' title='bbox 2813 3313 2875 3366; x_wconf 91' lang='lat' dir='ltr'><strong>ut</strong></span> <span class='ocrx_word' id='word_1_541' title='bbox 2899 3304 3259 3364; x_wconf 89' lang='lat' dir='ltr'><strong>voluntatem</strong></span> <span class='ocrx_word' id='word_1_542' title='bbox 3295 3302 3442 3363; x_wconf 71' lang='lat'><strong>548</strong></span> <span class='ocrx_word' id='word_1_543' title='bbox 3473 3320 3638 3363; x_wconf 89' lang='lat' dir='ltr'><strong>suam</strong></span> 
     </span>
    </p>
   </div>
   <div class='ocr_carea' id='block_1_66' title="bbox 238 3391 1901 3477">
    <p class='ocr_par' dir='ltr' id='par_1_66' title="bbox 238 3395 1901 3477">
     <span class='ocr_line' id='line_1_66' title="bbox 238 3395 1901 3477; baseline -0.004 -20"><span class='ocrx_word' id='word_1_544' title='bbox 238 3408 353 3474; x_wconf 76' lang='grc' dir='ltr'>τοῦ,</span> <span class='ocrx_word' id='word_1_545' title='bbox 410 3399 553 3457; x_wconf 78' lang='grc' dir='ltr'>ἀλλὰ</span> <span class='ocrx_word' id='word_1_546' title='bbox 609 3401 671 3456; x_wconf 80' lang='grc' dir='ltr'>τὸ</span> <span class='ocrx_word' id='word_1_547' title='bbox 722 3409 814 3458; x_wconf 81' lang='grc' dir='ltr'>τοῦ</span> <span class='ocrx_word' id='word_1_548' title='bbox 876 3398 1003 3477; x_wconf 77' lang='grc'><strong>(21)</strong></span> <span class='ocrx_word' id='word_1_549' title='bbox 1051 3398 1385 3474; x_wconf 75' lang='grc' dir='ltr'>πέμψαντος.</span> <span class='ocrx_word' id='word_1_550' title='bbox 1450 3399 1507 3455; x_wconf 75' lang='grc' dir='ltr'>Εἰ</span> <span class='ocrx_word' id='word_1_551' title='bbox 1552 3396 1649 3473; x_wconf 77' lang='grc' dir='ltr'>μὲν</span> <span class='ocrx_word' id='word_1_552' title='bbox 1699 3396 1787 3453; x_wconf 80' lang='grc' dir='ltr'>οὖν</span> <span class='ocrx_word' id='word_1_553' title='bbox 1831 3395 1901 3470; x_wconf 80' lang='grc' dir='ltr'>μὴ</span> 
     </span>
    </p>
   </div>
   <div class='ocr_carea' id='block_1_67' title="bbox 1992 3391 3640 3477">
    <p class='ocr_par' dir='ltr' id='par_1_67' title="bbox 1992 3391 3640 3474">
     <span class='ocr_line' id='line_1_67' title="bbox 1992 3391 3640 3474; baseline -0.004 -17"><span class='ocrx_word' id='word_1_554' title='bbox 1992 3395 2187 3473; x_wconf 86' lang='lat' dir='ltr'><strong>faciat,</strong></span> <span class='ocrx_word' id='word_1_555' title='bbox 2220 3395 2323 3455; x_wconf 87' lang='lat' dir='ltr'><strong>sed</strong></span> <span class='ocrx_word' id='word_1_556' title='bbox 2358 3398 2490 3474; x_wconf 86' lang='lat' dir='ltr'><strong>ejus</strong></span> <span class='ocrx_word' id='word_1_557' title='bbox 2521 3414 2554 3456; x_wconf 87' lang='lat' dir='ltr'><strong>a</strong></span> <span class='ocrx_word' id='word_1_558' title='bbox 2588 3415 2704 3473; x_wconf 91' lang='lat' dir='ltr'><strong>quo</strong></span> <span class='ocrx_word' id='word_1_559' title='bbox 2751 3395 2969 3455; x_wconf 90' lang='lat' dir='ltr'><strong>missus</strong></span> <span class='ocrx_word' id='word_1_560' title='bbox 3000 3401 3088 3455; x_wconf 90' lang='lat' dir='ltr'><strong>est</strong></span> <span class='ocrx_word' id='word_1_561' title='bbox 3117 3391 3190 3451; x_wconf 83' lang='lat'><strong>39.</strong></span> <span class='ocrx_word' id='word_1_562' title='bbox 3228 3394 3384 3455; x_wconf 89' lang='lat' dir='ltr'><strong>Sane</strong></span> <span class='ocrx_word' id='word_1_563' title='bbox 3426 3392 3539 3453; x_wconf 87' lang='lat' dir='ltr'><strong>nisi</strong></span> <span class='ocrx_word' id='word_1_564' title='bbox 3568 3391 3640 3452; x_wconf 92' lang='lat' dir='ltr'><strong>ab</strong></span> 
     </span>
    </p>
   </div>
   <div class='ocr_carea' id='block_1_68' title="bbox 239 3484 1905 3568">
    <p class='ocr_par' dir='ltr' id='par_1_68' title="bbox 239 3484 1905 3568">
     <span class='ocr_line' id='line_1_68' title="bbox 239 3484 1905 3568; baseline -0.004 -20"><span class='ocrx_word' id='word_1_565' title='bbox 239 3492 383 3568; x_wconf 80' lang='grc' dir='ltr'>παρᾶ</span> <span class='ocrx_word' id='word_1_566' title='bbox 441 3497 540 3548; x_wconf 73' lang='grc' dir='ltr'><strong>τοῦ</strong></span> <span class='ocrx_word' id='word_1_567' title='bbox 568 3487 989 3556; x_wconf 78' lang='grc' dir='ltr'>κατεληλυθότος</span> <span class='ocrx_word' id='word_1_568' title='bbox 1044 3488 1203 3545; x_wconf 73' lang='grc' dir='ltr'><strong>αὒτοῦ</strong></span> <span class='ocrx_word' id='word_1_569' title='bbox 1250 3488 1415 3545; x_wconf 79' lang='grc' dir='ltr'><strong>ταῦτα</strong></span> <span class='ocrx_word' id='word_1_570' title='bbox 1464 3486 1705 3566; x_wconf 73' lang='grc' dir='ltr'>ἒλέγετο,</span> <span class='ocrx_word' id='word_1_571' title='bbox 1741 3484 1905 3543; x_wconf 78' lang='grc' dir='ltr'>εἵπο-</span> 
     </span>
    </p>
   </div>
   <div class='ocr_carea' id='block_1_69' title="bbox 242 3575 1896 3659">
    <p class='ocr_par' dir='ltr' id='par_1_69' title="bbox 242 3575 1896 3659">
     <span class='ocr_line' id='line_1_69' title="bbox 242 3575 1896 3659; baseline -0.002 -24"><span class='ocrx_word' id='word_1_572' title='bbox 242 3603 340 3655; x_wconf 69' lang='grc' dir='ltr'><strong>μεν</strong></span> <span class='ocrx_word' id='word_1_573' title='bbox 375 3580 438 3638; x_wconf 76' lang='grc' dir='ltr'><strong>ἂν</strong></span> <span class='ocrx_word' id='word_1_574' title='bbox 469 3583 547 3645; x_wconf 81' lang='grc' dir='ltr'>ὡς</span> <span class='ocrx_word' id='word_1_575' title='bbox 600 3580 744 3658; x_wconf 81' lang='grc' dir='ltr'>παρὰ</span> <span class='ocrx_word' id='word_1_576' title='bbox 794 3585 885 3637; x_wconf 79' lang='grc' dir='ltr'>τοῦ</span> <span class='ocrx_word' id='word_1_577' title='bbox 941 3578 1216 3659; x_wconf 76' lang='grc' dir='ltr'>ἀνθρώπου</span> <span class='ocrx_word' id='word_1_578' title='bbox 1261 3582 1546 3635; x_wconf 80' lang='grc' dir='ltr'>τυποῦσθαι</span> <span class='ocrx_word' id='word_1_579' title='bbox 1575 3581 1666 3633; x_wconf 79' lang='grc' dir='ltr'>τὸν</span> <span class='ocrx_word' id='word_1_580' title='bbox 1711 3575 1896 3655; x_wconf 82' lang='grc' dir='ltr'>λόγον,</span> 
     </span>
    </p>
   </div>
   <div class='ocr_carea' id='block_1_70' title="bbox 239 3664 1901 3748">
    <p class='ocr_par' dir='ltr' id='par_1_70' title="bbox 239 3664 1901 3748">
     <span class='ocr_line' id='line_1_70' title="bbox 239 3664 1901 3748; baseline -0.005 -20"><span class='ocrx_word' id='word_1_581' title='bbox 239 3673 299 3728; x_wconf 69' lang='grc' dir='ltr'>οὗ</span> <span class='ocrx_word' id='word_1_582' title='bbox 342 3680 440 3729; x_wconf 78' lang='grc' dir='ltr'><strong>τοῦ</strong></span> <span class='ocrx_word' id='word_1_583' title='bbox 482 3672 621 3727; x_wconf 80' lang='grc' dir='ltr'>κατὰ</span> <span class='ocrx_word' id='word_1_584' title='bbox 662 3673 753 3727; x_wconf 80' lang='grc' dir='ltr'><strong>τὸν</strong></span> <span class='ocrx_word' id='word_1_585' title='bbox 812 3675 1041 3748; x_wconf 82' lang='grc' dir='ltr'>Σωτῆρα</span> <span class='ocrx_word' id='word_1_586' title='bbox 1092 3667 1378 3743; x_wconf 84' lang='grc' dir='ltr'>νοουμένου</span> <span class='ocrx_word' id='word_1_587' title='bbox 1427 3668 1512 3743; x_wconf 83' lang='grc' dir='ltr'><strong>(τὸ</strong></span> <span class='ocrx_word' id='word_1_588' title='bbox 1569 3666 1669 3744; x_wconf 81' lang='grc' dir='ltr'><strong>γὰρ</strong></span> <span class='ocrx_word' id='word_1_589' title='bbox 1699 3664 1901 3721; x_wconf 76' lang='grc' dir='ltr'>ἐκείνου</span> 
     </span>
    </p>
   </div>
   <div class='ocr_carea' id='block_1_71' title="bbox 240 3753 1904 3835">
    <p class='ocr_par' dir='ltr' id='par_1_71' title="bbox 240 3753 1904 3835">
     <span class='ocr_line' id='line_1_71' title="bbox 240 3753 1904 3835; baseline -0.004 -18"><span class='ocrx_word' id='word_1_590' title='bbox 240 3761 413 3818; x_wconf 80' lang='grc' dir='ltr'>θέλειν</span> <span class='ocrx_word' id='word_1_591' title='bbox 442 3760 567 3820; x_wconf 66' lang='grc' dir='ltr'>οὐδὲ</span> <span class='ocrx_word' id='word_1_592' title='bbox 596 3761 906 3817; x_wconf 74' lang='grc' dir='ltr'>ὑπεναντίον</span> <span class='ocrx_word' id='word_1_593' title='bbox 968 3768 1106 3835; x_wconf 79' lang='grc' dir='ltr'><strong>Θεῷ,</strong></span> <span class='ocrx_word' id='word_1_594' title='bbox 1171 3759 1361 3816; x_wconf 81' lang='grc' dir='ltr'>θεωθὲν</span> <span class='ocrx_word' id='word_1_595' title='bbox 1411 3754 1557 3835; x_wconf 77' lang='grc' dir='ltr'>ὅλον)</span> <span class='ocrx_word' id='word_1_596' title='bbox 1616 3753 1755 3811; x_wconf 80' lang='grc' dir='ltr'><strong>ἀλλὰ</strong></span> <span class='ocrx_word' id='word_1_597' title='bbox 1812 3761 1904 3813; x_wconf 80' lang='grc' dir='ltr'>τοῦ</span> 
     </span>
    </p>
   </div>
   <div class='ocr_carea' id='block_1_72' title="bbox 232 3844 1905 3931">
    <p class='ocr_par' dir='ltr' id='par_1_72' title="bbox 232 3844 1905 3931">
     <span class='ocr_line' id='line_1_72' title="bbox 232 3844 1905 3931; baseline -0.005 -22"><span class='ocrx_word' id='word_1_598' title='bbox 232 3850 349 3909; x_wconf 78' lang='grc' dir='ltr'>καθ’</span> <span class='ocrx_word' id='word_1_599' title='bbox 412 3855 596 3931; x_wconf 66' lang='grc' dir='ltr'>ἡμᾶς,</span> <span class='ocrx_word' id='word_1_600' title='bbox 641 3852 713 3914; x_wconf 81' lang='grc' dir='ltr'>ὡς</span> <span class='ocrx_word' id='word_1_601' title='bbox 758 3858 849 3907; x_wconf 83' lang='grc' dir='ltr'>τοῦ</span> <span class='ocrx_word' id='word_1_602' title='bbox 904 3848 1230 3928; x_wconf 77' lang='grc' dir='ltr'>ἀνθρωπίνου</span> <span class='ocrx_word' id='word_1_603' title='bbox 1301 3845 1425 3927; x_wconf 68' lang='grc'><strong>(22)</strong></span> <span class='ocrx_word' id='word_1_604' title='bbox 1484 3844 1787 3921; x_wconf 72' lang='grc' dir='ltr'>θελήματος</span> <span class='ocrx_word' id='word_1_605' title='bbox 1846 3847 1905 3901; x_wconf 74' lang='grc' dir='ltr'>οὒ</span> 
     </span>
    </p>
   </div>
   <div class='ocr_carea' id='block_1_73' title="bbox 239 3936 1904 4016">
    <p class='ocr_par' dir='ltr' id='par_1_73' title="bbox 239 3936 1904 4016">
     <span class='ocr_line' id='line_1_73' title="bbox 239 3936 1904 4016; baseline -0.005 -18"><span class='ocrx_word' id='word_1_606' title='bbox 239 3939 458 4005; x_wconf 79' lang='grc' dir='ltr'>πάντως</span> <span class='ocrx_word' id='word_1_607' title='bbox 514 3940 778 4016; x_wconf 76' lang='grc' dir='ltr'>ἑπομένου</span> <span class='ocrx_word' id='word_1_608' title='bbox 822 3947 899 4013; x_wconf 85' lang='grc' dir='ltr'>τῷ</span> <span class='ocrx_word' id='word_1_609' title='bbox 953 3941 1098 4014; x_wconf 80' lang='grc' dir='ltr'>θείῳ,</span> <span class='ocrx_word' id='word_1_610' title='bbox 1163 3937 1281 3995; x_wconf 64' lang='grc' dir='ltr'>ἀλλ’</span> <span class='ocrx_word' id='word_1_611' title='bbox 1340 3939 1769 4010; x_wconf 74' lang='grc' dir='ltr'>ἀντιπίπτοντος,</span> <span class='ocrx_word' id='word_1_612' title='bbox 1831 3936 1904 3997; x_wconf 80' lang='grc' dir='ltr'>ὡς</span> 
     </span>
    </p>
   </div>
   <div class='ocr_carea' id='block_1_74' title="bbox 246 4024 1903 4111">
    <p class='ocr_par' dir='ltr' id='par_1_74' title="bbox 246 4024 1903 4111">
     <span class='ocr_line' id='line_1_74' title="bbox 246 4024 1903 4111; baseline -0.005 -23"><span class='ocrx_word' id='word_1_613' title='bbox 246 4034 311 4088; x_wconf 73' lang='grc' dir='ltr'>τὰ</span> <span class='ocrx_word' id='word_1_614' title='bbox 353 4032 559 4111; x_wconf 74' lang='grc' dir='ltr'>πολλὰ,</span> <span class='ocrx_word' id='word_1_615' title='bbox 608 4032 695 4088; x_wconf 79' lang='grc' dir='ltr'><strong>καὶ</strong></span> <span class='ocrx_word' id='word_1_616' title='bbox 754 4027 1219 4093; x_wconf 78' lang='grc' dir='ltr'>ἀντιπαλαίοντος.</span> <span class='ocrx_word' id='word_1_617' title='bbox 1258 4030 1354 4088; x_wconf 85' lang='grc' dir='ltr'>Καὶ</span> <span class='ocrx_word' id='word_1_618' title='bbox 1384 4029 1483 4107; x_wconf 79' lang='grc' dir='ltr'>γὰρ</span> <span class='ocrx_word' id='word_1_619' title='bbox 1530 4029 1710 4082; x_wconf 71' lang='grc' dir='ltr'>ἒκεϊνο</span> <span class='ocrx_word' id='word_1_620' title='bbox 1741 4024 1903 4087; x_wconf 75' lang='grc' dir='ltr'>οὕτως</span> 
     </span>
    </p>
   </div>
   <div class='ocr_carea' id='block_1_75' title="bbox 246 4112 1902 4199">
    <p class='ocr_par' dir='ltr' id='par_1_75' title="bbox 246 4112 1902 4199">
     <span class='ocr_line' id='line_1_75' title="bbox 246 4112 1902 4199; baseline -0.007 -20"><span class='ocrx_word' id='word_1_621' title='bbox 246 4122 547 4196; x_wconf 72' lang='grc' dir='ltr'>ἐνοήσαμεν</span> <span class='ocrx_word' id='word_1_622' title='bbox 604 4120 666 4177; x_wconf 87' lang='grc' dir='ltr'><strong>τό</strong></span> <span class='ocrx_word' id='word_1_623' title='bbox 697 4138 710 4152; x_wconf 86' lang='grc'>⁶</span> <span class='ocrx_word' id='word_1_624' title='bbox 776 4120 972 4199; x_wconf 67' lang='grc' dir='ltr'>Πάτερ,</span> <span class='ocrx_word' id='word_1_625' title='bbox 1019 4120 1062 4175; x_wconf 78' lang='grc' dir='ltr'>εἱ</span> <span class='ocrx_word' id='word_1_626' title='bbox 1142 4116 1382 4198; x_wconf 71' lang='grc' dir='ltr'>δυνατὸν,</span> <span class='ocrx_word' id='word_1_627' title='bbox 1446 4114 1754 4195; x_wconf 83' lang='grc' dir='ltr'>παρελθέτω</span> <span class='ocrx_word' id='word_1_628' title='bbox 1812 4112 1902 4168; x_wconf 80' lang='grc' dir='ltr'><strong>ἀπ’</strong></span> 
     </span>
    </p>
   </div>
   <div class='ocr_carea' id='block_1_76' title="bbox 247 4199 1903 4289">
    <p class='ocr_par' dir='ltr' id='par_1_76' title="bbox 247 4199 1903 4289">
     <span class='ocr_line' id='line_1_76' title="bbox 247 4199 1903 4289; baseline -0.007 -20"><span class='ocrx_word' id='word_1_629' title='bbox 247 4214 375 4288; x_wconf 70' lang='grc' dir='ltr'>ἐμοῦ</span> <span class='ocrx_word' id='word_1_630' title='bbox 434 4216 497 4270; x_wconf 77' lang='grc' dir='ltr'>τὸ</span> <span class='ocrx_word' id='word_1_631' title='bbox 560 4213 816 4289; x_wconf 70' lang='grc' dir='ltr'>ποτήριον</span> <span class='ocrx_word' id='word_1_632' title='bbox 859 4213 1014 4268; x_wconf 67' lang='grc' dir='ltr'>τοῦτο</span> <span class='ocrx_word' id='word_1_633' title='bbox 1049 4228 1066 4245; x_wconf 82' lang='grc'>⁸</span> <span class='ocrx_word' id='word_1_634' title='bbox 1129 4208 1269 4276; x_wconf 79' lang='grc' dir='ltr'>πλὴν</span> <span class='ocrx_word' id='word_1_635' title='bbox 1328 4211 1432 4287; x_wconf 69' lang='grc' dir='ltr'><strong>οὔχ</strong></span> <span class='ocrx_word' id='word_1_636' title='bbox 1500 4207 1526 4261; x_wconf 88' lang='grc' dir='ltr'><strong><em>ὃ</em></strong></span> <span class='ocrx_word' id='word_1_637' title='bbox 1582 4204 1689 4283; x_wconf 71' lang='grc' dir='ltr'><strong>ἐγὼ</strong></span> <span class='ocrx_word' id='word_1_638' title='bbox 1742 4199 1903 4272; x_wconf 84' lang='grc' dir='ltr'>θέλω,</span> 
     </span>
    </p>
   </div>
   <div class='ocr_carea' id='block_1_77' title="bbox 248 4290 1905 4381">
    <p class='ocr_par' dir='ltr' id='par_1_77' title="bbox 248 4290 1905 4381">
     <span class='ocr_line' id='line_1_77' title="bbox 248 4290 1905 4381; baseline -0.007 -23"><span class='ocrx_word' id='word_1_639' title='bbox 248 4302 382 4361; x_wconf 76' lang='grc' dir='ltr'>ἀλλὰ</span> <span class='ocrx_word' id='word_1_640' title='bbox 449 4306 514 4361; x_wconf 79' lang='grc' dir='ltr'>τὸ</span> <span class='ocrx_word' id='word_1_641' title='bbox 578 4325 669 4359; x_wconf 86' lang='grc' dir='ltr'><strong>σον</strong></span> <span class='ocrx_word' id='word_1_642' title='bbox 727 4301 962 4381; x_wconf 73' lang='grc' dir='ltr'>ἶσχυέτω</span> <span class='ocrx_word' id='word_1_643' title='bbox 1018 4298 1250 4373; x_wconf 82' lang='grc' dir='ltr'>θέλημα.</span> <span class='ocrx_word' id='word_1_644' title='bbox 1299 4298 1429 4356; x_wconf 73' lang='grc' dir='ltr'>Οὔτε</span> <span class='ocrx_word' id='word_1_645' title='bbox 1475 4296 1598 4374; x_wconf 72' lang='grc' dir='ltr'>γὰρ,</span> <span class='ocrx_word' id='word_1_646' title='bbox 1648 4295 1692 4349; x_wconf 83' lang='grc' dir='ltr'>εἰ</span> <span class='ocrx_word' id='word_1_647' title='bbox 1748 4290 1905 4351; x_wconf 80' lang='grc' dir='ltr'>δυνα-</span> 
     </span>
    </p>
   </div>
   <div class='ocr_carea' id='block_1_78' title="bbox 251 4384 1908 4472">
    <p class='ocr_par' dir='ltr' id='par_1_78' title="bbox 251 4384 1908 4472">
     <span class='ocr_line' id='line_1_78' title="bbox 251 4384 1908 4472; baseline -0.009 -21"><span class='ocrx_word' id='word_1_648' title='bbox 251 4396 363 4471; x_wconf 73' lang='grc' dir='ltr'>τὸν,</span> <span class='ocrx_word' id='word_1_649' title='bbox 397 4399 434 4467; x_wconf 67' lang='grc' dir='ltr'><strong>ἢ</strong></span> <span class='ocrx_word' id='word_1_650' title='bbox 467 4392 573 4472; x_wconf 72' lang='grc' dir='ltr'>μὴ,</span> <span class='ocrx_word' id='word_1_651' title='bbox 602 4400 759 4451; x_wconf 80' lang='grc' dir='ltr'>τοῦτο</span> <span class='ocrx_word' id='word_1_652' title='bbox 801 4392 1016 4469; x_wconf 70' lang='grc' dir='ltr'>ἀγνοεῖν</span> <span class='ocrx_word' id='word_1_653' title='bbox 1069 4390 1275 4446; x_wconf 75' lang='grc' dir='ltr'>ἐκεῖνον</span> <span class='ocrx_word' id='word_1_654' title='bbox 1332 4389 1495 4461; x_wconf 81' lang='grc' dir='ltr'>εἰκὸς,</span> <span class='ocrx_word' id='word_1_655' title='bbox 1530 4384 1647 4443; x_wconf 65' lang='grc' dir='ltr'>οὔτε</span> <span class='ocrx_word' id='word_1_656' title='bbox 1689 4388 1767 4457; x_wconf 80' lang='grc' dir='ltr'>τῷ</span> <span class='ocrx_word' id='word_1_657' title='bbox 1816 4384 1908 4438; x_wconf 81' lang='grc' dir='ltr'>θε-</span> 
     </span>
    </p>
   </div>
   <div class='ocr_carea' id='block_1_79' title="bbox 1993 3482 3644 3566">
    <p class='ocr_par' dir='ltr' id='par_1_79' title="bbox 1993 3482 3644 3566">
     <span class='ocr_line' id='line_1_79' title="bbox 1993 3482 3644 3566; baseline -0.002 -19"><span class='ocrx_word' id='word_1_658' title='bbox 1993 3486 2095 3547; x_wconf 91' lang='lat' dir='ltr'><strong>illo</strong></span> <span class='ocrx_word' id='word_1_659' title='bbox 2120 3486 2379 3565; x_wconf 83' lang='lat' dir='ltr'><strong>ipso,qui</strong></span> <span class='ocrx_word' id='word_1_660' title='bbox 2402 3484 2844 3566; x_wconf 85' lang='lat' dir='ltr'><strong>descendit,hic</strong></span> <span class='ocrx_word' id='word_1_661' title='bbox 2868 3504 3065 3545; x_wconf 91' lang='lat' dir='ltr'><strong>sermo</strong></span> <span class='ocrx_word' id='word_1_662' title='bbox 3091 3482 3644 3557; x_wconf 84' lang='lat' dir='ltr'><strong>haberetur,dicere</strong></span> 
     </span>
    </p>
   </div>
   <div class='ocr_carea' id='block_1_80' title="bbox 1995 3572 3642 3657">
    <p class='ocr_par' dir='ltr' id='par_1_80' title="bbox 1995 3572 3642 3657">
     <span class='ocr_line' id='line_1_80' title="bbox 1995 3572 3642 3657; baseline -0.003 -20"><span class='ocrx_word' id='word_1_663' title='bbox 1995 3575 2470 3657; x_wconf 72' lang='lat' dir='ltr'><strong>possemus,htec</strong></span> <span class='ocrx_word' id='word_1_664' title='bbox 2493 3576 2670 3637; x_wconf 83' lang='lat' dir='ltr'><strong>verba</strong></span> <span class='ocrx_word' id='word_1_665' title='bbox 2690 3576 2854 3637; x_wconf 90' lang='lat' dir='ltr'><strong>velut</strong></span> <span class='ocrx_word' id='word_1_666' title='bbox 2876 3574 2947 3635; x_wconf 91' lang='lat' dir='ltr'><strong>ab</strong></span> <span class='ocrx_word' id='word_1_667' title='bbox 2974 3575 3214 3635; x_wconf 88' lang='lat' dir='ltr'><strong>homine</strong></span> <span class='ocrx_word' id='word_1_668' title='bbox 3237 3572 3642 3654; x_wconf 83' lang='lat' dir='ltr'><strong>exprimi,non</strong></span> 
     </span>
    </p>
   </div>
   <div class='ocr_carea' id='block_1_81' title="bbox 1986 3663 3635 3745">
    <p class='ocr_par' dir='ltr' id='par_1_81' title="bbox 1986 3663 3635 3745">
     <span class='ocr_line' id='line_1_81' title="bbox 1986 3663 3635 3745; baseline -0.001 -19"><span class='ocrx_word' id='word_1_669' title='bbox 1986 3665 2087 3745; x_wconf 90' lang='lat' dir='ltr'><strong>qui</strong></span> <span class='ocrx_word' id='word_1_670' title='bbox 2110 3665 2184 3726; x_wconf 91' lang='lat' dir='ltr'><strong>de</strong></span> <span class='ocrx_word' id='word_1_671' title='bbox 2214 3664 2512 3727; x_wconf 89' lang='lat' dir='ltr'><strong>Salvatore</strong></span> <span class='ocrx_word' id='word_1_672' title='bbox 2536 3666 2902 3744; x_wconf 78' lang='lat' dir='ltr'><strong>intelligatur</strong></span> <span class='ocrx_word' id='word_1_673' title='bbox 2933 3665 3116 3740; x_wconf 91' lang='lat' dir='ltr'><strong>(illius</strong></span> <span class='ocrx_word' id='word_1_674' title='bbox 3150 3663 3311 3727; x_wconf 89' lang='lat' dir='ltr'><strong>enim</strong></span> <span class='ocrx_word' id='word_1_675' title='bbox 3340 3665 3635 3739; x_wconf 87' lang='lat' dir='ltr'><strong>voluntas,</strong></span> 
     </span>
    </p>
   </div>
   <div class='ocr_carea' id='block_1_82' title="bbox 1988 3752 3645 3834">
    <p class='ocr_par' dir='ltr' id='par_1_82' title="bbox 1988 3752 3645 3834">
     <span class='ocr_line' id='line_1_82' title="bbox 1988 3752 3645 3834; baseline -0.001 -19"><span class='ocrx_word' id='word_1_676' title='bbox 1988 3773 2122 3817; x_wconf 92' lang='lat' dir='ltr'><strong>cum</strong></span> <span class='ocrx_word' id='word_1_677' title='bbox 2149 3764 2265 3815; x_wconf 86' lang='lat' dir='ltr'><strong>tota</strong></span> <span class='ocrx_word' id='word_1_678' title='bbox 2288 3754 2559 3816; x_wconf 88' lang='lat' dir='ltr'><strong>deiﬁcata</strong></span> <span class='ocrx_word' id='word_1_679' title='bbox 2586 3754 2683 3829; x_wconf 90' lang='lat' dir='ltr'><strong>sit,</strong></span> <span class='ocrx_word' id='word_1_680' title='bbox 2713 3754 2835 3816; x_wconf 92' lang='lat' dir='ltr'><strong>Deo</strong></span> <span class='ocrx_word' id='word_1_681' title='bbox 2864 3754 3067 3834; x_wconf 89' lang='lat' dir='ltr'><strong>procul</strong></span> <span class='ocrx_word' id='word_1_682' title='bbox 3094 3753 3273 3815; x_wconf 88' lang='lat' dir='ltr'><strong>dubio</strong></span> <span class='ocrx_word' id='word_1_683' title='bbox 3301 3772 3419 3814; x_wconf 92' lang='lat' dir='ltr'><strong>non</strong></span> <span class='ocrx_word' id='word_1_684' title='bbox 3442 3752 3645 3814; x_wconf 88' lang='lat' dir='ltr'><strong>adver-</strong></span> 
     </span>
    </p>
   </div>
   <div class='ocr_carea' id='block_1_83' title="bbox 1988 3842 3646 3924">
    <p class='ocr_par' dir='ltr' id='par_1_83' title="bbox 1988 3842 3646 3924">
     <span class='ocr_line' id='line_1_83' title="bbox 1988 3842 3646 3924; baseline -0.001 -20"><span class='ocrx_word' id='word_1_685' title='bbox 1988 3855 2218 3921; x_wconf 76' lang='lat' dir='ltr'><strong>satur);</strong></span> <span class='ocrx_word' id='word_1_686' title='bbox 2256 3845 2356 3904; x_wconf 83' lang='lat' dir='ltr'><strong>sed</strong></span> <span class='ocrx_word' id='word_1_687' title='bbox 2414 3844 2514 3924; x_wconf 90' lang='lat' dir='ltr'><strong>qui</strong></span> <span class='ocrx_word' id='word_1_688' title='bbox 2566 3854 2789 3905; x_wconf 68' lang='lat' dir='ltr'><strong>nostrae</strong></span> <span class='ocrx_word' id='word_1_689' title='bbox 2836 3843 3196 3905; x_wconf 74' lang='lat' dir='ltr'><strong>conditionis</strong></span> <span class='ocrx_word' id='word_1_690' title='bbox 3243 3844 3339 3906; x_wconf 90' lang='lat' dir='ltr'><strong>sit.</strong></span> <span class='ocrx_word' id='word_1_691' title='bbox 3374 3842 3646 3904; x_wconf 88' lang='lat' dir='ltr'><strong>Humana</strong></span> 
     </span>
    </p>
   </div>
   <div class='ocr_carea' id='block_1_84' title="bbox 1990 3933 3653 4013">
    <p class='ocr_par' dir='ltr' id='par_1_84' title="bbox 1990 3933 3653 4013">
     <span class='ocr_line' id='line_1_84' title="bbox 1990 3933 3653 4013; baseline 0.001 -20"><span class='ocrx_word' id='word_1_692' title='bbox 1990 3934 2212 4013; x_wconf 86' lang='lat' dir='ltr'><strong>quippe</strong></span> <span class='ocrx_word' id='word_1_693' title='bbox 2234 3934 2497 3995; x_wconf 87' lang='lat' dir='ltr'><strong>voluntas</strong></span> <span class='ocrx_word' id='word_1_694' title='bbox 2523 3933 2785 3995; x_wconf 90' lang='lat' dir='ltr'><strong>divinam</strong></span> <span class='ocrx_word' id='word_1_695' title='bbox 2813 3953 2928 3995; x_wconf 91' lang='lat' dir='ltr'><strong>non</strong></span> <span class='ocrx_word' id='word_1_696' title='bbox 2951 3935 3232 3995; x_wconf 86' lang='lat' dir='ltr'><strong>continuo</strong></span> <span class='ocrx_word' id='word_1_697' title='bbox 3255 3937 3653 4013; x_wconf 82' lang='lat' dir='ltr'><strong>sequitur,ve-</strong></span> 
     </span>
    </p>
   </div>
   <div class='ocr_carea' id='block_1_85' title="bbox 1990 4022 3651 4104">
    <p class='ocr_par' dir='ltr' id='par_1_85' title="bbox 1990 4022 3651 4104">
     <span class='ocr_line' id='line_1_85' title="bbox 1990 4022 3651 4104; baseline -0.001 -20"><span class='ocrx_word' id='word_1_698' title='bbox 1990 4043 2121 4084; x_wconf 88' lang='lat' dir='ltr'><strong>rum</strong></span> <span class='ocrx_word' id='word_1_699' title='bbox 2140 4025 2538 4104; x_wconf 90' lang='lat' dir='ltr'><strong>utplurimum</strong></span> <span class='ocrx_word' id='word_1_700' title='bbox 2556 4022 3565 4104; x_wconf 77' lang='lat' dir='ltr'><strong>eiresistitatqueubluctatur.Nam</strong></span> <span class='ocrx_word' id='word_1_701' title='bbox 3590 4023 3651 4083; x_wconf 88' lang='lat' dir='ltr'><strong>il-</strong></span> 
     </span>
    </p>
   </div>
   <div class='ocr_carea' id='block_1_86' title="bbox 1993 4112 3656 4194">
    <p class='ocr_par' dir='ltr' id='par_1_86' title="bbox 1993 4112 3656 4194">
     <span class='ocr_line' id='line_1_86' title="bbox 1993 4112 3656 4194; baseline -0.001 -20"><span class='ocrx_word' id='word_1_702' title='bbox 1993 4113 2092 4174; x_wconf 88' lang='lat' dir='ltr'><strong>Iud</strong></span> <span class='ocrx_word' id='word_1_703' title='bbox 2110 4134 2342 4194; x_wconf 78' lang='lat' dir='ltr'><strong>quoque</strong></span> <span class='ocrx_word' id='word_1_704' title='bbox 2357 4114 2567 4175; x_wconf 86' lang='lat' dir='ltr'><strong>eodem</strong></span> <span class='ocrx_word' id='word_1_705' title='bbox 2583 4114 2759 4175; x_wconf 91' lang='lat' dir='ltr'><strong>modo</strong></span> <span class='ocrx_word' id='word_1_706' title='bbox 2776 4114 3087 4192; x_wconf 83' lang='lat' dir='ltr'><strong>intelligim</strong></span> <span class='ocrx_word' id='word_1_707' title='bbox 3098 4132 3187 4175; x_wconf 90' lang='lat' dir='ltr'><strong>ns:</strong></span> <span class='ocrx_word' id='word_1_708' title='bbox 3203 4112 3656 4193; x_wconf 80' lang='lat' dir='ltr'><strong>Pater,sipossi-</strong></span> 
     </span>
    </p>
   </div>
   <div class='ocr_carea' id='block_1_87' title="bbox 1993 4203 3651 4278">
    <p class='ocr_par' dir='ltr' id='par_1_87' title="bbox 1993 4203 3651 4278">
     <span class='ocr_line' id='line_1_87' title="bbox 1993 4203 3651 4278; baseline 0 -17"><span class='ocrx_word' id='word_1_709' title='bbox 1993 4204 2110 4266; x_wconf 79' lang='lat' dir='ltr'><strong>bile</strong></span> <span class='ocrx_word' id='word_1_710' title='bbox 2126 4212 2237 4275; x_wconf 78' lang='lat' dir='ltr'><strong>est,</strong></span> <span class='ocrx_word' id='word_1_711' title='bbox 2258 4212 2533 4265; x_wconf 80' lang='lat' dir='ltr'><strong>transeat</strong></span> <span class='ocrx_word' id='word_1_712' title='bbox 2549 4221 2587 4265; x_wconf 83' lang='grc' dir='ltr'><strong>α</strong></span> <span class='ocrx_word' id='word_1_713' title='bbox 2609 4222 2705 4265; x_wconf 86' lang='lat' dir='ltr'><strong>me</strong></span> <span class='ocrx_word' id='word_1_714' title='bbox 2722 4203 2890 4266; x_wconf 60' lang='lat' dir='ltr'><strong>calix:</strong></span> <span class='ocrx_word' id='word_1_715' title='bbox 2919 4206 3063 4278; x_wconf 79' lang='lat' dir='ltr'><strong>istc;</strong></span> <span class='ocrx_word' id='word_1_716' title='bbox 3089 4210 3512 4264; x_wconf 78' lang='lat' dir='ltr'><strong>verumtamen</strong></span> <span class='ocrx_word' id='word_1_717' title='bbox 3531 4220 3651 4264; x_wconf 85' lang='lat' dir='ltr'><strong>non</strong></span> 
     </span>
    </p>
   </div>
   <div class='ocr_carea' id='block_1_88' title="bbox 1994 4291 3653 4374">
    <p class='ocr_par' dir='ltr' id='par_1_88' title="bbox 1994 4291 3653 4374">
     <span class='ocr_line' id='line_1_88' title="bbox 1994 4291 3653 4374; baseline 0.001 -24"><span class='ocrx_word' id='word_1_718' title='bbox 1994 4313 2123 4355; x_wconf 83' lang='lat' dir='ltr'><strong>mca</strong></span> <span class='ocrx_word' id='word_1_719' title='bbox 2137 4296 2259 4373; x_wconf 70' lang='grc' dir='ltr'>,καί</span> <span class='ocrx_word' id='word_1_720' title='bbox 2273 4301 2375 4357; x_wconf 82' lang='lat' dir='ltr'><strong>tua</strong></span> <span class='ocrx_word' id='word_1_721' title='bbox 2389 4297 2730 4356; x_wconf 83' lang='lat' dir='ltr'><strong>voluntates</strong></span> <span class='ocrx_word' id='word_1_722' title='bbox 2748 4296 2954 4355; x_wconf 82' lang='lat' dir='ltr'><strong>vincat</strong></span> <span class='ocrx_word' id='word_1_723' title='bbox 2972 4292 3111 4356; x_wconf 70' lang='lat' dir='ltr'><strong>40.N</strong></span> <span class='ocrx_word' id='word_1_724' title='bbox 3119 4311 3271 4374; x_wconf 87' lang='lat' dir='ltr'><strong>eque</strong></span> <span class='ocrx_word' id='word_1_725' title='bbox 3288 4294 3449 4354; x_wconf 86' lang='lat' dir='ltr'><strong>enim</strong></span> <span class='ocrx_word' id='word_1_726' title='bbox 3469 4291 3653 4373; x_wconf 85' lang='lat' dir='ltr'><strong>possi-</strong></span> 
     </span>
    </p>
   </div>
   <div class='ocr_carea' id='block_1_89' title="bbox 1999 4383 3648 4464">
    <p class='ocr_par' dir='ltr' id='par_1_89' title="bbox 1999 4383 3648 4464">
     <span class='ocr_line' id='line_1_89' title="bbox 1999 4383 3648 4464; baseline -0.001 -20"><span class='ocrx_word' id='word_1_727' title='bbox 1999 4384 2116 4445; x_wconf 69' lang='lat' dir='ltr'><strong>lsile</strong></span> <span class='ocrx_word' id='word_1_728' title='bbox 2150 4395 2333 4459; x_wconf 63' lang='lat' dir='ltr'><strong>esset,</strong></span> <span class='ocrx_word' id='word_1_729' title='bbox 2368 4403 2556 4446; x_wconf 87' lang='lat' dir='ltr'><strong>necne</strong></span> <span class='ocrx_word' id='word_1_730' title='bbox 2589 4384 2784 4464; x_wconf 89' lang='lat' dir='ltr'><strong>ipsum</strong></span> <span class='ocrx_word' id='word_1_731' title='bbox 2819 4385 3131 4463; x_wconf 83' lang='lat' dir='ltr'><strong>ignorasse</strong></span> <span class='ocrx_word' id='word_1_732' title='bbox 3180 4383 3506 4443; x_wconf 90' lang='lat' dir='ltr'><strong>verisimile</strong></span> <span class='ocrx_word' id='word_1_733' title='bbox 3537 4390 3648 4461; x_wconf 85' lang='lat' dir='ltr'><strong>est,</strong></span> 
     </span>
    </p>
   </div>
   <div class='ocr_carea' id='block_1_90' title="bbox 256 4472 1901 4564">
    <p class='ocr_par' dir='ltr' id='par_1_90' title="bbox 256 4472 1901 4564">
     <span class='ocr_line' id='line_1_90' title="bbox 256 4472 1901 4564; baseline -0.003 -23"><span class='ocrx_word' id='word_1_734' title='bbox 256 4482 457 4562; x_wconf 73' lang='grc' dir='ltr'>λήματι</span> <span class='ocrx_word' id='word_1_735' title='bbox 491 4484 849 4564; x_wconf 71' lang='grc' dir='ltr'>ἀντεισφέρειν</span> <span class='ocrx_word' id='word_1_736' title='bbox 899 4484 960 4538; x_wconf 80' lang='grc' dir='ltr'>τὸ</span> <span class='ocrx_word' id='word_1_737' title='bbox 1006 4481 1238 4555; x_wconf 89' lang='grc' dir='ltr'>θέλημα.</span> <span class='ocrx_word' id='word_1_738' title='bbox 1304 4480 1451 4538; x_wconf 85' lang='grc' dir='ltr'>Ἐπεὶ</span> <span class='ocrx_word' id='word_1_739' title='bbox 1522 4475 1577 4533; x_wconf 78' lang='grc' dir='ltr'><strong>δὲ</strong></span> <span class='ocrx_word' id='word_1_740' title='bbox 1640 4472 1794 4555; x_wconf 71' lang='grc'>(23),</span> <span class='ocrx_word' id='word_1_741' title='bbox 1839 4473 1901 4536; x_wconf 73' lang='grc' dir='ltr'>ὡς</span> 
     </span>
    </p>
   </div>
   <div class='ocr_carea' id='block_1_91' title="bbox 1992 4472 3654 4564">
    <p class='ocr_par' dir='ltr' id='par_1_91' title="bbox 2001 4472 3654 4553">
     <span class='ocr_line' id='line_1_91' title="bbox 2001 4472 3654 4553; baseline -0.002 -18"><span class='ocrx_word' id='word_1_742' title='bbox 2001 4495 2111 4535; x_wconf 88' lang='lat' dir='ltr'><strong>nec</strong></span> <span class='ocrx_word' id='word_1_743' title='bbox 2136 4475 2414 4535; x_wconf 91' lang='lat' dir='ltr'><strong>voluntati</strong></span> <span class='ocrx_word' id='word_1_744' title='bbox 2440 4474 2799 4535; x_wconf 84' lang='lat' dir='ltr'><strong>voluntatem</strong></span> <span class='ocrx_word' id='word_1_745' title='bbox 2826 4476 3204 4553; x_wconf 87' lang='lat' dir='ltr'><strong>opposuisse.</strong></span> <span class='ocrx_word' id='word_1_746' title='bbox 3229 4472 3346 4535; x_wconf 91' lang='lat' dir='ltr'><strong>Sed</strong></span> <span class='ocrx_word' id='word_1_747' title='bbox 3373 4473 3654 4553; x_wconf 86' lang='lat' dir='ltr'><strong>quoniam</strong></span> 
     </span>
    </p>
   </div>
   <div class='ocr_carea' id='block_1_92' title="bbox 258 4565 1911 4655">
    <p class='ocr_par' dir='ltr' id='par_1_92' title="bbox 258 4565 1911 4655">
     <span class='ocr_line' id='line_1_92' title="bbox 258 4565 1911 4655; baseline -0.011 -21"><span class='ocrx_word' id='word_1_748' title='bbox 258 4578 395 4655; x_wconf 69' lang='grc' dir='ltr'>παρὰ</span> <span class='ocrx_word' id='word_1_749' title='bbox 426 4584 519 4635; x_wconf 78' lang='grc' dir='ltr'>τού</span> <span class='ocrx_word' id='word_1_750' title='bbox 579 4572 977 4653; x_wconf 80' lang='grc' dir='ltr'>προσλαϐόντος</span> <span class='ocrx_word' id='word_1_751' title='bbox 1038 4576 1065 4629; x_wconf 88' lang='lat'><strong>6</strong></span> <span class='ocrx_word' id='word_1_752' title='bbox 1110 4571 1268 4650; x_wconf 84' lang='grc' dir='ltr'>λόγος</span> <span class='ocrx_word' id='word_1_753' title='bbox 1302 4568 1481 4648; x_wconf 80' lang='grc' dir='ltr'>(τοῦτο</span> <span class='ocrx_word' id='word_1_754' title='bbox 1543 4567 1643 4646; x_wconf 83' lang='grc' dir='ltr'><strong>γὰρ</strong></span> <span class='ocrx_word' id='word_1_755' title='bbox 1685 4565 1746 4620; x_wconf 77' lang='grc' dir='ltr'>τὸ</span> <span class='ocrx_word' id='word_1_756' title='bbox 1778 4584 1911 4618; x_wconf 81' lang='grc' dir='ltr'>κατ-</span> 
     </span>
    </p>
   </div>
   <div class='ocr_carea' id='block_1_93' title="bbox 260 4655 1913 4747">
    <p class='ocr_par' dir='ltr' id='par_1_93' title="bbox 260 4655 1913 4747">
     <span class='ocr_line' id='line_1_93' title="bbox 260 4655 1913 4747; baseline -0.007 -27"><span class='ocrx_word' id='word_1_757' title='bbox 260 4665 565 4747; x_wconf 70' lang='grc' dir='ltr'>εληλυθὸς),</span> <span class='ocrx_word' id='word_1_758' title='bbox 596 4667 656 4724; x_wconf 71' lang='grc' dir='ltr'>οὔ</span> <span class='ocrx_word' id='word_1_759' title='bbox 685 4672 779 4722; x_wconf 81' lang='grc' dir='ltr'>τοῦ</span> <span class='ocrx_word' id='word_1_760' title='bbox 804 4662 1260 4742; x_wconf 70' lang='grc' dir='ltr'>προσλήμματος,</span> <span class='ocrx_word' id='word_1_761' title='bbox 1286 4660 1451 4723; x_wconf 71' lang='grc' dir='ltr'>οὕτως</span> <span class='ocrx_word' id='word_1_762' title='bbox 1479 4655 1913 4747; x_wconf 40' lang='grc' dir='ltr'>ᾅπαντησόμεθας</span> 
     </span>
    </p>
   </div>
   <div class='ocr_carea' id='block_1_94' title="bbox 1941 4550 3655 4645">
    <p class='ocr_par' dir='ltr' id='par_1_94' title="bbox 1941 4550 3655 4645">
     <span class='ocr_line' id='line_1_94' title="bbox 1941 4550 3655 4645; baseline 0.001 -23"><span class='ocrx_word' id='word_1_763' title='bbox 1941 4550 1980 4598; x_wconf 76' lang='grc' dir='ltr'><strong>θ</strong></span> <span class='ocrx_word' id='word_1_764' title='bbox 2006 4565 2187 4645; x_wconf 83' lang='lat' dir='ltr'><strong>partis</strong></span> <span class='ocrx_word' id='word_1_765' title='bbox 2220 4564 2403 4643; x_wconf 91' lang='lat' dir='ltr'><strong>illius,</strong></span> <span class='ocrx_word' id='word_1_766' title='bbox 2439 4584 2571 4643; x_wconf 78' lang='lat' dir='ltr'><strong>quae</strong></span> <span class='ocrx_word' id='word_1_767' title='bbox 2621 4550 2944 4644; x_wconf 79' lang='lat' dir='ltr'><strong>assumpsit</strong></span> <span class='ocrx_word' id='word_1_768' title='bbox 2974 4564 3118 4643; x_wconf 90' lang='lat' dir='ltr'><strong>(hoc</strong></span> <span class='ocrx_word' id='word_1_769' title='bbox 3150 4562 3309 4625; x_wconf 89' lang='lat' dir='ltr'><strong>enim</strong></span> <span class='ocrx_word' id='word_1_770' title='bbox 3359 4550 3469 4637; x_wconf 82' lang='lat' dir='ltr'><strong>est,</strong></span> <span class='ocrx_word' id='word_1_771' title='bbox 3496 4562 3655 4642; x_wconf 91' lang='lat' dir='ltr'><strong>quod</strong></span> 
     </span>
    </p>
   </div>
   <div class='ocr_carea' id='block_1_95' title="bbox 2003 4652 3656 4734">
    <p class='ocr_par' dir='ltr' id='par_1_95' title="bbox 2003 4652 3656 4734">
     <span class='ocr_line' id='line_1_95' title="bbox 2003 4652 3656 4734; baseline -0.001 -20"><span class='ocrx_word' id='word_1_772' title='bbox 2003 4654 2359 4727; x_wconf 85' lang='lat' dir='ltr'><strong>desceudit),</strong></span> <span class='ocrx_word' id='word_1_773' title='bbox 2392 4672 2508 4714; x_wconf 92' lang='lat' dir='ltr'><strong>non</strong></span> <span class='ocrx_word' id='word_1_774' title='bbox 2527 4662 2724 4716; x_wconf 89' lang='lat' dir='ltr'><strong>autem</strong></span> <span class='ocrx_word' id='word_1_775' title='bbox 2750 4655 2932 4734; x_wconf 87' lang='lat' dir='ltr'><strong>partis</strong></span> <span class='ocrx_word' id='word_1_776' title='bbox 2953 4660 3300 4731; x_wconf 60' lang='lat' dir='ltr'><strong>assumptaa,</strong></span> <span class='ocrx_word' id='word_1_777' title='bbox 3332 4652 3425 4711; x_wconf 88' lang='lat' dir='ltr'><strong>hic</strong></span> <span class='ocrx_word' id='word_1_778' title='bbox 3460 4670 3656 4712; x_wconf 92' lang='lat' dir='ltr'><strong>sermo</strong></span> 
     </span>
    </p>
   </div>
   <div class='ocr_carea' id='block_1_96' title="bbox 264 4740 1901 4838">
    <p class='ocr_par' dir='ltr' id='par_1_96' title="bbox 264 4740 1901 4838">
     <span class='ocr_line' id='line_1_96' title="bbox 264 4740 1901 4838; baseline -0.01 -25"><span class='ocrx_word' id='word_1_779' title='bbox 264 4761 363 4838; x_wconf 67' lang='grc' dir='ltr'><strong>οὔχ</strong></span> <span class='ocrx_word' id='word_1_780' title='bbox 419 4762 495 4822; x_wconf 78' lang='grc' dir='ltr'>ὡς</span> <span class='ocrx_word' id='word_1_781' title='bbox 526 4740 708 4821; x_wconf 31' lang='grc' dir='ltr'>’ἔντος</span> <span class='ocrx_word' id='word_1_782' title='bbox 751 4740 880 4812; x_wconf 80' lang='grc' dir='ltr'>ἰδίου</span> <span class='ocrx_word' id='word_1_783' title='bbox 932 4762 1026 4812; x_wconf 75' lang='grc' dir='ltr'>τοῦ</span> <span class='ocrx_word' id='word_1_784' title='bbox 1084 4756 1205 4811; x_wconf 77' lang='grc' dir='ltr'><strong>ι’ίοὺ</strong></span> <span class='ocrx_word' id='word_1_785' title='bbox 1249 4749 1374 4827; x_wconf 76' lang='lat'><strong>(24)</strong></span> <span class='ocrx_word' id='word_1_786' title='bbox 1420 4746 1720 4824; x_wconf 74' lang='grc' dir='ltr'>θελήματος</span> <span class='ocrx_word' id='word_1_787' title='bbox 1781 4743 1901 4822; x_wconf 72' lang='grc' dir='ltr'>παρέ</span> 
     </span>
    </p>
   </div>
   <div class='ocr_carea' id='block_1_97' title="bbox 1992 4740 3659 4838">
    <p class='ocr_par' dir='ltr' id='par_1_97' title="bbox 2004 4740 3659 4825">
     <span class='ocr_line' id='line_1_97' title="bbox 2004 4740 3659 4825; baseline 0 -22"><span class='ocrx_word' id='word_1_788' title='bbox 2004 4753 2116 4816; x_wconf 80' lang='lat' dir='ltr'><strong>est,</strong></span> <span class='ocrx_word' id='word_1_789' title='bbox 2144 4745 2215 4806; x_wconf 91' lang='lat' dir='ltr'><strong>ad</strong></span> <span class='ocrx_word' id='word_1_790' title='bbox 2249 4746 2407 4805; x_wconf 91' lang='lat' dir='ltr'><strong>hunc</strong></span> <span class='ocrx_word' id='word_1_791' title='bbox 2440 4744 2681 4806; x_wconf 92' lang='lat' dir='ltr'><strong>modum</strong></span> <span class='ocrx_word' id='word_1_792' title='bbox 2713 4742 3219 4825; x_wconf 90' lang='lat' dir='ltr'><strong>respondebimus</strong></span> <span class='ocrx_word' id='word_1_793' title='bbox 3246 4760 3258 4803; x_wconf 90' lang='lat'>:</span> <span class='ocrx_word' id='word_1_794' title='bbox 3288 4742 3414 4803; x_wconf 62' lang='lat' dir='ltr'><strong>haec</strong></span> <span class='ocrx_word' id='word_1_795' title='bbox 3439 4761 3555 4803; x_wconf 90' lang='lat' dir='ltr'><strong>non</strong></span> <span class='ocrx_word' id='word_1_796' title='bbox 3579 4740 3659 4803; x_wconf 87' lang='lat' dir='ltr'><strong>ita</strong></span> 
     </span>
    </p>
   </div>
   <div class='ocr_carea' id='block_1_98' title="bbox 335 4879 1901 5029">
    <p class='ocr_par' dir='ltr' id='par_1_98' title="bbox 335 4879 1901 5029">
     <span class='ocr_line' id='line_1_98' title="bbox 335 4879 1828 4968; baseline -0.015 -6"><span class='ocrx_word' id='word_1_797' title='bbox 335 4893 591 4961; x_wconf 54' lang='lat' dir='ltr'><strong>“Joan.</strong></span> <span class='ocrx_word' id='word_1_798' title='bbox 638 4914 691 4968; x_wconf 72' lang='grc' dir='ltr'>ν,</span> <span class='ocrx_word' id='word_1_799' title='bbox 748 4893 846 4955; x_wconf 84' lang='grc'><strong>19.</strong></span> <span class='ocrx_word' id='word_1_800' title='bbox 930 4888 1005 4934; x_wconf 78' lang='grc'><strong>³³“</strong></span> <span class='ocrx_word' id='word_1_801' title='bbox 1059 4888 1206 4953; x_wconf 84' lang='lat' dir='ltr'><strong>ibid.</strong></span> <span class='ocrx_word' id='word_1_802' title='bbox 1263 4891 1364 4950; x_wconf 88' lang='lat'><strong>33.</strong></span> <span class='ocrx_word' id='word_1_803' title='bbox 1450 4882 1682 4945; x_wconf 61' lang='lat' dir='ltr'><strong>3‘ibid.</strong></span> <span class='ocrx_word' id='word_1_804' title='bbox 1734 4879 1828 4943; x_wconf 80' lang='grc'><strong>17.</strong></span> 
     </span>
     <span class='ocr_line' id='line_1_99' title="bbox 335 4964 1901 5029; baseline -0.003 0"><span class='ocrx_word' id='word_1_805' title='bbox 335 4994 441 5029; x_wconf 69' lang='lat' dir='ltr'><strong>nm:</strong></span> <span class='ocrx_word' id='word_1_806' title='bbox 473 4994 551 5029; x_wconf 60' lang='lat' dir='ltr'><strong>IV,</strong></span> <span class='ocrx_word' id='word_1_807' title='bbox 594 4977 667 5029; x_wconf 78' lang='lat'><strong>13</strong></span> <span class='ocrx_word' id='word_1_808' title='bbox 776 4970 832 5017; x_wconf 75' lang='grc'><strong>³9</strong></span> <span class='ocrx_word' id='word_1_809' title='bbox 857 4974 1027 5029; x_wconf 83' lang='lat' dir='ltr'><strong>Joan-</strong></span> <span class='ocrx_word' id='word_1_810' title='bbox 1062 4987 1148 5029; x_wconf 76' lang='lat' dir='ltr'><strong>Vl-</strong></span> <span class='ocrx_word' id='word_1_811' title='bbox 1181 4971 1281 5029; x_wconf 84' lang='grc'><strong>38.</strong></span> <span class='ocrx_word' id='word_1_812' title='bbox 1371 4964 1425 5008; x_wconf 59' lang='grc' dir='ltr'><strong>⁸ο</strong></span> <span class='ocrx_word' id='word_1_813' title='bbox 1453 4964 1660 5028; x_wconf 81' lang='lat' dir='ltr'><strong>Matth.</strong></span> <span class='ocrx_word' id='word_1_814' title='bbox 1690 4977 1852 5029; x_wconf 72' lang='lat' dir='ltr'><strong>XXVI,</strong></span> <span class='ocrx_word' id='word_1_815' title='bbox 1889 4965 1901 5024; x_wconf 72' lang='grc' dir='ltr'><em>ἓ</em></span> 
     </span>
    </p>
   </div>
   <div class='ocr_carea' id='block_1_99' title="bbox 1992 4879 2427 5029">
    <p class='ocr_par' dir='ltr' id='par_1_99' title="bbox 2001 4886 2427 4965">
     <span class='ocr_line' id='line_1_100' title="bbox 2001 4886 2427 4965; baseline 0.005 -18"><span class='ocrx_word' id='word_1_816' title='bbox 2001 4886 2158 4948; x_wconf 81' lang='lat' dir='ltr'><strong>l’sal.</strong></span> <span class='ocrx_word' id='word_1_817' title='bbox 2208 4902 2334 4965; x_wconf 79' lang='lat' dir='ltr'><strong>cm,</strong></span> <span class='ocrx_word' id='word_1_818' title='bbox 2371 4889 2427 4949; x_wconf 76' lang='grc'><strong>4.</strong></span> 
     </span>
    </p>
   </div>
   <div class='ocr_carea' id='block_1_100' title="bbox 1509 4984 1991 5039">
    <p class='ocr_par' dir='ltr' id='par_1_100' title="bbox 1509 4984 1991 5039">
     <span class='ocr_line' id='line_1_101' title="bbox 1509 4984 1991 5039; baseline -0.002 -12"><span class='ocrx_word' id='word_1_819' title='bbox 1509 4984 1660 5027; x_wconf 82' lang='lat' dir='ltr'><strong>aun.</strong></span> <span class='ocrx_word' id='word_1_820' title='bbox 1690 4984 1852 5039; x_wconf 79' lang='lat' dir='ltr'><strong>xxvr,</strong></span> <span class='ocrx_word' id='word_1_821' title='bbox 1889 4984 1991 5029; x_wconf 71' lang='lat' dir='ltr'><strong>ou.</strong></span> 
     </span>
    </p>
   </div>
   <div class='ocr_carea' id='block_1_101' title="bbox 343 5085 1915 5178">
    <p class='ocr_par' dir='ltr' id='par_1_101' title="bbox 343 5085 1915 5178">
     <span class='ocr_line' id='line_1_102' title="bbox 343 5085 1915 5178; baseline -0.003 -23"><span class='ocrx_word' id='word_1_822' title='bbox 343 5097 464 5178; x_wconf 76' lang='grc'><strong>(15)</strong></span> <span class='ocrx_word' id='word_1_823' title='bbox 502 5096 905 5160; x_wconf 85' lang='grc' dir='ltr'>Βλέποντας....</span> <span class='ocrx_word' id='word_1_824' title='bbox 923 5143 936 5158; x_wconf 90' lang='grc'><strong>.</strong></span> <span class='ocrx_word' id='word_1_825' title='bbox 970 5089 1505 5178; x_wconf 70' lang='grc' dir='ltr'>χειραγωγουμένους</span> <span class='ocrx_word' id='word_1_826' title='bbox 1528 5085 1915 5173; x_wconf 80' lang='lat' dir='ltr'><strong>Reg.,Cypr.,</strong></span> 
     </span>
    </p>
   </div>
   <div class='ocr_carea' id='block_1_102' title="bbox 264 4970 1281 5059">
    <p class='ocr_par' dir='ltr' id='par_1_102' title="bbox 264 4970 1281 5059">
     <span class='ocr_line' id='line_1_103' title="bbox 264 4970 1281 5059; baseline -0.006 -23"><span class='ocrx_word' id='word_1_827' title='bbox 264 4973 441 5041; x_wconf 81' lang='lat' dir='ltr'><strong>Amos</strong></span> <span class='ocrx_word' id='word_1_828' title='bbox 471 4994 556 5059; x_wconf 75' lang='grc' dir='ltr'>ιν,</span> <span class='ocrx_word' id='word_1_829' title='bbox 594 4977 667 5040; x_wconf 88' lang='grc'>13</span> <span class='ocrx_word' id='word_1_830' title='bbox 776 4970 832 5017; x_wconf 72' lang='grc'><strong>³9</strong></span> <span class='ocrx_word' id='word_1_831' title='bbox 857 4974 1027 5037; x_wconf 83' lang='lat' dir='ltr'><strong>Joan.</strong></span> <span class='ocrx_word' id='word_1_832' title='bbox 1062 4987 1149 5054; x_wconf 72' lang='grc' dir='ltr'>γι,</span> <span class='ocrx_word' id='word_1_833' title='bbox 1181 4971 1281 5037; x_wconf 90' lang='grc'><strong>38.</strong></span> 
     </span>
    </p>
   </div>
   <div class='ocr_carea' id='block_1_103' title="bbox 270 5172 1197 5259">
    <p class='ocr_par' dir='ltr' id='par_1_103' title="bbox 270 5172 1197 5259">
     <span class='ocr_line' id='line_1_104' title="bbox 270 5172 1197 5259; baseline -0.001 -29"><span class='ocrx_word' id='word_1_834' title='bbox 270 5172 551 5247; x_wconf 75' lang='grc' dir='ltr'>βλέποντες</span> <span class='ocrx_word' id='word_1_835' title='bbox 564 5226 572 5259; x_wconf 48' lang='grc' dir='ltr'><em>τ</em></span> <span class='ocrx_word' id='word_1_836' title='bbox 588 5226 601 5239; x_wconf 90' lang='grc'>.</span> <span class='ocrx_word' id='word_1_837' title='bbox 615 5226 628 5240; x_wconf 92' lang='grc'><em>,</em></span> <span class='ocrx_word' id='word_1_838' title='bbox 676 5175 1172 5259; x_wconf 71' lang='grc' dir='ltr'>χειραγωγούμενοι</span> <span class='ocrx_word' id='word_1_839' title='bbox 1184 5222 1197 5235; x_wconf 87' lang='grc'>.</span> 
     </span>
    </p>
   </div>
   <div class='ocr_carea' id='block_1_104' title="bbox 346 5254 1319 5336">
    <p class='ocr_par' dir='ltr' id='par_1_104' title="bbox 346 5254 1319 5336">
     <span class='ocr_line' id='line_1_105' title="bbox 346 5254 1319 5336; baseline -0.017 -12"><span class='ocrx_word' id='word_1_840' title='bbox 346 5260 462 5333; x_wconf 65' lang='grc'><strong>(16)</strong></span> <span class='ocrx_word' id='word_1_841' title='bbox 499 5254 727 5334; x_wconf 63' lang='grc' dir='ltr'>Κόσμοῖ.</span> <span class='ocrx_word' id='word_1_842' title='bbox 764 5256 911 5336; x_wconf 77' lang='lat' dir='ltr'><strong>Reg.</strong></span> <span class='ocrx_word' id='word_1_843' title='bbox 935 5274 993 5336; x_wconf 90' lang='lat' dir='ltr'><strong>a,</strong></span> <span class='ocrx_word' id='word_1_844' title='bbox 1027 5254 1319 5336; x_wconf 37' lang='lat' dir='ltr'><strong>o&#39;tAxdcpm.</strong></span> 
     </span>
    </p>
   </div>
   <div class='ocr_carea' id='block_1_105' title="bbox 348 5305 995 5421">
    <p class='ocr_par' dir='ltr' id='par_1_105' title="bbox 348 5305 995 5421">
     <span class='ocr_line' id='line_1_106' title="bbox 348 5305 969 5336; baseline -0.008 -15"><span class='ocrx_word' id='word_1_845' title='bbox 348 5305 462 5333; x_wconf 70' lang='grc' dir='ltr'>μυ,</span> <span class='ocrx_word' id='word_1_846' title='bbox 503 5305 727 5334; x_wconf 55' lang='grc' dir='ltr'><strong>ηρ...</strong></span> <span class='ocrx_word' id='word_1_847' title='bbox 764 5305 969 5336; x_wconf 56' lang='grc' dir='ltr'><strong>μηδ.-</strong></span> 
     </span>
     <span class='ocr_line' id='line_1_107' title="bbox 348 5305 995 5421; baseline 0.003 -26"><span class='ocrx_word' id='word_1_848' title='bbox 348 5340 464 5421; x_wconf 64' lang='grc' dir='ltr'><strong>(Ψ)</strong></span> <span class='ocrx_word' id='word_1_849' title='bbox 498 5338 583 5395; x_wconf 73' lang='grc' dir='ltr'><strong>’Ὢ</strong></span> <span class='ocrx_word' id='word_1_850' title='bbox 613 5346 713 5406; x_wconf 77' lang='grc' dir='ltr'>τῆς</span> <span class='ocrx_word' id='word_1_851' title='bbox 738 5305 995 5421; x_wconf 65' lang='grc' dir='ltr'>ἀλογίᾳςί</span> 
     </span>
    </p>
   </div>
   <div class='ocr_carea' id='block_1_106' title="bbox 270 5410 1773 5499">
    <p class='ocr_par' dir='ltr' id='par_1_106' title="bbox 270 5410 1773 5499">
     <span class='ocr_line' id='line_1_108' title="bbox 270 5410 1773 5499; baseline 0 -23"><span class='ocrx_word' id='word_1_852' title='bbox 270 5410 364 5480; x_wconf 77' lang='lat' dir='ltr'><strong>Sic</strong></span> <span class='ocrx_word' id='word_1_853' title='bbox 390 5410 535 5499; x_wconf 76' lang='lat' dir='ltr'><strong>Reg.</strong></span> <span class='ocrx_word' id='word_1_854' title='bbox 574 5438 629 5494; x_wconf 87' lang='lat' dir='ltr'><strong>a,</strong></span> <span class='ocrx_word' id='word_1_855' title='bbox 665 5428 723 5482; x_wconf 87' lang='lat' dir='ltr'><strong>et</strong></span> <span class='ocrx_word' id='word_1_856' title='bbox 754 5410 1170 5499; x_wconf 82' lang='lat' dir='ltr'><strong>Combetisius.</strong></span> <span class='ocrx_word' id='word_1_857' title='bbox 1199 5417 1378 5499; x_wconf 72' lang='lat' dir='ltr'><strong>Deest</strong></span> <span class='ocrx_word' id='word_1_858' title='bbox 1404 5413 1451 5472; x_wconf 81' lang='grc' dir='ltr'><em>ὤ</em></span> <span class='ocrx_word' id='word_1_859' title='bbox 1481 5411 1541 5473; x_wconf 92' lang='lat' dir='ltr'><strong>in</strong></span> <span class='ocrx_word' id='word_1_860' title='bbox 1573 5410 1773 5476; x_wconf 90' lang='lat' dir='ltr'><strong>editis.</strong></span> 
     </span>
    </p>
   </div>
   <div class='ocr_carea' id='block_1_107' title="bbox 351 5496 1442 5658">
    <p class='ocr_par' dir='ltr' id='par_1_107' title="bbox 351 5496 1442 5658">
     <span class='ocr_line' id='line_1_109' title="bbox 351 5496 1442 5658; baseline -0.013 -90"><span class='ocrx_word' id='word_1_861' title='bbox 351 5500 400 5658; x_wconf 40' lang='lat' dir='ltr'><strong>Ei</strong></span> <span class='ocrx_word' id='word_1_862' title='bbox 414 5496 879 5584; x_wconf 49' lang='lat' dir='ltr'><strong>8)&quot;A1t1)tl.&amp;tt5t.</strong></span> <span class='ocrx_word' id='word_1_863' title='bbox 914 5499 1095 5563; x_wconf 86' lang='lat' dir='ltr'><strong>Deest</strong></span> <span class='ocrx_word' id='word_1_864' title='bbox 1122 5496 1183 5558; x_wconf 91' lang='lat' dir='ltr'><strong>in</strong></span> <span class='ocrx_word' id='word_1_865' title='bbox 1208 5498 1357 5574; x_wconf 78' lang='lat' dir='ltr'><strong>Reg.</strong></span> <span class='ocrx_word' id='word_1_866' title='bbox 1386 5512 1442 5556; x_wconf 90' lang='lat' dir='ltr'><strong>a.</strong></span> 
     </span>
     <span class='ocr_line' id='line_1_110' title="bbox 384 5578 1434 5658; baseline -0.004 -17"><span class='ocrx_word' id='word_1_867' title='bbox 384 5582 479 5658; x_wconf 81' lang='grc'><strong>19)</strong></span> <span class='ocrx_word' id='word_1_868' title='bbox 510 5584 655 5641; x_wconf 74' lang='grc' dir='ltr'>Κατὰ</span> <span class='ocrx_word' id='word_1_869' title='bbox 674 5584 797 5653; x_wconf 65' lang='grc' dir='ltr'>τήν.</span> <span class='ocrx_word' id='word_1_870' title='bbox 836 5582 1017 5645; x_wconf 80' lang='lat' dir='ltr'><strong>Deest</strong></span> <span class='ocrx_word' id='word_1_871' title='bbox 1043 5579 1183 5638; x_wconf 73' lang='grc' dir='ltr'>κατά</span> <span class='ocrx_word' id='word_1_872' title='bbox 1213 5578 1275 5639; x_wconf 88' lang='lat' dir='ltr'><strong>in</strong></span> <span class='ocrx_word' id='word_1_873' title='bbox 1306 5578 1434 5656; x_wconf 79' lang='lat' dir='ltr'><strong>Reg</strong></span> 
     </span>
    </p>
   </div>
   <div class='ocr_carea' id='block_1_108' title="bbox 384 5578 1545 5656">
    <p class='ocr_par' dir='ltr' id='par_1_108' title="bbox 384 5578 1545 5656">
     <span class='ocr_line' id='line_1_111' title="bbox 384 5578 1545 5656; baseline -0.007 -11"><span class='ocrx_word' id='word_1_874' title='bbox 384 5578 479 5656; x_wconf 80' lang='lat'><strong>19)</strong></span> <span class='ocrx_word' id='word_1_875' title='bbox 510 5584 655 5641; x_wconf 76' lang='grc' dir='ltr'>Κατὰ</span> <span class='ocrx_word' id='word_1_876' title='bbox 674 5584 797 5653; x_wconf 67' lang='grc' dir='ltr'>τήν.</span> <span class='ocrx_word' id='word_1_877' title='bbox 836 5582 1017 5645; x_wconf 90' lang='lat' dir='ltr'><strong>Deest</strong></span> <span class='ocrx_word' id='word_1_878' title='bbox 1043 5579 1183 5638; x_wconf 74' lang='grc' dir='ltr'>κατά</span> <span class='ocrx_word' id='word_1_879' title='bbox 1213 5578 1275 5639; x_wconf 90' lang='lat' dir='ltr'><strong>in</strong></span> <span class='ocrx_word' id='word_1_880' title='bbox 1306 5578 1457 5656; x_wconf 79' lang='lat' dir='ltr'><strong>Reg.</strong></span> <span class='ocrx_word' id='word_1_881' title='bbox 1491 5592 1545 5637; x_wconf 87' lang='lat' dir='ltr'><strong>a.</strong></span> 
     </span>
    </p>
   </div>
   <div class='ocr_carea' id='block_1_109' title="bbox 353 5587 1652 5824">
    <p class='ocr_par' dir='ltr' id='par_1_109' title="bbox 353 5587 1652 5824">
     <span class='ocr_line' id='line_1_112' title="bbox 353 5587 1545 5658; baseline -0.007 -13"><span class='ocrx_word' id='word_1_882' title='bbox 353 5587 450 5658; x_wconf 81' lang='lat'><strong>(19</strong></span> <span class='ocrx_word' id='word_1_883' title='bbox 510 5587 655 5641; x_wconf 75' lang='grc' dir='ltr'>Κατὰ</span> <span class='ocrx_word' id='word_1_884' title='bbox 674 5587 797 5653; x_wconf 66' lang='grc' dir='ltr'>τήν.</span> <span class='ocrx_word' id='word_1_885' title='bbox 837 5587 1017 5645; x_wconf 90' lang='lat' dir='ltr'><strong>Deest</strong></span> <span class='ocrx_word' id='word_1_886' title='bbox 1043 5587 1183 5638; x_wconf 74' lang='grc' dir='ltr'>κατά</span> <span class='ocrx_word' id='word_1_887' title='bbox 1213 5587 1275 5639; x_wconf 84' lang='lat' dir='ltr'><strong>in</strong></span> <span class='ocrx_word' id='word_1_888' title='bbox 1306 5587 1457 5656; x_wconf 66' lang='lat' dir='ltr'><strong>Reg.</strong></span> <span class='ocrx_word' id='word_1_889' title='bbox 1491 5592 1545 5637; x_wconf 87' lang='lat' dir='ltr'><strong>a.</strong></span> 
     </span>
     <span class='ocr_line' id='line_1_113' title="bbox 353 5657 1652 5738; baseline -0.008 -13"><span class='ocrx_word' id='word_1_890' title='bbox 353 5663 452 5737; x_wconf 64' lang='lat'>{20</span> <span class='ocrx_word' id='word_1_891' title='bbox 508 5666 828 5731; x_wconf 74' lang='grc' dir='ltr'>Πεποίηκεν.</span> <span class='ocrx_word' id='word_1_892' title='bbox 866 5662 993 5725; x_wconf 88' lang='lat' dir='ltr'><strong>Duo</strong></span> <span class='ocrx_word' id='word_1_893' title='bbox 1023 5662 1239 5738; x_wconf 78' lang='lat' dir='ltr'><strong>Regg.,</strong></span> <span class='ocrx_word' id='word_1_894' title='bbox 1272 5657 1652 5727; x_wconf 70' lang='grc' dir='ltr'>πεποιήκασιν.</span> 
     </span>
     <span class='ocr_line' id='line_1_114' title="bbox 358 5587 1652 5824; baseline -0.005 -21"><span class='ocrx_word' id='word_1_895' title='bbox 358 5587 479 5824; x_wconf 65' lang='lat' dir='ltr'><strong>mi</strong></span> <span class='ocrx_word' id='word_1_896' title='bbox 498 5748 568 5804; x_wconf 82' lang='lat' dir='ltr'>T6</span> <span class='ocrx_word' id='word_1_897' title='bbox 599 5743 823 5808; x_wconf 64' lang='lat' dir='ltr'><strong>coo.Sic</strong></span> <span class='ocrx_word' id='word_1_898' title='bbox 856 5744 1059 5824; x_wconf 85' lang='lat' dir='ltr'><strong>plures</strong></span> <span class='ocrx_word' id='word_1_899' title='bbox 1089 5742 1306 5820; x_wconf 78' lang='lat' dir='ltr'><strong>Regg.,</strong></span> <span class='ocrx_word' id='word_1_900' title='bbox 1333 5738 1536 5820; x_wconf 88' lang='lat' dir='ltr'><strong>plures</strong></span> <span class='ocrx_word' id='word_1_901' title='bbox 1560 5735 1652 5798; x_wconf 71' lang='lat'><strong>(101</strong></span> 
     </span>
    </p>
   </div>
   <div class='ocr_carea' id='block_1_110' title="bbox 358 5743 439 5804">
    <p class='ocr_par' dir='ltr' id='par_1_110' title="bbox 358 5743 439 5804">
     <span class='ocr_line' id='line_1_115' title="bbox 358 5743 439 5804; baseline 0.012 -2"><span class='ocrx_word' id='word_1_902' title='bbox 358 5743 439 5804; x_wconf 71' lang='grc'><strong>(21</strong></span> 
     </span>
    </p>
   </div>
   <div class='ocr_carea' id='block_1_111' title="bbox 498 5734 1919 5825">
    <p class='ocr_par' dir='ltr' id='par_1_111' title="bbox 498 5734 1919 5825">
     <span class='ocr_line' id='line_1_116' title="bbox 498 5734 1919 5825; baseline -0.003 -21"><span class='ocrx_word' id='word_1_903' title='bbox 498 5748 568 5804; x_wconf 81' lang='grc' dir='ltr'><strong>Τὸ</strong></span> <span class='ocrx_word' id='word_1_904' title='bbox 599 5743 823 5808; x_wconf 64' lang='grc' dir='ltr'>τοῡΒὴι</span> <span class='ocrx_word' id='word_1_905' title='bbox 856 5744 1059 5825; x_wconf 85' lang='lat' dir='ltr'><strong>plures</strong></span> <span class='ocrx_word' id='word_1_906' title='bbox 1089 5734 1306 5820; x_wconf 41' lang='lat' dir='ltr'><strong>R&#39;éggq</strong></span> <span class='ocrx_word' id='word_1_907' title='bbox 1333 5738 1536 5820; x_wconf 88' lang='lat' dir='ltr'><strong>plures</strong></span> <span class='ocrx_word' id='word_1_908' title='bbox 1560 5734 1919 5800; x_wconf 71' lang='lat' dir='ltr'><strong>(10lb.et0r.</strong></span> 
     </span>
    </p>
   </div>
   <div class='ocr_carea' id='block_1_112' title="bbox 3609 4878 3664 4921">
    <p class='ocr_par' dir='ltr' id='par_1_112' title="bbox 3609 4878 3664 4921">
     <span class='ocr_line' id='line_1_117' title="bbox 3609 4878 3664 4921; baseline -0.018 0"><span class='ocrx_word' id='word_1_909' title='bbox 3609 4878 3664 4921; x_wconf 73' lang='lat'><strong><em>38</em></strong></span> 
     </span>
    </p>
   </div>
   <div class='ocr_carea' id='block_1_113' title="bbox 2517 4880 3521 4962">
    <p class='ocr_par' dir='ltr' id='par_1_113' title="bbox 2517 4880 3521 4962">
     <span class='ocr_line' id='line_1_118' title="bbox 2517 4880 3521 4962; baseline -0.007 -16"><span class='ocrx_word' id='word_1_910' title='bbox 2517 4883 2571 4928; x_wconf 74' lang='grc'><strong>³6</strong></span> <span class='ocrx_word' id='word_1_911' title='bbox 2598 4883 2743 4946; x_wconf 87' lang='lat' dir='ltr'><strong>ibid.</strong></span> <span class='ocrx_word' id='word_1_912' title='bbox 2780 4886 2834 4947; x_wconf 88' lang='grc'><strong>5.</strong></span> <span class='ocrx_word' id='word_1_913' title='bbox 2923 4880 2977 4925; x_wconf 78' lang='grc'><strong>³⁷</strong></span> <span class='ocrx_word' id='word_1_914' title='bbox 3005 4882 3118 4946; x_wconf 86' lang='lat' dir='ltr'><strong>Job</strong></span> <span class='ocrx_word' id='word_1_915' title='bbox 3150 4899 3390 4962; x_wconf 79' lang='lat' dir='ltr'><strong>xxxvnr,</strong></span> <span class='ocrx_word' id='word_1_916' title='bbox 3422 4882 3521 4944; x_wconf 79' lang='lat'><strong>25.</strong></span> 
     </span>
    </p>
   </div>
   <div class='ocr_carea' id='block_1_114' title="bbox 2012 5088 2586 5152">
    <p class='ocr_par' dir='ltr' id='par_1_114' title="bbox 2012 5088 2586 5152">
     <span class='ocr_line' id='line_1_119' title="bbox 2012 5088 2586 5152; baseline -0.003 -3"><span class='ocrx_word' id='word_1_917' title='bbox 2012 5097 2061 5149; x_wconf 88' lang='lat'><strong>1.</strong></span> <span class='ocrx_word' id='word_1_918' title='bbox 2100 5091 2279 5152; x_wconf 86' lang='lat' dir='ltr'><strong>Deest</strong></span> <span class='ocrx_word' id='word_1_919' title='bbox 2312 5090 2363 5146; x_wconf 68' lang='grc' dir='ltr'><strong>τό</strong></span> <span class='ocrx_word' id='word_1_920' title='bbox 2396 5092 2453 5150; x_wconf 88' lang='lat' dir='ltr'><strong>in</strong></span> <span class='ocrx_word' id='word_1_921' title='bbox 2490 5088 2586 5151; x_wconf 89' lang='lat' dir='ltr'><strong>ed.</strong></span> 
     </span>
    </p>
   </div>
   <div class='ocr_carea' id='block_1_115' title="bbox 2093 5169 3295 5249">
    <p class='ocr_par' dir='ltr' id='par_1_115' title="bbox 2093 5169 3295 5249">
     <span class='ocr_line' id='line_1_120' title="bbox 2093 5169 3295 5249; baseline -0.007 -20"><span class='ocrx_word' id='word_1_922' title='bbox 2093 5170 2209 5249; x_wconf 42' lang='lat'><strong>(‘2?)</strong></span> <span class='ocrx_word' id='word_1_923' title='bbox 2246 5171 2621 5249; x_wconf 75' lang='grc' dir='ltr'>Ἀνθρωπίνου.</span> <span class='ocrx_word' id='word_1_924' title='bbox 2659 5169 2896 5242; x_wconf 88' lang='lat' dir='ltr'><strong>Comb.,</strong></span> <span class='ocrx_word' id='word_1_925' title='bbox 2947 5170 3295 5249; x_wconf 75' lang='grc' dir='ltr'>ἀνθρωπικού,</span> 
     </span>
    </p>
   </div>
   <div class='ocr_carea' id='block_1_116' title="bbox 2090 5246 3665 5340">
    <p class='ocr_par' dir='ltr' id='par_1_116' title="bbox 2090 5246 3665 5340">
     <span class='ocr_line' id='line_1_121' title="bbox 2090 5246 3665 5340; baseline -0.004 -31"><span class='ocrx_word' id='word_1_926' title='bbox 2090 5246 2213 5329; x_wconf 76' lang='lat'><strong>(‘23)</strong></span> <span class='ocrx_word' id='word_1_927' title='bbox 2242 5246 2393 5340; x_wconf 71' lang='grc' dir='ltr'>Ἐπεὶ</span> <span class='ocrx_word' id='word_1_928' title='bbox 2417 5251 2492 5325; x_wconf 73' lang='grc' dir='ltr'><strong>δέ,</strong></span> <span class='ocrx_word' id='word_1_929' title='bbox 2530 5260 2659 5340; x_wconf 81' lang='lat' dir='ltr'><strong>etc._</strong></span> <span class='ocrx_word' id='word_1_930' title='bbox 2687 5250 2864 5340; x_wconf 39' lang='lat' dir='ltr'><strong>«HSed</strong></span> <span class='ocrx_word' id='word_1_931' title='bbox 2900 5247 3185 5340; x_wconf 82' lang='lat' dir='ltr'><strong>quoniam</strong></span> <span class='ocrx_word' id='word_1_932' title='bbox 3226 5246 3353 5340; x_wconf 64' lang='lat' dir='ltr'><strong>haec</strong></span> <span class='ocrx_word' id='word_1_933' title='bbox 3388 5251 3665 5340; x_wconf 72' lang='lat' dir='ltr'><strong>tanquam</strong></span> 
     </span>
    </p>
   </div>
   <div class='ocr_carea' id='block_1_117' title="bbox 1030 5325 3661 5413">
    <p class='ocr_par' dir='ltr' id='par_1_117' title="bbox 1030 5325 3661 5413">
     <span class='ocr_line' id='line_1_122' title="bbox 1030 5325 3661 5413; baseline -0.006 -14"><span class='ocrx_word' id='word_1_934' title='bbox 1030 5332 1111 5399; x_wconf 76' lang='grc' dir='ltr'><strong>«Ο</strong></span> <span class='ocrx_word' id='word_1_935' title='bbox 1138 5325 1463 5396; x_wconf 84' lang='lat' dir='ltr'><strong>amentiam</strong></span> <span class='ocrx_word' id='word_1_936' title='bbox 1486 5329 1915 5413; x_wconf 74' lang='lat' dir='ltr'><strong>singularem!»</strong></span> <span class='ocrx_word' id='word_1_937' title='bbox 2008 5325 2207 5412; x_wconf 45' lang='lat' dir='ltr'><strong>ah&#39;co,</strong></span> <span class='ocrx_word' id='word_1_938' title='bbox 2243 5332 2343 5412; x_wconf 90' lang='lat' dir='ltr'><strong>qui</strong></span> <span class='ocrx_word' id='word_1_939' title='bbox 2367 5331 2693 5413; x_wconf 88' lang='lat' dir='ltr'><strong>assumpsit</strong></span> <span class='ocrx_word' id='word_1_940' title='bbox 2728 5333 2801 5412; x_wconf 91' lang='lat' dir='ltr'><strong>(is</strong></span> <span class='ocrx_word' id='word_1_941' title='bbox 2833 5325 2992 5413; x_wconf 87' lang='lat' dir='ltr'><strong>enim</strong></span> <span class='ocrx_word' id='word_1_942' title='bbox 3048 5336 3137 5387; x_wconf 84' lang='lat' dir='ltr'><strong>est</strong></span> <span class='ocrx_word' id='word_1_943' title='bbox 3167 5328 3269 5406; x_wconf 85' lang='lat' dir='ltr'><strong>qui</strong></span> <span class='ocrx_word' id='word_1_944' title='bbox 3294 5325 3661 5401; x_wconf 86' lang='lat' dir='ltr'><strong>descendit),</strong></span> 
     </span>
    </p>
   </div>
   <div class='ocr_carea' id='block_1_118' title="bbox 2004 5412 3353 5492">
    <p class='ocr_par' dir='ltr' id='par_1_118' title="bbox 2004 5412 3353 5492">
     <span class='ocr_line' id='line_1_123' title="bbox 2004 5412 3353 5492; baseline -0.006 -17"><span class='ocrx_word' id='word_1_945' title='bbox 2004 5434 2122 5475; x_wconf 92' lang='lat' dir='ltr'><strong>non</strong></span> <span class='ocrx_word' id='word_1_946' title='bbox 2150 5423 2344 5474; x_wconf 87' lang='lat' dir='ltr'><strong>autem</strong></span> <span class='ocrx_word' id='word_1_947' title='bbox 2386 5413 2459 5475; x_wconf 89' lang='lat' dir='ltr'><strong>ab</strong></span> <span class='ocrx_word' id='word_1_948' title='bbox 2491 5412 2796 5492; x_wconf 86' lang='lat' dir='ltr'><strong>assumpto</strong></span> <span class='ocrx_word' id='word_1_949' title='bbox 2828 5412 3132 5492; x_wconf 81' lang='lat' dir='ltr'><strong>dicuntur,</strong></span> <span class='ocrx_word' id='word_1_950' title='bbox 3172 5431 3197 5492; x_wconf 54' lang='grc' dir='ltr'>ιι)</span> <span class='ocrx_word' id='word_1_951' title='bbox 3236 5417 3353 5492; x_wconf 74' lang='lat' dir='ltr'><strong>etc.</strong></span> 
     </span>
    </p>
   </div>
   <div class='ocr_carea' id='block_1_119' title="bbox 2090 5486 3666 5573">
    <p class='ocr_par' dir='ltr' id='par_1_119' title="bbox 2090 5486 3666 5573">
     <span class='ocr_line' id='line_1_124' title="bbox 2090 5486 3666 5573; baseline -0.008 -18"><span class='ocrx_word' id='word_1_952' title='bbox 2247 5494 2398 5552; x_wconf 70' lang='grc' dir='ltr'>Ἰδίου</span> <span class='ocrx_word' id='word_1_953' title='bbox 2430 5504 2523 5551; x_wconf 75' lang='grc' dir='ltr'>τοῦ</span> <span class='ocrx_word' id='word_1_954' title='bbox 2558 5486 2712 5554; x_wconf 43' lang='grc' dir='ltr'><strong>Υἱοῦί</strong></span> <span class='ocrx_word' id='word_1_955' title='bbox 2738 5492 2883 5572; x_wconf 82' lang='lat' dir='ltr'><strong>Reg.</strong></span> <span class='ocrx_word' id='word_1_956' title='bbox 2924 5491 2977 5573; x_wconf 71' lang='lat' dir='ltr'><strong>b,</strong></span> <span class='ocrx_word' id='word_1_957' title='bbox 3014 5491 3112 5573; x_wconf 81' lang='lat' dir='ltr'><strong>0_l‘.</strong></span> <span class='ocrx_word' id='word_1_958' title='bbox 3169 5489 3227 5573; x_wconf 57' lang='lat'><strong>1,</strong></span> <span class='ocrx_word' id='word_1_959' title='bbox 3264 5497 3322 5549; x_wconf 88' lang='lat' dir='ltr'><strong>et</strong></span> <span class='ocrx_word' id='word_1_960' title='bbox 3348 5486 3666 5573; x_wconf 59' lang='lat' dir='ltr'><strong>Bas._,__&#39;v.8m</strong></span> 
     </span>
    </p>
   </div>
   <div class='ocr_carea' id='block_1_120' title="bbox 2006 5568 3668 5655">
    <p class='ocr_par' dir='ltr' id='par_1_120' title="bbox 2006 5568 3668 5655">
     <span class='ocr_line' id='line_1_125' title="bbox 2006 5568 3668 5655; baseline -0.003 -22"><span class='ocrx_word' id='word_1_961' title='bbox 2006 5568 2239 5652; x_wconf 57' lang='grc' dir='ltr'>τωιῖᾦ.</span> <span class='ocrx_word' id='word_1_962' title='bbox 2282 5574 2620 5655; x_wconf 79' lang='lat' dir='ltr'><strong>«Tanquam</strong></span> <span class='ocrx_word' id='word_1_963' title='bbox 2664 5568 2985 5654; x_wconf 77' lang='lat' dir='ltr'><strong>peculiaris</strong></span> <span class='ocrx_word' id='word_1_964' title='bbox 3019 5569 3097 5631; x_wconf 84' lang='lat' dir='ltr'><strong>sit</strong></span> <span class='ocrx_word' id='word_1_965' title='bbox 3125 5569 3398 5630; x_wconf 86' lang='lat' dir='ltr'><strong>voluntas</strong></span> <span class='ocrx_word' id='word_1_966' title='bbox 3427 5568 3603 5648; x_wconf 83' lang='lat' dir='ltr'><strong>Filio,</strong></span> <span class='ocrx_word' id='word_1_967' title='bbox 3636 5586 3668 5628; x_wconf 92' lang='lat' dir='ltr'><strong>a</strong></span> 
     </span>
    </p>
   </div>
   <div class='ocr_carea' id='block_1_121' title="bbox 2007 5654 2933 5719">
    <p class='ocr_par' dir='ltr' id='par_1_121' title="bbox 2007 5654 2933 5719">
     <span class='ocr_line' id='line_1_126' title="bbox 2007 5654 2933 5719; baseline -0.001 -1"><span class='ocrx_word' id='word_1_968' title='bbox 2007 5656 2197 5719; x_wconf 84' lang='lat' dir='ltr'><strong>Patris</strong></span> <span class='ocrx_word' id='word_1_969' title='bbox 2228 5654 2535 5719; x_wconf 86' lang='lat' dir='ltr'><strong>voluntate</strong></span> <span class='ocrx_word' id='word_1_970' title='bbox 2567 5654 2873 5717; x_wconf 84' lang='lat' dir='ltr'><strong>distincta.</strong></span> <span class='ocrx_word' id='word_1_971' title='bbox 2916 5678 2933 5708; x_wconf 75' lang='grc' dir='ltr'><strong>ι</strong></span> 
     </span>
    </p>
   </div>
  </div>
