4126 6470
357 406 474 473 125

1384 417 1664 482 ORATIO
1708 416 1899 480 XXX.
1947 448 2019 458 —
2066 415 2550 480 THEOLOGICA
2597 419 2701 481 IV.

3654 405 3775 483 126

356 543 579 618 νάμενον
644 550 839 619 σώζειν
901 551 1053 606 αὺτὸν
1109 549 1169 605 ἐκ
1239 550 1486 616 θανάτου,
1519 552 1605 606 καὶ
1660 552 2005 630 ἀγωνίας,καῖ

2103 551 2209 625 bis,
2238 571 2373 630 quae
2404 572 2613 633 passus
2645 560 2755 625 est,
2781 551 3192 615 obedientiam
3220 548 3511 613 didicisse
3544 545 3765 610 scribi-

358 633 619 711 θρόμϐων,
675 642 760 696 καὶ
812 643 1140 721 προσευχῆς,
1202 642 1289 697 καὶ
1355 640 1409 696 εἴ
1462 663 1511 697 τι
1561 639 1694 699 ἄλλο
1751 652 2012 701 τοιοῦτονο

358 725 401 779 εἰ
508 726 521 742 .
630 734 654 744 ..
786 726 946 786 νιδλ
1057 731 1234 764 γη,
1388 733 1399 747 ι
1635 732 1819 765 «ι,
1985 733 1999 752 κ

459 748 537 799 μη
581 750 709 783 πασι
742 752 842 804 προ
877 753 910 796 η
950 752 1008 785 ον
1051 754 1139 802 ην,
1175 753 1254 787 ο..ι
1288 752 1404 809 περι
1439 729 1571 809 (59)
1601 754 1662 787 το
1694 755 1910 812 πασχον
1947 755 2013 789 τα

357 820 572 871 τοιαῦτα
631 820 733 874 τῶν
805 819 1106 899 ὀνομάτων,
1168 822 1224 876 οὕ
1247 822 1365 899 περὶ
1396 823 1492 889 τὴν
1546 820 1804 900 ἄτρεπτον
1835 822 2012 901 φύσιν,

358 905 444 960 καὶ
495 915 587 965 τοῦ
647 907 771 965 πάσι
940 911 953 931 ¹
1154 912 1173 943 λ
1353 910 1370 935 ⁹
1528 914 1547 945 λ
1641 915 1658 949 ⁸
1845 914 1857 932 ‘
1950 918 1975 928 ’⁷

760 930 877 988 μιν
935 908 1294 990 υψηλοτεραν,
1378 920 1417 969 Ο
1483 934 1699 985 μενων
1743 934 1860 985 περι
1907 934 2015 968 των

360 993 645 1054 ἀντιθέτων
704 997 887 1077 λόγος,
956 1008 1228 1075 τοσοῦτον,
1290 1000 1413 1057 ὃσον
1444 1002 1555 1079 ῥίζα
1611 1024 1692 1067 τις
1755 1004 2014 1059 εἶναικαὶ

362 1084 657 1162 ὑπόμνημα
733 1087 856 1165 (60)
882 1103 1000 1153 τοῖς
1030 1090 1523 1170 ἒξεταστικωτέροις
1552 1097 1652 1158 τῆς
1690 1091 2013 1170 τελεωτέρας

359 1173 685 1253 ἒξεργασίας,
739 1177 937 1245 ’Ἄξιον
995 1178 1047 1235 δὲ
1104 1178 1265 1253 ἴσως,
1299 1182 1387 1238 καὶ
1443 1195 1563 1246 τοῖς
1611 1182 2014 1260 προειρημένοις

358 1262 666 1343 ἀκόλουθον,
728 1266 862 1343 μηδέ
922 1270 1015 1333 τὰς
1075 1270 1427 1348 ἇρσσηγορίας
1455 1278 1547 1328 τοῦ
1582 1270 1700 1328 ι’ῐοῦ
1729 1268 2014 1350 παρελθεῖν

357 1353 715 1437 ἀθειιλρήτους,
774 1357 978 1422 πολλάς
1038 1382 1095 1415 τε
1126 1359 1281 1422 οὖσας
1320 1358 1473 1439 (61),
1506 1361 1759 1417 καὶκατὰ
1799 1358 2013 1418 πολλῶν

356 1442 605 1518 κειμένας
663 1452 769 1502 τῶν
823 1452 941 1526 περί
1012 1450 1169 1508 αὐτὸν
1227 1449 1545 1525 νοουμένων·
1609 1449 1728 1506 ἀλλ’
1784 1450 2013 1518 ἑκάστην

357 1533 553 1614 αὐτῶν,
640 1534 667 1592 ὅ
716 1538 767 1593 τί
795 1560 926 1595 ποτε
948 1538 1216 1615 βούλεται,
1252 1544 1614 1619 παραστῆσαι,
1647 1540 1733 1596 καὶ
1756 1537 1922 1605 δεῖξαι
1951 1542 2012 1597 τὸ

354 1628 432 1676 τώ
446 1649 463 1679 ι
492 1624 765 1701 ὀνομάτων
787 1630 1099 1708 μυστήριον.

2103 648 2197 702 tur
2222 640 2379 717 63,de
2411 641 2745 704 sacerdotio
2774 640 2830 686 δι
2865 642 3097 714 item,et
3123 641 3425 704 oblatione
3449 638 3525 714 ⁸⁵,
3552 646 3611 699 et
3642 645 3765 699 tra-

2100 730 2326 793 ditione
2351 730 2429 805 6⁸,
2466 741 2524 794 et
2547 732 2814 796 oratione
2841 732 2915 794 ad
2948 750 3086 794 eum
3118 731 3224 812 qui
3255 751 3289 794 a
3313 737 3506 791 morte
3536 727 3767 789 salvum

2100 838 2236 883 eum
2261 820 2454 885 facere
2483 832 2711 903 poterat
2737 844 2753 898 ;
2779 823 2853 884 ad
2885 824 3011 884 haec
3048 824 3123 885 de
3155 821 3396 900 agonia,
3433 827 3493 881 et
3523 816 3768 893 sangui-

2098 926 2213 970 neo
2245 912 2674 994 sudore,atque
2699 913 2967 975 oratione
2997 913 3143 988 57,et
3172 914 3219 974 si
3253 910 3392 993 quid
3417 908 3575 971 aliud
3612 907 3767 987 ejus-

2100 998 2235 1061 dem
2271 1011 2357 1063 est
2388 1003 2651 1082 generis,
2681 1012 3085 1084 pertractare:
3114 1003 3233 1064 nisi
3266 999 3454 1064 cuivis
3486 996 3768 1077 explora-

2101 1096 2225 1153 tum
2258 1093 2788 1174 esset,hujusmodi
2823 1093 3068 1156 nomina
3098 1090 3462 1175 perpetienti
3484 1085 3767 1149 humani-

2102 1180 2200 1241 tati
2235 1182 2617 1245 attribuenda
2651 1202 2932 1257 esse,non
2955 1192 3153 1244 autem
3178 1175 3643 1243 immutabitiilli
3666 1194 3769 1236 na-

2101 1279 2267 1343 turas,
2302 1280 2478 1353 atque
2511 1274 2674 1335 omni
2705 1274 2913 1335 dolore
2973 1281 3031 1335 et
3087 1275 3349 1334 cruciatu
3398 1265 3761 1330 sublimiori.

2100 1360 2237 1422 Haec
2272 1360 2479 1439 habui,
2507 1381 2639 1443 quae
2663 1362 2734 1424 ad
2760 1363 3076 1426 diluendas
3106 1358 3588 1424 adversariorum
3616 1355 3760 1415 ὃῧὲ

2096 1449 2471 1530 objectiones
2495 1452 2802 1527 afferrem,
2837 1462 2923 1527 ut,
2962 1452 3121 1514 velut
3168 1450 3387 1514 radicis
3417 1444 3757 1525 cujusdam,

2093 1558 2162 1601 ac
2186 1540 2647 1604 submonitionis
2667 1542 2876 1623 instar,
2905 1543 2978 1604 iis
3008 1544 3153 1614 sint,
3181 1541 3279 1622 qui
3313 1534 3521 1615 majori
3554 1534 3753 1613 inqui-

2092 1630 2265 1692 rendi
2295 1632 2540 1693 solertia
2572 1632 2800 1712 praediti
2830 1641 2990 1710 sunt,
3024 1632 3095 1694 ad
3136 1628 3415 1693 eamdem
3449 1623 3756 1687 materiem

353 1714 597 1807 plenius,
622 1721 1000 1803 exactiusque
1023 1719 1746 1802 pertractandamﬂperae
1769 1723 2027 1802 pretium
2048 1730 2246 1786 autem
2267 1725 2547 1805 fortasse,
2579 1725 2946 1807 minimeque
2989 1726 3067 1790 ab
3096 1724 3192 1799 iis,
3228 1740 3359 1804 quae
3408 1717 3572 1800 prius
3599 1715 3756 1807 dixi-

359 1822 514 1904 mus,
548 1806 808 1870 alienum
832 1810 1034 1892 fuerit,
1062 1831 1195 1873 cum
1230 1812 1418 1874 multa
1446 1810 1567 1873 sint
1596 1811 1725 1874 Filii
1762 1813 2027 1894 nomina,
2059 1824 2120 1874 et
2155 1813 2379 1896 multis,
2424 1834 2555 1895 quae
2585 1815 2661 1877 de
2692 1835 2762 1877 eo
2815 1805 3243 1895 intelligantur.
3296 1805 3757 1905 imposita,_b:rc

354 1898 487 1984 sine
517 1898 927 1976 speculatione
969 1920 1085 1962 non
1131 1901 1462 1979 praeterire;
1521 1920 1730 1965 verum
1781 1902 1921 1982 quid
1954 1921 2207 1983 quaeque
2237 1904 2559 1984 appellatio
2616 1904 2730 1967 sibi
2766 1905 2925 1968 velit.
2963 1906 3300 1971 declarare,
3338 1918 3407 1961 ac
3439 1898 3746 1976 mysticam

354 1983 469 2044 vim
505 1987 813 2050 nominum
836 1991 1166 2070 explicare.

438 2076 543 2139 IZ’.
590 2077 840 2159 ’Λρκτέον
892 2079 944 2137 δὲ
1005 2084 1139 2157 ἡμῖν
1194 2081 1450 2145 ἐντεῦθεν.
1503 2084 1570 2140 Υὸ
1628 2090 1784 2139 Θεϊον
1844 2084 2005 2139 ἀκατ-

2180 2081 2355 2146 XVlI.
2388 2082 2540 2148 Hinc
2564 2105 2739 2166 porro
2770 2087 3003 2149 initium
3042 2081 3385 2147 ducendum
3420 2075 3557 2138 erit.
3596 2075 3718 2135 Dcu
3739 2094 3766 2136 ς

355 2164 672 2241 ονόμαστον·
705 2172 790 2227 καὶ
835 2180 988 2229 τοῦτο
1032 2171 1304 2253 δηλοῦσιν,
1336 2174 1435 2251 οὐχ
1469 2175 1515 2229 οἱ
1542 2172 1788 2251 λογισμοὶ
1821 2173 2006 2247 μόνον,

351 2254 490 2312 ἀλλὰ
552 2263 639 2316 καὶ
697 2259 958 2339 Ἐϐραίων
1012 2266 1057 2319 οἱ
1110 2263 1412 2343 σοξώτατοι
1472 2263 1560 2318 καὶ
1631 2262 2007 2338 παλαιότατοι,

353 2346 477 2403 ὅσον
522 2350 742 2421 εἰκάζειν
796 2351 995 2409 ἔδωκαν
1028 2352 1177 2430 (62).
1219 2355 1279 2412 Οἱ
1305 2354 1404 2432 γὰρ
1448 2358 1816 2433 χαρακτῆρσιν
1861 2352 2009 2417 ἰδίοις

352 2437 415 2492 τὸ
478 2441 620 2496 θεῖον
692 2444 1042 2516 τιμήσαντες,
1077 2444 1164 2500 καὶ
1216 2440 1330 2500 οὐδὲ
1362 2447 1677 2521 γράμμασιν
1712 2441 1835 2522 (63)
1872 2442 2007 2499 ἀνα-

356 2529 613 2607 σχόμενοι
664 2546 783 2595 τοῖς
840 2537 1023 2599 αὐτοῖς
1085 2532 1215 2590 ἂλλο
1285 2555 1335 2588 τι
1366 2533 1653 2612 γράφεσθαι
1706 2540 1811 2589 τῶν
1869 2535 2006 2607 μετὰ

358 2622 509 2693 Θεόν,
576 2622 661 2676 καὶ
692 2625 843 2703 Θεὸν,
876 2626 949 2689 ὡς
981 2622 1094 2680 δέον
1128 2623 1485 2690 ἀκοινώνητον
1532 2623 1672 2678 εἶναι
1707 2625 1796 2678 καὶ
1841 2623 2005 2704 μέχρι

356 2710 536 2766 τούτου
582 2712 643 2766 τὸ
715 2720 869 2770 Θεῖον
930 2728 1050 2775 τοῖς
1121 2713 1431 2793 ἡμετέροις,
1480 2712 1609 2769 πότε
1645 2711 1705 2768 ἄν
1772 2710 2005 2777 δέξαιντο

354 2798 586 2877 λ’)ομὲνῃ
671 2801 795 2881 (64)
864 2804 1015 2884 φωνῇ
1046 2802 1327 2871 δηλοῦσθαι
1378 2804 1472 2869 τὴν
1518 2802 1706 2861 ἂλυτον
1738 2803 1889 2882 φύσιν
1919 2814 2006 2869 καὶ

351 2889 645 2962 ἰδιάζουσαν
693 2913 708 2973 ;
763 2892 893 2951 Οὔτε
932 2895 1031 2971 γὰρ
1080 2893 1207 2973 ἀέρα
1252 2914 1330 2957 τις
1396 2892 1645 2949 ἕπνευσεν
1705 2890 1829 2949 ὅλον
1882 2892 2004 2949 πώ·-

348 3003 503 3061 ποτε,
557 2984 675 3040 οὔτε
737 2984 917 3039 ὠσίαν
977 2985 1109 3040 Θεοῦ
1153 2982 1456 3056 παντελῶς,
1528 2982 1558 3051 ἢ
1612 2990 1729 3047 νοῦς
1783 2982 2002 3062 ἐχώρη-

352 3093 440 3128 σεν
473 3073 621 3153 (65),
683 3074 718 3142 ἢ
778 3075 928 3154 φωνὴ
987 3073 1317 3154 περιέλαϐεν.
1354 3071 1506 3130 Ἀλλ’
1545 3073 1604 3129 ἐκ
1634 3079 1739 3128 τῶν
1769 3074 1886 3151 περὶ
1918 3077 1997 3131 αὖ·

348 3165 439 3219 τὸν
510 3172 954 3245 αιαγραφοῦντες
1008 3165 1071 3220 τὰ
1128 3154 1250 3221 κατ’
1307 3166 1487 3243 αὐτὸν,
1572 3160 1802 3240 ἀμυδρά-ι
1887 3184 2006 3219 τινα

353 3255 439 3308 καὶ
492 3252 710 3333 ἀσθενῆ,
800 3255 889 3310 καὶ
948 3252 1118 3320 ἄλλην
1168 3251 1259 3310 ἀπ’
1316 3252 1479 3309 ἄλλοι)
1542 3251 1671 3330 (66)
1717 3252 2006 3331 φαντασίαν

350 3343 696 3421 συλλέγομεν.
737 3347 830 3403 Καὶ
884 3348 1031 3411 οὗτος
1090 3344 1299 3424 ἂριστος
1331 3348 1471 3413 ἡμῖν
1502 3343 1776 3421 θεολόγος,
1811 3348 1915 3424 οὔχ
1948 3342 2005 3408 ὅς

2096 2173 2259 2234 nullo
2286 2175 2529 2237 nomine
2552 2176 2801 2257 exprimi
2837 2185 3052 2257 potest;
3088 2175 3266 2255 idque
3299 2167 3758 2257 declaran_t,non

2097 2262 2275 2325 modo
2306 2250 2961 2347 ratiocinationem-sed
2994 2250 3382 2328 Hebraeorum
3430 2250 3759 2347 dcctissiini

2094 2360 2271 2442 atque
2302 2356 2701 2436 antiquissimi
2725 2341 2973 2438 quique,
3002 2363 3288 2437 quantum
3308 2347 3549 2442 quidem
3588 2341 3760 2442 nobis

2093 2434 2535 2522 conjiciendum
2592 2434 2909 2511 dederunt.
2959 2434 3110 2512 Nam
3170 2445 3271 2525 qui
3308 2434 3571 2525 propriis
3602 2434 3758 2493 notis

2091 2551 2390 2595 summum
2423 2534 2567 2595 illud
2605 2555 2820 2597 nomen
2855 2524 3269 2598 honorandum
3310 2524 3637 2602 duxerunt,
3690 2539 3759 2583 ac

2092 2641 2167 2684 ne
2199 2624 2408 2685 iisdem
2468 2626 2709 2706 quidem
2764 2627 2978 2689 litteris
3010 2627 3170 2689 aliud
3205 2619 3494 2709 quidde
3518 2628 3753 2709 eorum.

2090 2732 2221 2793 quae
2244 2722 2374 2792 post
2402 2704 2587 2775 Deum
2613 2727 2770 2789 sunt,
2804 2736 2871 2778 ac
2894 2720 3077 2779 Deum
3101 2704 3323 2796 ipsum,
3357 2704 3541 2769 scribi
3568 2704 3754 2763 susti—

2093 2813 2357 2865 nuerunt
2377 2807 2676 2885 (tanquam
2701 2807 2933 2868 scilicet
2959 2811 3146 2870 Deum
3171 2805 3287 2867 huc
3312 2799 3489 2861 etiam
3513 2806 3701 2872 usque
3722 2804 3759 2850 a

2092 2912 2291 2955 rerum
2312 2903 2651 2956 nostrarum
2676 2897 3041 2957 commercio
3060 2896 3405 2957 distinctum
3430 2903 3563 2949 esse
3584 2896 3757 2982 pper-

2093 2985 2573 3065 leat),ecquando
2598 2986 2837 3047 tandem
2873 2986 3257 3047 solutilivoce
3282 2990 3550 3045 naturam
3583 2970 3751 3032 illam

2092 3074 2603 3150 insolutilem,nac
2628 3095 2759 3137 cum
2781 3076 2914 3137 aliis
2934 3092 3311 3137 communem
3345 3066 3628 3151 explicari
3656 3082 3753 3144 pa-

2093 3164 2663 3238 terentur?Quemad
2678 3166 2912 3228 modum
2931 3167 3091 3229 enim
3108 3184 3283 3228 nemo
3305 3160 3742 3242 est,quiaerem

2093 3262 2281 3316 totum
2316 3275 2576 3335 unquam
2639 3257 2949 3321 hauseriI:
3006 3257 3084 3317 ita
3139 3254 3245 3317 Dei
3294 3260 3586 3322 naturam,
3638 3267 3748 3309 nec

2094 3363 2264 3407 mens
2287 3366 2548 3427 unquam
2583 3348 2700 3409 ulla
2731 3366 2974 3427 prorsus
3003 3344 3302 3425 concepit,
3339 3360 3451 3403 nec
3487 3359 3594 3401 vox
3627 3338 3745 3399 ulla

351 3436 463 3511 εὗρε
516 3437 577 3491 τὸ
635 3442 762 3509 πᾶν,
815 3434 929 3492 οὔδε
961 3438 1059 3514 γὰρ
1090 3435 1305 3515 δέχεται
1338 3438 1398 3493 τὸ
1430 3442 1537 3491 πᾶν
1570 3437 1597 3490 ὁ
1628 3432 1819 3509 δεσμὸς
1858 3433 2004 3515 (67),

2103 3423 2405 3514 complexa
2432 3444 2543 3498 est.
2579 3423 2800 3497 Verum
2859 3439 3051 3517 ipsum
3114 3423 3331 3514 exihis,
3367 3451 3499 3513 qua;
3522 3429 3580 3490 in
3616 3430 3742 3508 ipso

348 3522 466 3579 ἀλλ’
514 3524 569 3590 ὅς
625 3524 687 3580 ἄν
759 3524 886 3603 (68)
945 3525 1107 3582 ἄλλου
1152 3529 1422 3605 φαντασοῇ
1456 3524 1643 3602 πλέον,
1684 3526 1770 3579 καὶ
1815 3523 2007 3581 πλεῖον

347 3616 403 3670 ἒν
460 3615 631 3689 ἑαυτῷ
662 3616 934 3693 συναγάγῃ
964 3617 1026 3671 τὸ
1054 3621 1152 3682 τῆς
1198 3614 1446 3683 ἀληθείας
1478 3612 1735 3686 ἴνδαλμα,
1771 3612 1807 3681 ἢ
1863 3616 2004 3670 ἀπο-

348 3706 602 3779 σκίασμα,
646 3705 680 3773 ἦ
711 3705 739 3761 ὅ
769 3728 819 3761 τι
842 3707 928 3762 καὶ
959 3706 1290 3779 ὀνομᾴσομεν
1324 3704 1481 3787 (69).

2091 3525 2702 3599 sunt,adumbrautes,
2720 3526 3032 3589 obscuram
3058 3524 3375 3605 quamdam
3398 3518 3707 3583 etin.becil
3736 3554 3741 3557 λ

2090 3613 2233 3695 lem,
2287 3622 2461 3695 atque
2492 3617 2667 3677 aliam
2704 3634 2773 3678 ex
2810 3617 2925 3679 alio
2960 3615 3222 3696 speciem
3268 3611 3623 3691 colligimus.
3661 3609 3744 3671 Ac

2092 3705 2613 3783 praestantissimus
2642 3707 2741 3768 hic
2771 3707 2925 3787 apud
2962 3725 3069 3768 nos
3101 3705 3409 3780 theologus
3432 3708 3736 3771 censetur,

357 3817 473 3859 non
500 3798 603 3880 qui
638 3798 698 3860 in
735 3806 948 3879 totum,
976 3798 1118 3880 quid
1156 3798 1312 3861 Deus
1347 3800 1443 3879 sit,
1492 3795 1825 3868 invenerit;
1882 3813 1993 3857 nec
2043 3796 2203 3857 enim
2254 3798 2555 3858 vinculum
2590 3819 2804 3881 capere
2839 3802 2952 3862 hou
2994 3807 3177 3860 totum
3238 3804 3472 3877 potest;
3505 3794 3608 3857 sed
3640 3792 3742 3874 qui

347 3887 696 3968 ampliorem
720 3889 906 3967 ipsius
927 3888 1190 3970 speciem
1228 3896 1428 3951 mente
1477 3884 1844 3967 conceperit,
1896 3886 2270 3967 ampliusque
2318 3889 2586 3952 veritatis
2620 3890 3031 3966 simulacrum,
3070 3889 3156 3950 vel
3188 3884 3734 3959 adumbrationem,

346 3978 435 4040 vel
457 3996 817 4059 quocunque
849 3980 1088 4040 tandem
1123 3978 1238 4040 alio
1264 3978 1549 4040 vocabulo
1583 3976 1667 4039 uti
1690 3975 1821 4056 quis
1855 3976 2044 4050 malit,
2078 3976 2138 4036 in
2172 3978 2369 4058 seipso
2392 3979 2720 4059 collegerit.

426 4071 540 4136 lH'.
603 4065 775 4133 ’³οσον
809 4072 852 4129 δ’
887 4082 975 4130 οὖν
1000 4074 1054 4130 ἐκ
1087 4081 1193 4130 τῶν
1222 4076 1359 4149 ἡμῖν
1394 4074 1647 4154 ἐφικτῶν,
1693 4074 1719 4127 ὁ
1767 4072 1865 4144 μὲν
1906 4069 2004 4148 ὤν,

344 4166 431 4220 καὶ
495 4167 522 4220 ὁ
581 4166 732 4243 Θεὸς,
793 4162 999 4238 μᾶλλόν
1058 4186 1172 4229 πως
1215 4168 1311 4233 τῆς
1361 4164 1539 4225 οὐσίας
1622 4164 1884 4236 ὀνόματα·
1919 4154 2006 4217 καὶ

341 4254 542 4310 τούτων
585 4253 811 4333 μᾶλλον,
882 4257 908 4311 ὁ
936 4252 1031 4309 ὢν·
1069 4255 1128 4310 οὒ
1172 4253 1335 4327 μόνον
1369 4253 1450 4309 ὅτι
1482 4259 1559 4325 τῷ
1611 4258 1827 4307 Μωυσεῖ
1856 4272 2006 4329 χρη-

343 4345 575 4418 ματίζων
634 4344 718 4400 ἐπὶ
776 4352 870 4401 τοὺ
929 4344 1104 4421 ὅρους,
1163 4348 1253 4399 καὶ
1295 4344 1393 4410 τὴν
1426 4343 1617 4409 κλῆσιν
1673 4340 2003 4413 ἀπαιτούμε-

343 4455 454 4510 νος,
487 4434 522 4501 ἧ
585 4434 707 4513 (70)
776 4434 861 4491 τὶσ
892 4455 1023 4491 ποτε
1080 4433 1200 4512 εἴη,
1254 4440 1407 4490 τοῦτο
1440 4445 1731 4511 προσεῖπεν
1791 4430 2001 4504 ἑαυτὸν,

342 4522 404 4581 Ὀ
447 4524 519 4580 ὤν
572 4523 871 4581 ἀπέσταλλέ
945 4545 1037 4600 με,
1098 4526 1174 4599 τῷ
1229 4522 1345 4598 λαῷ
1368 4522 1621 4586 κελεύσας
1654 4525 1847 4577 εἶπεϊν·
1886 4519 2001 4602 Ξιλλ⁶

2170 4069 2372 4133 XVIII.
2408 4071 2702 4143 Quantum
2738 4091 2876 4152 ergo
2906 4072 3077 4133 nobis
3108 4071 3345 4153 assequi
3377 4087 3731 4131 concessum

2091 4168 2202 4241 est,
2236 4162 2387 4237 Ens,
2422 4170 2479 4223 et
2510 4164 2690 4231 Deus,
2748 4163 2932 4243 magis
2984 4162 3424 4245 quodammodo
3469 4161 3745 4222 essentia:

2091 4251 2333 4312 nomina
2365 4262 2525 4325 sunt;
2561 4273 2627 4315 ex
2662 4254 2855 4333 iisque
2904 4256 3079 4316 etiam
3139 4273 3272 4333 vox,
3316 4253 3468 4332 Eus,
3502 4252 3574 4312 ad
3607 4270 3740 4313 eam

2089 4339 2466 4402 indicandam
2512 4344 2709 4423 aptior
2767 4355 2901 4420 est;
2947 4364 3063 4406 non
3097 4345 3209 4406 hoc
3243 4343 3433 4405 solum
3471 4342 3735 4421 nomine,

2092 4430 2243 4511 quod
2272 4430 2422 4512 ipse,
2460 4452 2593 4494 cum
2627 4434 2808 4516 Moysi
2841 4441 2898 4496 in
2936 4445 3136 4496 monte
3167 4434 3469 4495 oraculum
3506 4432 3741 4504 ederet,

2089 4530 2498 4603 quaereretque
2516 4522 2765 4605 ille,quo
2782 4525 3023 4586 nomine
3036 4524 3456 4599 vocaretur,ita
3475 4524 3736 4603 scipsum

420 4658 483 4709 65
503 4659 691 4724 Hebr.
724 4680 785 4742 ν,
821 4661 857 4723 9
890 4669 946 4723 et
978 4680 1109 4744 seq.
1194 4661 1259 4711 64
1286 4660 1473 4725 Hebr.
1508 4678 1610 4734 vn,
1645 4660 1671 4721 1
1710 4677 1839 4740 sqq.
1926 4653 1991 4706 65

2103 4676 2196 4721 ιιι).
2237 4676 2311 4731 IV,
2349 4661 2448 4722 ‘25.
2534 4659 2804 4724 6“Galat.
2840 4679 2904 4742 ll,
2935 4661 3037 4723 20.
3066 4660 3127 4710 67
3154 4660 3294 4723 Luc.
3331 4678 3475 4736 xxu,
3503 4662 3583 4722 44
3607 4680 3733 4741 seq.

425 4796 549 4873 (59)
581 4799 704 4876 Περί
732 4795 912 4859 Deest
940 4796 1001 4858 in
1036 4797 1304 4877 pluribus
1336 4796 1518 4876 Regg.
1553 4805 1613 4859 et
1643 4795 1807 4859 Colb.

448 4879 548 4958 60)
598 4879 946 4953 ’Υπὸιινημα.
987 4903 1005 4933 σ
1046 4878 1608 4940 Commonitorium.
1651 4902 1669 4933 ι

448 4898 548 4958 Ου)
600 4898 946 4953 Ὑπομνημα.
987 4903 1005 4933 Ι
1046 4898 1608 4940 υοιῐιῐηυηιῑοΐιυῐη.
1651 4902 1669 4933 ε

424 4898 542 5039 (61)
579 4958 783 5021 [Ιολλάς
818 4981 874 5040 τε
919 4961 1100 5039 οὕσας,
1138 4968 1253 5020 etc.
1289 4959 1424 5023 Bill.
1462 4976 1475 5021 Ξ
1519 4984 1541 5015 «
1571 4958 1813 5040 Negipsa
1862 4960 2001 5040 qui-

336 5038 475 5100 dem
512 5039 645 5103 Filii
677 5039 945 5131 nomina,
983 5038 1115 5131 quia;
1149 5050 1206 5102 et
1235 5043 1416 5131 multa
1464 5047 1521 5131 et
1549 5038 1755 5131 multis
1796 5038 1997 5131 rebus,

2021 4798 2062 4847 D
2083 4789 2221 4875 quid
2256 4808 2483 4875 eorum,
2520 4811 2652 4873 quae
2682 4800 2818 4853 sunt
2849 4793 3612 4875 secundum]Deum,iisdcm
3639 4795 3736 4856 lit-

2094 4871 2235 4932 teris
2265 4871 2875 4953 scriberetur,quibus
2898 4874 3007 4937 Dei
3039 4894 3276 4936 nomen.
3317 4901 3342 4931 η

2168 4953 2295 5036 (64)
2328 4955 2594 5036 Λυομὲνη.
2639 4981 2664 5009 α
2705 4954 2851 5031 Vox,
2892 4978 2919 5014 ι
2963 4956 3152 5033 inquit
3178 4957 3359 5036 Elins,
3400 4980 3424 5014 οι
3461 4956 3739 5019 dissolvi-

2092 5041 2187 5093 tur
2218 5034 2274 5093 in
2309 5032 2582 5113 syllabas,
2620 5036 2709 5097 vel
2738 5032 3156 5111 elcmenta,vel
3194 5038 3251 5097 in
3285 5032 3484 5099 aerem
3512 5036 3743 5113 spargi-

341 5139 474 5201 qua
506 5129 707 5183 mente
728 5129 905 5202 atque
924 5120 1320 5201 intelligentia
1337 5120 2004 5202 percipimus,imposita
2090 5122 2220 5202 tur;
2235 5138 2260 5202 ξ)

336 5209 499 5281 sunt,
542 5228 566 5259 υ
606 5210 719 5264 etc.

418 5279 549 5364 (6‘2)
581 5282 865 5345 "esum.
901 5279 999 5344 Sic
1031 5282 1206 5345 codd.
1244 5282 1527 5346 Mendose
1584 5283 1641 5343 in
1694 5282 1820 5360 ed.,
1882 5285 1997 5342 ἕδο-

337 5388 545 5525 αί63)
582 5446 920 5525 Γράμμασιν.
945 5442 1056 5506 Hic
1090 5459 1263 5521 mm,
1315 5445 1372 5506 id
1405 5452 1516 5518 est,
1585 5470 1610 5499 ‹‹
1663 5445 1910 5519 Jehova,
1973 5470 1997 5505 ι

337 5525 710 5606 intelligitur.
754 5526 985 5590 Nomen
1015 5526 1171 5588 istud
1213 5551 1239 5582 α
1275 5530 1862 5606 tetragrammaton,»
1900 5545 2005 5588 seu

346 5632 372 5664 α
408 5617 661 5689 quatuor
691 5606 907 5689 litteris
940 5615 1243 5689 constans,
1280 5632 1308 5663 ι
1371 5613 1639 5689 vocatur.
1700 5606 2005 5688 Signiﬁcat

342 5713 366 5745 (ι
407 5686 577 5765 ens,»
605 5686 1050 5753 velaexsistens
1079 5687 1152 5750 ab
1185 5686 1410 5751 aeterno
1438 5695 1500 5751 et
1530 5687 1590 5748 in
1624 5686 1938 5751 aeternum.
1973 5713 1995 5745 ι

329 5769 516 5833 Tanta
545 5779 670 5832 erat
702 5769 858 5851 apud
885 5767 1170 5833 Hebraeos
1216 5770 1393 5832 istius
1423 5768 1686 5851 nominis
1713 5785 1999 5832 reveren-

330 5852 431 5933 tia,
466 5859 532 5933 ut
559 5851 631 5914 ab
659 5849 787 5932 ejus
838 5851 1327 5933 pronuntiatione
1358 5849 1751 5933 abstinentes,
1782 5869 1896 5933 pro
1921 5869 1993 5933 eo

332 5931 609 6011 legebant
639 5930 801 6005 ητις,
838 5930 867 5988 ἆ
901 5931 1148 5996 Adonai.
1196 5957 1217 5992 ι)
1255 5931 1643 5995 Hunclocum
1677 5930 1763 5994 sic
1782 5930 1994 5995 reddit

332 6012 764 6077 Leuveuklaius
798 6030 810 6077 :
856 6036 877 6069 α
908 6014 995 6076 Ac
1028 6034 1101 6076 ne
1133 6014 1371 6098 quidem
1406 6014 1841 6096 permiserit,ut
1873 6012 1989 6076 ali-

2168 5196 2295 5274 (65)
2328 5196 2662 5278 Ἐχώρτισεν.
2695 5198 2904 5260 Plures
2936 5198 3123 5279 Regg.
3158 5207 3215 5257 et
3245 5197 3740 5280 ΟοΙὺΘΓί.,κεχώ-

2116 5300 2270 5344 ηκεν,

2158 5300 2270 5338 κεν,

2086 5299 2297 5435 ρη(66)
2326 5356 2554 5426 ’Ἄλλην
2630 5350 2725 5416 ἀπ’
2768 5359 2950 5420 ἂλλου.
3001 5359 3182 5422 COiSl.
3224 5360 3274 5431 l,
3312 5356 3481 5427 ἄλλην
3515 5359 3605 5416 ἄπ’
3638 5361 3741 5418 ἅλ-

2086 5438 2209 5507 λης.
2248 5464 2272 5493 α
2306 5438 2481 5500 aliam
2509 5458 2576 5500 ex
2608 5440 2744 5501 alia.
2787 5463 2815 5497 ι)

2174 5520 2566 5602 (θυέεσμός.
2608 5547 2632 5576 α
2663 5519 3005 5596 Vinculum,
3040 5541 3069 5581 ι
3103 5520 3160 5602 id
3195 5530 3305 5595 est,
3350 5546 3371 5575 α
3428 5540 3665 5602 corpus,
3711 5547 3735 5578 η

2088 5597 2287 5680 inquit
2310 5600 2491 5684 Elias,
2532 5626 2553 5659 ι
2594 5602 2689 5664 cui
2723 5602 2958 5663 animus
2991 5601 3157 5684 quasi
3210 5602 3468 5679 quodam
3503 5597 3741 5666 vinculo

2088 5683 2537 5776 estucopirlalus.
2580 5707 2604 5739 »

2190 5760 2297 5843 68)
2328 5760 2438 5829 ’⁷ος
2480 5764 2563 5825 ἄν.
2626 5760 2775 5825 Tres
2832 5764 3017 5843 Regg.
3052 5783 3121 5827 ac
3162 5773 3281 5829 tres
3314 5764 3510 5841 Colb.,
3535 5764 3592 5830 ὅς
3625 5766 3738 5827 ἐὰν.

2190 5767 2267 5827 68
2328 5767 2438 5829 ’⁷ος
2480 5767 2563 5825 ἄν.
2626 5767 2775 5825 Tres
2832 5767 3017 5843 Regg.
3052 5783 3121 5827 ac
3162 5773 3281 5829 tres
3314 5767 3547 5841 Colb.,t

2187 5767 2296 5987 69$
2324 5843 2715 5938 ξρνομάσομεν.
2747 5843 2895 5908 Tres
2918 5846 3135 5927 88333,
3171 5848 3547 5925 ὁνομάσωμεν.

2187 5928 2264 5985 70
2363 5933 2427 5987 Η.
2469 5924 2635 5987 Unus
2666 5923 2839 5987 Rea”
2880 5930 2940 5987 εἷ.

2187 5917 2286 6003 703
2324 5917 2427 5989 Ἢ.
2453 5917 2635 5991 Ὁιιιίε
2666 5923 2839 6006 Reg,
2880 5930 2940 5989 εἷ.
