4126 6416
285 332 394 403 133

1273 341 1556 408 ORATIO
1600 334 1820 403 XXXI.
1867 369 1944 389 -υ
1987 335 2471 401 THEOLOGIGA
2516 333 2587 402 V.

3548 339 3660 408 134

275 476 350 537 ὡς
410 473 661 550 βασιλεὺς
718 474 1081 550 δικαιοσύνης,
1136 480 1224 533 καὶ
1295 480 1368 542 ὡς
1423 474 1767 533 ἁποδεκατῶν
1824 494 1934 529 πα-

2036 469 2288 535 Pontifex
2308 471 2382 549 13,
2409 479 2472 534 ut
2502 471 2734 535 oblator
2762 497 2777 542 :
2803 473 3240 540 Melchisedech
3262 478 3336 554 η,
3364 489 3425 542 ut
3457 479 3662 544 matris

277 565 540 644 τριάρχας
593 567 730 622 κατὰ
799 567 906 623 τῶν
966 571 1213 646 πονηρῶν
1302 566 1574 641 δυνάμεων
1631 566 1928 644 ιίιριστεύον⁶

277 675 398 719 τας.
431 653 646 735 ’Ἔχεις
669 657 765 720 τὰς
797 663 889 713 τοῦ
925 659 1046 715 Υἱοῡ
1075 659 1435 737 προσηγορίας
1463 678 1478 693 ο
1539 654 1713 733 βάδιζε
1744 652 1810 710 δι’
1843 653 1932 709 αὖ·

277 750 386 799 τῶν
421 761 435 775 ·
470 743 591 801 ὅσαι
621 767 676 801 τε
705 744 935 828 ὑψηλαὶ,
963 749 1159 811 θεῖκῶς
1193 746 1294 828 (6),
1327 748 1417 804 καὶ
1447 746 1566 804 ὅσαι
1606 745 1930 820 σωματικαὶ,

281 838 571 910 συμπαθῶς
603 855 617 870 ’
683 835 886 908 μᾶλλον
944 835 999 894 δὲ
1059 837 1181 894 ὅλον
1224 842 1444 912 θεῒκῶς,
1489 837 1580 894 ’ἕνα
1631 837 1760 915 γέν-ς,
1805 835 1933 898 Θεὸς

281 925 516 981 κάτωθεν
553 923 808 999 ἀνελθὼν,
842 924 926 982 διὰ
984 929 1076 984 τὸν
1135 926 1457 984 κατελθόντα
1506 925 1574 982 δι’
1619 928 1764 994 ἡμᾶς
1795 923 1932 983 ἄνων

278 1017 389 1076 θεν.
438 1015 560 1072 Ἐπὶ
603 1022 758 1090 πᾶσι,
819 1019 906 1072 καὶ
965 1019 1067 1095 πρὸ
1125 1019 1359 1093 πάντων,
1395 1017 1571 1074 ἐκεῖνο
1613 1018 1762 1096 τήρει
1797 1031 1811 1046 ⁸
1847 1015 1934 1072 καὶ

291 1107 388 1161 οὒκ
431 1106 492 1161 ἂν
538 1105 792 1186 σφαλείης
837 1109 892 1163 ἒν
936 1120 1054 1174 τοῖς
1101 1107 1449 1187 ὑψηλότὲροις
1480 1108 1518 1174 ἦ
1544 1107 1934 1186 ταπεινοτέροις

285 1196 562 1270 ὀνόμασιν,
608 1194 819 1264 Ἰησοῦς
865 1200 1114 1278 Χριστὸς,
1167 1199 1298 1279 χθὲς
1340 1199 1428 1256 καὶ
1477 1200 1710 1275 σήμερον
1749 1218 1937 1271 σωμαο

284 1285 474 1365 τικῶς,
521 1287 548 1342 ὁ
609 1289 765 1351 αὐτὸς
826 1294 1225 1364 πνευματικῶς,
1284 1310 1372 1345 και
1436 1289 1508 1351 εἰς
1563 1288 1682 1349 τοὺς
1744 1286 1936 1349 αἰῶνας

283 1379 392 1430 τῶν
421 1375 625 1431 αἰώνων
637 1419 648 1432 .
685 1376 698 1400 ’
710 1377 886 1452 Αμήν,

2012 563 2411 644 expers,quod
2435 562 2507 624 ad
2541 573 2808 626 naturam
2843 567 2999 629 illam
3035 577 3237 631 nostra
3266 570 3661 632 excelsiorem

2015 653 2243 726 attinet,
2275 660 2438 732 patre
2470 664 2668 715 autem
2697 673 2930 736 carens,
2956 667 3241 735 quantum
3260 658 3332 719 ad
3360 660 3657 723 nostram:

2020 755 2141 802 tum
2175 743 2350 803 etiam
2382 742 2518 822 quia
2548 743 2888 807 sublimitus
2915 745 3141 828 absque
3169 747 3517 828 genealogia
3549 758 3659 811 est.

2019 833 2516 912 (Generationem
2528 833 3241 919 enimilliusjnquitquis
3253 839 3666 918 enarrabitw?)

2018 921 2102 983 Ac
2131 929 2512 1002 praetereamt
2530 921 2663 984 Rm:
2681 923 2890 986 Solem
2914 924 3110 1006 ‘6,hoc
3136 931 3511 1009 est,pacis,et
3538 930 3668 994 Rea:

2008 1013 2288 1093 just-ilia,
2315 1030 2384 1078 ac
2413 1011 2673 1094 denique
2704 1021 2767 1074 ut
2796 1033 2830 1075 a
2863 1016 3218 1094 patriarchis
3247 1018 3532 1080 adversus
3557 1038 3665 1101 pe-

2020 1103 2254 1165 stiferas
2272 1109 2590 1182 potestates
2606 1111 2849 1165 strenue
2869 1123 2996 1166 rem
3017 1107 3386 1189 gerentibus,
3405 1109 3666 1172 decimas

2018 1192 2343 1272 accipiens.
2373 1192 2568 1254 Habes
2599 1193 2728 1253 Filii
2752 1195 3209 1274 appellationes.
3239 1199 3354 1260 Per
3378 1217 3478 1260 eas
3502 1200 3662 1262 ince-

2019 1284 2096 1345 de
2126 1304 2140 1362 ;
2177 1300 2281 1362 per
2309 1299 2430 1357 eas,
2467 1284 2735 1363 inquam,
2771 1302 3001 1359 omnes,
3027 1304 3159 1365 quae
3187 1285 3477 1350 sublimes
3501 1299 3662 1364 sunt,

2021 1373 2244 1439 divine.
2284 1390 2388 1451 per
2440 1388 2759 1453 corporeas
2790 1382 3011 1448 autem,
3048 1375 3344 1440 humane:
3381 1377 3503 1439 imo
3535 1397 3675 1442 vero

287 1485 533 1548 prorsus
564 1468 784 1551 divine,
821 1479 886 1532 ut
917 1489 986 1533 ex
1021 1471 1159 1533 imis
1189 1472 1352 1535 hisce
1383 1470 1738 1542 ascendens,
1774 1471 1878 1531 fias
1906 1471 2064 1533 Deus
2097 1475 2340 1548 propter
2383 1486 2544 1544 eum,
2586 1467 2686 1547 qui
2729 1476 2971 1547 prOpter
3011 1487 3120 1530 nos
3148 1470 3223 1532 de
3254 1471 3532 1553 supernis
3564 1473 3674 1534 de-

280 1558 539 1620 scendit.
573 1561 798 1623 Praater
819 1561 1042 1634 omnia,
1070 1572 1127 1625 et
1147 1572 1283 1625 ante
1310 1562 1532 1637 omnia,
1558 1561 1709 1623 illud
1737 1579 1911 1623 serva
1938 1583 1950 1619 :
1979 1579 2091 1622 nec
2113 1568 2212 1620 aut
2237 1561 2294 1618 in
2327 1557 2799 1628 sublimioribus,
2836 1566 2933 1619 aut
2957 1558 3382 1638 abjectioribus
3405 1563 3670 1625 nomini-

281 1647 398 1710 lius
418 1648 676 1712 errabis.
706 1652 883 1712 Jesus
911 1652 1204 1730 Christus,
1241 1653 1370 1715 heri
1420 1662 1478 1715 et
1527 1651 1707 1714 hodie
1748 1650 2160 1732 corporaliter,
2193 1648 2476 1728 idemque
2517 1647 2931 1728 spiritualiter,
2968 1657 3025 1710 et
3066 1649 3125 1710 in
3169 1653 3385 1714 saecula
3418 1652 3674 1716 saeculo-

283 1756 444 1800 rum.
477 1742 692 1801 Amen.

365 1874 420 1919 '3
446 1875 629 1941 Hebr.
656 1895 735 1955 vx,
774 1877 874 1943 20.
959 1877 1013 1922 “
1041 1880 1225 1944 Hebr.
1257 1898 1365 1956 vn,
1402 1885 1459 1941 1.

1547 1879 1600 1922 ¹⁵
1621 1881 1733 1945 lsa.
1757 1895 1883 1950 Lm,
1917 1878 1977 1942 8.

2065 1873 2119 1919 ¹⁶
2152 1875 2337 1939 Hebr.
2377 1892 2481 1956 vn,
2516 1876 2576 1938 2.

371 2015 458 2096 (6)
489 2022 694 2082 Θεῖκῶς
759 2036 782 2067 ι
807 2015 1038 2091 Divine,
1077 2042 1101 2076 ι
1135 2018 1194 2080 id
1224 2027 1336 2094 est,
1377 2045 1400 2075 ι
1438 2017 1670 2081 ratione
1702 2017 1822 2080 Deo
1853 2037 1946 2079 cor

2041 2026 2279 2078 ntanea.
2329 2041 2348 2071 ι

823 2323 1188 2410 ΛΟΓΟΣ
1259 2326 1431 2411 AA’

713 2447 1135 2500 ΘΕΟΑΟΙῚΚΟΣ
1184 2450 1526 2505 ΠΕΜΠΤΟΣ.

734 2534 856 2612 Περὶ
876 2540 970 2590 τοῦ
1001 2534 1148 2612 ἁγίου
1171 2537 1497 2608 Πνεύματυς.

386 2619 467 2682 Α’,
502 2622 562 2678 Ὀ
619 2621 716 2698 μὲν
770 2621 823 2678 δὲ
881 2625 996 2702 περὶ
1045 2632 1139 2682 τοῦ
1182 2629 1302 2682 Υἱοῦ
1348 2625 1531 2707 λόγος,
1564 2629 1797 2690 τοιοῦτος
1825 2626 1941 2705 (7)·

303 2714 390 2767 καὶ
443 2709 578 2768 οὕτω
634 2710 952 2792 διαπέφευγε
1009 2718 1132 2780 τοὺς
1179 2717 1513 2792 Λιθάζοντας,
1573 2715 1791 2773 διελθὼν
1862 2714 1945 2772 διὰ

303 2802 466 2878 μέσου
518 2800 606 2872 (8)
657 2805 852 2864 αὐτῶν.
904 2803 963 2862 Ὀ
993 2804 1155 2885 λόγος
1205 2807 1304 2885 γὰρ
1354 2808 1413 2864 οὒ
1445 2808 1735 2882 λιθάζεται,
1793 2804 1943 2863 λιθο-

301 2889 455 2949 ϐολεϊ
483 2888 564 2966 δέ,
610 2891 738 2950 ὅταν
779 2893 958 2970 ὲθέλῃ,
989 2898 1078 2952 καὶ
1109 2895 1366 2978 σφενδονᾷ
1394 2898 1570 2976 θηρία,
1605 2897 1795 2976 λόγους
1839 2918 1944 2952 κα-

298 2983 408 3046 κῶς
466 2989 542 3058 τῷ
594 2983 701 3058 ὄρει
760 2983 1176 3065 προσϐαίνοντας
1236 2986 1342 3068 (9).
1408 2992 1468 3046 Τί
1528 2987 1572 3043 δ’
1624 2986 1683 3044 ἂν
1742 2987 1945 3060 εἴποις,

297 3074 448 3154 φασὶ,
480 3074 598 3153 περὶ
641 3073 734 3130 τοῦ
791 3075 942 3154 ἁγίου
999 3077 1307 3154 Πνεύματος
1343 3098 1358 3159 ;
1395 3079 1553 3135 πόθεν
1584 3080 1720 3154 ἡμῖν
1754 3076 1947 3134 ἐπεισ-

305 3164 483 3244 ἄγεις,
518 3161 664 3228 ξένον
706 3165 824 3220 θεὸν
880 3167 964 3222 mi
1021 3165 1304 3248 ἄγραφον,
1357 3175 1524 3228 Τοῦτο
1602 3166 1703 3236 ἤδη
1757 3169 1844 3223 καὶ
1899 3170 1948 3223 οἱ

296 3255 415 3334 περὶ
444 3255 537 3309 τὸν
572 3254 691 3309 Υἱὸν
722 3261 1119 3334 μετριάζοντες.
1154 3257 1336 3333 ’Ὅπερ
1381 3260 1481 3338 γὰρ
1529 3258 1614 3315 ἐπὶ
1659 3263 1764 3315 τῶν
1816 3255 1948 3314 ὁδῶν

295 3345 470 3422 εὑρεῖν
529 3339 640 3399 ἔστι
702 3345 790 3400 καὶ
846 3349 955 3401 τῶν
997 3353 1281 3424 ποταμῶν,
1315 3348 1590 3429 σχίζονταί
1619 3369 1676 3403 τε
1721 3345 1814 3402 ἀπ’
1847 3343 1948 3403 ἀλ·-

294 3431 480 3504 λήλων
531 3434 620 3489 καὶ
675 3434 748 3499 εἰς
805 3432 1018 3502 ἄλληλα
1065 3460 1378 3517 συναγονται
1416 3454 1428 3468 ·
1489 3444 1646 3495 τοῦτο
1688 3437 1950 3494 κάνταῦθα

304 3519 605 3599 συμϐαίνει,
666 3521 749 3581 διὰ
792 3526 884 3581 τὸν
941 3525 1170 3585 πλοῦτον
1213 3528 1314 3598 τῆς
1378 3526 1644 3606 ἀσεϐείας,
1695 3529 1782 3584 καὶ
1828 3528 1950 3588 τοὺς

296 3613 366 3670 τὰ
397 3611 532 3669 ἄλλα
561 3611 850 3679 διεστῶτας
891 3617 947 3672 ἓν
997 3616 1178 3683 ἄλλοις
1235 3619 1610 3701 συμφέρεσθαι,
1644 3618 1781 3675 ὥστε
1812 3614 1949 3693 μηδὲ

293 3705 586 3782 γινώσκειν
614 3707 855 3783 καθαρῶς
908 3703 1151 3766 δύνασθαι
1205 3710 1267 3766 τὸ
1315 3710 1604 3792 συμφέρον,
1657 3709 1694 3777 ἢ
1724 3711 1786 3765 τὸ
1839 3730 1950 3785 μα-

295 3794 560 3874 χόμενον,

2435 2322 2856 2407 ORATIO
2945 2314 3280 2416 XXXl'.

2419 2443 2929 2509 THEOLOGICA
2979 2443 3271 2520 QUINTA
3289 2493 3304 2508 .

2544 2536 2631 2597 De
2663 2534 2903 2614 Spiritu
2935 2545 3162 2597 sancta.

2111 2619 2158 2681 l.
2189 2620 2272 2680 Ac
2299 2617 2374 2678 de
2423 2617 2575 2679 Filio
2605 2615 2847 2696 quidem
2891 2615 3021 2677 talis
3073 2627 3162 2678 est
3193 2628 3397 2682 nostra
3443 2623 3671 2685 oratio:

2030 2718 2205 2790 atque
2236 2707 2308 2769 ad
2343 2707 2500 2767 hunc
2534 2705 2774 2766 modum
2807 2704 3190 2784 lapidantium
3226 2708 3510 2788 impetum
3536 2713 3680 2773 eﬂ'u-

2029 2799 2134 2878 git,
2164 2815 2271 2878 per
2300 2796 2559 2857 medium
2594 2795 2860 2875 ipsorum
2893 2795 3209 2859 transiens.
3230 2795 3431 2860 Oratio
3467 2801 3680 2882 quippe

2032 2907 2150 2950 non
2174 2886 2472 2968 lapidatur
2497 2906 2510 2948 :
2536 2902 2740 2947 verum
2758 2883 2988 2965 lapides
3007 2885 3297 2966 ipsa,cum
3317 2888 3676 2972 lubet,jacit,

2031 2997 2100 3041 ac
2130 2977 2384 3058 belluas,
2419 2977 2531 3037 hoc
2577 2984 2688 3056 est,
2723 2992 3056 3056 sermones,
3094 2976 3246 3039 male
3287 2979 3360 3040 ad
3413 2987 3677 3042 montem

2033 3067 2426 3130 ascendentes
2463 3064 2539 3147 ‘7,
2575 3065 2757 3126 funda
2805 3067 3148 3130 insectatur.
3185 3068 3302 3130 Sed
3332 3069 3409 3132 de
3455 3070 3679 3151 Spiritu

2035 3166 2261 3234 sancto,
2298 3156 2595 3241 inquiunt,
2633 3155 2773 3236 quid
2809 3155 3032 3216 dixeris
3055 3155 3080 3217 ἲ
3101 3155 3271 3220 Unde
3302 3158 3471 3221 nobis
3501 3179 3677 3242 pere-

2035 3248 2271 3328 grinum
2306 3249 2517 3320 Deum,
2552 3245 2835 3326 nulloque
2865 3245 3189 3324 Scriptum
3219 3247 3350 3309 loco
3384 3250 3679 3330 proditum

2035 3337 2368 3401 introducis
2389 3336 2415 3399 Υ
2435 3340 2632 3418 Atque
2656 3337 2768 3397 hoc
2792 3333 2878 3396 illi
2894 3354 3132 3416 quoque
3151 3336 3464 3418 objiciunt,
3487 3339 3587 3421 qui
3608 3341 3682 3403 de

2035 3430 2182 3491 Filio
2209 3426 2577 3490 moderatius
2599 3425 2882 3488 sentiunt.
2908 3427 3060 3490 Nam
3087 3428 3244 3507 quod
3271 3427 3333 3489 in
3364 3428 3475 3490 viis
3500 3437 3557 3491 et
3576 3431 3683 3493 ilu-

2034 3520 2143 3582 viis
2172 3517 2439 3600 reperire
2473 3525 2585 3598 est,
2613 3524 2677 3578 ut
2705 3534 2739 3578 a
2772 3533 2838 3577 se
2861 3515 3118 3578 invicem
3145 3527 3444 3594 secentur,
3465 3538 3534 3582 ac
3556 3538 3686 3584 rur-

2034 3629 2136 3674 sus
2182 3609 2339 3670 inter
2368 3625 2434 3669 se
2483 3613 2735 3682 coeant;
2770 3605 2926 3668 idem
2959 3604 3058 3668 hic
3101 3625 3338 3688 quoque
3370 3617 3550 3683 (tanta
3596 3619 3686 3673 est

2033 3698 2357 3782 impietatis
2387 3697 2630 3760 ubertas
2661 3705 2719 3758 et
2749 3695 2986 3777 capia!)
3022 3714 3130 3757 usu
3163 3698 3345 3780 venit,
3373 3707 3460 3778 ut,
3485 3700 3586 3780 qui
3620 3701 3683 3763 in

2033 3791 2164 3854 aliis
2193 3789 2376 3852 rebus
2397 3787 2558 3851 inter
2577 3803 2642 3848 se
2671 3785 2988 3862 dissident,
3011 3785 3071 3847 in
3095 3785 3453 3868 quibusdam
3477 3807 3685 3852 rursus

298 3887 700 3965 consentiant,
735 3888 816 3952 ita
845 3897 908 3952 ut
938 3909 1013 3953 ne
1036 3889 1211 3973 plane
1241 3892 1483 3976 quidem
1545 3891 1792 3972 intelligi
1824 3910 1892 3956 ac
1921 3886 2176 3974 perspici
2229 3884 2432 3966 possit,
2489 3882 2578 3946 vel
2631 3899 2748 3964 qua
2805 3879 2868 3942 in
2921 3899 2987 3942 re
3039 3881 3437 3960 consentiant,
3496 3884 3588 3946 vel
3619 3883 3682 3947 in

297 3994 416 4059 qua
443 3977 827 4045 contendant.

379 4068 462 4135 B’.
493 4069 670 4158 ἶέχει
703 4073 802 4149 μέν
825 4074 916 4158 οὖν
943 4098 994 4132 τι
1021 4078 1136 4158 imi,
1164 4075 1422 4158 δυσχερὲς
1455 4081 1482 4135 ὁ
1515 4079 1634 4158 περὶ
1664 4085 1756 4135 τοῦ
1786 4080 1946 4135 Πνεύ-

2121 4067 2260 4130 557
2294 4067 2368 4133 II.
2390 4067 2462 4130 Et
2483 4065 2725 4158 quidem
2751 4065 2812 4127 in
2838 4065 2949 4158 hac
2961 4063 3051 4158 de
3072 4064 3300 4158 Spiritu
3323 4075 3533 4158 sancto
3555 4065 3686 4130 dis-

299 4175 468 4230 ματος
498 4151 682 4236 λόγος,
715 4157 776 4214 οὐ
806 4156 968 4231 μόνον
1012 4157 1093 4214 ὅτι
1125 4157 1179 4215 ἐν
1226 4151 1345 4222 τὸῗέ
1402 4161 1521 4239 περὶ
1561 4151 1654 4217 τοῦ
1703 4161 1824 4217 Υἷοῦ
1853 4159 1954 4216 λό-

297 4264 412 4322 γοις
445 4243 817 4321 ἆποκάμοντες
849 4247 897 4302 οἱ
952 4245 1241 4327 ἅνθρωποι,
1304 4249 1618 4328 θερμότερον
1667 4256 1744 4326 τῷ
1786 4250 1945 4305 Πνεύ-

298 4355 425 4410 ματι
479 4333 908 4414 προσπαλαίιυσι
981 4337 1117 4418 (χρὴ
1198 4339 1298 4418 γάρ
1377 4361 1426 4394 τι
1489 4340 1698 4404 πάντως
1772 4341 1958 4403 αὖτοὺς

298 4421 544 4505 ἀσεϐεῖν,
602 4425 637 4493 ἢ
693 4424 809 4483 οὐδὲ
867 4428 1065 4504 βιωτός
1116 4428 1260 4487 ἐστιν
1293 4431 1474 4493 αὐτοῖς
1534 4433 1562 4486 ὁ
1617 4431 1772 4509 βίος),
1837 4429 1958 4488 ἀλλ’

299 4511 381 4570 ὅτι
444 4517 528 4571 καὶ
563 4517 729 4591 ἡμεῖς
790 4524 868 4593 τῷ
911 4517 1109 4589 πλήθει
1155 4521 1261 4576 τῶν
1317 4521 1646 4596 ζητημάτων
1702 4523 1961 4579 ἀποκναι-

302 4604 509 4668 σθέντες
539 4605 684 4682 αθ),
721 4610 910 4666 ταυτὸν
943 4609 1062 4679 (Η)
1092 4611 1377 4691 πάσχομεν
1434 4625 1548 4674 τοῖς
1607 4613 1906 4676 κακοσίτοις
1943 4629 1958 4644 ⁸

301 4707 358 4751 οἳ
400 4693 611 4752 ἐπειδὰν
655 4696 788 4776 πρός
830 4719 881 4754 τι
927 4704 1035 4756 τῶν
1095 4701 1394 4778 βρωμάτων
1453 4699 1768 4776 ἀηδισθῶσι,
1829 4704 1962 4782 πρὸς

298 4784 474 4841 πάντα
518 4783 681 4864 λόγον
735 4788 960 4870 ὁμοίως,
1023 4789 1206 4870 ὥσπερ
1268 4790 1467 4848 ἐκεῖνοι
1544 4793 1676 4872 πρὸς
1736 4794 1959 4872 τροφὴν,

299 4871 656 4954 δυσχεραίνοι)
669 4897 740 4936 εν.
782 4875 984 4954 ’Ὅμως
1020 4876 1208 4936 διδότω
1238 4883 1298 4937 τὸ
1349 4871 1596 4962 Πιεῦμκτ,
1626 4884 1714 4939 καὶ
1744 4871 1777 4939 ὁγ
1800 4871 1962 4960 λόγος

2041 4159 2372 4241 putatione,
2398 4156 2672 4220 nonnihil
2700 4155 2857 4218 inest
2884 4155 3249 4218 difﬁcultatis
3281 4163 3341 4219 et
3371 4157 3682 4236 molestiae,

2041 4269 2159 4313 non
2176 4250 2288 4312 hoc
2299 4249 2490 4312 solum
2508 4246 2938 4326 nomine,quod
2951 4245 3297 4309 hominesin
3309 4247 3688 4311 sermonibus

2042 4343 2116 4405 de
2148 4340 2298 4402 Filio
2333 4339 2356 4400 Γ
2361 4365 2370 4397 ί
2390 4338 2507 4401 acti
2528 4357 2596 4400 ac
2629 4336 2944 4412 debilitati,
2969 4335 3302 4398 acrioribus
3332 4337 3546 4401 animis
3577 4338 3687 4402 ad-

2041 4449 2247 4493 versus
2278 4427 2561 4510 Spiritum
2604 4428 2902 4489 luctantur
2929 4429 3202 4508 (omnino
3246 4427 3408 4489 enim
3440 4447 3542 4490 eos
3571 4430 3688 4492 ali-

2044 4540 2159 4603 qua
2188 4519 2250 4581 in
2280 4538 2346 4581 re
2377 4517 2593 4598 impios
2623 4536 2687 4581 se
2741 4516 3014 4598 praebere
3048 4533 3292 4579 necesse
3342 4527 3453 4595 est,
3485 4527 3584 4581 aut
3614 4539 3691 4582 ne

2045 4609 2242 4673 vitalis
2275 4608 2540 4692 quidem,
2570 4617 2634 4670 ut
2659 4607 2778 4669 dici
2807 4608 2984 4690 solet,
3019 4606 3131 4688 ipsi
3165 4606 3277 4668 vita
3306 4607 3449 4686 est),
3484 4626 3688 4672 verum

2048 4701 2224 4764 etiam
2257 4700 2398 4782 quia
2427 4715 2540 4762 nos
2584 4717 2844 4781 quoque,
2879 4697 3271 4780 quaestionum
3310 4697 3690 4762 multitudine

2047 4788 2270 4870 fatigati
2300 4802 2360 4853 et
2393 4791 2612 4867 enecti,
2647 4789 2876 4851 similes
2917 4807 3124 4850 sumus
3148 4787 3242 4865 iis,
3277 4788 3375 4869 qui
3417 4787 3689 4851 ciborum

2043 4881 2281 4944 fastidio
2315 4880 2602 4943 laborant.
2641 4879 3152 4954 Quemadmodum
3197 4878 3358 4940 enim
3387 4878 3498 4953 illi,
3525 4891 3688 4961 post-

300 4962 606 5046 δραμεῖται,
662 4969 750 5024 καὶ
835 4970 863 5024 ὁ
922 4971 1055 5033 Θεὸς
1128 4968 1528 5042 δοξασθήσεται,
1605 4974 1675 5030 T‘o
1735 4974 1833 5048 μὲν
1876 4971 1946 5029 οὗπ

305 5055 320 5079 2
377 5078 380 5079 ,
443 5055 486 5079 ΑῚ
508 5063 532 5073 η·
559 5078 565 5079 ,
617 5055 664 5079 If
745 5059 790 5079 ου
1005 5061 1019 5079 ς
1090 5058 1113 5078 ἢ
1258 5074 1282 5079 ..
1317 5063 1341 5079 Λ
1703 5068 1728 5077 ιιι-
1826 5063 1848 5078 ﬂ
1938 5065 1946 5079 ι

2049 4992 2228 5055 quam
2254 4971 2510 5053 alicujus
2537 4971 2657 5034 cibi
2687 4971 2991 5034 fastidium
3013 4976 3459 5079 contraxerunt),
3482 4989 3692 5033 omnes

302 5055 570 5132 ἐπιμελῶς
613 5055 872 5130 ἐξετάζειν
935 5061 1022 5118 καὶ
1085 5058 1424 5140 διαιρεῖσθαι,
1505 5068 1768 5144 ποσαχῶς
1825 5063 1861 5130 ἢ
1902 5065 1946 5120 τῖ

2047 5061 3049 5146 quoquecibosaversantur.eodem
3067 5077 3302 5142 quoque
3313 5058 3488 5121 modo
3505 5079 3610 5123 nos
3623 5079 3692 5122 ex

381 5224 434 5268 ⁸⁷
464 5223 650 5289 Exod.
689 5245 809 5306 XIX,
847 5233 941 5292 12.

386 5408 411 5483 ξ
441 5398 624 5483 _Alias
653 5415 858 5483 xxxvii
890 5424 906 5475 ;
934 5418 1068 5480 quae
1097 5410 1296 5465 autem
1317 5405 1385 5464 3t
1429 5411 1740 5483 erat,nunc
1774 5403 1958 5471 37.—

304 5476 515 5542 Habita
552 5499 710 5541 anno
741 5481 880 5542 380.

388 5562 465 5644 (1i
494 5569 768 5644 Τοιοῦτος.
800 5559 903 5626 Ol’.
941 5570 996 5644 1η,
1020 5565 1292 5631 τοσοῦτος.

2133 5405 2215 5489 (9)
2251 5407 2695 5488 Προσὸαίνοντας.
2747 5405 3000 5484 Vulgata
3029 5403 3243 5480 versio,
3306 5425 3336 5465 ε
3396 5401 3694 5477 acceden-

2146 5538 2160 5552 ,
2201 5514 2227 5543 ι)

2146 5538 2160 5552 ,
2201 5514 2227 5543 ι)

2049 5496 2244 5644 Ἤρ)
2275 5569 2764 5635 ’.ιποκναισθέντες.
2801 5568 3080 5644 Budaeus,
3119 5590 3147 5622 α
3211 5563 3428 5641 enecti,
3483 5564 3694 5639 vexati,

391 5641 480 5732 (β.)
514 5643 840 5732 Δια-μέσου.
878 5641 1117 5732 inludit
1145 5647 1216 5708 ad
1252 5647 1378 5707 haec
1403 5645 1946 5732 ιιιεεε,ιν,30,αΡθι

2046 5641 2296 5729 gravati.
2334 5673 2362 5705 ι

307 5721 570 5785 medium
603 5721 842 5783 illorum
874 5724 1023 5788 ibat.
1063 5751 1086 5781 ιο

2131 5731 2253 5811 (Η)
2290 5730 2510 5791 Ταυτόν.
2540 5730 2671 5795 Duo
2702 5728 2916 5811 Regg.,
2947 5732 2997 5789 τ’
3021 5731 3167 5792 αὐτὸ,
