4126 6390
168 376 271 449 161

1197 377 1478 449 ORATIO
1525 379 1741 446 XXXI.
1776 416 1853 429 --
1886 380 2367 449 THEOLOGICA
2416 382 2487 447 V.

3438 374 3548 448 162

166 524 638 605 εύαγγελιζόμεθα,
699 525 797 595 τὴν
845 527 1078 583 ὶντεῦθεν
1152 523 1238 581 ἐπὶ
1304 524 1371 580 τὰ
1419 522 1597 580 ἐκεῖσε
1641 521 1812 598 μετά-

1907 527 2072 583 terrae
2105 531 2328 586 motum
2363 523 2671 605 Scriptura
2694 518 2864 586 nobis
2884 527 3219 599 annuntiat,
3243 527 3308 577 48
3329 545 3549 607 nempe

168 636 371 691 στασιν,
429 616 497 673 τὰ
542 616 737 693 μηκέτι
784 616 1091 695 κινούμενα,
1147 612 1285 690 μηδὶ
1317 613 1435 684 (421
1466 610 1815 677 σαλευόμενα.

167 706 360 763 Ταυτὸν
391 703 447 761 δὲ
480 708 531 761 αἱ
562 703 651 762 δύο
712 710 943 775 Διαηκαι
992 703 1341 763 πεπόνθασιν.
1375 704 1435 761 Τί
1483 710 1637 759 τοῦτο
1664 721 1680 783 ς
1714 706 1820 759 Οὔκ

164 794 362 873 ἀθρόως
420 796 875 875 μετεκινήθησαν,
930 794 1046 851 ούδὶ
1090 797 1224 871 ὁμοῦ
1285 800 1354 871 τῇ
1410 793 1598 869 πρώτῃ
1658 795 1817 861 κινή-

165 903 243 939 σει
279 888 379 950 τῆς
409 884 801 964 ἐγχειρήσεως.
856 886 1005 949 Τίνος
1066 882 1222 940 ἕνεκα
1262 881 1381 952 (43)
1415 902 1431 963 ;
1471 880 1683 961 (εἰδέναι
1720 883 1820 960 γὰρ

164 972 510 1051 ἀναγκαῖον.)
542 966 667 1031 ’Ἵνα
699 975 779 1051 μὴ
831 974 1158 1054 βιασθῶμεν,
1222 971 1357 1028 ἀλλὰ
1388 975 1709 1047 πεισθῶμεν.
1746 974 1817 1029 T0

164 1063 261 1137 μὲν
290 1065 391 1143 γὰρ
421 1064 691 1140 ἀκούσιον,
742 1062 859 1124 οὐδὲ
912 1063 1140 1139 μόνιμον
1172 1080 1188 1095 ⁶
1236 1063 1417 1143 ὥσπερ
1466 1061 1499 1119 ἃ
1549 1062 1638 1139 βίᾳ
1679 1084 1815 1118 κατ-

82 1228 85 1231 _
165 1151 346 1231 έχεται
392 1159 497 1210 τῶν
539 1155 843 1234 ῥευμάτων,
905 1154 941 1221 ἢ
993 1160 1101 1210 τῶν
1132 1159 1329 1234 φυτῶν,
1362 1154 1435 1210 Τὸ
1465 1150 1520 1207 δὲ
1550 1151 1812 1223 ἑκούσιον,

164 1243 529 1324 μονιμώτερον
576 1266 633 1301 τε
694 1247 785 1301 καὶ
842 1242 1261 1324 ἀσφαλέστερον.
1316 1245 1413 1302 Καὶ
1470 1245 1530 1299 τὸ
1575 1246 1669 1317 μεν
1727 1250 1817 1299 τοῦ

160 1334 507 1411 βιασαμένου,
566 1338 629 1392 τὸ
684 1332 739 1391 δὲ
796 1334 1077 1413 ¹ἡμέτερον·
1134 1335 1225 1391 καὶ
1281 1335 1342 1390 τὸ
1402 1333 1499 1409 μὲν
1528 1334 1815 1396 ὶπιεικείας

164 1430 313 1499 Θεοῦ,
356 1426 420 1481 τὸ
479 1423 533 1481 δὲ
582 1430 901 1505 τοραννικῆς
959 1424 1217 1491 ὶξουσίας.
1270 1424 1470 1484 υύκοῦν
1520 1425 1655 1500 ᾠετο
1704 1422 1816 1479 δεῖν

162 1512 387 1577 ἄκοντας
434 1515 491 1572 εὖ
520 1530 721 1590 ποιεῖν,
755 1513 875 1571 ἀλλ’
909 1515 1126 1577 ἑκόντας
1179 1516 1499 1595 εὒεργετεῖν.
1539 1516 1637 1570 Διὰ
1661 1522 1816 1570 τοῦτο

161 1603 577 1685 παιδαγωγικῶς
634 1627 693 1662 τε
751 1608 844 1662 καὶ
897 1606 1171 1684 ἰατρικῶς,
1235 1607 1298 1661 τὸ
1343 1604 1439 1680 μὲν
1468 1606 1679 1685 ὑφαιρεῖ
1711 1610 1818 1660 uin

164 1696 417 1771 πατρίων,
450 1697 513 1752 τὸ
542 1694 597 1754 δὲ
645 1708 950 1775 συγχωρεῖ,
1007 1697 1198 1773 μικρόν
1234 1717 1285 1751 τι
1313 1700 1420 1751 τῶν
1462 1696 1594 1774 πρὸς
1623 1692 1819 1762 ἢδονὴν

162 1780 388 1848 ἱνδιδούς
418 1802 437 1822 °
495 1785 675 1864 ὥσπερ
719 1786 766 1842 οἱ
827 1786 994 1863 ἰατροὶ
1052 1796 1172 1848 τοῖς
1230 1781 1610 1862 ἀῤῥωστοῦσιν,
1658 1783 1749 1840 ἵνα
1783 1786 1815 1852 ἡ

163 1876 466 1954 φαρμακεία
512 1873 829 1955 παραδεχθῇ
886 1872 971 1930 διὰ
1017 1875 1117 1941 τῆς
1165 1874 1369 1953 τέχνης
1399 1873 1816 1954 φαρματτομένη

162 1978 276 2031 τοῖς
320 1964 737 2046 χρηστοτέροις.
799 1965 872 2023 Ού
913 1965 1016 2043 γὰρ
1063 1964 1232 2042 ῥάστη
1300 1969 1405 2019 τῶν
1458 1966 1515 2019 εν
1572 1962 1675 2020 ἔθει
1730 1974 1819 2026 καὶ
1846 1955 1879 2003 Β

163 2060 238 2129 τῷ
268 2055 388 2127 (44)
419 2060 611 2135 μακρῷ
667 2056 849 2136 χρόνῳ
907 2053 1281 2130 τετιμημένων
1313 2054 1617 2128 μετάθεσις,
1665 2053 1821 2132 Λέγω

164 2142 217 2200 δὲ
248 2146 339 2226 τίς
377 2136 443 2202 ’Π
473 2146 663 2226 πρώτη
724 2146 791 2201 τὰ
834 2143 1036 2202 εἴδωλα
1078 2144 1439 2224 περικόψασα,
1492 2146 1587 2207 τὰς
1642 2144 1819 2207 θυσίας

165 2235 543 2316 συνεχώρησεν
581 2251 595 2266 ⁸
631 2237 666 2304 ἡ
697 2234 912 2315 δευτέρα
965 2237 1061 2299 τὰς
1106 2235 1282 2297 θυσίας
1326 2232 1665 2310 περιελοῦσα,
1723 2235 1821 2302 τὴν

164 2325 458 2403 περιτομὴν
500 2326 599 2383 οῦκ
629 2324 891 2382 εκώλυσεν
928 2341 948 2360 ⁸
980 2324 1106 2381 εἶτα
1152 2325 1227 2387 ὡς
1279 2323 1418 2390 ἅπαξ
1451 2322 1692 2389 ἐδέξαντο
1720 2325 1819 2391 τὴν

167 2414 453 2495 ὑφαίρεσιν,
484 2416 573 2473 καὶ
622 2418 683 2472 τὸ
739 2415 1091 2497 συγχωρηθὲν
1140 2414 1527 2495 συνεχώρησαν
1559 2431 1575 2447 ⁸
1622 2416 1671 2472 οἱ
1723 2415 1821 2491 μέν

173 2505 265 2568 τὰς
293 2506 495 2586 θυσίας,
528 2506 577 2561 οἱ
605 2503 661 2562 δέ
688 2507 788 2575 τὴν
842 2505 1140 2586 περιτομήν
1177 2524 1192 2543 ·
1228 2506 1317 2562 καὶ
1362 2504 1672 2586 γεγόνασιν,
1706 2504 1819 2563 ἀντὶ

179 2592 273 2668 μέν
321 2593 500 2673 ἐθνῶν,
564 2592 812 2654 Ἰουδαῖοι
845 2612 861 2626 ⁶
926 2595 1039 2651 ἀντὶ
1086 2592 1142 2651 δέ
1207 2594 1429 2668 τούτων,
1490 2598 1817 2670 Χριστιανοὶ,

178 2695 298 2747 ταῖς
335 2686 470 2743 κατὰ
530 2685 686 2761 μέρος
743 2684 1055 2762 μεταθέσεσι
1106 2683 1402 2748 κλαπέντες
1431 2683 1517 2740 ἐπὶ
1547 2688 1608 2741 τὸ
1640 2686 1815 2763 Εὐαγ-

178 2771 374 2850 γέλιον.
446 2776 673 2833 Πειθέτω
731 2774 790 2833 σέ
846 2782 1002 2833 τοῦτο
1057 2773 1297 2850 Παῦλος,
1343 2773 1403 2829 ἐκ
1466 2780 1563 2829 τοῦ
1604 2774 1812 2852 περιτέ⁸

176 2884 325 2939 μνειν
350 2864 467 2943 (45)
522 2868 612 2923 καὶ
653 2865 953 2945 ἁγνίζεσθαι
1009 2863 1279 2945 προελθὼν
1350 2862 1436 2921 ἐπὶ
1491 2866 1554 2920 τὸ
1614 2863 1812 2944 λέγειν’

173 2952 315 3032 Ἐγὼ
369 2954 447 3038 δέ,
508 2955 749 3037 ἀδελφοὶ,
827 2958 871 3013 εἰ
939 2956 1238 3034 περιτομὴν
1294 2955 1568 3035 κηρύσσω,
1630 2957 1681 3012 τί
1736 2954 1816 3013 ἔτι

172 3044 472 3125 διώκομαις
530 3038 741 3106 Ἐκεῖνο
796 3052 896 3115 τῆς
964 3048 1300 3125 οἰκονομίας,
1350 3052 1507 3103 τοῦτο
1568 3051 1669 3114 τῆς
1726 3070 1820 3103 τε-

170 3133 467 3205 λειότητος.

1908 611 2317 690 migrationem
2353 614 2426 676 ab
2460 615 2568 675 hac
2600 616 2713 675 vita
2741 615 2813 676 ad
2845 616 3094 677 alteram
3146 616 3305 679 illam
3352 626 3546 680 motus

1903 703 2099 763 omnis
2129 715 2185 766 et
2212 705 2551 785 jactationis
2582 714 2914 785 expertem.
2951 705 3112 767 Idem
3170 726 3345 786 porro
3395 708 3548 769 duo-

1907 790 2015 851 bus
2039 791 2435 856 Testamentis
2466 794 2702 856 accidit.
2738 794 2887 867 Quid
2924 796 3119 858 illud?
3162 794 3291 857 Non
3324 796 3545 879 subito,

1906 885 2106 944 necad
2135 886 2381 965 primam
2408 885 2805 965 aggressionis
2830 886 3251 966 impulsionem
3285 906 3551 948 comnm-

1904 981 2014 1033 tata
2048 984 2206 1037 sunt.
2240 973 2687 1047 Quamobrem?
2717 976 2797 1045 (Id
2834 976 2992 1036 enim
3018 977 3173 1037 scire
3196 996 3396 1058 operte
3419 994 3552 1058 pre-

1904 1063 2049 1125 tium
2085 1067 2223 1141 cst).
2256 1063 2330 1127 Ut
2378 1084 2453 1127 ne
2505 1065 2555 1126 vi
2608 1066 3118 1147 pertraheremur,
3162 1068 3266 1127 sed
3301 1086 3549 1149 persuao

1901 1153 2069 1217 sione
2098 1154 2555 1216 adduceremur.
2593 1156 2760 1228 Quod
2806 1157 2962 1216 enim
3001 1156 3393 1219 voluntarium
3428 1177 3544 1218 non

1901 1253 2011 1319 est,
2034 1263 2107 1305 ne
2124 1245 2468 1306 diuturnum
2490 1246 2727 1326 quidem
2755 1256 2879 1320 est;
2903 1247 3408 1325 quemadmodum
3436 1266 3546 1308 nec

1901 1334 2143 1408 ﬂuenta,
2204 1348 2306 1397 aut
2364 1336 2603 1415 stirpes,
2650 1354 2783 1415 quae
2839 1355 2943 1414 per
3012 1336 3124 1397 vim
3184 1338 3546 1401 retinentur.

1900 1422 2064 1495 Quod
2099 1434 2294 1485 autem
2328 1425 2720 1486 voluntarium
2768 1434 2879 1499 est,
2912 1436 3035 1487 tum
3068 1427 3406 1487 diuturnius
3434 1438 3547 1501 est,

1902 1522 2022 1575 tum
2057 1516 2300 1576 certius.
2333 1521 2525 1597 Atque
2556 1515 2810 1576 alterum
2832 1516 2961 1594 ejus
2989 1524 3102 1595 est,
3124 1516 3227 1596 qui
3254 1517 3366 1577 vim
3398 1517 3553 1577 intu-

1905 1604 1965 1665 lit
1996 1623 2010 1677 ;
2044 1605 2294 1667 alterum
2344 1614 2633 1668 nostrum.
2670 1604 2942 1667 Alterum
3000 1604 3215 1665 divina:
3274 1604 3550 1684 benigni-

1907 1701 2041 1757 tatis
2070 1719 2083 1771 ;
2105 1695 2354 1758 alterum
2384 1695 2704 1776 tyrannicae
2729 1695 3057 1776 potestatis.
3084 1695 3377 1768 Quocirca
3399 1695 3553 1758 Deus

1908 1786 2151 1847 minime
2177 1786 2512 1848 faciendum
2540 1785 2655 1847 sibi
2680 1786 2865 1865 duxit,
2895 1794 2956 1845 ut
2990 1787 3205 1847 invitos
3246 1784 3553 1848 beneﬁciis

1902 1877 2185 1943 afﬁceret.
2215 1877 2317 1939 sed
2345 1885 2406 1938 ut
2432 1876 2507 1937 de
2530 1876 2863 1937 volentibus
2887 1875 3042 1936 bene
3067 1884 3424 1937 mereretur.
3469 1876 3554 1939 Ac

1907 1968 2156 2044 proinde
2172 1966 2474 2047 paedagogi
2492 1966 2805 2046 cujusdam
2828 1972 2887 2025 et
2908 1965 3120 2026 medici
3145 1983 3309 2026 more
3329 1965 3553 2046 patrios

1903 2055 2077 2132 ritus,
2110 2056 2317 2135 partim
2351 2054 2675 2129 subtrahit,
2708 2055 2924 2135 partim
2974 2054 3292 2130 concessit,
3329 2056 3553 2118 nonni-

1904 2145 1987 2206 ltil
2021 2146 2296 2223 videlicet
2328 2163 2533 2206 eorum
2566 2145 2850 2225 voluptati
2884 2143 3227 2222 indulgens,
3265 2144 3551 2225 quemad-

1907 2236 2148 2295 modum
2186 2234 2403 2296 mcdici
2432 2234 2879 2315 aegrotantibus,
2911 2243 2976 2294 ut
3019 2232 3551 2311 medicamentum,

1903 2326 2279 2387 suavioribus
2303 2326 2485 2387 rebus
2513 2334 2640 2387 arte
2671 2332 3065 2403 temperatum
3097 2332 3156 2384 et
3184 2324 3551 2400 edulcatum,

1903 2415 2234 2477 admittant.
2266 2414 2472 2497 Neque
2501 2414 2663 2477 enim
2688 2414 2856 2475 facile
2879 2421 2968 2475 est
2993 2412 3065 2473 ab
3096 2413 3190 2493 iis,
3221 2432 3353 2494 quae
3382 2414 3554 2494 longo

1906 2526 2014 2567 usu
2047 2516 2103 2566 rt
2135 2507 2416 2568 diuturno
2454 2515 2724 2585 tempore
2754 2504 2813 2565 in
2848 2505 3078 2565 honore
3108 2522 3174 2565 ac
3209 2503 3401 2583 pretio
3432 2506 3556 2567 fue-

1902 2606 2062 2671 runt,
2097 2598 2167 2657 ad
2201 2596 2311 2659 alia
2365 2596 2686 2659 transilire.
2718 2594 2871 2673 Ergo
2922 2593 3112 2674 prima
3165 2592 3258 2655 lex
3306 2594 3556 2658 sublatis

1905 2687 2077 2749 idolis
2094 2686 2385 2748 sacriﬁcia
2411 2687 2716 2767 permisit;
2737 2684 2999 2746 secunda
3016 2683 3307 2745 submotis
3322 2685 3553 2748 sacriﬁ-

1902 2778 2011 2839 ciis
2034 2778 2555 2839 circumcisionem
2584 2774 2832 2836 minime
2859 2772 3163 2854 prohibuit
3189 2793 3202 2835 :
3227 2792 3296 2835 ac
3320 2786 3551 2854 postea,

1905 2876 1965 2928 ut
2007 2868 2193 2929 semel
2228 2866 2499 2929 subtrahi
2544 2864 2660 2926 sibi
2690 2864 2916 2945 aliquid
2962 2881 3131 2944 aequo
3162 2864 3359 2924 animo
3393 2866 3551 2927 tule—

1907 2966 2047 3019 runt
2071 2958 2367 3031 homines,
2393 2955 2576 3018 rebus
2601 2954 2778 3017 etiam
2804 2953 2917 3015 sibi
2948 2953 3272 3027 concessis,
3304 2954 3416 3016 hoc
3438 2965 3550 3032 est,

1907 3049 1989 3109 illi
2050 3048 2389 3127 sacriﬁciis,
2442 3046 2499 3107 hi
2557 3044 3043 3118 circumcisione,
3107 3042 3551 3123 abstinuerunt,

1904 3149 2105 3220 atque,
2141 3148 2202 3198 ut
2240 3157 2310 3199 ex
2341 3136 2598 3199 ethnicis
2650 3134 2862 3208 Judaei,
2897 3135 2977 3195 ita
3008 3152 3076 3194 ex
3126 3132 3350 3196 Iudaeis
3379 3133 3554 3196 Chri-

171 3228 337 3293 stiani
358 3230 498 3293 facti
532 3239 694 3306 sunt,
728 3248 836 3312 per
866 3228 1228 3293 mutationes
1256 3230 1425 3311 quasi
1454 3230 1656 3293 furtim
1685 3233 1757 3297 ad
1789 3235 2178 3314 Evangeliqu
2204 3233 2496 3315 perducti.
2530 3229 2722 3311 Hujus
2755 3229 2841 3291 rei
2873 3228 2980 3289 tibi
3001 3229 3371 3293 ﬁdemfaciat
3399 3229 3555 3291 Pau-

168 3320 277 3397 lus,
310 3320 413 3403 qui
434 3339 508 3383 ex
531 3339 603 3383 eo
633 3319 796 3398 quod
826 3318 1297 3383 circumcidebat
1324 3318 1401 3401 ιθ,
1433 3337 1502 3384 ac
1552 3322 1980 3403 puriﬁcabatur
2007 3322 2063 3367 ⁵ο
2094 3343 2163 3385 eo
2196 3324 2433 3385 tandem
2468 3338 2815 3403 progressus
2866 3333 2977 3397 est,
3011 3329 3075 3380 ut
3122 3318 3351 3385 diceret
3378 3340 3391 3382 :
3425 3319 3557 3398 Ego

168 3419 387 3485 autem,
418 3414 672 3491 fratres,
700 3411 757 3473 si
786 3410 1313 3473 circumcisionem
1325 3410 1617 3492 prtedico,
1645 3414 1799 3494 quid
1821 3413 2020 3477 adhuc
2046 3415 2523 3496 persecutionem
2552 3416 2756 3492 patior
2785 3407 2882 3468 5‘?
2915 3407 3063 3469 Illud
3097 3407 3559 3490 dispensationis

168 3508 310 3580 erat;
337 3502 453 3564 hoc
482 3500 894 3582 perfectionis.

245 3587 374 3672 κς·’
401 3598 588 3672 Τούτῳ
643 3600 703 3653 τὸ
757 3601 858 3663 της
911 3594 1187 3675 θεολογίας
1217 3596 1443 3668 εἰκάζειν
1490 3596 1627 3679 ἔχω,
1674 3599 1817 3668 πλὴν

1984 3599 2168 3663 XXVI
2224 3599 2375 3661 Huic
2409 3596 2681 3677 exemplo
2712 3595 3037 3657 divinitatis
3068 3594 3345 3657 doctrina
3378 3614 3555 3657 com-

166 3685 287 3744 ὅσον
310 3687 371 3745 ἐκ
397 3694 511 3745 τῶν
550 3687 822 3750 ἑναντίων.
880 3685 1035 3744 Ἐκεῖ
1091 3686 1189 3762 μέν
1246 3687 1349 3765 γὰρ
1380 3689 1442 3743 εκ
1467 3691 1575 3745 τῶν
1602 3691 1821 3770 ὑφαιρέ-

167 3798 299 3833 σεων
342 3780 377 3848 ἡ
407 3778 694 3853 μετάθεσις
726 3792 743 3811 ⁶
791 3775 1012 3834 ἐνταῦθα
1063 3773 1119 3832 δέ
1177 3776 1261 3832 διὰ
1295 3782 1398 3833 τῶι
1431 3783 1755 3858 προσοηκῶν
1786 3782 1820 3849 ἡ

164 3865 456 3933 τελείωσις.
525 3858 700 3948 ’Ἔχει
758 3868 860 3947 γὰρ
917 3867 1087 3931 οὕτως
1127 3884 1141 3898 ·
1190 3866 1450 3947 ἐκήρυσσε
1491 3875 1737 3950 φανερῶς
1788 3873 1823 3940 η

168 3957 371 4015 Παλαιὰ
408 3960 505 4016 τὸν
570 3959 802 4038 Πατέρα,
852 3958 945 4015 τὸν
1004 3958 1124 4013 Υίὸν
1171 3954 1548 4037 ἀμυδρότερον,
1602 3958 1825 4041 Ἐφανέο

170 4069 330 4127 ρωσεν
358 4051 394 4117 ἡ
423 4048 597 4116 Καινὴ
626 4049 718 4104 τὸν
750 4049 897 4121 Υἶὸν,
949 4044 1186 4113 ὑπέδειξε
1244 4054 1337 4103 τοῦ
1387 4049 1693 4124 Πνεύματος
1724 4050 1825 4118 τὴν

168 4140 416 4204 θεότητα.
460 4136 914 4215 Ἐμπολιτεύεταε
962 4143 1051 4193 νῦν
1099 4139 1163 4194 τὸ
1207 4143 1448 4218 Πνεῦμα,
1495 4140 1823 4220 σαφεστέραν

166 4231 299 4306 ἡμῖν
340 4228 585 4309 παρέχον
616 4228 716 4295 τὴν
767 4229 956 4288 ἑαυτοῦ
1004 4225 1261 4297 δήλωσιν,
1296 4232 1369 4287 0-3
1411 4230 1513 4308 γὰρ
1540 4229 1609 4296 ἦν
1638 4229 1822 4309 ἀσφα-

166 4315 277 4399 λές,
308 4320 479 4394 μήπω
508 4321 610 4384 τῆς
667 4318 761 4374 τοῦ
815 4316 1023 4395 Πατρὸς
1067 4318 1318 4383 θεότητος
1367 4314 1823 4395 ὁμολογηθείσης,

164 4411 254 4465 τόν
284 4411 401 4467 Υἱὸν
447 4407 690 4479 ἑκδήΑως
744 4408 1098 4486 κηρύττεσθαι
1135 4421 1150 4436 ’
1214 4404 1352 4483 μηδέ
1397 4411 1497 4473 τῆς
1554 4409 1649 4465 τοῦ
1707 4410 1827 4465 ι’ἱοῦ

166 4496 617 4581 παραδεχθείσης,
649 4499 710 4554 τὸ
740 4496 959 4573 Πνεῦμα
1008 4497 1070 4553 τὸ
1123 4496 1303 4577 ἅγιον,
1351 4495 1426 4552 ’ἕν’
1470 4495 1616 4555 εἴπω
1656 4520 1709 4554 τι
1740 4500 1827 4555 καὶ

166 4586 583 4671 τολμηρότερον,
638 4586 1113 4668 ἐπιφορτίζεσθαι·
1187 4586 1265 4661 μὴ
1336 4586 1574 4665 καθάπερ
1627 4595 1824 4671 τροφῇ,

165 4679 232 4755 τῇ
261 4678 385 4758 δπέρ
431 4677 679 4754 δύναμιν,
724 4676 1047 4756 βαρηθέντες
1105 4674 1257 4756 (46),
1290 4678 1379 4734 καὶ
1430 4676 1643 4751 ηλιακῷ
1698 4678 1831 4759 φωτὶ

168 4771 477 4849 σαθροτέραν
508 4769 589 4826 ἔτι
618 4764 1013 4849 προσϐαλόντες
1040 4766 1167 4847 (47)
1196 4766 1298 4835 τὴν
1338 4766 1486 4843 ὄψιν,
1545 4769 1634 4825 καὶ
1664 4769 1738 4831 εἰς
1770 4770 1830 4826 τὸ

1906 3692 2094 3772 parari
2121 3700 2335 3771 potest,
2363 3688 2474 3749 nisi
2492 3687 2652 3768 quod
2683 3686 2985 3749 contrario
3012 3684 3188 3745 modo
3210 3704 3307 3748 res
3335 3704 3553 3766 proce-

1906 3782 2010 3842 dit.
2035 3780 2165 3842 Illic
2197 3780 2355 3842 enim
2390 3798 2459 3840 ex
2490 3776 2901 3839 subtractioue
2933 3776 3179 3836 mutatio
3204 3776 3387 3836 ﬁebat
3416 3798 3428 3835 :
3459 3777 3556 3839 hic

1906 3882 2103 3933 autem
2137 3890 2207 3932 ex
2238 3869 2586 3931 accessione
2614 3872 2792 3948 atque
2839 3866 3215 3928 incremento
3241 3866 3315 3926 ad
3351 3868 3555 3946 perle-

1908 3962 2170 4024 ctionem
2204 3968 2440 4023 ventum
2466 3966 2572 4020 est.
2601 3955 2700 4020 Sic
2721 3956 2881 4017 enim
2905 3974 2972 4018 se
3000 3974 3099 4017 res
3123 3954 3302 4017 habet
3326 3976 3339 4019 :
3372 3953 3556 4018 Vetus

1908 4051 2358 4114 Testamentum
2392 4052 2622 4109 Patrem
2675 4054 2878 4126 aperto
2928 4044 3309 4127 praedicabat,
3342 4044 3555 4107 Filiu'n

1907 4139 2242 4202 obscurius.
2276 4137 2500 4199 Novum
2532 4145 2729 4199 autem
2762 4134 2936 4197 nobis
2986 4133 3202 4196 Filium
3237 4135 3559 4216 perspicue

1907 4231 2189 4304 ostendit,
2220 4239 2278 4291 et
2310 4226 2563 4309 Spiritus
2594 4225 2965 4288 divinitatem
3005 4226 3377 4287 subobscure
3406 4244 3559 4308 quo-

1910 4324 2045 4383 dam
2057 4320 2230 4382 modo
2252 4318 2546 4381 indicavit.
2579 4316 2749 4378 Nunc
2767 4334 2905 4377 vero
2922 4314 3321 4396 Spiritusipse
3348 4315 3557 4377 nobis-

1910 4432 2042 4474 cum
2083 4424 2374 4481 vt‘rsatuv',
2400 4408 2542 4468 575
2567 4424 2818 4489 seseque
2850 4404 3025 4467 nobis
3049 4406 3315 4486 apertius
3345 4405 3557 4468 decla-

1910 4512 2021 4564 rat.
2047 4503 2255 4581 Neque
2276 4498 2435 4561 enim
2467 4506 2655 4559 tutum
2682 4507 2832 4571 erat,
2857 4494 3049 4556 Patris
3073 4494 3384 4557 divinitate
3412 4514 3559 4557 non-

1914 4593 2053 4655 dum
2081 4590 2376 4671 confessa,
2395 4587 2613 4652 Filium
2645 4596 2852 4667 aperte
2884 4584 3193 4667 praadicari
3223 4603 3236 4648 :
3266 4603 3403 4659 nec,
3426 4584 3559 4649 Filii

1912 4682 2215 4747 divinitate
2272 4679 2537 4741 nondum
2595 4677 2878 4753 admissa,
2924 4674 3204 4755 Spiritum
3259 4686 3558 4752 sanctum,

1912 4773 2073 4836 velut
2101 4772 2436 4850 graviorem
2496 4768 2839 4851 quamdam,
2872 4767 2935 4829 si
2974 4766 3055 4828 ita
3107 4766 3267 4847 loqui
3301 4766 3389 4829 fas
3446 4777 3560 4850 est,

168 4860 301 4920 κατᾶ
357 4858 587 4938 δύναμιν
642 4856 1047 4917 κινδυνεύσωσιν
1079 4876 1093 4889 ·
1150 4869 1280 4921 ταῖς
1360 4854 1414 4913 δέ
1473 4858 1611 4914 κατᾶ
1666 4856 1820 4939 μέρος

1912 4863 2208 4928 sarcinam
2231 4860 2406 4923 nobis
2430 4857 2625 4938 ingeti
2650 4876 2665 4922 :
2688 4876 2763 4921 ne
2783 4858 3031 4938 alioqui,
3057 4859 3217 4920 velut
3242 4856 3393 4918 cibis
3411 4857 3561 4919 ultra

171 4953 518 5027 προσθήκαις,
550 4949 666 5026 καὶ,
725 4950 799 5012 ὡς
843 4947 970 5005 εἷπε
1034 4944 1216 5021 Δαϐὶδ,
1259 4945 1570 5019 ἆναῖὶσεσι,
1624 4948 1712 5004 καὶ
1767 4946 1829 5004 ἐκ

172 5036 319 5109 δόξης
350 5044 422 5107 είς
454 5039 609 5107 δόξαν
639 5036 887 5120 προόδοις
936 5038 1026 5096 καὶ
1070 5049 1404 5119 προκοπαϊς,
1437 5038 1500 5094 τὸ
1528 5040 1629 5107 τῆς
1660 5038 1825 5118 Τριά-

1910 4956 2064 5018 vires
2091 4950 2345 5033 graVati,
2377 4969 2445 5012 ac
2473 4947 2619 5011 solis
2648 4947 2833 5011 radiis
2876 4947 3123 5009 hebetes
3153 4947 3361 5009 oculos
3402 4947 3562 5026 adji-

1908 5046 2161 5119 cientes,
2177 5042 2249 5105 iis
2269 5057 2531 5123 quoque,
2557 5038 2775 5123 quibus
2794 5038 3026 5122 praediti
3048 5054 3310 5114 eramus,
3330 5036 3561 5099 viribus

251 5177 304 5224 ⁸⁸
329 5181 511 5246 Hebr.
543 5198 652 5264 xu,
677 5179 779 5245 26.
868 5177 924 5223 ⁸ο
952 5179 1082 5242 Act.
1116 5195 1240 5261 XVI,
1268 5177 1332 5243 3.
1415 5177 1473 5223 ⁸0
1499 5179 1629 5243 Act.
1661 5198 1781 5259 ut,
1824 5182 1924 5247 26.
2011 5181 2062 5225 5‘
2096 5179 2224 5245 Gal.
2259 5193 2313 5253 ν,
2358 5180 2450 5241 tl.

178 5302 249 5367 18
278 5311 334 5387 et
360 5306 563 5387 seqq.)
586 5322 604 5381 ;
625 5300 1371 5387 Asecundus,cum,_Christo
1405 5300 1827 5387 mo_rie_nte,lex

176 5384 377 5463 gratim
405 5382 590 5448 cessit
608 5382 850 5466 (Matth.
876 5399 1058 5466 xxvii,
1075 5384 1144 5445 5t
1156 5388 1197 5460 κ
1228 5382 1458 5466 tertius
1473 5383 1736 5465 denique
1767 5392 1827 5447 et

178 5472 506 5547 postremus
537 5466 598 5527 in
624 5463 743 5527 ﬁne
765 5463 969 5547 mundi
1000 5463 1231 5525 futurus
1273 5470 1391 5545 est,
1424 5463 1501 5526 de
1532 5463 1826 5547 qqupo-

184 5545 363 5628 stolus
396 5546 609 5628 (Hebr.
630 5562 743 5628 git,
776 5546 904 5628 (ἐϋ).

287 5626 380 5701 42)
406 5624 589 5695 Μηδέ,
624 5624 753 5689 Duo
784 5625 994 5701 Regg.,
1028 5626 1191 5701 μήτε.

287 5626 357 5689 42
406 5624 589 5695 ’Μηδὲ
624 5624 753 5689 Duo
784 5625 869 5689 Re
952 5673 994 5700 .,
1028 5626 1191 5701 μήτε.

262 5624 382 5787 ξωζ
437 5708 676 5768 "tivum.
709 5704 858 5772 Tres
873 5644 1099 5788 ἕξει,
1122 5713 1378 5788 quatuor
1397 5706 1828 5785 Colb.et0r.1,

1906 5307 2111 5363 ἕνεκεν.

1988 5388 2111 5467 (44)
2168 5395 2273 5459 τῳ.
2310 5382 2489 5467 Deest
2519 5382 2580 5467 in
2612 5382 2800 5467 tribus
2833 5382 3019 5459 Regg.
3055 5386 3113 5467 e_t
3137 5376 3240 5441 Or.
3286 5386 3334 5441 t.

2146 5466 2506 5545 Περιτέμνειν.
2542 5461 2779 5537 Comb.,
2817 5460 3152 5545 περιτεμεῖν.

1998 5548 2116 5626 (46)
2146 5542 2492 5626 Βιρηθένῖες.
2526 5545 2793 5626 litesch.,
2829 5542 3189 5626 βαρυνθέντες.

1993 5616 2108 5703 (4Ἱὶ
2164 5616 2585 5703 Προτδκλόντες.
2645 5616 2843 5697 OLV],
2901 5616 3283 5701 προϐαλόντες,
3328 5621 3388 5683 1η
3421 5622 3556 5702 qui-

1917 5710 2186 5788 busdam,
2213 5705 2659 5787 προσϐάλλοντες.
