4126 6438
301 468 377 531 77

903 471 1187 534 ORATIO
1233 472 1481 536 XXXII.
1531 506 1606 516 —
1653 473 1748 535 DE
1793 468 2347 537 MODERATIONE
2392 474 2475 538 IN
2520 470 3030 540 DISPUTANDO.
3071 561 3076 564 _

3543 474 3656 540 1⁸18

260 608 469 680 ἀμαθίᾳ,
518 610 625 675 καὶ,
681 617 758 681 τῷ
784 611 979 675 ταύτης
1006 608 1209 686 ἐκγόνῳ
1263 615 1437 682 κακῷ,
1512 609 1717 688 θράσει⁵
1783 610 1914 687 θρά-

2008 608 2232 672 virtutis
2265 628 2479 671 munus
2512 608 2756 690 exsequi
2785 610 3001 690 potest)
3029 631 3045 686 ;
3078 611 3183 673 sed
3215 631 3350 693 qua
3379 632 3512 675 cum
3546 633 3655 695 ge-

260 719 343 760 σος
402 699 502 776 γὰρ
544 697 671 772 (20)
722 698 947 774 ἀμαθίας
980 696 1227 777 ἔκγονον,
1261 699 1321 755 Αἱ
1389 699 1486 774 μὲν
1517 699 1618 778 γὰρ
1649 699 1914 775 ἀσθενεῖς,

260 788 343 844 καὶ
386 788 519 865 πρὸς
562 786 759 867 ἀρετὴν
803 788 893 845 καὶ
934 788 1068 867 πρὸς
1099 787 1291 845 κακίαν
1321 789 1522 864 δμοίως
1567 791 1756 856 νωθετς
1787 787 1921 868 (21)

264 878 345 933 καὶ
402 874 725 951 δυσκίνητοι,
787 879 876 934 καὶ
930 875 1043 937 οὐδ’
1085 877 1308 957 ἑτέρωσε
1340 877 1485 957 μέγα
1514 876 1777 960 νεύουσαι,
1826 881 1923 936 οἷα

263 968 325 1023 τὰ
379 974 487 1024 τῶν
545 973 859 1048 ναρκώντων
908 969 1202 1045 κινήματα.
1264 970 1327 1026 Αἰ
1364 981 1607 1047 γενναῖαι
1640 967 1720 1045 δὲ,
1754 967 1917 1047 λόγου

264 1057 355 1130 μὲν
415 1057 575 1123 αὐτὰς
662 1055 1129 1137 παιδαγωγοῦντος
1188 1059 1276 1115 καὶ
1357 1056 1732 1140 διευθύνοντος,
1775 1058 1917 1138 μέγα

262 1169 308 1202 τι
354 1152 550 1229 χρῆμα
604 1149 739 1227 πρὸς
794 1147 1011 1227 ἀρετήν’
1073 1146 1458 1216 ἐπιλειπούσης
1520 1146 1576 1205 δὲ
1605 1152 1915 1223 επιστημης

263 1239 343 1295 καὶ
402 1236 586 1316 λόγου,
646 1238 707 1295 τὸ
761 1237 882 1296 ἴσον
909 1238 984 1303 εἷς
1032 1237 1221 1296 κακίαν
1253 1239 1603 1318 εὑρίσκονται.
1637 1237 1790 1298 Ἐπεὶ
1828 1240 1918 1297 καὶ

2001 700 2329 761 nerositate
2350 698 2841 781 imprudentiam,
2866 707 2924 761 et
2946 699 3371 779 inscitiam,et,
3397 705 3498 784 qui
3523 724 3656 766 ma-

2001 788 2093 849 lus
2125 788 2309 871 ipsius
2360 789 2513 850 fetus
2545 798 2660 861 est,
2695 790 3096 852 temeritatem
3131 793 3506 872 conjunctam
3541 795 3655 856 ha-

2002 877 2176 939 beant
2199 900 2215 955 ;
2237 879 2535 961 siquidem
2563 878 2817 941 inscitiae
2835 878 3013 954 fetus,
3031 888 3124 942 est
3145 881 3656 946 temeritas.lnﬁr-

2003 969 2080 1028 mi
2101 970 2260 1031 enim
2287 978 2344 1031 et
2365 967 2698 1031 imbecilles
2712 969 3047 1043 animi,tam
3064 971 3137 1032 ad
3160 972 3463 1047 virtutem,
3479 992 3656 1054 quam

2000 1057 2071 1119 ad
2103 1058 2299 1120 vitium
2326 1077 2541 1138 segnes
2573 1066 2631 1121 et
2651 1059 2806 1121 tardi
2830 1069 3196 1142 sunt,neque
3224 1061 3283 1122 in
3307 1061 3653 1125 alterutram

2002 1156 2230 1227 partem
2268 1167 2627 1230 magnopere
2660 1149 3025 1213 inclinantur
3048 1169 3061 1213 :
3085 1170 3202 1213 non
3229 1170 3403 1214 secus
3428 1153 3660 1216 scilicet

2000 1247 2179 1318 atque
2214 1238 2523 1300 hominum
2559 1247 2801 1318 torpore
2832 1239 3230 1302 laborantium
3266 1241 3555 1304 incessus.
3584 1246 3659 1307 Αι

262 1329 430 1385 ’ίππον
485 1326 736 1403 θυμοειδῆ
768 1327 866 1404 μὲν
914 1331 1054 1386 εἶναι
1104 1328 1217 1409 χρὴ
1247 1329 1336 1385 καὶ
1364 1342 1632 1407 γενναῖον,
1659 1328 1754 1386 τὸν
1783 1328 1912 1387 ἰσό-

2008 1328 2184 1390 l'ortes
2198 1336 2267 1407 ‘et
2292 1328 3101 1409 generosi,quemadmodum
3119 1332 3169 1392 si
3188 1331 3416 1393 ratione
3433 1333 3655 1407 guber-

265 1439 421 1492 μενον
492 1417 802 1497 νικηφόρον,
837 1415 950 1476 εἴτε
981 1416 1400 1497 πολεμιστήριον
1434 1417 1578 1489 (ΞΞ),
1610 1418 1723 1475 εἴτε
1744 1417 1914 1495 ἁμιλ-

262 1506 537 1586 λητήριον’
599 1506 692 1575 εἴη
744 1506 793 1564 δ’
849 1506 912 1563 ἄν
970 1511 997 1565 ὁ
1028 1508 1183 1572 αδτὸς
1229 1505 1376 1567 οὗδὲν
1409 1510 1540 1581 ('23)
1584 1509 1803 1590 ἀγαθοῦ,
1837 1508 1915 1584 μὴ

265 1597 469 1679 χαλινῷ
524 1596 844 1679 παιδευθεὶς,
916 1599 1003 1655 καὶ
1058 1599 1322 1679 γυμνασίᾳ
1382 1597 1784 1678 φιλοπονωτέρᾳ
1815 1621 1918 1675 μα-

263 1691 361 1748 θὼν
382 1688 719 1764 ἡμερότητα.

2006 1427 2222 1479 nentur
2257 1426 2313 1479 et
2339 1430 2751 1494 coerceantur,
2784 1437 3063 1499 magnum
3095 1421 3164 1481 ad
3199 1421 3473 1482 virtutem
3505 1441 3655 1502 pon-

2003 1509 2114 1569 dus
2137 1508 2429 1579 aderunt;
2460 1510 2562 1584 ita,
2584 1507 2633 1568 si
2663 1526 2698 1568 a
2730 1509 2981 1570 scientia
3012 1518 3070 1571 et
3099 1512 3332 1572 ratione
3361 1511 3653 1572 deseran-

2004 1608 2141 1670 tur;‘
2166 1617 2282 1659 non
2316 1597 2514 1659 minus
2548 1597 2837 1660 momenti
2866 1600 2935 1661 ad
2969 1599 3172 1662 vitium
3201 1600 3457 1661 habituri
3492 1610 3657 1669 sunt.

2002 1689 2102 1751 Sic
2129 1687 2414 1749 nimirum
2441 1706 2656 1769 equum
2679 1688 2836 1750 acris
2858 1707 2989 1751 esse
3005 1708 3074 1752 ac
3104 1708 3413 1770 generosae
3435 1700 3659 1754 natura

266 1800 510 1845 necesse
541 1788 653 1857 est,
678 1781 780 1865 qui
810 1780 1079 1864 quidem,
1112 1780 1237 1845 sive
1266 1782 1325 1845 in
1348 1780 1524 1845 bellis
1554 1789 1733 1863 atque
1766 1781 1919 1864 acie,
1944 1782 2066 1844 sive
2099 1781 2158 1842 in
2191 1781 2420 1844 ludicro
2453 1800 2631 1843 cursu
2664 1789 2724 1843 et
2749 1782 3081 1845 certamine
3113 1785 3296 1845 victor
3330 1785 3405 1845 sit
3434 1785 3661 1847 disces-

266 1890 440 1935 surus
472 1890 488 1932 :
522 1878 582 1933 at
609 1870 769 1934 idem
804 1880 1001 1934 tamen
1035 1872 1265 1935 nullum
1300 1890 1561 1954 unquam
1596 1872 1899 1951 egregium
1933 1872 2025 1935 sui
2059 1890 2227 1933 usum
2265 1871 2606 1952 praebuerit,
2660 1871 2775 1934 nisi
2823 1872 2991 1935 freno
3055 1874 3345 1955 eruditus,
3380 1882 3439 1935 et
3470 1893 3657 1937 accu-

266 1961 468 2025 ratiori
498 1961 928 2025 exercitatione
950 1962 1212 2025 domitus
1242 1968 1301 2024 et
1331 1962 1632 2026 cicuratus
1661 1961 1862 2026 fuerit.

349 2056 410 2115 A'
423 2105 438 2121 .
478 2057 574 2116 Καὶ
600 2057 755 2116 τοῦτό
775 2056 939 2129 ἐστιν,
976 2060 1049 2125 ὡς
1080 2056 1167 2116 ἰπὶ
1204 2059 1267 2115 τὸ
1293 2057 1577 2126 πλεῖστον,
1610 2056 1640 2115 8
1667 2057 1918 2118 διέσπασε

2089 2055 2186 2119 1V.
2219 2058 2414 2138 Atque
2447 2056 2583 2128 hoc,
2609 2064 2671 2117 ut
2704 2056 3025 2136 plurimum
3061 2067 3172 2137 est,
3199 2059 3356 2139 quod
3390 2058 3660 2123 membra

272 2146 433 2229 μέκη,
505 2145 780 2215 διέστησεν
837 2145 1119 2229 ἀδελφοός,
1167 2146 1352 2212 πόλεις
1414 2146 1652 2230 ἐτάραξε,
1716 2146 1918 2225 δήμους

270 2238 538 2315 ἐξὲμηνεν,
603 2238 837 2297 ὣπλισεν
868 2239 1018 2313 ὲθνη,
1049 2237 1296 2316 βασιλεῖς
1329 2237 1717 2321 ὲπανὲστησεν,
1752 2241 1916 2320 ἱερεῖς

273 2327 384 2403 λαῷ
460 2329 546 2385 καὶ
576 2327 858 2403 ἀλλήλοις,
911 2326 1041 2385 λαὸν
1097 2329 1270 2403 ἑαυτῷ
1327 2329 1415 2385 καὶ
1471 2331 1685 2407 ἱερεῦσι,
1738 2332 1920 2408 γονεῖς

273 2417 498 2492 τέκνοις,
557 2418 716 2474 τέκνα
800 2419 1060 2494 γονεῦσιν,
1122 2416 1310 2496 ἄνδρας
1368 2417 1590 2496 γυναιξὶ,
1662 2432 1920 2497 γυναῖκας

277 2506 504 2587 ἀνδράσι.
564 2508 744 2567 Πάντα
808 2509 873 2564 τά
899 2512 996 2575 τῆς
1028 2507 1229 2572 εὖνοίας
1276 2509 1537 2584 ὀνόματα,
1590 2507 1805 2574 δούλους
1833 2510 1923 2565 καὶ

280 2594 531 2664 δεσπότας
604 2596 872 2669 ἀλλήλους
929 2596 1072 2673 (24),
1133 2596 1399 2670 ἀλλήλους
1457 2597 1803 2663 διδασκάλους
1833 2600 1921 2655 καὶ

284 2689 543 2761 μαθητὰς,
603 2686 891 2767 πρεσϐύτας
936 2689 1023 2745 καὶ
1096 2688 1268 2763 νὲους,
1330 2689 1538 2746 καὶτὸν
1596 2688 1692 2756 τῆς
1748 2685 1921 2752 αἰδοῦς

284 2776 541 2852 ἀτιμάσαν
622 2779 805 2860 νόμον,
876 2779 969 2836 τοῦ
1002 2778 1256 2857 μεγίστου
1325 2779 1457 2857 πρὸς
1487 2777 1681 2857 ἀρετὴν
1710 2778 1922 2855 βοηθή-

283 2889 469 2943 ματος,
544 2870 633 2925 τὸν
681 2872 777 2939 τῆς
834 2867 1107 2933 αὐθαδείας
1165 2868 1490 2946 εἰσήνεγκεν·
1552 2869 1641 2924 καὶ
1690 2866 1923 2946 γεγόνα-

277 2978 372 3033 μεν
444 2959 504 3017 οὖ
531 2957 697 3040 φυλὴ,
729 2960 819 3016 καὶ
846 2956 983 3038 φυλὴ
1008 2956 1123 3015 καθ’
1150 2957 1365 3030 ἑαυτὴν,
1396 2956 1426 3013 ’ὃ
1458 2955 1620 3015 πάλαι
1652 2959 1680 3014 ὁ
1707 2956 1924 3036 Ἰσραὴλ

276 3046 591 3122 ὠνειδίζετοο
653 3046 771 3106 οὔεί
829 3046 1048 3129 Ἰσραὴλ
1106 3050 1194 3105 καὶ
1226 3045 1447 3122 Ἰούδας,
1481 3049 1549 3104 τὰ
1574 3045 1662 3105 δύο
1691 3049 1779 3105 καὶ
1807 3048 1923 3113 ἑνὸς

274 3136 450 3205 ἔθνους
506 3140 594 3196 καὶ
625 3146 814 3218 μικροῦ
868 3139 1052 3195 τούτου
1112 3138 1393 3214 τμήματα,
1453 3135 1572 3195 κατ’
1659 3137 1841 3203 οἴκους
1870 3134 1925 3194 δὲ

274 3231 359 3287 καὶ
416 3229 662 3308 συζυγίας
721 3228 815 3291 τὰς
862 3228 1176 3307 ἀναγκαίας,
1238 3228 1325 3284 καὶ
1382 3228 1506 3286 οἷον
1556 3229 1688 3307 πρὸς
1739 3230 1926 3286 ἑαυτὸν

273 3319 521 3395 ἕκαστος,
576 3319 950 3399 ἒμερίσθημεν,
1009 3320 1044 3387 ἡ
1100 3315 1383 3393 οἰκουμένη
1435 3324 1602 3389 πᾶσα,
1641 3319 1727 3374 καὶ
1772 3317 1925 3398 γένος

270 3409 407 3467 ἅπαν
470 3382 789 3489 ἀνθρίόπων,
813 3382 973 3466 Ἶὸσόν
1112 3382 1256 3473 θεῖος
1286 3382 1446 3486 λόγος
1479 3382 1800 3488 ἐπέδραμεν⁵
1840 3382 1987 3465 καὶο

273 3498 486 3577 γέγονεν
521 3499 775 3580 ἀναρχία,
834 3501 870 3567 ἦ
923 3496 1250 3577 πολυαρχία,
1299 3499 1389 3553 καὶ
1444 3495 1814 3576 διεσκορπίσθη
1863 3499 1930 3553 τὰ

271 3592 400 3648 ὁστᾶ
442 3593 603 3667 ἡμῶν
660 3591 805 3669 παρά
862 3590 953 3646 τὸν
1010 3586 1162 3661 ᾅδην
1228 3589 1311 3644 καὶ
1342 3587 1510 3667 ἐχρῆν
1561 3586 1710 3669 (25),
1743 3587 1928 3656 ἐπειδὴ

268 3687 373 3752 τῶν
422 3683 581 3747 εκτὸς
638 3666 845 3762 ἐχθρῶν
917 3677 1285 3757 ἐκρατήσαμεν
1330 3675 1469 3755 (26),
1528 3666 1620 3735 ὑπ’
1663 3666 1929 3748 ἀλλήλων

266 3772 412 3846 ἡμᾶς
483 3769 869 3849 καταλυθῆναι,
930 3769 1041 3848 καὶ,
1101 3768 1338 3846 καθάπερ
1394 3768 1518 3833 τοὺς
1549 3769 1930 3843 μαινομένους,

265 3866 372 3917 τῶν
427 3859 577 3917 ἰδίων
659 3866 868 3933 σαρκῶν
943 3857 1304 3939 ἁπτομένους,
1366 3854 1503 3933 μηδὲ
1570 3857 1925 3934 αίσθάνεσθαι,

265 3948 406 4008 ἀλλᾶ
474 3951 570 4007 καὶ
598 3949 719 4025 (27)
752 3951 960 4030 χαὶρειν
986 3952 1063 4021 τῷ
1094 3954 1245 4023 κακῷ
1273 3946 1459 4029 πλέον,
1504 3947 1543 4015 ἦ
1573 3949 1930 4027 εἰρηνεύοντες

267 4039 458 4122 ἕτεροι,
539 4043 630 4099 καὶ
711 4038 894 4119 κέρδος
953 4043 1219 4097 ποιεῖσθαι
1306 4039 1407 4107 τὴν
1461 4039 1758 4119 συμφορὰν,
1842 4042 1931 4098 καὶ

265 4131 519 4211 ἡγεῖσθαι
578 4129 822 4207 λατρείαν
879 4129 1135 4211 ιίσφὲρειν
1184 4132 1261 4204 τῷ
1292 4134 1408 4204 Θεῴ
1436 4126 1559 4203 (ἳὸ)
1613 4129 1712 4196 τὴν
1754 4129 1930 4186 κατά-

269 4219 441 4303 λυσιν,
494 4222 589 4279 καὶ
673 4219 1020 4300 διαιρεθῆναι,
1095 4220 1183 4276 καὶ
1237 4220 1637 4297 ὶμπρησθῆναι,
1700 4218 1761 4274 οὗ
1832 4220 1929 4289 τὴν

2007 2146 2286 2208 laceravit
2332 2153 2392 2208 et
2432 2145 2725 2226 distraxit,
2759 2146 2971 2209 fratres
3000 2147 3261 2227 divulsit,
3291 2147 3473 2210 urbes
3520 2168 3660 2227 per-

2008 2235 2547 2315 turbavit,popuios
2568 2235 2625 2297 in
2648 2235 2908 2298 furorem
2932 2237 3269 2317 prascipites
3291 2238 3428 2316 egit,
3450 2248 3661 2316 gentes

2006 2326 2278 2398 armavit,
2314 2344 2487 2405 reges
2518 2325 2578 2387 in
2616 2334 2887 2388 mutuum
2921 2327 3166 2389 exitium
3193 2328 3528 2392 concitavit.
3557 2347 3659 2391 sa-

2008 2416 2284 2478 cerdotes
2310 2435 2443 2477 cum
2472 2414 2671 2495 plebe,
2699 2423 2756 2477 et
2779 2434 2983 2477 stlcum
3010 2418 3187 2479 etiam
3211 2418 3392 2497 ipsos,
3421 2418 3659 2499 plebem

2008 2524 2213 2567 rursus
2250 2525 2363 2567 nou
2399 2506 2595 2567 minus
2618 2505 2808 2585 ipsam
2842 2525 3072 2582 secum,
3101 2526 3271 2589 quam
3296 2528 3429 2571 cum
3454 2527 3661 2571 sacer-

2008 2596 2248 2658 dotibus
2306 2596 2623 2667 commisit,
2665 2603 2940 2675 parentes
2990 2616 3125 2659 cum
3177 2597 3404 2672 liberis,
3439 2598 3663 2661 liberos

2007 2705 2141 2749 cum
2176 2685 2550 2766 parentibus,
2581 2686 2741 2747 viros
2772 2705 2906 2748 cum
2939 2686 3243 2759 uxoribus,
3282 2706 3494 2749 uxores
3524 2706 3660 2750 cum

2005 2774 2170 2836 viris.
2198 2774 2323 2837 Hoc
2349 2774 2550 2835 omnia
2574 2774 3005 2838 benevolentiae
3028 2776 3272 2841 nomina
3291 2779 3659 2861 permiscuit,

2007 2874 2184 2946 atque
2208 2865 2497 2938 confudit,
2519 2864 2660 2924 582
2683 2883 2887 2927 servos
2913 2874 2971 2927 et
3003 2865 3306 2940 dominos,
3331 2865 3663 2947 discipulos

2010 2964 2067 3016 et
2100 2965 2521 3035 praeceptores,
2553 2973 2731 3017 senes
2763 2963 2820 3016 et
2843 2955 3099 3034 juvenes
3126 2976 3140 3018 :
3176 2956 3575 3036 convulsaque
3606 2964 3665 3018 et

2012 3044 2353 3126 proculcata
2391 3044 2637 3124 pudoris
2663 3045 2817 3125 lege,
2854 3064 2971 3126 quo
3005 3045 3230 3107 nullum
3267 3046 3458 3127 majus
3486 3047 3664 3127 adju—

2012 3146 2277 3199 mentum
2298 3136 2369 3197 ad
2390 3137 2668 3199 virtutem
2689 3138 3008 3217 excogitari
3031 3146 3248 3217 potest,
3274 3139 3667 3202 contumacia:

2009 3229 2480 3308 arrogantiaeque
2500 3227 2690 3306 legem
2720 3226 2992 3289 induxit:
3018 3227 3273 3310 factique
3297 3247 3525 3310 sumus,
3545 3248 3666 3291 non

2005 3317 2127 3398 jam
2167 3317 2357 3380 tribus
2386 3335 2455 3378 ac
2493 3317 2683 3378 tribus
2710 3318 3061 3397 separatim,
3098 3318 3257 3398 quod
3289 3318 3432 3379 olim
3462 3317 3668 3381 Israeli

2015 3406 2423 3487 objectabatur
2451 3430 2465 3479 ;
2498 3425 2608 3469 nec
2630 3407 2813 3471 Israel
2843 3417 2903 3469 et
2923 3406 3099 3483 Juda,
3125 3409 3267 3490 duo,
3290 3408 3669 3490 inquam,illa

2016 3497 2193 3559 unius
2216 3500 2465 3578 ejusque
2486 3506 2855 3578 perangusta:
2876 3500 3071 3577 gentis
3090 3508 3395 3578 segmenta
3420 3517 3435 3561 :
3460 3518 3664 3561 verum

2017 3606 2125 3667 per
2148 3588 2358 3648 domos
2383 3594 2439 3648 et
2461 3586 2738 3668 familias,
2769 3597 2826 3650 et
2852 3589 3193 3651 necessaria
3219 3589 3515 3669 sodalitia,
3538 3589 3669 3651 vel-

2017 3688 2201 3758 utque
2227 3678 2287 3738 in
2321 3695 2387 3739 se
2414 3676 2691 3757 quisque,
2720 3677 2893 3739 divisi
2916 3696 3149 3759 smnus,
3176 3679 3488 3740 universus
3508 3679 3671 3741 orbis

2019 3776 2333 3839 terrarum,
2364 3766 2709 3828 universum
2757 3766 3063 3829 hominum
3108 3786 3321 3848 genus,
3353 3768 3510 3849 quod
3564 3768 3671 3831 Dei

2016 3857 2259 3919 verbum
2280 3856 2352 3917 [id
2363 3856 2455 3937 eiq
2466 3874 2537 3917 ue
2555 3857 2825 3918 doctrina
2840 3859 3175 3938 peragravit
3194 3876 3209 3933 ;
3227 3859 3670 3939 multorumque

2013 3947 2333 4028 imperium
2366 3948 2422 4007 in
2448 3947 2733 4009 eil'renem
2762 3949 3076 4029 quamdam
3102 3957 3278 4029 atque
3302 3947 3541 4028 imperii
3562 3968 3676 4011 ex-

2014 4047 2242 4118 pertem
2279 4037 2581 4098 licentiam
2614 4035 2851 4104 recidit.
2882 4046 3057 4119 atque
3088 4056 3223 4099 ossa
3256 4047 3460 4099 nostra
3490 4056 3669 4101 secus

2012 4126 2311 4188 infernum
2338 4128 2622 4208 dissipata
2641 4138 2779 4190 sunt
2797 4125 2850 4170 ‘9
2871 4148 2886 4204 ;
2907 4128 3079 4210 quasi
3100 4128 3225 4191 veri
3246 4146 3561 4190 necessum
3582 4148 3671 4191 es-

2014 4228 2126 4297 set,
2157 4236 2287 4298 nos,
2329 4219 2549 4280 exteris
2584 4218 2859 4280 hostibus
2885 4217 3152 4293 domitis,
3183 4228 3387 4279 mutuo
3419 4219 3570 4281 alios
3600 4220 3673 4281 ab

267 4309 559 4380 ἐπαινετὴν
621 4308 892 4389 διαίρεσιν,
943 4308 1080 4365 me
1138 4307 1238 4375 τὴν
1285 4307 1515 4383 ψεκτὴν.
1567 4304 1686 4363 οὐδὲ
1714 4308 1807 4365 τὸν
1842 4330 1920 4365 και

2019 4307 2149 4369 aliis
2170 4308 2449 4388 Opprimi,
2476 4319 2535 4370 et
2567 4309 2889 4370 furentium
2922 4310 3041 4369 ritu
3076 4308 3139 4369 in
3174 4310 3440 4389 proprias
3469 4328 3681 4372 carnes

265 4401 478 4480 θάρσιον
534 4402 879 4480 ὶμπρησμὸν,
945 4398 1081 4455 ἀλλά
1143 4400 1234 4455 τὸν
1265 4396 1526 4477 ὀλέθριον.
1560 4400 1633 4455 Οὖ
1657 4397 1756 4475 γὰρ
1787 4400 1814 4454 ὁ
1838 4420 1920 4455 το-

2020 4397 2253 4471 smvire,
2286 4417 2356 4460 ac
2384 4418 2458 4459 ne
2494 4398 2548 4458 id
2582 4398 2826 4479 quidem
2860 4401 3108 4479 sentire,
3150 4417 3355 4460 verum
3392 4400 3680 4480 majorem

271 4492 372 4567 μδς
431 4490 637 4571 διαιρεῖ
686 4489 873 4569 λόγος,
923 4490 960 4557 ἧ
1025 4489 1250 4569 Χριστοῦ
1304 4488 1577 4567 μάχαιρα,
1623 4488 1744 4552 τοὺς
1803 4511 1920 4545 πισ-

2023 4507 2089 4547 ex
2126 4489 2237 4549 hoc
2263 4488 2446 4568 malo,
2472 4507 2646 4569 quam
2672 4487 2774 4549 alii
2797 4507 2866 4551 ex
2894 4506 3041 4569 pace
3066 4496 3123 4549 et
3148 4488 3497 4565 concordia,
3519 4489 3683 4551 volu-

272 4582 525 4648 τεόοντας
560 4582 668 4639 ἀπὸ
716 4584 819 4638 τῶν
878 4580 1134 4657 ἀπίστων,
1198 4576 1313 4637 οὐδὲ
1361 4577 1463 4657 πῦρ
1509 4575 1788 4655 βάλλεται,
1851 4602 1920 4636 κα

2026 4587 2246 4655 ptatem
2273 4578 3039 4659 capere,calamitatemqu_e
3057 4578 3223 4639 lucro
3246 4577 3683 4659 ducere,atque

270 4671 595 4747 ἀνάπτεται,
679 4674 715 4740 ἡ
790 4669 1077 4728 δαπανῶσα
1116 4649 1129 4657 ν
1167 4668 1261 4736 τὴν
1346 4649 1479 4735 ὕλην
1509 4649 1521 4655 ⁷
1562 4666 1651 4725 καὶ
1698 4665 1920 4747 ἐσθίουσι

2026 4649 2368 4730 existimare
2389 4649 2883 4747 per'eversionem
2902 4649 3169 4732 nostram
3188 4649 3544 4750 obsequium
3560 4649 3685 4732 Deo

268 4767 473 4835 πίστις,
536 4763 628 4819 καὶ
673 4764 708 4830 ἡ
767 4760 908 4829 ζέσις
959 4759 1089 4838 (29)
1118 4765 1213 4818 τοῦ
1243 4758 1575 4835 Πνεύματος·
1626 4754 1747 4813 ἀλλ’
1780 4756 1920 4816 ἔναν-

2026 4760 2300 4838 prmstari
2321 4755 2396 4831 9°,
2423 4776 2490 4820 ac
2512 4758 2698 4819 dividi
2724 4766 2783 4819 et
2804 4757 3197 4839 incendi,non
3220 4767 3385 4821 recta
3405 4766 3465 4822 et
3488 4759 3691 4821 lauda-

272 4852 401 4919 τίως
430 4851 470 4922 ἤ
511 4852 792 4932 πρότερον,
826 4849 1180 4913 δαπανώμεθα
1210 4849 1299 4915 καὶ
1329 4848 1655 4925 τεμνόμεθα.

2028 4847 2131 4909 bili
2155 4847 2477 4926 divisione,
2501 4849 2609 4911 sed
2641 4851 2794 4929 turpi
2820 4856 2879 4912 et
2899 4848 3313 4929 vituperanda,
3342 4867 3451 4911 nec
3475 4849 3688 4911 incen.

274 4945 373 5009 dio
407 4947 541 5023 illo,
584 4965 699 5027 quo
730 4945 945 5008 anima;
970 4943 1137 5007 labes
1160 4943 1498 5025 expiantur,
1526 4941 1632 5004 sed
1668 4941 1903 5005 funesto
1933 4947 1992 5003 et
2023 4940 2269 5003 exitiali.
2315 4940 2446 5004 Non
2492 4941 2652 5004 enim
2700 4950 2910 5005 acutus
2946 4941 3048 5004 ille
3080 4961 3279 5004 sermo
3309 4940 3385 5019 ⁸1,
3430 4944 3540 5003 hoc
3575 4952 3686 5017 est,

282 5033 505 5099 Christi
542 5035 801 5115 gladius,
830 5036 959 5116 pios
988 5033 1063 5096 ab
1094 5032 1298 5115 impiis
1342 5031 1576 5108 dividit,
1628 5049 1744 5095 nec
1792 5029 1949 5112 ignis
1978 5030 2203 5111 jacitur
2240 5039 2297 5092 et
2327 5031 2678 5094 accenditur
2706 5029 2782 5108 τε,
2829 5032 2940 5095 hoc
2990 5039 3102 5113 est,
3138 5031 3309 5106 fides,
3345 5039 3402 5092 et
3428 5030 3688 5110 Spiritus

278 5122 501 5201 fervor,
531 5125 592 5188 id
625 5125 779 5207 quod
815 5133 1120 5188 terrenum
1152 5130 1246 5185 est
1273 5121 1600 5185 absumens
1629 5139 1699 5185 ac
1728 5120 2023 5185 devorans
2066 5137 2080 5183 :
2119 5120 2222 5181 sed
2258 5122 2555 5194 contrario
2586 5121 2785 5202 plane,
2830 5139 2891 5183 ac
2923 5120 3108 5202 prius,
3147 5118 3690 5201 modo,scindimur

286 5221 347 5275 et
374 5215 812 5279 consumimur.

360 5363 417 5410 ’9
446 5364 610 5429 Psal.
644 5381 788 5439 cxc,
816 5367 876 5429 7.
962 5360 1020 5407 ω
1047 5361 1223 5427 Joan.
1257 5379 1377 5440 xvr,
1403 5362 1467 5426 2.
1556 5360 1607 5405 ’ί
1642 5360 1832 5425 Hebr.
1866 5376 1920 5422 tv

2008 5360 2083 5424 l2.
2174 5358 2229 5403 ’ἲ
2262 5360 2406 5425 Luc.
2442 5378 2545 5436 xu,
2582 5363 2679 5425 49.

362 5483 470 5560 (ἳο
531 5485 733 5563 Θράσος
766 5484 886 5565 γάρ.
924 5481 1026 5547 0r.
1081 5484 1136 5557 1,
1168 5482 1360 5563 θράσος
1383 5480 1460 5544 δέ.
2122 5482 2243 5558 (25]
2276 5484 2501 5565 Ἐχρῆν.
2540 5484 2643 5544 0r.
2677 5484 2739 5554 1,
2774 5508 2785 5517 '
2819 5488 2939 5558 ρῆν.

371 5484 507 5645 (Ξίζ
538 5556 768 5642 Ὀμοίως
819 5569 1033 5631 νωθετς.
1095 5562 1162 5627 In
1206 5560 1587 5645 quibusdam,
1621 5561 1821 5641 ὁμοίως
1852 5564 1951 5621 εἰσὶ
2287 5566 2717 5645 Ἐκρατήσαμεν.
2751 5507 2853 5645 ἅτ.
2889 5563 2939 5645 ‘l,

371 5554 507 5645 (21)
538 5554 791 5642 ’ὁμοίως
819 5554 1033 5631 νωθετς.
1095 5554 1162 5627 In
1201 5554 1587 5645 quibusdam,
1621 5561 1821 5641 ὁμοίως
1852 5564 1951 5621 εἰσὶ
2287 5554 2717 5645 Ἐ’κρατήσαμεν.
2889 5563 2947 5645 ‘l,
2981 5562 3408 5645 κεκρατήκαμεν,

318 5564 507 5705 meai)
538 5564 768 5642 Ὀμοίως
819 5564 1033 5631 νωθετς.
1095 5564 1162 5627 In
1206 5564 1587 5645 quibusdam,
1621 5564 1821 5641 ὁμοίως
1852 5564 1920 5620 εἰσ

284 5672 313 5704 ν
396 5660 507 5712 εἲς.

2148 5564 2251 5642 96)
2287 5564 2717 5639 Ἐκοατήσαμεν.
2751 5564 2853 5625 0r.
2889 5564 2947 5637 1,
2981 5564 3408 5641 κεκρατήκαμεν,

2118 5564 2252 5721 (Ἡ)
2294 5620 2459 5702 Ἀλλὰ
2488 5645 2597 5704 καί.
2633 5641 2731 5707 Sic
2754 5641 2858 5706 Or.
2884 5643 2950 5721 _l.
2986 5640 3166 5704 Deest
3187 5640 3324 5721 am
3354 5641 3417 5703 in
3443 5641 3542 5704 ed.

370 5727 489 5796 (22)
522 5728 968 5808 Πολεμιστήριον,
996 5724 1100 5808 Or_.
1137 5724 1660 5808 1,1tolsjmtvjptov.
1713 5803 1749 5808 μ
2090 5807 2093 5808 ν
2135 5719 2259 5801 (28)
2294 5726 2559 5805 Εἱσφέρειν
2586 5732 2662 5800 τῷ
2685 5732 2823 5799 Θεῷ.
2872 5719 2967 5784 Sic
2991 5721 3093 5787 ΟΓ.
3126 5723 3183 5783 1.
3218 5720 3284 5782 In
3341 5721 3469 5798 ed.,
3524 5744 3699 5802 προσ-

371 5808 502 5901 (23)
535 5802 714 5901 Οξδὲἓς.
765 5802 913 5889 Reg.
949 5807 1011 5885 b,
1058 5805 1165 5871 0r.
1200 5806 1226 5867 l
1268 5814 1327 5869 et
1355 5802 1590 5882 Comb.,
1626 5803 1815 5883 μηδὲν.
1881 5802 1920 5865 It

2039 5815 2373 5901 wgfllf‘eﬁq)‘
2408 5889 2420 5901 ,
2463 5885 2514 5901 μ,
2700 5885 2740 5901 Α
2845 5889 2859 5901 ,
2988 5892 3000 5901 ,
3038 5883 3147 5901 η...
3265 5881 3279 5901 ι
3332 5864 3333 5867 “
3388 5899 3397 5901 Α
3434 5900 3437 5901 ,
3536 5880 3643 5901 n1-

291 5880 451 5963 aliis,
478 5880 740 5961 μηδενός.
858 5880 887 5889 ’
994 5880 1004 5885 ⁷
1402 5964 1430 5971 _
1782 5966 1812 5971 __

2028 5968 2060 5971 _
2104 5880 2242 5966 ἰὲίὲ)
2275 5880 2373 5971 KQ
2401 5889 2434 5971 ἡ
2462 5885 2627 5957 ζέσις.
2695 5885 2801 5950 Or.
2836 5889 2896 5963 Ι,
2949 5892 3008 5947 et
3036 5883 3173 5949 Bill.
3207 5881 3282 5945 ad
3316 5899 3503 5961 marg.
3536 5880 3692 5945 Edit.

374 5969 509 6051 (24)
538 5969 860 6051 Ἀλλῆλιιυς.
895 5973 1022 6037 Duo
1053 5971 1264 6051 Reg.
1287 5974 1347 6051 et
1391 5964 1494 6031 Or.
1560 5971 1622 6049 1,
1654 5965 1909 6038 ἀλλήλοις

2027 5968 2161 6030 Bas.
2176 6018 2190 6046 ,
2219 5964 2224 5966 ⁷
2265 5964 2537 6040 miltiam.

288 6046 424 6115 Md!
455 6046 705 6129 iterum,
736 6050 1016 6131 ἀλλήλοις,
1049 6046 1475 6134 ρι’(ἶάλλήλους,
