4158 6440
279 370 381 434 189
907 372 1185 435 ORATIO
1230 372 1482 435 XXXII.
1529 407 1603 418 —-
1651 375 1747 436 DE
1793 371 2341 437 MODERATIONE
2384 370 2463 437 IN
2511 372 3011 441 DISPUTANDO.
3554 376 3662 463 190

277 510 585 594 ἐλάσσονας
633 511 734 572 Καὶ
794 513 838 569 εί
880 511 981 589 μὶν
1024 511 1160 592 ἀνὴρ
1218 511 1275 570 εἴ
1334 513 1471 570 κατὰ
1538 513 1787 592 Χριστὸν,
1846 510 1925 569 κα)

2017 511 2241 571 terram
2274 509 2405 573 sine
2430 511 2698 591 periculo
2721 511 2921 577 colere
2942 513 3141 592 liceat,
3168 515 3406 579 etiamsi
3429 514 3662 580 minore

279 602 629 682 γεγύμνασταί
659 624 742 660 σοι
799 603 866 660 τὰ
915 604 1254 682 αἰσθητήρια,
1302 604 1389 660 καὶ
1450 600 1696 683 λαμπρόν
1744 626 1826 660 σοι
1870 601 1925 657 τὸ

2017 618 2150 661 cum
2183 603 2553 682 quaestu?Si
2606 603 2695 665 vir
2744 605 3074 669 secundum
3132 606 3433 671 Christum
3490 624 3580 687 es,
3607 613 3667 669 et

279 697 380 771 φῶς
420 691 518 760 τῆς
564 692 838 771 γνώσεως,
885 690 1037 749 λάλει
1092 694 1224 750 Θεοῦ
1280 694 1467 773 σοφίαν
1517 694 1619 762 τὴν
1668 690 1925 767 λαλουμέ-

2016 707 2227 752 sensus
2252 694 2606 755 exercitatos
2636 693 2822 757 habes
2846 691 2930 778 4⁷,
2954 715 3022 759 ac
3054 696 3370 779 splendido
3395 696 3665 759 scientiae

278 804 367 849 νην
422 781 475 838 ἐν
532 795 653 848 τοῖς
710 782 959 863 τελείοις,
1023 784 1114 840 καὶ
1171 784 1270 852 τὴν
1350 783 1835 864 ἀποκεκρυμμένην
1876 780 1925 837 ἐν

2016 780 2244 869 lumine
2278 783 2564 862 praeditus
2591 802 2678 863 es,
2713 782 2820 847 Dei
2852 787 3199 868 sapientiam
3232 786 3504 869 loquere,
3533 804 3667 867 qua)

275 873 539 952 μυστηρίῳ
574 890 591 909 ⁸
623 874 712 930 καὶ
769 874 994 954 ταύτην,
1027 873 1152 930 ὅταν
1196 875 1379 952 καιρὸν
1439 871 1635 954 λάϐῃς,
1699 874 1789 930 καὶ
1831 895 1925 928 πι-

2016 868 2173 959 apud
2207 872 2507 951 perfectos
2535 872 2590 917 ‘8
2622 874 3001 955 predicatur,
3035 886 3095 940 et
3124 896 3259 959 quas
3288 868 3348 939 in
3382 876 3663 957 mysterio

275 965 509 1039 στευθῇς,
544 962 605 1020 Τί
658 964 759 1043 γὰρ
818 963 965 1045 ἔχεις
1021 965 1164 1036 παρὰ
1215 973 1463 1042 σεαυτοῦ,
1524 964 1554 1020 ’ὃ
1583 965 1660 1040 μή
1693 962 1923 1035 δέδοται,

273 1050 399 1128 μηδὲ
429 1052 663 1131 εἴληφας
698 1073 715 1133 ς
752 1055 810 1111 Ei
841 1051 897 1109 δὲ
929 1052 1006 1110 ’ἐτι
1065 1055 1256 1124 νήπιος
1309 1054 1365 1111 εἴ
1409 1052 1553 1134 (74),
1588 1056 1675 1111 καὶ
1706 1074 1924 1135 χαμερ-

274 1143 372 1209 πὴς
396 1144 493 1210 τὴν
525 1140 787 1223 διάνοιαν,
844 1145 933 1200 καὶ
994 1157 1114 1207 τοϊς
1172 1142 1530 1223 ὑψηλοτέροις
1589 1143 1927 1223 προσϐαίνειν

272 1233 366 1313 οὔχ
394 1234 598 1307 ἱκανὸς,
663 1241 818 1313 γενοῦ
877 1234 1171 1314 Κορίνθιος,
1221 1233 1449 1314 γάλακτι
1506 1235 1731 1314 τράφηθι
1768 1232 1922 1314 (75).

269 1323 326 1379 Τί
377 1324 600 1403 χρῄζεις
670 1324 1022 1404 στερεωτέρας
1095 1326 1320 1406 τροφῆς,
1382 1324 1450 1394 ἢν
1511 1327 1605 1382 οὒκ
1652 1323 1924 1381 ἀναλίσκει

265 1412 329 1467 τὰ
369 1412 533 1488 μέλη,
590 1414 679 1470 καὶ
733 1428 881 1471 ποιεῖ
924 1415 1126 1495 τροφὴν
1184 1412 1255 1470 δι’
1314 1414 1628 1488 ἀσθένειανς
1682 1412 1924 1492 Φθέγγου

268 1501 381 1582 μὲν,
417 1503 470 1560 εἴ
498 1524 551 1559 τι
592 1517 839 1583 κρεῖττον
875 1504 1082 1573 σιωπῆς
1146 1504 1298 1585 ἔχεις
1358 1506 1465 1574 (καὶ
1507 1505 1608 1584 γὰρ
1660 1506 1721 1560 τὸ
1779 1502 1924 1569 τάξιν

266 1592 558 1651 στείλασθαι
637 1593 876 1675 χείλεσιν
944 1594 1346 1670 ἐπαινούμενον,
1411 1594 1608 1675 ἔγνως)
1644 1609 1659 1625 ⁸
1741 1592 1923 1672 ἀγάπα

264 1680 318 1737 δὲ
344 1684 599 1763 ἡσυχίαν,
647 1683 767 1742 ἔνθα
812 1698 1058 1765 κρεῖττον
1106 1684 1268 1764 λόγου
1305 1685 1368 1741 τὸ
1412 1690 1620 1757 σιωπᾷν
1661 1705 1675 1720 ·
1710 1685 1800 1741 καὶ
1857 1684 1923 1740 τὰ

267 1771 358 1847 μὲν
414 1777 613 1847 εἰπεῖν,
646 1776 712 1832 τὰ
740 1773 797 1831 δὲ
828 1775 1048 1831 ἀκοῦσαι
1085 1792 1101 1808 ⁸
1150 1776 1239 1832 καὶ
1282 1775 1347 1831 τὰ
1390 1776 1488 1853 μὲν
1523 1773 1824 1853 ἐπαινέσαι,
1857 1773 1923 1829 τὰ

267 1859 317 1916 δὲ
346 1865 421 1936 μὴ
452 1864 655 1940 πικρῶς
688 1864 1135 1941 ἀποπέμψασθαι.

2010 957 2357 1022 abscondita
2411 971 2539 1037 est;
2574 962 2755 1045 idque
2787 966 2868 1027 ita
2898 957 3166 1046 demum,
3198 966 3250 1029 si
3279 964 3663 1029 commodum

2011 1057 2246 1131 tempus
2272 1060 2478 1114 nactus
2499 1053 2970 1138 fueris,eamque
2990 1056 3129 1120 ﬁdei
3150 1065 3263 1120 tuae
3280 1056 3662 1124 commissam

2011 1138 2312 1202 habueris.
2339 1140 2487 1215 Quid
2518 1144 2677 1205 enim
2710 1164 2742 1206 a
2769 1146 2961 1227 teipso
2987 1146 3197 1224 habes,
3226 1147 3382 1227 quod
3414 1146 3519 1209 tibi
3550 1147 3661 1209 da-

2012 1236 2133 1291 tum
2156 1249 2270 1291 non
2296 1232 2492 1302 fuerit,
2516 1242 2573 1295 et
2588 1236 2747 1316 quod
2767 1254 2885 1301 non
2909 1238 3215 1319 acceperis
3234 1235 3441 1301 ‘9?Sin
3460 1245 3658 1299 autem

2009 1329 2179 1382 aetate
2231 1321 2425 1384 adhuc
2458 1331 2665 1385 tenera
2719 1344 2806 1406 es,
2841 1338 3021 1406 atque
3081 1326 3294 1388 humili
3326 1334 3384 1387 et
3428 1325 3663 1406 ahjecto

2007 1411 2231 1483 animo,
2248 1411 2593 1494 viribusque
2616 1413 3069 1481 inﬁrmioribus.
3094 1435 3268 1498 quam
3297 1424 3358 1477 ut
3380 1416 3453 1478 ad
3479 1414 3662 1478 subli-

2010 1500 2197 1563 miora
2230 1503 2506 1584 progredi
2542 1506 2755 1583 possis,
2794 1505 3146 1569 Corinthius
3179 1515 3335 1586 esto,
3369 1504 3515 1567 satis
3558 1503 3664 1567 tibi

2006 1592 2080 1652 sit
2113 1591 2268 1654 lacte
2291 1593 2507 1655 nutriri
2522 1592 2599 1655 ⁵ο.
2630 1593 2783 1667 Quid
2812 1594 3157 1657 solidiorem
3183 1594 3384 1657 cibum
3410 1593 3659 1675 expetis,

2006 1698 2182 1761 quem
2210 1680 2480 1742 membra
2502 1701 2624 1764 pra:
2642 1682 3059 1747 imbecillitate
3077 1686 3583 1766 conﬁcere,atque
3599 1683 3660 1745 in

2004 1769 2351 1832 alimentum
2379 1784 2609 1834 vertere
2626 1784 2930 1855 nequeant
2948 1774 3262 1858 ?Loquere
3282 1776 3499 1850 sane,si
3522 1773 3661 1856 quid

1947 1869 1984 1918 Β
2008 1860 2249 1922 silentio
2282 1861 2497 1924 melius
2528 1871 2587 1924 et
2619 1864 3009 1927 excellentius
3040 1867 3223 1928 habes
3249 1866 3469 1946 (neque
3500 1865 3659 1926 enim

270 1958 322 2013 te
346 1950 488 2029 fugit
508 1952 668 2014 laudi
698 1952 862 2034 duci,
893 1953 942 2015 si
973 1954 1109 2031 quis
1138 1954 1409 2017 ordinem
1444 1953 1620 2015 labiis
1648 1950 1930 2014 adhibeat
1956 1950 2070 2029 5'),
2125 1958 2188 2011 at
2236 1951 2334 2014 ubi
2389 1954 2567 2015 silere
2601 1962 2860 2035 praestat,
2912 1974 3091 2034 quam
3126 1956 3312 2038 loqui,
3347 1954 3654 2017 silentium

268 2042 685 2121 complectere.
720 2043 911 2126 Atque
940 2043 1055 2107 alia
1093 2044 1297 2109 dicere
1326 2062 1514 2120 ames,
1549 2043 1663 2107 alia
1690 2042 1921 2116 audire;
1952 2039 2067 2102 alia
2098 2039 2377 2104 laudibus
2408 2043 2687 2126 evehere,
2720 2045 2986 2125 alia,non
3010 2053 3209 2109 tamen
3240 2044 3472 2120 acerbe,
3498 2042 3660 2107 able-

267 2148 401 2211 gare
421 2150 487 2194 ac
516 2133 795 2215 rejicere.

344 2222 461 2284 IA'.
507 2227 615 2283 Οὐκ
657 2226 777 2283 ἴστε
811 2228 901 2283 τὸν
961 2228 1143 2306 ἀγῶνα
1199 2227 1291 2285 τὸν
1346 2225 1634 2307 ἡμέτερον,
1678 2223 1915 2305 ἁδελφοὶ,

2079 2220 2209 2285 XIV
2240 2221 2895 2308 Nescitis,fratres,qua
2916 2225 3266 2292 difﬁcultate
3285 2243 3550 2307 premam
3563 2242 3660 2307 ur,

269 2319 371 2369 τῶν
427 2312 669 2397 σοϐαρῶς
738 2319 963 2375 ἐνταῦθα
1023 2315 1519 2398 προκαθεζομένων,
1602 2317 1689 2373 καὶ
1758 2315 1921 2371 ταῦτα

2015 2330 2137 2384 nos,
2165 2312 2433 2391 inquam,
2462 2314 2562 2396 qui
2587 2315 2683 2378 hic
2707 2334 2841 2378 cum
2870 2334 3088 2398 pompa
3110 2326 3168 2378 et
3193 2317 3344 2380 fastu
3371 2314 3662 2397 praeside-

269 2407 682 2479 νομοθετούντων
714 2406 844 2483 ύμῖν
872 2421 993 2474 τοῖς
1023 2406 1274 2471 πολλοῖς.
1310 2407 1467 2487 Τάχα
1518 2404 1573 2464 δὲ
1618 2404 1735 2464 οὒδὲ
1764 2407 1922 2479 ἡμῶν

2015 2422 2138 2465 mus
2169 2411 2346 2486 atque
2380 2404 2507 2467 haec
2535 2405 2731 2487 vobis,
2754 2408 2857 2487 qui
2888 2426 2921 2468 e
2952 2406 3128 2487 plebe
3155 2407 3322 2482 estis,
3348 2405 3517 2489 quasi
3548 2405 3666 2468 lata

276 2493 441 2549 αὒτῶν
520 2498 567 2553 οἱ
648 2495 859 2563 πλείους
943 2497 1318 2578 γιγνώσκομεν
1406 2496 1459 2576 (ὃ
1529 2498 1617 2554 καὶ
1684 2494 1921 2576 δακρύειν

282 2578 462 2663 ἄξιον),
519 2586 661 2649 ὅπως
718 2588 861 2667 παρὰ
941 2595 1058 2661 Θεῷ
1140 2586 1520 2645 ταλαντεύεται
1605 2588 1692 2643 καὶ
1753 2588 1930 2663 νόημα

281 2677 409 2745 πᾶν,
440 2676 523 2730 καὶ
550 2672 735 2757 λόγος,
767 2679 855 2734 καὶ
882 2676 1070 2757 πρᾶξις
1099 2696 1113 2709 ’
1174 2677 1263 2734 καὶ
1314 2676 1376 2732 οὔ
1406 2677 1549 2755 παρὰ
1579 2682 1696 2750 Θεῷ
1739 2675 1929 2755 μόνον,

279 2759 416 2818 ἀλλὰ
445 2764 530 2820 καὶ
573 2771 679 2822 τῶν
722 2766 1007 2848 ἀνθρώπων
1064 2782 1183 2832 τοῖς
1240 2764 1513 2830 πλείστοις
1542 2781 1560 2795 ·
1617 2767 1670 2823 οἳ
1716 2763 1927 2842 βραδεῖς

276 2850 374 2926 μέν
408 2853 503 2910 είσι
533 2860 639 2911 τῶν
668 2853 808 2913 ἰδίων
837 2859 1038 2936 κριταὶ,
1097 2868 1295 2938 ταχεῖς
1345 2853 1400 2911 δὲ
1454 2863 1562 2913 τῶν
1592 2855 1720 2932 (76)
1757 2854 1815 2911 ἆ)
1828 2853 1928 2912 λο-

272 2943 425 3021 τρίων
456 2942 746 3027 ἐξετασταὶ,
780 2950 870 3004 καὶ
897 2948 1021 3025 ῥᾷον
1053 2945 1114 3003 ἂν
1163 2945 1348 3011 ἄλλοις
1400 2946 1466 3002 τὰ
1498 2945 1746 3024 μέγιστα,
1778 2945 1813 3012 ἢ
1860 2945 1926 3000 σὰ

271 3030 525 3114 ἐλάχιστα
570 3038 710 3111 ἡμῖν
753 3039 1164 3119 συγχωρήσαιεν
1208 3037 1345 3117 (77)
1384 3056 1398 3073 '
1448 3035 1545 3092 κᾶν
1587 3037 1718 3093 ὦσιν
1777 3035 1926 3111 ἆμα-

268 3122 519 3206 θέστεροι,
582 3130 772 3184 θᾶττον
846 3128 907 3185 ἃν
977 3131 1133 3203 ἡμῶν
1189 3124 1435 3184 ἀσέϐειαν
1492 3138 1836 3206 καταγνοεϊν,
1890 3125 1925 3193 ἢ

268 3216 480 3293 μετρίαν
508 3217 713 3274 ἑαυτῶν
771 3217 1017 3298 ἄγνοιαν.
1067 3220 1176 3278 Οὒκ
1218 3217 1365 3292 ἴστε,
1418 3216 1649 3284 πηλίκον
1692 3216 1752 3272 ἐκ
1797 3223 1928 3275 Θεοῦ

268 3301 427 3383 δῶρον
455 3308 491 3377 ἡ
527 3310 732 3389 σιωπὴ,
767 3312 859 3366 καὶ
893 3311 954 3366 τὸ
1014 3310 1091 3385 μὴ
1148 3308 1390 3387 ἀνάγκην
1424 3310 1543 3379 (78)
1572 3307 1721 3388 ἔχειν
1765 3305 1926 3384 λόγου

2006 2493 2136 2574 lege
2166 2496 2634 2576 promulgamus.
2659 2498 2747 2559 Ac
2777 2496 3029 2578 fortasse
3056 2515 3164 2559 nec
3188 2506 3456 2558 nostrum
3479 2494 3659 2578 pleri-

2012 2604 2131 2666 que
2172 2584 2351 2666 (quod
2408 2585 2584 2646 etiam
2642 2585 3056 2666 deplorandun
3116 2588 3234 2661 est)
3292 2584 3662 2664 intelligunt,

2012 2674 2311 2756 quomodo
2332 2675 2486 2756 apud
2513 2677 2726 2756 Deum,
2748 2684 2807 2737 et
2826 2675 3107 2757 cogitatio
3130 2676 3420 2751 omnis,et
3438 2694 3661 2748 sermo,

2011 2773 2070 2825 et
2116 2764 2271 2825 actio
2303 2766 2463 2827 velut
2504 2766 2573 2827 ad
2628 2765 2860 2826 lancem
2916 2765 3319 2846 expendatur:
3351 2784 3461 2828 nec
3507 2764 3663 2847 apud

2010 2856 2201 2918 Deum
2234 2854 2541 2929 duntaxat,
2572 2872 2780 2916 verum
2811 2862 2869 2918 et
2900 2854 3055 2937 apud
3088 2874 3298 2918 omnes
3326 2855 3517 2919 ferme
3548 2856 3663 2917 ho-

2011 2944 2248 3027 mines;
2284 2946 2407 3026 qui,
2439 2965 2573 3007 cum
2625 2964 2827 3008 rerum
2870 2964 3111 3008 suarum
3164 2945 3317 3008 tardi
3362 2945 3483 3009 sint
3522 2945 3664 3008 589

2003 3034 2264 3115 judices,
2300 3033 2633 3097 alienarum
2666 3046 2865 3097 autem
2908 3035 3168 3116 expediti
3199 3042 3336 3097 sunt
3382 3034 3663 3117 explora-

2011 3132 2193 3204 tores,
2216 3123 2511 3206 citiusque
2531 3124 2667 3185 aliis
2686 3124 3035 3203 gravissima
3056 3134 3270 3198 errata,
3286 3144 3463 3207 quam
3489 3124 3664 3189 nobis

2010 3215 2328 3286 levissima,
2366 3217 2821 3292 concesserint;
2854 3235 2945 3287 ac,
2980 3217 3027 3278 si
3076 3215 3477 3297 imperitiores
3508 3207 3659 3290 sint,

2009 3305 2184 3368 nobis
2216 3305 2536 3387 impietatis
2567 3306 2798 3369 crimen
2842 3304 3038 3385 potius
3069 3306 3455 3387 impegerint,
3485 3324 3665 3387 quam

268 3397 488 3477 παντὶς,
522 3396 661 3455 ὥστε
693 3398 812 3456 κατ’
865 3398 1122 3471 ἐξουσίαν,
1178 3400 1270 3454 τὸν
1324 3398 1425 3473 μὲν
1484 3399 1776 3477 αἱρεῖσθαι,
1835 3398 1925 3453 τὸν

2015 3405 2073 3459 ut
2109 3396 2473 3458 mediocrem
2506 3415 2674 3458 suam
2708 3396 3006 3458 inscitiam
3039 3406 3347 3458 accusent.
3381 3395 3665 3479 Nescitis,

264 3482 315 3541 δὲ
345 3485 470 3560 (79)
502 3484 931 3569 ἀποδιδράσκειν,
986 3491 1073 3547 καὶ
1123 3489 1392 3565 ταμιεύειν
1452 3488 1624 3562 ἐαυτῷ
1684 3489 1769 3543 καὶ
1826 3484 1928 3543 λό-

260 3598 353 3655 γον
398 3579 490 3635 καὶ
535 3581 770 3649 σιωπήν,
829 3581 991 3637 Φύσει
1050 3580 1149 3657 μὲν
1210 3580 1310 3659 γὰρ
1370 3577 1493 3654 (80)
1551 3577 1694 3640 ἅπας
1767 3575 1925 3655 λόγος

260 3669 447 3746 σαθρὸς
496 3671 585 3726 καὶ
646 3671 946 3753 εὐκίνητος,
1007 3672 1096 3728 καὶ
1150 3666 1236 3726 διὰ
1307 3671 1400 3725 τὸν
1490 3667 1926 3748 ἀπιμαχὸμενον

259 3754 422 3837 λόγον
474 3757 770 3839 ἐλευθερίαν
798 3764 891 3819 οὒκ
922 3760 1070 3843 ἔχων
1105 3776 1119 3791 ’
1182 3761 1210 3816 6
1268 3758 1323 3815 δὲ
1355 3760 1474 3831 περὶ
1507 3764 1663 3833 θεοῦ,
1696 3758 1930 3831 τοσούτῳ

264 3846 503 3924 μᾶλλον,
552 3848 661 3925 ὅσῳ
719 3858 907 3927 μεῖζον
956 3852 1019 3909 τὸ
1083 3852 1455 3929 ὑπογείμενον,
1525 3850 1614 3905 καὶ
1682 3850 1710 3905 ὁ
1767 3846 1927 3919 ζῆλος

262 3937 493 4016 πλείων,
550 3942 639 3998 καὶ
690 3944 717 3997 6
778 3940 1007 4005 κίνδυνος
1053 3940 1458 4023 χαλεπώτερος.
1499 3939 1598 3997 Καὶ
1654 3938 1705 3994 τί
1752 3937 1930 4018 φοϐη-

259 4028 460 4107 θέντες,
496 4032 547 4087 τί
604 4031 934 4112 θαρρήσομεν
970 4080 987 4108 ,
1036 4035 1177 4113 νοῦν,
1232 4030 1267 4086 ’ἴ
1320 4030 1505 4109 λόγον,
1567 4027 1816 4102 Habeo-iw,
1877 4028 1931 4085 ἐν

257 4123 390 4198 τρισὶ
468 4122 677 4187 τούτοις
750 4125 845 4180 τοῦ
923 4120 1159 4179 κινδύνου
1235 4120 1601 4199 σαλεύοντοςς
1680 4119 1776 4177 Καὶ
1829 4120 1930 4197 γὰρ

255 4208 446 4279 νοῆσαι
500 4208 624 4292 (81)
656 4212 923 4293 χαλεπὸν,
976 4214 1065 4270 καὶ
1115 4213 1438 4289 ἑρμηνεῦσαι
1490 4209 1806 4288 ἀμήχανον,
1838 4207 1927 4265 καὶ

256 4299 427 4369 ἀκοῆς
462 4304 867 4382 κεκαθαρμένης
898 4302 1183 4383 ἐπιτυχεῖν
1218 4301 1338 4382 (ὃὲ)
1372 4297 1777 4378 ἐργωδέστερον.

2012 3494 2294 3567 quantum
2320 3487 2429 3550 Dei
2455 3486 2678 3548 donum
2700 3486 2777 3548 sit
2797 3486 3126 3553 silenzium.
3155 3504 3227 3547 ac
3251 3485 3538 3568 loquendi
3562 3504 3668 3548 ne-

2011 3575 2286 3637 cessitate
2311 3576 2559 3638 minime
2582 3576 2971 3638 constrictum
2998 3594 3153 3652 esse,
3182 3576 3259 3638 ita
3282 3585 3343 3636 ut
3370 3593 3474 3657 pro
3495 3574 3663 3637 arbi-

2013 3674 2167 3727 tratu
2194 3666 2445 3728 alterum
2478 3667 2723 3745 eligere,
2760 3664 3014 3727 alterum
3048 3665 3252 3746 fugere
3283 3666 3479 3739 liceat,
3512 3664 3665 3727 sibi-

2018 3774 2155 3836 que,
2193 3766 2251 3816 et
2282 3757 2601 3831 sermonis,
2638 3764 2694 3816 et
2724 3754 2971 3828 silentii,
3002 3759 3161 3817 velut
3192 3755 3664 3837 dispensatorem

2014 3844 2321 3907 esse.Nam
2349 3866 2482 3908 cum
2503 3848 2695 3908 omnis
2720 3847 2906 3909 oratio
2932 3853 3145 3926 suapte
3175 3856 3385 3908 natura
3408 3842 3668 3907 imbellis

2015 3936 2110 4011 sit,
2137 3936 2429 4018 facileque
2462 3937 2840 4018 percellatur,
2869 3956 2938 3999 ac
2960 3944 3203 4019 propter
3232 3942 3661 4015 repugnantem

2016 4045 2356 4113 sermonem
2392 4026 2661 4090 libertate
2690 4035 2935 4108 careat;
2970 4037 3091 4088 tum
3124 4044 3263 4087 vero
3295 4043 3386 4098 ea,
3420 4042 3555 4106 quae
3587 4024 3667 4087 de

2014 4115 2137 4179 Deo
2159 4116 2673 4199 suscipitur,tanto
2697 4116 2829 4198 plus
2852 4117 3031 4179 habet
3050 4115 3669 4195 difﬁcultatis,quanto

2011 4206 2345 4285 subjectum
2384 4209 2577 4287 majus
2606 4218 2719 4281 est,
2754 4216 2810 4270 et
2842 4207 3002 4270 zelus
3033 4207 3310 4288 amplior,
3336 4214 3395 4268 et
3415 4204 3668 4290 pericu-

2010 4299 2133 4361 lum
2153 4297 2410 4377 gravius.
2442 4296 2591 4370 Quid
2615 4308 2810 4358 autem
2840 4306 3176 4359 metuemus
3194 4296 3226 4357 ?
3246 4296 3362 4358 Aut
3385 4295 3527 4378 quid
3552 4296 3668 4362 erit

256 4406 323 4450 ex
357 4408 481 4472 quo
512 4389 789 4453 fiduciam
821 4390 1260 4473 concipiemus?
1290 4393 1560 4454 Mensne.
1594 4404 1668 4447 an
1701 4404 1922 4461 sermo,
1956 4407 2029 4450 an
2059 4387 2295 4448 auditus
2338 4405 2471 4448 cum
2505 4387 2562 4447 in
2596 4386 2784 4448 tribus
2816 4386 2910 4448 his
2939 4386 3119 4448 rebus
3151 4385 3482 4466 periculum
3513 4404 3655 4448 ver-

256 4478 453 4541 setur?
474 4481 621 4543 Nam
654 4494 716 4543 et
740 4498 839 4543 res
866 4479 1098 4543 divinas
1130 4488 1333 4542 mente
1367 4478 1653 4554 consequi
1687 4475 1963 4554 arduum,
1993 4484 2053 4540 et
2079 4476 2277 4539 verbis
2305 4477 2607 4558 explicare
2652 4475 3029 4558 perdifﬁcile,
3079 4483 3138 4537 et
3180 4483 3457 4556 purgatas
3486 4493 3667 4539 aures

260 4570 527 4635 nancisci
562 4572 804 4654 majoris
834 4570 1055 4635 laboris
1079 4579 1137 4633 et
1168 4566 1527 4633 difﬁcultatis
1550 4574 1660 4629 est.

344 4661 458 4723 IE'.
504 4668 629 4725 Φῶς
675 4663 772 4739 μὲν
808 4666 835 4720 6
883 4663 1039 4736 Θεὸς,
1083 4662 1172 4719 καὶ
1226 4667 1339 4744 φῶς
1398 4661 1459 4715 τὸ
1504 4658 1821 4735 ἆκροτατον,
1876 4660 1925 4715 οἶ

2098 4655 2219 4719 XV.
2254 4656 2411 4718 Deus
2441 4656 2682 4738 quidem
2718 4657 2814 4719 lux
2847 4664 2959 4732 est,
2994 4664 3169 4737 atque
3199 4654 3347 4717 adeo
3378 4654 3473 4717 lux
3528 4673 3667 4717 om-

256 4752 499 4834 βραχετά
548 4772 629 4816 τις
690 4751 956 4833 ἆπορῤοὴ,
1012 4755 1100 4810 καὶ
1177 4751 1510 4829 ἀπαύγασμα
1581 4748 1733 4806 κάτω
1790 4746 1911 4828 (83)

2000 4747 2166 4809 nium
2191 4745 2823 4827 sublimissima,cujns
2840 4746 3198 4828 perexiguos
3210 4745 3453 4827 quidam
3467 4744 3655 4821 rivus,

339 4874 401 4924 ⁸7
431 4872 619 4937 Hebr.
654 4891 716 4957 ν,
753 4875 853 4938 14.
940 4874 1003 4925 ιθ
1032 4872 1060 4936 Ι
1093 4871 1233 4936 Cor.
1267 4888 1335 4949 ιι,
1366 4870 1428 4935 6.
1516 4868 1579 4919 49
1605 4867 1784 4934 ICor.
1820 4885 1901 4951 1v,

2078 4869 2140 4918 50
2170 4869 2191 4931 l
2224 4866 2362 4931 Cor.
2395 4884 2483 4949 Ill,
2508 4868 2567 4931 2.
2652 4868 2708 4918 5|
2733 4866 2905 4930 Prov.
2942 4884 3001 4942 ι,
3038 4866 3114 4930 19

349 4996 478 5093 (Ἶέ)
512 4999 572 5056 Et
603 4996 657 5093 §t
688 4996 768 5055 ἶτι
797 5000 991 5093 νήπια-ς
1034 4992 1215 5058 εἷ.8ἱο
1245 4990 1423 5056 codd.
1461 4992 1652 5055 Prave
1695 4989 1757 5051 in
1797 4989 1925 5071 ed.,

264 5078 308 5133 εἰ
336 5074 529 5162 θὶ-ξστι
560 5080 775 5162 νῇπιος,
802 5093 880 5162 εἴ,
917 5085 1033 5140 etc.

511 5149 1030 5240 Fﬂaxrt'tpdzpr,0t.
1071 5181 1099 5212 ι
1137 5157 1255 5240 Lat}
1283 5152 1483 5240 cibum
1512 5149 1756 5240 adhibe.
1795 5177 1822 5208 ι)

350 5231 711 5323 (76)-Ταχείς
741 5231 955 5323 δεῖτῶν,
989 5246 1107 5323 etc.
1137 5236 1275 5323 Bill.
1301 5256 1315 5301 ε
1359 5236 1452 5323 «ip
1483 5231 1703 5323 alienis
1731 5240 1928 5297 tamen

264 5314 946 5402 censoriam'virgulam'
964 5318 1282 5402 celerrime
1310 5314 1699 5402 arripiunt?»

350 5401 482 5484 (77)
510 5391 957 5484 ξυγχωεῖήσαιεν.
1024 5398 1123 5463 Sic
1174 5408 1297 5461 tres
1348 5391 1561 5476 Regg.,
1621 5391 1724 5455 Or.
1778 5398 1803 5454 1
1871 5403 1931 5458 et

262 5478 466 5565 Cotpb’
508 5480 575 5543 In
766 5483 1194 5565 συγχωρήσειεν.

344 5563 473 5641 (78)
507 5565 604 5624 Καὶ
634 5568 696 5621 τὸ
720 5556 806 5641 ’μὴ
836 5556 1100 5641 accaym,
1136 5568 1257 5641 etc,
1293 5579 1317 5615 ι
1341 5556 1758 5641 Neccujusvis
1786 5575 1924 5641 ser-

266 5636 464 5705 monis
490 5636 845 5708 necessitate
861 5636 1213 5721 constringi,
1243 5638 1324 5721 ita
1347 5648 1409 5700 ut
1432 5636 1681 5721 liberam
1707 5636 1924 5721 habeat

265 5721 627 5806 facultatem,
668 5744 845 5805 quem
878 5718 1613 5806 maluerit,__elig_endi_aut
1646 5718 1918 5794 cavendi,

268 5801 503 5887 sibique
523 5814 583 5869 et
596 5799 982 5887 sermonis,et
998 5800 1411 5887 _silen_tii,velut
1443 5799 1920 5887 dispensatorem

272 5879 470 5951 esse}
505 5886 709 5954 Deillo
730 5879 987 5971 namque
1002 5883 1266 5969 loquitur
1293 5879 1636 5965 Gregorius,
1662 5880 1767 5967 qui
1799 5898 1918 5944 non

2016 4990 2185 5051 sedet
2217 4990 2277 5052 in
2312 4990 2571 5067 magistri
2601 4990 2912 5065 cathedra,
2943 4989 3037 5051 cui
3068 4988 3364 5051 incumbit
3390 4987 3466 5051 de
3488 4989 3670 5051 rebus

2015 5071 2229 5133 divinis
2259 5090 2599 5134 sermonem
2634 5071 2882 5141 habere,
2918 5076 2980 5134 et
3012 5070 3188 5132 ﬁdem
3223 5070 3540 5150 explicare.

2097 5152 2219 5231 (79)
2255 5155 2354 5212 T6v
2386 5154 2560 5228 μὲν...
2586 5155 2677 5210 τὸν
2709 5152 2784 5211 δέ.
2822 5150 2921 5214 Sic
2954 5161 3075 5213 tres
3126 5148 3344 5230 Regg.,
3378 5148 3486 5214 0r.
3524 5150 3547 5211 l
3606 5153 3670 5213 et

2016 5234 2224 5297 Comb.
2266 5232 2327 5295 [n
2358 5234 2483 5307 8d,,
2517 5236 2577 5291 τὸ
2617 5235 2791 5309 μὲν...
2841 5236 2900 5289 τὸ
2928 5232 3004 5295 δέ,

2101 5314 2217 5386 (80)
2252 5316 2377 5393 Γάρ.
2414 5312 2594 5376 Deest
2622 5314 2683 5375 in
2716 5315 2865 5392 Reg.
2894 5312 2931 5393 h
2961 5321 3019 5373 et
3046 5314 3150 5393 0r.
3184 5313 3236 5393 1ἐ

2097 5394 2217 5474 (81)
2252 5389 2345 5454 Καὶ
2374 5398 2475 5474 γὰρ
2505 5401 2719 5469 νοῆσαι,
2755 5389 2872 5457 διὸ.
2906 5392 3069 5455 Plato
3102 5392 3161 5452 in
3201 5390 3436 5474 Τίηιωο,
3470 5398 3529 5474 et
3559 5389 3665 5453 Ci-

2012 5470 2151 5537 cero
2176 5470 2258 5539 De
2291 5470 2708 5542 universitate.
2737 5474 3009 5536 eamdem
3035 5472 3393 5535 sententiam
3419 5470 3664 5534 habent.

2088 5556 2578 5637 (89)'Emwxetv.
2649 5555 2855 5617 Plures
2915 5555 3105 5635 Regg.
3167 5560 3225 5615 et
3282 5552 3387 5618 0r.
3454 5554 3509 5627 1,
3571 5575 3667 5609 τυ-

2053 5652 2155 5697 εῖν.

2006 5660 2214 5798 χεῖἓὶᾶ)
2250 5718 2606 5798 ’Ᾱπαύγισμα
2635 5718 2807 5798 κάτω.
2852 5716 2952 5798 Sic
2980 5716 3129 5798 Reg.
3154 5715 3279 5792 bm,
3314 5712 3501 5779 Coisl.
3550 5716 3575 5773 1
3607 5719 3666 5775 et

2007 5798 2067 5873 2,
2101 5796 2205 5862 Orj
2240 5799 2300 5872 1,
2336 5804 2451 5860 etc.
2486 5796 2665 5862 Deest
2690 5797 2839 5855 κάτω
2868 5796 2929 5860 in
2960 5797 3058 5861 ed.
