4158 6424
119 291 245 369 193

759 303 1044 369 ORATIO
1090 290 1339 369 XXXII.
1377 340 1451 353 -
1485 306 1580 369 DE
1629 305 2176 372 MODERATIONE
2225 308 2306 390 IN
2352 305 2862 372 DISPUTANDO.

3402 311 3509 380 194

110 466 314 512 τησον.
378 445 437 504 Ei
495 442 552 501 δὲ
610 442 840 524 Ἀαρὼν,
916 440 1237 510 συνανάϐηθι
1298 443 1421 518 μὲν,
1495 443 1632 500 ἀλλὰ
1685 446 1807 508 τῆς.

1897 443 2009 501 ur?
2035 441 2109 502 At
2129 440 2411 522 quoniam
2449 439 2660 521 Moysis
2710 441 3076 504 mentionem
3139 443 3277 526 feci,
3314 464 3520 511 nonne

120 535 355 614 νεφέλης
418 533 518 599 ἔξω
577 538 729 601 στῆθι
788 532 1040 601 πλησίον.
1092 535 1146 590 Εἰ
1205 532 1258 589 δὲ
1307 531 1523 613 Ἰθάμαρ
1579 556 1682 613 τις,
1745 534 1781 601 ἥ

1897 530 2006 591 ιὶηε
2025 532 2227 607 gratiae
2249 532 2462 592 divinae
2493 531 2735 606 seriem,
2754 531 3102 612 ordinisque
3131 532 3322 613 legem
3359 537 3516 598 didi-

121 622 415 706 Ἐλεάζαρ,
471 625 581 706 καὶ,
616 625 788 703 τρίτος
820 624 926 681 ἀπὸ
958 631 1250 696 Μωϋσὲως,
1281 623 1317 691 ἢ
1367 629 1466 690 τῆς
1510 623 1785 702 γερουσίας

1897 619 2032 682 usti?
2048 619 2110 682 Si
2129 629 2348 701 Moyses
2370 621 2687 694 es,nubem
2712 640 2950 702 quoque
2970 622 3154 703 ipsam
3177 623 3514 703 ingredere,

123 737 208 780 τις
255 716 341 771 καὶ
398 715 506 771 τῶν
569 705 992 794 Ἐὸδομήκοντα,
1057 713 1132 770 ἔτι
1166 711 1432 792 πόρῤωθεν
1484 713 1656 788 στῆθι,
1691 711 1788 767 κᾶν

121 810 191 881 τῇ
251 805 434 860 στάσει
500 804 622 884 (94)
674 807 737 861 τὸ
780 805 951 874 τρίτον
1007 804 1178 885 ἔχων,
1226 805 1284 860 Ei
1316 801 1369 858 δὲ
1412 811 1504 859 τοῦ
1544 802 1675 858 λαού
1705 802 1794 857 καὶ

123 901 235 950 τῶν
296 893 510 952 πολλῶν
559 899 666 968 εἷς,
715 894 773 951 οὗ
830 895 1102 974 προσίεταί
1164 916 1222 950 σε
1282 895 1342 950 τὸ
1402 892 1547 972 ὅρος,
1594 892 1653 949 οὗ
1689 890 1787 948 κᾶν

119 987 310 1064 θηρίον
384 987 527 1065 θίγῃ,
603 983 1104 1056 λιθοϐοληθήσεται,
1204 984 1360 1042 Κάτω
1432 997 1642 1060 μεῖνον,
1702 983 1790 1039 καὶ

124 1075 305 1150 μόνης
352 1075 509 1135 ἄκουε
542 1081 641 1142 τῆς
670 1081 877 1155 φωνῆς,
912 1077 1000 1132 καὶ
1043 1075 1272 1154 ταύτης,
1319 1074 1538 1154 ἁγνίσας
1570 1074 1790 1130 σεαυτὸν

123 1166 215 1221 καὶ
243 1165 474 1242 καθάρας
508 1165 646 1244 (95),
685 1168 758 1230 ὡς
788 1164 1108 1230 ὂιατὲταξαι,

1876 720 1933 770 et
1963 708 2148 771 Deum
2182 711 2510 792 alloquere,
2547 719 2604 772 et
2629 729 2830 772 vocem
2856 710 3017 791 audi,
3053 720 3113 776 et
3135 712 3323 792 legem
3358 717 3520 779 acci-

1879 819 2048 881 pe,ac
2078 801 2238 880 leges
2267 810 2456 862 statue
2475 801 2559 863 65.
2593 801 2656 862 Si
2687 810 2885 862 autem
2921 804 3146 878 Aaron,
3179 804 3358 867 simul
3388 807 3524 887 qui-

1875 891 2009 951 dem
2041 891 2298 951 ascende
2333 909 2346 950 :
2382 909 2585 954 verum
2621 899 2782 953 extra
2835 891 3052 953 nubem
3099 893 3159 954 in
3193 895 3526 978 propinquo

1875 980 2141 1042 consiste
2165 980 2253 1044 66.
2288 978 2346 1043 Si
2380 1000 2518 1042 vero
2550 980 2808 1042 Ithamar
2860 982 3180 1062 quispiam,
3214 994 3316 1045 aut
3352 987 3526 1049 Elea-

1875 1089 1974 1132 zar
1997 1070 2083 1140 67,
2108 1081 2285 1152 atque
2313 1090 2345 1133 a
2370 1075 2566 1152 Moyse
2603 1071 2840 1152 tertius,
2865 1072 3216 1154 ordinisque
3246 1077 3529 1138 senatorii

1877 1168 1932 1221 et
1954 1179 2019 1222 ex
2045 1162 2428 1241 Septuaginta
2453 1161 2870 1242 unus,longius
2900 1162 3096 1225 adhuc
3115 1164 3362 1242 gradum
3387 1167 3524 1246 ﬁge,

129 1254 406 1334 quamvis
437 1253 648 1316 ordine
679 1254 911 1316 tertius.
949 1253 1117 1327 Quod
1166 1255 1214 1315 si
1267 1251 1536 1335 plebeius
1573 1250 1888 1333 quispiam,
1940 1251 2249 1328 inﬁmique
2291 1251 2538 1325 ordinis,
2591 1270 2759 1312 mons
2811 1252 3055 1313 minime
3105 1263 3161 1314 te
3221 1256 3525 1332 admittit;

125 1344 353 1424 quippe
379 1363 556 1425 quem
590 1344 766 1406 etiam
799 1345 848 1405 si
880 1345 1072 1406 bestia
1101 1344 1382 1420 tetigerit,
1406 1340 1702 1423 lapidibus
1733 1341 2126 1422 opprimetur.
2161 1341 2318 1404 lnfra
2357 1360 2628 1423 remane,
2654 1359 2981 1419 vocemque
3007 1342 3196 1404 solam
3225 1344 3386 1420 audi,
3425 1344 3523 1406 id-

124 1450 250 1512 que
282 1433 460 1495 etiam
491 1443 800 1516 postquam
832 1435 1116 1511 teipsum,
1150 1443 1213 1496 ut
1236 1435 1444 1514 jussus
1467 1450 1556 1506 es,
1589 1431 1918 1513 expiaveris
1947 1449 2016 1490 ac
2057 1433 2532 1512 perpurgaveris.

219 1522 333 1582 IZ'.
372 1526 472 1582 Καὶ
530 1525 621 1581 ἴνα
680 1548 737 1582 σε
796 1523 1062 1582 παιδεύσω
1109 1523 1192 1581 διὰ
1251 1523 1535 1599 πλειόνων,
1567 1525 1644 1587 τίς
1690 1529 1794 1579 τῶν

127 1615 318 1692 ἱερέων
349 1614 584 1672 ἓτελείου
614 1617 708 1680 τὰς
764 1629 1010 1695 χεῖρας;
1075 1615 1332 1683 Μωῦσῆς.
1394 1614 1481 1679 Τίς
1539 1619 1644 1669 τῶν
1699 1634 1794 1668 τε-

131 1703 463 1770 λειουμένων
517 1706 544 1761 ὁ
601 1694 860 1786 πρῶτος,
921 1694 1147 1784 Ἀαρών.
1205 1706 1301 1762 Καὶ
1333 1703 1406 1760 ἐτι
1439 1705 1540 1783 πρὸ
1570 1703 1793 1782 τούτων,

128 1795 210 1858 τίς
256 1796 326 1851 τὰ
355 1796 488 1874 πρὸς
521 1797 650 1851 Θεὸν
681 1799 748 1864 ἧν
782 1815 798 1876 ς
868 1796 966 1853 Καὶ
1023 1795 1100 1858 τίς
1133 1795 1247 1850 ἀντὶ
1290 1799 1472 1872 φωνῆς
1503 1799 1581 1868 τῷ
1632 1791 1746 1866 λαῷ
1777 1809 1794 1867 ;

1958 1519 2341 1602 XVll.Atque
2365 1531 2426 1583 ut
2454 1521 2698 1584 uberius
2731 1529 2787 1583 te
2811 1523 3122 1598 instruam,
3157 1525 3291 1600 quis
3323 1542 3529 1586 sacer-

1881 1611 2082 1672 dotum
2137 1629 2345 1672 manus
2397 1610 2814 1672 consecrabat?
2845 1611 3091 1692 Moyses.
3127 1611 3270 1685 Quis
3296 1632 3530 1690 eorum,

1880 1700 1980 1782 qui
2013 1699 2778 1781 consecrabantur,primus
2801 1707 2959 1764 erat?
2990 1706 3205 1766 Aaron.
3241 1703 3388 1776 Quis
3421 1721 3494 1767 au
3515 1737 3534 1750 -

1885 1790 2192 1871 tem,quod
2225 1800 2362 1852 ante
2393 1809 2426 1852 a
2455 1790 2627 1852 nobis
2652 1791 2877 1853 dictum
2898 1792 3177 1872 oportuit,
3205 1811 3438 1874 ea,quae
3461 1793 3536 1855 ad

137 1886 226 1948 Εἷς
260 1883 315 1940 δὲ
345 1887 412 1941 τὰ
441 1883 626 1964 ”Αγια
683 1874 792 1943 τῶν
838 1886 1000 1965 ἁγίων
1046 1885 1211 1961 εἰσῄει
1270 1885 1372 1961 τίς,
1434 1882 1577 1951 πλην
1627 1883 1795 1955 ἑνός;

1897 1880 2074 1941 Deum
2102 1880 2231 1940 591
2264 1880 2628 1960 spectabant,
2687 1881 2978 1944 curabat?
3020 1880 3166 1954 Quis
3192 1901 3398 1945 rursus
3426 1903 3542 1965 po-

133 1972 249 2030 Ἀεὶ
282 1972 338 2030 δὲ
369 1973 573 2055 οὖτοςς
621 1973 876 2052 Οὐδαμῶς
911 1995 927 2011 ο
989 1972 1109 2030 ἀλλ’
1170 1972 1307 2039 ἅπαξ
1367 1979 1461 2030 τοῦ
1532 1972 1797 2047 ἰνιαυτου,

135 2066 226 2120 καὶ
257 2065 326 2133 ἦν
377 2063 492 2127 61s.
524 2063 772 2146 "Ecpspov
817 2063 870 2120 δὲ
914 2065 1014 2132 τὴν
1066 2064 1274 2131 σκηνὴν
1303 2065 1462 2135 τίνες,
1509 2061 1650 2131 πλὴν
1694 2069 1800 2119 τῶν

139 2161 434 2224 Δευϊτῶνζ
484 2157 581 2213 Καὶ
647 2155 815 2230 οὗτοι,
873 2155 1049 2218 καθὼς
1109 2153 1434 2234 διετέτακτο,
1484 2157 1531 2212 οἱ
1582 2153 1680 2228 μὶν
1735 2153 1800 2209 τὰ

139 2245 433 2322 τιμιώτερα
463 2249 691 2322 ταύτης,
739 2248 785 2303 οἱ
841 2242 895 2301 δὲ
954 2247 1021 2302 τὰ
1075 2242 1312 2322 δεύτερα,
1370 2245 1545 2309 καθὼς
1602 2247 1637 2312 ἡ
1696 2246 1801 2299 τῶν

140 2335 412 2416 φερόντων
445 2335 558 2403 ἀξία
597 2357 614 2412 ;
648 2335 797 2394 Ἐπεὶ
830 2334 885 2392 δὲ
915 2338 1004 2394 καὶ
1051 2334 1409 2416 φυλάσσεσθαι
1442 2335 1638 2402 ταύτην
1671 2331 1798 2412 ἔδει,

144 2424 439 2504 ἰφύλασσον
468 2427 630 2500 τίνες,
664 2427 753 2483 καὶ
784 2432 898 2489 πῶς
927 2442 944 2501 ;
981 2426 1040 2483 Ol
1065 2424 1164 2501 μὶν
1191 2422 1312 2481 τόδε
1342 2425 1404 2480 τὸ
1434 2421 1612 2485 κλίτος
1651 2419 1804 2502 (96),

147 2517 194 2572 οἱ
223 2512 279 2570 δὶ
309 2514 423 2572 τόδε
456 2535 475 2553 ο
507 2517 594 2573 καὶ
619 2514 735 2575 οὐδὲ
771 2514 896 2596 (97)
931 2515 1200 2594 ἀόριστον,
1249 2511 1364 2571 οὒδὲ
1397 2513 1650 2587 ἄτακτον,
1685 2509 1801 2568 οὐδὲ

149 2609 261 2660 τῶν
308 2603 624 2686 ἔλαχίστων,
664 2598 852 2683 Ἠμιτς
906 2604 960 2661 δὲ
1019 2604 1082 2660 ἂν
1127 2613 1317 2683 μικροῦ
1344 2602 1580 2683 δοξαρίου
1611 2603 1800 2682 τύχω-

153 2714 285 2774 μεν,
346 2693 379 2761 ἢ
435 2693 549 2754 οὒδὲ
606 2697 788 2754 τούτου
836 2693 1126 2776 πολλάκις,
1190 2691 1310 2751 ἀλλ’
1370 2697 1443 2752 ὡς
1491 2691 1703 2774 ἔτυχεν,
1766 2691 1802 2760 ἢ

151 2781 244 2842 δύο
295 2783 446 2866 (98),
492 2786 526 2854 ἢ
570 2786 682 2865 τρία
725 2785 939 2866 ῥήματα
993 2790 1093 2853 τῆς
1157 2784 1369 2865 Γραφῆς
1423 2783 1806 2860 ἕκμελετάσω-

152 2895 278 2952 μιν,
342 2876 427 2930 καὶ
469 2884 630 2935 ταῦτα
673 2874 1144 2953 περικεκομμένως
1193 2875 1281 2931 καὶ
1325 2874 1567 2943 ἀνοήτως
1629 2873 1808 2952 (τοῦτο

151 2964 363 3040 ἇκεῖνο,
423 2967 457 3034 ἡ
501 2968 829 3047 αὖθημερινὴ
875 2965 1056 3047 σοφία,
1103 2966 1188 3022 καὶ
1233 2967 1261 3020 6
1321 2964 1374 3019 ἐν
1427 2962 1644 3040 Χαλάνῃ
1680 2960 1804 3042 (99)

145 3057 376 3134 πύργος,
421 3057 478 3121 ὃς
511 3059 690 3121 καλῶς
721 3055 814 3121 τας
850 3053 1099 3136 γλώσσας
1156 3055 1415 3134 ἐμέρισεν)
1451 3072 1465 3087 ·
1518 3054 1604 3109 καὶ
1666 3052 1806 3110 ἄπο-

149 3145 414 3213 νοηθῆναι
470 3143 554 3202 δεῖ
617 3147 752 3203 κατὰ
809 3144 1098 3222 Μωυσέως,
1161 3146 1250 3201 καὶ
1322 3143 1561 3223 γενέσθαι
1637 3143 1809 3199 Δαθὰν

148 3237 238 3294 καὶ
284 3231 544 3314 Ἀϐειρὼν
594 3235 715 3300 τοὺς
774 3232 1021 3316 ὑϐριστὰς
1065 3221 1152 3291 καὶ
1226 3221 1431 3297 ἀθέους.
1495 3227 1586 3287 Ὧν
1624 3221 1869 3311 φύγω-ο

145 3348 242 3404 μεν
297 3325 402 3393 τὴν
433 3322 732 3404 αὐθάδειαν,
767 3327 855 3383 καὶ
903 3324 1042 3401 μηδὲ
1100 3325 1200 3392 τὴν
1253 3323 1510 3381 ἀπὸνοιαν
1561 3322 1812 3400 μιμησώ-

143 3420 300 3493 μεθα,
340 3411 479 3486 μηδὲ
511 3416 573 3471 τὸ
605 3413 753 3481 τέλος
785 3413 1072 3492 δεξώμεθα.

1885 1969 2023 2049 pulo
2049 1969 2207 2030 vocis
2236 1969 2424 2032 instar
2452 1977 2609 2034 erat?
2640 1973 2792 2044 lam,
2831 1971 2890 2031 in
2929 1970 3145 2034 Sancta
3193 1983 3536 2035 sanctorum

1886 2059 2414 2140 cui,pra:!erquam
2449 2061 2574 2142 uni,
2596 2061 2794 2123 aditus
2825 2061 3065 2142 patebat
3091 2059 3175 2126 o‘3?
3207 2060 3542 2144 Semperne

1885 2157 2082 2211 autem
2116 2149 2202 2210 illi
2237 2149 2530 2230 patebat?
2583 2152 2967 2232 Nequaquam
2995 2175 3010 2228 ;
3074 2152 3180 2214 sed
3211 2151 3400 2215 semel
3432 2170 3541 2234 per

1884 2257 2129 2320 annum,
2165 2250 2221 2301 et
2251 2247 2468 2301 statuto
2518 2241 3069 2321 tempore.Quinam
3126 2261 3304 2322 porro
3335 2261 3540 2305 arcam

1887 2331 2214 2411 gestabant,
2250 2331 2366 2392 nisi
2401 2330 2663 2393 Levita?
2692 2330 2761 2392 E'.
2791 2351 2860 2392 ex
2913 2332 3008 2407 iis,
3061 2341 3124 2394 ut
3154 2334 3538 2396 constitutum

1889 2431 2036 2492 erat,
2073 2420 2170 2482 alii
2203 2421 2445 2501 quidem
2504 2421 2950 2501 praestantiores
3000 2423 3134 2502 ejus
3187 2433 3408 2503 partes,
3441 2421 3541 2484 alii

1887 2520 2085 2573 autem
2112 2510 2426 2571 inferiores
2447 2511 2815 2593 minorisque
2838 2512 3222 2593 pretii,prout
3253 2515 3544 2594 cujusque

1887 2600 2142 2680 dignitas
2165 2599 2422 2663 ferebat?
2447 2598 2514 2662 Et
2533 2601 2812 2682 quoniam
2833 2620 2965 2662 eam
2989 2621 3231 2682 quoque
3261 2602 3545 2664 custodiri

1891 2689 2225 2772 oportebat,
2282 2692 2521 2771 quinam
2583 2709 2736 2764 eam,
2793 2702 2853 2753 et
2896 2711 3012 2772 quo
3045 2701 3212 2774 pacto
3237 2692 3543 2754 custodie-

1893 2779 2082 2841 bant?
2109 2779 2226 2841 Alii
2284 2779 2562 2842 videlicet
2614 2781 2773 2842 aliud
2829 2780 3004 2855 latus,
3061 2781 3160 2842 alii
3187 2782 3345 2844 aliud
3384 2802 3398 2845 :
3431 2798 3544 2844 nec

1892 2869 2213 2951 quidquam
2249 2888 2368 2930 non
2399 2869 2747 2932 distinctum
2796 2881 2852 2931 et
2901 2870 3239 2932 ordinatum
3285 2880 3434 2951 erat,
3464 2887 3544 2932 ne

1895 2959 2277 3020 minimorum
2313 2958 2552 3039 quidem
2608 2978 2832 3021 rerum.
2889 2961 2964 3022 At
3007 2978 3114 3022 nos
3161 2960 3212 3022 si
3271 2960 3544 3039 exiguam

1895 3049 2208 3130 quamdam
2232 3049 2538 3128 gloriolam
2562 3053 2815 3112 assecuti
2839 3049 3152 3125 fuerimus,
3186 3069 3255 3112 ac
3287 3067 3363 3112 ne
3393 3051 3549 3111 hanc

1895 3140 2136 3221 quidem
2163 3158 2450 3220 persaepe,
2486 3159 2686 3201 verum
2712 3149 2938 3202 temere
2963 3141 3080 3202 duo
3117 3149 3216 3202 aut
3248 3139 3360 3202 tria
3379 3138 3548 3202 Scri-

1895 3241 2083 3311 pturze
2109 3229 2506 3310 verba,eaque
2534 3229 2812 3311 imperite
2848 3239 2906 3292 et
2935 3230 3178 3293 concise
3204 3229 3550 3312 perdidice-

1891 3321 2082 3383 rimus
2113 3320 2232 3397 (ilia
2287 3319 2568 3382 videlicet
2617 3321 2911 3401 sapientia
2959 3331 3047 3382 est
3079 3339 3198 3382 uno
3229 3319 3329 3382 die
3361 3326 3548 3400 parta,

1890 3421 1947 3474 et
2004 3411 2278 3475 Chalante
2330 3411 2530 3487 turris,
2577 3430 2696 3492 qua
2744 3411 2961 3488 lingua:
3015 3413 3295 3491 praeclare
3346 3409 3550 3470 divisse

139 3512 317 3581 sunt),
338 3506 474 3587 jam
507 3512 565 3565 et
595 3507 1027 3566 contumaciter
1057 3521 1234 3585 atque
1264 3506 1471 3566 insane
1511 3503 1800 3566 adversus
1840 3504 2099 3582 Moysem
2154 3501 2583 3580 insurgendum
2645 3509 2756 3581 est,
2803 3510 2860 3561 et
2910 3499 3162 3563 Dathani
3193 3511 3248 3562 et
3270 3499 3553 3563 AbIronis

143 3593 516 3658 contumelia
545 3602 604 3656 et
637 3592 913 3676 impietas
938 3593 1249 3658 imitanda.
1289 3593 1556 3668 Quorum
1592 3594 1988 3672 arrogantiam
2024 3601 2079 3653 et
2101 3593 2447 3667 amentiam,
2483 3608 2706 3672 quaeso,
2737 3590 3050 3671 fugiamus,
3086 3609 3160 3652 ne
3187 3591 3401 3654 iisdem
3436 3609 3559 3679 pag-

142 3686 235 3748 nis
263 3682 708 3767 opprimamur.

224 3775 348 3838 lH'.
415 3773 604 3832 Βούλει
663 3774 716 3831 δὲ
777 3778 865 3833 καὶ
921 3774 1091 3843 ἄλλην
1147 3797 1230 3832 σοι
1282 3776 1614 3856 παραστήσω
1643 3774 1809 3849 τάξιν,

148 3870 236 3924 καὶ
296 3867 508 3934 ταύτην
553 3865 864 3948 ἐπαινετὴν,
922 3868 1012 3923 καὶ
1042 3867 1242 3934 ταύτην
1285 3865 1429 3932 ἀξίαν
1480 3871 1579 3933 τῆς
1625 3866 1698 3930 είς
1754 3866 1815 3921 τὸ

147 3960 314 4037 παρὸν
374 3957 627 4037 μνήμης,
692 3959 782 4014 καὶ
845 3946 1164 4037 νουθεσίας,
1225 3946 1380 4036 Ὀρᾷς
1430 3963 1534 4012 τῶν
1592 3963 1816 4036 Χριστοῦ

149 4051 434 4129 μαθητῶν,
481 4049 701 4104 πάντων
745 4046 911 4105 ὄντων
981 4046 1232 4127 ὑψηλῶν,
1290 4049 1379 4103 καὶ
1434 4048 1532 4113 τῆς
1587 4046 1816 4126 ἐκλογῆς

148 4136 328 4213 ἆξίων,
363 4142 390 4195 6
425 4139 526 4214 μὲν
578 4136 746 4216 Πέτρα
805 4136 1078 4212 καλεῖται,
1135 4138 1222 4192 καὶ
1250 4141 1370 4200 τοὺς
1401 4135 1674 4213 θεμελίους
1719 4142 1818 4204 τῆς

153 4227 484 4296 Ἐκκλησίας
533 4229 862 4302 πιστεύεται,
923 4231 951 4283 6
1012 4225 1066 4282 δὲ
1139 4225 1410 4305 ἂγαπᾶται
1485 4225 1674 4296 πλέον,
1733 4232 1822 4286 καὶ

150 4318 242 4374 ὶπί
274 4320 338 4376 τὸ
402 4319 600 4384 στῆθος
637 4327 731 4376 τοῦ
789 4319 871 4386 (Ι)
941 4316 1119 4384 Ἰησοῦ
1173 4315 1520 4390 ἀναπαύεται,
1583 4318 1670 4373 καὶ
1731 4315 1822 4396 φέ-

153 4430 328 4485 ρουσιν
388 4411 436 4466 οἱ
483 4406 669 4464 λοιποὶ
699 4407 798 4474 τὴν
857 4407 1208 4483 προτίμησιν.
1242 4403 1534 4472 Ἀναϐἦναι
1567 4403 1620 4461 δὲ
1654 4407 1728 4470 εἷς
1759 4407 1820 4461 τὸ

153 4497 274 4575 ὅρος
318 4497 546 4578 δεῆσαν,
581 4495 674 4553 ἵνα
705 4501 776 4574 τῇ
806 4503 986 4576 μορφῇ
1045 4495 1263 4573 λάμψῃ,
1315 4497 1404 4552 καὶ
1461 4495 1562 4563 τὴν
1591 4495 1819 4562 ϐιότητα

156 4585 472 4668 παραδείξῃ,
520 4589 608 4643 καὶ
666 4586 925 4666 γυμνώσῃ
998 4598 1091 4642 τὸν
1151 4583 1204 4640 ἐν
1274 4592 1343 4662 τῇ
1387 4586 1540 4664 σαρκὶ
1582 4587 1817 4664 κρυπτό-

1979 3770 2188 3834 XVIII.
2228 3771 2328 3862 Vis
2359 3771 2517 3862 aliud
2550 3789 2790 3852 quoque
2839 3769 3070 3836 ordinis
3115 3778 3173 3839 et
3220 3763 3557 3862 disciplinas

1900 3863 2238 3944 exemplum
2274 3861 2332 3922 in
2365 3860 2628 3924 medium
2657 3862 3170 3947 proferam,idque
3204 3860 3552 3949 praclarum

1900 3961 1958 4013 et
1990 3951 2313 4035 laudabile,
2351 3953 2728 4036 ais-praesenti
2782 3959 3354 4022 commemoratione
3379 3970 3558 4044 atque

1902 4044 2312 4106 admonitione
2337 4046 2632 4126 imprimis
2655 4047 2930 4125 dignum?
2969 4046 3153 4110 Vides
3177 4054 3562 4129 quemadmo-

1904 4134 2045 4195 dum
2073 4153 2139 4195 ex
2166 4134 2386 4198 Clu-isti
2415 4136 2749 4217 discipulis,
2788 4141 3015 4217 magnis
3049 4138 3254 4220 utique
3281 4142 3564 4207 omnibus

1908 4233 1966 4285 et
1989 4225 2447 4306 excelsis,atque
2481 4227 2779 4288 electione
2801 4227 3022 4304 dignis,
3048 4228 3146 4291 hic
3184 4233 3354 4294 Petra
3379 4251 3559 4296 voce-

1911 4313 2585 4395 tur69,atquel£cclesiasf
2587 4317 2949 4378 undamenta
2963 4319 3016 4378 ic
3029 4319 3104 4379 [id
3115 4338 3206 4380 em
3225 4338 3391 4382 suam
3408 4324 3563 4386 acci—

1905 4405 2050 4486 piat,
2079 4404 2180 4466 ille
2212 4405 2540 4484 impensius
2570 4412 2827 4479 ametur,
2864 4415 2922 4468 et
2949 4427 3129 4488 supra
3181 4421 3388 4489 pectus
3415 4411 3561 4476 Jesu

1904 4500 2240 4577 requiescat
2269 4497 2429 4572 70,ac
2461 4496 2676 4576 reliqui
2709 4496 2989 4578 discipuli
3017 4517 3118 4559 eos
3147 4500 3262 4561 sibi
3291 4503 3561 4582 praeferri

1905 4605 2073 4667 aequo
2106 4585 2304 4648 animo
2337 4586 2551 4648 ferant.
2586 4584 2740 4661 Jam,
2774 4606 2906 4649 cum
2940 4588 2999 4649 in
3053 4599 3316 4652 montem
3343 4611 3560 4655 ascen-

164 4699 345 4753 μενον,
393 4677 538 4740 τίνες
596 4673 1062 4733 συναναϐαίνουσιν
1117 4674 1202 4755 (οὒ
1249 4677 1348 4753 γὰρ
1391 4675 1584 4738 πάντες
1643 4675 1807 4732 ἐπόπ-

1905 4676 2169 4738 dendum
2193 4675 2498 4757 fuisset,ut
2520 4674 2796 4739 Christus
2820 4696 3104 4759 corporea
3131 4679 3320 4744 forma
3349 4684 3559 4764 splen-

158 4789 242 4824 ται
302 4777 395 4827 τοῦ
474 4766 818 4846 θαύματος),
898 4764 1119 4843 Πέτρος,
1209 4767 1295 4820 καὶ
1379 4761 1658 4841 Ἰάκωϐος,
1732 4766 1818 4822 καὶ

159 4855 441 4931 Ἰωάννης,
503 4858 551 4912 οἱ
603 4857 705 4934 πρδι
761 4861 869 4912 τῶν
922 4853 1098 4914 ἄλλων
1130 4856 1219 4910 καὶ
1263 4853 1411 4918 ὄντες
1442 4856 1532 4911 καὶ
1562 4857 1817 4934 ἀριθμού-

163 4967 335 5020 μενοι.
370 4953 625 5027 Παρεϊναι
682 4945 737 5001 δὲ
781 4941 1102 5024 ἔγωνιῶντι,
1149 4946 1237 5000 καὶ
1294 4943 1660 5025 ἀναχωροῦντι
1717 4971 1814 5024 μι-

1903 4765 2072 4828 deret
2103 4766 2249 4839 7l,et
2275 4765 2645 4828 divinitatem
2671 4785 2836 4828 suam
2863 4767 3247 4848 patefaceret,
3273 4791 3554 4855 eumque,

1903 4857 2002 4937 qui
2026 4875 2203 4918 carne
2228 4856 2560 4937 tegebatur,
2598 4855 2848 4918 nudaret
2876 4867 3054 4940 atque
3100 4861 3383 4945 aperiret,
3417 4863 3557 4945 qui-

1903 4966 2036 5008 nam
2071 4947 2248 5008 simul
2273 4947 2606 5009 ascendunt
2655 4948 2790 5028 (nec
2820 4949 2981 5010 enim
3029 4969 3242 5014 omnes
3269 4953 3343 5014 ad
3378 4954 3556 5034 hujus

246 5062 318 5152 εξῆ
337 5064 528 5152 Εξοό.
561 5065 755 5152 ιιχλ3
783 5083 938 5152 sqq._
1005 5059 1062 5105 ⁸⁸
1091 5059 1703 5152 Ειοᾶζξιινέ-ξιισ.
1786 5068 1840 5114 ⁸⁷
1870 5068 2087 5151 Exod,
2119 5086 2328 5149 nvm,
2363 5071 2387 5131 1
2422 5088 2556 5151 sqq.
2641 5067 2698 5112 ⁸⁸
2731 5070 2912 5134 Levit.
2940 5088 3063 5150 XVI,
3097 5072 3158 5149 2;
3191 5073 3375 5137 Hebr.
3395 5076 3548 5152 Ix,7.

167 5143 233 5195 69
262 5145 468 5209 Matth.
499 5163 615 5230 xvx,
646 5143 742 5212 l8.
829 5145 1087 5208 701mm.
1117 5159 1242 5220 xm,
1276 5145 1374 5204 25.

254 5264 378 5356 (91)
417 5265 521 5324 Κᾶν
549 5269 618 5337 τῆ
650 5269 852 5327 στάσει.
893 5273 1008 5328 etc.
1043 5263 1182 5327 Bill.
1221 5282 1234 5329 :
1279 5290 1305 5320 α
1340 5265 1605 5347 sedeque
1641 5272 1817 5337 tertia

168 5363 506 5427 acquiesco.

172 5427 370 5560 {0:36)
436 5430 696 5509 Καθάρας.
769 5429 900 5492 Duo
960 5425 1144 5506 Regg.
1225 5434 1285 5490 et
1359 5425 1465 5497 0r.
1551 5435 1606 5516 1,
1685 5441 1819 5494 καθ-

418 5595 490 5651 Τδ
520 5592 718 5654 κλίτοςι
767 5587 973 5652 SChOl-
1004 5609 1020 5650 ε
1083 5592 1154 5646 Τὸ
1201 5588 1383 5671 μέρος.
1426 5621 1452 5658 (ι
1488 5594 1608 5664 Alii
1641 5596 1816 5673 hanc,

177 5667 272 5728 alii
305 5669 463 5734 illam
498 5678 750 5752 partem.
786 5692 812 5730 ι

1467 5144 1516 5193 7¹
1545 5143 1746 5214 Matth.
1780 5170 1921 5227 xvu,
1969 5157 1988 5210 1
2034 5143 2164 5233 sqq.

1980 5276 2100 5355 197)
2129 5274 2278 5355 Οὒδὲγ.
2308 5276 2453 5355 Reg.
2490 5275 2612 5338 bm.
2649 5283 2712 5338 et
2742 5275 2904 5350 Bas.,
2940 5274 3107 5337 οὐδέν.

1984 5295 2100 5355 Iul)
2129 5295 2278 5336 υυοε.
2309 5295 2394 5335 ne
2440 5321 2453 5334 .
2490 5295 2612 5338 um.
2649 5295 2712 5338 et
2742 5295 2904 5350 bas.,
2940 5295 3107 5337 ososv.

1984 5356 2104 5435 (98)
2141 5356 2224 5413 "Et
2249 5354 2361 5417 δύο.
2388 5295 2484 5418 Sic
2510 5356 2686 5418 codd.
2714 5360 2880 5418 deest
2910 5355 2942 5424 ἥ
2973 5355 3034 5416 in
3067 5357 3164 5418 ed.

1980 5437 2357 5518 (99))ἰαλάνῃ
2437 5435 2796 5518 Ουογίὶθεε.
2861 5445 2920 5498 et
2989 5435 3092 5518 Or.
3151 5443 3207 5517 l,
3275 5440 3549 5518 Χαλάννη,

1909 5541 1933 5576 α
1969 5517 2249 5582 Chalanze
2282 5518 2480 5592 turris,
2523 5541 2546 5575 ι
2583 5517 2639 5577 id
2667 5529 2778 5590 est,
2820 5539 2842 5571 α
2882 5517 3060 5578 turris
3089 5518 3288 5584 Babel.
3324 5547 3351 5575 ι.

1986 5604 2071 5681 (1)
2102 5602 2223 5660 τοῦ.
2259 5598 2437 5660 Deest
2459 5601 2521 5659 in
2555 5598 2743 5660 tribus
2777 5599 2964 5677 Regg.
3000 5607 3056 5659 et
3090 5597 3194 5664 0r.
3232 5607 3289 5666 1.
