4158 6438
250 358 363 434 197

246 508 418 585 καιρῷ
452 527 466 541 ⁸
582 510 694 584 καὶ,

252 618 354 672 μου
387 596 481 677 (9)
514 614 529 628 ’
580 599 690 678 καὶ,
724 595 881 675 Ἰδοὺ,
935 600 998 659 τὰ
1058 598 1222 680 χείλη
1267 622 1374 675 μου
1416 599 1476 656 ού
1529 598 1608 675 μὴ
1639 595 1865 655 κωλύσω
1901 613 1915 628 ⁸

252 687 342 743 καὶ
397 695 615 744 τοιαῦτα
670 688 785 768 ἐρεῖ
840 688 1277 769 μεμελετημένα,
1344 691 1434 747 καὶ
1487 687 1757 768 ὡρισμένα
1816 684 1914 765 ῥή-

256 797 398 850 ματα
430 798 446 849 ;
481 779 618 856 Πρὸς
644 776 704 833 ’ὃν
735 775 816 834 δει
852 780 1038 858 πράως
1098 782 1188 836 καὶ
1243 780 1322 853 μὴ
1378 777 1640 859 χαλεπῶς
1673 775 1917 843 ἀπαντῆ-

256 886 344 921 σαι
391 879 510 931 τοῖς
554 865 761 945 λόγοις,
828 868 1063 929 ἐντεῦθεν
1123 865 1468 933 διδὰσκοντας
1500 868 1625 943 (10)
1658 863 1915 931 εὐταξίαν.

257 956 330 1013 Ob
359 962 562 1029 σιωπᾷν
587 956 985 1039 διακελεύομαι,
1046 962 1092 1015 ὦ
1149 958 1449 1040 σοφώτατε,
1504 955 1642 1014 ἀλλὰ
1690 963 1769 1032 μὴ
1822 978 1913 1035 φι-

256 1042 511 1111 λονείκως
570 1045 820 1105 ἴστασθαι
853 1048 870 1080 ‘
935 1048 995 1107 οὒ
1042 1048 1293 1128 κρύπτειν
1345 1049 1443 1116 τὴν
1476 1046 1751 1127 ἆλήθειαν,
1781 1043 1920 1101 ἀλλὰ

259 1136 337 1211 μὴ
378 1134 643 1194 διδάσκειν
672 1138 817 1217 παρὰ
846 1138 939 1195 τὸν
969 1141 1131 1215 νόμον
1167 1136 1321 1219 (11).
1377 1138 1523 1217 Ἐγὼ
1564 1142 1772 1213 πρῶτος
1810 1141 1918 1191 τῶν

258 1225 616 1284 ἰπαινούντων
643 1228 750 1303 εἰμὶ
782 1229 994 1309 σοφίαν,
1025 1228 1125 1285 κᾶν
1153 1241 1272 1290 τοῖς
1329 1228 1489 1291 θείοις
1521 1225 1705 1306 λόγοις
1736 1226 1918 1305 ἀσχο-

257 1314 555 1396 λουμένων,
626 1317 662 1385 ἢ
715 1317 1074 1399 ἇσχολεῖσθαί
1129 1338 1190 1396 γε
1241 1316 1584 1395 βουλομένων
1620 1334 1635 1348 ⁸
1695 1323 1784 1374 καί
1843 1315 1921 1390 μὴ

256 1427 387 1463 ποτε
418 1408 520 1485 πρὸ
552 1407 747 1475 ταύτης
781 1430 832 1465 τι
883 1408 1029 1475 θείην
1074 1412 1173 1475 τῆς
1225 1406 1513 1489 ἀσχολίας,
1549 1405 1687 1474 μηδὲ
1730 1403 1920 1462 ταλαί-

259 1518 433 1575 πωρος
463 1496 553 1554 ὑπ’
613 1498 777 1567 αὐτῆς
838 1500 1120 1575 ἀκούσαιμι
1178 1499 1276 1567 τῆς
1325 1499 1550 1581 Σοφίας,
1604 1508 1679 1563 ὼς
1737 1497 1922 1578 σοφίαν

258 1589 347 1644 καὶ
406 1585 653 1644 παιδείαν
684 1587 988 1654 ὲξουθενῶν,
1049 1589 1242 1667 Φεύγω
1294 1586 1338 1645 δ’
1400 1589 1549 1665 ὅμως
1582 1590 1643 1646 τὸ
1668 1586 1919 1666 ἄμετρον,

260 1678 350 1734 καὶ
406 1676 622 1748 κολάζω
663 1678 792 1757 (12)
854 1679 954 1747 τὴν
1000 1677 1299 1746 ἂπληστίαν
1332 1694 1347 1708 ·
1410 1681 1498 1736 καὶ
1555 1678 1717 1759 ἀργὸς
1778 1678 1922 1734 εἶναι

262 1765 469 1843 μᾶλλον
528 1776 624 1827 τοῦ
675 1766 910 1844 δέοντος,
984 1768 1021 1836 ἢ
1078 1768 1353 1848 περίεργος
1414 1766 1671 1848 δέχομαι,
1737 1765 1798 1823 ἂν
1844 1766 1921 1842 μὴ

892 362 1175 439 ORATIO
1219 364 1471 438 XXXII.
1520 406 1594 419 --
1640 364 1737 437 DE
1784 364 2337 438 MODERATIONE
2384 363 2461 437 IN
2508 372 3021 441 DISPUTANDO.

3534 377 3651 443 198

811 507 1065 580 Ἀλήειαν
1176 509 1466 587 μετελήσει
1577 510 1605 565 ὁ
1715 502 1908 586 λάρυγξ

2017 519 2125 564 ἀηι
2152 504 2481 567 Dominum
2504 506 2571 567 in
2593 508 3054 586 omnitempore
3081 506 3130 551 εί
3158 528 3174 580 ;
3210 517 3295 584 et,
3323 503 3649 572 Veritatem

2004 593 2399 657 meditabitur
2424 604 2643 672 guttur
2673 614 2869 658 meum
2902 596 2965 646 82
2991 613 3006 671 ;
3032 606 3111 678 et,
3137 599 3289 661 Ecce
3317 598 3484 660 labia
3520 616 3653 661 mea

2003 699 2123 744 non
2151 684 2484 763 prohibebo
2506 683 2604 758 83;
2642 694 2699 746 et
2728 686 2842 748 alia
2874 704 3007 765 quae
3030 687 3089 748 in
3122 686 3391 750 eamdem
3413 693 3655 751 senten-

2006 772 2144 833 tiam
2173 774 2451 835 meditata
2471 794 2535 835 ac
2556 775 2800 837 definita
2817 775 2959 839 595
2976 776 3317 839 testimonia
3336 776 3655 859 producet?

2002 860 2110 925 Cui
2133 861 2352 924 leniter
2373 873 2430 924 et
2453 867 2585 926 sine
2600 866 2950 948 acerbitate,
2972 876 3035 928 ut
3051 868 3189 928 hinc
3206 885 3447 948 quoque
3469 866 3655 929 animi

2003 952 2472 1016 moderationem
2492 956 3286 1029 doceamus,occurrendum
3305 968 3416 1021 est.
3439 961 3574 1023 Non
3596 968 3654 1021 te

2004 1047 2200 1104 tacere
2227 1042 2438 1123 jubeo,
2471 1043 2559 1105 vir
2606 1045 3071 1125 sapientissime,
3105 1046 3212 1108 sed
3270 1065 3303 1107 a
3360 1049 3648 1129 pertinaci

1999 1133 2388 1194 contentione
2417 1132 2752 1196 abstinere:
2792 1154 2907 1197 non
2960 1134 3271 1198 veritatem
3323 1140 3647 1205 occultare.

2004 1221 2109 1282 sed
2144 1232 2359 1301 praeter
2380 1222 2570 1301 legem
2601 1244 2718 1285 non
2743 1226 2984 1288 docere.
3010 1227 3160 1288 Nam
3188 1235 3246 1287 et
3266 1226 3396 1308 ipse
3419 1228 3510 1288 vel
3539 1229 3657 1307 pri-

2007 1330 2139 1373 mus
2169 1314 2331 1374 inter
2355 1333 2458 1375 eos
2490 1333 2705 1378 numen
2750 1316 3057 1395 profiteor,
3082 1316 3181 1397 qui
3210 1316 3562 1395 sapientiam
3596 1328 3655 1380 et

2005 1402 2334 1464 doctrinam
2363 1403 2636 1467 laudibus
2666 1406 2941 1481 efferunt,
2977 1416 3156 1487 atque
3188 1406 3248 1467 in
3280 1407 3496 1469 divinis
3527 1426 3655 1470 ser-

2007 1493 2285 1554 monibus
2315 1494 2622 1576 sacrisque
2671 1495 2883 1557 studiis
2930 1506 3163 1577 tempus
3201 1505 3375 1578 atque
3406 1516 3651 1578 operam

2010 1593 2256 1663 ponunt,
2283 1592 2384 1644 aut
2412 1594 2575 1646 certe
2610 1604 2835 1665 ponere
2868 1588 3113 1666 cupiunt
3142 1603 3156 1648 :
3191 1605 3260 1648 ac
3299 1589 3458 1650 Deus
3487 1589 3653 1664 faxit,

2007 1691 2085 1735 ne
2113 1673 2253 1753 quid
2297 1692 2555 1755 unquam
2589 1676 2727 1737 huic
2758 1675 3134 1756 occupationi
3177 1680 3653 1756 praevertendum

2008 1762 2243 1836 ducam,
2274 1782 2348 1823 ne
2373 1763 2595 1843 alioqui
2625 1764 2699 1825 ab
2729 1764 2858 1846 ipsa
2886 1765 3190 1846 Sapientia
3235 1764 3416 1828 miser
3443 1768 3657 1849 appel-

261 1830 542 1937 bppéttpa
618 1830 920 1938 διαφεύγειν
989 1830 1109 1935 biit,
1149 1830 1160 1847 Ι
1188 1830 1284 1914 καὶ.
1340 1830 1449 1914 τοῦ
1476 1830 1732 1936 ’μετρίου
1798 1830 1920 1935 (1'3)-

2017 1854 2121 1929 Ier,
2151 1867 2216 1917 ut
2247 1830 2596 1934 sapientiam
2631 1864 2688 1916 et
2719 1830 3119 1917 eruditionem
3160 1874 3454 1936 spernens
3482 1830 3559 1939 δε,
3587 1876 3659 1921 ac

259 1962 549 2026 τυγχανειν
584 1961 599 1976 ⁶
665 1949 755 2004 καὶ
810 1944 1109 2027 δειλότερος
1176 1946 1384 2023 μᾶλλον
1439 1955 1534 2004 τοῦ
1594 1945 1828 2020 δέοντος,
1886 1945 1923 2015 ἢ

260 2039 600 2118 θρασύτερος,
656 2039 730 2094 Σὺ
788 2036 843 2095 δὲ
901 2051 1083 2099 ποιεῖς
1142 2037 1545 2119 παραπλήσιον,
1578 2037 1758 2117 ὥσπερ
1789 2038 1850 2094 ἂν
1881 2047 1927 2103 εἰ

261 2126 543 2185 κωλύοντά
581 2149 648 2204 με
709 2133 914 2211 τροφῆς
971 2129 1247 2208 ἀμετρίαν,
1306 2130 1397 2186 καὶ
1454 2127 1679 2187 καθόλου
1725 2129 1926 2209 τροφὴν

261 2217 493 2275 κωλύειν
548 2224 789 2296 κατῃτιῶ
824 2238 841 2255 ⁶
887 2219 924 2288 ἢ
984 2221 1074 2277 καὶ
1142 2218 1449 2299 τυφλότητα
1507 2218 1774 2300 ἐπαινεῖν,
1809 2242 1925 2277 σωο·

258 2309 469 2388 φρόνως
502 2310 627 2389 όρᾷν
671 2309 1077 2389 εἰσηγούμενον.

2011 1962 2119 2025 pro
2151 1944 2338 2005 nihilo
2371 1947 2623 2007 ducens.
2658 1946 2899 2008 Interim
2948 1954 3142 2007 tamen
3171 1964 3479 2009 excessum
3515 1952 3653 2030 vito,

2009 2045 2070 2097 et
2099 2034 2526 2115 inexplebilem
2558 2034 2943 2117 cupiditatem
2977 2054 3229 2098 coerceo
3256 2056 3271 2110 ;
3302 2037 3655 2120 malimque,

2009 2124 2062 2189 si
2090 2125 2238 2187 mihi
2264 2134 2582 2206 utrumque
2608 2126 2909 2205 fugere,ac
2929 2126 3403 2188 mediocritatem
3420 2130 3659 2210 assequi

2010 2235 2127 2279 non
2156 2215 2355 2298 liceat,
2377 2215 2556 2278 nimis
2588 2222 2830 2295 ignavus
2856 2234 3014 2293 esse,
3043 2235 3222 2297 quam
3257 2218 3435 2281 nimis
3462 2219 3661 2283 curio-

2010 2324 2157 2380 sus;
2190 2323 2261 2369 ac
2291 2308 2469 2368 nimis
2500 2307 2772 2381 timidus,
2804 2325 2980 2388 quam
3014 2308 3193 2369 nimis
3235 2308 3427 2371 audax
3472 2316 3532 2372 et
3562 2318 3655 2373 te-

260 2402 582 2489 merarius.
612 2403 693 2466 At
723 2410 785 2464 tu
813 2401 978 2465 idem
1004 2404 1251 2466 omnino
1286 2402 1433 2465 mihi
1461 2402 1659 2468 facere
1688 2402 1929 2481 videris,
1982 2424 2053 2469 ac
2109 2403 2159 2465 si
2220 2423 2340 2484 me,
2395 2402 2717 2465 immodico
2765 2403 2897 2465 cibo
2926 2403 3033 2466 tibi
3064 2404 3550 2479 interdicentem,
3586 2426 3658 2470 eo
3728 2454 3729 2457 η

262 2492 506 2556 nomine
536 2508 873 2568 accusares,
905 2496 1074 2572 quasi
1105 2494 1180 2557 ab
1212 2494 1375 2556 omni
1404 2493 1749 2557 universum
1781 2494 2065 2559 alimento
2114 2494 2221 2555 tibi
2262 2494 2685 2556 abstinendum
2737 2513 2869 2556 esse
2920 2495 3398 2576 praescriberem;
3439 2507 3539 2559 aut
3579 2499 3655 2561 ad

266 2588 437 2646 caste
467 2582 801 2665 pudiceque
824 2582 1194 2649 cernendum
1222 2584 1583 2661 hortantem,
1619 2586 1868 2667 perinde
1897 2585 2329 2666 criminareris,
2363 2584 2531 2665 quasi
2560 2586 2882 2647 cmcitatem
2920 2584 3195 2649 laudibus
3251 2586 3553 2652 efferrent.

357 2667 492 2736 ΚΧ.
532 2678 589 2734 Εἰ
630 2677 750 2750 (14)
803 2676 917 2734 ἔστι
974 2699 1058 2735 σοι
1116 2676 1275 2757 λόγος
1353 2678 1635 2757 συνέσεως,
1697 2678 1922 2762 ἀποκρί-

2085 2678 2234 2744 XXI.
2258 2682 2327 2742 Si
2348 2686 2437 2743 est
2462 2680 2575 2742 tibi
2592 2697 2788 2743 sermo
2802 2681 3171 2761 prudentiae,
3197 2680 3390 2762 inquit
3413 2682 3536 2757 ille,
3564 2701 3657 2746 re-

271 2770 423 2848 θητι,
485 2768 638 2847 φησὶ,
691 2768 781 2826 καὶ
822 2766 989 2834 oblisi;
1048 2768 1077 2826 ό
1134 2767 1389 2826 κωλύσων
1420 2785 1435 2801 ⁶
1490 2771 1534 2826 εὶ
1573 2767 1629 2827 δὲ
1680 2771 1783 2853 μὴ,
1843 2770 1923 2827 δε-

2017 2771 2360 2853 rpondemec
2375 2772 2687 2851 qulsquam
2706 2769 3169 2851 prohibebit:sin
3189 2770 3661 2842 minus,hcereat

270 2857 411 2934 σμὸς
468 2858 658 2915 κείσθω
714 2870 834 2921 σοῖς
908 2856 1141 2939 χείλεσι.
1206 2857 1365 2932 Πόσῳ
1445 2857 1647 2935 μᾶλλον
1705 2860 1922 2939 ἁρμόζει
2007 2858 3363 2934 vinculumlabiistuis“.Quantocommodius
3385 2863 3577 2925 hocin
3596 2882 3660 2925 e-

264 2954 424 3005 τοῦτο
490 2960 607 3011 τοῖς
667 2948 739 3010 εἷς
772 2949 833 3005 τὸ
864 2945 1129 3006 διδάσκειν
1160 2946 1391 3024 ἑτοίμοις
1429 2968 1445 3024 ς
1480 2950 1537 3007 Et
1569 2949 1665 3025 μὲν
1695 2948 1807 3007 ἔστι
1840 2971 1923 3006 σοι

2017 2952 2204 3031 os,qui
2219 2950 2291 3012 ad
2307 2949 2643 3012 docendum
2660 2948 2997 3031 promptiac
3010 2950 3197 3030 parati
3211 2951 3660 3022 sunt,adhiberi

258 3040 471 3118 καιρὸς,
518 3034 721 3103 δίδαξον
756 3052 772 3068 ⁶
832 3039 876 3095 εί
924 3034 980 3095 δὲ
1036 3038 1141 3114 μὴ,
1198 3038 1300 3107 την
1352 3036 1602 3118 γλῶσσαν
1659 3036 1920 3110 πεδήσας.

2017 3039 2291 3123 queat?Si
2311 3040 2418 3101 tibi
2446 3047 2679 3120 tempus
2702 3040 2972 3115 est,doce
2991 3061 3008 3113 ;
3028 3038 3121 3101 sin
3147 3040 3369 3114 minus,
3388 3041 3657 3105 revincta

260 3127 421 3186 λῦσον
477 3128 574 3197 τὴν
630 3128 822 3199 ἀκοήν,
885 3127 1094 3186 Μελέτα
1150 3129 1248 3205 μέν
1307 3129 1363 3185 ὲν
1406 3142 1527 3193 τοῖς
1568 3129 1749 3200 θείοις,
1802 3128 1923 3186 ἀλλ’

2017 3130 2418 3209 lingua,aures
2441 3129 2625 3191 solve.
2647 3129 2937 3191 Meditare
2962 3138 3021 3190 tu
3045 3128 3500 3212 quidem,atque
3522 3132 3661 3193 ani-

264 3218 405 3276 εἵσω
429 3225 537 3275 τῶν
568 3216 704 3294 ὅρων
737 3217 934 3294 μένων.
994 3217 1237 3300 Φθέγγου
1287 3219 1389 3296 μὲν
1443 3220 1511 3276 τὰ
1538 3226 1632 3276 τοῦ
1675 3220 1923 3295 Πνεύμα-

2017 3238 2109 3281 mo
2140 3236 2380 3281 versare
2408 3219 2469 3280 in
2503 3219 2681 3280 rebus
2724 3217 2960 3290 divinis,
2993 3228 3271 3281 caeterum
3305 3219 3460 3283 intra
3508 3222 3661 3284 ﬁnes

260 3330 386 3390 τος,
419 3310 529 3383 καὶ,
578 3310 623 3365 εί
667 3306 910 3385 δυνατὸν,
958 3308 1084 3384 μηδ’
1121 3308 1245 3389 (15)
1279 3307 1410 3367 ἄλλο
1439 3332 1491 3366 τι
1515 3325 1531 3342 ⁸
1583 3311 1673 3367 καὶ
1701 3310 1923 3390 φθέγγου

2017 3316 2067 3372 te
2098 3309 2437 3372 continens.
2470 3307 2741 3387 Loquere
2803 3316 2860 3369 tu
2917 3308 3161 3389 quidem
3210 3327 3278 3370 ea
3337 3328 3470 3390 quae
3518 3324 3661 3376 sunt

271 3396 482 3477 μᾶλλον
510 3398 548 3465 ἣ
600 3395 819 3455 ἀνάπνει
870 3396 1058 3478 (καλὸν
1101 3399 1201 3478 γὰρ
1257 3404 1413 3457 τοῦτο
1456 3400 1544 3456 καὶ
1603 3397 1800 3475 ἔνθεον,
1859 3406 1923 3478 τῇ

2017 3399 2287 3481 Spiritus,
2316 3417 2411 3471 ac,
2439 3396 2488 3459 si
2520 3397 2649 3459 fieri
2682 3405 2902 3478 potest,
2928 3416 3003 3459 ne
3034 3397 3192 3458 aliud
3217 3397 3461 3480 quidem
3490 3400 3665 3479 quid-

260 3490 458 3566 μνήμῃ
489 3494 597 3546 τῶν
627 3489 802 3563 θείων,
862 3488 942 3545 ἀεὶ
1005 3487 1131 3568 (16)
1175 3490 1528 3568 κεντρίζεσθαι
1581 3490 1712 3567 πρὸς
1744 3491 1923 3567 Θεόν),

260 3574 387 3635 ἀλλ’
447 3575 481 3632 ἂ
523 3577 901 3659 προσετάχθης
951 3575 1353 3655 διανοούμενος.
1435 3578 1525 3646 Μὴ
1583 3578 1929 3658 περιεργάζου

262 3668 472 3745 [ἰατρὸς
503 3669 653 3747 φύσιν
707 3668 857 3747 (17),
919 3668 1040 3725 Υἱοῦ
1102 3667 1224 3740 (18)
1283 3675 1602 3747 μονογενοῦς
1656 3669 1924 3743 οὐσίωσιν,

261 3757 578 3832 ῐΙνεύματος
609 3754 760 3822 δόξαν
790 3758 880 3815 καὶ
910 3756 1150 3834 δύναμιν,
1184 3757 1283 3825 τὴν
1333 3760 1458 3835 μίαν
1510 3758 1565 3813 ἐν
1621 3762 1739 3823 τοῖς
1790 3768 1926 3839 τρισὶ

266 3846 499 3914 θεότητα
554 3848 642 3903 καὶ
685 3845 1067 3927 λαμπρότητα,
1125 3849 1227 3916 τὴν
1278 3846 1562 3926 ἀμέριστον
1612 3850 1701 3906 καὶ
1744 3850 1920 3929 φύσιν,

264 3940 356 3995 καὶ
408 3934 723 4015 ὁμολογίαν,
787 3939 876 3994 καὶ
926 3935 1107 4003 δόξαν(
1177 3940 1266 3995 καὶ
1322 3946 1428 3996 τῶν
1492 3939 1924 3997 πεπιστευκότων

270 4024 479 4089 ἐλπίδα,
540 4026 730 4107 ’Ἐχου
786 4033 895 4084 τῶν
953 4028 1257 4109 συντρόφων
1324 4029 1580 4107 ῥημάτων
1616 4048 1630 4063 ·
1694 4032 1721 4086 ὁ
1765 4028 1926 4107 λόγος

272 4114 413 4172 ἴστω
454 4121 563 4173 τῶν
592 4117 931 4196 σοφωτέρων.
964 4114 1152 4197 Ἀρκεῖ
1182 4140 1263 4174 σοι
1295 4120 1385 4175 τὸν
1434 4117 1678 4195 θεμέλιον
1723 4116 1872 4199 ἔχειν
1907 4138 1919 4150 ·

268 4204 698 4281 ἆποικοδομείτω
755 4205 810 4263 δὲ
860 4210 889 4265 ὁ
945 4211 1228 4287 τεχνίτης.
1290 4206 1479 4288 Ἀρκεῖ
1535 4217 1613 4283 τῷ
1657 4206 1798 4288 ἄρτῳ
1826 4211 1926 4277 τὴν

263 4296 484 4378 καρδίαν
542 4300 875 4377 στηρίζεσθαι
910 4319 924 4333 ·
986 4302 1053 4356 τὰ
1097 4298 1207 4376 ὄψα
1253 4298 1309 4357 δὲ
1336 4314 1456 4366 τοῖς
1486 4300 1759 4365 πλουσίοις
1789 4322 1925 4380 σαγ-

264 4388 551 4470 χώρησον.
589 4387 768 4454 Οὐδεὶς
800 4393 963 4469 κρίνει
1010 4412 1096 4470 σε,
1157 4392 1235 4468 μὴ
1289 4391 1545 4471 τρέφοντα
1594 4389 1922 4467 πολυτελῶς,

266 4483 378 4538 τῶν
407 4485 525 4535 νοῦν
549 4480 794 4559 ἑχόντων
827 4494 840 4509 ‘
878 4478 998 4537 ἀλλ’
1057 4480 1147 4538 ἐὰν
1193 4482 1271 4558 μὴ
1314 4484 1555 4559 παραθῇς
1603 4481 1780 4560 ἄρτον,
1810 4504 1924 4558 μη-

268 4566 328 4623 δᾶ
357 4569 580 4644 ποτίσῃς
607 4566 771 4647 ὕδωρ,
808 4566 986 4626 εἵτουν
1046 4572 1296 4644 μαθητὴν
1353 4578 1579 4649 Χριστοῦ
1606 4570 1758 4648 (19),
1815 4571 1928 4628 εἴτε

269 4655 436 4714 ἄλλον
484 4660 603 4715 τινὰ
658 4658 825 4739 μέχρι
882 4660 1085 4717 τούτων
1135 4658 1451 4737 δυνάμενος.
1486 4663 1575 4729 Μὴ
1605 4660 1713 4719 ῗσθι
1763 4663 1929 4743 ταχὺς

265 4748 325 4806 ἰν
355 4745 565 4827 λόγοις,
626 4730 670 4817 ἡ,
722 4730 881 4830 ibet:
940 4730 1300 4809 διαγελεύεταί
1367 4768 1496 4808 σοι’
1554 4752 1631 4826 μὴ
1674 4730 1927 4830 συμπανρη
1953 4730 1995 4782 D

265 4839 531 4914 εκτείνου,
562 4838 732 4906 πένης
762 4840 861 4914 ὢν,
906 4838 1167 4915 πλουσίῳ,
1232 4839 1370 4917 μηδέ
1411 4848 1563 4913 ζητει
1613 4847 1720 4898 τῶν
1750 4849 1927 4923 σοφῶν

2012 3508 2186 3570 quam
2227 3490 2470 3570 loquere
2499 3507 2515 3562 ;
2543 3488 2664 3547 imo
2696 3487 2874 3548 etiam
2908 3486 3178 3549 crebrius
3206 3487 3660 3570 loquere,quam

2009 3580 2271 3659 reapires
2306 3578 2643 3658 (pulchrum
2678 3577 2837 3639 enim
2869 3596 2937 3639 ac
2963 3577 3227 3639 divinum
3258 3589 3347 3640 est
3380 3596 3486 3661 per
3514 3580 3662 3642 divi-

2011 3687 2221 3730 narum
2254 3685 2454 3730 rerum
2489 3666 3119 3729 commemorationem
3146 3667 3220 3730 ad
3258 3667 3363 3731 Dei
3388 3686 3659 3732 amorem

2009 3768 2294 3841 perpetuo
2319 3758 2703 3828 exstimularii
2737 3807 2751 3829 ,
2777 3758 2878 3819 sed
2917 3758 3016 3834 ita,
3044 3766 3109 3820 ut
3139 3777 3231 3840 ea,
3256 3778 3389 3841 qua)
3411 3759 3516 3821 tibi
3541 3761 3660 3823 im-

2010 3862 2214 3931 perata
2245 3858 2407 3923 sunt,
2433 3849 2677 3928 cogites.
2707 3852 2797 3914 Ne
2828 3847 3022 3911 Patris
3054 3858 3321 3911 naturam
3353 3850 3529 3913 anxie
3560 3851 3661 3911 in-

2009 3941 2228 4021 quiras,
2255 3939 2557 4019 Unigeniti
2592 3949 2807 4015 ortum,
2831 3938 3085 4021 Spiritus
3116 3942 3301 4002 sancti
3320 3940 3571 4020 gloriam
3601 3950 3663 4005 et

2011 4034 2376 4113 potentiam:
2411 4050 2611 4110 unam,
2650 4030 2918 4113 inquam,
2952 4039 3013 4094 et
3044 4031 3314 4093 eamdem
3346 4030 3408 4092 in
3470 4031 3660 4094 tribus

2011 4122 2286 4202 personis
2313 4121 2592 4182 deitatem
2627 4131 2685 4182 et
2717 4121 3072 4202 claritatem,
3100 4120 3463 4183 individuam
3496 4122 3659 4185 illam

2011 4220 2299 4281 naturam,
2341 4228 2406 4271 ac
2439 4209 2907 4287 confessionem,
2931 4220 2989 4272 et
3019 4212 3292 4288 gloriam,
3323 4219 3381 4274 et
3411 4212 3664 4275 creden-

2010 4301 2155 4363 tium
2188 4320 2379 4382 spem.
2405 4299 2601 4363 Verba
2631 4319 2723 4372 ea.
2750 4300 2967 4382 quibus
2997 4303 3172 4364 simul
3206 4321 3339 4363 cum
3367 4303 3518 4365 lacte
3543 4304 3663 4365 im-

2010 4391 2189 4454 butus
2212 4411 2297 4472 es,
2324 4392 2625 4453 mordicus
2648 4396 2839 4454 retine
2866 4410 2881 4467 ;
2907 4393 3207 4453 sermonis
3228 4402 3425 4454 autem
3450 4402 3512 4456 et
3537 4394 3660 4456 dis-

2014 4482 2333 4565 putationis
2363 4500 2566 4543 curam
2596 4481 3027 4545 eruditioribus
3076 4483 3315 4546 manda.
3348 4483 3504 4545 Satis
3552 4503 3662 4546 su-

2014 4590 2239 4653 perque
2264 4572 2366 4633 tibi
2392 4581 2480 4633 est
2512 4571 2965 4634 fundamentum
2998 4572 3221 4635 habere
3247 4593 3261 4633 :
3292 4581 3667 4653 superstruat

2012 4664 2390 4726 architectus.
2439 4662 2583 4724 594
2621 4662 2854 4725 Sufﬁcit
2900 4661 3008 4723 tibi
3052 4680 3157 4725 cor
3210 4680 3361 4743 pane
3401 4662 3661 4729 fulcire:
3776 4686 3777 4689 ‘

2011 4753 2261 4815 obsonia
2293 4752 2551 4833 copiosis
2601 4762 2658 4813 et
2689 4751 3087 4834 locup'etibus
3134 4753 3431 4836 relinque.
3468 4751 3662 4817 Nemo

2010 4861 2189 4906 sanus
2220 4861 2292 4904 ac
2343 4842 2609 4923 prudens
2650 4851 2710 4905 te
2758 4842 3086 4919 accusabit,
3122 4843 3169 4904 si
3225 4843 3542 4924 splendide
3596 4862 3668 4908 ac

349 4954 400 5000 ⁸¹
437 4956 595 5021 Psal.
629 4975 831 5033 xum,
863 4957 923 5024 2.
1011 4957 1070 5010 8²
1096 4957 1271 5025 Prov.
1304 4977 1429 5043 vui,
1463 4962 1523 5024 7.
1610 4959 1664 5004 ⁸³
1693 4959 1849 5026 Psal.
1877 4981 1923 5026 ιε

2017 4981 2079 5040 x,
2111 4966 2208 5026 10.
2295 4964 2359 5014 81
2380 4962 2516 5046 Sap.
2552 4980 2637 5039 ιιι,
2682 4965 2775 5027 ll.
2859 4963 2913 5007 ⁸⁵
2942 4962 3217 5043 Εοειὶην,
3258 4970 3355 5028 Η.

358 5091 461 5179 (9)¹
502 5093 785 5179 Ἀλήθειαν
808 5096 1101 5179 ,μελετήσει
1162 5100 1189 5156 ὁ
1234 5097 1427 5179 λάρυγξ
1487 5120 1613 5177 μου,
1648 5095 1786 5162 Hagc
1818 5099 1929 5162 de-

274 5170 510 5258 suntin
539 5174 772 5258 duobus
804 5170 988 5258 Regg.
1026 5187 1084 5240 et
1112 5179 1219 5242 0r.
1250 5170 1307 5240 ιζ

538 5254 807 5341 Ἠν-εὐθεν
838 5336 853 5341 Δ
886 5251 1251 5327 διδάσκοντας.
1322 5258 1503 5325 Cois].
1568 5263 1624 5341 Ι,
1690 5262 1933 5326 ἐνταῦθα.

271 5334 344 5400 In
370 5336 749 5419 quibusdam,
781 5336 1140 5419 διδάσκοντες.

519 5419 666 5502 Παρᾷ
698 5417 791 5476 τὸν
812 5422 1005 5502 νόμον,
1041 5418 1144 5485 Or.
1187 5421 1239 5500 1,
1264 5421 1505 5502 ύπὲρέτὸν
1536 5422 1719 5502 νόμον.

353 5497 481 5573 (12)
514 5497 889 5581 Κολέζῳδίο.
913 5502 1063 5581 Reg.
1101 5497 1234 5579 bm,’
1255 5497 1436 5563 Coisl.
1467 5503 1526 5578 1,
1558 5499 1662 5566 Or.
1698 5504 1931 5578 l,Bas.,

273 5578 514 5675 Coti-tl“)?
553 5588 669 5675 etc.
694 5578 759 5642 In
790 5580 913 5675 φάη
937 5578 1299 5675 Σχολάζωιὶε
1333 5581 1572 5675 alien:

345 5660 488 5759 υ(13)
537 5662 641 5800 Eoi”:
670 5662 904 5738 μετρίου.
936 5660 1035 5726 Sic
1067 5672 1186 5725 tres
1217 5661 1405 5742 Begg.
1440 5673 1502 5727 et
1523 5661 1627 5726 Or.
1663 5672 1722 5729 t.
1759 5664 1933 5727 Deest

345 5761 458 5800 utn
501 5762 535 5800 Θ
584 5790 598 5800 .

274 5761 458 5801 τουιη
501 5761 598 5805 θα.

364 5820 484 5906 (14)
520 5824 599 5885 εἰ.
634 5818 737 5886 Or.
771 5823 803 5884 1
843 5823 1028 5906 addit,
1067 5827 1191 5897 μέν.

2100 5098 2224 5180 (15)
2270 5097 2432 5167 Μηδ’.
2469 5098 2617 5180 Reg.
2646 5096 2755 5180 illi,
2794 5096 2986 5180 μηδέν.

2093 5176 2220 5257 (l6)
2268 5182 2456 5259 Θείων,
2488 5179 2591 5261 ἀεί.
2638 5176 2736 5241 Sic
2769 5180 2889 5241 duo
2910 5179 3122 5261 Regg.,
3148 5177 3251 5245 Or.
3278 5183 3337 5258 1,
3371 5187 3429 5242 et
3454 5179 3673 5246 Comh.

2022 5263 2203 5324 Deest
2232 5261 2311 5317 ἀεί
2342 5261 2403 5322 in
2436 5260 2534 5323 ed.

2095 5342 2211 5415 (17)
2271 5344 2472 5422 Πατρὸς
2531 5342 2705 5423 φύσιν.
2767 5341 2968 5405 Schol.
3009 5355 3023 5402 :
3062 5341 3192 5423 ἰδοὺ
3250 5344 3404 5421 φύσιν
3448 5341 3669 5400 ἐκάλεσε

2014 5426 2114 5493 τὴν
2142 5431 2235 5505 τού
2264 5421 2468 5500 Πατρὸς
2490 5421 2615 5498 μίαν
2636 5425 2952 5505 ςὸπσστασιν·
2998 5445 3019 5477 ι
3066 5421 3225 5505 ΔΕοιςο
3255 5426 3526 5486 naturam
3559 5441 3673 5505 ap-

2020 5502 2258 5587 pellavit
2290 5522 2466 5565 unam
2495 5502 2684 5565 Patris
2736 5503 3205 5585 subsistentiam,
3264 5522 3400 5584 seu,
3454 5502 3670 5585 perso-

2024 5604 2245 5648 naua.»

2100 5666 2227 5745 (18)
2259 5669 2398 5727 rio-3.
2435 5663 2611 5726 Deest
2642 5662 2699 5724 in
2734 5665 2920 5726 tribus
2942 5666 3125 5745 Regg.
3154 5677 3212 5728 et
3240 5662 3345 5730 Or.
3383 5674 3436 5729 l.

2102 5748 2229 5828 (19)
2264 5746 2453 5804 Εῗτουν
2510 5749 2757 5828 μαθητὴν
2813 5755 3062 5827 Χριστοῦ,
3123 5749 3249 5810 Duo
3304 5746 3514 5827 ἣξει,
3576 5749 3671 5809 εἰτ’

2020 5837 2109 5888 οὖν
2123 5827 2126 5828 ν
2141 5836 2368 5909 Χριστοῦ
2404 5827 2648 5905 μαθητὴν
2659 5871 2671 5884 .
