4158 6434
514 328 623 394 I99
1764 328 1825 397 S.
1873 332 2149 398 GREGOI

2279 328 2387 393 ΤΗ
2403 322 2674 391 EOLOGI
3798 324 3922 395 900

506 464 819 546 magniﬁce
850 486 1078 530 caenam
1115 486 1232 529 non
1285 467 1678 531 instruxeris:
1717 488 1926 531 verum
1959 468 2035 541 si,
2070 485 2138 528 ve

2250 469 2391 522 εἶναι
2454 483 2775 543 σουρωτερος.
2851 463 3041 544 Σοφία,
3117 465 3310 521 καὶτὸ
3371 464 3656 543 γινώσκειν
3704 464 3920 538 ιαῦτὸν,

505 554 727 618 Christi
757 556 1076 639 discipulo,
1104 559 1192 619 vel
1226 558 1486 637 cuipiam
1520 559 1617 621 alii
1652 578 1863 639 panem
1898 577 2013 620 non
2044 576 2149 637 ap-

2262 553 2400 611 me.
2445 552 2524 629 μὴ
2552 551 2942 631 ὑπεραίρεσθαι,
2977 550 3111 628 μηδὶ
3145 555 3337 610 ταυτὸν
3368 566 3489 617 ταῖς
3542 566 3751 633 φωναῖς
3806 554 3917 609 vrri-

508 646 805 722 posueris,
831 656 937 708 aut
968 666 1137 723 aqua:
1172 647 1446 727 poculum
1485 668 1599 709 non
1635 648 1991 728 porrexeris,
2019 663 2149 707 cum

2252 666 2431 723 σχειν,
2494 644 2551 697 α’ἱ
2606 641 2884 703 παντελῶς
2943 640 3303 724 ὶκλείπουσιν,
3349 643 3441 700 ἰὰν
3499 644 3915 723 ὕπερφωνῶνται

508 732 565 794 id
596 732 698 794 tibi
726 754 833 814 per
863 735 1171 798 facultates
1204 747 1331 799 tuas
1361 738 1559 810 liceat,
1587 747 1704 798 tum
1748 738 1989 799 demum
2014 736 2149 814 jure

2246 731 2313 789 δι’
2354 732 2629 811 ἓιμετρίαν.
2684 731 2944 809 Κρεϊττον
2976 732 3104 789 ὄντα
3154 733 3342 813 σοφὸν,
3403 733 3642 813 ὑφίεσθαι
3686 729 3757 787 δι’
3786 732 3917 789 ὄπι-

507 838 578 885 ac
600 825 814 886 merito
829 826 1351 887 condemnaberis.
1369 828 1511 890 Noli
1532 829 1695 889 celer
1711 846 1835 889 esse
1852 829 1915 887 in
1934 844 2029 886 ver
2041 826 2149 905 bis,

2246 824 2466 897 είκειαν,
2530 822 2565 887 ἧ
2625 820 2841 895 ἆμαθῶς
2914 822 3111 902 ἔχοντα
3174 820 3259 878 διὰ
3307 822 3498 902 θράσος
3543 823 3914 901 ὑπερεκτείνε-

504 912 787 976 admonet
817 916 1067 997 Sapiens
1096 915 1190 991 θος
1223 936 1333 979 nec
1367 918 1562 997 inopia
1595 916 1892 989 laborans,
1934 926 1988 977 te
2019 933 2149 975 cum

2244 916 2385 976 σθαι.
2447 913 2518 971 Τὸ
2572 911 2742 991 τάχος
2788 909 2928 968 ἴστω
2982 934 3067 968 σοι
3123 913 3291 991 μέχρι
3337 916 3433 978 τῆς
3493 909 3806 990 ὁμολογίας,
3854 912 3913 967 εἴ

508 1002 805 1083 locuplete
828 1025 1129 1085 compara,
1161 1026 1267 1068 nec
1288 1008 1654 1087 sapientibus
1678 1006 2003 1086 sapientior
2024 1021 2149 1066 esse

2241 1024 2368 1060 ποτε
2413 1000 2535 1077 (20)
2580 1007 2777 1068 ταύτην
2833 1001 3190 1069 ἆπαιτηθείης
3228 1023 3242 1038 ·
3318 1004 3380 1059 τὸ
3423 998 3478 1057 δί
3524 1002 3652 1079 δπὲρ
3708 1002 3910 1068 ταύτην

502 1091 1066 1175 afl‘ecta.Sapienti:e
1083 1116 1520 1177 quoquegenus
1541 1112 1622 1158 εει
1641 1097 1932 1177 ,seip~um
1956 1112 2149 1168 nosse,

2243 1094 2387 1149 εἶναι
2433 1088 2766 1168 δειλότερος.
2805 1088 2956 1149 Ἐκεῖ
2988 1090 3085 1166 μὲν
3130 1092 3233 1168 γὰρ
3273 1092 3310 1159 ἡ
3368 1088 3655 1170 βραδυτης,
3688 1088 3910 1147 ινταύοα

499 1199 567 1242 ac
600 1200 717 1243 non
768 1182 1093 1246 immodice
1143 1185 1366 1252 efferri.
1402 1187 1744 1266 eodemque
1809 1185 2007 1254 modo,
2044 1202 2149 1263 quo

2242 1181 2295 1237 δὲ
2327 1184 2361 1249 ἡ
2392 1180 2633 1260 ταχυτὴς
2667 1179 2785 1258 ἔχει
2811 1182 2904 1237 τὸν
2933 1178 3191 1240 κίνδυνον.

514 1294 709 1359 voces,
740 1278 919 1340 afﬁci.
949 1299 1103 1360 quae,
1139 1281 1187 1341 si
1221 1282 1635 1344 vehementius
1668 1281 2134 1353 contendantur,
2169 1284 2413 1359 propter
2442 1291 2755 1336 excessum
2800 1276 3046 1335 omnino
3088 1272 3404 1337 deﬁciunt.
3468 1275 3735 1353 Praestat,
3768 1291 3906 1335 cum

497 1365 707 1427 doctus
738 1372 838 1441 sis,
872 1370 953 1431 ob
982 1370 1502 1431 mansuetudinem
1530 1380 1587 1431 et
1620 1370 1801 1431 animi
1831 1370 2169 1449 aequitatem
2202 1364 2474 1428 consulte
2506 1363 2751 1463 cedere,
2770 1380 2975 1463 quam,
3003 1382 3145 1463 cum
3170 1362 3511 1427 eruditione
3533 1380 3763 1463 careas,
3800 1380 3911 1463 per

500 1455 877 1518 insolentiam
902 1476 972 1521 ac
1005 1459 1394 1521 temeritatem
1438 1460 1615 1521 altius
1656 1460 1878 1520 eIIorri.
1918 1458 2202 1521 Celeritas
2245 1465 2341 1516 tua
2394 1470 2581 1553 usque
2611 1450 2857 1553 adnﬁdei
2890 1452 3329 1553 con-fessionem
3380 1451 3820 1553 progrediatur,
3855 1452 3910 1512 si

502 1547 738 1625 quando
771 1564 802 1607 a
829 1555 884 1607 te
917 1550 1200 1627 poscitur.
1238 1549 1391 1610 ultra
1422 1567 1551 1610 eam
1574 1561 1773 1611 autem
1805 1549 2162 1609 tiuiidioiem
2189 1555 2246 1608 te
2280 1562 2413 1607 esse
2436 1542 2646 1605 velim.
2675 1538 2821 1604 Nam
2852 1550 2917 1604 ut
2950 1541 3073 1605 illic
3105 1541 3377 1618 tarditas,
3410 1542 3488 1603 ita
3519 1540 3618 1603 hic
3649 1542 3903 1604 festina-

502 1634 585 1694 tio
620 1634 958 1714 periculosa
987 1648 1097 1701 est.

583 1725 765 1789 XXII.
784 1727 932 1801 Quid
953 1739 1151 1792 autem
1172 1738 1282 1810 est,
1303 1731 1693 1812 quamobrem
1714 1750 1889 1810 grave
1908 1740 1965 1792 et
1981 1748 2149 1792 acer-

2328 1726 2463 1789 KB'.
2511 1727 2571 1785 τί
2600 1748 2683 1783 σοι
2714 1724 2910 1799 δεινὸν,
2965 1728 3056 1782 ὶὰν
3087 1730 3167 1802 μὴ
3196 1733 3326 1784 πᾶσι
3356 1725 3536 1805 λόγοις
3572 1724 3907 1786 Momms.

506 1816 647 1878 bum
681 1826 873 1897 putes,
911 1819 960 1879 si
996 1839 1112 1880 non
1148 1821 1204 1881 in
1238 1822 1403 1882 omni
1435 1822 1837 1902 disputatione
1872 1822 2151 1882 domine-

505 1904 610 1982 ris,
642 1916 816 1988 atque
850 1908 910 1969 in
942 1909 1105 1969 omni
1139 1908 1510 1989 problemate
1540 1921 1639 1972 aut
1668 1911 1995 1990 quaestione
2027 1910 2151 1989 pri-

511 1995 756 2059 mariam
781 1998 986 2061 sedem
1021 1999 1318 2080 obtineas,
1343 2018 1550 2061 verum
1582 2000 1682 2062 alii
1716 2019 1794 2072 te,
1822 2001 1911 2061 vel
1934 1999 2157 2060 doctio-

507 2102 627 2153 res.
666 2084 757 2146 vel
784 2085 1133 2149 audaciores
1186 2087 1615 2152 inveniantur?
1641 2092 1762 2152 Deo
1794 2092 1999 2170 gratim
2050 2093 2156 2149 tia-

507 2174 780 2247 beantur,
803 2179 990 2255 quod,
1020 2186 1081 2238 ut
1106 2180 1323 2240 eximia
1350 2181 1617 2259 largitur,
1642 2180 1719 2240 ita
1753 2198 1857 2261 per
1886 2197 2152 2240 commu-

505 2264 601 2325 nia
633 2265 806 2327 saluti
857 2266 1162 2327 hominum
1215 2269 1532 2332 consulere
1586 2271 1761 2331 norit.
1800 2270 1991 2349 Atque
2045 2270 2158 2333 hoc

506 2354 853 2417 miraculum
889 2375 1009 2417 non
1042 2357 1099 2417 in
1134 2359 1406 2420 doctrina
1440 2367 1661 2420 tantum
1704 2379 1769 2421 ac
1799 2359 2155 2439 diSputatio-

506 2443 702 2523 nibus,
729 2444 833 2505 sed
865 2444 924 2505 in
948 2446 1075 2526 ipsa
1108 2466 1344 2529 quoque
1373 2449 1578 2510 mundi
1610 2449 1922 2511 effectione
1958 2449 2152 2510 locum

505 2532 727 2594 habere
759 2536 1116 2615 comperies,
1155 2537 1202 2597 si
1255 2539 1520 2599 animum
1554 2537 1902 2599 adverteris.
1947 2536 2153 2619 Neque

501 2622 659 2683 enim
687 2624 744 2684 in
769 2622 950 2687 rebus
975 2626 1192 2689 creatis
1216 2626 1713 2690 excellentissima
1729 2648 1983 2710 quinque
2007 2646 2152 2691 non-

503 2712 803 2774 nullorum
844 2714 1145 2797 duntaxat,
1181 2717 1284 2778 sed
1339 2718 1604 2779 omnium
1662 2727 1813 2792 saut,
1850 2729 2027 2799 atque
2078 2717 2151 2780 ad

504 2822 686 2863 unum
715 2804 995 2885 idemque
1026 2814 1429 2869 creaturarum
1465 2827 1649 2887 genus
1679 2808 2014 2870 communis
2046 2806 2154 2869 Dei

501 2896 688 2971 gratia
724 2893 1029 2957 dimanat:
1084 2916 1277 2976 neque
1313 2897 1370 2957 in
1423 2897 1562 2958 fidei
1613 2899 1862 2971 ratione,
1898 2918 1989 2979 ea,
2024 2916 2155 2978 quae

503 2984 753 3045 salutem
776 2984 1053 3065 afferunt,
1077 2986 1475 3066 potentiorum
1499 2988 1777 3068 surit,sed
1805 2988 2152 3055 volentium.

2240 1842 2361 1898 σης,
2394 1819 2481 1875 καὶ
2524 1818 2625 1885 τὴν
2671 1815 2950 1896 προεδρίαν
3005 1817 3145 1896 ἔχης
3190 1817 3275 1873 ἐπὶ
3332 1820 3528 1881 παντὸς
3581 1814 3906 1895 προϐλήμα-

2236 1933 2349 1986 τος,
2385 1911 2421 1977 ἧ
2450 1912 2788 1985 ζητήματος,
2824 1905 2946 1964 ἀλλ’
3000 1908 3170 1987 ἓτεροὶ
3221 1929 3315 1965 σου
3359 1913 3620 1985 φανῶσιν,
3654 1908 3691 1974 ἦ
3719 1909 3907 1988 σοφώ-

2237 2022 2404 2081 τεροι,
2433 2002 2470 2067 ἢ
2497 2001 2805 2080 θρασύτεροι
2845 2017 2863 2071 ;
2896 2005 2984 2073 Τῷ
3041 1999 3157 2074 Θεῷ
3208 1998 3395 2078 χάρις,
3428 1997 3511 2053 ὅτι
3546 1999 3633 2054 καὶ
3665 1999 3728 2053 τὰ
3759 1995 3909 2063 lia!-

2238 2112 2362 2169 ρετα
2393 2087 2595 2169 δίδωσι,
2654 2091 2740 2145 καὶ
2782 2087 2868 2145 διὰ
2911 2094 3019 2145 τῶν
3076 2091 3295 2163 κοινῶν,
3352 2088 3542 2159 σώζειν
3601 2086 3908 2152 ἐπίσταται,

2242 2182 2340 2238 Καὶ
2369 2182 2527 2236 τούτο
2558 2181 2616 2237 οὑ
2647 2181 2765 2257 περὶ
2816 2176 3008 2257 λόγους
3068 2178 3231 2253 μόνον
3285 2176 3411 2256 (21)
3446 2179 3509 2234 τὸ
3537 2184 3735 2257 θαῦμα,
3768 2176 3910 2235 ἀλλὰ

2239 2271 2328 2325 καὶ
2356 2272 2475 2348 περὶ
2506 2270 2607 2335 τὴν
2636 2266 2987 2347 δημιουργίαν
3018 2268 3208 2339 αὐτὴν,
3264 2268 3317 2323 εἴ
3366 2288 3496 2324 ποτε
3547 2268 3905 2335 κατενόησας,

2239 2357 2369 2416 Οὔτε
2408 2360 2462 2416 ἂν
2514 2371 2634 2422 τοῖς
2695 2360 2951 2433 κτίσμασι
2995 2359 3061 2414 τὰ
3092 2358 3335 2435 πρωτεῖά
3528 2358 3687 2414 τινών
3732 2356 3903 2433 ἑστιν,

2240 2447 2377 2505 ἀλλὰ
2404 2450 2643 2524 πάντων,
2677 2450 2766 2506 καὶ
2824 2450 2982 2516 κοινη
3044 2449 3205 2529 χάρις
3264 2450 3357 2505 τοῦ
3387 2449 3503 2511 ἑνὸς
3533 2446 3850 2523 πλάσματος
3884 2463 3903 2478 ·

2238 2538 2355 2595 οὔτε
2386 2537 2440 2595 ιν
2470 2544 2540 2616 τῇ
2563 2540 2737 2596 πίστει
2770 2538 2837 2595 τὰ
2866 2537 3105 2608 σώζοντα
3154 2540 3259 2594 τῶν
3316 2535 3706 2617 δὲνατωτέρων,
3752 2536 3898 2593 ἀλλὰ

2236 2636 2345 2685 τῶν
2401 2627 2768 2706 βουλομένωι.
2830 2628 2891 2685 Τί
2939 2625 3160 2684 κάλλιον
3207 2626 3386 2706 ἀέρος,
3442 2628 3630 2706 πυρὸς,
3686 2623 3904 2706 ὕδατος,

2238 2720 2366 2797 γῆς,
2398 2720 2585 2794 ὑετῶν,
2620 2724 2841 2797 καρπῶν
2900 2717 3118 2795 ἡμέρων
3176 2737 3233 2773 τε
3283 2718 3371 2773 καὶ
3401 2717 3621 2794 ἀγρίων,
3679 2715 3904 2793 στέγης,

2239 2806 2527 2884 ἐνδύματος
2564 2828 2581 2890 ς
2638 2810 2850 2865 Τούτων
2898 2808 2933 2876 ἡ
2964 2806 3218 2883 μετουσία
3262 2808 3443 2881 κοινὴ,
3506 2806 3614 2861 τῶν
3672 2804 3774 2880 μὲν
3817 2809 3909 2862 καὶ

2237 2900 2569 2976 παντάπασι,
2604 2905 2707 2954 τῶν
2739 2895 2793 2953 δὲ
2827 2898 3054 2976 μετρίως
3090 2916 3105 2931 ’
3143 2898 3230 2954 καὶ
3285 2892 3453 2961 οὐδεὶς
3511 2895 3652 2953 οὕτω
3708 2895 3907 2973 τύρανο

2244 2946 2541 2957 ..-,.......-.
2613 2946 2703 2954 ν-.
2743 2946 2793 2953 ν-
2872 2946 2927 2953 --
2966 2946 3053 2961 -..,
3145 2946 3230 2954 η..-
3288 2946 3451 2961 ηπ-.
3516 2946 3647 2953 ---ᾖ
3720 2946 3862 2973 --,._-

2238 3011 2349 3069 νος,
2380 2988 2519 3047 ὥστε
2552 2946 2713 3064 μόνος
2752 2946 3050 3044 ἀπδλαιὲσαι
3082 2992 3181 3053 τῆς
3214 2990 3399 3053 κοινῆς
3452 2986 3700 3066 χάριτος,
3735 2984 3907 3041 Ἀνα-

502 3069 650 3143 Quid
701 3072 1034 3153 pulchirius
1090 3092 1253 3149 aere,
1290 3077 1451 3155 igne,
1485 3096 1661 3157 aqua,
1696 3086 1875 3152 terra,
1913 3079 2148 3158 pluviis,

2241 3077 2410 3135 τέλλει
2442 3079 2533 3134 τδν
2577 3076 2730 3145 ἥλιον
2795 3076 3095 3152 ὁμοτίμως,
3153 3077 3339 3157 βρέχει
3372 3076 3648 3142 πλουσίοις
3678 3077 3765 3133 καὶ
3797 3076 3904 3133 πέ-

502 3159 813 3242 fructibus,
850 3163 1053 3223 sativis
1077 3164 1245 3243 juxta
1272 3176 1330 3227 et
1358 3166 1721 3243 agrestibus,
1757 3176 1933 3243 tecto,
1965 3168 2145 3231 indu-

2241 3189 2360 3235 νησι
2398 3187 2410 3199 ·
2444 3167 2603 3235 κοινὴ
2634 3168 2817 3233 νυκτὸς
2877 3168 2965 3222 καὶ
3018 3165 3223 3245 ἡμέρας
3254 3165 3556 3247 ἑναλλαγὴ,
3588 3167 3768 3223 κοινὸν
3798 3164 3910 3223 δῶ-

505 3252 771 3313 nientis?
804 3251 979 3333 Atqui
1025 3254 1150 3315 haec
1180 3264 1316 3316 sunt
1366 3256 1688 3335 ejusmodi,
1725 3265 1787 3317 ut
1838 3276 2047 3321 omnes
2082 3260 2149 3323 iis

2241 3280 2323 3332 ρον
2354 3257 2549 3337 ὑγίεια,
2604 3258 2783 3322 κοινὸς
2827 3254 2949 3334 ὅρος
2986 3253 3111 3335 (23)
3142 3260 3311 3331 ζωῆς,
3373 3258 3550 3313 κοινὸν
3577 3258 3769 3331 μέτρον
3821 3269 3909 3323 αεὶ

502 3341 901 3403 communiter
919 3351 1161 3406 utantur
1186 3363 1201 3422 ;
1225 3344 1435 3426 partim
1460 3346 1701 3427 quidem
1722 3347 1967 3411 omnino
1992 3369 2153 3412 com-

504 3429 790 3505 muniter,
809 3432 1024 3510 partim
1050 3433 1121 3493 ad
1147 3434 1465 3515 quamdam
1492 3435 1963 3499 mediocritatem
1992 3457 2005 3501 :
2040 3457 2151 3501 nec

501 3519 812 3603 quisquam
836 3520 985 3583 adeo
1010 3530 1294 3603 tyrannus
1316 3532 1427 3600 est,
1445 3532 1508 3586 ut
1531 3526 1833 3588 communi
1856 3526 2149 3591 beneficio

495 3610 660 3699 solus
684 3611 931 3673 fruatur.
959 3610 1115 3674 Deus
1141 3615 1300 3675 enim
1334 3614 1523 3677 solem
1555 3634 1729 3677 suum
1754 3635 1922 3699 aeque
1954 3618 2149 3680 omni-

500 3698 608 3762 bus
638 3699 784 3762 oriri
817 3700 955 3763 facit
982 3700 1035 3744 37
1062 3726 1077 3778 ;
1111 3702 1389 3767 divitibus
1436 3724 1504 3767 ac
1555 3698 1919 3787 pauperibus
1952 3708 2100 3788 pluit
2131 3729 2147 3787 ;

490 3791 830 3852 communis
854 3791 971 3854 diei
1005 3793 1319 3875 noctisque
1342 3796 1656 3857 alternatio
1684 3806 1742 3858 et
1766 3795 2144 3876 vicissitudo,

495 3898 816 3945 commune
829 3881 1051 3944 donum
1073 3884 1664 3965 sanitas,communis
1680 3886 1815 3947 vitae
1834 3889 2147 3969 terminus,

498 3972 836 4033 communis
867 3990 1148 4034 mensura
1179 3982 1238 4034 et
1265 3974 1452 4053 gratia
1489 3976 1776 4056 corporis,
1811 3978 2148 4041 communis

496 4078 781 4122 sensuum
815 4062 901 4124 vis
931 4071 991 4124 et
1017 4062 1265 4126 facultas
1294 4085 1309 4140 ;
1342 4084 1411 4128 ac
1443 4065 1693 4129 fortasse
1730 4066 1843 4129 hoc
1877 4068 2143 4147 nomine,

495 4147 733 4209 meliori
765 4168 1004 4231 quoque
1034 4150 1380 4215 conditione
1426 4171 1653 4235 pauper
1681 4164 1794 4236 est,
1828 4156 1987 4237 quod
2042 4177 2146 4239 pro

2236 3349 2395 3429 χάρις
2427 3348 2702 3423 σώματος,
2737 3348 2918 3403 κοινὸν
2976 3348 3271 3416 αἰσθήσεων
3323 3343 3544 3423 δύναμις
3580 3366 3595 3380 ·
3650 3346 3799 3425 τάχα
3845 3345 3905 3404 δὲ

2236 3439 2322 3495 καὶ
2365 3435 2559 3494 πλεῖον
2605 3439 2729 3508 (24)
2776 3439 2804 3493 ὁ
2835 3435 3005 3504 πένης
3051 3435 3193 3517 ἔχει,
3241 3438 3302 3493 τὸ
3347 3435 3434 3493 ἐπὶ
3460 3437 3667 3501 τούτοις
3698 3435 3903 3495 πλεῖον

2235 3528 2609 3609 εύχαριστεῐν,
2673 3527 2761 3583 καὶ
2792 3524 3086 3583 ἀπολαύειν
3136 3523 3284 3589 ἥδιον
3332 3532 3440 3584 τῶν
3468 3529 3692 3607 κοινῶν,
3724 3525 3763 3594 ἢ
3791 3529 3905 3583 τῶν

2232 3619 2291 3675 ἐκ
2344 3618 2649 3698 περιουσίας
2683 3617 2730 3674 οἱ
2790 3613 3161 3696 δυνατώτεροι.
3223 3623 3399 3675 Ταῦτα
3448 3616 3546 3694 μὶν
3602 3618 3689 3673 οὖν
3720 3617 3907 3688 κοινὰ,

2229 3708 2319 3764 καὶ
2379 3706 2645 3783 ὁμότιμα,
2703 3706 2794 3763 καὶ
2843 3706 2978 3762 Θεοῦ
3020 3702 3360 3773 δικαιοσύνης
3417 3707 3761 3785 γνωρίσματα
3795 3721 3811 3737 '
3876 3709 3910 3764 δ

2229 3798 2431 3877 χρυσὸς
2493 3794 2574 3871 δὲ,
2640 3797 2728 3853 καὶ
2781 3796 2829 3851 oi
2888 3795 3167 3876 διαφανεῖς
3217 3794 3349 3853 λίθοι
3380 3798 3471 3854 καὶ
3520 3795 3904 3876 ἀγαπώμενοι,

2229 3888 2319 3943 καὶ
2374 3884 2469 3953 τῆς
2527 3885 2750 3953 ἐσθῆτος
2809 3884 2911 3952 ὅση
2974 3885 3196 3961 μαλακὴ
3240 3887 3328 3944 καὶ
3379 3886 3681 3966 περίεργος,
3713 3887 3806 3942 καὶ
3863 3889 3905 3956 ἡ

2230 3976 2624 4058 φλεγμαίνουσα
2682 3973 2800 4049 (25)
2862 3977 2951 4032 καὶ
3006 3974 3329 4052 ἰκμαίνουσα
3384 3975 3643 4057 τράπεζα,
3696 3977 3787 4032 καὶ
3830 3978 3906 4034 τὰ

2232 4067 2451 4148 περιττὰ
2507 4069 2607 4135 τῆς
2642 4067 2914 4137 κτήσεως,
2944 4068 2972 4122 ὁ
3004 4063 3166 4129 πόνος
3211 4066 3331 4139 (26)
3362 4072 3468 4125 τῶν
3517 4065 3899 4144 κεκτημένων,

2233 4157 2428 4237 ὀλίγων
2459 4156 2597 4212 ἐστὶν
2629 4154 3144 4234 ὶγκαλλωπίσματα.

492 4241 588 4333 bis
606 4241 917 4333 beneficiis
946 4244 1088 4307 595
1109 4247 1431 4327 ampliores
1461 4246 1584 4311 Deo
1614 4248 1833 4328 gratias
1863 4257 2017 4330 agat,
2047 4250 2493 4332 jucundiusque
2540 4248 2984 4330 communibus,
3032 4265 3209 4331 quam
3262 4250 3635 4332 potentiores
3666 4268 3900 4333 super-

490 4329 624 4393 ﬂuis
655 4331 1024 4421 minimeque
1055 4335 1127 4397 ad
1159 4336 1331 4398 vitam
1366 4337 1747 4413 necessariis,
1785 4329 2266 4420 fruaturfAtque
2298 4329 2425 4402 haec
2471 4336 2719 4418 quidem
2759 4329 3129 4420 communia,
3172 4329 3578 4418 omnibusque
3628 4329 3911 4421 exposita

494 4432 658 4482 sunt.
683 4419 917 4512 Deique
963 4424 1251 4505 justitiam
1298 4426 1612 4509 perspicuo
1643 4437 1997 4506 argumento
2032 4419 2343 4493 testantur.
2398 4431 2477 4492 At
2524 4445 2761 4503 aurum,
2806 4436 2865 4491 et
2914 4419 3197 4509 pellucidi
3244 4447 3315 4493 ac
3344 4430 3601 4493 deamati
3632 4419 3901 4512 lapides,

486 4518 546 4572 et
579 4510 790 4575 molles
812 4530 882 4576 ac
920 4514 1098 4576 nimis
1130 4515 1439 4597 exquisita;
1471 4526 1688 4599 vestes,
1718 4526 1776 4579 et
1807 4536 2014 4581 mensa
2046 4519 2282 4582 deliciis
2312 4528 2555 4597 turgens
2578 4535 2649 4580 ac
2678 4516 2994 4581 libidinem
3023 4518 3341 4596 accedens,
3376 4527 3435 4582 et
3482 4510 3903 4584 redundantes

491 4618 661 4681 opes,
690 4620 822 4683 qua:
843 4601 1122 4666 dominos
1152 4603 1358 4667 labore
1380 4606 1727 4682 conﬁciunt,
1764 4626 2088 4687 paucorum
2119 4607 2432 4672 hominum
2462 4615 2813 4669 ornamenta
2845 4616 3005 4670 sunt.

575 4693 777 4759 XXIII.
804 4698 934 4761 Hoc
955 4707 1151 4760 autem
1184 4698 1362 4762 etiam
1395 4700 1554 4763 circa
1573 4701 1755 4763 fidem
1787 4702 1913 4783 ipse
1944 4701 2141 4765 anim-

490 4782 755 4849 adverto.
809 4787 1164 4850 Communia
1219 4797 1375 4871 sunt,
1414 4789 1531 4865 lex,
1566 4782 1893 4873 prophetas,
1928 4789 2142 4854 Testa-

494 4882 716 4951 menta,
779 4873 1297 4941 Testamentorum
1356 4882 1619 4962 oracula,
1652 4882 1861 4963 gratia,
1898 4881 2144 4963 puerilis

489 4963 806 5045 institutio,
842 4967 1156 5049 perfectio,
1187 4967 1404 5032 Christi
1432 4970 1762 5051 passiones,
1790 4990 1943 5035 nova
1976 4988 2142 5034 crea-

568 5082 624 5130 ⁸ο
651 5083 835 5151 Eccli.
864 5104 928 5164 v,
959 5094 1015 5153 1.
1098 5085 1152 5131 ετ
1183 5089 1386 5155 Matth.
1419 5107 1479 5169 ν,
1514 5092 1618 5155 45.

572 5205 697 5367 (20;
726 5208 793 5267 Εἴ
824 5229 977 5269 ποτε.
1025 5206 1177 5289 Reg.
1206 5206 1331 5286 bm,
1368 5210 1554 5273 ὅποτε.
1622 5208 1628 5215 ’

574 5287 661 5358 (21
728 5294 931 5362 Λιιγους
963 5293 1147 5365 μόνον.
1210 5291 1340 5353 Duo
1374 5290 1592 5367 Regg.,

574 5287 697 5367 (21)
728 5294 931 5362 Λιιγους
963 5287 1147 5365 μόνον,
1210 5291 1340 5353 Duo
1374 5290 1592 5374 Regg.,
1652 5292 1810 5375 λόγον
1850 5298 1914 5354 τὸ
1969 5301 2143 5377 Θαῦμα

489 5367 708 5534 μόὶἒξ)
751 5451 827 5507 Τὰ
846 5449 1258 5534 πρωτεϊαῗον,
1295 5453 1353 5534 1,
1386 5454 1452 5510 τὰ
1474 5460 1682 5534 πρῶτα.

566 5530 1082 5615 (23),Κοιλζὸςλὶρος.
1122 5533 1269 5611 Reg.
1302 5533 1365 5614 ί),
1397 5530 1572 5592 κοινδν
1603 5533 1749 5615 ὅρος.
1790 5556 1814 5592 ε
1862 5535 1990 5599 Hoc
2042 5538 2139 5600 di-

487 5610 591 5702 cit,
629 5633 658 5665 ι
693 5608 888 5690 inquit
912 5608 1096 5690 Elias,
1130 5634 1158 5674 ι
1178 5608 1454 5696 respectu
1487 5608 1861 5679 necessitatis
1881 5617 2142 5683 morien-

490 5691 692 5841 dl'ca’s)
722 5769 944 5835 nm“.
978 5772 1128 5852 Reg.
1164 5772 1224 5855 b,
1260 5774 1448 5841 πλέον,

2312 4699 2443 4765 Kl".
2478 4711 2644 4763 Τοῦτο
2691 4702 2780 4760 καὶ
2835 4703 2955 4780 περὶ
2997 4702 3098 4771 τὴν
3126 4704 3305 4761 πίστιν
3334 4703 3443 4783 ἐγὼ
3488 4706 3694 4784 θεωρῶ.
3759 4713 3904 4763 Κοι-

2227 4793 2317 4873 νὰ,
2352 4804 2540 4873 νόμος,
2571 4791 2870 4874 προφῆται,
2912 4793 3193 4869 Διαθῆκαι,
3226 4792 3384 4872 λόγια
3418 4796 3723 4868 Διαθηκῶν,
3784 4796 3904 4875 χά-

2227 4904 2305 4963 ρις
2338 4881 2481 4958 (27),
2515 4880 2877 4963 παιδαγωγία,
2911 4884 3214 4960 τελείωσις,
3251 4884 3397 4952 πάθη
3441 4890 3693 4962 Χριστοῦ,
3724 4884 3900 4954 καινὴ

2225 4974 2420 5036 κτίσις.
2460 4970 2779 5054 ἀπόστολοι,
2837 4970 3160 5053 Εὗαγγέλια,
3244 4971 3475 5050 διαμονὴ
3550 4973 3899 5053 Πνεύματος,

2311 5214 2449 5301 (25L
2461 5217 2617 5301 Kal};
2642 5215 3064 5301 ιρλεγμαίνουσα,
3136 5218 3231 5280 Sic
3260 5216 3379 5281 duo
3434 5216 3649 5301 Ἀθη,
3707 5218 3881 5284 Cois!

2230 5301 2290 5375 ί,
2325 5306 2384 5359 et
2406 5295 2616 5360 Comb.
2649 5295 2879 5361 Desunt
2905 5298 2967 5359 in
2991 5297 3117 5371 ed.,
3152 5301 3241 5359 καὶ
3272 5302 3333 5369 ἡ.

2312 5376 2440 5461 (26)
2476 5377 2670 5442 Πόνος.
2697 5377 2878 5461 Co_isl.
2910 5378 2979 5461 2,
3002 5378 3246 5461 Comb.,
3278 5390 3422 5461 etc,
3449 5383 3644 5447 κόπος,

2307 5457 2431 5544 (26)
2464 5466 2653 5544 Χαρις.
2695 5482 2719 5515 ι
2754 5457 2981 5544 Gratia,
2999 5457 3281 5544 linquit
3309 5460 3674 5544 Elias,cquw
3700 5478 3736 5523 a
3766 5463 3907 5528 Deo

2226 5537 2649 5623 proﬁciscitur,
2686 5558 2864 5623 quam
2894 5539 3107 5603 dividit
3135 5537 3193 5603 in
3236 5537 3524 5623 puerilem
3556 5537 3904 5606 institutio-

2227 5638 2430 5713 nomne
2461 5621 2976 5713 Iege_profectam,
3011 5630 3072 5684 et
3099 5623 3160 5685 in
3192 5621 3653 5705 perfectionem,
3679 5642 3813 5706 quae
3835 5626 3914 5689 tit

2228 5719 2336 5783 per
2360 5698 2768 5779 Evangelium.
2808 5726 2831 5760 ρ
