4158 6388
488 321 610 395 207

1730 312 1791 375 S.
1841 306 2208 374 GREGORII
2252 301 2643 369 THEOLOGI

3792 298 3922 365 208

487 456 886 520 accedentem
916 450 1328 530 fugere,quam
1354 462 1729 527 progressam
1768 439 2141 511 exscindere,

2239 437 2389 495 νόσον
2446 437 2747 515 ἀδυνατεῖς,
2828 445 2994 497 ταῦτα
3080 437 3303 514 μελέτα,
3356 439 3411 495 ἂν
3498 439 3721 502 τούτοις
3774 437 3923 495 ἴσθι⁶

499 566 685 629 seque
707 564 776 607 ea
803 527 1188 625 superiorem
1206 536 1621 619 prmbereznon
1655 552 1825 595 secus
1879 530 2141 591 videlicet

2239 530 2507 587 κεναῦσθω
2577 552 2660 587 σοι
2713 528 2836 606 (64)
2908 531 2969 585 τὸ
3028 527 3308 609 φιλότιμον
3379 530 3434 585 ὲν
3491 543 3612 595 τοῖς
3678 530 3802 607 ἀκιν
3823 528 3923 585 δύο

495 658 565 702 ac
589 621 840 699 facilius
880 621 984 694 ἐει
1027 638 1252 712 petram
1296 628 1463 689 initio
1508 625 1746 685 firmare
1778 632 1833 684 et
1866 621 2149 685 retinere,

2239 643 2373 685 νοις,

495 747 671 811 quam
707 732 977 788 ruentem
1004 706 1239 783 s'ursum
1270 718 1598 811 retrahere.
1636 714 1736 776 Sin
1771 723 1967 811 autem
2012 719 2126 769 tam
2183 708 2614 811 immodico‘et
2661 706 3009 811 inexplebili
3057 707 3402 788 disputandi
3460 708 3662 771 studio
3694 710 3915 789 flagres

493 796 605 881 nec
638 814 911 878 morbum
944 811 1155 872 sistere
1185 808 1603 887 ac-reprimere
1649 812 1840 885 potes,
1892 804 2017 864 haec
2070 798 2384 876 meditare,
2435 800 2495 861 in
2524 798 2621 861 his
2654 807 2780 861 esto
2818 820 2831 860 :
2877 796 3267 860 ambitionem
3296 799 3469 861 istam
3502 800 3563 861 in
3595 798 3667 859 iis
3689 818 3760 861 re
3806 817 3908 876 us,

494 908 557 970 in
589 905 808 988 quibus
845 900 1095 983 periculi
1125 897 1273 961 nihil
1304 897 1531 969 subest,
1559 894 1823 955 effunde.

568 986 778 1071 XXIX.
813 996 981 1070 Quod
1013 994 1062 1055 si
1094 994 1204 1054 hoc
1236 991 1537 1073 repudias,
1565 1008 1674 1049 nec
1698 988 1959 1066 linguam
1981 986 2148 1047 freno

492 1110 796 1171 coercere,
842 1085 1144 1165 animique
1175 1083 1459 1162 impetum
1492 1080 1763 1157 frangere
1797 1097 1864 1140 ac
1894 1075 2149 1154 compri-

492 1201 657 1245 mere
689 1168 879 1263 potes,
899 1175 1002 1237 sed
1036 1173 1141 1235 tibi
1165 1172 1361 1233 furere
1408 1180 1583 1251 atque
1626 1168 1883 1229 insanire
1914 1175 2142 1227 certum

492 1256 923 1351 est,ac'primis
947 1262 1337 1346 potestatibus
1372 1262 1616 1322 minime
1649 1260 1862 1321 cedere
1895 1256 2027 1331 (nisi
2051 1264 2141 1315 ta-

2318 983 2449 1047 KO'.
2498 986 2572 1043 Οὔ
2627 983 2765 1067 δέχῃ
2826 993 3006 1065 τοῦτο,
3042 983 3157 1044 οῦδὲ
3203 988 3236 1055 ἡ
3268 985 3487 1063 γλῶσσά
3531 1008 3625 1043 σου
3674 984 3908 1066 χαλινὸν

2232 1072 2375 1155 ἔχει,
2436 1074 2551 1133 οῦδὲ
2623 1079 2873 1157 κρείττων
2927 1075 2982 1133 ετ
3036 1081 3135 1142 τῆς
3168 1082 3353 1155 φορᾶς,
3419 1074 3505 1132 δεῖ
3536 1075 3590 1131 δὲ
3650 1078 3908 1133 ἀπονοεῖ-

2228 1169 2345 1221 σθαι
2406 1166 2643 1246 πάντως,
2718 1168 2808 1222 καὶ
2861 1166 2988 1231 ταῖς
3024 1166 3284 1245 ,πρώταις
3357 1163 3605 1242 δυνάμεσι
3658 1166 3737 1239 μὴ

2229 1254 2415 1329 ίεσθαι,
2467 1254 2623 1335 εἴπερ
2693 1257 2771 1331 μὴ
2823 1255 3097 1318 κάκείναις
3170 1253 3292 1330 (65)
3363 1256 3555 1333 μέτρον
3614 1256 3726 1311 lati
3796 1256 3902 1324 τῆς

492 1344 632 1425 men
658 1344 730 1421 iis
760 1344 999 1441 quoque
1048 1354 1403 1433 cognitionis
1436 1350 1648 1412 modns
1680 1354 1808 1423 est),
1845 1348 2141 1427 altiusque

2239 1344 2618 1441 (vd):stle
2670 1345 2831 1441 πλέον
2908 1344 3039 1424 (66)
3068 1358 3202 1401 εῖναι
3252 1344 3445 1422 μέγαν,
3506 1345 3541 1413 ἢ
3575 1346 3699 1402 ὅσον
3754 1369 3906 1422 συμ-

485 1452 628 1517 599
654 1438 899 1513 omnino
928 1462 1261 1522 assurgere,
1288 1462 1466 1523 quam
1502 1461 1569 1502 ex
1603 1440 1854 1501 utilitate
1888 1448 1983 1498 tua
2014 1438 2086 1498 sit
2115 1458 2129 1497 :

2224 1436 2380 1513 φέρον
2453 1435 2595 1513 (67)·
2658 1437 2719 1491 σὺ
2777 1434 2830 1491 δὲ
2863 1435 2941 1511 μὴ
2971 1436 3291 1513 κατακρίνῃς
3322 1438 3410 1491 τὸν
3462 1434 3726 1517 ἀδελφὸν,
3762 1435 3906 1511 μηδὲ

488 1552 548 1606 at
576 1540 721 1603 illud
757 1538 963 1601 saltem
1016 1534 1123 1594 tibi
1181 1522 1434 1613 impera,
1470 1544 1534 1593 ut
1563 1530 1807 1592 fratrem
1843 1547 1958 1588 non
1987 1546 2136 1588 con-

2239 1525 2326 1591 τὴν
2355 1523 2552 1581 δειλίαν
2613 1522 2858 1581 ἀσέϐειαν
2919 1526 3215 1600 ὁνομάσῃς,
3277 1523 3414 1601 μηδὲ
3470 1524 3706 1602 ἀπέλθῃς
3761 1549 3902 1605 προ-

488 1632 885 1706 demnes,nec
909 1623 1207 1686 timiditati
1240 1622 1563 1701 impietatis
1598 1637 1819 1680 nomen
1843 1618 2135 1697 imponas,

2239 1620 2400 1680 κετῶς
2459 1618 2787 1695 καταχνοῦς,

2174 1755 2205 1786 η
2227 1726 2376 1760 κειαν
2461 1706 2886 1786 ὑπισχνούμενος
2899 1754 2911 1767 ,

484 1740 599 1784 nec
622 1731 850 1782 temere
878 1736 946 1778 ac
980 1712 1263 1795 praecipiti
1298 1712 1527 1791 judicio
1578 1728 1715 1770 eum
1746 1708 2135 1777 condemnes,

2882 1614 2911 1683 ἥ
2970 1615 3231 1693 ἀπογνοὺς
3302 1614 3449 1689 (68),
3495 1619 3521 1673 ὁ
3582 1616 3681 1684 τὴν
3734 1615 3879 1671 ἒπιεί

3002 1694 3153 1761 Ἀλλ1
3231 1704 3448 1761 ἕνταῦθά
3524 1728 3616 1780 μοι
3693 1707 3891 1784 φάνηθι

485 1820 587 1874 aut
614 1810 865 1873 salutem
892 1793 1020 1884 ejus
1042 1822 1148 1883 pro
1164 1802 1460 1882 disparata
1493 1799 1720 1861 habens
1739 1794 2141 1876 discedas,qui

2239 1795 2502 1875 ταπεινὸς,
2566 1795 2667 1859 ἕως
2724 1793 2946 1861 ἔξεστιν·
3009 1796 3229 1851 ενταῦθα
3289 1795 3377 1852 τὸν
3410 1793 3637 1876 ἀδελφὸν
3697 1799 3894 1873 προτί-

485 1901 670 1964 animi
704 1898 1047 1960 facilitatem
1075 1912 1142 1955 ac
1168 1910 1400 1953 morum
1433 1888 1781 1952 suavitatem
1813 1885 2143 1967 profiteris,

488 1991 640 2064 Quin
673 1990 891 2072 potius,
923 1986 1019 2046 hic
1040 1983 1333 2045 humilem
1356 1991 1415 2045 te
1448 1978 1849 2072 prmbe,_dum
1885 1974 2147 2036 licetzhic

485 2082 651 2145 nullo
674 2068 824 2141 icum
858 2086 955 2139 tuo
982 2074 1343 2135 detrimento
1377 2072 1623 2131 fratrem
1656 2068 1767 2130 tibi
1798 2075 1933 2127 ante
1965 2084 2143 2146 pone,

486 2169 1018 2245 ubi,condemnare
1038 2159 1672 2233 etcontemnere,nihil
1687 2156 1844 2219 aliud
1859 2162 2143 2234 est,quam

482 2281 516 2323 a
541 2260 799 2335 Christo,
822 2277 888 2319 ac
916 2255 1041 2318 sola
1071 2273 1179 2336 spe
1211 2253 1460 2332 ejicere,
1485 2262 1663 2330 atque
1687 2245 2143 2319 exturbare,oc-

485 2352 707 2413 cultum
762 2347 1046 2421 triticum,
1105 2351 1162 2405 et
1204 2341 1450 2420 quidem
1501 2340 1761 2400 triticum
1812 2336 2057 2396 fortasse
2090 2343 2144 2393 te

487 2439 885 2523 praestantius,
918 2453 1034 2497 una
1062 2451 1197 2495 cum
1230 2431 1475 2492 zizaniis
1507 2427 1857 2491 exscindere
1878 2423 2142 2486 97.Hanc

482 2516 777 2595 rationem
805 2516 1035 2603 tene,ut
1068 2524 1232 2586 illum
1266 2523 1507 2603 quidem
1534 2520 1815 2600 corrigas,
1853 2518 2033 2598 idque
2055 2516 2105 2574 le
2128 2550 2141 2559 -

484 2623 641 2685 niter
671 2630 729 2682 et
758 2622 1038 2697 humane,
1065 2634 1181 2677 non
1215 2623 1279 2673 ut
1306 2612 1517 2686 hostis,
1550 2629 1659 2671 nec
1683 2618 1746 2670 ut
1770 2609 1953 2670 durus
1989 2613 2047 2666 et
2068 2604 2144 2665 ri-

484 2713 656 2795 gidus
681 2710 1091 2789 medicus,nec
1122 2712 1185 2765 ut
1211 2700 1581 2765 sectionibus
1604 2706 1830 2763 tantum
1865 2706 1925 2760 et
1948 2704 2146 2757 caute-

483 2791 589 2865 riis
619 2802 900 2863 adversus
933 2795 1206 2858 morbum
1229 2791 1487 2872 grassari
1504 2791 1727 2863 sciens;
1758 2791 2011 2869 teipsum
2044 2805 2144 2846 au-

485 2902 631 2967 tem,
659 2911 726 2953 ac
760 2899 919 2950 tuam
953 2885 1355 2949 infirmitatem
1380 2900 1689 2961 agnoscas.
1722 2878 1875 2951 Quid
1908 2878 2067 2938 enim
2095 2873 2145 2936 si

482 2965 876 3062 lippientibus
906 2975 1119 3057 oculis,
1152 2982 1252 3036 aut
1276 2973 1390 3034 alio
1430 2970 1720 3062 quopiam
1737 2967 1943 3029 morbo
1979 2965 2147 3028 labo-

2232 1906 2429 1966 μησον,
2483 1887 2558 1960 μὴ
2614 1885 2749 1961 μετὰ
2792 1885 2891 1952 τῆς
2943 1891 3164 1941 σεαυτοῦ
3204 1881 3436 1964 βλάϐης,
3469 1884 3589 1941 ἔνθα
3619 1887 3683 1941 τὸ
3713 1908 3900 1942 κατα-

2233 1988 2418 2047 κρῖναε
2504 1975 2591 2031 καὶ
2662 1974 2945 2054 ἀτιμάσαι,
3029 1970 3277 2029 ὶκόαλεϊν
3354 1972 3463 2030 ἐστι
3516 1981 3743 2053 Χριστοῦ
3805 1979 3903 2033 καὶ

2229 2068 2327 2130 τῆς
2374 2066 2543 2130 μόνης
2603 2062 2839 2139 ἐλπίδος,
2899 2064 2987 2119 καὶ
3047 2064 3139 2119 τὸν
3195 2061 3518 2120 λανθάνοντα
3569 2078 3746 2140 σῖτον,
3806 2069 3906 2122 καὶ

2230 2167 2381 2210 σῖτον
2438 2151 2573 2217 ἴσως
2630 2174 2726 2209 σου
2811 2153 3133 2232 τιμιώτερον
3183 2154 3508 2228 συνεκκόψαι
3568 2168 3686 2218 τοῖς
3748 2163 3897 2226 ζιζα-

2227 2242 2381 2307 νίοις.
2441 2241 2608 2301 Ἀλλὰ
2664 2245 2725 2299 τὸ
2755 2244 2874 2319 μὲν,
2952 2242 3159 2299 ἐκεῖνον
3220 2239 3523 2325 διόρθωσαι,
3586 2246 3671 2300 καὶ
3732 2253 3902 2302 τοῦτο

2226 2333 2407 2411 πράως
2465 2334 2554 2390 καὶ
2610 2331 3021 2414 φιλανθρώπως,
3074 2334 3152 2411 μη
3211 2333 3285 2395 ὡς
3335 2331 3553 2413 ἐχθρὸς,
3616 2332 3752 2410 μηδὲ
3811 2338 3891 2400 ὡς

2227 2422 2500 2498 ἀπότομος
2555 2424 2756 2500 ἱατρὸς,
2791 2420 2927 2499 μηδὲ
2973 2426 3046 2486 ὼς
3105 2420 3228 2493 (69)
3292 2422 3345 2478 ἵν
3396 2430 3552 2480 τοῦτο
3584 2426 3748 2499 μόνον
3808 2429 3897 2482 εἱ-

2226 2511 2329 2577 δὼς
2400 2535 2499 2577 την
2555 2534 2738 2569 καυσιν
2809 2514 2897 2568 καὶ
2956 2514 3055 2579 τὴν
3076 2514 3270 2587 τομὴν·
3335 2514 3395 2569 τὸ
3426 2510 3504 2586 δὲ,
3540 2523 3763 2572 σεαυτοῦ
3792 2539 3898 2572 κα-

2226 2603 2478 2679 τᾶγνωθι.
2539 2603 2627 2658 καὶ
2651 2603 2745 2669 τῆς
2802 2603 3065 2666 ασθενείας
3114 2602 3211 2669 τῆς
3284 2601 3408 2670 σῆς,
3455 2603 3515 2660 Τί
3544 2604 3643 2683 γὰρ
3705 2606 3750 2660 εἰ
3779 2629 3897 2680 μη-

2229 2693 2367 2766 μῶν.
2420 2690 2455 2759 ἦ
2513 2690 2644 2751 ἄλλο
2702 2690 2824 2768 (70)
2892 2713 2941 2748 τι
2995 2692 3227 2771 πάσχων
3282 2693 3376 2757 τὰς
3437 2692 3613 2773 ὄψεις,
3657 2692 3892 2774 ἀμυδρὸν

2226 2782 2443 2860 βλέπεις
2501 2784 2592 2837 τὸν
2650 2780 2803 2848 ἣλιον
2851 2800 2867 2861 ς
2930 2783 2990 2839 Τί
3047 2778 3131 2837 δαὶ
3190 2782 3233 2836 εί
3322 2781 3635 2863 στρέφεσθαί
3679 2805 3763 2839 σοι
3820 2787 3887 2840 τὸ

2227 2877 2333 2926 πᾶν
2403 2870 2573 2947 δοκεῖ,
2607 2877 2887 2928 ναυτιῶντι
2920 2873 3111 2951 τυχὸν,
3146 2870 3182 2938 ἢ
3215 2873 3491 2953 μεθύοντι,
3525 2875 3612 2929 καὶ
3661 2876 3760 2941 την
3789 2875 3897 2942 σὴν

2229 2964 2448 3043 ἄγνοιαν
2531 2964 2723 3033 ἑτέρων
2825 2962 3223 3041 ὑπολαμϐάνεις
3280 2983 3297 3044 ς
3360 2964 3539 3022 Πολλὰ
3595 2964 3678 3023 δεῖ
3724 2988 3882 3047 στρα,

481 3053 1315 3150 ῐέιίιὶὺυε,οὶ)εουιευῐή⁷βοιθιῐι
1338 3061 1667 3141 aspiciens?
1685 3058 1833 3131 Quid
1867 3060 1912 3118 si
1947 3056 2141 3117 omnia

2239 3058 2395 3150 iam
2444 3056 2533 3111 καὶ
2575 3058 2793 3130 παθεῖν,
2845 3056 2964 3134 πρὶν
3025 3053 3188 3111 ἂλλου
3266 3058 3602 3135 καταγνῶναι
3706 3054 3903 3113 δυσσέοο

481 3160 635 3227 verti
655 3178 723 3222 ac
756 3147 992 3220 sursum
1025 3154 1426 3233 deorsumque
1450 3150 1598 3212 ferri
1631 3147 1961 3229 putes,ipse
1993 3164 2147 3206 nau—

2233 3140 2383 3200 6ειαν
2394 3190 2410 3206 .

479 3274 583 3329 sea
609 3258 940 3333 correptus,
977 3256 1076 3309 aut
1105 3247 1237 3307 vino
1269 3244 1537 3333 obrutus,
1573 3240 2089 3333 ignorantiamque
2119 3246 2283 3301 tuam
2313 3235 2444 3299 aliis
2466 3235 2787 3333 attribuas?
2819 3236 3071 3305 Multum
3109 3237 3334 3320 diuque
3373 3245 3511 3303 ante
3565 3238 3903 3305 versandus

480 3326 656 3427 atque
683 3326 1176 3420 contorquendus
1207 3342 1297 3405 est
1322 3332 1579 3407 animus,
1610 3330 1793 3392 multa
1823 3329 2090 3407 ferenda,
2126 3345 2300 3409 quam
2335 3335 2400 3389 ut
2427 3326 2609 3389 alium
2640 3326 2967 3410 impietatis
2992 3327 3373 3391 damnemus.

564 3424 738 3499 XXX.
772 3432 899 3494 Non
926 3430 1085 3492 idem
1120 3435 1207 3489 est
1230 3426 1500 3506 stirpem,
1536 3433 1632 3486 aut
1653 3424 1899 3485 brevem
1922 3442 2139 3502 quem-

2306 3420 2392 3482 A’.
2443 3423 2550 3480 Οὔκ
2601 3421 2743 3479 ἔστιν
2793 3421 2913 3478 ἴσον
2968 3425 3129 3503 φυτὸν
3180 3422 3449 3499 ἰκτεμεῖν,
3513 3424 3549 3493 ἢ
3603 3422 3758 3491 ἄνθος
3836 3446 3892 3491 τι

486 3528 621 3590 dam
658 3535 719 3588 et
747 3522 1034 3585 caducum
1068 3520 1277 3578 ﬂorem
1305 3515 1588 3595 evellere,
1631 3522 1804 3594 atque
1835 3513 2139 3577 hominem

2239 3517 2332 3569 τῶν
2388 3514 2745 3594 προσκαίρων,
2806 3513 2895 3569 καὶ
2939 3512 3234 3595 ἄνθρωπον.
3271 3514 3440 3579 Εἶκὼν
3491 3517 3547 3575 εἴ
3589 3516 3748 3596 Θεοῦ,
3799 3514 3892 3581 καὶ

482 3614 859 3679 exscindere.
892 3608 1092 3685 Imago
1125 3607 1234 3671 Dei
1257 3615 1408 3681 es,et
1431 3604 1750 3683 imaginem
1774 3622 2010 3684 quoque
2035 3604 2142 3666 Dei

482 3703 831 3786 alloqueris,
870 3710 1048 3779 tuque
1082 3698 1180 3778 qui
1206 3694 1466 3775 judicas,
1493 3695 1631 3786 ipse
1655 3692 2026 3786 judicaberis
2052 3694 2137 3766 98;

483 3805 543 3857 et
594 3781 835 3877 quidem
896 3790 1157 3851 alienum
1201 3802 1433 3877 servum
1481 3782 1716 3863 judicas
1752 3781 1839 3858 99,
1874 3791 1932 3844 et
1958 3801 2141 3861 quem

484 3873 636 3949 alius
666 3882 1025 3945 moderatur.
1062 3877 1161 3938 Sic
1192 3875 1436 3937 fratrem
1479 3883 1639 3934 tuum
1674 3875 1940 3953 explora,
1974 3873 2142 3953 quasi

481 3978 611 4057 ipse
629 3974 701 4036 ad
719 3970 991 4035 eamdem
1009 3983 1345 4057 mensuram
1362 3960 2135 4043 expendendus.Quocirca,

482 4050 558 4129 ne
582 4064 698 4125 cito
731 4082 799 4125 ac
825 4068 1051 4120 temere
1078 4052 1414 4115 membrum
1430 4070 1599 4113 seces
1614 4070 1681 4113 ac
1696 4050 2135 4132 projicias,cum

486 4156 780 4215 incertum
804 4150 903 4222 sit,
935 4165 1009 4209 an
1044 4146 1194 4205 hanc
1226 4143 1457 4203 ratione
1491 4150 1687 4221 partes
1716 4160 1953 4220 quoque
1983 4161 2142 4205 same

484 4243 813 4325 perniciem
838 4238 1098 4325 aliquam
1125 4241 1522 4325 contracturae
1543 4228 1914 4294 sint.Verum
1938 4249 2139 4313 argue,

484 4320 754 4411 increpa,
780 4329 1029 4390 obsecra
1059 4322 1313 4385 ‘.Habes
1339 4322 1653 4383 medicinas
1680 4320 2143 4400 regulam.Chri-

484 4424 555 4483 sti
593 4409 922 4500 discipulus
953 4434 1038 4497 es,
1067 4413 1228 4475 mitis
1260 4430 1331 4472 ac
1359 4411 1600 4490 benigni
1632 4409 1752 4490 ζει
1784 4410 1886 4491 qui
1914 4419 2144 4473 nostras

479 4498 863 4573 infirmitates
899 4505 1148 4588 portavit
1178 4502 1225 4565 3.
1248 4502 1310 4562 Si
1337 4502 1592 4581 primum
1619 4498 2142 4575 obluctetur,leni-

485 4608 577 4663 ter
609 4605 888 4679 exspecta
916 4616 930 4656 :
966 4596 1018 4654 si
1045 4591 1333 4667 secundo,
1369 4609 1446 4651 ne
1486 4608 1652 4669 spem
1680 4588 1947 4668 abjicias;
1981 4608 2138 4653 non-

2239 4598 2313 4664 ›ὸς
2371 4600 2676 4679 θεραπείας
2745 4596 2843 4657 κᾶν
2913 4600 2975 4655 τὸ
3032 4599 3207 4674 τρίτον

2224 3602 2387 3659 εἰκόνι
2446 3608 2578 3660 Θεοῦ
2635 3602 2881 3683 διαλέγῃ,
2934 3604 3022 3660 καὶ
3087 3605 3239 3685 κρίνη
3302 3606 3457 3672 αὐτὸς
3508 3604 3647 3687 (71)
3704 3608 3733 3663 δ
3782 3609 3900 3688 ιφί..

2225 3709 2353 3749 νων⁶
2410 3695 2499 3751 καὶ
2550 3696 2748 3774 κρίνεις
2804 3693 3081 3775 ἀλλοτριον
3108 3695 3345 3772 οἰκέτην,
3397 3698 3488 3759 καὶ
3537 3696 3659 3765 ὃνό
3720 3694 3894 3761 ἄλλος

2236 3784 2535 3860 οἶκυνομεῖ.
2589 3784 2741 3843 Οὕτω
2793 3783 3041 3864 δοκίμαζε
3100 3787 3189 3843 τὸν
3247 3784 3473 3868 ἀδελφὸν
3526 3809 3642 3863 σου,
3675 3787 3751 3851 ὡς
3801 3789 3898 3843 καὶ

2234 3874 2390 3937 αὐτὸς
2440 3873 2496 3930 ἐν
2549 3888 2664 3943 τοῖς
2695 3874 2880 3940 αὐτοῖς
2912 3875 3127 3954 μέτροις
3178 3874 3511 3955 κρινόμενος.
3581 3877 3679 3934 Διὰ
3735 3884 3897 3935 τοῦτο

2231 3970 2310 4043 μη
2336 3966 2549 4048 ταχέως
2579 3966 2774 4043 τέμῃς,
2836 3966 2973 4043 μηδι
3000 3965 3368 4047 ἂλλοτριώσῃς
3426 3970 3487 4025 τὸ
3520 3967 3710 4045 μέλος,
3746 3966 3895 4037 ἄδη-

2229 4052 2344 4136 λον,
2408 4056 2451 4111 εἰ
2511 4058 2588 4131 μὴ
2647 4053 2731 4112 διὰ
2759 4058 2945 4113 τούτου
2973 4056 3325 4138 προσλυμανῇ
3356 4079 3405 4114 τι
3438 4056 3569 4137 (72)
3615 4064 3694 4133 τῷ
3721 4058 3900 4137 ὑγιαί-

2226 4160 2391 4201 νοντι³
2471 4144 2609 4204 ἀλλὰ
2668 4145 3009 4221 νουθέτησον,
3084 4146 3428 4225 ἐπιτίμησον,
3488 4146 3892 4227 παρακάλεσον.

2226 4232 2439 4315 ’Ἔχεις
2494 4236 2723 4316 ἰατρείας
2774 4236 2979 4293 κακόνα
3042 4234 3187 4319 (73).
3252 4244 3480 4318 Χριστοῦ
3508 4237 3757 4315 μαθητὴς
3802 4238 3889 4314 εἷ,

2226 4334 2317 4384 τοῦ
2387 4326 2556 4405 πράου
2654 4328 2743 4383 καὶ
2816 4325 3209 4407 φιλανθρώπου,
3288 4329 3377 4385 καί
3432 4328 3529 4393 τὰς
3606 4327 3886 4393 ἀσθενείας

2224 4416 2381 4491 ἡμῶν
2407 4416 2797 4492 βαστάσαντος.
2849 4416 2956 4475 Κᾶν
3012 4418 3073 4473 τὸ
3132 4422 3346 4498 πρῶτον
3397 4414 3612 4495 ἂντιϐᾖ,
3672 4440 3893 4499 μακροο-

2227 4506 2485 4580 θύμησονο
2528 4505 2626 4563 κᾶν
2684 4509 2746 4563 τὸ
2810 4504 3075 4581 δεύτερον,
3128 4506 3207 4583 μὴ
3265 4507 3592 4584 ἀπελπίσης.
3624 4508 3707 4564 in
3746 4528 3888 4563 και-

3303 4605 3460 4679 γενοῦ
3507 4598 3889 4683 φιλάνθρωπος

481 4690 627 4753 dum
661 4677 819 4751 enim
853 4682 1182 4747 curationis
1216 4689 1449 4761 tempus
1480 4677 1728 4752 efﬂuxit;
1756 4680 1806 4739 si
1838 4679 2135 4756 tertio,be-

2239 4677 2485 4768 γεωργός⁸
2538 4688 2614 4746 ἔτι
2682 4695 2776 4747 τοῦ
2856 4688 3128 4751 Δεσπότου
3199 4677 3443 4765 δεήθητι,
3498 4677 3580 4769 μὴ
3630 4689 3888 4768 ἐκκόψαι,

556 4793 864 4879 9_8Matth.
896 4807 1021 4879 xiii,
1054 4790 1155 4851 Ἦ.
1202 4787 1265 4838 98
1294 4789 1546 4851 Matt.vn
1583 4794 1635 4847 1.
1721 4786 1785 4837 99
1830 4787 2006 4850 Rom.
2062 4805 2141 4852 xu

2239 4792 2294 4865 4.
2377 4792 2399 4836 ί
2429 4790 2656 4861 IITim.
2690 4812 2769 4873 xv,
2813 4791 2877 4858 2.
2961 4791 2990 4843 ³
3020 4796 3221 4863 Matth.
3248 4812 3335 4879 XI,
3367 4797 3471 4859 29.
3557 4794 3585 4839 ³
3611 4797 3726 4873 ιιι.
3757 4810 3889 4869 ιω.

478 4880 543 4958 4;
575 4876 792 4941 IPetr.
827 4890 891 4954 ιι,
920 4873 1018 4934 24.

567 4987 693 5069 (64)
726 4992 839 5069 Eoi.
876 4980 1020 5069 Reg.
1059 4979 1117 5069 b,
1154 4986 1211 5069 et
1238 4976 1339 5041 Or.
1380 4979 1434 5069 l,
1470 5002 1585 5069 σε).

563 5058 687 5144 (65)
720 5065 886 5143 Εἴπερ
917 5058 993 5139 μη
1025 5061 1463 5144 κᾴκείναις.-θίο.
1841 5058 1913 5144 in
1957 5058 2134 5144 Coisl.

485 5153 541 5225 l,
574 5140 829 5225 aliisque
861 5140 1187 5225 nonnullis.
1227 5140 1537 5225 liLfatetur
1568 5140 2143 5225 Billius;sedhvulga-

487 5218 601 5291 tam
639 5218 955 5290 lectionem
993 5222 1248 5302 praefert.
1276 5218 1431 5280 Elias
1460 5238 1597 5302 vero
1653 5218 1855 5283 censet
1908 5220 2135 5300 Grego-

483 5311 636 5371 rium
676 5309 770 5369 hic
795 5301 1160 5366 afﬁrmanter
1195 5301 1615 5381 pronunciare,
1672 5310 1731 5362 et
1779 5302 1933 5381 εἴπερ
1978 5303 2132 5363 idem

2225 5004 2504 5063 συμφερει·

2228 5144 2241 5163 ,
2308 5062 2553 5167 (68)”‘11
2613 5064 2899 5145 ἀπογνούς.
2962 5065 3112 5128 Tres
3140 5060 3353 5145 Regg.,
3385 5068 3445 5125 et
3472 5059 3635 5129 Orat.
3672 5070 3729 5145 l,
3788 5066 3879 5135 λιβῖ

2257 5167 2325 5201 πο
2365 5167 2455 5201 νου
2494 5193 2508 5208 ,

2222 5167 2253 5205 α
2301 5168 2430 5323 tia
2457 5168 2729 5323 istae-
2763 5222 2864 5323 st
2892 5224 3119 5323 εξοείυέ
3149 5223 3272 5288 bm-
3302 5221 3376 5323 In.
3559 5226 3768 5323 ξιθνικ-

2304 5306 2432 5401 (Ῑρ)
2466 5306 2562 5363 ’Ἢ
2592 5303 2749 5369 ἄλλο.
2797 5306 2892 5370 Sic
2924 5303 3048 5371 tres
3076 5305 3289 5387 8633.,
3322 5310 3384 5375 et
3414 5303 3520 5376 0r.
3554 5311 3615 5374 1.
3647 5303 3714 5375 In
3745 5307 3874 5384 ed..

482 5409 720 5462 sonare,
753 5406 819 5447 ac
855 5384 1161 5462 ἐπειδήπερ,
1204 5408 1230 5436 ιι
1268 5382 1775 5461 quandoquidem.
1812 5409 1839 5438 ιο
1879 5382 2050 5455 Hinc,
2086 5386 2137 5445 si

2239 5388 2264 5441 -.i
2297 5382 2451 5445 ἄλλο.

483 5477 856 5549 expungatur
888 5464 1491 5549 particulanegativa,
1527 5466 1627 5537 μή,
1696 5469 1856 5523 locus
1887 5464 1995 5523 iste
2055 5465 2137 5525 sic

2300 5468 2417 5560 i7“
2448 5467 2726 5563 Ιξαῖβρίνῃ
2759 5470 2937 5535 αὐτός.
2999 5466 3101 5535 Sic
3135 5466 3338 5549 plures
3391 5466 3569 5533 codd.
3625 5469 3693 5541 In
3746 5467 3877 5547 ed.,

487 5543 859 5640 vei'tipotest
890 5543 902 5608 Ξ
944 5564 973 5603 ε
1009 5545 1301 5640 δίρυίιὶθιιι
1325 5543 1456 5640 illa).
1498 5551 1854 5622 (potestates)
1915 5556 2137 5605 certain
2221 5543 2374 5625 κρίνῃ
2405 5550 2493 5603 καὶ
2525 5543 2699 5614 ante;

484 5622 843 5709 cognitionis
870 5622 1207 5709 megisuram
1246 5622 1484 5682 habent.
1525 5650 1550 5679 η

568 5704 683 5793 (66)
722 5710 909 5793 [Ιλέρν.
949 5704 1071 5766 Duo
1117 5709 1327 5781 ltcgg.,
1354 5705 1566 5793 πὶείο-ι,

564 5785 685 5867 (67)
718 5790 1017 5868 Συμφέρον.
1054 5793 1179 5849 Duo
1215 5790 1429 5862 liegg.,
1460 5785 1642 5847 Coisl.
1673 5792 1699 5843 1
1736 5793 1793 5844 et
1824 5786 2137 5867 2,aliique,

2305 5628 2427 5713 (72)
2488 5628 2841 5707 Προσλυμανῇ
2900 5653 2975 5693 τι.
3006 5629 3134 5701 Duo
3161 5629 3379 5713 3,688,,
3414 5629 3593 5697 Οι-ιιι.
3640 5630 3700 5711 ί,
3730 5637 3881 5707 etc.,

2224 5707 2699 5787 προσλυμανεῖται.

2308 5788 2433 5870 (73)
2465 5792 2693 5852 Κανόνα.
2727 5788 2873 5871 Reg.
2905 5789 3035 5870 bm,
3058 5792 3305 5858 κανόνας.
