4158 6412
333 298 456 368 213
1002 315 1282 380 ORATIO
1327 316 1606 380 XXXIII.
1655 346 1730 358 ——
1773 311 2079 375 CONTRA
2119 312 2455 376 ARIANOS
2496 311 2595 375 ET
2640 307 2736 374 DE
2778 309 3065 377 SEIPSO.
3614 311 3728 377 214

424 582 479 680 l._
521 581 917 680 Arianorum
949 589 1358 680 jactantiam,
1401 590 1679 680 injurias
1718 598 1783 657 et
1818 587 2260 680 cavillationes
2298 588 2365 659 in
2393 590 2516 656 hac
2561 587 2881 680 oratione,
2939 589 3226 657 oratorie
3270 588 3564 676 quidem,
3611 595 3721 661 sed

336 671 589 740 fortiter
617 678 908 770 retundit
949 671 1575 770 Gregorius-Quasi
1602 702 1676 747 ex
1714 680 1996 770 abrupte
2044 679 2137 770 sic
2178 679 2517 770 exorditur
2561 700 2573 745 :
2635 703 2661 744 α
2709 678 2831 770 Ubi
2880 680 3141 770 tandem
3181 671 3359 761 sunt,
3404 681 3515 768 qui
3550 671 3724 769 pau-

333 772 651 861 perlatem
695 768 885 834 nobis
945 768 1366 861 exprobrant,
1409 771 1523 861 qui
1563 790 1720 858 epes
1777 788 1929 835 suas
1975 768 2331 861 insolenter
2379 768 2656 861 ,jactant,
2703 768 3238 861 qui-Ecclesiam
3310 768 3729 861 multitudine

335 850 684 950 definiunt,
721 865 785 924 et
829 850 1141 946 pusillum
1183 850 1449 950 gregem
1495 850 1958 949 aspernantur,
2023 857 2131 945 qui
2192 850 2595 950 divinitatem
2659 850 3047 950 metiuntur,
3094 869 3159 926 et
3199 860 3513 950 pepulnm
3556 862 3731 930 velut

333 941 415 1042 ad
459 942 726 1049 lancem.
752 941 1253 1049 appendunt‘f)
1304 941 1467 1019 Hinc
1504 941 1871 1049 ablegatam
1906 941 2157 1035 pacem,
2193 958 2256 1013 et
2286 948 2591 1049 exitiosas
2640 947 3147 1049 domesticarum
3191 941 3256 1049 in
3289 941 3424 1016 'ﬁde
3472 950 3727 1049 dissen-

334 1030 592 1131 sionum
632 1030 1033 1131 calamitates
1073 1041 1398 1131 deplorat;
1460 1030 2099 1129 atque'Arianerum
2167 1038 2676 1131 persecutiones,
2751 1040 3067 1131 facinora,
3108 1040 3315 1131 caedes
3341 1050 3415 1131 et
3458 1040 3728 1131 sacrile-

337 1120 467 1230 giaz
514 1121 708 1230 leuga
752 1127 1041 1215 partium
1089 1120 1612 1213 enumeratione,
1643 1147 2096 1230 ‘percurre‘ns,
2143 1120 2499 1230 "ostendit"
2526 1150 2725 1216 quam
2779 1127 3160 1229 longissime
3229 1128 3353 1230 ipsi
3396 1150 3433 1195 a
3474 1130 3729 1230 suis__et

336 1209 824 1307 Catholiceruin
862 1220 1159 1288 moribus
1197 1242 1272 1288 ac
1313 1209 1886 1290 lenitate'di'stent.
1956 1216 2201 1284 Deinde
2243 1209 2607 1304 puerilibus
2656 1239 2731 1285 ac
2791 1209 3028 1306 ineptis
3071 1209 3422 1307 respondet
3462 1220 3725 1288 cavilla-

336 1300 650 1398 tionibus,
716 1305 959 1395 quibus
1015 1310 1487 1379 obtrectatores
1540 1328 1701 1398 eum,
1761 1306 1842 1398 in,
1892 1300 2347 1398 contemptum
2399 1308 2724 1375 abducere
2800 1300 3227 1375 conabantur.
3312 1307 3721 1398 Objiciebant

332 1390 533 1473 enim,
582 1390 758 1490 quod
814 1421 842 1462 α
886 1418 965 1465 ex
1005 1399 1282 1490 ignobili
1324 1399 1569 1490 oppido
1611 1397 1932 1490 oriundus
1971 1390 2269 1490 esset-(n.
2317 1394 2403 1475 6i,
2443 1429 2464 1456 ι
2525 1399 2699 1490 quod
2753 1421 2780 1461 ‹
2825 1398 3280 1490 nec_lepidus,
3337 1390 3473 1490 nec
3521 1400 3724 1466 urba-

336 1500 487 1576 nus,
537 1485 713 1576 quod
756 1485 1149 1576 peregrinus
1193 1500 1257 1559 et
1303 1485 1607 1559 externus
1642 1485 1892 1576 (n.778),
1946 1509 1973 1551 ι
2026 1487 2285 1573 aliaque
2351 1507 2467 1574 per
2498 1488 2714 1576 multa
2754 1485 3079 1576 (n.711),’
3118 1509 3264 1575 quae
3324 1488 3619 1575 profecto
3656 1490 3725 1557 in

337 1570 861 1682 adversariorum
916 1570 1162 1666 potius,
1225 1601 1425 1682 quam
1459 1570 1789 1682 .Gregerii
1843 1570 2314 1682 Contumeliam
2352 1570 3006 1682 'recidebant‘.‘.Turii
3064 1570 3422 1682 profanam.
3459 1578 3725 1682 illoru‘m

333 1660 822 1757 multitudinem
876 1660 1025 1735 cum
1089 1660 1307 1757 gregis
1375 1668 1476 1738 sui
1523 1660 1873 1757 exiguitate
1938 1666 2323 1757 conferens,
2383 1665 2559 1733 hunc
2609 1660 3088 1749 extellit,illes
3148 1667 3478 1755 deprimit.
3541 1691 3569 1732 α
3615 1668 3721 1751 Hi,

331 1749 674 1845 inquit_(n.
736 1754 873 1843 15),
929 1749 1123 1826 aedes.
1151 1749 1417 1843 habent,
1470 1778 1590 1826 nos
1629 1749 1992 1845 hospitem;
2028 1756 2093 1822 hi
2136 1756 2399 1843 templa,
2455 1776 2575 1822 nes
2620 1756 2851 1837 Deum;
2902 1756 2968 1821 lii
3012 1749 3315 1844 populos,
3359 1778 3479 1824 nos
3522 1749 3723 1845 angeé

332 1839 453 1936 l_es;
602 1839 843 1936 aurum
884 1858 948 1915 et
989 1859 1363 1936 argentum,
1400 1839 1552 1917 'nes
1613 1839 2031 1935 repurgatam
2105 1839 2494 1936 doctrinam;
2537 1870 2563 1909 ι
2620 1865 2794 1936 ηυξ
2829 1839 3049 1913 omnia
3098 1839 3343 1913 merito
3426 1839 3725 1916 vanis'ac

335 1928 601 2028 insulsis
663 1928 1122 2006 haereticorum
1183 1928 1421 2028 opibus
1460 1928 1853 2028 pretiosiora
1889 1946 1957 2028 et
1996 1934 2453 2028 przpstantiera
2493 1928 2717 2028 erant.‘
2743 1935 2918 2028 Nihil
2960 1936 3423 2028 ergemirum,
3465 1936 3536 2028 si
3561 1938 3723 2005 cha-

336 2018 672 2116 rissimum
710 2042 1005 2114 gregem,
1048 2028 1201 2095 licet
1224 2018 1560 2116 exiguum,
1599 2024 1905 2114 ampliori
1944 2018 2273 2112 praeferat;
2319 2035 2544 2116 utpote
2607 2024 2721 2111 qui
2784 2026 2963 2116 hunc
3025 2018 3279 2093 facilius
3317 2027 3719 2115 conspicere,

336 2119 531 2203 aique
571 2132 608 2178 a
655 2112 963 2203 luporum
1034 2112 1390 2186 voracitate
1461 2116 1632 2186 tueri
1684 2112 1759 2182 ac
1805 2134 2065 2182 servare
2128 2112 2412 2202 pessetﬁ
2458 2113 2699 2182 Verum
2779 2115 3043 2182 interim
3102 2112 3497 2203 prophetico
3552 2118 3726 2186 velut

336 2131 531 2267 atque
571 2132 608 2178 a
657 2131 963 2203 luporum
1034 2131 1390 2186 voracitate
1461 2131 1632 2186 tueri
1684 2136 1759 2182 ac
1805 2134 2065 2182 servare
2128 2131 2368 2202 posset.
2467 2131 2699 2182 verum
2779 2131 3043 2182 interim
3102 2131 3487 2203 prophetico
3552 2131 3714 2185 velut

334 2199 413 2297 af_
445 2210 595 2297 atus
631 2204 894 2297 spiritu,
937 2227 1069 2274 non
1117 2207 1370 2276 dubitat
1409 2207 1571 2297 quin
1616 2204 1972 2297 aliquando
2023 2226 2172 2272 eum
2232 2204 2533 2271 latiorem
2602 2204 2863 2297 visurus
2903 2204 3008 2273 sit.
3072 2230 3099 2270 «
3152 2207 3387 2297 Multos
3432 2207 3631 2288 enim,
3688 2232 3714 2271 ››

338 2289 516 2386 addit
551 2289 683 2375 (ιι.⁷
713 2295 847 2381 15),
892 2320 920 2361 ι
963 2318 1039 2365 ex
1077 2297 1207 2382 his,
1240 2297 1355 2386 qui
1395 2289 1573 2365 n'unc
1614 2296 1681 2363 in
1728 2289 2036 2386 luporum
2067 2314 2370 2386 numero
2411 2304 2584 2375 sunt,
2626 2295 2793 2362 inter
2869 2316 3041 2377 oves,
3098 2315 3173 2361 ac
3210 2294 3483 2386 fortasse
3526 2298 3723 2365 etiam

336 2377 508 2472 inter
546 2377 839 2472 pastores
881 2377 1314 2455 recensendos
1369 2388 1601 2454 habeo.
1654 2409 1683 2451 ι
1730 2377 1914 2463 Quod
1958 2383 2330 2451 vaticinium
2377 2396 2644 2451 eventus
2682 2395 2907 2472 postea
2954 2386 3387 2468 conﬁrmavit,
3446 2385 3721 2454 Demum

336 2488 411 2535 ex
450 2468 757 2558 baptismi
789 2475 1021 2559 forma,
1066 2477 1459 2546 Arianorum
1498 2486 1563 2543 et
1608 2473 2172 2543 Eunemianerum
2200 2494 2485 2554 errores,
2523 2474 2635 2560 qui
2682 2468 2920 2541 Filium
2971 2487 3034 2542 et
3078 2474 3394 2563 Spiritum
3421 2488 3721 2544 sanctum

334 2569 601 2655 creatos
626 2580 766 2655 esse
807 2566 1211 2647 asserebant,
1254 2585 1645 2655 cearguens,
1689 2565 2089 2655 elegantiae
2130 2563 2382 2655 eximiae
2417 2563 2696 2655 orationi
2739 2564 2933 2655 fidem
2978 2565 3277 2655 imponit.

423 2647 499 2745 il:
554 2648 644 2716 Ex
668 2652 771 2745 his
809 2676 956 2743 quae
989 2647 1471 2745 jamdiximus,
1503 2674 1699 2745 nemo
1749 2647 2002 2741 estqui
2046 2674 2177 2745 non
2218 2654 2497 2745 fateatur
2542 2647 3117 2745 hancieratienerh
3156 2654 3720 2742 Constantinopoli

338 2737 629 2805 habitam
663 2737 860 2811 fuisse
900 2737 1071 2813 anno
1115 2742 1269 2814 380.
1310 2737 1506 2813 Plura
1569 2744 1723 2811 etim
1766 2737 1980 2811 adhuc
2010 2764 2080 2809 ex
2123 2742 2243 2811 hac
2270 2742 2588 2831 rieratiene
2658 2742 2737 2808 ad
2792 2743 2856 2810 id
2932 2744 3453 2810 confirmandum
3497 2737 3717 2831 colligi

337 2840 633 2915 possunt.
678 2831 979 2901 Nondum
1019 2834 1195 2903 enim
1234 2834 1509 2918 Gothos,
1554 2855 1591 2900 a
1626 2834 1755 2901 Dee
1807 2857 1834 2897 ι
1886 2832 1951 2899 in
1996 2834 2222 2899 selutze
2267 2830 2599 2905 Trinitatis
2639 2853 2901 2919 poenam
2942 2857 2967 2897 ι
3016 2835 3322 2901 collectos
3370 2844 3431 2901 et
3474 2830 3718 2901 ceadu-

334 2927 519 2985 uates
555 2926 641 3005 (η.
703 2920 771 3010 2)
837 2924 1195 2992 debellarat
1258 2924 1686 2993 Theodosius.
1753 2922 2058 2990 Nondum
2136 2922 2425 2992 ecclesiae
2482 2934 2667 2988 erant
2729 2922 3076 2989 Catholicis
3156 2925 3493 3005 restitutae,
3565 2945 3717 2991 cum

333 3020 643 3102 agnoscat
666 3010 819 3102 ipse
862 3012 1216 3099 Gregorius
1287 3017 1377 3102 (n.
1439 3014 1576 3101 15),
1629 3036 1657 3078 ι
1706 3013 2012 3101 exiguum
2063 3011 2459 3102 adhuciesse
2523 3032 2791 3098 gregem
2836 3024 2897 3080 et
2936 3014 3189 3102 caulam
3260 3025 3628 3102 angustam.
3686 3038 3714 3079 ›

333 3095 496 3193 Quae
525 3095 789 3186 quidem
818 3104 973 3171 satis
995 3095 1309 3173 indicant
1341 3095 1586 3172 annum
1642 3095 1955 3193 380,'vel,
1986 3111 2229 3193 uicum
2264 3095 2675 3193 Tillementie
2718 3102 2951 3188 loquar
2990 3101 3158 3193 [97],
3204 3100 3364 3172 illud
3407 3102 3719 3193 temporis

333 3186 831 3282 spatiumqued
897 3222 921 3250 ι
967 3193 1141 3262 inter
1181 3194 1563 3261 vicesimum
1590 3191 1834 3282 Aprilis
1860 3192 2009 3257 anni
2038 3189 2251 3282 379et
2282 3190 2663 3257 vicesimum
2705 3186 2952 3258 sextum
2988 3186 3374 3261 Novembris
3416 3186 3718 3260 anni380

333 3276 707 3349 intercedit.
747 3306 774 3349 ι
820 3282 1011 3351 Nulla
1053 3283 1231 3351 enim
1276 3295 1373 3351 est
1395 3284 1520 3351 hac
1549 3276 1739 3351 de're
1782 3281 1952 3348 inter
1994 3280 2288 3371 eruditos
2314 3281 2781 3371 controversia.
2827 3284 2906 3347 At
2946 3282 3117 3348 idem
3163 3304 3428 3371 quoque
3470 3282 3721 3349 deside-

330 3377 597 3461 raretur
632 3372 1007 3441 animorum
1035 3394 1419 3454 consensus,
1463 3374 1540 3441 ad
1584 3371 2105 3461 dignoscendum
2169 3370 2318 3457 quis
2359 3370 2555 3437 fuerit
2596 3370 2702 3437 ille
2750 3392 2942 3438 senex
2984 3374 3060 3439 de
3114 3370 3246 3461 que
3291 3373 3383 3439 sic
3422 3374 3721 3458 loquitur

329 3455 686 3543 Gregorius
728 3464 815 3549 (n.
864 3462 931 3549 5)
981 3486 995 3529 :
1055 3486 1082 3527 ‹
1122 3464 1507 3531 llesternam
1534 3455 1745 3529 meam
1776 3459 2105 3527 victimam
2139 3455 2361 3547 posce,
2404 3480 2623 3526 senem
2668 3461 2879 3541 illum,
2929 3455 3387 3549 quem'exsilie
3428 3455 3715 3529 redeun-

331 3558 488 3639 tem,
531 3558 671 3621 605
719 3553 934 3621 medie
976 3552 1104 3635 die,
1150 3552 1362 3621 media
1404 3553 1471 3619 in
1511 3552 1704 3631 urbe,
1746 3549 1915 3618 saxis
1973 3549 2338 3637 excepistis,
2409 3574 2435 3613 ›
2484 3550 2660 3617 Licet
2722 3552 2895 3617 enim
2956 3553 3035 3618 de
3112 3552 3235 3617 iste
3296 3552 3463 3619 facto
3539 3552 3713 3639 apud

324 3637 681 3732 scriptores
710 3642 953 3711 mentio
998 3642 1136 3723 fiat,
1179 3653 1463 3709 attamen
1491 3642 1815 3709 incertum
1843 3640 2060 3732 adhuc
2097 3640 2370 3732 quidem
2399 3648 2537 3732 est,
2564 3641 2656 3732 ad
2690 3662 2881 3729 qnem
2915 3662 3135 3732 senem
3176 3642 3237 3707 id
3267 3653 3447 3709 certe
3482 3637 3711 3709 referri

323 3727 553 3816 possit.
598 3731 831 3800 Censet
865 3733 1041 3800 Elias
1068 3732 1421 3800 Eusebium
1471 3732 1993 3799 Samesatensem
2044 3727 2150 3795 hic
2189 3750 2223 3795 a
2267 3727 2583 3815 Gregorio
2626 3727 2979 3813 designari.
3044 3731 3195 3797 Ilaec
3242 3753 3466 3799 revera
3505 3732 3717 3798 Theo-

322 3819 593 3913 deretus
628 3842 703 3889 ac
732 3821 1140 3913 Nicephorus
1185 3819 1329 3913 [98]
1380 3831 1651 3889 narrant
1682 3820 1771 3913 de
1811 3819 1934 3887 iste
1997 3818 2299 3913 Eusebio,
2353 3818 2460 3913 cui
2524 3844 2549 3883 α
2604 3820 2932 3913 Delicliam
3006 3820 3424 3913 ingredienti,
3480 3822 3717 3889 mulier

324 3912 627 4000 quaedam
667 3908 907 3980 Ariana
939 3912 1087 3979 labe
1128 3908 1475 3993 maculata,
1520 3911 1809 3998 tegulam
1842 3931 1878 3976 e
1919 3908 2243 4000 superiori
2308 3910 2548 4000 aedium
2605 3922 2786 3995 parte
2850 3910 3144 3991 immisit,
3210 3911 3482 3999 ejusque
3522 3922 3719 4000 caput

326 3998 616 4091 el-trivit.
652 4025 681 4067 ι
723 4003 987 4070 Addunt
1028 4012 1251 4083 etiam,
1294 4002 1471 4091 quod
1512 3997 1766 4091 ab’ipse
1792 4019 2057 4091 quoque
2091 3997 2404 4091 Gregorio
2439 3999 2847 4081 observatur,
2892 4000 3247 4067 Eusebium
3292 3997 3709 4083 merientem,

322 4106 436 4159 eos
482 4090 597 4181 qui
651 4092 925 4181 aderant
981 4088 1421 4180 jurejurando
1498 4088 1945 4181 obstrinxisse,
1995 4108 2075 4154 ne
2097 4088 2465 4181 ii__muliere
2534 4110 2793 4181 poenas
2830 4090 3028 4179 hujus
3092 4090 3237 4157 facti
3290 4093 3453 4181 ullas
3498 4093 3714 4177 exige-

325 4177 573 4267 rentf)
642 4177 1248 4262 Quamvis'aut‘em
1307 4181 1448 4249 hzec
1502 4200 1634 4248 non
1698 4178 2037 4265 ignoraret
2096 4177 2572 4267 Tillementius,
2652 4177 2934 4267 conjecit
2996 4192 3211 4247 tamen
3267 4180 3364 4247 vir
3417 4182 3721 4248 eruditus

328 4264 495 4361 [99],
550 4295 579 4333 ‹
624 4292 846 4339 senem
933 4272 1120 4338 illum
1187 4270 1389 4339 fuisse
1465 4269 1883 4361 Eustathium
1947 4266 2516 4361 presbytgum,»
2578 4264 2914 4361 ayalente
2956 4270 3357 4361 imperatore
3420 4270 3487 4361 in
3528 4271 3717 4359 oppi-

322 4355 481 4427 dum
528 4360 825 4430 Thracia;
866 4362 1127 4429 Bizuam
1176 4362 1568 4447 relegatum,
1620 4357 1798 4447 quod
1839 4378 2010 4447 anno
2051 4355 2182 4424 370
2237 4357 2585 4443 Evagrium
2634 4355 3365 4447 Constantinopolitanae
3414 4355 3721 4429 Ecclesiae

326 4448 707 4548 episcopum
751 4451 997 4548 praefici
1040 4445 1363 4548 curasset.
1403 4451 1483 4518 At
1523 4445 1823 4548 S_ecrates
1852 4457 1917 4548 et
1965 4445 2378 4548 Soaemenu‘s.
2414 4450 2529 4535 (1),
2567 4448 3038 4548 quiEustatliii
3068 4445 3363 4516 exsilium
3397 4451 3717 4535 referunt,

326 4536 490 4605 nihil
520 4536 860 4607 tamen'de
903 4541 1109 4629 ipsius
1152 4541 1219 4608 in
1263 4540 1497 4609 urbem
1540 4536 2169 4629 Censtantinepelim
2220 4537 2456 4629 _redit.u
2516 4559 2600 4629 ac
2678 4538 3111 4629 inexspectata
3154 4550 3386 4629 meite
3431 4561 3720 4609 comme-

326 4640 607 4698 morant.
669 4625 989 4698 Barenius
1022 4630 1218 4698 etiam
1269 4629 1395 4721 [2],
1445 4629 1556 4721 qui
1602 4629 1781 4721 hunc
1839 4625 2157 4721 orationis
2220 4626 2433 4694 locum
2477 4627 2569 4694 sic
2609 4625 2995 4721 exscripsit:
3036 4653 3060 4692 ‹(
3110 4628 3456 4721 Hominem
3499 4652 3722 4698 meum

319 4738 548 4806 posce,
592 4740 790 4808 quem
833 4721 1143 4788 hesterno
1184 4716 1297 4788 die
1337 4716 1743 4801 trucidastis,
1783 4736 2027 4808 senem
2079 4716 2296 4808 illum,
2330 4737 2539 4808 quem
2594 4719 2675 4784 ab
2729 4719 2952 4785 exsilio
3020 4720 3429 4799 redeuntem,
3475 4730 3539 4787 et
3591 4721 3723 4789 huc

321 4805 782 4895 appellentem,
825 4834 853 4874 ι
899 4820 1021 4878 etc.
1054 4862 1069 4891 ,
1111 4810 1371 4877 videtur
1417 4810 1685 4898 quidem
1719 4806 1833 4898 his
1876 4805 2126 4898 ultimis
2158 4806 2388 4898 verbis
2424 4806 3052 4897 Constantinopolim
3092 4810 3439 4897 designare
3476 4809 3719 4877 voluis-

325 4916 419 4978 se;
463 4900 571 4967 sed
608 4898 772 4966 nihil
819 4900 900 4968 de
950 4900 1073 4967 iste
1113 4920 1269 4968 sene
1308 4895 1633 4966 indicavit.
1701 4897 1863 4965 Cum
1910 4895 2117 4982 igitur
2158 4896 2475 4963 hisrerica
2526 4895 2950 4965 monumenta
3010 4895 3311 4986 Gregorii
3352 4900 3722 4967 narrationi

322 4987 566 5142 optime
605 5000 1132 5071 consonent,nos
1172 5010 1440 5080 quoque
1472 5010 1622 5057 cum
1650 4986 1791 5055 Elia
1823 4986 2001 5053 hunc
2042 4987 2257 5051 locum
2299 4987 2378 5052 de
2406 4986 2687 5055 Eusebio
2722 4986 3183 5071 Samesatensi,
3220 4988 3721 5076 intelligendum

329 5094 403 5141 ar
453 5088 753 5142 itramur.

329 5077 753 5146 arbitramur.

984 5502 3723 5536 Μ

438 5166 538 5249 97)
572 5166 640 5249 '[.
682 5166 783 5249 IX,
816 5184 949 5248 pag.
973 5167 1114 5249 728.
1226 5248 1233 5249 ί
1508 5246 1528 5249 _
1706 5244 1719 5249 Δ
1844 5246 1859 5249 _
2067 5244 2080 5249 _
2147 5165 2233 5242 (1)
2260 5163 2429 5249 Socr.
2465 5167 2619 5249 Hist.
2658 5166 2695 5229 I.
2729 5185 2865 5243 iv,c.
2903 5170 2999 5243 15,
3040 5187 3097 5249 p.
3122 5166 3242 5228 2'26
3271 5186 3287 5245 ;
3314 5168 3718 5230 Sozemﬂist.

438 5168 511 5225 97
572 5168 640 5229 T.
682 5168 778 5239 IX,
816 5184 949 5248 pag.
973 5168 1114 5232 728.

435 5168 950 5390 ξξξηῖὺὲῗίῗθὲῖ
978 5248 1139 5312 Hist.
1177 5248 1283 5313 lib.
1319 5268 1375 5326 v,
1409 5266 1464 5311 c.
1501 5246 1538 5309 3
1573 5268 1588 5326 ;
1648 5244 1976 5328 Nicephor.
2067 5244 2077 5304 l

1066 5172 1114 5232 Β.
2147 5168 2233 5242 (1)
2260 5168 2429 5227 Socr.
2465 5168 2619 5228 Hist.
2658 5168 2695 5229 l.

1066 5257 1139 5312 st.
1177 5248 1283 5313 lib.
1319 5268 1375 5326 v,
1409 5266 1464 5311 c.
1501 5246 1588 5326 3;
1648 5244 1976 5328 Nicephor.
2067 5244 2104 5304 I.
2144 5262 2218 5311 vi.
2257 5265 2309 5307 c.
2346 5246 2438 5321 13,
2476 5265 2532 5326 p.
2568 5248 2708 5311 655.

2155 5326 2237 5390 (2)
2273 5330 2442 5387 Anne
2467 5328 2607 5390 380.
2645 5328 2671 5390 Ε
2706 5347 2708 5353 ‘

326 5326 626 5412 Histilib.
662 5347 770 5412 X_i_l,
801 5349 850 5391 c.
891 5329 950 5391 5.
1804 5326 1821 5328 “
2155 5326 2237 5407 (2)
2273 5330 2442 5387 Anne
2467 5328 2607 5404 380,
2644 5328 2672 5407 ἕ
2706 5346 2787 5410 vr,
2825 5328 3047 5408 p.4ll.

405 5409 526 5491 (99)
561 5408 631 5473 T.
667 5408 766 5481 IX,
794 5418 917 5473 net.
954 5428 1114 5489 nix,
1152 5431 1212 5492 p.
1250 5412 1386 5476 714.

330 5500 2492 5534 “MM——

829 5544 1194 5640 ΛΟΓΟΣ
1266 5556 1466 5650 ΛΓ’,
2000 5543 2035 5588 ⁸
2400 5552 2466 5633 O

2000 5543 2035 5588 Α
2400 5552 2817 5635 ORATIO
2888 5544 3263 5647 XXXIII
3336 5542 3393 5647 ⁸.

665 5672 800 5747 Πρὸς
836 5667 1167 5751 ’Λρειανοὺς,
1198 5672 1285 5727 καὶ
1320 5672 1394 5735 εἰς
1418 5670 1625 5731 ἑαυτόν,

2324 5664 2631 5727 Adversus
2686 5667 2971 5744 Arianes,
3028 5673 3083 5731 et
3127 5667 3200 5730 de
3246 5668 3469 5749 seipse.

403 5746 486 5820 ρι’.
524 5758 627 5814 Ποῦ
672 5761 802 5816 ποτὲ
854 5761 1005 5841 εἰσιν³
1062 5763 1106 5816 οἱ
1165 5762 1263 5828 τὴν
1346 5781 1532 5816 πενιαν
1582 5763 1719 5837 ἡμῖν
1780 5760 1975 5818 ὀνειδί-

2145 5765 2187 5825 l.
2226 5761 2338 5842 Ubi
2372 5763 2613 5825 tandem
2662 5774 2802 5828 sunt
2849 5767 2949 5848 qui
2999 5746 3371 5849 papertatem
3407 5767 3584 5831 nobis
3614 5787 3720 5835 ex-

319 5855 520 5927 ζοντες,
564 5849 653 5905 καὶ
684 5850 774 5905 τὸν
816 5848 1045 5908 πλοῦτον
1090 5852 1455 5926 κομπάζοντες
1486 5897 1500 5912 .
1548 5852 1608 5908 Οἱ
1655 5849 1846 5921 πλήθει
1876 5853 1961 5918 rip

2070 5852 2371 5935 probrant,
2434 5873 2703 5936 epesque
2765 5874 2902 5920 suas
2959 5857 3572 5940 inselenterjactant?
3603 5860 3712 5937 Qui

398 5946 424 5978 ³
453 5935 615 6001 Alias
644 5935 799 6001 XXV
830 5956 962 6021 qua
989 5944 1188 6004 autem
1216 5937 1295 6005 33
1326 5946 1478 6021 erat,
1501 5957 1663 6003 nunc
1695 5939 1800 6005 27.
1832 5937 2145 6007 --'Habita
2176 5935 2686 6027 Constantinopoli
2717 5948 2879 6011 circa
2912 5949 3176 6014 medium
3210 5935 3435 6013 annum
3467 5935 3641 6019 380.
3676 6002 3681 6005 -
