4158 6396
293 378 406 444 221
971 386 1255 449 ORATIO
1299 386 1580 450 XXXIII.
1613 420 1690 433 -
1724 386 2031 452 CONTRA
2076 389 2415 453 ARIANOS
2463 391 2558 452 ET
2603 392 2702 453 DE
2748 392 3026 455 SEIPSO.
3593 390 3711 455 ‘22?

315 540 430 594 μων
488 520 646 598 χερσὶ
706 517 1014 600 παρέδωκα,
1069 519 1146 577 ’ἶν’
1206 523 1279 588 ὡς
1340 526 1496 599 θῆρες
1561 523 1859 605 εἱρχθέντες
1919 523 1974 581 ἐν

2077 523 2224 601 viris,
2244 526 2342 607 qui
2368 545 2549 589 carne
2577 544 2730 607 pene
2752 545 2821 589 ac
2845 528 3134 606 sanguine
3163 527 3498 593 carebant?
3518 528 3716 603 Qnos-

316 608 604 699 ἀφεγγέσιν
663 607 863 691 οἴκοις,
914 612 1001 668 καὶ
1038 610 1314 699 ,ἀλλήλων
1377 609 1772 695 διαζευχθέντες
1806 622 1982 687 (τοῦτο

2077 633 2201 675 nam
2241 616 2369 694 pios
2401 618 2579 697 viros,
2622 618 2827 697 patria;
2859 617 3080 679 ﬁnibus
3113 618 3337 699 pulsos,
3372 618 3717 680 hominibus

317 698 416 775 γὰρ
470 695 535 764 δὴ
596 700 658 753 τὸ
698 704 799 767 τῆς
844 698 1138 778 τραγῳδίας
1171 701 1517 783 βαρύτατον),
1552 702 1692 780 λιμῷ
1724 706 1811 761 καὶ
1843 703 1980 781 δίψει

318 788 761 862 κακοπαθήσωσι,
822 790 1019 868 τροφὴν
1080 792 1451 868 μετρούμενοι,
1514 795 1602 849 καὶ
1661 794 1858 860 ταύτην
1897 792 1981 849 διὰ

320 884 518 933 στενῶν
579 884 683 934 τῶν
728 876 935 959 πόρων,
976 881 1064 936 καὶ
1096 878 1212 938 οὐδὲ
1244 881 1365 946 τοὺς
1425 882 1813 961 συκιαλγοῦντας
1859 882 1981 963 ἐρᾷν

315 966 541 1041 ἰώμενοι
590 967 763 1046 (41);
829 971 928 1027 Καὶ
986 969 1174 1041 ταῦτα,
1235 979 1371 1035 τίνες
1437 972 1603 1053 (49);
1668 962 1763 1029 Ὠν
1793 962 1979 1041 οὖκῆν

321 1054 463 1121 ἄξιος
498 1059 526 1113 ὁ
558 1059 787 1133 κόσμος.
825 1060 978 1118 Οὕτω
1006 1067 1197 1135 τιμᾶτε
1228 1062 1402 1118 πίστιν
1460 1064 1616 1139 ὑμεῖς
1654 1082 1669 1139 ;
1714 1064 1850 1121 οὕτω
1889 1062 1979 1129 ξε-

319 1147 483 1218 νίζετε
519 1164 535 1221 ;
568 1148 851 1228 Ἀγνοεϊτε
905 1150 971 1206 τὰ
1016 1149 1188 1207 πλείω
1230 1152 1430 1208 τούτων
1466 1168 1478 1181 ·
1543 1155 1632 1210 καὶ
1676 1153 1791 1210 λίαν
1833 1153 1976 1209 εἷκόο

320 1258 452 1309 τως,
514 1235 599 1295 διὰ
654 1242 715 1296 τὸ
778 1238 985 1307 πλῆθος
1046 1241 1151 1296 τῶν
1206 1241 1512 1320 ὁραμάτων,
1549 1244 1774 1311 καὶτῆς
1820 1243 1874 1300 ἐν
1904 1246 1982 1317 τῷ

322 1341 503 1383 ποιεῖν
546 1335 742 1409 τρυφῆς
781 1346 793 1360 ·
832 1328 970 1387 ἀλλὰ
1021 1331 1083 1387 τὸ
1127 1331 1342 1410 πάσχον
1394 1334 1886 1414 μνημονικώτερον.
1922 1332 1983 1391 Τί

321 1438 411 1491 μοι
463 1418 529 1473 τὰ
561 1418 738 1498 πόῤῥω
768 1418 947 1498 λέγειν
982 1438 997 1494 ;
1036 1417 1203 1476 Ἀλλά
1232 1442 1370 1486 τινες
1431 1426 1517 1478 καὶ
1547 1431 1640 1481 τοῦ
1669 1426 1855 1504 καιροῦ
1883 1446 1973 1501 γε·

320 1506 504 1582 γόνασι
548 1509 838 1587 βιαιότεροι
915 1507 1067 1589 (43),
1132 1511 1368 1590 καθάπερ
1432 1513 1660 1569 οἱκατὰ
1718 1520 1979 1594 φραγμῶν

323 1596 610 1673 ὠθούμενοι
665 1601 811 1663 σύες.
872 1608 1025 1668 Ζητῶ
1083 1624 1183 1676 μου
1245 1604 1306 1658 τὸ
1366 1603 1492 1682 χθὲς
1537 1605 1686 1679 ὑμῶν
1730 1605 1975 1685 σφάγιον,

323 1688 415 1741 τὸν
474 1688 696 1765 γέροντα
742 1690 885 1768 (44),
923 1692 1009 1747 καὶ
1043 1688 1396 1768 Ἀϐραμιαϊον
1445 1693 1669 1774 πατέρα,
1706 1696 1762 1750 ὃν
1793 1695 1854 1751 ἐκ
1883 1696 1979 1761 τῆς

2065 703 2285 786 iniquis
2312 706 2540 787 dedidi,
2571 712 2635 770 ut
2658 707 3051 770 tenebricosis
3076 708 3353 769 domibus
3370 711 3629 770 ferarum
3654 707 3716 769 in

2067 798 2308 857 modum
2342 797 2583 872 inclusi,
2610 806 2787 880 atque
2818 799 2919 860 alii
2950 797 3023 859 ab
3053 798 3182 859 anis
3215 798 3498 878 disjuncti
3529 797 3711 879 (quod

2067 886 2123 946 in
2160 894 2278 948 tota
2310 887 2594 967 tragoedia
2624 888 3039 966 gravissimum
3087 890 3263 968 eral),
3296 889 3451 950 tame
3501 907 3569 950 ac
3620 887 3720 947 siti

2064 974 2431 1052 laborarent,
2466 987 2687 1040 certam
2745 977 2860 1040 cibi
2909 997 3278 1054 mensuram,
3311 997 3561 1058 eamque
3614 994 3722 1057 per

2062 1075 2338 1139 angustas
2368 1067 2554 1131 rimas
2583 1068 2972 1149 accipientes,
3010 1087 3083 1129 ne
3114 1068 3266 1129 facta
3296 1070 3539 1150 quidem
3569 1068 3717 1149 ipsis

2066 1163 2356 1235 potestate
2379 1177 2482 1218 eos
2504 1158 2771 1240 videndi,
2798 1168 2901 1239 qut
2924 1159 2980 1219 in
3007 1158 3215 1219 ii~dem
3242 1158 3556 1219 doloribus
3586 1175 3719 1220 ver-

2065 1245 2350 1308 sabantur
2369 1247 2607 1328 ?Atque
2632 1249 2780 1323 haec,
2801 1249 3046 1326 quinam
3066 1247 3219 1308 viri?
3240 1248 3473 1323 Quibus
3491 1249 3716 1327 dignus

2064 1353 2185 1397 non
2207 1344 2341 1399 erat
2361 1340 2627 1400 mundus
2649 1340 2727 1400 ίι.
2754 1339 2851 1402 Sic
2877 1340 3053 1401 [idem
3080 1339 3290 1400 honori
3315 1339 3545 1401 habetis
3565 1338 3596 1397 ?
3614 1336 3715 1400 Sic

2064 1425 2318 1505 hospitio
2360 1428 2679 1508 excipitis?
2711 1432 2991 1510 Majorem
3026 1430 3162 1489 607
3218 1430 3432 1491 horum
3488 1437 3715 1509 partem

2064 1515 2392 1597 ignoratis;
2424 1526 2482 1580 et
2508 1519 2723 1580 merito
2745 1538 2892 1581 sane
2919 1530 3163 1599 propter
3191 1538 3391 1581 rerum
3417 1527 3714 1597 gestarum

2064 1604 2528 1679 multitudinem,
2567 1608 2901 1690 miramque
2932 1608 2992 1670 iu
3026 1608 3299 1670 faciendo
3330 1608 3717 1689 voluptatem.

2062 1692 2137 1756 At
2168 1694 2241 1774 is,
2274 1696 2376 1776 qui
2417 1698 2658 1777 patitur,
2693 1698 2983 1761 tenaciori
3026 1698 3317 1760 memoria
3359 1716 3495 1760 esse
3538 1697 3717 1759 solet.

317 1776 592 1856 ὑπερορίας
678 1780 933 1861 ἀχθέντα,
1024 1780 1186 1845 λίθοις
1271 1780 1633 1860 ἐδεξιώσασθε,
1715 1785 1979 1861 μεσούσης

330 1867 343 1887 ι
417 1866 426 1884 Ι
588 1867 603 1888 9
743 1870 752 1888 ρ
935 1870 969 1888 ΙΝ
1093 1862 1154 1888 ⁸.-
1250 1885 1256 1888 .
1351 1871 1393 1888 h‘
1516 1874 1528 1888 ι
1654 1874 1666 1888 \
1918 1887 1922 1888 ,

2077 1782 2217 1884 Quid
2239 1793 2435 1886 autem
2464 1786 2790 1888 longinqua
2808 1789 3019 1867 colligo
3042 1795 3070 1853 ’ἶ
3086 1789 3161 1851 At
3190 1788 3460 1850 nonnulli
3489 1788 3721 1888 violen—

323 1866 551 1946 ἡμέρας,
585 1867 640 1925 ἐν
686 1870 829 1949 μέσῃ
876 1870 1052 1930 πόλει.
1093 1866 1285 1947 Ἠμεῖς
1347 1871 1400 1929 δὲ
1446 1874 1530 1929 καὶ
1589 1874 1711 1937 τοὺς
1769 1887 1976 1953 φονεῖς,

2077 1874 2247 1935 tiores
2276 1875 2453 1937 etiam
2487 1894 2621 1938 sese
2654 1866 3057 1957 praebuerunt,
3091 1897 3269 1960 quam
3306 1877 3596 1958 temporis
3628 1894 3719 1937 ra-

324 1957 367 2011 εἰ
400 1958 476 2031 μὴ
508 1962 757 2037 φορτικὸν
807 1963 1004 2037 εἰπεῖν,
1056 1961 1430 2037 ἐζητησάμεθα
1483 1961 1603 2041 (45)
1647 1961 1978 2020 κινδυνεύον-

2077 1963 2141 2024 .io
2171 1965 2327 2025 ferre
2362 1964 2683 2047 videretur,
2722 1987 2839 2029 non
2870 1987 3045 2030 secus
3074 1957 3250 2049 atque
3277 1957 3444 2048 apri,
3466 1966 3570 2048 qui
3604 1984 3714 2047 per

322 2067 435 2112 τας,
474 2054 616 2105 Ποῖα
660 2050 862 2107 τούτων
905 2051 1071 2116 ἵλεως
1122 2051 1313 2127 ἔσομαί
1355 2075 1439 2108 σοι
1474 2073 1490 2133 ς
1550 2053 1681 2132 φησι
1724 2076 1824 2109 που
1883 2059 1982 2121 τῆς

2077 2062 2233 2134 septa
2254 2054 2525 2136 quaedam
2547 2074 2758 2136 magno
2785 2058 3012 2138 impetu
3035 2058 3332 2120 feruntur.
3363 2056 3719 2119 Hesternam

332 2142 547 2219 Γραφῆς
581 2142 608 2195 ὁ
642 2141 797 2205 Θεός.
834 2142 895 2200 Τί
945 2142 1145 2199 τούτων
1178 2141 1443 2199 ἐπαινέσω
1480 2161 1494 2217 ;
1550 2141 1755 2218 μᾶλλον
1784 2141 1861 2223 δὲ,
1925 2143 1984 2199 ὲκ

2077 2162 2262 2205 meam
2288 2144 2586 2205 victimam
2614 2164 3032 2227 posco,senem
3060 2147 3257 2221 illum,
3283 2156 3338 2209 et
3361 2144 3726 2209 Abrahami-

321 2228 485 2284 ποίων
514 2231 651 2304 ὑμᾶς
683 2229 1017 2308 ἆναδήσομαι
1054 2252 1069 2313 ;

2077 2252 2204 2294 cum
2231 2242 2668 2315 patrem,quem
2687 2255 2756 2298 ex
2772 2237 2980 2298 exsilio
3004 2237 3357 2299 redeuntem
3384 2236 3583 2298 medio
3600 2235 3725 2317 die,

323 2321 517 2411 media
547 2324 606 2385 iu
638 2323 787 2387 urbe
818 2326 975 2388 saxis
1021 2327 1357 2407 excepistis.
1391 2326 1467 2389 At
1525 2346 1633 2388 uos
1687 2327 1830 2402 (nisi
1890 2328 2003 2391 hoc
2047 2326 2205 2389 dictu
2254 2346 2433 2408 grave
2474 2339 2651 2411 atque
2701 2331 3063 2394 invidiosum
3106 2333 3223 2409 sit),
3259 2332 3727 2411 interemptores

320 2409 496 2474 etiam
543 2413 705 2494 ipsos
750 2414 1174 2496 deprecatione
1224 2423 1426 2478 nostra
1485 2416 1751 2497 periculo
1816 2420 2022 2480 mortis
2072 2417 2477 2482 liberavimus.
2541 2409 2746 2500 Super
2798 2440 2915 2503 quo
2980 2420 3197 2484 horum
3257 2422 3368 2485 tibi
3422 2409 3727 2501 propitius

319 2506 452 2593 ero?
483 2506 738 2583 quodam
784 2506 1106 2586 Scriptura;
1162 2506 1292 2568 loco
1351 2506 1432 2567 ait
1478 2507 1636 2570 Deus
1696 2509 1774 2570 15.
1822 2506 1974 2580 Quid
2022 2509 2236 2571 horum
2296 2508 2588 2570 laudabo?
2647 2511 2738 2572 vel
2794 2511 3012 2592 potius,
3079 2510 3155 2573 ob
3207 2530 3338 2593 quae
3368 2529 3590 2574 corona
3623 2528 3728 2575 vos

318 2591 560 2690 cingant
578 2599 607 2656 ’ξ

404 2682 507 2756 ς’.
545 2682 694 2743 Ἐπεὶ
752 2685 808 2744 δὲ
871 2694 1087 2747 τοιαῦτα
1148 2688 1213 2743 τὰ
1267 2689 1356 2759 σὰ,
1406 2689 1494 2744 καὶ
1544 2690 1709 2752 οὕτως
1760 2688 1981 2767 ἔχοντα,

2151 2686 2249 2751 Vl.
2296 2686 2584 2760 Quoniam
2610 2700 2808 2752 autem
2837 2690 2961 2753 haec
2986 2700 3164 2770 atque
3195 2689 3541 2770 hujusmodi
3577 2688 3731 2752 faci-

322 2770 447 2850 λὲγι
478 2797 568 2850 μοι
606 2777 694 2833 καὶ
723 2799 817 2841 τας
844 2777 979 2855 ἐμὰς
1012 2776 1241 2853 ἀδικίας,
1293 2777 1370 2832 ἵν’
1419 2776 1456 2844 ἤ
1502 2778 1785 2853 παύσωμαι
1818 2779 1981 2833 κακὸς

322 2863 419 2937 ὢν,
467 2864 502 2932 ἢ
560 2867 925 2947 αἰσχύνωμαι,
976 2858 1067 2930 Ὠς
1123 2868 1293 2945 ἔγωγε
1355 2866 1588 2941 μάλιστα
1622 2868 1719 2942 μὲν
1756 2866 1983 2945 εὔχομαι

328 2950 495 3026 μηδὲν
527 2955 788 3032 ἁμαρτεῖν
825 2974 837 2987 ⁸
876 2959 920 3014 εἰ
950 2955 1000 3013 δ’
1043 2959 1156 3030 οὖν,
1190 2958 1278 3014 καὶ
1335 2957 1529 3013 ἀδικῶν
1573 2956 1928 3034 ἐπανάγεσθαι
1964 2974 1979 2989 ·

327 3040 539 3122 δευτέρα
598 3048 743 3124 μερὶς
806 3047 939 3114 αὕτη
994 3054 1100 3103 τῶν
1162 3050 1219 3103 εὖ
1267 3049 1621 3126 φρονούντων,
1660 3048 1755 3103 Καὶ
1789 3047 1888 3126 γὰρ
1938 3049 1982 3102 εἰ

335 3132 413 3207 μὴ
443 3136 744 3215 κατήγορος
777 3135 1003 3212 ἐμαυτοί
1038 3138 1174 3194 κατὰ
1226 3138 1319 3194 τὸν
1362 3135 1560 3194 δίκαιον
1612 3136 1666 3192 ἐν
1710 3136 1985 3212 πρωτολο-

332 3222 422 3300 fit;
450 3224 688 3305 γίνομαι,
723 3229 899 3306 χαίρω
928 3249 990 3305 γε
1037 3226 1127 3283 ὑπ’
1171 3225 1333 3283 ἄλλον
1380 3229 1819 3305 θεραπευόμενος.
1884 3235 1984 3282 Μι-

329 3315 435 3392 κρά
487 3337 596 3395 σοι,
649 3319 833 3395 φησὶν,
878 3319 913 3385 ἡ
966 3316 1150 3393 πόλις,
1228 3319 1316 3373 καὶ
1395 3316 1510 3373 οὐδὲ
1586 3316 1766 3386 πόλις,
1849 3316 1985 3372 ἀλλὰ

328 3404 529 3484 χωρίον
590 3402 775 3484 ξηρὸν,
861 3408 950 3463 καὶ
1040 3405 1232 3487 ἄχαρι,
1310 3409 1399 3463 καὶ
1471 3407 1674 3484 ὀλιγοις
1751 3408 1987 3482 οἰκούμε-

328 3517 444 3556 νον.
508 3502 672 3553 Τοῦτο
715 3497 952 3553 πέπονθα
1011 3496 1241 3572 μᾶλλον,
1297 3499 1342 3551 ὧ
1395 3497 1660 3574 βέλτιστε,
1695 3497 1731 3566 ἢ
1763 3498 1987 3564 πεποίη-

330 3607 424 3659 κα,
459 3584 613 3664 εἴπερ
641 3584 752 3642 ἔστι
784 3583 954 3643 δεινόν
989 3606 1002 3618 ⁶
1040 3588 1125 3642 καὶ
1170 3588 1213 3642 εἰ
1257 3588 1355 3662 μὲν
1406 3587 1527 3656 (46)
1578 3583 1745 3668 ἄκων,
1793 3587 1987 3667 ἀνέχο-

330 3696 430 3750 μαι
461 3673 735 3755 δυστυχῶν
768 3674 895 3745 (47)
921 3675 1186 3755 (λεγέσθω
1240 3677 1340 3755 γὰρ
1376 3678 1561 3753 οὕτως)
1600 3702 1609 3711 ·
1665 3679 1708 3733 εἰ
1738 3676 1792 3733 δὲ
1821 3678 1981 3750 ἑκὼν,

328 3763 632 3843 φιλοσοφῶ.
693 3766 923 3846 Πότερον
968 3766 1165 3823 τούτων
1221 3766 1336 3843 (48)
1368 3765 1615 3845 ἔγκλημα
1650 3787 1666 3846 ;
1702 3768 1759 3823 Εἰ
1790 3768 1867 3839 μὴ
1902 3769 1986 3825 ναὶ

327 3857 421 3911 τὸν
477 3853 699 3936 δελφῖνα
732 3857 1004 3928 κακιζοιτύ
1034 3880 1114 3920 τις
1150 3856 1301 3939 (49),
1333 3856 1414 3915 ὅτι
1447 3858 1525 3929 μὴ
1558 3870 1817 3936 χερσαῖος
1852 3876 1866 3893 ⁸
1904 3860 1990 3914 καὶ

328 3946 422 4002 τὸν
481 3948 628 4023 βοῦν,
676 3945 758 4003 ὅτι
805 3946 882 4022 μὴ
926 3945 1184 4024 πελάγιος
1219 3966 1232 3979 '
1295 3948 1383 4003 καὶ
1424 3947 1522 4014 τὴν
1572 3946 1853 4026 μύραιναν,
1908 3946 1990 4004 ὅτι

330 4034 579 4116 ἀμφίϐιος
631 4035 783 4115 (50).
850 4028 1015 4113 Ἠμτν
1075 4035 1153 4111 δὲ,
1204 4040 1358 4117 φησὶ,
1409 4039 1570 4116 τείχη
1629 4039 1717 4093 καὶ
1775 4038 1988 4117 θέατρα,

332 4128 423 4183 καὶ
472 4128 665 4183 ἱππικὰ
725 4126 874 4205 (51),
935 4129 1025 4183 καὶ
1099 4127 1368 4208 βασιλεια,
1443 4128 1532 4184 καὶ
1589 4125 1762 4192 κάλλη
1820 4134 1991 4184 στοῶν

328 4218 420 4273 καὶ
478 4219 702 4298 μεγέθη,
756 4220 845 4275 καὶ
898 4219 961 4274 τὸ
1024 4216 1250 4275 ἄπιστον
1307 4220 1461 4275 τοῦτο
1528 4216 1707 4297 ἔργον,
1764 4219 1791 4273 ὁ
1862 4218 1991 4274 ὑπο-

327 4307 546 4387 χθόνιος
608 4307 728 4387 (52)
770 4310 858 4366 καὶ
939 4307 1115 4387 ἂὲριος
1202 4309 1465 4387 ποταμὸς,
1526 4308 1688 4364 καὶὸ
1745 4306 1988 4386 λαμπρὸς

327 4395 517 4461 στύλος
591 4397 711 4473 (53)
798 4399 977 4456 οὐτοσὶ
1055 4398 1145 4454 καὶ
1228 4395 1590 4470 ὰπὸϐλεπτος,
1656 4399 1741 4454 καὶ
1822 4398 1989 4478 ἀγορὰ

409 4502 468 4552 ﬂ
493 4502 679 4566 Hebr.
714 4520 799 4584 χι,
832 4501 932 4568 38.
1019 4502 1073 4545 ¹⁵
1100 4504 1325 4567 Jerem.
1358 4518 1421 4575 v,
1453 4503 1515 4565 7.

2068 2785 2337 2839 noratua
2371 2786 2531 2852 sunt,
2558 2797 2688 2859 age,
2712 2780 2838 2859 jam
2885 2779 3227 2859 iniquitates
3274 2798 3513 2860 quoque
3557 2798 3727 2841 meas

2068 2867 2216 2929 mihi
2269 2885 2467 2949 narra,
2504 2880 2569 2929 ut
2599 2871 2691 2930 vel
2726 2869 2916 2931 malus
2947 2888 3081 2935 esse
3110 2869 3409 2945 desinam,
3438 2868 3529 2930 vel
3578 2887 3725 2932 eru-

2066 2956 2332 3022 bescam.
2358 2956 2591 3020 Etenim
2619 2960 2872 3021 maxime
2903 2959 2959 3021 id
2985 2959 3223 3041 quidem
3250 2959 3533 3039 Optarim,
3560 2957 3731 3021 omni

2066 3047 2241 3125 culpa
2259 3066 2467 3109 vacare
2495 3070 2507 3108 :
2537 3049 2628 3109 sin
2648 3059 2847 3110 autem
2873 3050 2990 3111 hoc
3012 3048 3260 3111 minime
3286 3048 3729 3124 conceditur,at

2068 3137 2212 3198 illud
2249 3137 2480 3218 saltem,
2515 3148 2579 3198 ut
2608 3138 2658 3199 si
2691 3138 2832 3219 quid
2874 3139 3065 3220 iniqui
3095 3138 3430 3220 admittam,
3464 3138 3535 3199 ad
3591 3156 3725 3200 me-

2068 3227 2274 3290 liorem
2299 3226 2448 3287 viam
2474 3245 2720 3290 revocer
2743 3252 2759 3300 ;
2785 3247 2917 3309 qua;
2934 3229 3200 3290 secunda
3223 3227 3582 3307 prudentum
3612 3229 3721 3290 ho-

2071 3315 2296 3378 minum
2332 3317 2539 3379 classis
2566 3327 2677 3381 est.
2712 3320 2859 3381 Nam
2895 3321 3001 3380 etsi
3030 3319 3184 3398 justi
3224 3319 3387 3380 illius
3436 3336 3627 3399 more,
3662 3319 3724 3379 in

2075 3407 2190 3468 mei
2220 3408 2601 3469 accusatione
2632 3409 2852 3487 primas
2884 3418 3084 3488 partes
3137 3428 3255 3470 non
3288 3427 3515 3488 occupo
3548 3407 3626 3487 ‘6,
3665 3416 3727 3469 at

2072 3505 2233 3559 certe
2247 3498 2509 3578 peccatis
2526 3499 2674 3560 meis
2691 3498 2763 3559 ab
2778 3499 2895 3560 alio
2918 3499 3276 3562 medicinam
3295 3497 3569 3560 adhiberi
3590 3518 3730 3579 gau-

2072 3586 2206 3647 deo.
2236 3586 2448 3649 Parva
2498 3588 2611 3649 tibi
2640 3588 2852 3650 civitas
2889 3596 2999 3664 est,
3033 3588 3251 3669 inquis,
3283 3606 3354 3650 ac
3399 3606 3478 3651 ne
3505 3590 3727 3652 civitas

2066 3677 2440 3757 quidem,sed
2459 3678 2676 3740 aridus
2699 3677 2953 3759 locus,et
2976 3680 3322 3740 inamamus
3344 3686 3524 3757 atque
3542 3678 3733 3757 infre-

2068 3786 2278 3846 quens.
2308 3767 2506 3845 Atque
2540 3768 2672 3843 hoc,
2709 3768 2759 3829 si
2792 3768 2851 3829 in
2885 3768 3060 3829 malis
3095 3768 3436 3830 habendum
3489 3776 3602 3843 est,
3636 3767 3726 3829 vir

2070 3855 2385 3939 praeclare,
2422 3858 2613 3936 patior
2669 3857 2867 3938 potius
2917 3877 3099 3939 quam
3136 3858 3331 3920 facio:
3389 3856 3525 3919 etsi
3587 3857 3724 3939 qui-

2078 3947 2213 4007 dem
2270 3946 2450 4007 invito
2508 3948 2730 4028 animo,
2769 3948 2954 4008 miser
3011 3967 3165 4022 sum,
3201 3947 3379 4009 liceat
3435 3947 3593 4009 enim
3656 3949 3733 4011 ita

2078 4036 2238 4117 loqui
2268 4057 2282 4117 ;
2320 4036 2371 4097 si
2405 4056 2543 4099 vero
2574 4056 2742 4119 aequo
2767 4056 2835 4099 ac
2866 4036 3101 4118 libenti,
3122 4036 3459 4118 philosophi
3492 4035 3729 4097 laudem

2075 4127 2339 4190 obtineo.
2374 4126 2580 4190 Utrum
2614 4127 2824 4189 horum
2857 4127 3130 4189 criminis
3170 4127 3467 4190 rationem
3499 4125 3731 4188 habet?

2074 4217 2205 4281 Nisi
2229 4235 2367 4279 vero
2391 4217 2525 4298 quis
2542 4218 2655 4279 hoc
2681 4217 2921 4279 nomine
2944 4217 3295 4299 delphinum
3321 4216 3723 4278 accusandum

2075 4314 2264 4387 putet,
2297 4307 2451 4387 quod
2497 4316 2780 4369 terrestre
2812 4306 3032 4369 animal
3070 4325 3189 4368 non
3221 4307 3335 4368 sit:
3372 4315 3431 4368 et
3486 4304 3722 4379 bovem,

2070 4397 2227 4479 quod
2260 4416 2373 4458 non
2408 4396 2468 4457 in
2497 4397 2670 4477 aquis
2713 4396 2924 4477 degat:
2962 4406 3017 4459 et
3058 4413 3408 4475 murzenam,
3445 4395 3609 4473 quod
3668 4396 3728 4457 in

1602 4499 1656 4545 ¹⁶
1694 4500 1865 4567 Prov.
1902 4520 2070 4581 xvxu,
2106 4506 2206 4569 t7.

411 4611 541 4692 (41)
580 4604 735 4692 Ὀρᾷν
763 4612 1014 4693 ἐώμενοι.
1050 4610 1149 4674 Sic
1180 4610 1757 4693 pluresAReggnduo
1782 4609 1984 4690 Coisla

2083 4610 2207 4682 ed.,
2242 4609 2412 4667 δεινὸν
2445 4615 2472 4668 ὀ
2503 4614 2591 4669 καὶ
2623 4614 2665 4668 εἰ
2699 4612 2820 4692 μέν,
2854 4621 2971 4676 etc.

325 4690 431 4756 Or.
465 4690 533 4773 ﬁt,
554 4690 701 4773 les,
737 4701 853 4756 etc.
878 4692 1058 4773 Deest
1086 4690 1214 4767 ὁρᾷν
1249 4692 1311 4773 in
1342 4691 1439 4773 edi.

424 4772 547 4853 (42)
580 4771 771 4843 Τίνέςς
810 4796 834 4829 ε
873 4772 1125 4846 Quinam
1160 4772 1319 4836 viri?
1354 4792 1383 4833 ›
1412 4772 1474 4833 Id
1506 4772 1668 4835 Elias
1696 4771 1995 4852 pracipue

328 4853 412 4916 de
442 4852 623 4935 Paulo
657 4854 939 4935 episcopo
989 4853 1657 4935 Constantinopolitano
1693 4853 1990 4935 intelligit.

409 4934 533 5009 (43)
592 4933 909 5015 Βιαιότεροι.
968 4934 1176 5015 Arguit
1233 4933 1556 5014 Gregorius
1629 4933 1991 5015 Arianorum

330 5016 802 5097 sgvitianLqui,
837 5034 913 5077 ne
936 5014 1187 5097 quidem
1237 5015 1347 5097 sub
1395 5015 1669 5097 principe
1693 5014 1991 5097 catholico

337 5094 1250 5177 (Theodosio),a'credulitate,et
1277 5096 1350 5156 ab
1382 5094 1746 5159 etl‘uudendo
1779 5096 1989 5157 Catho-

335 5174 580 5269 licorum
614 5178 904 5269 sanguine
937 5174 1598 5269 temper‘areﬂpoterant.

417 5256 536 5337 (44)
569 5262 671 5317 Τὸν
714 5256 958 5336 γέροντα.
1019 5256 1192 5320 Putat
1238 5256 1395 5318 Elias
1430 5259 1586 5318 hunc
1620 5272 1991 5337 senemesse

329 5335 664 5401 Eusebium
694 5335 1199 5411 Samosatensem,
1237 5338 1337 5417 qui
1369 5336 1443 5398 ab
1472 5337 1689 5400 Ariana
1712 5335 1987 5409 muliere,

326 5419 529 5497 tegula
560 5419 618 5480 in
652 5420 783 5499 ejus
816 5428 991 5499 caput
1023 5437 1053 5478 e
1087 5429 1239 5478 tecto
1296 5419 1586 5496 conjecta,
1642 5417 1989 5499 interfectus

326 5502 536 5581 estis
569 5497 831 5562 moriens
854 5497 1249 5581 jurejurando
1283 5500 1505 5560 amicos
1547 5497 1885 5558 obstrinxit.
1925 5505 1987 5555 ut

326 5579 775 5662 feminamqua}
810 5579 1037 5662 tantum
1067 5579 1293 5662 facinus
1318 5589 1711 5662 perpetrarat,
1750 5598 1781 5639 a
1815 5596 1985 5657 pmna

327 5659 680 5723 liberarent:
720 5661 872 5723 Vide
902 5660 1079 5740 hujus
1128 5659 1416 5721 orationis
1475 5660 1790 5739 mouitum,
1827 5679 1881 5718 n.
1921 5661 1979 5718 2.

411 5742 535 5822 (45)
591 5743 1023 5816 Ἐζητησάμεθα.
1118 5740 1246 5803 Duo
1346 5740 1555 5821 Ἆρες,
1643 5741 1949 5817 ἐζῃτησάμε

329 5824 418 5895 θα,
436 5900 444 5905 _
459 5842 486 5905 ς
503 5826 999 5905 ᾼειροροεοὶῐηυδ.
1038 5846 1065 5877 ι

426 5900 527 5983 (46
560 5898 747 5963 Δὶιηῑόν
784 5923 797 5939 ο
831 5906 919 5963 καὶ
948 5905 991 5961 αἱ
1021 5903 1145 5982 μέν,
1179 5909 1292 5965 etc.
1347 5900 1445 5967 Sic
1476 5900 1676 5983 plures
1706 5899 1886 5963 codd.
1921 5898 1987 5963 In

2160 4692 2279 4772 (47)
2319 4700 2609 4773 Δυσωχῶν
2669 4694 2854 4757 Comb
2890 4744 2905 4773 ,
2938 4693 3207 4773 auaro/ﬂ).

2116 4764 2287 4913 (1(43')
2310 4764 2552 4872 ,Τούτυέδ-
2588 4773 2686 4836 Sic
2711 4774 2827 4835 duo
2862 4764 3075 4854 Hegg.,
3106 4764 3211 4837 Or.
3248 4773 3296 4848 l,
3335 4772 3483 4852 les,
3517 4780 3635 4835 etc.
3670 4769 3738 4833 In

2163 4903 2204 4913 ..
2242 4877 2425 4912 τουτον

2078 4875 2149 4912 ει]
2163 4903 2171 4909 .
2190 4903 2204 4912 .
2242 4877 2425 4912 τουτον

2157 4903 2596 5013 (ἐρ’)’ἲξέιξίξωτά
2632 4958 2731 5000 τις.
2772 4935 2873 4997 Sic
2902 4938 3048 5014 neg.
3115 4932 3238 5009 lim,
3276 4944 3334 4995 et
3365 4933 3547 4996 Coisl.
3578 4933 3636 4995 1.
3672 4930 3739 4993 In

2075 5014 2145 5076 ed
2161 5062 2200 5085 ,,
2236 5016 2436 5087 κακίζοι
2468 5038 2568 5081 τις.

2155 5094 2280 5173 (50)
2312 5093 2446 5178 ’.Ὀτι
2479 5094 2745 5178 ἀμφίβιοκ.
2786 5095 2887 5159 Or.
2931 5104 2980 5172 l,
3010 5097 3090 5154 ὅτι
3125 5096 3202 5172 μὴ
3242 5093 3511 5174 ἀμφίϐιος.

2159 5168 2288 5255 (51)
2322 5168 2694 5240 Ἰππικᾶ,Ὀῐ’.
2726 5178 2784 5251 1,
2810 5168 3046 5236 ἱππικάί.

2161 5251 2278 5332 (5‘2)
2312 5255 2686 5338 ἰ’ποχθόνιος,
2715 5266 2830 5320 etc.
2875 5278 2903 5316 ι
2936 5257 3256 5338 Loquitur._
3300 5251 3519 5338 i_nquit.__
3546 5253 3735 5338 Elias,

2076 5337 2153 5425 de
2177 5338 2377 5425 ﬂuvio,
2438 5333 2615 5425 quem
2670 5337 2891 5425 Valens
2947 5333 3056 5425 per
3107 5333 3361 5425 aedificia
3413 5334 3739 5425 cylindrica

2080 5418 2335 5480 mirabili
2364 5414 2546 5479 modo
2581 5419 2638 5478 in
2674 5419 2881 5479 urbem
2944 5414 3311 5486 introduxit;
3367 5414 3469 5491 qui
3523 5416 3740 5475 ﬂuvius

2077 5500 2650 5577 Constantinopolim
2680 5500 3443 5567 mediumintersecabal,et
3466 5496 3736 5557 canalem

2079 5590 2259 5639 totum
2292 5579 2578 5659 replebat.
2621 5605 2642 5633 ι»

2158 5661 2281 5739 (5)3)
2314 5655 2537 5722 Στύλος.
2563 5659 2697 5720 Haec
2722 5670 2807 5720 est
2833 5657 3207 5739 columna,in
3228 5675 3345 5737 qua
3368 5655 3741 5718 Constantini

2075 5740 2269 5817 Magni
2304 5749 2500 5801 statua
2531 5759 2697 5816 eque.
2723 5740 2827 5801 tris
2883 5739 3175 5800 collocata
3206 5746 3371 5817 erat:
3401 5755 3577 5817 quam
3610 5739 3739 5795 ἀνθ-

2071 5821 2250 5898 ήλιον,
2287 5820 2345 5881 id
2379 5832 2495 5896 est,
2536 5819 2678 5881 «soli
2714 5819 3078 5903 oppositam,
3121 5844 3142 5878 ο
3180 5816 3504 5899 appellant.
