4158 6406
490 313 606 380 227

1752 317 1812 378 S.
1862 305 2226 379 GREGORII
2274 314 2662 380 THEOLUGI

3771 315 3898 382 228

487 446 2198 532 ριόριιθιωιηυουείρεὶοοηιηιὶεειιιηοιόοΙθειιιιιυηιεειῖΑ
2226 445 2583 528 παρέδραμον,
2660 452 2717 513 ὃς
2777 453 2862 506 καὶ
2917 448 3101 514 δοῦλος
3160 451 3397 530 ὶγένιτο,
3461 453 3547 508 καὶ
3609 449 3891 516 σιτοδότης

487 540 796 613 Quomodo
829 541 1152 620 Josephum
1191 540 1578 620 praeterii,qui
1612 548 1672 599 et
1703 557 1912 600 servus
1936 537 2147 614 fuit”,

493 639 554 690 et
575 631 858 691 frumenti
885 630 944 690 in
971 627 1219 710 Αἴθῃ-μισ
1244 625 1688 708 distributor“,
1714 640 1771 689 et
1798 629 2142 689 innumera-

499 717 706 779 bilium
742 718 979 780 illarum
1017 719 1350 796 copiarum,
1386 737 1517 798 qua:
1559 718 1811 780 Abrahae
1845 722 2146 797 promissae

487 809 751 889 fuerant,
769 817 937 888 pater
961 816 988 870 ?
1009 807 1136 870 Jam
1164 808 1488 880 Abraham,
1513 818 1572 868 ut
1599 810 1821 887 majora
1844 809 2143 889 colligam,

493 918 566 961 an
603 917 721 959 non
757 899 1108 978 peregrinus
1128 896 1185 940 9⁵
1205 897 1234 957 ?
1258 900 1488 976 Moyses
1509 909 1730 972 autem,
1760 917 1957 958 nonne
1984 901 2145 977 prius

489 987 792 1068 expositus
812 985 889 1061 ’5,
923 987 1140 1048 deinde
1165 987 1467 1062 lcgislator
1487 986 1562 1054 2⁷,
1583 995 1760 1067 atque
1783 1007 1907 1047 θιιτι
1940 1007 2018 1060 ιιι,
2045 986 2143 1066 qui

493 1079 565 1140 ad
596 1078 946 1158 promissam
977 1087 1195 1138 terram
1222 1076 2147 1158 contendi-bant,imperator,de
2186 1157 2192 1161 _

489 1187 606 1248 quo
633 1175 714 1227 tot
744 1177 982 1243 tamque
1006 1167 1354 1228 admiranda
1379 1167 1814 1246 praedicantur?
1834 1166 2146 1228 Enimvero

490 1275 584 1317 me
618 1276 853 1338 quoque
887 1255 1048 1328 Elite,
1084 1256 1188 1334 qui
1218 1257 1391 1333 igneo
1424 1275 1600 1316 curru
1634 1257 1921 1335 abreptus
1953 1271 2040 1318 est
2068 1255 2146 1332 ³8,

487 1347 795 1408 Carmelus
849 1347 1126 1408 fallebat:
1165 1356 1224 1407 et
1271 1345 1462 1407 Elisaai
1497 1347 1714 1407 melote
1746 1344 1822 1420 ’9,
1855 1365 1986 1423 quae
2021 1349 2149 1424 plus

491 1437 705 1497 virium
732 1435 966 1510 habuit,
995 1455 1169 1515 quam
1201 1436 1296 1496 lila
1318 1436 1532 1509 serica,
1561 1447 1617 1499 et
1641 1453 1852 1498 aurum
1887 1438 2149 1498 vestibus

494 1545 603 1606 per
623 1525 737 1585 vim
757 1535 1045 1586 assutum.
1065 1525 1217 1598 Quin
1241 1526 1382 1586 mihi
1399 1545 1641 1606 quoque
1654 1527 1958 1588 desertum
1977 1528 2144 1600 illud,

490 1619 552 1677 in
585 1637 701 1695 quo
735 1613 1024 1696 Joannes,
1061 1617 1149 1676 vir
1181 1615 1336 1676 inter
1381 1626 1548 1676 natos
1586 1617 1903 1678 mulierum
1959 1619 2147 1678 maxi—

498 1725 628 1766 mus
648 1702 725 1778 ³ο,
752 1723 886 1765 cum
921 1704 1055 1766 cibo
1089 1703 1210 1772 illo,
1251 1713 1310 1764 et
1351 1717 1544 1785 veste,
1581 1715 1639 1765 et
1668 1725 1822 1766 zona
1871 1706 2146 1785 degebat,

2235 550 2268 593 Α
2278 539 2520 618 ἶγύπτου,

2233 625 2474 707 Ἀϐραὰμ
2523 629 2972 708 προηγγέλθησαν
3034 629 3210 711 (80);
3275 628 3520 709 Ἀϐραὰμ
3575 628 3653 703 δὲ,
3688 629 3764 685 ἵν’
3818 627 3903 686 εἴ-

2233 741 2316 773 πω
2360 721 2420 774 τὸ
2477 727 2687 795 μεῖζον,
2774 722 2834 778 οὗ
2893 721 3283 797 μετανάστης;
3347 725 3577 788 Μωυσῆς
3664 719 3742 795 δὲ,
3801 719 3900 777 ούκ

2233 807 2442 872 ἔκθετος
2502 811 2782 891 πρότερον,
2848 811 2973 867 εἶτα
3035 811 3356 886 νομοθέτης,
3431 812 3520 867 καὶ
3597 831 3901 890 στρατηγος

2603 541 2692 596 καὶ
2776 542 2955 616 πατὴρ
3014 538 3232 596 πολλῶν
3316 539 3607 619 μυριάδων,
3673 543 3731 597 αἳ
3816 542 3895 614 τῷ

2230 905 2336 953 τῶν
2394 901 2523 978 πρὸς
2566 900 2665 967 τὴν
2725 905 2829 978 γῆν
2883 907 2983 968 τῆς
3041 900 3363 980 ἐπαγγελίας
3417 899 3806 979 ἐπειγομένων,
3836 903 3901 958 οὗ

2236 990 2295 1043 τὰ
2339 989 2552 1068 μεγάλα
2587 992 2675 1046 καὶ
2720 991 2997 1064 θαυμαστὰ
3029 989 3341 1071 διηγήματα
3375 1009 3391 1069 ς
3427 991 3640 1047 Ἦπάτα
3690 1011 3757 1065 με
3809 990 3902 1045 καὶ

2231 1081 2257 1135 ὁ
2307 1079 2596 1157 Κάρμηλος
2655 1071 2861 1161 Ἡλίου,
2919 1083 2982 1137 τὸ
3032 1089 3126 1138 τοῦ
3156 1083 3321 1160 πυρὸς
3356 1083 3498 1161 ἀρμα
3557 1078 3841 1155 δεξάμενος
3876 1096 3891 1111 ⁸

2231 1171 2318 1224 καὶ
2374 1172 2408 1237 ἡ
2464 1169 2697 1245 μηλωτη
2759 1168 3086 1244 Ἐλισσαίου,
3143 1169 3313 1226 πλείω
3367 1169 3679 1246 δυνηθεῖσα,
3740 1169 3778 1236 ἢ
3827 1168 3898 1225 τὰ

2232 1264 2410 1337 σηρὼν
2469 1261 2702 1334 νήματα,
2752 1261 2841 1315 καὶ
2885 1261 2914 1315 ὸ
2983 1261 3216 1336 βιασθεὶς
3277 1261 3348 1325 εἷς
3406 1258 3609 1326 ἐσθῆτα
3667 1256 3894 1338 χρυσός,

2233 1347 2444 1407 Ἠπάτα
2488 1369 2555 1404 ut:
2597 1351 2685 1404 καὶ
2738 1350 2772 1416 ἡ
2827 1347 3027 1425 ἕρημος
3088 1349 3361 1423 Ἰωάννου,
3398 1350 3490 1405 τὸν
3551 1347 3804 1425 μέγιστοι
3838 1348 3896 1403 ἐν

2231 1451 2516 1516 γεννητοῖς
2563 1443 2829 1516 γυναικῶν
2889 1436 3114 1518 ἔχουσα,
3178 1440 3316 1515 μετά
3364 1443 3464 1505 τῆς
3520 1442 3722 1518 τροφῆς
3753 1436 3895 1492 ἐκεί-

2234 1551 2355 1608 νης,
2391 1530 2606 1596 καὶτῆς
2658 1527 2856 1599 ζώνης,
2916 1530 3003 1584 καὶ
3056 1536 3150 1584 τοῦ
3202 1527 3526 1603 ἐσθήματος,
3584 1524 3898 1601 Ἐτόλμησά

2232 1640 2282 1673 τι
2327 1619 2414 1673 καὶ
2458 1617 2586 1696 ὑπὲρ
2629 1620 2814 1691 ταυτα,
2868 1619 2999 1673 Θεὸν
3054 1617 3203 1695 εὗρον
3253 1623 3351 1685 τῆς
3402 1616 3539 1693 ἐμῆς
3624 1617 3899 1696 ἀγροικίας

2232 1709 2548 1786 συνήγορον,
2624 1707 2769 1764 Μετὰ
2831 1706 3075 1782 Βηθλεὲμ
3153 1711 3523 1788 ταχθήσομαι,
3585 1709 3722 1782 μετὰ
3798 1711 3900 1773 τῆς

492 1796 883 1874 imposturam
929 1793 1202 1855 faciebat.
1238 1792 1357 1855 Nec
1392 1814 1528 1855 vero
1563 1795 1814 1858 ulterius
1870 1797 2146 1874 progredi

2237 1798 2439 1876 φάτνης
2469 1797 2938 1877 ἀτιμασθήσομαι,
2971 1795 3037 1851 δι’
3090 1796 3156 1865 ἣν
3202 1799 3264 1853 σὺ
3322 1799 3452 1854 Θεὸν
3503 1796 3798 1872 ἀτιμάζων,
3847 1819 3901 1853 τι

498 1883 804 1959 dubitabo,
825 1881 1008 1945 Deum
1037 1883 1387 1945 rusticitatis
1406 1903 1555 1945 meae
1573 1894 1884 1965 patronum
1912 1905 2144 1948 nacrus.

502 1976 648 2036 Cum
686 1973 986 2035 Bethleem
1038 1973 1402 2053 cotlocabor,
1436 1993 1569 2035 cum
1608 1975 1862 2055 praasepi
1892 1977 2146 2056 vilipen-

500 2064 630 2143 dar,
668 2071 909 2144 propter
948 2063 1134 2144 quod,
1169 2082 1302 2123 cum
1361 2066 1548 2126 Deum
1586 2073 1956 2141 contemnas,
2008 2067 2148 2146 quid

498 2153 739 2219 mirum.
775 2152 823 2213 si
857 2152 932 2212 ob
962 2154 1234 2212 eamdem
1269 2170 1510 2212 causam
1549 2170 1888 2232 praaconem
1915 2174 2151 2236 quoque

501 2241 832 2322 deepicias?
855 2240 1184 2302 Producam
1213 2242 1387 2302 etiam
1419 2240 1520 2301 tibi
1550 2243 1893 2322 piscatores,
1927 2254 1982 2306 et
2006 2264 2149 2324 pau-

499 2350 695 2412 peres.
733 2331 955 2408 quibus
993 2329 1367 2407 Evangeliqu
1403 2333 1814 2404 annuntiatur,
1853 2351 1920 2394 :zc
1951 2333 2152 2395 multis

497 2421 780 2483 divitibus
804 2422 1076 2501 praelatos
1130 2419 1536 2501 Munquamne
1564 2423 1637 2482 de
1659 2423 1998 2485 civitatibus
2027 2425 2149 2502 glo-

495 2511 637 2572 riari
655 2509 1330 2591 desines‘2Nonquamne
1345 2526 1356 2564 ι
1371 2512 1450 2572 ibi
1468 2511 1896 2592 desp:cahilem
1923 2522 1982 2574 et
2003 2515 2148 2574 infa-

502 2619 661 2662 mem
695 2600 1081 2664 solitudinem
1123 2603 1490 2664 venerationi
1543 2601 1845 2666 habebis?
1874 2601 2148 2666 Nondum

501 2691 636 2752 dico
669 2709 876 2752 aurum
907 2690 964 2751 in
998 2691 1198 2752 arenis
1219 2690 1408 2764 nasci,
1433 2699 1490 2753 et
1510 2692 1839 2772 pellucidus
1863 2693 2088 2774 lapides
2117 2715 2150 2756 a

2231 1887 2562 1966 θαυμαστὸν,
2619 1888 2661 1942 εί
2720 1889 2784 1943 ἐκ
2875 1892 2974 1952 τῆς
3059 1887 3225 1953 αὖτῆς
3307 1888 3474 1950 αἰτίας
3559 1900 3900 1965 περιφρονετς

2233 1977 2321 2031 καὶ
2380 1979 2470 2032 τὸν
2515 1977 2720 2054 κήρυκα
2754 1995 2770 2049 ;
2839 1977 3114 2056 Προσοίσω
3159 1998 3243 2032 σοι
3278 1975 3399 2055 (81)
3432 1977 3519 2031 καὶ
3548 1977 3667 2039 τοὺς
3694 1975 3896 2053 ἀλιετς,

2237 2067 2322 2122 γαὶ
2379 2067 2501 2129 τοὺς
2554 2063 3060 2144 εὐαγγελιζομένους
3149 2066 3404 2146 πτωχοὺς
3467 2064 3620 2144 (82),
3680 2064 3900 2122 πολλῶν

2236 2155 2500 2212 πλουσίων
2535 2155 2983 2232 προτιμηθέντας,
3041 2155 3228 2231 Παύση
3286 2153 3411 2234 (83)
3444 2157 3575 2211 ποτέ
3621 2170 3744 2220 ταῖς
3790 2159 3901 2212 πόσι

2237 2245 2382 2300 λεσιν
2415 2244 2819 2324 ἐπαιρόμενοςς
2881 2244 3168 2321 αἱδεσθήσῃ
3221 2244 3353 2301 ποτὲ
3411 2245 3512 2312 τὴν
3556 2245 3899 2302 ἀπόπτυστόν

2236 2358 2319 2392 σοι
2353 2336 2442 2390 καὶ
2494 2333 2682 2410 ἄτιμον
2716 2334 2940 2414 ἐρημίαν
2977 2349 2993 2407 ;
3056 2333 3219 2392 Οὔπω
3276 2332 3398 2408 (84)
3428 2332 3572 2412 λέγω
3596 2334 3797 2414 χρυσόν
3842 2335 3898 2391 ἐν

2235 2427 2480 2501 ψάμμοις
2524 2423 2863 2502 τικτόμενον,
2937 2428 3026 2481 καὶ
3089 2423 3260 2486 λίθους
3335 2421 3636 2502 διαφανεῖς,
3687 2431 3898 2503 πετρῶν

2233 2512 2596 2595 προϐλήματα
2626 2516 2715 2572 καὶ
2746 2513 3039 2593 δωρήματα
3076 2535 3084 2541 ·
3130 2518 3215 2577 οἷς
3248 2515 3292 2569 εἰ
3337 2514 3603 2576 ἀντιθείην
3645 2513 3777 2593 (85)
3807 2514 3902 2570 καὶ

2235 2606 2332 2662 ὅσα
2389 2604 2442 2662 ἐν
2503 2603 2722 2662 πόλεσιν
2782 2604 2972 2681 ἄτιμα,
3029 2605 3178 2684 τάχα
3223 2602 3284 2661 ἂν
3330 2604 3425 2662 οὒκ
3473 2606 3546 2669 εἷς
3592 2604 3755 2661 καλὸν
3793 2607 3897 2671 τῆς

2235 2694 2529 2774 παρρησίας
2562 2693 2952 2769 ἀπολαύσαιμι,

495 2785 675 2864 petris
709 2784 955 2863 produci
987 2803 1054 2846 ac
1081 2783 1312 2859 donari;
1347 2785 1562 2866 quibus
1602 2787 1650 2846 si
1684 2787 1966 2868 quidquid
2019 2789 2080 2850 in
2124 2788 2374 2853 urbibus
2404 2787 2520 2850 vile
2552 2795 2660 2862 est,
2701 2803 3010 2868 opponere
3063 2785 3268 2862 velim,
3301 2803 3510 2849 vereor
3541 2804 3618 2849 ne
3646 2785 3893 2850 dicendi

499 2877 771 2939 libertate
804 2876 958 2936 haud
991 2877 1134 2937 satis
1165 2877 1479 2937 commodo
1514 2887 1664 2938 utar.

577 2971 678 3034 ΧΙ.
709 2976 785 3031 At
816 2972 992 3032 etiam
1022 2973 1404 3050 peregrinum
1432 2981 1488 3030 et
1513 2980 1778 3032 extorum
1811 2993 2141 3052 praeconem

2313 2971 2428 3036 δι’.
2466 2971 2632 3029 Ἀλλὰ
2664 2973 2752 3029 καὶ
2783 2971 2928 3038 ξένος
2959 2973 3096 3048 ἡμῖν
3133 2970 3254 3050 (86)
3317 2974 3344 3028 ὁ
3387 2971 3550 3051 κῆρυξ
3594 2974 3682 3030 καὶ
3723 2975 3896 3050 ὑπερ-

505 3061 820 3134 habemus,
841 3059 998 3123 dicet
1023 3059 1272 3121 fortasse
1295 3061 1589 3140 quispiam
1617 3080 1685 3120 ex
1708 3061 1824 3135 his,
1851 3064 1950 3143 qui
1975 3063 2154 3124 nimis

502 3149 964 3229 circumscripti,
1001 3159 1060 3210 et
1092 3150 1254 3210 carni
1288 3150 1476 3211 dediti
1515 3159 1664 3210 sunt.
1708 3150 1858 3224 Quid
1887 3158 1916 3214 ?
1946 3151 2155 3214 Nonne

499 3240 752 3322 apostoli
779 3240 1076 3321 peregrini
1101 3240 1342 3302 luerunt
1370 3241 1526 3318 apud
1565 3245 1831 3302 nationes
1863 3243 2076 3304 multas
2097 3252 2154 3303 et

501 3330 687 3395 urbes
715 3330 774 3390 in
806 3347 952 3410 quas
985 3329 1154 3390 divisi
1180 3339 1342 3404 sunt,
1373 3338 1433 3390 ut
1466 3328 1848 3407 Evangelium
1882 3352 2147 3414 quaqua-

497 3439 738 3485 versum
755 3428 1165 3493 curreret,nec
1188 3419 1508 3500 quidquam
1529 3419 1922 3483 triniluminis
1942 3441 2154 3504 expers

499 3519 682 3587 esset,
705 3529 776 3572 ac
805 3507 1072 3571 veritatis
1103 3511 1233 3573 luce
1260 3507 1512 3571 minime
1543 3509 1875 3590 perfusum,
1909 3512 2059 3574 adeo
2091 3521 2153 3574 ut

502 3601 579 3664 iis
625 3601 830 3681 etiam,
865 3600 963 3680 qui
1002 3599 1061 3660 in
1095 3598 1362 3661 tenebris
1392 3617 1464 3661 ac
1498 3601 1704 3661 mortis
1730 3601 1943 3663 umbra
1971 3603 2150 3666 sede-

500 3690 750 3767 bant,6l
776 3695 799 3748 l
837 3691 1187 3771 ignorantiae
1214 3689 1404 3768 caligo
1435 3689 1836 3753 discuteretur
1861 3700 1888 3755 ?
1913 3693 2150 3754 Audisti

496 3783 636 3864 quid
659 3781 878 3845 Paulus
899 3783 1056 3843 dicat
1080 3798 1094 3844 :
1129 3781 1202 3844 Ut
1222 3797 1334 3843 nos
1365 3781 1636 3861 quidem,
1657 3781 1869 3862 inquit,
1895 3783 1974 3845 ad
1996 3801 2149 3863 gen-

501 3881 613 3954 tes,
631 3871 728 3935 illi
747 3880 957 3935 autem
981 3870 1062 3934 ad
1085 3871 1617 3933 circumcisione":
1635 3869 1684 3913 ³¹
1698 3872 1808 3936 .Sit
1827 3891 1970 3934 sane
1989 3874 2151 3935 Petri

495 3963 722 4026 Iudaea.
753 3961 908 4035 Quid
941 3959 1127 4024 Paulo
1155 3978 1292 4022 cum
1317 3959 1594 4038 gentibus
1614 3981 1956 4044 commune,
1982 3964 2152 4024 Luca;

496 4071 632 4114 cum
691 4052 937 4125 Achaia,
980 4051 1238 4113 Andreae
1298 4068 1432 4111 cum
1491 4051 1696 4132 Epiro,
1740 4054 1954 4115 Joanni
2015 4073 2148 4115 cum

495 4140 763 4222 Epheso,
781 4144 1026 4206 Thomas
1048 4160 1180 4201 cum
1207 4140 1602 4219 lndia,Marco
1624 4162 1756 4203 cum
1787 4141 1949 4204 Italia
1966 4141 2153 4217 ?Quid

495 4231 732 4294 caeteris
754 4229 1057 4306 omnibus,
1085 4249 1160 4292 ne
1190 4228 1496 4307 sigillatim
1528 4232 1760 4312 loquar,
1791 4251 1926 4294 cum
1957 4232 2052 4311 iis,
2077 4233 2150 4294 ad

2237 3064 2405 3143 όριος,
2440 3063 2586 3142 τάχα
2619 3061 2681 3117 ἂν
2712 3060 2858 3118 εἴποι
2889 3084 2972 3126 τις
3035 3067 3139 3118 τῶι
3199 3057 3404 3141 σφόδρα
3435 3063 3808 3141 περιγραπτῶν
3838 3083 3900 3119 τε

2237 3152 2325 3208 καὶ
2358 3152 2718 3232 φιλοσάρκων,
2755 3154 2814 3209 Οἱ
2848 3150 3134 3208 ἀπόστολοι
3167 3149 3245 3231 δὲ,
3295 3150 3354 3206 οὗ
3385 3149 3520 3216 ξένοι
3549 3157 3654 3208 τῶν
3685 3149 3904 3208 πολλῶν

2238 3243 2404 3296 ἐθνῶν
2459 3261 2517 3296 τε
2575 3241 2665 3296 καὶ
2721 3241 2958 3314 πόλεων,
2993 3242 3067 3303 εἷς
3100 3241 3161 3304 ἃς
3211 3239 3337 3320 (87)
3386 3239 3762 3318 ἐμερίσθησαν,
3807 3241 3906 3297 ’ἕνα

2238 3340 2520 3410 πανταχοῦ
2577 3327 2752 3408 δράμῃ
2811 3331 2871 3386 τὸ
2926 3329 3273 3411 Εὗαγγέλιον,
3328 3330 3424 3386 ἵνα
3455 3329 3622 3405 μηδὲν
3650 3330 3904 3406 ἀλαμπὲς

2235 3419 2271 3496 ᾗ
2327 3421 2424 3478 τοῦ
2473 3428 2689 3498 τρισσοῠ
2725 3421 2928 3500 φωτὸς,
2981 3422 3072 3477 καὶ
3128 3424 3228 3488 τῆς
3277 3417 3527 3487 ἀληθείας
3571 3419 3902 3500 ἀφώτιστον,

2235 3509 2372 3566 ὥστε
2416 3510 2506 3565 καὶ
2559 3522 2675 3574 τοῖς
2709 3509 2764 3566 ἐν
2813 3510 2990 3583 σκότῳ
3029 3508 3155 3588 (88)
3214 3511 3302 3567 καὶ
3343 3513 3468 3582 σκιᾷ
3507 3509 3736 3588 θανᾴτου
3764 3511 3904 3566 καθ-

2234 3598 2456 3676 ημένοις
2490 3601 2710 3667 λυθῆναι
2745 3600 2845 3668 τὴν
2899 3581 3060 3656 νύκτα
3091 3581 3190 3668 της
3235 3600 3503 3678 ἀγνωσίας
3538 3621 3554 3677 ς
3591 3581 3700 3657 ’“ιν’
3732 3601 3904 3674 ἡμεῖς

2234 3691 2358 3766 μὲν,
2419 3688 2603 3770 φησὶν,
2661 3690 2735 3753 εἰς
2795 3689 2863 3745 τὰ
2905 3687 3057 3766 ἔθνη,
3123 3691 3270 3749 αὐτοὶ
3333 3686 3388 3745 δὲ
3420 3690 3494 3752 εἷς
3523 3689 3623 3756 την
3679 3709 3906 3766 περιτο-

2233 3781 2366 3856 μὴν,
2424 3778 2659 3846 ἤκουσας
2717 3777 2926 3836 Παύλου
2983 3777 3260 3858 λέγοντος,
3325 3776 3520 3836 ’Ἔστω
3604 3779 3804 3853 Πέτρου
3864 3782 3902 3850 ἦ

2235 3867 2459 3927 Ἰουδαία
2493 3887 2511 3905 ο
2569 3890 2620 3925 τι
2679 3868 2873 3941 Παύλῳ
2931 3871 3106 3926 κοινὸν
3164 3872 3297 3944 πρὸς
3355 3870 3421 3925 τὰ
3485 3867 3632 3948 ἔθνη,
3710 3873 3896 3942 Δουκᾷ

2235 3959 2366 4036 πρὸς
2419 3956 2672 4037 Ἀχαίαν,
2735 3955 2954 4036 Ἀνδρέᾳ
2987 3961 3118 4038 πρὸς
3171 3961 3272 4026 τὴν
3315 3956 3610 4039 ”Ππειρον,
3673 3957 3904 4036 Ἰωάννῃ

2232 4050 2365 4128 πρὸς
2397 4046 2664 4126 ”Εφεσον,
2701 4053 2868 4124 Θωμᾷ
2905 4049 3034 4128 πρὸς
3063 4047 3319 4124 Ἰνδικὴν,
3356 4050 3556 4128 Μάρκῳ
3585 4049 3716 4128 πρὸς
3748 4044 3902 4105 ἰτα-

2233 4139 2376 4220 λιαν,
2403 4159 2454 4194 τι
2485 4135 2568 4192 δαὶ
2599 4135 2723 4217 (89)
2759 4151 2878 4204 τοῖς
2911 4136 3095 4203 ἄλλοις
3127 4139 3412 4216 πᾶσιν,’ίνα
3433 4138 3511 4214 μὴ
3532 4139 3598 4195 τὰ
3621 4136 3900 4220 καθ’(9θΓ

2235 4219 2458 4286 ἕκαστον
2504 4225 2671 4306 λέγω,
2707 4229 2840 4306 πρὸς
2871 4229 2992 4292 τοὺς
3045 4228 3136 4292 οἷς
3189 4227 3538 4306 ἐπεδήμησαν
3572 4248 3589 4310 ς
3627 4219 3831 4308 "um,
3865 4229 3905 4298 ἢ

493 4339 644 4404 quos
667 4321 916 4413 profecti
942 4329 1079 4413 sunt
1103 4327 1129 4383 ’ξ
1157 4319 1373 4394 Quare,
1395 4330 1496 4382 aut
1517 4322 1650 4384 illos
1673 4322 1851 4413 etiam
1879 4320 2148 4402 obiurga,

2237 4319 2500 4383 κάκείνοις
2534 4317 2883 4398 ἐπιτίμησον,
2927 4318 2964 4386 ἢ
3025 4319 3188 4396 κάμοὶ
3218 4320 3600 4400 συγχώρησον,
3632 4319 3669 4387 ἦ
3698 4317 3905 4400 δεῖξον,

491 4419 593 4475 aut
620 4411 765 4474 mihi
793 4429 1031 4491 quoque
1065 4410 1323 4490 ignosce,
1355 4419 1455 4470 aut
1485 4411 1760 4490 ostende,
1787 4430 1922 4472 cum
1948 4429 2142 4474 veram

2237 4409 2314 4466 ὅτι
2347 4412 2438 4466 τὸν
2464 4406 2639 4475 ἀληθῆ
2677 4406 2804 4488 (91)
2864 4407 3025 4487 λόγον
3080 4406 3410 4488 πρεσϐεύων,
3477 4409 3748 4488 ἐπηρεαζη
3795 4410 3905 4477 τὴν

494 4501 825 4563 doctrinam
859 4501 1239 4580 potissimum
1289 4511 1543 4576 astruas,
1575 4519 1646 4563 ex
1695 4500 1940 4562 insulsis
1974 4503 2145 4578 nugis

2228 4499 2509 4580 φλυαρίαν.
2575 4495 2728 4554 Ἐπεὶ
2780 4496 2835 4553 δὲ
2892 4500 3270 4578 ιιικροπρεπῶς
3327 4497 3614 4580 διελέχθην
3665 4521 3749 4555 σοι
3779 4501 3907 4578 περὶ

490 4591 596 4653 tibi
624 4591 978 4653 calumniam
1004 4591 1177 4652 strui.
1203 4588 1493 4660 Quoniam
1519 4599 1716 4651 autem
1737 4589 1814 4651 de
1849 4591 1940 4651 his
1961 4591 2144 4654 rebus

2237 4591 2449 4657 τούτων,
2486 4586 2634 4666 φέρε,
2663 4585 3012 4668 φιλοσοφήσω
3043 4591 3132 4645 καὶ
3157 4587 3752 4668 μεγαλοπρεπέστερον,

490 4686 794 4748 humiliter
829 4694 1026 4746 tecum
1060 4684 1346 4745 hactenus
1378 4692 1434 4745 et
1463 4683 1695 4762 abjecte
1727 4683 2007 4765 disserui,
2037 4703 2167 4764 age,
2203 4679 2524 4748 sublimius
2541 4679 2666 4759 jam
2693 4696 2765 4741 ac
2791 4679 3269 4760 magniﬁcentius
3299 4679 3645 4762 disputabo.

567 4803 624 4886 {‘3
653 4808 804 4870 Gen.
831 4821 1059 4886 xxxvn,
1095 4804 1200 4886 3εῇἶ
1239 4799 1349 4886 θέει,
1367 4803 1517 4868 Gen.
1553 4820 1674 4886 xci.
1711 4803 1830 4886 56.,
1891 4803 1949 4846 ’5
1978 4803 2126 4868 Gen.
2163 4822 2266 4886 xu,
2305 4810 2560 4886 ,1_seqq.
2611 4797 2701 4886 _"
2729 4799 2920 4865 Exod.
2951 4819 3014 4879 ιι,
3047 4799 3108 4865 3.
3192 4799 3246 4844 ³⁷
3270 4801 3462 4866 Exod.
3495 4817 3584 4880 ιιι,
3613 4798 3692 4865 10
3718 4818 3898 4884 seqq.

488 4884 647 4948 28IV
680 4887 830 4965 Reg.
871 4905 930 4964 ιι,
966 4879 1063 4948 tt.
1150 4881 1206 4926 ³9
1235 4885 1381 4947 ibid.
1412 4888 1506 4946 14.
1596 4882 1878 4948 "Matth.
1907 4889 2113 4958 x1,ll.

2237 4879 2258 4929 ¹ί
2282 4879 2575 4959 ΟαΙιιιῘὶι,
2606 4879 2668 4948 9.

577 5008 702 5090 (_80)
736 5007 1214 5090 UponY-ve'imnczv.
1249 5008 1349 5090 Sic
1396 5017 1518 5071 taes
1562 5011 1774 5090 Regg.,
1807 5008 1925 5071 duo
1975 5007 2144 5072 Colb.

496 5097 556 5151 et
585 5087 691 5152 Or.
732 5087 794 5152 1.
824 5087 1051 5164 ln'ed.,
1082 5089 1556 5170 ﬁzpnwshﬂng»,

579 5172 701 5252 (_71)
736 5173 1011 5250 Προσοίσω
1041 5168 1421 5252 σοιέδίοιῖιιο
1453 5168 1662 5252 Regg.,
1697 5179 1950 5252 quatuor
1975 5171 2142 5236 Colb.

493 5259 550 5313 et
579 5248 682 5314 0r.
723 5248 795 5313 1.7
824 5254 1003 5314 Deest
1031 5275 1115 5308 σοι
1147 5251 1207 5312 in
1239 5251 1337 5314 ed.

577 5332 700 5414 (8})
739 5332 1564 5414 Εὖαγγελιζομένοοςπτωχούς.
1621 5331 1757 5394 Bill.
1797 5352 1810 5395 :
1852 5355 1874 5389 α
1915 5351 2143 5414 paupe-

493 5431 590 5504 rcs
618 5410 1121 5504 Eni/angelizantes.
1183 5439 1210 5471 ι
1247 5410 1646 5504 lion—recte;
1698 5410 1945 5504 passiva
1985 5410 2141 5504 enim

492 5493 952 5584 significatione,
1000 5512 1116 5554 non
1150 5495 1357 5575 activa,
1395 5512 1497 5555 vox
1548 5494 1648 5555 illa
1707 5494 1768 5554 in
1822 5493 2146 5573 Scripturis

491 5583 803 5652 accipitur.

578 5653 702 5735 (83)
730 5655 934 5730 Παύσῃ.
963 5653 1109 5717 Tres
1139 5657 1325 5733 Regg.
1359 5664 1418 5716 et
1443 5652 1565 5735 Jes.
1600 5653 1848 5728 addunt,
1881 5677 1996 5735 μοι.

578 5733 701 5818 (84)
739 5735 922 5793 οὔπω.
957 5735 1053 5795 Sic
1085 5742 1204 5795 tres
1233 5735 1446 5813 Regg.,
1487 5734 1602 5794 duo
1635 5735 1843 5816 Coisl.,
1879 5733 1979 5797 0r.
2036 5742 2050 5795 t
2088 5743 2146 5796 et

2230 5009 2356 5070 Jes.
2402 5006 2468 5066 In
2499 5003 2595 5069 ed.
2626 5003 2790 5063 οὕτω.

2311 5087 2438 5167 (85)
2465 5087 2794 5167 ξΑντιθείην.
2829 5085 2977 5164 Reg.
3012 5083 3137 5167 bm,
3172 5085 3512 5154 ἀντιτιθείην.

2311 5159 2438 5247 (86)
2465 5159 2654 5247 Ὠμτν.
2689 5166 2754 5247 l_n
2784 5159 3166 5246 quibusdam,
3201 5167 3355 5243 ὑμῖν.

2318 5245 2431 5325 (87)
2463 5250 2550 5330 l_atc
2583 5246 2672 5330 ἅε.
2695 5245 3023 5330 διοριυεθε
3055 5248 3240 5330 Regg.
3277 5256 3337 5310 et
3379 5246 3580 5324 Colb.,
3615 5245 3796 5313 Cois].
3829 5246 3901 5330 2,

2228 5326 2331 5394 Or.
2368 5324 2426 5405 1,
2459 5327 2583 5391 Jes.
2617 5324 2797 5388 Deest
2824 5324 2896 5392 ὲίς
2926 5327 2988 5389 in
3017 5328 3116 5390 ed.

2473 5409 2794 5492 ’EV‘O’Ed‘ELp.
2829 5408 3076 5492 Comb._,
3095 5409 3384 5492 eveniret,

2317 5414 2417 5492 [88
2473 5414 2566 5467 Ἐν
2597 5414 2794 5484 σκότῳ.
2829 5414 3066 5489 Comb.,
3095 5414 3148 5464 ἐν
3181 5414 3384 5470 σκότει.

2317 5414 2444 5572 (89)
2479 5491 2538 5550 Tt
2567 5488 2672 5550 δαί.
2705 5486 2772 5550 In
2806 5489 3114 5551 nonnullis
3143 5488 3336 5568 deest,
3365 5489 3472 5553 δαί.
3506 5488 3623 5551 Alii
3672 5487 3905 5552 habent

2229 5591 2432 5732 “(90)
2463 5653 2551 5732 Τὰ,
2571 5651 2710 5711 καθ’.
2745 5652 2938 5732 Deest
2953 5653 3020 5709 τά
3049 5651 3111 5712 in
3145 5651 3336 5714 tribus
3369 5653 3560 5732 Regg.
3596 5659 3656 5713 et
3692 5646 3798 5714 Or.
3828 5650 3902 5719 2.

2339 5733 2446 5815 91)
2475 5730 2705 5800 Ἀλτιθῆ.
2742 5732 2891 5809 Reg.
2926 5731 3051 5814 bm,
3088 5732 3364 5801 ἂληθινον,
