4158 6440
294 347 413 424 299

924 355 1204 427 ORATIO
1249 358 1530 426 XXXIII.
1579 395 1654 407 -
1700 349 2009 426 CONTRA
2053 347 2387 421 ARIANOS
2435 358 2533 422 ET
2578 347 2676 422 DE
2719 357 2997 424 SEIPSO.

3568 355 3688 433 230

377 495 487 582 ηιξ.
535 503 672 554 Πᾶσι
732 498 826 574 μία
879 511 996 561 τοῖς
1050 497 1289 575 ὑψηλοῖς
1334 499 1547 577 πατρὶς,
1593 499 1638 556 ὦ
1682 498 1858 572 οὗτος,
1917 497 1953 566 ἡ

2118 491 2242 554 ΧΠ.
2281 493 2510 572 Magnis
2542 493 2819 556 omnibus
2855 503 2910 557 et
2942 497 3193 561 excelsis
3229 496 3387 582 viris,
3412 521 3445 564 ο
3477 502 3678 580 homo,

298 584 405 641 ἅνω
438 577 807 665 Ἰερουσαλὴμ,
867 589 939 653 εἷς
1000 587 1066 656 ἣν
1117 588 1468 666 ὰποτιθέμεὸα
1529 590 1588 645 τὸ
1633 586 1951 663 πολίτευμα,

299 682 432 732 Πᾶαι
464 677 619 755 γένος
679 677 758 754 ἓν,
821 679 864 734 εὶ
923 679 1022 754 μὲν
1080 680 1146 734 τα
1200 679 1350 736 κάτω
1404 677 1580 756 βούλει
1633 690 1880 751 σκοπεῖν,
1927 679 1955 732 ὁ

297 768 430 846 χοῦς
469 783 483 797 ⁸
535 769 579 823 εἰ
610 765 665 824 δὲ
696 769 762 824 τὰ
800 766 1132 848 ὑψηλότερα,
1165 771 1225 825 τὸ
1258 767 1568 850 ἐμφῦσημα,
1618 779 1677 828 οὕ
1709 767 1956 844 μετειλή-

297 877 494 935 φαμεν,
541 858 630 914 καὶ
675 858 702 914 ὃ
734 871 922 936 τηρεῖν
973 856 1385 935 ἐκελεύσθημεν,
1434 861 1522 916 καὶ
1566 857 1682 935 μεθ’
1731 858 1791 915 οὗ
1845 879 1953 913 πα-

295 946 552 1024 ραστῆναί
609 968 676 1023 με
733 945 816 1005 δεῖ
873 946 1035 1027 λόγον
1093 947 1343 1030 ὑφέξοντα
1394 953 1491 1016 τῆς
1555 947 1752 1005 ἄνωθεν
1795 949 1952 1025 εὖγε-

301 1037 444 1099 νείας
503 1038 592 1094 καὶ
624 1043 721 1104 τῆς
753 1038 984 1102 εἰκόνος.
1021 1044 1130 1103 Πᾶς
1163 1038 1262 1114 μὲν
1311 1039 1400 1096 οὖν
1452 1040 1698 1116 εὐγενὴς,
1733 1038 1761 1093 ὃ
1799 1044 1954 1095 τοῦτο

299 1124 529 1204 φυλάξας
561 1126 613 1194 ἐξ
642 1127 858 1206 ἀρετῆς,
891 1129 978 1185 καὶ
1034 1132 1134 1197 τῆς
1195 1131 1324 1208 πρὸς
1369 1130 1431 1185 τὸ
1481 1128 1783 1208 ἀρχέτυπον
1833 1127 1953 1182 νεύ-

300 1236 432 1282 σεως
461 1233 476 1247 ’
512 1215 771 1294 δυσγενὴς
831 1215 885 1273 δὲ
945 1217 1110 1298 ἅπας,
1147 1221 1174 1274 ὁ
1224 1225 1294 1296 τῇ
1338 1219 1497 1292 κακίᾳ
1549 1217 1812 1297 συγχέας,
1868 1209 1955 1273 καὶ

298 1306 508 1386 μορφὴν
551 1307 734 1387 ἑτέραν
785 1305 1057 1365 ἐπιϐαλὼν
1116 1308 1288 1382 ἐαυτῷ
1314 1306 1469 1388 (92),
1506 1307 1606 1376 τὴν
1636 1318 1730 1367 τοῦ
1757 1307 1951 1387 ὀέρεως.

300 1397 362 1451 Αἱ
406 1395 461 1452 δὲ
491 1397 640 1454 κάτω
669 1396 915 1478 πατρίδες
969 1397 1145 1474 αὗται,
1202 1401 1288 1456 καὶ
1331 1401 1398 1456 τὰ
1446 1400 1577 1477 γένη
1625 1405 1812 1471 ταῦτα,
1859 1395 1958 1464 τῆς

297 1488 620 1566 προσκαίρου
675 1487 818 1560 ζωῆς
851 1491 940 1546 καὶ
972 1494 1176 1558 σκηνῆς
1225 1491 1382 1566 ἡμῶν
1439 1486 1563 1568 (93)
1607 1488 1794 1567 γέγονε
1828 1487 1955 1543 παί-

296 1599 441 1655 γνια.
489 1578 683 1655 Πατρίς
758 1599 814 1634 τε
858 1581 984 1659 γὰρ,
1031 1577 1099 1647 ἢν
1157 1577 1557 1658 προκατέλαϐεν
1612 1578 1860 1650 ἕκαστος,
1920 1575 1957 1644 ἢ

299 1669 632 1746 τυραννήσας
678 1667 826 1749 (94),
885 1668 921 1737 ἢ
967 1666 1332 1749 δυστδχήσας,
1393 1669 1459 1738 ἧς
1502 1669 1700 1731 πάντες
1759 1665 1955 1742 ὁμοίως

299 1756 432 1822 ξένοι
462 1760 551 1814 καὶ
581 1757 855 1837 πάροικοι,
917 1756 1017 1816 κᾶν
1073 1757 1158 1815 ἐπὶ
1187 1758 1324 1817 πολὺ
1354 1760 1421 1816 τὰ
1471 1756 1708 1834 ὀνόματα
1751 1754 1953 1822 παίξω-

299 1846 567 1926 μεν(95).
633 1849 732 1908 Καὶ
775 1849 927 1928 γένος
961 1849 1168 1928 εὖγενὲς
1214 1851 1335 1925 μὲν,
1383 1850 1417 1918 ἢ
1468 1851 1531 1906 τὸ
1575 1847 1742 1905 πάλαι
1786 1848 1956 1903 πλού-

297 1960 433 2015 σιον,
470 1939 504 2006 ἢ
535 1940 596 1994 τὸ
624 1946 711 1996 νῦν
748 1938 1061 2020 φυσώμενον
1094 1954 1108 1969 ⁶
1167 1938 1411 2019 δυσγενὲς
1472 1938 1552 2014 δὲ,
1610 1940 1672 1994 τὸ
1715 1938 1960 2007 πενήτων

300 2028 567 2101 πατέρων,
625 2027 661 2096 ἢ
727 2024 811 2083 διὰ
857 2028 1154 2109 σ1μφορὰν,
1218 2031 1256 2099 ἥ
1311 2026 1378 2085 δι’
1439 2028 1748 2088 ἐπιείκειαν.
1811 2025 1966 2083 Ἐπεὶ

298 2122 413 2182 πῶς
459 2115 657 2174 ἄνωθεν
691 2117 926 2197 εὐγενὲς,
985 2117 1046 2174 οὗ
1100 2120 1162 2175 τὸ
1220 2119 1318 2194 μὲν
1374 2117 1603 2198 ἄρχεται
1660 2122 1772 2196 νῦν,
1801 2117 1865 2172 τὸ
1909 2112 1962 2170 δὲ

298 2207 666 2265 καταλύεται·
701 2211 787 2265 καὶ
839 2220 956 2274 τοῖς
988 2210 1088 2284 μὲν
1133 2213 1192 2268 οὔ
1236 2207 1454 2285 δίδοται,
1507 2222 1624 2273 τοῖς
1671 2206 1722 2264 δὲ
1754 2207 1983 2287 γράφε--

295 2320 386 2354 ται
424 2317 441 2376 ;
474 2298 658 2365 Οἷῖτως
691 2297 800 2378 ἐγὼ
830 2300 950 2376 περὶ
992 2300 1194 2356 τούτων
1238 2299 1378 2381 ἔχω.
1430 2300 1529 2358 Καὶ
1558 2297 1643 2355 διὰ
1671 2304 1853 2372 τοῦτο,
1900 2297 1958 2352 σὲ

301 2387 398 2462 μὲν
430 2389 627 2470 ἀφίημι
657 2402 775 2455 τοϊς
817 2387 1011 2469 τάφοις
1059 2399 1484 2469 μεγαλοφρονεῖν
1539 2387 1688 2469 (96),
1751 2385 1781 2452 ξς
1837 2398 1957 2450 τοῖς

297 2481 506 2553 μύθοις,
557 2480 703 2558 Ἐγὼ
759 2477 814 2534 δὲ
881 2486 1177 2559 πειρῶμαι,
1223 2482 1296 2544 ὡς
1327 2480 1449 2538 οἶόν
1478 2501 1558 2552 τε,
1591 2477 1957 2556 ἀνακαθαίρειν

299 2569 530 2646 ἆματτὸν
587 2575 688 2638 τῆς
746 2567 875 2650 (9⁸7)
925 2568 1160 2647 ἀπάτης,
1219 2568 1297 2626 ἵν’
1351 2569 1388 2637 ἥ
1432 2568 1643 2651 φυλέξω
1669 2569 1768 2636 τὴν
1801 2566 1958 2646 εὒγέ-

297 2681 470 2737 νειαν,
503 2661 542 2728 ἦ
573 2659 1018 2736 ἆνακαλὲσωμαι,

2043 582 2226 663 patria
2253 603 2366 644 una
2390 593 2765 665 est,supcrna
2788 583 3211 668 Jerusalem,in
3238 610 3408 670 quam
3433 612 3683 657 conver-

2040 675 2325 735 sationem
2365 685 2625 734 nostram
2663 678 3045 737 recondimus
3063 676 3136 742 ³9.
3176 681 3470 744 Omnibus
3499 704 3685 764 genus

2038 783 2247 854 unc-m.
2363 764 2642 825 inferiora
2676 766 2800 826 hac
2849 777 3121 844 spectare
3173 771 3339 844 velis,
3372 773 3559 851 pulvis
3588 774 3640 818 ³³
3671 801 3685 854 ;

2039 852 2088 945 si
2121 852 2454 945 superiora,
2493 854 2862 933 spiraculum
2897 855 3038 917 illud
3071 857 3146 939 3‘,
3174 860 3344 940 cujus
3368 852 3686 945 participes

2037 941 2172 1002 facti
2197 961 2424 1017 sumus,
2451 945 2733 1032 quodque
2754 963 3106 1008 conservare
3131 941 3439 1032 jubemur,
3467 963 3522 1013 et
3552 941 3685 1015 cum

2037 1051 2156 1108 quo
2193 1033 2335 1092 mibi
2369 1035 2437 1091 ad
2497 1030 2752 1094 tribunal
2786 1034 2912 1095 sisti
2950 1055 3196 1101 necesse
3229 1051 3338 1112 cst,
3367 1030 3434 1102 ut
3459 1043 3682 1104 divini-

2041 1131 2132 1181 tus
2166 1123 2370 1182 indita
2405 1121 2730 1184 nobilitatis
2761 1123 3151 1208 imaginisque
3194 1133 3486 1192 rationem
3540 1134 3680 1195 red-

2037 1211 2193 1272 dam.
2233 1211 2513 1288 Quispiis
2545 1213 2720 1289 igitur
2755 1225 3098 1293 porrectam
3133 1223 3364 1282 vivendi
3391 1223 3681 1285 rationem

2038 1301 2340 1381 animique
2359 1303 2428 1362 ad
2448 1304 2752 1382 exemplar
2768 1325 2934 1365 suum
2953 1308 3686 1393 inclinationem,5piracu-

2044 1392 2161 1451 lum
2228 1393 2370 1453 illud
2410 1394 2869 1461 conservaverit,
2906 1395 3045 1457 huic
3103 1399 3343 1462 demum
3405 1392 3688 1465 nobilitas

2042 1481 2358 1544 constabit.
2395 1481 2633 1552 Contra,
2671 1484 2771 1562 qui
2804 1484 2946 1544 illud
2985 1504 3092 1566 per
3118 1487 3321 1549 vitium
3357 1490 3685 1568 fmdaverit,

2042 1571 2414 1660 formamque
2449 1573 2716 1641 alteram,
2756 1573 2867 1634 hoc
2920 1586 3029 1648 est,
3064 1579 3359 1658 serpentis
3409 1581 3686 1660 formam,

2041 1659 2154 1721 sibi
2190 1661 2298 1737 ipsi
2335 1661 2658 1736 induxerit,
2696 1661 2794 1723 ille
2825 1683 2962 1725 vere
2991 1665 3273 1743 ignobilis
3313 1679 3370 1731 et
3399 1659 3690 1735 obscurus

2043 1749 2350 1846 habendus
2383 1751 2516 1815 erit.
2551 1750 2836 1846 Terrena
2883 1765 3078 1816 autem
3112 1758 3203 1819 ha
3253 1763 3480 1838 patria,
3516 1774 3691 1846 atque

2047 1842 2169 1900 bac
2197 1860 2484 1920 generum
2523 1842 2892 1919 discrimina,
2932 1848 3128 1908 brevis
3161 1849 3338 1930 hujus
3370 1861 3421 1910 et
3452 1842 3693 1917 caduca

2047 1935 2177 1991 vita
2203 1943 2419 2027 nostra
2434 1953 2499 1992 ac
2518 1952 2714 1994 scena
2732 1935 3028 2027 ludisunt.
3048 1939 3236 2010 Quam
3261 1941 3419 2002 enim
3440 1944 3692 2027 quisque

2053 2030 2298 2101 terram,
2324 2022 2446 2083 sive
2471 2041 2578 2102 per
2603 2025 2998 2104 tyrannidem,
3028 2028 3148 2088 sive
3175 2049 3281 2109 per
3303 2022 3692 2098 calamitatem

2050 2122 2186 2172 ante
2217 2115 2622 2191 occupaverit,
2656 2134 2723 2175 ea
2775 2117 2961 2196 patria
2997 2119 3235 2184 dicitur.
3271 2123 3444 2201 cujus
3488 2145 3698 2190 omnes

2047 2221 2217 2284 aque
2255 2203 2521 2282 hospites
2581 2215 2639 2266 et
2697 2210 2941 2269 advena
2998 2228 3224 2283 sumus,
3262 2216 3700 2293 quantumlibet

2043 2313 2251 2353 vocum
2310 2294 2708 2374 appellatione
2750 2297 3039 2359 ludamus.
3103 2298 3256 2376 Jam,
3307 2323 3496 2379 genus
3551 2306 3697 2368 illud

2045 2384 2245 2477 nobile
2285 2393 2588 2477 censetur,
2623 2386 2779 2466 quod
2829 2389 2916 2449 vcl
2951 2389 3090 2450 olim
3148 2391 3361 2472 opibus
3409 2403 3464 2456 et
3512 2397 3700 2477 copiis

2043 2475 2342 2537 excelluit.
2414 2476 2502 2536 vel
2564 2477 2720 2557 quod
2783 2497 2941 2540 nunc
2998 2483 3256 2560 superbe
3315 2475 3694 2550 intumescit:

2042 2566 2365 2627 obscurum
2401 2576 2606 2627 contra
2638 2578 2698 2628 et
2730 2567 3012 2646 ignobile,
3047 2573 3203 2652 quod
3254 2595 3286 2634 a
3321 2577 3692 2660 pa=entibus,

2042 2658 2130 2718 vel
2161 2666 2404 2736 propter
2426 2657 2850 2732 calamitatem,
2873 2661 2963 2721 vel
2983 2673 3227 2742 propter
3241 2665 3424 2725 animi
3448 2657 3690 2748 aquila;

296 2763 415 2816 tem
446 2753 765 2834 egentibus
799 2753 1057 2819 ducitur.
1088 2753 1380 2828 Quoniam
1430 2754 1593 2818 enim
1637 2759 1808 2834 pacto
1842 2751 2124 2814 divinitus
2170 2751 2355 2811 indita
2403 2769 2534 2812 esse
2581 2765 2772 2831 potest
2813 2755 2935 2815 hac
2969 2756 3270 2828 nobilitas,
3314 2779 3444 2839 qua
3477 2762 3686 2840 partim

297 2863 458 2907 nunc
485 2845 718 2927 incipit,
752 2845 967 2927 partim
1000 2845 1417 2928 exsdnguitur;
1445 2853 1630 2923 atque
1662 2842 1801 2906 aliis
1832 2841 2070 2924 quidem
2106 2851 2376 2920 negatur,
2414 2842 2542 2904 aliis
2571 2851 2769 2903 autem
2808 2844 3144 2926 principum
3199 2851 3509 2930 rescriptis
3540 2871 3689 2912 cou-

294 2935 581 2999 ceditur?
634 2934 773 2998 Hac
819 2935 896 2998 de
945 2935 1038 2997 his
1096 2936 1281 2999 rebus
1331 2954 1461 3000 mea
1503 2931 1800 2997 sententia
1856 2939 1969 2994 est.
2015 2935 2105 2995 Ac
2140 2940 2478 3012 propterea,
2531 2941 2586 2992 te
2638 2934 2878 3013 quidem
2925 2934 2999 2995 ob
3042 2937 3314 3016 sepulcra
3345 2941 3432 3000 vel
3467 2941 3692 3004 fabulas

297 3025 610 3104 magniﬁce
641 3030 715 3088 de
747 3032 804 3089 te
824 3025 1166 3088 existimare
1193 3025 1350 3088 sino.
1384 3025 1506 3106 Ego
1538 3033 1738 3087 autem
1763 3021 2083 3104 meipsum,
2111 3033 2396 3101 quantum
2425 3041 2687 3101 possum,
2719 3042 2751 3082 a
2786 3023 2993 3086 fraude
3023 3034 3201 3107 atque
3232 3027 3559 3109 impostura
3585 3051 3685 3094 re-

301 3135 551 3197 purgare
581 3116 817 3199 studeo,
851 3123 915 3178 ut
950 3115 1321 3179 nobilitatem
1346 3117 1440 3179 vet
1471 3130 1850 3195 conservem,
1881 3111 1972 3174 vel
2004 3131 2383 3193 rccupcrem.

381 3203 482 3272 1Γ’.
515 3211 668 3271 Οὕτω
697 3213 797 3288 μὲν
826 3212 914 3270 οὖν
945 3214 1034 3270 καὶ
1091 3210 1178 3269 διὰ.
1231 3223 1421 3288 ταῦτα,
1485 3211 1716 3279 ἐπέστην
1745 3212 1875 3286 ὑμῖν
1932 3210 1960 3266 ὁ
1979 3217 2020 3268 C

298 3306 490 3382 μικρὸς
549 3301 657 3381 ἐγὼ
711 3303 801 3359 καὶ
859 3303 1215 3383 κακόπατρις,
1260 3305 1349 3361 καὶ
1391 3311 1567 3377 τοῦτο,
1629 3301 1735 3381 οὐχ
1793 3300 1951 3380 ἑκὼν,

300 3391 409 3453 οὐδ’
454 3391 913 3473 αὐτεπάγγελτος,
946 3393 1084 3450 κατὰ
1141 3395 1264 3457 τοὺς
1313 3391 1544 3457 πολλοὺς
1574 3392 1679 3449 τῶν
1710 3391 1799 3445 νῦν
1829 3387 1954 3445 ἐπι-

297 3482 618 3563 πηδώντων,
664 3496 790 3547 ταῖς
841 3482 1209 3562 προστασίαις,
1243 3482 1382 3540 ἀλλὰ
1410 3481 1647 3556 κληθεὶς,
1693 3481 1782 3537 καὶ
1827 3480 1955 3573 βια-

298 3577 462 3650 σθεὶς,
514 3559 614 3631 καῖ
659 3559 1128 3644 κατακολουθήσας
1183 3559 1331 3654 φόϐῳ
1377 3575 1465 3631 καὶ
1519 3573 1807 3649 Πνεύματι,
1870 3559 1954 3626 ’Ἠ

300 3666 602 3747 μακρότερα
658 3663 1028 3741 πολεμηθείην
1086 3664 1306 3722 ἐνταῦθα
1356 3661 1628 3743 διακενῆς,
1694 3665 1783 3719 καὶ
1839 3683 1957 3737 μη-

301 3757 424 3815 δένα
453 3757 550 3826 τῆς
583 3754 792 3823 πλάνης
841 3753 1281 3834 ἓλευθερώσαιμι,
1328 3752 1449 3812 ἄλλ’
1501 3759 1547 3811 οἱ
1578 3753 1830 3833 ἀτεχνίαν
1857 3751 1957 3820 τῆς

299 3849 438 3926 ἐμῆς
481 3844 873 3926 κατευχόμενοι
907 3847 1097 3926 ψυχῆς
1129 3845 1459 3925 ἐπιτύχοιεν,
1493 3846 1538 3901 εἷ
1574 3841 1771 3920 ψευδὴς
1802 3844 1829 3899 ὁ
1859 3840 1960 3898 λό-

297 3960 420 4020 γος.
451 3938 606 3997 Ἐπεὶ
637 3934 691 3992 δὲ
734 3933 920 4010 ἦλθον,
953 3937 1044 3992 καί
1072 3934 1208 4002 ἴσως
1240 3938 1299 3994 οὗ
1330 3936 1466 4015 μετὰ
1496 3934 1703 4016 φαύλης
1747 3938 1848 4001 τῆς
1871 3930 1959 3998 ἐξ·

299 4033 480 4095 ουσίας
540 4027 656 4102 (ἵνα
700 4025 892 4106 μικρόν
935 4048 985 4082 τι
1033 4027 1399 4107 καυχήσωμαι
1444 4033 1550 4084 τῶν
1592 4034 1690 4093 τῆς
1722 4024 1956 4105 ἀφροσύ-

299 4127 443 4198 νης),
475 4121 593 4176 τίνα
625 4124 729 4174 τῶν
763 4114 1056 4187 ἂπλήστων
1111 4115 1466 4192 ἐμιμησάμην
1499 4137 1515 4198 ;
1575 4117 1627 4173 τί
1653 4122 1747 4173 τοῦ
1774 4119 1959 4193 καιροὺ

299 4209 683 4291 παρεζήλωσα,
716 4206 957 4285 καίτοιγε
1016 4213 1235 4263 τοιαῦτα
1289 4206 1434 4286 ἔχων
1466 4209 1529 4263 τὰ
1573 4204 1956 4284 ὑποδείγματα,

298 4307 376 4361 ὧν
405 4302 495 4360 καὶ
543 4297 694 4379 δίχα,
730 4298 808 4370 μὴ
851 4297 1016 4354 κακὸν
1058 4295 1191 4376 (98)
1249 4296 1392 4354 εἶναι
1449 4303 1558 4354 τῶν
1582 4295 1842 4377 χαλεπῶν
1872 4294 1959 4351 καὶ

297 4392 537 4452 σπανίων
571 4410 588 4471 ;
621 4389 788 4448 Τίνων
847 4385 1188 4454 Ἐκκλησιῶν
1227 4388 1358 4463 ὑμῖν
1415 4385 1905 4467 ἠμφιτϐητήσαμεν
1940 4403 1956 4464 ;

303 4485 478 4542 Ποίων
511 4480 839 4562 χρημάτων,
872 4477 1110 4556 καίτοιγε
1166 4491 1284 4543 τοῖς
1342 4478 1618 4559 ἀμφότερα
1646 4475 1960 4535 πλουτοῦσιν

302 4574 436 4653 ὑπὲρ
463 4573 564 4640 τὴν
593 4569 805 4651 χρείαν,
835 4569 884 4626 οἱ
936 4566 992 4624 δὲ
1054 4567 1252 4632 ἐνδεεῖς
1282 4567 1558 4648 ἀμφότερα
1591 4583 1608 4642 ;
1642 4573 1808 4623 Ποῖον
1852 4566 1956 4643 βα-

304 4661 511 4724 σιλικὸν
568 4659 742 4739 δόγμα
791 4655 918 4736 (99)
947 4655 1260 4715 διαπτυσθὲν
1303 4655 1825 4736 ἐζηλοτυπήσαμεν;
1864 4656 1958 4715 Τί-

300 4779 397 4822 νας
425 4753 703 4835 ἂρχόντων
733 4749 1156 4829 ἐθεραπεύσαμεν
1185 4748 1302 4807 καθ’
1353 4751 1500 4826 ὑμῶν
1537 4768 1554 4829 ς
1615 4749 1782 4807 Τίνων
1828 4751 1960 4828 θρα-

297 4848 505 4914 σύτητα
545 4836 1044 4917 κατεμηνόσαμεν;
1099 4839 1176 4899 Τὰ
1218 4836 1274 4895 δὲ
1339 4841 1414 4905 εἷς
1469 4835 1546 4918 (2)
1615 4838 1734 4916 ἐμὲ,
1798 4837 1958 4918 τίνα;

2123 3212 2262 3268 612
2289 3206 2444 3271 ΧΙΙΙ.
2472 3209 2564 3271 Sic
2599 3208 2799 3289 igitur,
2823 3219 2999 3290 atque
3023 3209 3098 3271 ob
3127 3213 3229 3273 luas
3251 3232 3460 3277 causas
3483 3237 3694 3297 parvus

2042 3319 2148 3378 ego
2179 3298 2301 3379 ille,
2328 3309 2385 3360 et
2411 3301 2563 3360 mala
2595 3304 2778 3380 patria
2799 3311 2984 3373 ortus,
3013 3301 3082 3361 ad
3111 3320 3216 3363 vos
3239 3305 3489 3382 accessi,
3516 3308 3696 3389 idque

2041 3407 2160 3450 non
2185 3398 2530 3471 sponte,nec
2559 3398 2775 3451 memet
2801 3389 3154 3464 offereus,ut
3180 3393 3345 3454 multi
3371 3413 3574 3458 eorum
3600 3416 3697 3460 so—

2041 3480 2295 3561 lent,qui
2318 3499 2430 3541 nu'.
2445 3501 2473 3541 c
2489 3479 2560 3541 ad
2579 3478 2865 3542 Ecclesia
2884 3481 3135 3562 imperia
3149 3484 3589 3563 prosiliunt.sed
3609 3506 3698 3551 ac-

2040 3570 2196 3631 citus
2215 3580 2272 3630 et
2295 3578 2558 3650 coactus,
2586 3589 2650 3630 ac
2677 3570 2872 3631 timori
2902 3580 2960 3632 et
2985 3572 3230 3648 Spiritui
3253 3572 3692 3639 obsecundans.

2040 3659 2206 3732 Quod
2246 3661 2294 3720 si
2325 3661 2468 3722 falsa
2518 3661 2748 3742 loquor,
2786 3681 2904 3722 non
2954 3681 3191 3743 recuso,
3225 3665 3543 3744 quominus
3597 3668 3694 3729 hic

2041 3749 2263 3833 diutius
2281 3750 2600 3833 incassum
2619 3769 3074 3833 oppugner,nec
3093 3771 3453 3833 quemquam
3487 3775 3692 3820 errore

2042 3830 2318 3902 liberem,
2353 3831 2456 3892 sed
2491 3831 2604 3893 voti
2639 3830 2729 3893 sui
2780 3841 3088 3912 compotes
3110 3830 3422 3916 'fiant,_qui
3473 3837 3691 3900 anima

2045 3939 2192 3982 mea
2215 3920 2588 3982 sterilitatem
2626 3923 3030 4002 imprecantur
3048 3921 3122 3986 ³⁵.
3152 3926 3467 4004 Postquam
3496 3934 3693 3988 autem

2045 4012 2160 4073 huc
2194 4011 2352 4086 veni,
2383 4030 2451 4073 ac
2489 4011 2735 4073 fort-asse
2767 4031 2902 4073 cum
2938 4019 3231 4092 potestate
3265 4014 3510 4077 minime
3542 4035 3690 4078 con—

2043 4103 2361 4163 temnenda
2420 4101 2587 4179 (libct
2651 4103 2807 4164 enim
2867 4101 2942 4163 ob
3002 4121 3093 4178 ea,
3157 4121 3286 4185 qua
3339 4104 3695 4186 insipientia

2042 4200 2182 4256 sunt
2209 4191 2284 4265 ³6,
2319 4193 2592 4253 nonnihil
2643 4192 2932 4272 gloriari),
2966 4212 3284 4274 quemnam
3329 4215 3560 4272 eorum,
3596 4199 3694 4278 qui

2042 4281 2390 4364 inexplebili
2450 4282 2773 4363 cupiditate
2823 4283 3093 4362 ﬂagrant,
3131 4283 3483 4348 imitandum
3545 4287 3696 4349 mihi

2043 4374 2239 4437 duxi?
2256 4373 2549 4446 Quidnam
2573 4391 2645 4434 ex
2666 4373 2777 4434 hac
2804 4374 3087 4452 temporis
3113 4374 3352 4436 licentia
3377 4394 3691 4457 perperam

2042 4465 2350 4528 amulatus
2372 4482 2528 4540 sum,
2555 4462 2734 4544 idque
2767 4482 2900 4524 cum
2928 4464 3067 4524 talia
3088 4466 3360 4545 exempla
3388 4465 3462 4527 ob
3487 4469 3695 4530 oculos

2045 4557 2235 4638 posita
2296 4553 2603 4625 haberem,
2640 4553 2859 4632 quibus
2922 4554 3101 4616 etiam
3159 4555 3435 4636 remotis,
3472 4558 3689 4620 malum

2045 4658 2243 4708 tamen
2271 4664 2389 4707 non
2411 4663 2567 4719 esse,
2587 4643 2835 4707 difﬁcile
2867 4663 2933 4705 ac
2962 4663 3163 4706 rarum
3197 4653 3287 4707 est
3307 4648 3338 4708 ?
3367 4645 3450 4707 De
3477 4647 3697 4727 quibus

2043 4737 2328 4800 Ecclesiis
2351 4735 2658 4798 vobiscum
2682 4737 3100 4797 contendimus
3123 4735 3148 4796 Υ
3169 4735 3255 4798 De
3277 4735 3490 4818 quibus
3519 4757 3698 4820 pecu-

2045 4827 2184 4905 niis,
2215 4827 2419 4909 idque,
2453 4845 2588 4889 cum
2635 4845 2737 4888 vos
2781 4825 2842 4887 in
2894 4834 3144 4908 utraque
3193 4845 3282 4904 re,
3315 4827 3468 4889 ultra
3515 4849 3690 4910 quam

378 5011 434 5057 ⁸³
463 5010 727 5092 Philipp.
750 5022 839 5088 ni,
869 5005 974 5074 20.
1058 5008 1113 5055 ³³
1142 5007 1298 5074 Gen.
1330 5025 1414 5086 111,
1456 5007 1552 5071 19.
1639 5005 1696 5052 ³*
1722 5006 1872 5072 Gen.
1901 5023 1959 5087 u,

2049 5051 2059 5064 .
2147 4997 2202 5042 ³⁵
2231 5002 2387 5065 Psal.
2412 5015 2616 5076 xxxrv,
2653 4996 2744 5061 t2.
2830 4995 2886 5039 ³⁸
2914 4994 2966 5059 ΙΙ
2991 4997 3124 5062 Cor.
3153 5015 3237 5076 x1,
3279 5000 3368 5063 17.

386 5173 518 5256 (92)
543 5174 776 5254 Ἐαυτῷ.
813 5175 994 5238 Deest
1024 5175 1084 5236 in
1113 5171 1260 5254 Reg.
1296 5170 1420 5256 bu).

380 5249 510 5338 (93)
543 5256 693 5324 Ζωῆς
724 5249 813 5316 ..αι
843 5261 1050 5326 σκηνῆς
1082 5249 1258 5338 ἡμῶν,
1294 5253 1396 5316 Sic
1416 5258 1684 5338 quatuor
1710 5249 1964 5332 Regget

637 5339 762 5421 ed.,
795 5338 938 5424 ζωῆς
969 5337 1125 5412 ἡμῶν
1155 5337 1245 5393 καὶ
1273 5335 1518 5424 αηνῇς..
1544 5413 1559 5424 ⁸
1774 5413 1786 5424 ⁹

383 5419 509 5501 (94)
544 5419 628 5475 ’Ἢ
673 5411 1028 5500 τυραννήσας,
1095 5425 1209 5478 etc.
1301 5437 1324 5473 α
1361 5412 1696 5501 __Quidar_n,_
1773 5411 1964 5501 inquit

297 5493 877 5581 Elias,'sponte'sua
919 5504 1278 5581 pravertunt
1323 5493 1470 5581 alios
1499 5493 1871 5581 adhibitavi,
1905 5501 1966 5556 et

342 5601 410 5644 er
445 5573 816 5663 tyrannidem
844 5573 1282 5661 oppressis,qui
1304 5575 1470 5663 prius
1499 5575 1694 5663 locum
1727 5573 1962 5663 obtine-

342 5614 408 5644 Ul‘
447 5614 816 5663 ιιηιιιιιιυυιιι
844 5614 1282 5661 υγμισθδιδμιυι
1304 5614 1470 5657 γιιυῦ
1500 5614 1694 5637 ιυυιιιιι
1727 5614 1961 5636 υυιιιισ-

297 5614 730 5735 gantﬂuidam
750 5679 986 5740 rursus,
1024 5655 1526 5740 persequentibus
1541 5655 1894 5740 _aliis,ejecti
1927 5673 1961 5716 e

295 5744 489 5834 patria
507 5761 686 5834 quam
711 5736 1275 5834 obtinebant,etiain
1307 5736 1678 5809 inviti,aliam
1713 5753 1955 5818 quare-

297 5825 369 5898 ὶιο
391 5825 581 5886 coacti
603 5832 766 5888 sunt.
805 5846 832 5883 ι

2124 5162 2243 5244 195)
2281 5163 2577 5237 Πκίξωμεν.
2613 5159 2916 5244 Βθςλὺῐη,
2952 5162 3247 5244 παίζωμεν.

2127 5239 2248 5326 (96)
2290 5240 2957 5324 Μεγαλουρρονεϊν,[³1111⁵65
2983 5239 3164 5323 Regg.
3202 5252 3259 5304 et
3290 5243 3397 5306 0r.
3440 5243 3492 5320 1,
3527 5263 3693 5322 μεγα-

2043 5351 2421 5489 φρῑίίξῖτῆς.
2449 5402 2549 5489 Sic
2578 5402 2847 5489 plerique
2879 5403 3053 5489 codd.
3089 5403 3153 5465 In
3189 5404 3313 5489 e_d._,
3347 5419 3488 5489 ςοτς,

2131 5483 2254 5570 (98)
2291 5483 2598 5570 Μὴ-κακεξνξ
2635 5483 2734 5570 Sic.
2757 5485 2956 5563 plures
2986 5483 3385 5564 Regg.,Coisl.
3418 5485 3594 5560 t,0r.
3631 5489 3692 5560 2,

2044 5565 2192 5642 ἔρεζ,
2226 5565 2342 5630 illo.
2375 5565 2438 5626 In
2473 5565 2597 5636 ed.,
2633 5568 2711 5642 μὴ
2742 5573 2947 5624 κακῶν.

2129 5651 2254 5733 (99)
2295 5651 2503 5727 Δόγμα.
2569 5645 2633 5707 In
2698 5645 3023 5725 nonnullis,
3086 5648 3331 5725 γράμμα,
3372 5673 3397 5702 (1
3437 5649 3695 5729 scriptu-

2041 5751 2210 5897 Μ’(ίῃ)
2242 5813 2317 5871 τὰ
2349 5809 2402 5867 δὲ
2433 5811 2525 5874 εἷς,
2561 5814 2676 5868 etc.
2713 5805 2963 5870 Bittius:
3009 5829 3032 5864 α
3067 5806 3220 5881 Quid
3248 5816 3444 5870 autem
3477 5811 3635 5890 ego?
3662 5833 3690 5865 ι
