4158 6426
471 324 589 393 243
1725 321 1785 384 S.
1833 316 2114 384 GREGOI

2244 314 2626 381 THEOLOGI
3749 318 3867 383 244

471 479 593 523 non
627 457 797 541 panis
822 458 1176 534 famem,aut
1219 474 1385 540 aqum
1414 456 1569 520 sitim
1619 454 1861 525 curatis,
1894 449 2111 541 quibus

2216 454 2415 509 ικοῦσαι
2468 450 2630 528 λόγου
2686 452 2823 532 (58)
2885 456 3091 532 Κυρίου,
3149 454 3207 509 ὅν
3250 456 3337 511 καὶ
3362 455 3592 535 πάσχειν
3621 454 3857 512 ἐλεεινόι

474 567 588 614 nec
617 540 806 630 premi
838 547 1159 610 admodum
1191 566 1363 628 grave
1395 557 1508 621 est,
1544 552 1606 609 et
1636 546 1842 606 iisdem
1887 540 2114 602 mederi

2216 562 2381 617 τατον,
2486 546 2569 599 καὶ
2648 545 2948 620 θεραπεύειν
3004 544 3090 600 νῦν
3172 543 3585 623 ἑργωδὲστατονο
3670 543 3858 612 ἔπειδη

470 627 642 702 facile
658 660 673 719 ;
692 638 794 700 sed
814 639 1027 699 famem
1047 627 1327 700 audiendi
1346 637 1590 700 verbum
1610 632 2114 711 Domini“,quam

2216 627 2504 699 ἐπληθύνθη
2560 633 2596 699 ἡ
2656 634 2867 709 ἀνομία,
2930 636 3014 689 καὶ
3073 632 3282 711 ὀλίγους
3311 634 3533 711 εὕρίσκω
3562 636 3684 693 τοὺς
3715 658 3856 712 γνη-

470 738 531 792 et
562 728 684 811 pati
705 730 1133 798 miserrimum,
1159 736 1217 789 et
1245 746 1453 789 curare
1488 728 1595 788 hoc
1620 735 1887 804 tempore
1912 737 2111 811 perar-

2216 720 2352 784 riouc
2383 723 2579 790 ταύτης
2611 726 2694 801 θερ
2711 724 2956 789 απευτάς.

468 804 655 882 duum
696 824 755 879 et
786 816 1155 898 perdifﬁcile;
1188 817 1473 895 quoniam
1516 814 1838 877 abundavit
1890 808 2169 889 iniquitas
2196 804 2272 889 ⁵⁷,
2299 828 2368 871 ac
2400 830 2619 892 paucos
2666 812 2925 893 reperio,
2960 812 3063 891 qui
3094 831 3234 875 vere
3284 830 3352 874 ac
3384 811 3539 875 bona
3570 812 3686 875 fide
3718 813 3858 875 huic

469 908 610 971 fami
643 908 1023 969 medeantur.

550 987 650 1051 III.
684 987 845 1050 Talis
866 990 1174 1049 enimvero
1194 994 1318 1049 erat
1336 986 1584 1067 Joseph,
1615 985 1992 1065 dispensator
2017 997 2114 1038 ve-

2288 972 2368 1043 l“.
2426 989 2667 1045 Γοιοῦτος
2700 982 2898 1064 Ἰωσὴφ
2954 986 2980 1040 ὁ
3028 984 3281 1062 ὑμέτερος
3342 988 3657 1062 σιτομὲτρης
3702 984 3853 1065 (59),

472 1087 615 1149 ster,
644 1097 711 1139 ac
743 1078 995 1156 proinde
1027 1086 1084 1139 et
1111 1085 1335 1152 noster,
1372 1076 1477 1154 qui
1507 1084 1564 1137 et
1615 1093 1719 1155 pro
1753 1073 1967 1134 eximia
2017 1088 2114 1130 sua

2216 1073 2393 1127 ταυτὸν
2445 1071 2499 1128 δὲ
2545 1075 2716 1129 εἰπεῖν
2776 1075 2860 1129 καὶ
2938 1073 3220 1149 ἡμέτερος,
3283 1072 3340 1136 ὅς
3394 1076 3479 1130 καὶ
3536 1073 3856 1153 προϐλέπειν

475 1166 766 1248 sapientia
821 1167 1038 1229 famem
1075 1167 1418 1247 prospicere
1447 1172 1642 1237 norat,
1666 1171 1726 1224 et
1769 1161 2020 1224 consilio
2053 1178 2114 1219 ac

2216 1159 2317 1237 ᾔδει
2378 1160 2536 1237 λιμὸν
2602 1164 2702 1219 ὑπὸ
2733 1166 2915 1242 σοφίας
2986 1160 3419 1241 ὑπερϐαλλούσης
3455 1161 3604 1241 (60),
3643 1166 3732 1221 καὶ
3762 1169 3855 1221 θε..

469 1257 782 1338 prudentia
810 1274 1045 1332 curare,
1082 1256 1462 1336 perpulchris
1494 1253 1779 1315 nimirum
1814 1260 1872 1313 et
1918 1250 2114 1310 obesis

2216 1253 2445 1307 ›απεύειν
2513 1252 2694 1329 λόγοις
2770 1253 3095 1327 οἰκονομίας,
3167 1267 3291 1313 ταῖς
3349 1253 3543 1315 καλαῖς
3575 1258 3680 1309 τῶν
3714 1256 3856 1329 βοῶν

466 1347 681 1427 bobus,
703 1346 1001 1408 deformes
1022 1363 1091 1408 ac
1117 1346 1305 1407 macie
1328 1344 1631 1407 confectas
1652 1340 1969 1403 sanans.Et
1992 1343 2114 1415 qui-

2216 1343 2288 1396 ιαὶ
2345 1344 2510 1414 πίοσι,
2575 1344 2669 1406 τὰς
2727 1344 2953 1421 αἰσγράς
2994 1344 3080 1399 καὶ
3144 1344 3404 1423 ἀκρόφους
3453 1344 3698 1417 ἰώμενος.
3762 1346 3859 1401 Καὶ

468 1436 603 1499 dem
628 1434 919 1499 utrumvis
935 1434 1155 1515 Joseph
1172 1434 1509 1513 intelligere
1524 1431 1937 1507 volueris,sive
1952 1431 2115 1491 illum

467 1524 924 1587 immortalitatis
954 1535 1282 1587 amatorem
1318 1533 1375 1585 et
1407 1523 1779 1593 effectorem,
1809 1530 1865 1582 ct
1900 1540 2114 1581 nomen

467 1614 758 1676 ferentem
792 1634 807 1690 ;
850 1613 972 1675 sive
1003 1613 1185 1689 illius,
1212 1615 1267 1675 ei
1298 1614 1358 1674 iu
1396 1614 1607 1673 throno
1643 1621 1697 1673 et
1730 1612 1789 1673 iu
1822 1610 2113 1688 doctrina,

2203 1429 2400 1509 Ἰωσὴφ
2456 1433 2705 1510 ὁπότερον
2754 1434 2930 1509 βούλει
2963 1432 3273 1507 λαμϐάνειν,
3310 1433 3423 1489 ε’ῗτε
3453 1434 3543 1489 τὸν
3572 1438 3671 1499 τῆς
3732 1434 3857 1489 ἀθα-

2200 1522 2384 1583 νασίας
2459 1521 2685 1599 ἐραστὴν
2769 1523 2925 1602 (61),
2986 1523 3074 1579 καὶ
3142 1522 3489 1601 δημιουργὸν,
3526 1526 3611 1579 καὶ
3647 1523 3858 1579 ἐπώνυ-

2202 1631 2300 1683 μον
2374 1610 2523 1688 (ϐἓγ
2587 1611 2698 1667 εἴτε
2752 1615 2843 1668 τὸν
2872 1614 3072 1668 ὶκείνου
3106 1614 3189 1669 καὶ
3216 1614 3407 1690 θρόνῳ,
3442 1614 3528 1669 καὶ
3568 1611 3737 1688 λόγῳ,
3772 1606 3858 1668 καὶ

468 1712 530 1768 et
556 1705 615 1765 in
638 1703 861 1767 canitie
877 1703 2114 1781 successorem,novum,inquam,nostrum

2216 1698 2361 1771 πολιᾷ
2417 1698 2689 1781 διάδοχον,
2724 1704 2816 1758 τὸν
2850 1701 2965 1758 νέον
2998 1701 3191 1779 Πέτρον
3226 1704 3386 1775 ἡμῖν,
3426 1702 3527 1782 οὐχ
3570 1702 3730 1769 ἧττον
3763 1703 3858 1769 τὴν

468 1793 864 1870 Petrum,non
888 1794 1085 1855 minus
1109 1796 1319 1855 virtute
1343 1812 1520 1870 quam
1547 1793 1821 1854 nomine:
1847 1810 1879 1851 a
1902 1792 2114 1867 quibus

2216 1792 2218 1803 .
2335 1790 2346 1807 ι
2510 1792 2519 1807 .
2624 1794 2633 1808 κ
2831 1794 2847 1802 -
2994 1793 3005 1807 .
3060 1789 3075 1809 .
3129 1790 3156 1811 τ
3253 1792 3265 1807 .
3368 1790 3376 1804 ι
3534 1792 3551 1807 ν
3639 1791 3647 1805 ι
3843 1793 3855 1810 ι

2216 1809 2415 1858 ιρετην,
2491 1792 2525 1857 ὴ
2582 1814 2679 1857 την
2750 1791 3053 1868 κλησινουφ
3119 1814 3192 1845 ων
3218 1812 3278 1845 το
3312 1812 3474 1852 μεσον
3503 1791 3731 1857 ὲςεκοπη
3771 1814 3859 1847 και

466 1882 525 1945 id
546 1882 700 1964 quod
726 1883 989 1945 medium
1016 1882 1143 1962 fuit,
1171 1883 1433 1943 excisum
1462 1890 1519 1943 et
1540 1881 1860 1942 contritum
1896 1889 2007 1953 est,
2038 1889 2114 1939 ta-

2216 1876 2497 1955 ινύνετρὶϐη,
2562 1879 2657 1936 κᾶν
2733 1880 2808 1936 ἔτι
2843 1882 3038 1956 σπαίρη
3070 1879 3191 1949 163)
3226 1880 3391 1957 μικραί
3418 1901 3474 1935 τε
3506 1881 3593 1936 καὶ
3638 1880 3858 1959 ἀσθενῆ,

472 1972 647 2035 metsi
672 1972 978 2051 paululum
1004 1972 1198 2033 adhuc
1220 1976 1280 2033 et
1309 1970 1610 2051 languide,
1644 1971 1800 2031 velut
1823 1969 2114 2049 serpentis

2216 1969 2432 2046 ιαθάπερ
2503 1972 2563 2025 τὸ
2631 1971 2845 2049 ούρατον
2908 1969 3252 2033 διακοπέντος
3310 1977 3401 2023 τοῦ
3462 1970 3657 2049 ὄφεως
3711 1973 3783 2025 ὧν
3832 1974 3860 2026 ὁ

466 2063 736 2125 intercisi
762 2062 975 2141 cauda,
1002 2059 1276 2141 palpitet:
1306 2080 1556 2141 quorum
1582 2060 1729 2121 alter
1752 2060 1812 2119 in
1840 2060 1991 2119 bona
2015 2078 2114 2120 se—

2216 2058 2298 2112 ιέν
2357 2058 2410 2114 ἐν
2467 2061 2603 2137 γήρᾳ
2662 2062 2809 2135 καλῷ
2840 2058 3140 2123 καταλύσας
3200 2062 3293 2115 τὸν
3353 2061 3463 2133 βίον
3495 2060 3583 2115 ἰπὶ
3626 2058 3859 2123 πολλοές

468 2159 710 2213 nectute
734 2160 869 2233 post
892 2150 1107 2211 multas
1129 2150 1545 2212 dimicationes
1579 2160 1636 2211 et
1671 2150 1977 2229 palaestras
2004 2148 2114 2208 vita

2216 2149 2322 2210 τοῖς
2381 2150 2712 2227 ἀγωνίσμασι
2778 2152 2867 2205 καὶ
2920 2148 3245 2227 ἀθλήμασιν,
3299 2148 3494 2205 ἄνωθεν
3551 2149 3856 2214 ἐποπτεύει,

469 2241 810 2316 defunctus,
836 2260 994 2302 nunc
1021 2258 1116 2301 res
1140 2248 1397 2313 nostras,
1423 2249 1487 2302 ut
1517 2258 1864 2320 persuasum
1901 2237 2111 2299 habeo.

2216 2240 2257 2293 :5
2315 2236 2463 2317 οῖδα,
2522 2247 2607 2294 νῦν
2665 2240 2730 2295 τὰ
2754 2239 3010 2317 ἡμέτερα,
3045 2240 3133 2294 καὶ
3165 2253 3328 2318 χεῖρα
3355 2238 3528 2315 όρὲγει
3563 2253 3679 2300 τοῖς
3727 2240 3860 2316 ὑπὲρ

466 2331 701 2394 caelitus
721 2330 984 2411 inspicit,
1004 2349 1073 2391 ac
1097 2330 1331 2391 virtutis
1350 2348 1527 2392 causa
1550 2327 1955 2390 laborantibus
1986 2346 2114 2390 ma-

2216 2334 2289 2382 εοῦ
2348 2326 2513 2383 καλοῦ
2562 2329 2843 2403 κάμνουσι,
2903 2330 2989 2384 καὶ
3072 2329 3215 2402 τόσῳ
3274 2327 3506 2403 μᾶλλον,
3593 2327 3702 2402 ὅσῳ
3752 2337 3859 2385 τῶν

466 2439 611 2484 num
638 2420 904 2502 porrigit,
933 2438 1127 2500 eoque
1154 2420 1363 2500 magis,
1390 2419 1549 2497 quod
1572 2419 1841 2499 corporis
1864 2418 2114 2479 vinculis

2216 2416 2407 2491 ῖεσμῶν
2466 2418 2608 2474 ἐστιν
2660 2418 2946 2495 ἐλεύθερος·
2993 2420 3020 2474 δ
3059 2416 3113 2473 δὲ
3168 2418 3253 2474 ἐπὶ
3298 2418 3396 2484 τὴν
3429 2418 3590 2485 αὗτῆν
3622 2417 3859 2474 κατάλυ-

466 2510 758 2573 liberatus
780 2510 1050 2586 est;alter
1069 2527 1206 2571 vero
1230 2510 1301 2571 ad
1336 2510 1613 2570 eumdem
1642 2511 1772 2570 vita:
1804 2508 1985 2569 ﬁnem
2017 2518 2114 2569 aut

2216 2528 2282 2561 τιν
2329 2505 2482 2586 (GH,
2546 2507 2581 2575 ἢ
2643 2507 2916 2585 ἀνάλυσιν,
2979 2507 3064 2563 ἐπὶ
3119 2520 3237 2571 τοῖς
3300 2507 3486 2570 αὒτοτς
3519 2505 3698 2571 ἄθλοις
3729 2510 3862 2583 (65)

464 2600 913 2676 resolutionem,
952 2606 1081 2679 post
1107 2598 1319 2661 eadem
1353 2598 1683 2662 certamina
1719 2607 2025 2678 properat,
2057 2610 2114 2659 et

2216 2596 2497 2672 ;πείγεται,
2561 2598 2649 2653 καὶ
2706 2598 2988 2668 πλησιάζει
3044 2597 3141 2670 μὲν
3194 2594 3297 2665 ἢδη
3343 2610 3463 2660 τοῖς
3500 2597 3633 2673 ἅνω,
3666 2606 3857 2653 τοσοῦ-

465 2690 768 2755 οωΙίιὶθιιε
817 2688 1061 2770 quidem
1090 2689 1214 2768 jam
1250 2689 1623 2769 propinquus
1653 2697 1784 2763 est;
1833 2696 2112 2749 caeterum

2216 2708 2286 2741 εον
2343 2684 2398 2741 δὲ
2458 2687 2594 2763 μετὰ
2624 2692 2722 2753 τῆς
2768 2688 2962 2766 σαρκός
2996 2686 3138 2743 ἐστιν
3170 2686 3270 2766 ἔτι,
3318 2684 3443 2743 ὅσον
3486 2686 3746 2763 βοηθῆσαι
3777 2696 3859 2761 τῷ

464 2780 754 2843 hactenus
775 2780 973 2841 adhuc
991 2779 1052 2840 in
1074 2796 1253 2840 carne
1276 2786 1645 2859 versatur,ut
1669 2778 1805 2839 fidei
1831 2778 2114 2839 doctrinae

2216 2777 2344 2854 ιόγῳ
2400 2777 2464 2832 τὰ
2530 2774 2838 2855 τελευταῖα,
2892 2778 2980 2833 καὶ
3021 2782 3119 2843 τῆς
3156 2774 3276 2833 ὁδοῦ
3303 2776 3541 2854 γενέσθαι
3587 2778 3723 2852 μετά
3753 2774 3859 2833 δαον

463 2879 826 2951 postremam
862 2887 1038 2949 opem
1070 2868 1243 2945 ferat,
1265 2886 1335 2930 ac
1358 2887 1492 2929 cum
1525 2867 1803 2948 ampliori
1832 2878 1891 2929 et
1918 2868 2114 2948 c0pio-

2216 2865 2523 2945 ινιλεστέρων
2548 2872 2651 2922 τῶν
2683 2863 2925 2946 ἐφοδίων.

465 2959 609 3021 siori
630 2960 843 3019 viatico
872 2958 989 3019 iter
1009 2966 1301 3036 capessat.

676 3018 798 3108 vos
820 3018 965 3106 estis
989 3018 1216 3106 alu'mni
1237 3052 1294 3106 et
1317 3045 1554 3108 soboles
1574 3045 1808 3107 illorum
1836 3056 2114 3127 praestan-

2281 3045 2367 3103 A’.
2423 3046 2631 3102 Τούτων
2681 3047 2838 3121 ὑμεῖς
2894 3044 3171 3124 θρέμματα
3228 3048 3314 3102 καὶ
3346 3043 3701 3123 προϐλήματα
3748 3051 3859 3101 τῶν

466 3136 610 3198 tium
643 3134 906 3196 veritatis
936 3134 1272 3209 doctorum,
1299 3143 1357 3195 et
1388 3145 1918 3215 propugnatorum,
1948 3148 2005 3199 et
2026 3137 2114 3198 vi-

2216 3133 2475 3213 ιεγάλων,
2537 3138 2623 3191 καὶ
2653 3132 3045 3212 δογματιστῶν,
3096 3139 3182 3191 καὶ
3227 3136 3534 3213 ἀγωνιστῶν
3578 3140 3676 3201 τῆς
3709 3135 3858 3201 ἀλη-

467 3234 698 3288 ctorum
720 3243 742 3304 ;
768 3242 920 3302 quos
945 3242 1065 3285 non
1088 3233 1345 3304 tempus,
1367 3244 1484 3286 non
1504 3226 1803 3305 princeps,
1834 3245 1949 3288 non
1983 3245 2117 3289 ser-

467 3314 1107 3396 mo,noninvidia,non
1135 3321 1479 3394 metus,non
1506 3324 1835 3389 accusator,
1869 3336 1985 3377 non
2011 3337 2114 3378 ca-

468 3405 938 3481 lumniator,non
964 3403 1188 3464 bellum
1209 3412 1412 3484 aperte
1437 3406 1847 3480 inferens,non
1870 3406 2117 3469 clande-

466 3494 654 3557 stinas
677 3493 923 3556 Insidias
944 3501 1202 3568 struens,
1229 3512 1345 3554 non
1373 3494 1433 3555 in
1459 3494 1726 3574 speciem
1756 3505 1981 3575 noster,
2000 3518 2116 3560 non

464 3586 843 3663 alienus,non
859 3582 1371 3659 aurum,occultus
1387 3584 1489 3645 ille
1506 3592 1806 3664 tyrannus,
1819 3605 2113 3664 perquem

466 3693 624 3737 nunc
641 3675 777 3735 621
806 3673 991 3735 multa
1020 3692 1256 3735 sursum
1289 3674 1715 3755 deorsumque,
1743 3676 1903 3737 velut
1934 3678 1993 3737 in
2028 3688 2116 3739 ta-

466 3765 660 3828 lorum
695 3762 859 3839 ludo,
886 3764 1210 3844 jactantur,
1248 3782 1366 3825 non
1398 3764 1719 3839 blanditiae,
1760 3784 1879 3826 non
1918 3768 2114 3842 minae,

464 3873 585 3917 non
608 3853 1099 3929 exsilia,etmulta
1114 3861 1173 3915 et
1192 3854 1624 3921 diuturnatsoli
1644 3855 1802 3915 enim
1825 3855 2115 3919 bonorum

464 3943 885 4025 proscriptioni
916 3943 977 4003 in
1011 3960 1116 4003 eos
1148 3951 1394 4025 propter
1425 3963 1665 4023 magnas
1698 3945 1827 4007 illas
1856 3947 2112 4023 divitias,

2200 3228 2362 3302 θείας,
2436 3229 2524 3284 καὶ
2596 3232 2854 3294 νικητῶν·
2914 3227 3003 3292 οὖς
3034 3228 3093 3283 ού
3124 3230 3332 3307 γαιρὸς,
3366 3230 3425 3284 οὗ
3456 3227 3736 3301 δυνάστης,
3800 3228 3859 3284 οὗ

2202 3316 2383 3395 λόγος,
2436 3319 2497 3374 οὗ
2552 3317 2762 3397 φθόνος,
2835 3317 2896 3373 οὗ
2926 3314 3115 3398 φόϐος,
3150 3320 3209 3373 οὗ
3236 3320 3561 3395 κατήγορος,
3597 3320 3655 3374 οὗ
3686 3341 3857 3374 συκο-

2202 3410 2429 3487 φλντης,
2482 3408 2541 3463 ού
2596 3412 2832 3486 φανερῶς
2893 3406 3171 3485 πολεμῶν,
3232 3411 3292 3465 οὗ
3322 3406 3580 3485 λαθραίως
3632 3404 3858 3462 ἐπιϐου-

2202 3497 2390 3576 λεύων,
2442 3500 2545 3576 οὔχ
2600 3497 2857 3575 ἡμέτερος
2911 3503 2988 3571 τῷ
3045 3495 3244 3568 δοκεῖν,
3300 3498 3392 3553 οὐκ
3438 3495 3741 3575 ἀλλότριος,
3798 3503 3861 3555 ού

2203 3589 2423 3667 χρυσὸς,
2488 3589 2515 3643 ὁ
2573 3586 2776 3666 ἀφανὴς
2820 3587 3090 3664 τύραννος,
3143 3590 3188 3660 ᾧ
3224 3593 3303 3641 νῦν
3333 3588 3399 3643 τὰ
3429 3585 3603 3642 πολλά
3650 3586 3857 3664 μεταρ-

2201 3678 2441 3755 ῥίπτεται
2515 3676 2603 3731 καὶ
2659 3675 2989 3747 πεττεύεται,
3036 3677 3094 3732 ού
3116 3678 3422 3755 θεραπεῖαι,
3457 3678 3555 3731 οὸκ
3612 3675 3858 3748 ἀπειλαὶ,

2203 3766 2298 3823 οὐκ
2355 3765 2543 3844 ἐξορίαι
2635 3764 2835 3843 μακραί
2902 3786 2956 3820 τε
3010 3768 3095 3821 καὶ
3146 3765 3523 3843 ἀριθμούμεναι
3582 3763 3867 3840 (δημεύσει

2201 3856 2300 3935 γὰρ
2330 3860 2422 3914 οὒκ
2465 3853 2707 3932 ἐγένοντο
2765 3856 2927 3928 μὸνον
2958 3853 3176 3926 ἁλωτοὶ,
3241 3853 3325 3911 διὰ
3357 3858 3445 3910 τὸν
3479 3854 3648 3932 μέγαν
3685 3853 3864 3910 πλοῦ-

2198 3967 2314 4024 τον,
2373 3945 2470 4012 τὴν
2528 3945 2932 4018 ἀκτημοσύνην)
2963 3946 3055 4000 οὒκ
3087 3942 3218 4000 ἂλλο
3251 3942 3397 4002 οὐδὲν
3426 3951 3529 4000 τῶν
3580 3945 3860 4019 ἁπάντων,

463 4034 577 4096 hoc
609 4043 721 4105 est,
742 4033 1029 4112 inopiam,
1054 4032 1202 4093 nihil
1231 4034 1446 4114 licuit),
1480 4053 1598 4095 non
1624 4034 1782 4095 aliud
1810 4037 2108 4116 quidpiam

2216 4035 2232 4103 ὶ
2290 4040 2396 4090 τῶν
2453 4034 2749 4112 παρόντων,
2800 4033 2835 4101 ἣ
2867 4040 2971 4089 τῶν
3005 4030 3458 4111 προσδοκωμένων
3485 4033 3704 4108 ἒπῆρεν⁹
3741 4033 3870 4089 οὐδὲ

464 4122 800 4186 absentium
826 4132 924 4183 aut
946 4123 1535 4203 prasentium,autin
1552 4128 1990 4206 exspectatione
2016 4147 2111 4208 po-

2216 4123 2441 4180 ινέπεισε
2501 4125 2713 4203 χείρους
2801 4124 3066 4199 γενέσθαι,
3152 4125 3242 4178 καὶ
3320 4122 3597 4198 προδοῦναί
3650 4145 3701 4178 τι
3763 4129 3874 4189 τῆς

465 4214 744 4287 sitorum,
762 4211 996 4287 extulit,
1021 4222 1125 4275 aut
1145 4213 1445 4277 adducere
1468 4215 1679 4296 potuit,
1700 4224 1762 4276 ut
1784 4216 2112 4279 deteriores

2216 4210 2439 4292 Γριάδος,
2499 4214 2588 4269 καὶ
2639 4214 2971 4286 ζημιωθῆναι
3055 4214 3284 4279 θεότητα
3345 4212 3489 4292 (66).
3548 4213 3873 4271 Τοῦναντίον

463 4306 777 4396 fier_ent,ac
803 4301 876 4363 de
894 4302 1430 4396 fl‘rinitatealiquid
1464 4308 1874 4387 proderent,et
1895 4308 2103 4369 divini-

2216 4304 2293 4359 ιὲν
2344 4306 2431 4359 οὖν
2505 4301 2839 4380 ἐῤῥώσθησαν
2900 4316 3018 4368 τοῖς
3048 4300 3333 4383 κινδύνοις,
3366 4305 3453 4359 καὶ
3503 4301 3871 4382 φιλο-ιμότε-

461 4394 536 4456 tis
556 4394 849 4474 jacturam
884 4392 1303 4457 facerent.lmo
1335 4404 1566 4478 contra,
1590 4415 1659 4458 ex
1694 4396 1840 4475 ipsis
1868 4399 2101 4477 pericu-

2216 4417 2275 4451 ιοι
2320 4391 2600 4470 γεγόνασιν
2644 4394 2716 4456 εἰς
2773 4392 3063 4456 εὐσέϐειαν,
3128 4394 3354 4450 Τοιοῦτο
3397 4394 3496 4470 γὰρ
3550 4394 3609 4447 τὸ
3667 4397 3872 4449 παθενν

462 4483 536 4547 lis
548 4483 732 4545 robur
743 4481 1319 4565 collegerunt,atque
1332 4484 1405 4546 ad
1424 4486 1699 4559 pietatem
1720 4487 2108 4548 ferventiores

2216 4483 2319 4559 ιπὲρ
2380 4483 2626 4559 Χριστοῦ,
2688 4486 2764 4553 τῷ
2824 4480 3022 4560 φίλτρσρ
3074 4482 3411 4559 προστίθησι,
3462 4481 3550 4536 καί
3579 4481 3702 4536 οῖσν
3742 4481 3855 4558 ἆῤ-

461 4576 835 4638 exstiternnt.
861 4573 1027 4635 Talia
1050 4573 1209 4635 enim
1237 4593 1343 4654 pro
1365 4576 1607 4639 Christo
1632 4576 1774 4658 pati,
1798 4578 1985 4638 amori
2010 4597 2109 4639 cu-

2216 4570 2365 4628 ιαϐὼν
2417 4572 2615 4650 γίνεται
2678 4571 2783 4627 τῶν
2841 4570 2961 4639 ἒξῆς
3021 4570 3191 4629 ἄθλων
3251 4575 3368 4635 τοῖς
3459 4568 3872 4651 μεγαλόφροσι,

542 4740 596 4786 ⁵6
625 4744 807 4805 Amos
832 4758 961 4820 VIII,
998 4745 1095 4807 11.
1182 4743 1234 4787 ⁵⁷
1254 4746 1462 4809 Matth.
1496 4763 1657 4824 xxxv,
1689 4746 1788 4808 12.

546 4911 672 5075 Ξ58)
696 4912 893 4989 Λόγου.
926 4913 1077 4993 Reg.
1104 4931 1159 4995 a,
1192 4915 1375 4995 λογον.

571 4993 679 5075 59)
708 4994 1064 5073 Σιτομέτρης.
1100 4995 1286 5075 coisl.
1326 4998 1375 5071 l,

571 4993 679 5071 59)
708 4994 1064 5073 Σιτομέτρης.
1100 4993 1286 5059 Cbisl.
1326 4998 1382 5071 1,
1432 4996 1730 5066 τιτοδότης.

2294 4908 2418 4991 (64)
2457 4900 2513 4967 Ὀ
2550 4909 2614 4991 73‘s
2668 4908 2879 4991 iniu-31v
2913 4910 3105 4991 ανδ-τὲ.νᾷ
3138 4909 3446 4991 κατάλύσιν,
3513 4916 3692 4991 algis
3747 4907 3870 4991 Al-

2210 4987 2312 5056 ῑθιί
2326 4987 2464 5051 vero
2495 4990 2565 5050 ad
2595 4989 3058 5063 eumdem,»etc.
3081 4988 3177 5054 Sic
3194 4989 3536 5053 reddiderat
3560 4987 3773 5051 Billius
3797 4989 3874 5050 in

535 5068 663 5150 ('60)-
723 5068 953 5159 Σοφίᾳ(
992 5068 1457 5159 Αὖτῖερϐαλλοόσὴς.
1515 5078 1613 5142 Sic
1671 5080 1825 5159 Reg.
1888 5081 1987 5142 hu.
2052 5081 2114 5144 In

2216 5074 2400 5159 prima
2431 5068 2948 5159 editione;rectius
2968 5071 3443 5159 quidem,quam_
3473 5071 3531 5159 in
3563 5070 3866 5159 secunda,

459 5155 532 5219 ed
545 5206 558 5220 ,
570 5202 583 5229 ,
621 5153 822 5228 σοφίας
849 5156 944 5211 ὑπε
952 5153 1250 5233 ρϐαλούσης
1261 5206 1273 5220 ,

540 5236 661 5318 (61)
698 5234 984 5318 Ἐραᾳτήν.
1018 5239 1148 5300 Duo
1181 5235 1394 5318 Begg.,
1426 5241 1514 5296 καὶ
1544 5241 1793 5317 ἐραστήν,

542 5314 669 5394 (62)
699 5317 797 5394 Καὶ
829 5314 1251 5392 ἐπώνυμον.«Ει
1276 5314 1502 5381 nomen
1535 5314 1606 5381 ex
1639 5340 1707 5381 ea
1730 5321 2046 5384 ferentem.
2086 5348 2112 5379 ι

460 5394 561 5481 Sic
604 5393 719 5457 duo
748 5393 934 5481 Begg.
961 5396 1027 5458 In
1061 5396 1381 5481 ed._deest,
1417 5405 1525 5479 καί,
1554 5399 1836 5481 Intelligit
1865 5402 2119 5463 Athana-

458 5474 640 5558 sium,
674 5474 1090 5558 cujusnomen
1142 5479 1379 5543 ducitur
1408 5499 1479 5543 ex
1509 5474 1519 5479 ⁷
1550 5474 1783 5558 Graeco,
1838 5485 2113 5555 ἀθανασία,

464 5578 493 5611 α
528 5554 958 5620 immortalitas.
1002 5581 1026 5617 ii

455 5637 662 5792 mgni)
692 5644 922 5714 Σπαιρῖῖ·
953 5635 1097 5719 Βθεο
1134 5638 1257 5717 bm.
1292 5643 1504 5724 σκαίρῃ,
1541 5670 1571 5703 ι
1643 5644 1953 5728 tripudiet,
2012 5662 2111 5707 sa-

2207 5150 2309 5215 ubi
2333 5153 2417 5213 sic
2441 5151 2653 5212 vertit:
2694 5171 2723 5211 (
2756 5151 2925 5213 Alter
2982 5152 3053 5212 ad
3086 5152 3244 5213 idem
3276 5150 3624 5229 hospitium,
3660 5150 3750 5211 vel
3782 5151 3871 5211 ad

2203 5250 2421 5315 supera
2452 5230 2861 5309 migrationem
2896 5241 3024 5312 post
3056 5232 3264 5294 eadem
3289 5232 3617 5295 certamina
3638 5249 3875 5311 prope-—

2205 5327 2311 5377 rat.
2354 5338 2381 5369 ι

2284 5396 2399 5474 (65)
2430 5395 2555 5474 ’βπι
2589 5406 2706 5474 to}:
2735 5394 2921 5457 αὐτοὸς
2950 5394 3151 5459 ἄθλοις.
3215 5390 3315 5456 Sic
3365 5392 3546 5474 Begg.
3597 5390 3719 5452 bm.
3774 5390 3871 5451 hu

2202 5483 2259 5538 et
2285 5472 2402 5537 duo
2436 5472 2591 5536 Coisl
2645 5472 2710 5534 In
2736 5475 2862 5555 ed.,
2900 5477 2986 5531 ἐπὶ
3012 5482 3116 5531 τῶν
3148 5476 3317 5555 αὐτῶν
3338 5472 3549 5555 solum.

2287 5556 2411 5635 (66)
2499 5549 2859 5628 Σημιωθῆναι
2917 5556 3165 5623 θεότητα.
3238 5554 3376 5617 Bill.
3447 5576 3474 5607 cr
3548 5549 3881 5612 divinitate

2201 5636 2617 5698 multarentur.
2653 5658 2681 5690 »
2807 5657 2811 5661 υ
