4158 6450
348 260 471 326 249

1095 258 1376 326 ORATIO
1417 260 1697 325 XXXIV.
1732 291 1810 305 -
1840 262 1925 325 IN
1968 256 2491 325 IEGYPTIORUM
2534 262 3004 327 ADVENTUM.

3639 265 3759 330 250

359 417 512 479 τερον
541 402 735 482 εἰπεῖν,
770 402 806 469 ἡ
859 402 956 477 μὲν
1006 400 1133 481 ὑπὲρ
1176 400 1398 483 χρόνον,
1462 401 1496 468 ἡ
1552 398 1606 456 δὲ
1654 400 1756 457 ὑπὸ
1786 396 2004 480 χρόνον.

2108 394 2347 475 imperio
2373 394 2646 476 subjecta
2669 404 2727 458 et
2747 396 2995 463 caduca.
3026 400 3248 483 Atque,
3274 408 3338 463 ut
3359 398 3755 483 compendio-

366 488 622 547 Καλεϊται
654 488 709 547 δὲ
734 492 768 560 ἡ
804 492 928 573 μὲν,
962 492 1118 571 Θεὸς,
1177 492 1266 549 καὶ
1324 490 1379 547 ἐν
1430 491 1567 569 τρισὶ
1597 502 1715 553 τοῖς
1748 490 2020 568 μεγίστοις

361 578 604 661 ἵσταται,
642 583 814 657 αἰτίῳ,
862 584 950 639 καὶ
996 579 1328 659 δημιουργῷ,
1386 581 1473 636 καί
1534 578 1848 671 τελειοποιῳ
1883 594 1896 607 ·

362 672 525 749 Πατρί
554 655 721 749 λέγω,
875 676 951 745 τῷ
982 655 1116 746 Υἱῷ,
1170 655 1257 728 γαί
1306 676 1377 745 τῷ
1428 670 1560 748 ἁγίῳ
1612 665 1903 745 Πνεόματι,
1941 655 2017 721 ”Λ

362 760 502 833 μήτε
553 762 719 827 οὕτως
779 760 1030 832 ἀλλήλων
1065 761 1375 839 ἀπήρτηται
1416 759 1573 839 (79),
1620 762 1694 824 ὡς
1750 759 1899 838 φύσει
1932 778 2020 813 τεο

363 852 582 922 μνεσθαι
621 870 633 883 ·
668 852 807 926 μήτε
843 850 1012 915 οὕτως
1046 849 1331 908 ἐστὲνωται
1362 848 1511 929 (80),
1549 851 1624 915 ὡς
1656 851 1725 914 εἷς
1763 850 1817 908 ἓν
1847 870 2019 927 προσ-

361 961 508 995 ωπον
589 941 1050 1022 περιγράφεσθαι’
1137 942 1199 996 τὸ
1278 944 1345 1014 μὲ
1422 940 1523 1019 γὰρ
1578 944 1679 1007 τῆς
1735 938 2019 1017 Ἀρειανῆς

362 1032 579 1110 μανίας,
638 1033 700 1087 τὸ
755 1030 809 1087 δξ
869 1034 968 1098 τῆς
1029 1028 1454 1096 Σαϐελλιανικῆς
1488 1028 1608 1111 (81)
1637 1029 1819 1090 ἀθεΐας
1850 1029 2014 1084 ἔστιν’

362 1118 483 1175 ἀλλ’
532 1121 665 1201 ἔστι,
702 1127 809 1177 τῶν
840 1122 937 1196 μὲν
990 1120 1163 1201 φάντη
1214 1117 1488 1199 διαιρετῶν
1545 1117 1854 1201 ἐνικωτέρα,
1914 1123 2021 1173 τῶν

364 1209 419 1267 δὲ
475 1200 692 1276 τελείως
728 1208 847 1290 (82)
901 1200 1202 1281 μοναδικῶν
1255 1208 1614 1291 ἀφθονωτέρα,
1673 1200 1734 1265 Ἦ
1789 1206 1843 1264 δὲ
1903 1207 2019 1283 μεθ’

360 1302 516 1374 ἡμῶν
572 1299 630 1357 τέ
670 1299 807 1380 ἐστι,
854 1301 941 1357 καὶ
998 1298 1247 1356 καλεῖται
1292 1304 1484 1375 κτίσις,
1548 1296 1647 1354 κὲίν
1680 1294 1815 1353 ἅλλα
1846 1295 2021 1353 ἄλλων

362 1390 641 1469 ὑπεραίρῃ,
675 1391 810 1447 κατὰ
859 1390 957 1459 τὴν
1010 1387 1300 1467 ἀναλογίαν
1356 1393 1456 1456 τῆς
1512 1388 1643 1463 πρὸς
1699 1386 1828 1443 Θεὸν
1892 1383 2016 1467 (83)

362 1478 653 1557 ἐγγύτητος
664 1529 678 1543 ,

2106 486 2229 549 sius
2258 486 2451 549 adhuc
2482 488 2714 568 loquar,
2735 488 2922 551 altera
2952 509 3132 572 supra
3162 499 3394 573 tempus
3426 500 3539 567 est,
3571 490 3757 553 altera

2105 576 2357 657 tempori
2387 576 2610 639 subest.
2642 577 2908 642 Vocatur
2928 589 3126 642 autem
3152 580 3252 643 illa
3273 580 3543 659 quidem,
3570 580 3752 653 Deus,

2106 674 2164 727 et
2184 664 2247 727 in
2281 666 2469 728 tribus
2488 667 2763 729 maximis
2791 669 3085 751 consistit,
3111 670 3171 731 in
3200 688 3398 748 causa,
3428 670 3487 731 in
3512 670 3752 751 opiﬁce,

2105 756 2164 815 in
2198 755 2572 836 perfectore;
2610 757 2723 818 hoc
2757 766 2865 832 est,
2904 760 2962 820 in
3010 762 3204 835 Patre,
3242 760 3393 823 Filio
3428 769 3487 820 et
3533 757 3755 840 Spiritu

2105 854 2331 909 sancto.
2366 845 2479 918 Qui
2503 848 2744 927 quidem
2778 868 2889 910 nec
2910 849 2992 911 ita
3023 851 3179 913 inter
3202 870 3266 912 se
3295 849 3569 914 distracti
3592 857 3758 920 sunt,

2104 942 2167 996 ut
2188 944 2405 998 natura
2427 936 2817 998 scindantur:
2848 957 2959 1002 nec
2984 957 3187 1002 rursus
3213 941 3293 1002 ita
3316 941 3372 1001 in
3406 948 3634 1001 arctum
3660 956 3758 999 re-

2103 1023 2273 1085 dacta
2290 1034 2520 1101 natura,
2539 1034 2600 1087 ut
2621 1027 2681 1088 in
2701 1045 2878 1088 unam
2900 1028 3423 1093 circumscribatur
3440 1047 3751 1110 personam

2108 1112 2279 1192 (illud
2311 1114 2469 1176 enim
2507 1126 2596 1177 est
2625 1115 2842 1179 furoris
2871 1118 3100 1192 Ariani,
3129 1120 3242 1181 hoc
3264 1119 3619 1183 Sabellianm
3640 1118 3750 1179 im-

2105 1201 2357 1283 pietatis)
2380 1227 2394 1277 ;
2416 1205 2521 1267 sed
2547 1214 2609 1266 ut
2632 1208 2816 1286 magis
2833 1208 3152 1289 singularis
3170 1222 3284 1291 est,
3305 1228 3478 1288 quam
3504 1228 3595 1283 ea,
3622 1226 3757 1290 quae

2105 1292 2166 1352 in
2197 1292 2552 1355 divisionem
2587 1297 2830 1357 omnino
2851 1298 3091 1375 cadunt,
3116 1299 3195 1361 ita
3224 1298 3546 1380 copiosior,
3573 1315 3750 1379 quam

2104 1400 2175 1445 ea
2210 1401 2341 1464 qua;
2370 1402 2614 1464 prorsus
2642 1384 2968 1465 singularia
3018 1395 3180 1452 sunt.
3214 1388 3351 1451 Haec
3382 1406 3520 1450 vero
3570 1388 3760 1450 altera

2103 1471 2417 1534 nobiscum
2442 1480 2553 1546 est,
2575 1493 2643 1536 ac
2660 1484 2935 1538 creatura
2950 1478 3324 1560 nominatur;
3346 1476 3580 1540 tametsi
3600 1478 3759 1539 inter

2102 1580 2201 1624 res
2226 1571 2453 1624 creatas
2484 1563 2616 1626 aliae
2645 1562 2779 1628 aliis
2811 1564 3094 1646 dignitate
3124 1574 3427 1648 praestent,
3467 1574 3641 1648 prout
3678 1565 3758 1626 vi-

2105 1651 2320 1718 delicet
2344 1670 2593 1734 quaeque
2623 1652 2810 1717 Deum
2839 1657 3227 1738 propinquius
3255 1656 3511 1737 attingit.

442 1747 535 1811 ϐ’.
575 1748 789 1808 Τούτων
832 1747 887 1804 δὲ
927 1747 1097 1812 οὕτως
1150 1746 1412 1827 ἐχόντων,
1467 1745 1575 1821 ὅτῳ
1622 1767 1718 1822 μεν
1746 1746 1783 1813 ἡ
1838 1744 2015 1822 καρδία

2181 1743 2324 1803 624
2343 1742 2443 1806 ΙΧ.
2464 1742 2606 1815 Quae
2629 1763 2764 1805 cum
2798 1744 2878 1807 ita
2902 1764 2966 1808 se
2988 1746 3274 1829 habeant,
3300 1746 3351 1810 si
3386 1748 3520 1829 quis
3550 1761 3655 1808 cor
3679 1744 3755 1808 ad

362 1840 495 1917 πρὸς
528 1839 737 1918 Κύριον,
769 1838 876 1895 ’ίτω
936 1837 1055 1913 μεθ’
1112 1839 1291 1911 ἡμῶν,
1338 1836 1427 1892 καὶ
1484 1840 1861 1914 προσκυνῶμεν
1923 1836 2021 1903 τὴν

364 1928 486 2003 μίαν
531 1927 583 1984 ἐν
614 1940 733 1991 τοῖς
764 1930 901 2007 τρισὶ
958 1926 1214 2001 θεότητα,
1263 1925 1432 2002 μηδὲν
1473 1926 1858 1993 ταπεινότητος
1894 1926 2020 1982 ὅνο-

363 2040 440 2094 μα
482 2025 551 2096 τῇ
582 2019 852 2099 ἀπροσίτῳ
882 2017 1007 2095 δόξῃ
1038 2020 1424 2095 προσάγοντες,
1472 2013 1610 2073 ἀλλὰ
1657 2015 1752 2079 τὰς
1786 2015 2020 2091 ὑψώσεις

361 2116 455 2165 τοῦ
496 2110 613 2173 ἐνὸς
652 2117 783 2170 Θεοῦ
846 2108 900 2165 ἐν
944 2121 1061 2172 τοῖς
1095 2109 1225 2187 τρισὶ
1257 2104 1548 2168 διαπαντὸς
1577 2106 1635 2161 ἓν
1664 2112 1741 2180 τῷ
1797 2103 2021 2184 λάρυγγι

358 2199 627 2278 φέροντες.
664 2187 763 2265 Ἠς
795 2200 894 2278 γὰρ
926 2195 1041 2258 οὐδὲ
1102 2195 1325 2276 μέγεθος
1390 2195 1597 2276 φύσεως
1644 2196 1834 2275 κυρίως
1879 2194 2021 2251 ἔστιν

357 2290 555 2369 εἰπεῖν,
587 2286 672 2346 διὰ
714 2290 775 2346 τὸ
823 2288 1039 2368 ἄπειρον
1098 2287 1188 2343 καὶ
1245 2286 1514 2364 ἀόριστον,
1556 2290 1672 2350 πῶς
1716 2284 1885 2362 ταύτῃ
1916 2307 2017 2341 τα-

501 2378 511 2398 o
540 2366 549 2369 ⁷
884 2376 915 2397 σν
952 2366 958 2368 ⁷
1166 2366 1201 2403 ει
1459 2375 1473 2393 ς
1901 2372 1924 2393 τι

360 2400 655 2445 πεινοτητα
703 2378 1101 2453 ὲπεισαςομεν;
1211 2386 1369 2440 Οστις
1427 2372 1481 2429 δε
1535 2373 1826 2452 ἀλλοτρίως
1901 2396 2019 2455 εχει

360 2474 518 2541 Θεοῦ,
565 2469 652 2524 καὶ
682 2465 767 2524 διὰ
795 2474 950 2525 τοῦτο
981 2465 1159 2542 τέμνει
1216 2465 1316 2533 τὴν
1361 2464 1483 2541 μίαν
1528 2464 1615 2520 καὶ
1667 2465 1797 2544 ὑπὲρ
1848 2464 2019 2521 πάντα

361 2556 427 2613 τὰ
455 2554 580 2612 ὄντα
610 2557 729 2631 (84)
756 2557 932 2613 οὒσίαν
963 2558 1035 2619 εἰς
1087 2555 1378 2623 ἀνισότητα
1428 2554 1657 2631 φύσεων,
1692 2555 2015 2629 θαυμαστὸν,

360 2646 405 2701 εὶ
451 2646 529 2713 μη
573 2651 642 2722 τῇ
683 2647 917 2725 ῥομφαίᾳ
962 2646 1319 2721 τμηθήσεται,
1396 2647 1482 2701 καὶ
1530 2645 1590 2701 τὸ
1640 2654 1799 2721 μερός
1860 2642 2019 2703 αὖ)τοῦ

364 2736 501 2810 μετά
557 2742 665 2792 τῶν
724 2736 960 2792 ἀπίστων
1028 2736 1330 2815 τεθήσεται,
1391 2736 1627 2813 πονηρὸν
1697 2733 2020 2813 δρεπομένου

359 2832 598 2893 πονηρᾶς
630 2824 787 2892 δόξης
821 2826 1048 2904 καρπὸν,
1082 2826 1169 2883 καὶ
1198 2834 1284 2885 νῦν
1313 2826 1401 2882 καὶ
1428 2822 1667 2901 ὕστερον.

2105 1831 2425 1895 Dominum
2446 1832 2644 1913 habet,
2663 1833 2976 1897 nobiscum
2990 1836 3556 1918 jungatur67,atque
3572 1853 3753 1897 unam

2105 1920 2167 1983 in
2200 1922 2389 1984 tribus
2411 1922 2688 2004 personis
2708 1923 3003 1988 Deitatem
3027 1926 3370 2003 adoremus,
3400 1926 3628 1989 nullum
3656 1925 3761 1988 hu-

2107 2010 2375 2074 militatis
2400 2030 2620 2073 nomen
2643 2012 3045 2076 inaccessibili
3069 2016 3275 2095 gloriae
3292 2015 3758 2096 tribuentes,sed

2107 2102 2286 2164 unins
2307 2100 2415 2164 Dei
2435 2103 2495 2162 in
2516 2101 2704 2165 tribus
2723 2106 3000 2184 personis
3027 2106 3414 2169 exaltationes
3435 2124 3676 2188 semper
3698 2105 3758 2166 in

2104 2199 2342 2270 gutture
2371 2190 2635 2254 ferentes
2655 2192 2739 2252 68.
2768 2193 2952 2273 Cujus
2985 2194 3145 2256 enim
3179 2214 3256 2257 ne
3290 2195 3757 2275 magnitudinem

2105 2280 2350 2361 quidem
2376 2290 2871 2363 naturae,propter
2893 2282 3185 2346 inﬁnitam
3206 2293 3265 2349 et
3283 2285 3465 2348 nullis
3490 2283 3768 2346 terminis

2104 2370 2395 2432 inclusam
2418 2370 2613 2452 ipsius
2638 2373 2775 2452 vim,
2803 2373 3042 2453 proprie
3064 2373 3265 2436 dicere
3289 2391 3760 2455 possumus,quo

2105 2460 2345 2522 tandem
2380 2460 2554 2522 modo
2586 2460 2699 2542 ipsi
2728 2462 3127 2526 humilitatem
3151 2463 3506 2526 inducemus
3530 2462 3561 2523 ?
3583 2463 3758 2537 Qnis—

2104 2550 2237 2631 quis
2259 2558 2457 2613 autem
2473 2568 2507 2612 a
2523 2552 2649 2614 Deo
2671 2552 2903 2613 alienus
2922 2556 2983 2616 et
3001 2571 3252 2615 aversus
3271 2562 3383 2632 est,
3404 2552 3480 2617 ob
3505 2571 3763 2634 eamque

2103 2658 2551 2721 causam,uuam
2577 2641 2740 2702 illam
2762 2640 3064 2724 rebusque
3083 2643 3361 2706 omnibus
3386 2643 3757 2724 superiorem

2103 2730 2428 2792 essentiam
2460 2730 2518 2790 in
2551 2730 2822 2812 dispares
2852 2740 3096 2794 naturas
3120 2732 3350 2815 dividit,
3377 2733 3591 2794 mirum
3617 2749 3761 2793 sane

2104 2820 2308 2901 fuerit,
2334 2820 2385 2883 si
2419 2840 2537 2882 non
2562 2822 2689 2902 ipse
2718 2821 2917 2901 gladio
2941 2821 3263 2894 dividatur,
3293 2840 3547 2904 parsque
3573 2820 3760 2903 ipsius

2104 2928 2237 2971 cum
2261 2910 2607 2973 inﬁdelibus
2624 2911 3225 2994 ponatur69,pravum
3241 2930 3437 2995 pravae
3449 2910 3763 2975 sententiae

2103 3000 2387 3075 fructum,
2425 3008 2483 3062 et
2514 3020 2695 3066 nunc.
2731 3010 2789 3064 et
2816 3010 3020 3083 postea
3056 3003 3467 3084 percipientis.

441 3094 531 3153 ιί.
580 3096 705 3173 Περὶ
737 3094 836 3171 μὲι
879 3094 980 3173 γὰρ
1011 3101 1103 3151 τοῦ
1135 3094 1364 3174 Πατρὸς,
1398 3093 1448 3150 τί
1476 3093 1587 3173 χρὴ
1614 3093 1703 3149 καὶ
1732 3091 1929 3172 λέγειν,
1962 3102 2015 3153 οὗ

2185 3090 2264 3153 Χ.
2289 3090 2374 3152 Ac
2398 3090 2473 3153 de
2494 3092 2668 3154 Patre
2692 3093 2959 3173 quidem,
2987 3093 3131 3173 quid
3157 3093 3358 3158 dicere
3377 3111 3623 3155 necesse
3644 3099 3758 3165 est,

358 3185 446 3243 καί
512 3186 573 3242 τὸ
630 3186 773 3264 παρὰ
833 3185 1046 3241 πάντων
1099 3184 1523 3264 συγκεχωρηκὸς
1587 3181 1845 3262 φείδεσθαι
1886 3182 2011 3262 (85)

357 3288 480 3340 ταῖς
537 3287 786 3354 φυσικαῖς
829 3275 1054 3337 ’ἐννοίαις
1109 3271 1660 3353 προκατειλημμένων
1716 3272 1898 3352 (86);
1961 3274 2020 3331 Εἰ

358 3366 448 3422 καὶ
492 3369 587 3431 τῆς
634 3364 846 3439 ἀτιμίας
894 3364 959 3421 τὰ
988 3370 1174 3443 πρῶτα
1231 3363 1523 3441 ἡνέγκατο,
1556 3364 1767 3439 πρῶτος
1798 3363 2019 3436 τμηθεὶς

358 3453 676 3532 εἷς’Λγαθὸν
701 3455 788 3509 καὶ
822 3454 1159 3530 Δημιουργὸν
1192 3450 1325 3531 (87)
1354 3452 1497 3531 παρὰ
1528 3455 1625 3517 τῆς
1660 3449 1888 3531 ἀρχαίας
1904 3473 2021 3507 και-

354 3545 629 3618 νοτομίας,
664 3544 788 3623 Περὶ
820 3540 873 3598 δὲ
905 3548 997 3599 τοῦ
1049 3543 1195 3621 Υἱοῦ,
1248 3544 1337 3598 καὶ
1383 3539 1476 3597 τοῦ
1509 3541 1660 3617 ἁγίου
1692 3540 2017 3616 Πνεόματος,

354 3645 611 3692 σκοπεῖτε
656 3634 729 3698 ὡς
775 3631 960 3697 ἁπλῶς
1016 3632 1104 3688 καὶ
1195 3633 1475 3707 συντόμως
1533 3627 1917 3702 διαλεξώμεθα.
1967 3633 2022 3687 Εἰ

355 3722 453 3801 μέν
484 3745 565 3787 τις
597 3722 720 3803 ἔχοι
750 3723 948 3779 τούτων
980 3744 1029 3777 τι
1060 3719 1236 3800 λέγειν
1294 3719 1426 3801 (88)
1468 3720 1692 3799 τρεπτὸν
1723 3719 1758 3787 ἢ
1782 3718 2021 3777 ἀλλοιωο

350 3816 467 3894 τὸν,
528 3813 565 3882 ἢ
623 3812 829 3894 χρόνῳ,
878 3811 913 3880 ἢ
958 3813 1131 3884 τόπῳ,
1178 3811 1213 3878 ἢ
1258 3808 1500 3889 δυνάμει,
1547 3810 1583 3877 ἢ
1636 3807 1871 3888 ἐνεργείᾳ
1916 3831 2022 3885 με-

351 3905 662 3984 τρούμενον,
698 3903 734 3972 ἢ
786 3907 846 3962 οὒ
901 3902 1133 3983 (postrch
1186 3901 1404 3979 ἀγαθὸν,
1456 3900 1492 3969 ἢ
1523 3903 1617 3958 οὒκ
1649 3898 2017 3975 αὐτοκίνητον,

354 3994 391 4061 ἢ
421 3996 517 4051 οὒκ
545 3992 899 4067 αὒτεξούσιον,
936 3992 973 4060 ἢ
1003 3990 1332 4071 λειτουργὸν,
1387 3990 1423 4059 ἢ
1454 3987 1720 4066 ὑμνῳδὸν,
1757 3988 1791 4057 ἢ
1822 3987 2019 4068 φοϐού-

357 4104 539 4157 μενον,
599 4082 636 4151 ἢ
710 4082 1172 4160 ὲλευθεροόμενον,
1258 4080 1294 4148 ἢ
1372 4084 1432 4139 οὒ
1489 4078 1971 4157 συναριθμοόμενον
2002 4105 2019 4125 ο

356 4170 608 4247 δεικνύτω
662 4179 841 4246 τοῦτο,
915 4172 1003 4227 καὶ
1089 4172 1253 4245 ἡμεῖς
1341 4169 1649 4248 στέρξομεν,
1726 4165 2018 4226 συνδούλων

2104 3180 2198 3241 cui
2218 3199 2335 3241 uno
2349 3199 2646 3244 consensu
2660 3183 3276 3259 omnes,naturalibus
3293 3183 3478 3245 animi
3497 3181 3763 3244 notioni-

2103 3269 2214 3331 bus
2229 3270 2428 3334 edocti
2449 3280 2628 3352 atque
2643 3272 3141 3354 imbuti,parcunt
3158 3272 3546 3354 ?Quanquam
3571 3272 3748 3333 etiam

2106 3359 2328 3439 primas
2345 3360 2689 3440 ignominiae
2707 3363 3075 3444 tulit,utpote
3090 3363 3192 3444 qui
3208 3362 3508 3445 primusin
3526 3364 3760 3426 Bonum

2107 3459 2166 3512 et
2188 3452 2480 3531 Opificem
2513 3470 2545 3511 a
2569 3453 2779 3531 priscis
2806 3453 3189 3516 novatoribus
3214 3454 3511 3515 dissectus
3534 3461 3649 3516 est.
3678 3451 3764 3514 De

2106 3540 2256 3603 Filio
2282 3549 2480 3603 autem
2507 3550 2566 3603 et
2591 3542 2821 3623 Spiritu
2850 3553 3082 3624 sancto,
3111 3544 3305 3606 videte
3328 3560 3505 3625 quam
3539 3542 3766 3625 simpli-

2107 3630 2258 3693 citer
2290 3640 2348 3694 et
2370 3631 2634 3693 breviter
2674 3632 3065 3698 disseramus.
3096 3632 3157 3696 Si
3186 3633 3321 3711 quis
3354 3634 3566 3694 horum
3591 3633 3767 3695 alter-

2108 3722 2429 3801 utrum,vel
2454 3723 2831 3783 conversioni
2855 3731 2955 3785 aut
2977 3722 3293 3785 mutationi
3311 3722 3687 3791 subesse,vel
3704 3723 3765 3785 in

2107 3811 2419 3892 temporis,
2456 3820 2553 3873 aut
2606 3812 2745 3886 loci,
2779 3820 2879 3873 aut
2910 3813 3208 3894 potentiae,
3246 3821 3347 3874 aut
3395 3813 3768 3891 operationis

2106 3918 2452 3962 mensuram
2487 3901 2726 3977 cadere,
2754 3902 2842 3963 vel
2877 3921 2995 3964 non
3026 3911 3234 3964 natura
3256 3902 3502 3976 bonum,
3531 3901 3615 3964 vel
3644 3921 3762 3963 non

2107 4008 2213 4070 per
2228 4008 2293 4052 se
2318 3991 2567 4070 moveri,
2598 3991 2684 4053 vel
2709 3991 2936 4053 arbitrii
2968 3992 3241 4055 libertate
3264 4010 3491 4064 carere,
3524 3991 3608 4053 vel
3644 3992 3759 4053 mi-

2108 4080 2485 4154 nistrum,vel
2502 4080 2715 4144 divinae
2733 4081 2928 4144 laudis
2946 4081 3373 4157 cantorem,vel
3399 4089 3761 4143 metuentem

2111 4170 2196 4230 vel
2218 4167 2494 4233 libertate
2517 4171 2825 4247 donatum,
2842 4174 2933 4235 vel
2955 4193 3073 4235 non
3095 4173 3275 4236 simul
3299 4190 3441 4238 Cum
3465 4173 3635 4235 Patre
3657 4191 3761 4234 nu-

354 4242 643 4337 σεμνότητι
701 4242 1065 4337 δαξαξόμενοι,
1112 4242 1157 4316 εἰ
1226 4262 1315 4316 καὶ
1360 4242 1491 4315 Θεὸν
1531 4242 1889 4333 (ζημιούμεθα.
1956 4262 2015 4317 Εἰ

2108 4260 2630 4335 meratum,dicere
2654 4242 2851 4342 potest
2874 4281 2889 4339 ;
2911 4263 3024 4324 hoc
3040 4262 3342 4339 ostendat,
3364 4270 3425 4324 et
3446 4261 3765 4343 acquiesce

433 4380 496 4432 67
525 4379 712 4445 Exod.
738 4396 923 4455 xxm,
958 4379 1063 4445 26.
1147 4379 1213 4431 68
1248 4378 1406 4443 Psal.
1441 4394 1639 4454 cxux,
1675 4379 1736 4440 6.
1823 4378 1888 4431 69
1916 4378 2059 4442 Luc.
2093 4396 2199 4459 xu,
2226 4380 2327 4443 46.

437 4503 558 4579 (79)
586 4502 952 4583 Ἀπηρτηται.
998 4502 1181 4567 Cois].
1228 4505 1289 4578 1,
1350 4502 1599 4583 διῂρηται
1636 4503 1723 4583 ,ὡς
1774 4503 1847 4566 εἰς
1894 4505 2010 4583 τρία

350 4585 551 4666 ἔκφυλα
581 4586 667 4641 καὶ
714 4582 971 4666 ἀλλότρια
1012 4587 1317 4666 τέμνεσθαι·
1388 4608 1415 4639 α
1450 4582 1581 4645 Non
1628 4582 1705 4666 ita
1760 4582 2011 4666 interse

351 4662 737 4739 dirimuntur,
765 4674 828 4727 ut
858 4662 920 4727 in
953 4674 1073 4726 tres
1104 4664 1372 4727 diversas
1405 4672 1582 4744 atque
1612 4662 1837 4725 alienas
1859 4664 2012 4726 divi-

348 4747 574 4810 dantur
603 4754 870 4809 naturas.
911 4768 934 4804 ι
970 4744 1035 4807 In
1072 4744 1378 4808 nonnullis
1407 4746 1707 4822 ἀπῄρηται.

428 4828 553 4909 (80)
578 4830 735 4909 ,Μήτε
795 4827 964 4909 οὕτως
996 4828 1316 4909 ἑστὲνωται,
1353 4834 1466 4888 etc.
1518 4824 1772 4909 Nempe,
1807 4824 2008 4883 δεσπο-

345 4906 482 4983 τεία,
523 4906 953 4988 idominatio,‘
991 4907 1052 4969 id
1087 4918 1201 4983 est,
1242 4931 1269 4963 α
1306 4916 1516 4968 natura
1542 4906 1772 4988 divina,
1806 4927 1834 4966 ι
1875 4924 2006 4988 seu,

354 5010 379 5046 ιι
416 4987 699 5051 essentia.
734 5012 763 5045 ι
787 4986 1086 5052 δίοθιὶειπι
1109 4988 1182 5050 ad
1217 4996 1488 5049 naturam
1522 4986 1809 5062 divinam,
1844 4986 2005 5049 refe-

348 5068 536 5150 renda
561 5077 699 5150 sunt
738 5068 1053 5150 sequentia
1108 5068 1312 5148 verba,
1347 5068 1653 5150 ἒνικωτέρα,
1689 5073 1749 5128 et
1771 5068 2009 5147 ᾇφθονω-

353 5148 498 5227 τέρα.
534 5150 664 5213 Νοη
688 5148 844 5212 bene
875 5149 1088 5213 Billius
1114 5150 1187 5211 ad
1214 5167 1500 5228 personas
1530 5148 1740 5221 refert,
1775 5166 1911 5224 quae
1934 5156 2011 5210 de

345 5237 691 5302 natura,seu
714 5232 975 5293 essentia
996 5229 1199 5293 divina
1220 5229 1605 5309 intelligenda
1629 5228 2007 5290 manifestum

340 5318 452 5392 est;
487 5318 667 5392 atque
697 5312 900 5392 etiam,
935 5319 999 5374 ut
1029 5310 1590 5392 itaintelligantur,
1627 5328 1769 5392 sana
1798 5317 2007 5392 postu-

338 5389 781 5472 lat’theologia.
820 5391 920 5455 Sic
944 5391 1102 5455 enim
1140 5391 1336 5453 locum
1365 5389 1637 5472 vertit:_«
1674 5391 1798 5472 Nec
1830 5389 1909 5452 ita
1944 5392 2005 5451 in

337 5479 564 5554 arctum
597 5469 925 5554 redacti,ut
946 5473 1009 5535 in
1040 5489 1221 5535 unam
1253 5469 2004 5554 personamincludantur,

333 5560 396 5616 et
449 5550 1099 5618 circumscribantur...
1159 5550 1269 5615 sed
1328 5560 1392 5614 ut
1438 5550 1626 5631 magis
1676 5551 2008 5630 singulares

337 5645 501 5728 sunt,
535 5652 713 5715 quam
747 5653 982 5728 eaquae
1006 5634 1068 5697 in
1093 5633 1451 5728 divisionem
1481 5631 1731 5696 omnino
1760 5632 1998 5705 cadunt,

2175 4500 2299 4582 (81)
2329 4498 2776 4570 Σαϐελλιανικῆς.
2811 4500 2938 4564 Duo
2999 4502 3185 4582 Regg.
3223 4509 3283 4564 et
3312 4500 3521 4564 Comb.
3558 4500 3767 4559 Σαϐελ-

2096 4584 2314 4649 λιανῆς.

2181 4661 2306 4744 (82)
2341 4662 2591 4727 Τελείως.
2627 4662 2808 4726 COiSi.
2852 4664 2871 4726 1
2914 4670 2973 4723 et
3001 4661 3241 4739 Gomb.,
3273 4659 3577 4725 παντελῶς,

2184 4745 2315 4825 (83)
2343 4746 2480 4824 Πρὸς
2515 4744 2679 4825 Θεόν-,
2700 4746 2762 4807 In
2794 4744 3125 4825 nonnullis,
3141 4744 3285 4825 πρὸς
3319 4746 3410 4801 τὸν
3445 4745 3597 4802 Θεόν.

2178 4822 2308 4904 (84)
2342 4822 2418 4883 Τὰ
2448 4825 2597 4887 ὄντα.
2633 4822 2770 4886 Hac
2794 4824 3012 4886 desunt
3043 4825 3103 4886 in
3141 4822 3291 4903 Reg.
3325 4842 3382 4885 a.

2093 4984 2121 5042 δ
2180 4904 2313 4986 (85)
2342 4904 2638 4969 Φείδεσθαι.
2690 4904 2833 4984 Reg.
2890 4925 2944 4981 a,
2979 4904 3164 4969 Coisl.
3202 4906 3229 4967 1
3290 4914 3350 4967 et
3380 4903 3620 4985 Comb,
3656 4910 3763 4989 φεί-

2124 5009 2264 5042 εται.

2124 5009 2264 5044 εται.

2178 5066 2297 5147 (86)
2352 5066 2941 5147 Προκατειλημμὲνων.
3006 5068 3071 5129 In
3131 5066 3465 5141 nonnullis,
3525 5068 3764 5135 ἡττημέ-

2097 5146 2226 5219 νων,
2282 5172 2304 5203 c
2344 5146 2509 5208 victi.
2540 5172 2568 5204 ι

2208 5227 2307 5309 87)
2340 5230 2427 5286 Εἷς
2476 5228 2702 5309 Ἀγαθὸν
2746 5232 2833 5287 καὶ
2881 5234 3242 5306 Δτιμιοοργὸν.
3300 5250 3328 5309 ς
3396 5228 3460 5289 In
3510 5226 3759 5309 _B_onum

2093 5316 2153 5391 e_t
2175 5305 2693 5391 Ορξζίεθιῃωξῡιιο
2719 5310 3016 5391 principia
3043 5305 3279 5391 veteres
3312 5305 3614 5391 haeretici,
3640 5327 3764 5371 ma-

2092 5386 2252 5451 xime
2268 5386 3399 5469 Marcionitaconstitu'ebant,alterum
3428 5408 3450 5443 α
3465 5386 3583 5469 bon
3592 5406 3716 5465 um,
3731 5416 3756 5446 ι

2092 5470 2342 5533 alterum
2381 5470 2704 5532 «malum.»
2740 5473 2857 5534 Per
2892 5492 2920 5531 ε
2943 5468 3229 5545 malum,»
3264 5485 3469 5530 rerum
3499 5468 3759 5534 etiecto-

2090 5567 2259 5631 rem,
2279 5549 2628 5631 δημιουργόν,
2664 5550 3102 5631 intelligebant.

3204 5628 3451 5715 quidem
3482 5630 3761 5703 melioris

338 5712 423 5798 ita
439 5710 650 5798 rursus
669 5710 1040 5796 capiosiores
1069 5722 1229 5794 sunt,
1262 5732 1449 5797 quam
1479 5732 1572 5793 ea,
1596 5731 1728 5795 qua
1759 5730 2005 5796 prorsus
2087 5710 2369 5777 notae.'In
2401 5710 2603 5789 editis,
2638 5710 2810 5798 λέγοι.

331 5793 662 5879 singularia
691 5793 851 5862 sunt.
