4158 6428
386 542 3664 568 mm

305 399 422 469 257
1323 392 1604 466 ORATIO
1647 395 1892 466 XXXV.
1949 436 2018 446 —
2065 402 2160 465 DE
2206 399 2708 467 MARTYRIBUS
3576 408 3694 475 258

802 664 1165 751 ΛΟΓΟΣ
1237 665 1444 750 ΛΕ’.

2486 667 2901 754 ORATIO
2969 663 3172 748 XXXV
3201 658 3257 761 ⁸,

546 799 630 858 Εἷς
664 799 783 861 τοὺς
818 799 1106 877 μάρτυρας,
1142 798 1228 853 καὶ
1258 798 1394 853 κατᾶ
1423 796 1733 876 Ἀρειανῶν.

2261 801 2341 862 De
2368 803 2769 883 martyribus,
2805 813 2861 866 et
2892 804 3182 866 adversus
3215 807 3490 871 Arianos

398 913 463 964 Α.
499 905 558 960 Τί
600 911 850 963 τοσοῦτον
910 901 1053 958 ἔστιν
1101 903 1301 977 εἰπεῖν,
1338 899 1459 958 ὅσον
1510 914 1627 964 τοῖς
1677 899 1974 980 ὀφθαλμοῖς

319 994 540 1073 πάρεστι
572 993 791 1070 βλέπειν
827 1010 843 1068 ;

891 994 979 1057 Τίς
1046 991 1100 1047 δὲ
1153 990 1313 1068 λόγος
1347 989 1467 1070 (18)
1501 989 1607 1045 τῶν
1638 991 1974 1070 φαινομένων

318 1084 530 1162 ἀγαθῶν
572 1084 929 1164 ἷσοστάσιοςς
992 1079 1122 1138 Ἰδοὺ
1179 1082 1453 1160 πρόκειται
1498 1094 1617 1145 τοῖς
1675 1079 1971 1159 ὀφθαλμοῖς

319 1176 474 1249 ἡμῶν
518 1176 578 1229 τὸ
625 1174 1011 1249 ἀπιστούμενον
1067 1171 1260 1250 θέαμα³
1311 1172 1338 1226 ὃ
1382 1173 1468 1226 καὶ
1519 1171 1644 1246 (19)
1693 1169 1827 1226 ἶδεῖν
1875 1170 1973 1246 μὲν

318 1261 580 1324 πολλάκις
611 1261 909 1342 ηὐξάμεθα²
969 1273 1215 1338 κρεῖττον
1268 1257 1321 1314 δὲ
1379 1261 1445 1326 ἧν
1477 1259 1512 1326 ἢ
1544 1260 1661 1315 κατ’
1694 1259 1862 1338 εὐχὴν
1913 1261 1974 1314 τὸ

317 1354 668 1428 ποθούμενον,
732 1351 900 1406 Πάλιν
963 1351 1182 1407 ἐνταῦθα
1247 1351 1523 1428 μαρτύρων
1585 1350 1758 1428 τιμαὶ³
1811 1347 1974 1404 πολὺν

318 1441 422 1510 ἤδη
454 1445 544 1498 τὸν
575 1442 678 1519 πρὸ
709 1441 898 1498 τούτου
933 1439 1128 1521 χρόνον
1161 1438 1520 1515 ἀμεληθεῖσαι
1555 1454 1568 1467 ⁸
1605 1438 1764 1494 πάλιν
1796 1437 1974 1514 ἱερέων

321 1534 454 1589 Θεοῦ
484 1530 768 1610 συνδρομαί
805 1547 818 1561 ’
883 1530 1041 1591 πάλιν
1089 1529 1437 1609 χοροστασίαι
1495 1529 1582 1583 καὶ
1653 1527 1975 1606 πανηγύρεις

321 1621 699 1697 πνευματικαί.
768 1611 824 1677 Ὀ
887 1618 1145 1697 σύλλογος
1207 1616 1615 1696 πολυὰνθρωπος
1689 1618 1974 1695 ἑορτάζειν,

322 1713 427 1792 οὐχ
470 1709 818 1790 ὁπλομαχεῖν
861 1710 1312 1788 προθυμούμενος.
1379 1697 1458 1762 ’Ὠ
1522 1714 1613 1764 τοῦ
1662 1709 1924 1782 θαύματος
1958 1726 1975 1744 ο

323 1801 564 1880 ἕρῤιπται
623 1801 730 1857 τῶν
777 1805 978 1880 χειρῶν
1022 1801 1086 1855 τὰ
1130 1798 1297 1874 ὅπλα,
1344 1797 1557 1854 λέλυται
1602 1800 1636 1866 ἡ
1669 1796 1975 1876 παρατάξις,

321 1891 603 1966 ἀμελεῖται
663 1893 690 1946 ὁ
733 1889 993 1966 πόλεμος.
1059 1889 1165 1946 Ούκ
1225 1886 1300 1943 ἔτι
1347 1889 1397 1942 αἱ
1438 1889 1605 1966 φωναὶ
1635 1893 1741 1942 τῶν
1771 1885 1977 1941 ἀλαλα-

321 1981 517 2052 ζόντων
547 1981 826 2037 ἀκούονται
862 1994 877 2008 '
939 1979 1058 2035 ἀντὶ
1118 1975 1170 2032 δὲ
1202 1978 1405 2034 τούτων
1438 1978 1632 2056 ἑορταὶ,
1668 1979 1754 2032 καὶ
1785 1977 1977 2054 εὐφρο-

2140 897 2182 957 I.
2206 896 2356 970 Quid
2381 904 2609 958 tantum
2635 898 2752 959 dici
2780 907 3284 980 potest,quantum
3309 902 3497 964 oculis
3521 920 3699 966 usur-

2060 1004 2199 1065 pare
2235 987 2368 1047 licet
2400 993 2427 1050 ?
2458 986 2737 1059 Quaanam
2767 998 2962 1048 autem
2997 989 3210 1062 oratio,
3245 1009 3376 1051 cum
3407 991 3498 1053 his
3531 993 3703 1054 bonis

2059 1093 2190 1154 quae
2210 1077 2638 1156 conspicimus,
2663 1079 2997 1158 comparari
3024 1082 3258 1158 potest?
3276 1078 3363 1140 En
3386 1083 3575 1143 oculis
3601 1103 3704 1144 no-

2057 1165 2565 1229 strisincredibile
2581 1168 3526 1251 proponiturspectaculum,quod
3546 1191 3706 1253 saape

2057 1255 2299 1334 quidem
2332 1257 2538 1318 videre
2572 1259 2925 1338 optavimus,
2956 1259 3278 1338 expetitum
3312 1271 3531 1336 autem,
3573 1273 3704 1325 vota

2058 1363 2294 1424 quoque
2319 1345 2690 1407 excedit.Hic
2709 1365 2918 1407 rursus
2943 1347 3209 1408 defertur
3231 1351 3583 1431 martyribus
3600 1353 3704 1414 ho-

2060 1451 2190 1503 nor,
2219 1433 2321 1512 qui
2347 1435 2521 1513 longo
2530 1435 2654 1514 jam
2684 1436 2968 1514 temporis
2992 1437 3180 1515 spatio
3206 1438 3513 1515 neglectus
3536 1450 3660 1502 erat
3686 1460 3700 1516 ;

2059 1541 2266 1584 rursus
2290 1523 2397 1584 Dei
2422 1526 2797 1588 sacerdotnm
2824 1544 3150 1586 concursus
3176 1549 3192 1600 ;
3218 1547 3425 1588 rursus
3449 1530 3707 1610 tripudia

2061 1621 2117 1673 et
2140 1613 2480 1692 spirituales
2501 1613 3218 1696 celebritates.Frequens
3239 1616 3334 1679 hic
3355 1629 3701 1696 conventus,

2063 1722 2180 1763 non
2201 1702 2271 1762 ad
2299 1722 2461 1764 arma
2488 1705 2799 1779 movenda,
2831 1704 2935 1766 sed
2958 1705 3028 1766 ad
3057 1706 3214 1766 diem
3239 1706 3450 1768 festum
3476 1709 3706 1787 agitan-

2062 1793 2200 1854 dum
2225 1803 2532 1874 promptus
2549 1812 2616 1855 ac
2631 1802 2867 1875 paratus
2881 1806 2988 1858 est.
3009 1793 3055 1856 Ο
3080 1795 3288 1874 ingens
3307 1798 3708 1862 miraculum?

2063 1886 2249 1945 Arma
2278 1902 2309 1944 e
2338 1882 2614 1944 manibus
2657 1886 2924 1964 projecta
2973 1893 3133 1958 sunt,
3163 1885 3354 1947 soluta
3384 1897 3473 1948 est
3523 1889 3708 1960 acies,

2066 1973 2204 2033 belli
2237 1991 2378 2035 cura
2407 1972 2708 2052 abjicitnr.
2744 1975 2875 2035 Non
2903 1974 3024 2053 jam
3059 1974 3313 2054 amplius
3355 1977 3707 2039 ululantium

326 2072 499 2145 σύναι,
564 2071 651 2127 καὶ
696 2070 954 2149 εἰρηνικαὶ
1007 2065 1252 2143 θυμηδίαι
1315 2067 1415 2134 τὴν
1459 2066 1614 2124 πόλιν
1660 2074 1833 2123 πᾶσαν
1876 2088 1978 2122 πε-

2076 2082 2234 2124 voces
2264 2063 2626 2144 audiuntur;
2660 2073 2867 2124 contra
2898 2083 3055 2140 vero,
3091 2065 3258 2141 festa,
3297 2074 3354 2128 et
3383 2068 3620 2146 gaudia,
3654 2078 3714 2130 et

322 2163 657 2241 ριχορεύοοσι
696 2180 709 2193 °
773 2161 869 2228 τὴν
934 2157 1099 2215 πάλαι
1160 2157 1258 2233 μὲν
1316 2158 1476 2214 οὖσαν
1533 2164 1638 2214 τῶν
1705 2158 1979 2236 μαρτύρων

322 2253 556 2331 μητέρα’
615 2249 782 2308 πολὺν
816 2247 869 2304 δὲ
927 2250 1019 2305 τὸν
1069 2251 1124 2303 ἓν
1175 2254 1251 2322 τῷ
1305 2248 1452 2323 μέσῳ
1486 2248 1702 2327 χρόνον,
1762 2247 1980 2326 ἄμοιρον

321 2341 617 2419 γενομένην
675 2345 771 2406 τῆς
836 2339 922 2395 ἐπι
983 2352 1095 2399 τοῖς
1170 2338 1376 2402 τέκνοις
1434 2345 1616 2410 τιμῆς,
1681 2336 1844 2394 Ἀλλὰ
1894 2339 1980 2394 νῦν

324 2431 522 2512 ὰπέχει
573 2429 747 2487 πάντα
799 2431 886 2485 καὶ
943 2430 1263 2507 περισσεύει,
1319 2428 1492 2492 καθώς
1539 2452 1699 2507 φησιν
1733 2431 1760 2486 ὁ
1809 2427 1978 2486 Ἀπόο

323 2521 538 2583 στολος.
589 2520 744 2598 Εὖγε,
819 2521 869 2576 ὦ
920 2519 1179 2597 μάρτυρες
1213 2534 1228 2550 ⁸
1283 2519 1532 2594 ὑμέτερος
1598 2522 1686 2576 καὶ
1747 2519 1896 2582 οὗτος
1954 2521 1981 2575 ὁ

325 2609 480 2672 ἆθλος
515 2627 530 2643 ⁶
567 2609 724 2684 ὑμεῖς
755 2611 1063 2678 νενικήκατε
1096 2609 1186 2664 τὸν
1236 2607 1402 2666 πολὺν
1450 2633 1488 2665 π
1509 2607 1710 2685 ῗλεμον,
1745 2609 1800 2665 εὗ
1831 2607 1977 2670 οἶδα,

331 2700 478 2756 Mdv:
537 2701 626 2755 καὶ
667 2699 832 2755 ταῦτα
880 2697 1005 2778 (ἓΟ)
1040 2703 1144 2754 τῶν
1194 2698 1459 2777 ὑμετέρων
1490 2700 1723 2778 ἱόρώτων
1752 2700 1815 2754 τὰ
1846 2721 1980 2756 κατ-

327 2790 637 2866 ορθώματα.
702 2779 887 2863 1Υμεῒς
944 2787 1189 2867 ἠγείρατε
1246 2795 1313 2865 τῇ
1371 2791 1554 2868 εἰρήνῃ
1598 2791 1660 2845 τὸ
1702 2791 1978 2868 τρόπαιον,

329 2871 519 2955 ιΥμεϊς
549 2879 671 2942 τοὺς
703 2877 876 2956 ἱερέας
938 2877 1032 2933 τοῦ
1091 2883 1218 2935 Θεοῦ
1275 2876 1356 2958 ἐφ’
1417 2878 1631 2942 ἑαυτοὺς
1665 2875 1983 2958 ἐφειλκύσα-

323 2973 436 3026 σθε·
503 2959 688 3044 ’Υμετς
740 2967 862 3030 τοὺς
902 2967 1163 3046 χορευτὰς
1214 2969 1307 3023 τοῦ
1349 2968 1497 3046 ὄιγίου
1558 2970 1862 3044 Πνεύματος
1909 2974 1986 3040 τῷ

317 3040 575 3137 συλλόγῴ
627 3057 800 3131 τούτῳ
860 3040 1282 3135 προεστήσασθε,
1348 3040 1427 3113 ’κέλ
1473 3059 1651 3125 πόσην
1696 3040 1983 3115 πεπόνθασι

2066 2153 2325 2234 paciﬁcus
2356 2154 2691 2215 animorum
2716 2154 3122 2233 jucunditates
3153 2163 3330 2217 totam
3385 2157 3710 2230 civitatem,

2066 2244 2224 2305 velut
2278 2245 2540 2305 instituto
2601 2245 2808 2318 choro,
2860 2243 3170 2306 ambiunt:
3233 2246 3407 2322 hanc,
3443 2248 3712 2330 inquam,

2064 2353 2196 2414 quin
2228 2334 2368 2394 olim
2420 2343 2738 2414 martyrum
2773 2353 2986 2415 parens
3019 2345 3165 2406 erat,
3191 2355 3394 2397 verum
3428 2338 3714 2400 diuturno

2065 2424 2296 2485 interea
2320 2434 2691 2505 tempore,eo
2715 2425 3143 2505 honore,quem
3164 2444 3232 2486 ex
3259 2426 3396 2486 ﬁliis
3414 2428 3710 2508 capiebat,

2066 2513 2293 2574 orbata.
2345 2515 2418 2577 At
2466 2533 2645 2588 nunc,
2683 2523 2743 2574 ut
2791 2513 3058 2595 Apostoli
3093 2515 3286 2578 verbis
3330 2524 3484 2598 utar,
3511 2519 3716 2580 omnia

2067 2603 2243 2666 habet
2267 2614 2321 2666 et
2368 2604 2630 2665 abundat
2658 2604 2742 2666 90.
2772 2605 2959 2684 Euge,
2998 2624 3030 2666 0
3064 2614 3356 2686 martyres
3387 2627 3403 2679 ;
3454 2617 3712 2669 vestrum

2066 2694 2178 2754 hoc
2196 2713 2436 2774 quoque
2462 2702 2764 2755 certamen
2793 2704 2881 2755 est
2910 2715 2923 2756 :
2959 2713 3061 2755 vos
3081 2693 3291 2772 ingens
3324 2694 3545 2757 bellum
3571 2716 3717 2758 con—

2065 2784 2311 2859 fecistis,
2339 2793 2428 2844 sat
2450 2784 2594 2846 scio.
2629 2783 2766 2845 Krec
2797 2803 3034 2864 quoque
3061 2785 3314 2844 sudores
3344 2786 3522 2846 vestri
3555 2806 3712 2868 prae-

2066 2876 2370 2937 stiterunt.
2408 2872 2527 2935 Vos
2559 2874 2683 2955 paci
2719 2882 3006 2954 tropaeum
3053 2873 3211 2934 istud
3260 2875 3559 2939 erexistis.
3596 2875 3717 2940 Vos

2067 2966 2172 3028 Dei
2203 2966 2569 3041 sacerdotes,
2607 2965 2678 3025 ad
2723 2984 2824 3026 vos
2856 2965 3016 3045 ipsos
3045 2965 3387 3026 attraxistis.
3429 2969 3551 3031 Vos
3576 2970 3715 3049 Spi-

2065 3057 2214 3118 ritus
2245 3055 2431 3116 sancti
2463 3053 2906 3134 tripudiatores,
2934 3055 3070 3115 huic
3102 3055 3422 3116 conventui
3456 3056 3721 3135 praefeci-

325 3150 425 3217 τὴν
484 3149 705 3225 ζημίαν,
742 3147 829 3211 οἷς
865 3148 892 3202 ὁ
938 3148 1134 3227 χρόνος
1180 3152 1278 3214 τῆς
1323 3153 1464 3219 ζωῆς
1496 3148 1661 3230 μέχρι
1691 3157 1784 3206 τοῦ
1809 3151 1896 3203 νῦν
1923 3152 1980 3208 οὗ

2076 3149 2192 3209 stis.
2212 3146 2259 3208 Ο
2285 3152 2504 3226 quanto
2528 3145 2723 3205 affecti
2744 3152 2881 3205 sunt
2904 3144 3392 3225 dammo,quibus
3414 3146 3545 3208 vitae
3571 3156 3713 3209 tem-

325 3239 565 3317 διήρκεσε
615 3239 901 3317 θεάματος,
966 3237 1057 3294 ’ίνα
1125 3243 1230 3294 τῶν
1302 3241 1622 3316 σκυθρωπῶν
1696 3240 1769 3305 εἷς
1828 3240 1980 3318 κόρον

2076 3256 2179 3319 pus
2205 3236 2276 3297 ad
2307 3237 2417 3296 hoc
2438 3252 2629 3313 usque
2645 3234 3052 3315 spectaculum
3078 3253 3193 3295 non
3219 3245 3578 3316 pertractant
3603 3249 3718 3314 est,

328 3330 592 3404 ἕλθόντες⁹
627 3334 733 3386 τῶν
766 3327 974 3406 ἀγαθῶν
1026 3331 1127 3394 τῆς
1178 3329 1390 3406 εἰρήνης
1425 3328 1768 3386 ἀπελαύσειεν
1813 3327 1931 3410 (21)
1961 3330 1975 3390 I

2076 3337 2128 3390 ut
2155 3325 2445 3388 molestiis
2471 3326 2872 3406 aerumnisque
2895 3325 3159 3406 saturati,
3171 3326 3331 3406 pacis
3355 3325 3528 3388 bonis
3552 3327 3716 3390 frue-

1999 3428 2039 3478 C
2066 3426 2274 3480 rentur
2305 3417 2318 3476 l

412 3508 501 3572 B'.
551 3507 781 3588 Οῗχεται
828 3506 950 3582 μὲν,
990 3508 1078 3563 καὶ
1137 3507 1420 3587 ἠφάνισται
1571 3515 1668 3577 τῆς
1736 3509 1980 3586 αἱρέσεως

2152 3507 2228 3570 ΙΙ.
2256 3506 2442 3578 Abiit,
2467 3515 2524 3566 et
2545 3505 2742 3566 deleta
2767 3511 2856 3565 est
2884 3503 3129 3566 haeresis
3152 3504 3507 3589 impostura,
3533 3507 3724 3570 instar

328 3599 535 3675 ἀπάτη,
583 3599 704 3655 οἶόν
759 3620 839 3660 τις
901 3596 1134 3678 ὁμίχλη,
1193 3598 1296 3655 ὐπὸ
1346 3605 1440 3656 τοῦ
1498 3600 1646 3677 ἁγίου
1679 3601 1980 3676 Πνεύματος

2076 3596 2305 3657 nebulze
2337 3595 2671 3673 cujusdam,
2694 3613 2726 3653 a
2758 3592 2982 3672 Spiritu
3004 3603 3208 3654 sancto
3233 3594 3537 3674 dissipata.
3569 3598 3722 3658 Pura

327 3687 680 3746 σκεδασθεῖσα
716 3707 728 3719 ·
783 3688 982 3765 καθαρὰ
1039 3687 1092 3743 δὲ
1161 3685 1451 3765 διέλαμψεν
1510 3691 1542 3756 ἡ
1606 3696 1703 3757 τῆς
1769 3691 1980 3769 εἰρήνης

2076 3696 2265 3748 autem
2300 3685 2520 3746 eﬂ'ulsit
2544 3685 2703 3763 pacis
2736 3682 3050 3756 serenitas,
3077 3702 3144 3744 ac
3173 3703 3279 3764 per
3299 3702 3427 3746 eam
3461 3687 3720 3747 emicant

327 3778 518 3857 αἰθρία,
585 3781 668 3833 καὶ
726 3775 1083 3857 διαφαίνονται
1141 3779 1258 3835 κατ’
1317 3781 1480 3846 αὐτὴν
1546 3784 1590 3836 οἱ
1648 3781 1740 3837 to;
1785 3780 1980 3843 ἄστεως

2076 3776 2240 3838 urbis
2273 3775 2480 3854 stellae,
2508 3774 2568 3834 in
2594 3771 2908 3854 splendida
2938 3773 3199 3835 veritatis
3219 3773 3351 3836 luce
3375 3774 3676 3836 radiantes
3704 3797 3719 3852 ;

325 3869 380 3926 ἰν
412 3867 645 3947 λαμπρῷ
701 3869 800 3934 τῆς
846 3865 1094 3934 ἀληθείας
1147 3870 1277 3950 φωτὶ
1334 3871 1797 3949 μαρμαρύσσοντες
1830 3869 1993 3926 ἀστέ-

333 3981 446 4037 ρες,
510 3959 633 4039 οὐχὶ
679 3960 821 4013 νυκτὶ
880 3955 1388 4036 ἀποκεκληρωμένοι
1450 3962 1538 4016 καὶ
1600 3964 1800 4040 σκότῳ,
1874 3961 1994 4018 ἀλλ’

326 4050 690 4128 ἡμεροφανεϊς
725 4049 772 4103 οἱ
803 4047 1025 4120 πάντες,
1076 4055 1152 4120 τῷ
1203 4047 1439 4123 ἀληθινῷ
1491 4053 1622 4131 φωτὶ
1652 4049 1748 4118 τῆς
1781 4050 1987 4110 δικαιο-

2078 3887 2195 3930 ηοη
2224 3866 2367 3926 650
2398 3864 2554 3925 nocti
2606 3882 2672 3924 ac
2711 3861 2974 3923 tenebris
3020 3861 3343 3944 attributas,
3377 3863 3481 3925 sed
3514 3884 3725 3928 omnes

2077 3958 2333 4020 interdiu
2354 3956 2641 4026 lucentes,
2666 3953 3056 4032 verojustitiae
3081 3952 3306 4014 lumine
3333 3953 3719 4031 refulgentes.

2077 4055 2151 4115 Et
2180 4046 2482 4129 quoniam,
2513 4051 2574 4104 ut
2593 4044 2668 4104 ail
2695 4043 3038 4122 Apostolus,
3066 4061 3179 4103 nox
3205 4045 3508 4122 praecessit
3529 4043 3602 4117 94,
3631 4047 3726 4107 vel

329 4137 492 4204 σύνης
580 4135 1019 4213 ἀναλάμψαντες,
1089 4140 1187 4196 Καὶ
1243 4139 1452 4214 ἓπειδὴ,
1536 4142 1668 4197 καθᾶ
1740 4165 1900 4222 φησιν
1965 4146 1980 4199 ἓ

2080 4142 2273 4224 potius
2296 4135 2538 4199 omnino
2561 4135 2821 4206 evanuit,
2849 4141 3024 4214 atque
3049 4132 3166 4195 diei
3192 4133 3322 4194 luce
3354 4135 3552 4196 omnia
3577 4135 3723 4197 hila-

332 4225 686 4302 Ἀπὸστολος,
745 4230 779 4294 ἡ
825 4226 911 4293 νὺξ
963 4227 1256 4310 προέκοψε,
1318 4229 1524 4305 μᾶλλον
1569 4230 1645 4304 δὲ,
1707 4235 1766 4288 τὸ
1816 4235 1980 4313 παρά-

2079 4237 2342 4302 rescunt,
2379 4227 2610 4304 fugiunt
2640 4225 2881 4305 quidem
2917 4226 3082 4297 ferae,
3116 4243 3251 4303 qua:
3284 4224 3497 4304 pabula
3544 4236 3727 4289 noctu

329 4338 437 4372 παν
491 4317 798 4398 ἠφάνισται,
846 4324 922 4392 τῷ
967 4315 1021 4373 δὲ
1066 4322 1200 4398 φωτὶ
1265 4319 1393 4399 (22)
1444 4321 1543 4388 τῆς
1602 4322 1804 4396 ἡμέρας
1856 4325 1980 4381 ἅπαπ

2082 4327 2376 4405 quaerunt,
2406 4337 2471 4378 ac
2496 4317 2552 4377 in
2587 4317 2771 4377 saltus
2794 4323 2850 4376 et
2873 4315 3191 4405 speluncas
3210 4332 3274 4405 se
3307 4314 3625 4396 recipiunt,
3652 4319 3731 4381 ita

329 4403 806 4486 καταφαιδρύνεται
878 4405 1034 4487 (23),
1098 4409 1279 4489 φεύγει
1320 4410 1418 4486 μὲν
1446 4413 1511 4468 τα
1542 4413 1839 4489 νυκτονόμα
1871 4414 1979 4494 (24

2085 4403 2261 4475 etiam
2323 4409 2555 4488 fugiunt
2593 4405 2993 4486 nyclicoraces
3054 4403 3350 4465 haeretica:
3408 4406 3728 4469 stridorem

329 4501 437 4552 τῶν
479 4497 718 4575 θηριίων,
781 4497 867 4553 καὶ
913 4496 1321 4555 συνελαύνονται
1390 4507 1523 4580 πρὸς
1580 4504 1700 4566 τοὺς
1774 4493 1980 4582 δρυμοῦ⁴

2086 4503 2368 4574 edentes;
2397 4505 2455 4559 et
2488 4497 2559 4559 ad
2593 4495 2855 4557 veritatis
2889 4495 3082 4556 lucem
3115 4493 3517 4571 ceecutientes,
3551 4507 3730 4578 atque

329 4586 420 4642 καὶ
473 4586 567 4649 τὰς
599 4585 915 4665 σπήλυγγας
954 4604 966 4617 ’
1025 4588 1278 4669 φεύγουσι
1331 4588 1384 4645 δὲ
1418 4590 1706 4657 νυκτερίδες
1739 4595 1973 4672 αἱρετικα

2085 4590 2377 4673 capitibus
2408 4588 2566 4648 inter
2593 4605 2659 4647 se
2687 4586 3003 4658 hazrenles,
3027 4583 3087 4644 in
3114 4591 3416 4664 petrarum
3442 4585 3730 4649 scissuras

325 4675 626 4754 τρύζουσαι,
689 4679 778 4732 καὶ
833 4678 965 4756 πρὸς
1024 4681 1086 4734 τὸ
1145 4679 1241 4746 τῆς
1293 4680 1541 4748 ἀληθείας
1593 4689 1702 4762 φῶς
1735 4682 1980 4759 ἀμϐλυώ-

2087 4702 2151 4746 se
2179 4679 2523 4758 conjiciunt.
2553 4680 2663 4738 Per
2692 4675 2868 4755 hujus
2899 4674 3018 4736 diei
3053 4673 3252 4736 lucem
3282 4683 3590 4736 cessarunt
3619 4695 3729 4738 co-

319 4786 548 4823 πτουσαι
608 4762 762 4845 (25),
796 4769 886 4821 καὶ
917 4768 988 4831 εἷς
1034 4769 1129 4830 τὰς
1181 4769 1423 4848 τρώγλας
1469 4777 1577 4827 τῶν
1607 4758 1826 4852 ⁷πετρῶν
1883 4798 1980 4833 κα-

2076 4779 2467 4836 messatorum
2493 4786 2561 4830 ac
2592 4767 3056 4832 temulentorum
3075 4763 3367 4827 sodalitia.
3393 4765 3602 4842 Fures,
3631 4785 3732 4847 pa-

403 4871 468 4922 90
501 4869 762 4953 Philipp.
798 4890 879 4951 tv,
910 4873 1014 4936 18.
1102 4873 1152 4917 9¹
1177 4875 1353 4939 Rom.
1390 4894 1515 4958 xm,
1549 4880 1641 4944 12.

411 4989 436 5063 ἢ
465 4979 630 5063 Alias
653 4979 912 5058 XLVIII;
932 5001 1064 5063 quae
1085 4993 1283 5046 autem
1311 4986 1390 5047 35
1412 4997 1560 5062 erat,
1588 5006 1747 5050 nunc
1778 4988 1878 5052 29.
1912 5023 1990 5034 ——

328 5059 539 5122 Habita
573 5076 831 5124 exeunte
865 5059 1073 5125 mense
1103 5063 1425 5128 Novembri
1455 5059 1554 5129 an.
1586 5071 1726 5132 380.

415 5141 542 5219 (l8)
568 5145 655 5229 Τίς
686 5141 738 5198 δὲ
784 5142 989 5229 λόγοςλ
1015 5147 1115 5208 Sic
1153 5147 1484 5229 legendum
1549 5159 1822 5229 putamus
1855 5173 1988 5216 cum

333 5222 723 5310 Montacutiq,
748 5225 1026 5310 quamvis
1057 5222 1295 5290 codices
1342 5222 1582 5310 quidam
1615 5239 1672 5292 et
1703 5234 1846 5295 editi
1877 5234 1988 5298 ha-

325 5303 535 5384 beant,
569 5304 648 5368 τίς
678 5303 947 5384 διᾴλογος.

415 5383 536 5468 ()9)
571 5385 693 5468 Kal.
728 5383 913 5448 Deest
954 5387 1014 5448 in
1048 5388 1195 5468 Reg.
1232 5389 1357 5452 hm.

571 5467 855 5554 Mdvat__xati
898 5477 1085 5529 ταῦτα.
1124 5464 1575 5554 ΑΕθυνοιιΙιΙειὶυε
1632 5472 1772 5554 legit
1803 5478 1988 5551 μόνον,

322 5548 590 5628 Montac,
631 5546 844 5628 melius
871 5557 1036 5628 putat
1064 5552 1262 5626 μόνων,

575 5623 1162 5715 Ἀπελεαύσειενπῌὲε.
1219 5632 1342 5707 bm,
1388 5633 1714 5715 ἀπέλαυσαν.
1754 5634 1990 5715 Comb.,

319 5705 706 5800 έιπελαύῖειαν.
731 5707 986 5800 Montac.
1024 5711 1086 5770 in
1112 5705 1296 5800 textu,
1321 5705 1646 5800 ἀπέλαυσαν,
1668 5716 1750 5800 ad
1769 5705 1992 5800 marg.,

313 5788 403 5849 ῖσ.
442 5786 819 5869 ἂπελαύσειιν,
853 5799 914 5851 et
943 5792 1001 5850 in
1035 5792 1190 5852 notis
1219 5786 1305 5858 'Icr.
1340 5786 1691 5852 ἆπελαύσειεν
1721 5796 1807 5862 ἂν,

2161 4992 2287 5073 (:22)
2319 4997 2405 5065 Τῷ
2435 4988 2488 5045 δὲ
2520 4989 2676 5073 Quid,
2713 4994 2830 5073 etc.
2855 4985 2989 5048 Bill.
3025 4983 3191 5073 «Diei
3222 4985 3730 5073 aulqmlucecon-

2077 5063 2180 5135 cta‘
2199 5063 2444 5135 evitant.
2483 5094 2503 5124 ι
2535 5063 2693 5142 Hinc
2750 5066 3141 5130 Montacutius
3199 5066 3300 5126 ait:
3335 5063 3487 5137 Quid
3520 5063 3729 5126 Billius

2076 5153 2288 5232 legerit
2319 5151 2584 5212 divinare
2617 5168 2733 5211 non
2767 5167 3069 5229 possum.»
3105 5145 3449 5232 Nos‘outem
3484 5145 3730 5223 conjici-

2079 5227 2209 5296 mus
2240 5233 2624 5297 librariorum
2659 5227 2923 5292 errorem
2949 5246 3103 5304 esse,
3132 5227 3235 5308 qui
3271 5228 3584 5306 «evitant,o
3620 5244 3727 5307 pro

2083 5338 2106 5372 ι
2145 5317 2429 5392 emicant,
2470 5337 2493 5371 ι
2534 5310 2930 5392 scripserunt.

2161 5397 2283 5476 (εδ)
2340 5385 2529 5476 ’Ἄττιν
2621 5385 3120 5476 κᾶτὲἳαιδρύνετπι·
3175 5385 3342 5476 ,Ριεε-
3441 5385 3567 5464 δίη»
3620 5389 3737 5476 *9‘0'

2077 5459 2287 5535 ἅπαντα
2341 5474 2674 5557 φαιδρύνεται
2735 5459 3059 5533 Montacut.
3120 5468 3194 5530 ad
3229 5459 3419 5548 marg.
3452 5459 3561 5548 γρ.-
3596 5471 3738 5526 πάν-

2075 5582 2162 5618 τα.

2165 5639 2290 5718 (Ἡ)
2324 5636 2657 5718 Νυκτονόμα.
2693 5633 2841 5712 Reg.
2876 5631 2998 5718 bm,
3035 5631 3347 5707 νυκτινόμα.

2157 5709 2282 5799 (25)
2321 5709 2826 5794 Ἀμϐλυῶπτουσαί.
2905 5709 3161 5777 Mentac.
3221 5721 3284 5776 et
3339 5709 3580 5788 Comb.,
3635 5715 3740 5788 ὀμ-

2081 5799 2442 5860 ϐλυώττουσαι
2455 5844 2468 5859 .
