4158 6414
508 338 629 407 259

1749 325 1809 388 S.
1857 315 2222 387 GREGORII
2266 317 2658 384 THEOLOGI

3785 315 3909 383 260

510 469 727 531 rietum
755 468 1102 541 eli'ossores,
1131 463 1529 547 praedones,et
1558 458 1770 541 siquid
1796 456 1954 521 aliud
1981 452 2172 547 noctis

2267 449 2553 530 ταδύονται,
2603 451 2686 507 ἐπὶ
2729 450 2969 530 κεφαλὴν
3003 446 3251 519 αλλήλων
3312 448 3593 529 ἐχόμεναι.
3631 448 3900 508 Πέπαυται

514 578 666 639 opus
722 567 835 632 est,
868 538 1096 619 exorto
1131 538 1299 635 pacis
1355 554 1609 623 lumine,
1650 538 1918 610 latebras
1967 542 2154 625 petiit.

2267 543 2326 594 ἰια
2372 549 2469 606 τὴς
2515 542 2717 620 ἡμέρας
2779 541 2975 606 ταύτης
3033 541 3097 595 τὰ
3156 540 3261 594 τῶν
3319 544 3616 612 κωμαστῶν
3662 540 3749 595 καὶ
3795 544 3901 593 τῶν

514 638 791 720 Quandiu
817 665 992 727 porro
1009 665 1120 707 nox
1142 646 1242 707 illa
1266 654 1412 715 erat,
1435 640 1659 704 erroris
1681 638 1932 727 caligine
1949 641 2162 727 cuncta

514 720 866 811 obscurans,
901 736 1099 815 qualia
1132 734 1367 795 tandem
1399 732 1563 792 fuere
1595 746 1725 810 quae
1756 720 2167 805 gerebantur?

515 826 651 889 Haec
682 826 977 906 siquidem
1008 824 1303 888 oblivione
1333 822 1573 901 altoque
1605 820 1779 897 digna
1810 817 2062 887 silentio,
2100 821 2160 873 ut

517 935 592 977 ne
616 916 872 977 tristium
898 932 1097 975 rerum
1122 914 1406 974 memoria
1431 928 1696 991 praesens
1722 907 1998 987 gaudium
2022 924 2163 964 cou-

517 1005 860 1066 taminetur.
900 1002 1166 1075 Quonam
1204 1002 1364 1063 enim
1403 1001 1598 1073 modo,
1630 1018 1760 1079 qua:
1791 1008 1909 1058 tum
1939 1003 2163 1076 patrata

520 1105 660 1156 sunt
698 1094 871 1172 mala,
910 1093 1204 1174 quispiam
1242 1091 1457 1153 dixerit
1483 1098 1509 1152 ’ἰ
1536 1109 1603 1151 ac
1648 1107 1903 1168 quonam
1958 1100 2168 1174 rursus

519 1184 695 1245 modo
712 1202 779 1245 ea
799 1172 1233 1262 tacuerit?quis
1258 1182 1325 1241 ad
1349 1183 1509 1241 hunc
1530 1179 1768 1239 modum
1790 1172 2167 1253 extragoedia

518 1282 856 1335 commotus
880 1271 1009 1334 est?
1032 1291 1161 1351 quae
1184 1271 1379 1331 fabula
1403 1279 1594 1330 tantas
1619 1267 1980 1328 calamitates
2004 1264 2166 1325 olliu-

519 1360 823 1443 xit‘lquis
850 1361 1144 1438 tragazdus
1180 1379 1303 1420 rem
1342 1368 1455 1419 tam
1494 1360 1819 1419 luctuosam
1857 1373 1960 1435 pro
1991 1371 2170 1413 scena

521 1451 911 1514 conclamarit
932 1450 963 1495 9
983 1450 1288 1511 Sermonis
1312 1449 1647 1511 facultatem
1677 1446 1979 1507 calamitas
2003 1461 2169 1521 supe-

528 1550 657 1602 rat:
696 1544 923 1621 majora
973 1556 1111 1600 sunt
1162 1543 1343 1620 mala,
1378 1556 1551 1619 quam
1606 1547 1671 1600 ut
1701 1537 1832 1617 quis
1877 1532 2071 1595 verbis
2102 1549 2171 1592 ea

522 1648 803 1693 enarrare
834 1630 1043 1713 possit.

2247 631 2543 704 μεθυόντων
2598 631 2963 707 συντάγματα.
3003 627 3335 703 Δωποδύται,
3393 628 3480 684 καὶ
3537 629 3897 709 τοιχῶρύχοι,

2249 722 2335 775 καὶ
2366 718 2618 799 κλέπται,
2661 720 2748 774 καὶ
2789 718 2842 774 εἴ
2869 739 2918 774 τι
2949 717 3081 775 ἄλλο
3109 723 3205 784 τῆς
3239 718 3424 779 νυκτὸς
3456 718 3610 795 ἔργον
3642 716 3773 790 ἔστι,
3808 726 3904 774 τοῦ

2251 811 2425 888 φωτὸς
2467 808 2562 876 τῆς
2608 810 2822 887 εἰρήνης
2873 805 3331 879 ἐπανατείλαντος,
3389 807 3700 887 κέκρυπται.
3735 805 3901 872 ’Ἕως

2252 896 2307 953 δὲ
2352 900 2418 965 ἧν
2463 902 2495 966 ἡ
2532 899 2617 965 νὺξ
2657 900 2833 966 ἐκείνη
2878 902 2955 971 τῷ
3006 903 3104 964 τῆς
3158 898 3367 964 ἁπάτης
3406 897 3587 977 γνόφῳ
3627 899 3692 952 τὰ
3729 898 3903 953 πάντα

2253 990 2729 1063 κατασκοτίζουσα,
2764 989 2860 1044 οἷα
2910 986 2974 1053 ἧν
3030 989 3093 1043 τὰ
3138 985 3477 1064 πραττόμενα
3513 1006 3528 1066 ;
3578 988 3753 1056 Λήθης
3786 984 3906 1051 ἄξια

2251 1080 2336 1133 καὶ
2397 1079 2606 1154 βαθείας
2653 1084 2836 1155 σιγῆς,
2881 1079 2955 1141 ὡς
3013 1075 3072 1133 ἂν
3120 1078 3199 1151 μὴ
3243 1078 3434 1151 μνήμῃ
3487 1077 3592 1133 τῶν
3642 1076 3905 1143 ἀηδεστέ-

2252 1190 2379 1247 ρων,
2440 1169 2474 1235 ἡ
2518 1176 2756 1246 παροῦσα
2818 1168 2977 1248 χάρις
3026 1165 3476 1241 καταμολύνοιτο.
3542 1171 3659 1230 Πῶς
3690 1168 3790 1243 γὰρ
3846 1165 3909 1221 ἄν

2250 1278 2328 1319 τις
2390 1258 2535 1312 εἴποι
2582 1259 2646 1313 τὰ
2678 1254 2795 1313 κατ’
2858 1256 3021 1323 αὐτῆς
3079 1256 3270 1334 κακά,
3321 1260 3439 1317 Πῶς
3492 1252 3546 1309 δὲ.
3604 1254 3665 1310 ἄν
3708 1278 3787 1319 τις
3823 1258 3911 1311 καὶ

2255 1348 2607 1420 σιωπήσειες
2664 1347 2713 1401 τί
2772 1347 2937 1408 πάθος
2998 1346 3059 1401 ἐκ
3115 1343 3409 1423 τραγῳδίας
3467 1351 3755 1417 τοιοῦτον;
3826 1367 3909 1409 τις

2254 1438 2414 1511 μῦθος
2475 1437 2743 1515 συμφορὰς
2824 1434 3229 1511 ἀναπλάσσων;
3290 1436 3369 1499 τίς
3425 1438 3656 1502 ποιητὴς
3701 1434 3912 1514 δραμά-

2254 1548 2360 1581 των
2405 1536 2641 1584 τοιοῦτον
2686 1525 2771 1582 ἐπὶ
2803 1526 3008 1592 σκηνῆς
3066 1525 3231 1589 πάθος
3266 1522 3487 1591 ἐϐόησεν
3526 1544 3541 1599 ;
3608 1515 3766 1601 ’Υπὲρ
3810 1523 3912 1579 λό-

2255 1638 2350 1692 γον
2379 1616 2413 1681 ἡ
2464 1616 2703 1696 συμφορά
2741 1633 2754 1645 ·

2256 1707 2319 1760 τα
2351 1707 2517 1770 πάθη.

2818 1616 2948 1695 ὑπὲρ
2992 1615 3090 1682 τὴν
3141 1613 3365 1690 δύναμιν
3416 1620 3524 1670 τῶν
3551 1611 3915 1692 διηγουμένων

601 1808 700 1870 Ill.
725 1811 957 1902 Chorus
979 1807 1100 1881 ille,
1130 1805 1354 1902 diaboli
1377 1807 1550 1902 sedes
1574 1816 1631 1868 et
1664 1802 2171 1902 propugnaculum

2267 1882 2275 1902 Ι
2341 1784 2421 1856 Γ’.
2482 1785 2841 1873 Ὀρμητήριον
2894 1794 2957 1861 ἦν
3017 1800 3107 1851 τοῦ
3166 1791 3414 1854 διαϐόλου
3458 1797 3485 1851 ί,
3544 1796 3710 1876 χορός
3758 1792 3911 1876 (26).

524 1901 793 1963 erat.Hic
813 1898 926 1959 sibi
950 1898 1276 1959 exercitum
1304 1898 1715 1976 constituerat,
1737 1912 1806 1957 ac
1830 1894 2177 1954 defensores

523 1998 581 2050 et
610 1989 891 2050 satellites
923 1989 982 2048 in
1017 2006 1087 2048 eo
1119 1986 1465 2049 collocarat.
1504 1985 1614 2048 Hic
1639 1984 1931 2047 mendacii
1955 1992 2172 2062 castra,

523 2080 748 2141 erroris
783 2086 1283 2159 propugnatores,
1318 2077 1653 2137 daemonum
1709 2074 2025 2155 expeditio,
2059 2073 2169 2131 im-

526 2168 889 2230 mundorum
924 2169 1235 2248 spirituum
1270 2167 1575 2246 legiones;
1612 2184 1704 2245 ac,
1738 2165 1787 2225 si
1821 2164 1960 2245 quid
1998 2162 2173 2224 etiam

527 2265 909 2321 externorum
944 2258 1251 2317 nominum
1282 2274 1579 2336 usurpare
1613 2256 1771 2327 licet,
1799 2256 1935 2315 hinc
1970 2270 2181 2333 pravus

525 2348 833 2410 Furiarum
851 2347 1152 2409 exercitus
1166 2344 2181 2408 adversusEcclesnamdebacthatus

527 2448 633 2499 est.
672 2438 769 2499 Sic
801 2439 959 2498 enim
999 2437 1289 2515 adducor,
1327 2446 1389 2496 ut
1431 2455 1532 2497 eas
1563 2436 1814 2496 feminas
1859 2433 2180 2515 appellem,

526 2547 654 2607 quae
677 2547 856 2607 supra
880 2537 1149 2588 naturam
1177 2526 1247 2586 ad
1277 2527 1492 2585 malum
1525 2526 1724 2586 viriles
1748 2543 1880 2585 sese
1906 2523 2178 2603 praebue—

523 2629 685 2681 runt.
717 2618 838 2679 Una
853 2626 977 2679 erat
1003 2617 1061 2677 in
1090 2616 1302 2678 diebus
1321 2615 1707 2678 Eliazlezabel
1730 2614 2017 2675 adversus
2038 2630 2176 2692 pro-

526 2710 732 2789 phetas
767 2706 1001 2770 Domini
1034 2708 1256 2767 cmdem
1287 2706 1574 2766 anhelans
1594 2705 1652 2755 ω
1681 2721 1969 2782 ;eamque
1994 2702 2174 2781 inspi-

522 2807 646 2859 rata
668 2797 955 2858 divinitus
978 2794 1284 2874 Scriptura
1313 2794 1661 2874 proscindit,
1684 2806 1765 2865 ut,
1785 2811 1917 2853 mea
1937 2792 2177 2871 quidem

526 2890 850 2965 sententia,
884 2904 1063 2950 omne
1098 2885 1391 2963 deinceps
1426 2886 1732 2962 saeculum,
1771 2880 2090 2962 petulantis
2113 2899 2181 2941 ac

526 2978 845 3056 impudicae
869 2975 1138 3035 mulieris
1157 2974 2177 3046 recordatione,erudiatur.Verum,

533 3078 674 3146 quot
702 3063 959 3127 Jezabeli
994 3065 1133 3124 huic
1176 3064 1428 3135 similes,
1468 3062 1624 3121 velut
1675 3064 1886 3125 cicuta,
1925 3079 1993 3120 ex
2039 3077 2182 3135 agro

530 3165 778 3234 repente
822 3153 1205 3234 pullularunt.
1249 3153 1458 3231 majori
1504 3153 1634 3211 ϐὖι
1677 3169 1914 3231 quoque
1956 3149 2180 3209 saevitia

530 3264 682 3320 eam,
717 3262 890 3324 quam
956 3242 1439 3315 commemoravi,
1476 3249 1855 3322 superantes.
1914 3238 2080 3310 Quod
2132 3238 2181 3297 si

528 3335 708 3395 fidem
736 3333 1000 3395 sermoni
1027 3349 1157 3394 meo
1184 3351 1297 3392 non
1324 3330 1567 3411 habeas,
1595 3330 1901 3391 historiam
1930 3330 2178 3409 inspice.

529 3425 630 3485 illa
663 3423 905 3505 quidem
942 3420 1175 3484 Naboth
1205 3420 1435 3482 vineam
1474 3421 1751 3481 maerenti
1797 3418 1999 3481 Achab
2055 3431 2180 3481 tra-

528 3514 701 3587 didit,
725 3522 787 3573 ut
808 3530 880 3573 ex
910 3511 1077 3573 vinea
1109 3512 1343 3571 hortum
1380 3511 1622 3585 faceret,
1652 3511 1825 3570 luxus
1856 3527 2180 3570 ornamen-

530 3612 682 3679 tum,
719 3601 1042 3663 muliebres
1074 3600 1359 3675 delicias;
1398 3604 1522 3662 istaa
1556 3610 1779 3674 autem,
1818 3618 1925 3681 per
1952 3599 2181 3680 seipsas

533 3694 646 3765 hoc
697 3692 919 3753 malum
975 3699 1413 3773 perpelrantes,
1448 3692 1633 3752 vivam
1672 3690 1778 3753 Dei
1833 3691 2087 3770 vineam,
2125 3688 2181 3751 id

530 3793 645 3857 est,
681 3780 1031 3843 Ecclesiam.
1072 3782 1304 3861 penitus
1335 3781 1385 3841 vi
1418 3781 1623 3842 delere
1656 3801 1723 3842 ac
1755 3789 2023 3843 evertere
2055 3788 2181 3840 ten-

528 3881 748 3935 tarunt.
770 3870 1077 3944 Quodnam
1100 3872 1228 3951 ejus
1252 3871 1408 3951 quod
1438 3872 1630 3933 refero
1656 3870 1991 3951 exemplum
2013 3887 2184 3949 repe-

467 3982 473 3988 '
526 3964 677 4025 riam
705 3969 732 4025 ?
764 3981 1016 4042 ecquam
1054 3961 1232 4040 hujus
1266 3961 1565 4041 pravitatis
1595 3980 1663 4022 ac
1714 3960 1993 4041 nequitiae
2028 3960 2181 4020 ima-

523 4054 721 4131 ginem
753 4050 1149 4128 excogitabo?
1180 4050 1318 4112 Vidi
1348 4052 1406 4111 in
1441 4050 1715 4112 dealbato
1741 4052 1970 4131 pariete
1995 4050 2186 4131 pietu-

530 4130 655 4193 ram
692 4134 1008 4212 (ignoscite
1038 4132 1237 4192 animo
1264 4133 1553 4193 malorum
1590 4130 2183 4193 recordationeexul-

533 4231 731 4282 cerato
761 4240 776 4296 ;
809 4224 925 4283 imo
962 4221 1157 4300 potius
1190 4239 1292 4282 vos
1321 4221 1433 4301 ipsi
1468 4223 1737 4282 dolorem
1767 4230 2035 4281 nostrum
2071 4220 2182 4279 do-

533 4312 696 4385 lete;
736 4318 941 4371 nostra
972 4311 1216 4391 quippe,
1242 4331 1359 4372 non
1408 4312 1606 4374 aliena
1639 4312 1790 4371 mala
1823 4310 2181 4390 narramus).

2259 1882 2515 1941 Ἐνταῦθα
2586 1886 2646 1941 τὸ
2714 1883 3067 1960 στρατόπεδον
3140 1886 3311 1957 ἑαυτῴ
3379 1889 3767 1965 κατεστήσατο,
3831 1889 3916 1942 ιαὶ

2263 1976 2381 2037 τοὺς
2426 1972 2583 2037 ἰδίους
2646 1976 2982 2038 ὑπασπιστὰς
3047 1974 3101 2030 ἐν
3163 1978 3303 2048 αὐτῴ
3364 1974 3726 2053 καθιδρύσατο.
3790 1971 3922 2032 Ἐν-

2261 2067 2421 2119 ταῦθα
2475 2066 2502 2119 ὁ
2548 2066 2739 2127 στατὸς
2801 2065 2895 2121 τοῦ
2940 2061 3195 2140 ψεύδους,
3255 2068 3302 2121 οἱ
3351 2064 3446 2133 τῆς
3506 2066 3720 2131 ἀπάτης
3776 2064 3917 2142 πρό-

2264 2176 2463 2233 μαχοι,
2508 2155 2543 2220 η
2576 2160 2679 2212 τῶν
2734 2152 3001 2228 δαιμόνων
3053 2154 3382 2230 ὲκστρατεία,
3418 2156 3469 2211 αἱ
3522 2154 3781 2233 λεγεῶνες
3814 2160 3923 2209 τῶν

2265 2244 2570 2321 ἀκαθάρτων
2629 2246 2945 2319 πνευμάτων
2982 2264 2997 2280 ·
3062 2245 3105 2300 εἶ
3158 2241 3211 2299 δὲ
3426 2246 3516 2301 καὶ
3570 2248 3676 2301 τῶν
3734 2243 3920 2309 ἔξωθεν

2264 2334 2545 2409 ὀνομάτων
2603 2336 2799 2414 εἰπεῖν,
2863 2333 3096 2390 ἐντεῦθεν
3140 2336 3169 2389 ὁ
3220 2337 3453 2413 πονηρὸς
3502 2342 3608 2390 τῶν
3652 2332 3923 2410 δαιμόνων

2267 2424 2513 2501 ὲριννύων
2559 2426 2782 2503 στρατὸς
2860 2426 2998 2480 κατὰ
3069 2424 3167 2492 τῆς
3237 2422 3562 2491 Ἐκκλησίας
3619 2423 3919 2499 ἐκώμασεν.

2266 2512 2417 2569 Οὕτω
2480 2512 2601 2591 (27)
2659 2515 2759 2592 γὰρ
2819 2514 3098 2587 ὀνομάζειν
3136 2515 3226 2577 τὰς
3285 2527 3543 2591 γυναῖκας
3591 2515 3925 2590 προάγομαι,

2266 2602 2325 2658 αἴ
2381 2604 2513 2681 ὑπὲρ
2555 2604 2652 2669 τὴν
2686 2606 2839 2683 φύσιν
2868 2605 2941 2666 εἷς
2997 2605 3057 2659 τό
3112 2605 3276 2659 κακὸν
3334 2602 3650 2683 ἠνδρίζοντο.
3708 2604 3813 2657 Μία
3857 2601 3928 2668 ἦν

2267 2694 2321 2749 ἐν
2383 2707 2506 2755 ταῖς
2561 2694 2787 2772 ἡμέραις
2850 2691 3097 2761 Ἠλιοῦὴ
3134 2690 3388 2773 Ἰεζάϐελ,
3440 2694 3582 2749 κατὰ
3634 2694 3738 2749 τῶν
3783 2714 3927 2771 προ-

2265 2787 2449 2862 φητῶν
2478 2789 2571 2839 τοῦ
2607 2783 2796 2859 Κυρίου
2827 2788 3043 2862 φονῶσα
3074 2779 3227 2861 (28),
3272 2785 3361 2838 καὶ
3420 2781 3705 2838 στελιτεύει
3758 2781 3929 2849 αὖτην

2265 2875 2299 2939 ἡ
2345 2873 2690 2937 θεόπνευστος
2751 2873 2975 2951 ἱστορία,
3022 2874 3095 2935 ὡς
3148 2872 3209 2926 ἂν
3242 2876 3419 2947 οἶμαι,
3471 2872 3540 2940 τῆ
3592 2874 3780 2946 μνήμῃ
3834 2884 3928 2927 του

2268 2962 2563 3020 ἀκολάστου
2595 2966 2833 3042 γυναίου,
2869 2970 2972 3026 πᾶς
3005 2966 3032 3019 ὁ
3071 2964 3205 3039 μετὰ
3238 2971 3401 3019 ταῦτα
3456 2964 3565 3039 βίος
3596 2963 3923 3023 παιδεύοιτο,

2268 3060 2525 3110 Τοσαῦται
2581 3055 2753 3109 τοίνυρ
2793 3055 2929 3109 κατὰ
2988 3054 3085 3120 τὴν
3143 3050 3376 3124 Ἰεζάϐελ
3454 3053 3681 3125 ἒκείνην,
3744 3052 3928 3121 ὥσπερ

2208 3131 2243 3180 Β
2266 3164 2315 3198 τι
2378 3144 2620 3217 κώνειον,
2655 3143 2715 3199 ἐκ
2741 3149 2837 3209 τῆς
2889 3144 3075 3222 χώρας
3109 3143 3312 3220 ἀθρόως
3362 3141 3720 3221 ἐϐλάστησαν,
3752 3141 3929 3197 νικῶ-

2266 3255 2354 3288 σαι
2415 3234 2512 3300 τὴν
2546 3238 3007 3309 μνημονευθεῐσαν
3040 3239 3108 3309 τῇ
3138 3234 3236 3301 τῆς
3286 3234 3497 3311 πικρίας
3541 3230 3831 3308 ὑπερϐολῇ.
3866 3235 3929 3290 Εἰ

2266 3322 2319 3379 δὲ
2364 3324 2614 3389 ἀπιστεῖς
2645 3328 2721 3398 τῷ
2752 3324 2924 3403 λόγῳ,
2956 3324 3054 3390 τὴν
3107 3324 3336 3401 ἱστορίαν
3367 3324 3672 3399 ἒπίσκεψαι.
3710 3321 3927 3390 Ἐκείνη

2266 3414 2365 3479 τὴν
2397 3412 2638 3489 ἄμπελον
2672 3421 2763 3470 τοῦ
2797 3412 3055 3470 Ναϐουθαὶ
3102 3414 3179 3487 τῷ
3210 3410 3414 3487 ἐκλύτῳ
3445 3410 3657 3491 Ἀχαὰϐ
3684 3413 3932 3491 ἑχαρίζεο

2262 3525 2347 3577 το,
2396 3501 2490 3558 ’ίνα
2546 3505 2753 3579 ποιήσῃ
2800 3503 2973 3571 κῆπον
3005 3505 3103 3568 τὴν
3160 3501 3421 3577 ἄμπελον,
3476 3506 3673 3583 τρυφῆς
3719 3500 3929 3579 ἐγκαλ-

2264 3591 2542 3667 λώπισμα,
2599 3593 2897 3671 γυναικείαν
2952 3591 3149 3672 χλιδήν
3208 3594 3362 3648 αὗται
3416 3593 3514 3660 τὴν
3599 3598 3771 3662 ζῶσαν
3831 3598 3927 3647 τοῦ

2266 3684 2399 3738 Θεοῦ
2456 3680 2584 3762 (29)
2642 3681 2905 3758 ἄμπελον,
2968 3682 3066 3749 τὴν
3100 3681 3423 3749 Ἐκκλησίαν
3467 3680 3633 3761 λέγω,
3681 3683 3752 3746 εἰς
3782 3704 3930 3738 παν-

2264 3771 2394 3839 τελῆ
2474 3771 2773 3851 ἀφανισμὸν
2847 3784 3192 3849 μετενεγκεῖν
3258 3767 3563 3846 ἐϐιάσαντο,
3654 3771 3805 3826 αὗται
3854 3768 3926 3826 δι’

2268 3860 2469 3920 ἑαυτῶν
2517 3863 2579 3918 τὸ
2640 3864 2805 3917 κακὸν
2858 3861 3183 3941 ἐνεργούσας..
3232 3867 3397 3916 Ποῖον
3441 3860 3573 3929 εὕρω
3624 3868 3717 3917 τοῦ
3762 3860 3931 3938 λόγου

2268 3952 2661 4031 παράδειγμα,
2726 3953 2842 4007 τίνα
2896 3956 2997 4018 τῆς
3057 3952 3245 4014 κακίας
3304 3951 3502 4017 ταύτης
3554 3949 3826 4020 ἐπινοήσω
3854 3953 3932 4006 εἱ-

2270 4042 2446 4120 κόνας
2514 4040 2675 4098 Εἶδον
2732 4040 2817 4096 ἐπὶ
2887 4041 3207 4115 κονιάματος
3272 4038 3396 4119 (30)
3454 4041 3639 4120 τοίχου
3673 4042 3933 4108 τοιαύτην

2267 4133 2477 4210 γρασρήν
2528 4131 2650 4209 (31)
2691 4150 2703 4163 ’
2762 4133 2850 4187 καὶ
2923 4153 3024 4206 μου
3077 4132 3375 4207 βαστάσατε
3431 4133 3531 4197 τὴν
3587 4130 3801 4209 καρδίαν
3856 4138 3936 4209 τῇ

2267 4229 2372 4278 τῶν
2423 4228 2603 4277 κακῶν
2663 4223 2853 4299 μνήμῃ
2925 4219 3377 4300 περιοιδαίνουσαν
3412 4238 3428 4254 ⁶
3479 4220 3681 4297 μᾶλλον
3726 4222 3805 4303 δὲ,
3852 4231 3938 4298 τῷ

2269 4312 2416 4384 πόνῳ
2446 4312 2533 4368 καὶ
2562 4313 2720 4386 ὑμεῖς
2758 4313 3127 4389 συναλγήσατε
3160 4328 3173 4342 ⁸
3241 4312 3473 4391 ἡμέτερα
3532 4314 3650 4391 γὰρ,
3702 4316 3790 4369 καὶ
3834 4314 3939 4369 οὒκ

534 4400 816 4473 Quaenam
844 4401 1022 4480 igitur
1043 4400 1142 4462 illa
1166 4410 1289 4463 erat
1306 4402 1747 4482 pictura,quam
1770 4400 1948 4460 rebus
1968 4400 2178 4460 nostris

2274 4400 2528 4477 ἀλλότρια
2570 4398 2894 4479 διηγούμεθα
2945 4401 3087 4467 πάθη
3125 4417 3138 4431 ·
3200 4425 3276 4464 τις
3309 4402 3477 4457 τοίνυν
3509 4404 3543 4469 ἡ
3598 4405 3800 4483 γραφὴ,
3863 4404 3939 4471 ἢν

530 4509 809 4571 comparo
831 4498 858 4553 ?
880 4508 1093 4570 procax
1118 4509 1185 4551 ac
1210 4492 1585 4571 praep-odiosa
1603 4490 1873 4569 quaedam
1901 4497 2028 4550 erat
2060 4506 2189 4548 mu-

530 4580 744 4642 lierum
785 4579 1026 4655 chorea,
1061 4579 1174 4640 alia
1210 4579 1271 4639 in
1302 4578 1479 4640 aliam
1537 4579 1785 4659 tripudii
1820 4578 2086 4658 speciem
2118 4595 2188 4639 ac

531 4668 1047 4745 gesticulationem
1081 4686 1215 4729 sese
1243 4670 1689 4749 distorquentes
1719 4667 1893 4744 (tales
1936 4668 2188 4729 feminas

530 4758 824 4821 Maenadas
847 4757 1061 4819 fabulae
1080 4759 1336 4839 vocant).
1364 4760 1450 4821 Ad
1478 4778 1639 4820 aurae
1659 4760 1861 4819 ﬂatum
1886 4778 2072 4820 comae
2100 4757 2188 4819 in-

528 4847 849 4909 volitabant
876 4868 888 4908 :
923 4856 1203 4927 aspectus
1236 4849 1451 4909 furoris
1480 4848 1676 4909 aditus
1708 4856 1877 4910 erat:
1917 4866 2187 4909 accensae

528 4940 687 5000 faces
712 4938 984 4998 manibus
1007 4939 1494 5013 gestabantur,ex
1513 4938 1729 5018 quibus
1752 4939 1889 4999 llam
1902 4957 2033 5012 mae,
2056 4957 2180 4999 cor-

520 5046 741 5110 porum
766 5027 1150 5108 volutatione,
1167 5028 1514 5089 rotabantur
1536 5046 1549 5091 :
1574 5046 1716 5089 aura
1740 5028 1801 5088 in
1828 5027 1959 5089 sinu
1980 5028 2184 5109 peplo-

526 5136 659 5180 rum
678 5117 1036 5179 concinnam
1064 5119 1403 5196 gravitatem
1424 5136 1491 5179 ac
1521 5118 1877 5179 modestiam
1905 5119 2183 5200 deturpa-

607 5220 665 5277 99
695 5231 774 5295 III
806 5232 950 5313 Reg.
986 5251 1083 5310 xx,
1128 5235 1181 5296 1.

616 5343 751 5422 (26)
769 5335 825 5402 ’0
853 5342 1586 5425 λυρόελειινθηιιιλθςίιῂ.
1608 5347 1786 5425 χώρα,
1803 5370 1822 5403 σ
1838 5346 2004 5409 locus
2029 5348 2146 5409 ille.
2167 5372 2189 5406 ι

622 5427 741 5505 (27)
776 5423 946 5487 Οὕτω.
981 5423 1127 5504 Reg.
1163 5426 1288 5505 bm,
1322 5426 1513 5491 οὕτως.

626 5504 750 5592 (28)
781 5511 1028 5568 Φονῶσα.
1061 5504 1451 5592 MontaCutius
1500 5515 1678 5592 putat_
1711 5506 2057 5592 legendum,
2092 5513 2197 5592 φό-

541 5609 629 5643 νον
652 5586 933 5671 ὠδίνουσα,
958 5588 1187 5671 ccaedes
1209 5586 1608 5671 parturiens.»
1644 5590 1901 5671 Budaeus
1932 5586 2197 5671 scripsit,

544 5672 725 5748 φωνᾷν
750 5666 908 5726 idem
939 5665 1163 5748 valere,
1193 5665 1261 5729 ac
1298 5693 1323 5723 ιι
1360 5669 1540 5732 caedis
1571 5669 1805 5731 avidum
1841 5689 1992 5732 esse.
2032 5665 2059 5727 ἡ

623 5748 755 5828 (ευ)
785 5756 888 5806 Τοῦ
920 5747 1072 5809 Θεοῦ.
1106 5747 1205 5809 Sic
1230 5750 1376 5830 Reg.
1416 5751 1533 5810 bm.
1573 5751 1638 5811 In
1672 5752 1765 5811 ed.
1808 5752 1977 5815 deest
2005 5760 2117 5810 τοῦ.

2270 4492 2603 4568 προσεικάζω
2646 4504 2763 4554 τοῖς
2810 4492 3135 4570 πράγμασι,
3174 4493 3363 4571 χορεία
3408 4514 3488 4555 τις
3549 4494 3614 4561 ἦν
3662 4501 3940 4573 γυναικῶν

2272 4581 2687 4661 ἀσχημονοῦσα,
2720 4579 2889 4648 ἄλλης
2947 4580 3067 4637 κατ’
3116 4580 3248 4638 ἄλλο
3295 4606 3345 4639 τι
3376 4584 3571 4662 σχῆμα
3602 4585 3941 4662 ὀρχηστικὸν

2272 4670 2469 4737 ἑαυτὴν
2552 4667 3022 4749 διαστρεϐλούσης,
3121 4670 3387 4737 Μαινάδας
3465 4676 3513 4728 οἱ
3596 4677 3747 4747 μῦθοι
3834 4676 3939 4738 τὰς

2269 4764 2517 4823 τοιαύτας
2605 4774 2866 4839 γυναῖκας
2938 4760 3212 4821 καλοῦσιν.
3304 4763 3479 4837 Κόμαι
3539 4777 3664 4826 ταῖς
3748 4762 3944 4843 αὕραις

2270 4848 2724 4930 ἀνασοϐούμεναι,
2771 4850 2989 4926 βλέμμα
3034 4852 3234 4926 μανίας
3295 4849 3547 4933 πάροδον,
3606 4854 3792 4931 πυρσοὶ
3848 4851 3948 4910 διὰ

2269 4947 2474 5021 χειρῶν
2530 4940 2838 5020 φερόμενοι,
2896 4944 2985 4997 καὶ
3034 4940 3228 5021 φλόγες
3289 4942 3349 4999 ἐκ
3404 4945 3606 4999 τούτων
3661 4949 3731 5020 τῇ
3775 4965 3947 5024 περι-

2270 5036 2472 5110 στροφῇ
2518 5038 2626 5086 τῶν
2672 5031 2937 5106 σωμάτων
2968 5031 3398 5108 ἐνειλισσόμεναι
3433 5051 3449 5067 '
3510 5032 3642 5112 αὖρα
3689 5035 3745 5091 ὲν
3798 5034 3949 5092 κόλ-

2270 5143 2389 5184 ποις
2417 5122 2515 5188 τὴθ
2536 5120 2954 5201 εὐσχημοσύνην
2986 5119 3106 5201 (32)
3140 5124 3246 5177 τῶν
3278 5120 3500 5180 πέπλων
3530 5121 3947 5202 λυμαινομένη.

2526 5345 2884 5429 Κονιάματρς.
2920 5346 3156 5429 Comb.,
3188 5349 3568 5426 κονιάσματος.

2392 5426 2498 5501 31)
2527 5425 2977 5524 ξραφῇν..βεει.μ
3001 5425 3487 5511 ὺω,⁷ἑπιγραφὴν,
3526 5455 3551 5488 ι
3586 5431 3953 5517 inscriptio.-

2284 5506 2450 5570 nein.
2490 5528 2514 5564 ι
2551 5506 2651 5568 Sic
2673 5506 2815 5584 legit
2844 5507 3080 5571 Billius.

2369 5586 2497 5672 (32)
2528 5587 2637 5672 Τῇν
2670 5588 3112 5672 εὐσχημοσύνην.
3157 5588 3255 5653 Sic
3306 5591 3445 5672 legit
3476 5593 3955 5665 Leuveoklaius.

2285 5669 2429 5743 Quae
2462 5668 2633 5756 lectio
2655 5684 2687 5729 a
2719 5667 3077 5732 Mentacutio
3112 5667 3415 5753 probatur.
3450 5674 3511 5735 In
3542 5676 3711 5756 edit,
3744 5678 3813 5748 τῇ
3847 5683 3960 5739 εὖ-

2288 5776 2314 5809 σ
2322 5749 2606 5835 χημοσύνῃ
2615 5791 2632 5809 .
