4158 6384
330 354 438 430 2'61

1325 346 1605 423 ORATIO
1648 347 1894 421 XXXV.
1942 389 2020 402 —
2066 353 2163 419 DE
2210 352 2734 421 MARTYRIBUS.

3604 352 3723 424 262

332 496 487 561 πόδες
519 495 935 578 ἀκροϐατοῦντες
966 496 1054 552 καί
1104 492 1467 574 ὕφαλλόμενοι
1512 512 1519 523 ·
1571 490 1726 555 αἰδὼς
1773 492 1981 571 εὐσχή-

2089 497 2207 552 iat:
2241 490 2490 552 summis
2522 489 2774 571 pedibus
2819 490 3167 554 insiliebant
3231 510 3299 554 ac
3342 491 3721 555 saltitabant:

334 609 448 665 μων
476 586 615 668 (33)
644 585 853 652 οὐδενὸς
882 586 989 643 τῶν
1018 582 1314 664 γινομένων
1345 582 1717 663 ἐφαπτομένη,

421 767 503 833 Δ’,
556 768 655 825 Διά
714 766 878 844 μέσου
934 764 988 821 δὲ
1042 766 1141 831 τῆς
1204 762 1457 830 τοιαύτης
1516 762 1759 841 χορείας,
1806 757 1992 838 ἀνδρὸς

339 856 571 915 εἴδωλον
602 864 842 916 τοιοῦτον
879 902 893 917 .
926 852 1183 931 μιξόθηλύ
1225 874 1331 927 τις,
1377 856 1465 909 καὶ
1511 854 1610 918 τὴν
1640 852 1790 933 φύσιν
1822 851 1993 929 ἀμφί-

335 949 517 1031 ϐολος,
572 951 661 1007 καὶ
726 946 1005 1026 θηλυδρίας
1046 946 1107 1002 τὸ
1152 944 1326 1019 εἶδος,
1374 944 1427 1001 ἐν
1473 944 1697 1022 μεθορίῳ
1744 946 1841 1001 τ’ἷς
1892 941 1993 1019 φύ-

337 1061 473 1103 σεως
506 1041 771 1115 κείμενος,
805 1036 1096 1111 λελυμένος
1157 1041 1235 1109 τῷ
1285 1036 1558 1114 σχήματι,
1593 1033 1716 1090 οἷόν
1743 1054 1846 1089 τινι
1877 1032 1993 1089 κώ-

338 1151 465 1205 ματι
520 1131 609 1185 καὶ
665 1128 802 1204 μέθη
847 1126 1178 1205 παράφορος.
1231 1125 1397 1186 Οὗτος
1457 1122 1543 1178 ἐπί
1584 1144 1726 1184 τινος
1780 1121 1995 1191 ἀπήνης

338 1217 680 1298 ἐξυπτιάζων,
729 1216 813 1272 διὰ
856 1222 950 1274 τοῦ
1014 1220 1181 1295 χοροῦ
1238 1213 1345 1268 τῶν
1398 1210 1677 1269 Μαινάδων
1732 1212 1833 1267 ὑπὸ
1888 1213 1993 1278 θη-

335 1314 438 1387 ρῶν
498 1306 617 1387 (34)
666 1306 964 1381 ἐκομίζετο.
1030 1302 1201 1369 Πολὺς
1258 1300 1311 1358 δὲ
1343 1302 1460 1380 περὶ
1489 1302 1646 1357 αὐτὸν
1676 1300 1737 1356 ἐκ
1792 1304 2000 1375 κρατῆ-

338 1418 427 1476 ρος
489 1399 517 1453 6
563 1396 817 1474 ἄκρατος,
850 1395 939 1451 καί
984 1414 1121 1457 τινες
1154 1390 1333 1467 λάλοι,
1365 1391 1464 1458 τὴν
1498 1394 1650 1470 φύσιν
1681 1388 1999 1465 ἀλλόκοτοι,

335 1488 453 1566 περὶ
508 1489 570 1543 τὸ
628 1482 855 1541 εἴδωλον
898 1483 1059 1557 ἦσαν,
1111 1483 1178 1539 τὰ
1233 1482 1496 1561 πρόσωπα
1541 1479 2001 1553 λάσιοι,γέπὶσκε-

336 1576 446 1633 λῶν
488 1577 746 1655 τραγιίων
808 1578 1250 1653 περισκιρτῶντες
1337 1573 1399 1628 τὸ
1463 1568 1710 1628 εἴδωλον.
1774 1571 2001 1627 Τοιαῦτα

333 1671 433 1734 τῆς
470 1668 651 1727 νυκτὸς
679 1664 889 1731 ὶκείνης
941 1664 1007 1718 τὰ
1055 1660 1393 1741 διηγήματα,
1442 1665 1700 1723 Γυναῖκες
1758 1658 1846 1714 ἐπ’
1878 1658 2001 1714 ἀτι-

336 1758 432 1833 μίᾳ
476 1758 853 1835 γνωρισθεῖσαι
910 1760 1001 1811 τοῦ
1056 1751 1264 1832 γένους,
1332 1750 1486 1818 κοινῆ
1546 1748 1842 1828 κατηγορίᾳ
1900 1753 2001 1818 τῆς

338 1847 548 1926 φύσεως
608 1845 706 1912 τὴν
791 1842 1180 1919 νενομισμένην
1269 1841 1324 1897 ἐν
1406 1838 1637 1919 γυναιξὶν
1716 1839 2002 1913 εὐκοσμίαν

339 1934 792 2015 ἐξορχησάμεναι,
828 1933 1055 2008 πομπὴν
1087 1931 1216 2009 ἦγον
1271 1929 1356 1987 διὰ
1414 1930 1585 2005 μέσης
1634 1934 1732 1996 τῆς
1765 1926 1999 2001 πόλεως,

339 2026 696 2105 θεατρίζουσαι
769 2020 835 2079 δι’
918 2023 1118 2078 ἑαυτῶν
1177 2021 1603 2100 ἀσχημονούσαν
1671 2019 1771 2087 τὴν
1826 2019 1999 2099 φύσιν,

338 2114 501 2179 λίθοις
540 2114 637 2179 τὰς
668 2126 863 2194 χεῖρας
894 2112 1009 2168 ἀντὶ
1052 2116 1247 2191 θυρεῶν
1298 2109 1610 2183 ὀπλίσασαι,
1663 2110 1843 2189 φόνιον
1870 2106 1998 2187 (35)

334 2208 652 2286 βλέπουσαι,
689 2204 899 2262 ἀναιδεῖ
926 2209 995 2281 τῇ
1037 2209 1145 2260 τῶν
1176 2204 1435 2280 ὀμμάτων
1487 2200 1646 2279 βολῇ,
1678 2202 1826 2263 ἐντὸς
1868 2200 1995 2278 (36)

337 2303 443 2354 τῶν
470 2298 624 2354 θείων
658 2292 956 2373 περιϐόλων
1015 2294 1322 2372 γενόμεναι,
1384 2292 1471 2349 ἐπὶ
1516 2296 1617 2359 τῆς
1671 2298 1810 2371 ιερᾶς
1839 2291 2003 2347 καθέ-

336 2386 461 2465 δρας
519 2386 783 2452 ἀνέθηκαν
842 2385 1048 2441 έαυτῶν
1090 2385 1182 2439 τὸν
1242 2379 1573 2460 Κορύϐαντα.
1642 2381 1778 2438 Εἶτα
1836 2382 1998 2460 μέθη,

337 2478 426 2533 καὶ
464 2474 717 2555 ἄκρατος,
775 2475 865 2531 καὶ
920 2475 966 2529 οἱ
1011 2472 1073 2530 ix
1128 2479 1237 2529 τῶν
1296 2472 1638 2551 ἀσκητηρίων
1672 2476 1861 2551 Πᾶνες,
1914 2472 2002 2527 καὶ

344 2563 454 2639 νὺξ,
513 2567 603 2621 καὶ
660 2561 904 2643 διαγωγὴ
961 2564 1259 2642 συμμιγὴς,
1310 2563 1400 2618 καὶ
1442 2561 1617 2617 πάντα
1648 2558 1747 2617 ὅσα
1805 2560 2002 2617 κωλύει

342 2657 371 2711 6
428 2652 760 2718 Ἀποστολος
814 2650 1013 2731 λέγειν,
1074 2653 1258 2727 εἰπὼν,
1305 2650 1387 2707 ὅτι
1418 2651 1495 2708 Τὰ
1545 2656 1717 2730 κρυφῇ
1757 2648 1848 2707 ὑπ’
1905 2650 2005 2707 αὖ·

350 2744 459 2801 τῶν
512 2743 803 2823 γινόμενα,
862 2743 1085 2821 αἰσχρόν
1161 2744 1272 2797 ἱστι
1330 2742 1417 2797 καὶ
1487 2739 1685 2819 λέγειν.
1746 2740 1832 2806 Τίς
1902 2741 2002 2820 γὰρ

340 2834 404 2892 ἂν
436 2836 578 2911 μετὰ
622 2831 892 2912 ἀκριϐείας
938 2830 1185 2897 διεξέλθοι
1255 2832 1330 2907 τῷ
1386 2830 1535 2912 λόγῳ
1591 2832 1652 2886 τὸ
1708 2837 1832 2911 πῦρ,
1879 2832 2000 2895 τοὺς

336 2909 536 2997 λίθους,
568 2924 664 2987 τὰς
693 2909 926 3002 σφαγὰς,
960 2922 1026 2978 τὰ
1083 2921 1358 3001 τραύματα
1392 2939 1407 2997 ;
1472 2909 1671 2978 υ(ὶπων
1703 2919 1764 2975 ἐκ
1785 2909 2000 2997 βάθρων

336 3012 634 3094 ἀνατρέψαι
664 3013 787 3075 τοὺς
846 3017 951 3068 τῶν
1004 3014 1158 3090 ἱερῶν
1212 3010 1379 3067 οἴκων
1442 3011 1761 3089 θεραπευτὰς
1813 3009 2000 3091 ἐφιλο-

338 3091 639 3181 νείκησανς
682 3091 771 3165 ιΟς
815 3098 900 3157 διὰ
951 3098 1121 3176 μέσης
1178 3105 1277 3167 τῆς
1316 3098 1527 3164 πόλεως
1575 3098 1827 3171 ζηλωτήν
1883 3122 2003 3157 τινα

336 3196 437 3259 τῆς
483 3188 735 3258 ἀληθείας
794 3188 1047 3269 ῥοπάλοις
1134 3187 1545 3270 διεχειρίσαντο,
1608 3192 1694 3247 καὶ
1752 3192 1841 3247 τὸν
1900 3190 2002 3269 3⁸7)

2076 578 2359 727 Ιιοὲιοειυε
2388 581 2577 660 pudor
2602 580 2751 641 nihil
2783 598 3014 658 eorum,
3049 599 3179 662 qua
3202 580 3446 660 fiebant,
3480 583 3725 645 contin-

2076 686 2145 727 ge
2192 676 2268 727 at.

2073 676 2268 747 gebaL

2157 755 2255 819 IV.
2290 761 2405 820 Per
2436 758 2695 820 medium
2728 767 2924 821 autem
2972 759 3315 840 hujusmodi
3359 765 3581 839 chora,
3608 763 3728 826 tale

2074 846 2187 907 viri
2210 848 2594 909 simulacrum
2615 848 2839 910 adverti
2862 870 2876 910 :
2904 850 3145 911 semivir
3162 850 3401 930 quidam
3424 862 3729 924 erat,sexu

2079 936 2297 998 dubius
2329 947 2387 1000 et
2435 939 2596 999 vultu
2646 938 3044 1012 eﬂ‘eminatus,
3082 940 3139 1000 in
3193 949 3420 1002 natura
3467 944 3729 1005 conﬁnio

2080 1027 2325 1107 positus,
2358 1038 2528 1106 gestu
2562 1030 2785 1091 fractus
2815 1048 2882 1091 ac
2914 1030 3257 1098 dissolutus,
3292 1032 3454 1093 velut
3492 1052 3729 1096 comes-

2080 1118 2310 1178 satione
2341 1118 2591 1198 quadam
2624 1128 2682 1181 et
2716 1120 3082 1189 temulentia,
3119 1130 3319 1182 mente
3365 1132 3591 1204 captus.
3622 1122 3731 1187 Hic

2079 1206 2139 1266 in
2164 1225 2341 1269 curru
2375 1210 2631 1288 quodam
2657 1210 2977 1290 resupinus
3001 1228 3109 1290 per
3129 1209 3454 1273 Manadum
3481 1215 3729 1275 chorum

2084 1314 2118 1357 a
2152 1296 2289 1357 feris
2315 1298 2677 1377 gestabatur.
2706 1300 2921 1378 Ingens
2951 1307 3148 1360 autem
3182 1304 3336 1362 circa
3356 1302 3548 1382 ipsum
3579 1304 3730 1366 meri

2085 1387 2255 1465 copia
2285 1398 2429 1462 erat,
2460 1407 2529 1450 ac
2560 1389 2837 1469 loquaces
2880 1389 3117 1469 quidam
3154 1399 3362 1451 natura
3413 1396 3730 1455 monstrosi

2084 1475 2468 1538 simulacrum
2495 1479 2985 1549 circumstabant,
3011 1478 3162 1540 facie
3186 1479 3380 1561 pilosi,
3408 1481 3465 1543 in
3486 1483 3735 1545 hircinis

2084 1565 2358 1628 cruribus
2379 1568 2537 1629 circa
2555 1568 2939 1629 simulacrum
2965 1568 3382 1649 tripudiantes.
3410 1570 3572 1633 Talia
3596 1583 3736 1635 sunt

2086 1656 2359 1735 exposita
2388 1658 2566 1737 hujus
2591 1657 2781 1719 noctis
2804 1659 3168 1737 spectacula.
3193 1660 3455 1722 Femina
3476 1663 3534 1723 in
3558 1682 3736 1726 sexus

2085 1748 2174 1805 sui
2198 1745 2460 1807 dedecus
2480 1756 2541 1809 et
2565 1749 2849 1827 probrum
2872 1756 3172 1826 spectata,
3194 1753 3494 1811 communi
3514 1762 3736 1815 natura

2023 1864 2063 1915 Β
2084 1836 2842 1911 accusatione,consuetam
2863 1837 3209 1898 mulieribus
3224 1839 3573 1903 modestiam
3588 1842 3731 1923 abji-

2088 1925 2345 2007 cientes,
2378 1945 2486 2006 per
2544 1927 2797 1988 mediam
2863 1926 3073 1988 urbem
3131 1946 3409 2009 pompam
3458 1932 3734 2015 agebant,

2088 2024 2455 2079 ostentantes
2479 2027 2749 2078 naturam
2776 2019 3027 2097 turpiter
3050 2036 3158 2096 per
3182 2017 3341 2097 ipsas
3364 2039 3431 2082 ac
3454 2021 3738 2085 indecore

2087 2104 2391 2181 habitam;
2425 2126 2658 2187 manus,
2691 2116 2992 2168 scutorum
3044 2108 3196 2180 loco,
3260 2114 3415 2173 saxis
3472 2121 3734 2196 armata,

2086 2195 2308 2256 cadem
2342 2197 2660 2271 occultam,
2694 2197 3031 2277 impudenti
3074 2198 3213 2258 652
3248 2200 3557 2262 oculorum
3585 2222 3736 2266 con-

2077 2284 2807 2364 jectu,minitantes,in1ra
2831 2285 3031 2348 divina
3057 2297 3222 2367 septa
3244 2290 3543 2369 ingressa,
3562 2311 3735 2357 suum

2084 2373 2145 2433 in
2177 2393 2347 2437 sacra
2372 2376 2908 2456 sedeCorybantem
2935 2376 3323 2441 collocarunt.
3352 2381 3576 2444 Deinde
3600 2402 3735 2445 cra-

2085 2465 2310 2544 pula,et
2344 2475 2666 2545 merum,et
2698 2484 2766 2527 ex
2791 2466 3240 2529 solitariislocis
3262 2471 3472 2545 Panes,
3503 2480 3562 2533 et
3593 2492 3731 2547 nox,

2084 2563 2143 2615 et
2174 2555 2511 2634 promiscua
2532 2554 2993 2636 consuetudo,et
3023 2574 3091 2617 ea
3109 2558 3470 2640 omnia,qua
3491 2566 3737 2641 Aposto-

2087 2642 2176 2705 lus
2200 2645 2290 2705 vel
2315 2645 2510 2725 eloqui
2539 2644 2835 2725 prohibet,
2873 2645 3082 2707 dicens
3114 2666 3126 2701 :
3156 2647 3296 2719 Quae
3314 2659 3515 2711 au'em
3541 2654 3608 2713 in
3633 2670 3732 2715 oc-

2086 2733 2245 2796 culto
2258 2733 2334 2795 ab
2351 2738 2437 2795 eis
2450 2736 2811 2815 ﬁunt,turpe
2826 2743 2910 2796 est
2929 2734 3219 2798 dice.~'e93.
3235 2737 3377 2808 Quis
3390 2739 3547 2799 enim
3564 2760 3735 2803 accu-

2084 2833 2210 2884 rate
2231 2822 2429 2913 verbis
2449 2842 2802 2903 percurrere
2820 2833 3002 2904 queat
3025 2824 3730 2913 ignem,lapides,cades,

2084 2914 2333 2974 vulnera
2354 2914 2383 2972 ‘?
2404 2912 2530 2985 Quo
2558 2924 2726 2991 pacto
2747 2914 3018 2976 certatim
3045 2934 3347 2976 sacrarum
3369 2918 3583 2980 adium
3610 2912 3733 2982 cul-

2088 3012 2245 3065 tores
2284 3002 2555 3067 funditus
2608 3016 2875 3065 evertere
2925 3005 3264 3067 tentarunt?
3309 3005 3618 3079 Quomodo
3672 3012 3729 3073 in

2087 3096 2283 3156 media
2313 3095 2460 3156 urbe
2483 3095 2672 3155 virum
2695 3095 3309 3175 quemdam,veritatis
3326 3096 3450 3157 zelo
3472 3098 3731 3178 ﬂagran-

2088 3193 2234 3266 tem,
2267 3185 2524 3247 fustibus
2581 3186 2950 3258 ceciderunt,
2994 3204 3169 3265 quem
3232 3187 3459 3249 scilicet
3502 3190 3735 3252 cadere

340 3278 519 3346 ἀληθῆ
552 3280 712 3360 φόνον
745 3281 773 3335 6
802 3280 1110 3346 ὑπονοηθεὶς
1142 3280 1299 3359 φόνος
1351 3278 1615 3336 ἐκώλυσεν
1650 3299 1666 3361 ς
1706 3278 1871 3336 Ἀλλὰ
1903 3282 1998 3359 γὰρ

2089 3274 2627 3355 destiterunt,quod
2651 3284 2945 3335 mortuum
2968 3273 3324 3336 crederent?
3343 3278 3561 3340 Verum
3581 3280 3732 3339 haud

339 3372 436 3428 οὐκ
479 3366 629 3449 οἶδα,
676 3374 791 3431 πῶς
851 3367 973 3446 (38)
1013 3373 1112 3435 τῆς
1165 3369 1473 3445 πρεπούσης
1515 3367 1713 3437 ἡδονῆς
1771 3368 2002 3449 ἀπερῤύη

342 3462 370 3515 ὁ
430 3456 620 3537 λόγος,
684 3456 1142 3540 έμφιλοχωρήσας
1195 3472 1315 3522 τοῖς
1372 3460 1589 3537 γηίνοις
1646 3457 1997 3537 διηγήμασιν,

338 3548 540 3606 Οὖκοῧν
584 3547 866 3605 ἐπανιτέον
939 3547 1056 3605 ὅθεν
1122 3546 1406 3623 ἒξέϐημεν,
1474 3547 1611 3605 ὥστε
1669 3547 1859 3627 γλυκεῖ
1916 3559 2003 3612 καὶ

334 3639 548 3713 ποτίμῳ
601 3644 679 3712 τῷ
729 3636 880 3716 λόγῳ
939 3639 1038 3705 την
1106 3637 1347 3717 ἁλμυρὰν
1408 3638 1616 3706 ἐκείνην
1664 3637 1789 3717 (39)
1836 3640 2003 3707 ἀκοὴν

333 3726 758 3789 ἀποκλύσασθαι.
815 3726 905 3785 Ἐν
982 3729 1082 3806 γὰρ
1154 3728 1328 3806 ἡμέρᾳ
1377 3727 1523 3807 (40),
1579 3730 1760 3807 ιρησὶν,
1808 3728 2002 3807 εὐφρο-

334 3819 499 3886 σύνης
543 3817 813 3895 ἀμνηστία
862 3816 989 3897 (41)
1040 3826 1220 3874 κακῶν
1259 3838 1271 3851 ο
1320 3818 1479 3875 πάλιν
1546 3819 1716 3874 τοίνυν
1777 3818 1863 3874 ἐπὶ
1912 3820 1999 3875 τὸν

336 3909 493 3967 αὐτὸν
537 3906 911 3987 ἐπανέρχομαι
970 3904 1103 3986 (42)
1161 3906 1346 3988 λογον,
1408 3906 1488 3964 ὅτι
1519 3910 1554 3976 ἡ
1589 3905 1675 3973 νὺξ
1707 3907 1882 3975 ἐκείνη
1912 3912 2000 3966 καὶ

337 4000 366 4053 6
411 3997 606 4077 γνόφος
637 3998 957 4077 ἠφάνισται,
1006 3998 1056 4053 αἱ
1114 3994 1169 4052 δὲ
1228 4002 1328 4064 τῆς
1388 3999 1603 4076 εἰρήνης
1670 3997 1886 4062 ἀκτῖνες
1917 3996 2000 4053 διὰ

337 4089 567 4165 καθαρᾶς
628 4089 729 4154 τῆς
778 4088 977 4166 αἰθρίας
1037 4093 1114 4162 τῷ
1184 4092 1284 4154 τῆς
1344 4086 1595 4155 ἀληθείας
1649 4089 1784 4168 φωτὶ
1842 4109 1998 4166 περι-

338 4172 659 4250 λάμπουσιν.
732 4177 827 4231 Διὰ
887 4182 1045 4233 τοῦτο
1126 4173 1449 4243 ἐκϐέϐληται
1540 4178 1639 4252 μὲν
1688 4178 1793 4232 τῶν
1847 4178 1997 4235 θείων

338 4261 639 4343 περιϐόλων
697 4271 802 4321 πᾶν
863 4263 891 4321 ὅ
943 4287 994 4321 τι
1054 4262 1281 4329 δυσῶδες
1337 4268 1426 4323 καὶ
1483 4265 1712 4343 βέϐηλον
1747 4282 1760 4295 ·
1797 4267 2000 4323 ἀντεισ-

340 4354 503 4422 ῆκται
547 4351 603 4409 δὲ
634 4354 812 4422 πάσης
845 4356 1168 4435 εὐφροσύνης
1199 4362 1304 4413 τῶν
1359 4354 1714 4415 εὐσεϐούντων
1748 4358 1795 4412 οἷ
1826 4357 1995 4433 οἶκοι,

2083 3366 2232 3440 scio,
2283 3366 2582 3445 quomodo
2637 3364 2710 3425 ab
2769 3384 2858 3434 ea,
2913 3384 3046 3445 qua
3106 3364 3379 3440 decebat,
3436 3367 3733 3445 voluptate

2085 3453 2332 3516 deﬂuxit
2356 3454 2632 3528 oratio,in
2660 3454 2909 3515 terrenis
2930 3457 3244 3515 immorata
3262 3456 3729 3518 narrationibus.

2084 3543 2291 3625 Itaque
2323 3563 2418 3617 eo,
2455 3544 2614 3605 unde
2651 3543 2902 3622 digressi
2936 3563 3166 3621 sumus,
3201 3546 3573 3606 redeundum
3618 3557 3730 3624 est,

2086 3635 2328 3696 utsuavi
2354 3645 2637 3715 grataque
2660 3634 2941 3695 orationis
2966 3634 3227 3713 potione,
3261 3636 3474 3695 salsam
3502 3650 3557 3697 et
3578 3656 3734 3698 ama-

2084 3743 2208 3786 ram
2236 3743 2467 3797 eorum,
2493 3743 2624 3804 qua
2656 3732 2891 3785 narrata
2924 3733 3083 3800 sunt,
3111 3725 3411 3803 potionem
3438 3727 3731 3788 eluamus.

2084 3816 2158 3875 In
2179 3816 2276 3877 die
2298 3816 2462 3877 enim
2485 3814 3263 3896 latitia,inquit,1nalorum
3291 3817 3514 3878 oblivio
3538 3826 3627 3879 est
3645 3818 3731 3877 94.

2085 3904 2379 3978 Quocirca
2399 3906 2470 3965 ad
2491 3905 2769 3967 eumdem
2794 3924 3137 3966 sermonem
3152 3908 3605 3987 revertor,quod
3623 3910 3736 3969 sci-

2084 3996 2224 4057 licet
2248 4014 2359 4057 nox
2393 3994 2490 4055 illa
2515 3995 2779 4074 etcaligo
2802 3996 3051 4076 depulsa
3080 4004 3191 4070 est,
3224 3997 3504 4077 pacisque
3552 3998 3731 4074 radii,

2084 4104 2193 4167 per
2214 4104 2419 4166 puram
2444 4086 2852 4162 serenitatem,
2880 4088 3145 4148 veritatis
3170 4087 3304 4149 luce
3329 4088 3596 4169 undique
3616 4088 3735 4152 col-

2086 4177 2309 4239 lucent.
2348 4176 2724 4256 Quapropter
2769 4196 2801 4238 e
2856 4177 3074 4239 divinis
3119 4178 3304 4258 septis
3334 4177 3592 4258 ejectum
3644 4189 3736 4241 est

2087 4266 2377 4348 quidquid
2406 4266 2561 4327 male
2582 4266 2749 4327 olens
2770 4274 2828 4327 et
2852 4266 3159 4346 profanum
3187 4278 3571 4343 erat;contra
3595 4286 3734 4331 vero

2086 4355 2250 4417 omni
2283 4355 2513 4436 piorum
2547 4355 2813 4416 virorum
2847 4356 3047 4417 latitia
3088 4357 3248 4419 ades
3281 4366 3591 4434 resonant,
3623 4378 3735 4421 nec

338 4445 432 4500 καὶ
463 4441 632 4501 λείπει
664 4446 794 4523 πρὸς
824 4444 1148 4525 εὖφροσύνην
1202 4443 1349 4505 οὐδέν
1384 4466 1396 4478 ο
1462 4449 1508 4504 οἱ
1552 4444 1887 4525 δαιτυμόνες,
1950 4449 1997 4504 οἱ

2089 4445 2491 4526 quidquamad
2503 4444 2939 4525 Jucunditatem
2957 4447 3583 4510 desideratur.Prasto
3598 4458 3737 4510 sunt

340 4532 663 4613 ἑστιάτορες,
708 4518 906 4602 ἦτοϊς
922 4518 1146 4613 ἀγαθοῖς
1204 4533 1482 4611 ἐδωδίμοις
1536 4518 1813 4608 πλήθουσα
1861 4518 1992 4617 τρά-

2089 4518 2520 4611 convivatores,
2538 4534 2883 4611 conviva,et
2905 4535 3213 4617 exquisitis
3233 4536 3451 4599 referta
3479 4537 3735 4619 dapibus

338 4629 471 4694 πεζα
483 4670 495 4685 ,

414 4781 471 4828 σε
499 4784 724 4867 Ephes.
767 4804 821 4864 ν,
863 4786 957 4850 12.
1040 4783 1299 4852 “Eccli.
1333 4805 1418 4870 ιι,
1444 4787 1543 4852 27.

424 4946 549 5029 (33)
580 4946 747 5012 Αἰδώς
792 4948 1110 5031 εὐσχήμων,
1134 4956 1248 5013 etc.
1286 4949 1586 5015 Leuvenk.
1628 4976 1655 5007 α
1688 4948 1991 5031 Nusquam

337 5026 589 5090 honesta
621 5026 1000 5094 verecundia.
1029 5051 1059 5091 ›

418 5108 555 5190 (34)
593 5101 723 5167 ’νπδ
750 5115 958 5191 θηρῶ-ι.
993 5110 1089 5174 Sic
1118 5112 1271 5191 Reg.
1306 5111 1431 5177 bm.
1464 5111 1529 5174 In
1565 5112 1731 5189 editi,
1763 5115 1864 5170 ὑπὸ
1903 5117 1992 5170 θυ.

373 5212 447 5246 ων

450 5350 547 5426 36)
580 5350 788 5419 Ἐντός.
827 5352 1085 5419 uIntraa
1152 5353 1252 5417 Sic
1290 5350 1615 5418 Léuve'nkf
1648 5363 1706 5418 et
1734 5356 1992 5419 Montac.

338 5432 551 5515 Billlus
580 5433 724 5515 legit
752 5435 930 5509 ἐκτός,
972 5460 993 5491 ο
1034 5443 1223 5497 extra.
1260 5460 1287 5491 η

422 5512 549 5594 (37)
586 5512 683 5573 Keil
704 5515 819 5575 τόν.
854 5516 1005 5595 Reg.
1038 5516 1165 5592 bm,
1190 5517 1252 5573 οὗ
1281 5518 1367 5574 καὶ
1396 5517 1512 5593 τόν,
1552 5537 1582 5577 ‹
1607 5516 1837 5596 cujus,»
1876 5525 1993 5581 etc.

430 5231 541 5349 '65)
570 5272 781 5335 Φόνιον.
817 5275 1075 5336 Montac.
1111 5273 1185 5335 ad
1217 5292 1435 5356 marg,
1467 5297 1555 5355 γρ,
1590 5276 1773 5357 φόνον.

422 5274 547 5492 ζᾷϐ)
580 5350 788 5419 Ἐντός.
827 5352 1085 5419 ιΙηιταΑ
1152 5353 1252 5417 Sic
1290 5355 1591 5418 Leuvenk.
1648 5363 1706 5418 et
1734 5357 1773 5419 Μ

422 5432 430 5492 Ι
462 5450 551 5492 Ius
580 5433 724 5492 lenit
752 5435 930 5492 ἐκτός.
972 5460 993 5491 ο
1034 5443 1223 5492 extra.
1260 5460 1287 5491 π

2081 4643 2316 4689 mensa.

2160 4948 2289 5030 (38)
2322 4947 2457 5008 Οἶδα
2488 4952 2626 5013 πῶς.
2661 4949 2805 5029 Reg.
2844 4950 2968 5028 bm,
2999 4951 3106 5010 οἷδ’
3135 4952 3304 5018 ὅπως,

2160 5031 2287 5113 (39)
2318 5030 2586 5114 ’ᾼλμνρὰν
2672 5032 2901 5100 ἐκείνην.
2982 5030 3081 5097 Sic
3159 5033 3308 5114 Reg.
3372 5033 3494 5100 bm.
3555 5031 3735 5095 Deest

2077 5111 2283 5181 ἰκείνην
2330 5111 2391 5172 in
2422 5112 2493 5172 ed
2510 5161 2523 5175 .

2163 5194 2287 5275 (40)
2324 5192 2415 5250 Ἐν
2459 5196 2560 5272 γὰρ
2604 5193 2800 5271 ἡμέρᾳ.
2841 5192 2939 5255 Sic
2997 5192 3175 5271 LXX,
3238 5202 3295 5257 et
3326 5194 3473 5273 Reg.
3511 5192 3630 5254 bm.
3665 5196 3734 5255 In

2082 5277 2209 5356 ed.,
2235 5275 2288 5330 ἐν
2316 5276 2419 5356 ,γὰρ
2453 5275 2701 5356 ὴμέραιςὶ

2160 5351 2284 5435 (lt)
2312 5351 2635 5435 'Apvnaztz.
2670 5351 2769 5415 Sic
2797 5353 2976 5434 LXX,
3030 5356 3178 5433 Reg.
3215 5355 3335 5433 bm,
3384 5361 3443 5416 et
3478 5356 3729 5419 Montac.

2079 5434 2378 5515 ad'marg.
2413 5435 2477 5493 In
2508 5434 2635 5513 ed.,
2671 5435 2988 5515 ἀμνηστίαν,

2165 5515 2288 5599 (42)
2326 5514 2747 5594 Ἐπανέρχομαι.
2788 5516 2935 5595 Reg.
2969 5514 3094 5591 bm,
3129 5516 3553 5598 ἰπανιρχόμεθα.
