4158 6390
358 264 482 335 269

353 407 496 484 ὥρας
579 407 766 484 μικρὸν
885 403 1288 484 προφαίνοντες,

1348 263 1632 330 ORATIO
1673 260 1956 329 XXXVI.
2002 295 2079 310 —
2122 256 2221 323 DE
2264 258 2539 343 SEIPSO,
2587 262 2754 328 ETC.

1387 401 1490 457 εἶθ’
1575 397 2007 463 ὒποστέλλοντες⁹
2033 409 2052 458 1

2142 395 2540 478 hilosophiam
2572 407 2772 461 autem
2807 397 2969 474 dico,
3004 417 3124 464 non
3158 400 3398 478 callide,
3427 408 3486 465 et
3507 401 3752 483 politico

3635 256 3756 329 2'70

356 495 476 552 ἀλλ’
531 499 622 553 ’ἱνα
677 498 807 574 (70)
864 498 926 552 τὸ
999 494 1211 574 φεύγειν
1263 492 1357 555 τὰς
1432 490 1732 570 προεδρίας,
1792 491 1878 545 καὶ
1938 489 2015 564 μὴ

2141 486 2346 548 rtiﬁcio
2363 487 2756 567 excogitatam
2774 497 2956 570 atque
2969 491 3461 569 accersitam,sed
3474 493 3760 574 simplici-

360 591 766 664 μεταποιεῖσθαι
797 592 900 642 τῶν
965 586 1227 640 τοιούτων
1261 583 1456 657 τιμὼν,
1501 587 1577 654 τῷ
1607 581 1820 659 ἡσυχίῳ
1869 576 2017 643 δείξω

2141 595 2191 637 ar
2224 596 2292 638 ac
2345 578 2740 658 spiritualiter
2790 579 3008 641 cultam
3062 587 3121 643 et
3172 581 3573 644 observatam.
3628 580 3759 646 Non

360 698 484 752 μεν.
538 676 746 756 Τρίτον,
807 679 1034 754 ὁρῶντες
1068 675 1212 748 ἡμᾶς
1260 671 1356 729 οἶα
1384 671 1672 750 πάσχομεν
1692 670 1793 726 ὑπό
1823 690 1881 725 τε
1911 672 2019 724 τῶν

2141 669 2286 748 nim,
2312 684 2373 730 ut
2396 687 2756 752 quaeramur,
2786 671 3045 733 latebras
3073 674 3354 753 petimus,
3382 693 3495 738 nec
3518 682 3583 736 ut
3604 693 3761 756 prm-

363 764 547 830 ἕξωθεν
614 765 1015 841 πολεμούντων,
1078 763 1169 818 καὶ
1222 768 1328 818 τῶν
1383 759 1584 817 ἔνδοθεν
1646 756 2018 816 ἐπιϐουλευόν-

362 872 491 911 των’
554 854 761 937 ἐπειδὴ,
821 856 958 912 κατὰ
1016 854 1108 910 τὶν
1168 849 1395 928 Δανιὴλ,
1457 849 1671 917 ἐξῆλθεν
1717 847 1910 924 ἀνομία
1965 847 2026 937 ἐκ

363 936 752 1025 πρεσϐυτέρων
830 945 890 1000 ὲκ
1002 940 1339 1017 Βαϐυλῶνος,
1425 940 1480 997 οἳ
1592 937 1805 995 ὶδόκουν
1905 936 2024 1016 κρί-

367 1056 472 1090 νειν
543 1035 634 1091 τὸν
694 1032 930 1113 Ἰσραὴλ⁶
980 1030 1319 1112 σχετλιάζειν
1393 1028 1490 1104 μὲν
1520 1029 1607 1086 καὶ
1637 1027 2025 1108 δυσχεραίνειν,

369 1126 455 1179 καὶ
514 1123 608 1180 οὒκ
638 1122 788 1203 ἔχειν
818 1123 965 1186 ὅπως
996 1120 1306 1195 ὲπαμύνητε
1339 1118 1462 1196 (71)
1496 1116 1902 1197 τυραννουμένῳ
1931 1116 2027 1191 μό-

368 1236 455 1269 νον
511 1211 566 1268 δὲ
597 1214 710 1271 ἂντὶ
740 1213 953 1270 πάντων
983 1210 1240 1291 εἰσφέρειν
1261 1210 1353 1266 τὸν
1386 1207 1556 1266 ἔλεον.
1597 1207 1656 1265 Ὀ
1688 1207 1778 1266 οὖν
1839 1206 2026 1270 οἶκτος

370 1310 438 1380 τῇ
466 1301 609 1360 αἰδοῖ
655 1305 970 1380 συγκραθετς
1003 1299 1216 1380 φίλτρον
1273 1299 1506 1377 ἐγένετο.
1573 1298 1672 1356 Καὶ
1728 1304 1883 1354 τοῦτο
1927 1301 2026 1362 της

371 1394 490 1472 περὶ
521 1393 615 1467 ἐμὲ
642 1397 806 1459 τιμῆς
833 1392 892 1447 τὸ
925 1390 1241 1466 μυστήριον.

2106 758 2374 820 stantiori
2403 758 2632 822 honore
2654 760 2814 840 digni
2830 763 3762 845 appareamus,quemadmodum

2107 849 2210 930 qui
2231 848 2477 912 eximias
2492 851 2779 930 quasdam
2796 851 3018 912 formas
3033 851 3336 932 paululum
3361 863 3632 917 ostensas
3652 862 3768 918 sta-

2109 940 2212 1000 tim
2238 958 2306 1000 ex
2337 939 2528 1002 oculis
2553 939 2948 1015 subducunt;
2987 941 3093 1003 sed
3130 949 3190 1003 ut
3220 962 3327 1023 per
3355 944 3615 1025 quietam
3649 951 3708 1006 et
3733 961 3767 1005 e

2112 1029 2309 1090 medio
2335 1029 2654 1093 reductam
2681 1030 2812 1091 vitae
2832 1030 3308 1108 rationem,illud
3321 1033 3562 1114 planum
3585 1035 3768 1098 facia-

2111 1136 2264 1194 mus,
2294 1121 2428 1180 637
2461 1139 2568 1182 nos
2591 1140 2624 1181 a
2655 1120 3025 1201 praefecturis
3057 1122 3244 1183 sacris
3273 1121 3622 1200 abhorrere,
3648 1143 3762 1188 nec

2111 1207 2454 1286 hujusmodi
2476 1209 2733 1272 honores
2757 1209 2988 1273 ambire
3012 1218 3189 1291 atque
3211 1213 3516 1293 aucupari.
3537 1212 3766 1296 Tertio,

2111 1316 2272 1378 cum,
2298 1298 2515 1380 quibus
2539 1300 2864 1375 malis,tum
2887 1299 2959 1361 ab
2982 1301 3244 1364 externis
3264 1311 3467 1383 aperto
3485 1321 3594 1365 nos
3613 1303 3772 1367 bello

2113 1387 2708 1460 lacessentibus,tum
2723 1389 2795 1451 ab
2819 1388 3073 1451 internis
3094 1398 3152 1452 et
3167 1389 3509 1454 domesticis
3525 1393 3774 1456 insidias

375 1480 780 1554 molientibus,
811 1478 1161 1548 afﬁciamur,
1199 1475 1577 1558 exploratum
1608 1473 1877 1537 habeatis
1905 1476 2444 1555 (quandoquidem,
2473 1479 2635 1558 juxta
2655 1477 2983 1554 Danielem,
3019 1496 3257 1558 egressa
3289 1487 3378 1543 est
3409 1481 3706 1563 iniquitas
3735 1500 3776 1544 α

370 1569 714 1632 senioribus
741 1568 1150 1649 Babylonicis,
1184 1568 1290 1646 qui
1317 1565 1606 1628 Israclem
1637 1583 1840 1646 regere
1869 1566 2387 1630 existimabantur
2419 1569 2488 1641 4);
2525 1568 2750 1630 idcirco
2776 1569 3060 1649 conqueri
3093 1568 3335 1650 quidem
3365 1579 3544 1648 atque
3558 1571 3780 1635 animis

375 1659 515 1737 angi
545 1658 848 1739 videmini,
878 1676 1012 1738 nec,
1044 1674 1306 1736 quonam
1339 1654 1516 1718 modo
1551 1673 1725 1735 opem
1760 1654 1968 1734 iniqua
2015 1655 2068 1716 vi
2118 1676 2408 1738 oppresso
2462 1659 2691 1740 feratis,
2723 1658 2974 1736 habere;
3005 1677 3073 1721 ac
3103 1659 3381 1737 proinde,
3411 1661 3567 1741 quod
3593 1681 3779 1725 unum

373 1748 538 1823 licet,
589 1748 783 1810 vicem
836 1755 1098 1808 nostram
1150 1745 1568 1826 fortunamque
1618 1746 1912 1807 miserari.
1961 1743 2264 1809 Miseratio
2306 1767 2481 1828 porro
2517 1748 2729 1829 pudori
2760 1750 3079 1828 conjuncta
3109 1765 3376 1811 amorem
3424 1751 3776 1830 procreavit.

379 1839 574 1918 Atque
604 1837 711 1900 bas
740 1837 982 1899 demum
1007 1835 1253 1898 honoris
1286 1835 1435 1897 mihi
1461 1833 1650 1897 habiti
1693 1852 1940 1897 arcanas
1988 1853 2195 1903 causas
2233 1857 2366 1900 esse
2396 1857 2640 1900 censeo.

461 1928 552 1990 A'.
610 1926 760 1986 Ἐπεὶ
802 1926 856 1983 δὲ
887 1931 934 1984 οἱ
977 1927 1130 2006 λόγοι
1177 1929 1238 1984 τὸ
1269 1925 1699 2002 πολεμούμενον,
1746 1927 1893 1994 καὶὴ
1937 1947 2039 1981 πε-

2207 1929 2305 1990 1V.
2331 1926 2625 1999 Quoniam
2647 1935 2846 1988 autem
2873 1945 2991 1988 non
3025 1925 3202 1989 aliam
3225 1926 3305 1989 ob
3332 1944 3462 1988 rem
3487 1926 3647 1992 bello
3671 1947 3784 2011 pe-

377 2019 532 2098 ριττὴ
590 2020 676 2075 καὶ
733 2018 1009 2097 ἐπίφθονος
1064 2015 1197 2085 αὕτη
1227 2016 1466 2096 γλῶττα,
1500 2015 1566 2086 ἣν
1598 2017 1655 2072 ἓν
1685 2029 1806 2078 τοῖς
1855 2013 2041 2080 ἔξωθεν

382 2107 755 2166 παιδευθεῖσαν
815 2107 1020 2187 λόγοις,
1075 2121 1194 2172 τοῖς
1235 2107 1394 2172 θείοις
1462 2104 1862 2184 ἐξευγενίσαμεν
1892 2104 2039 2181 (72),

377 2200 466 2254 καὶ
521 2198 619 2265 τὴν
677 2198 871 2277 πικρὰν
901 2199 989 2253 καὶ
1023 2194 1221 2254 ἄποτον
1253 2195 1458 2275 Μερῥὰν
1501 2202 1578 2270 τῷ
1607 2200 1706 2262 τῆς
1738 2201 1881 2267 ζωῆς
1911 2194 2046 2266 ξύλῳ

376 2286 872 2367 κατεγλυκάναμεν,
959 2286 1254 2344 πεπόνθατέ
1312 2309 1362 2342 τι
1436 2285 1600 2349 πάθος
1650 2286 1850 2348 ἱκανῶς
1898 2283 2047 2343 ἔλευ-

376 2375 567 2456 θέριον·
629 2384 789 2434 τοῦτο
839 2375 1108 2456 στέργετε,
1145 2373 1211 2433 δι’
1270 2375 1298 2431 ὅ
1349 2375 1751 2452 πολεμούμεθα.
1814 2377 1875 2433 Τί
1945 2374 2046 2452 γὰρ

383 2471 442 2525 οὗ
491 2489 591 2530 την
662 2469 851 2547 κωφὴν
923 2467 1046 2546 (73)
1078 2466 1432 2542 ἠσπασάμεθα
1460 2463 1728 2523 παίδευσιν
1765 2485 1782 2541 ;
1817 2468 1867 2521 τί
1900 2461 1956 2520 δὲ
1985 2463 2044 2519 οὔ

384 2559 486 2624 τὴν
543 2557 704 2634 ξηράν
761 2578 820 2613 τε
893 2558 981 2614 καὶ
1046 2557 1196 2614 κάτω
1264 2557 1592 2635 βαίνουσανς
1652 2555 1702 2610 τί
1749 2553 1828 2610 δαὶ
1878 2553 2044 2629 ταύτῃ

393 2647 686 2726 χαίροντας
773 2647 894 2710 τοὺς
971 2644 1202 2710 πολλοὺς
1277 2647 1525 2726 ὁρῶντες,
1625 2643 2046 2725 ἐφιλοσοφοῦμεν

391 2734 513 2800 ξένα
570 2738 657 2792 καὶ
717 2735 939 2816 ἔκφυλα,
996 2737 1084 2793 καὶ
1137 2738 1269 2813 πρὸς
1312 2736 1406 2798 τὰς
1465 2735 1763 2800 ἀντιθέτους
1794 2732 2044 2813 γλώσσας

386 2826 643 2900 ἱστάμεθα
668 2844 684 2906 ;
733 2824 848 2881 δέον
877 2826 1160 2904 θρασύτηνι
1191 2826 1401 2905 φεύγειν
1444 2826 1566 2888 τοὺς
1597 2823 1916 2905 λογισμοὺς,
1960 2823 2047 2880 καὶ

387 2916 564 2971 πίστιν
626 2916 906 2992 ὀνομάζειν
938 2917 1039 2982 τὴν
1067 2915 1310 2994 ἀλογίαν,
1340 2915 1403 2984 ἥν
1441 2916 1702 2994 ἠγάπησα
1735 2914 1796 2970 ἄν
1826 2916 1916 2970 καὶ
1948 2918 2049 2971 αὒ-

386 3009 502 3082 τὸς,
574 3011 632 3064 εὖ
689 3007 830 3088 ἴστε,
863 3009 1041 3074 ἁλιεὺς
1087 3007 1181 3064 ὧν·
1219 3008 1408 3076 ἐπειδὴ
1437 3015 1594 3066 τοῦτο
1619 3007 1910 3087 πρόχειρον
1932 3019 2050 3069 τοϊς

2127 2017 2330 2092 timur,
2366 2037 2541 2099 quam
2577 2024 2822 2097 propter
2859 2017 3295 2098 eloquentiam,
3330 2026 3390 2078 et
3419 2036 3785 2098 supervaca-

2127 2127 2298 2170 neam
2317 2108 2473 2169 hanc
2499 2115 2555 2169 et
2579 2106 2932 2168 invidiosam
2955 2107 3241 2186 linguam,
3267 2124 3470 2188 quam,
3496 2107 3558 2168 in
3582 2109 3786 2188 profa-

2129 2199 2221 2259 nis
2253 2197 2543 2259 doctrinis
2576 2197 2894 2272 eruditam,
2919 2197 3147 2260 divinis
3180 2205 3385 2278 postea
3443 2195 3789 2260 nobilitavi-

2131 2307 2286 2361 mus,
2324 2287 2665 2368 salsamque
2694 2287 2858 2348 illam
2903 2295 2962 2349 et
3007 2287 3440 2349 amarulentam
3494 2290 3711 2350 Maram
3735 2317 3790 2362 ε,

2132 2397 2240 2458 per
2260 2377 2391 2438 vitae
2412 2377 2636 2456 lignum
2658 2377 2897 2439 dulcem
2921 2376 3316 2457 reddidimus,
3341 2377 3620 2441 affectum
3645 2395 3793 2440 sane

2130 2467 2347 2529 animis
2380 2467 2653 2546 ingenuis
2686 2475 2744 2528 et
2788 2465 3139 2528 liberalibus
3171 2466 3414 2546 dignum
3466 2466 3788 2529 induistis:

2131 2558 2244 2618 hoc
2271 2559 2504 2627 amatis,
2534 2555 2609 2618 ob
2634 2555 2796 2634 quod
2826 2573 3266 2636 oppugnamur.
3299 2556 3422 2618 Cur
3455 2556 3616 2617 enim
3653 2575 3793 2617 mu-

2133 2657 2247 2708 tam
2283 2646 2683 2708 eruditionem
2724 2645 2985 2726 amplexi
3043 2665 3163 2706 non
3216 2643 3471 2708 sumus?
3513 2663 3620 2706 cur
3672 2664 3794 2708 non

2132 2737 2360 2798 aridam
2385 2743 2441 2797 et
2468 2735 2634 2796 humi
2657 2742 2990 2816 reptantem
3013 2736 3040 2795 ?
3067 2753 3195 2811 cur,
3219 2753 3356 2796 cum
3382 2753 3452 2796 ea
3475 2734 3796 2815 plerosque

2131 2825 2419 2887 delectari
2450 2825 2964 2906 conspiceremus,
3000 2824 3062 2884 in
3095 2824 3411 2904 peregrina
3439 2826 3709 2906 quaedam
3736 2833 3798 2886 et

2133 2916 2327 2976 aliena
2351 2915 2548 2976 studia
2571 2913 3168 2993 incubuimus,alque
3190 2914 3548 2975 adversariis
3575 2913 3796 2992 linguis

2137 3002 2528 3066 obstitimus?
2552 3022 2686 3066 cum
2716 3011 2929 3065 contra
2960 3004 3291 3084 oportuerit
3314 3002 3800 3064 ratiocinationes

389 3097 616 3164 πολλοῖς
660 3101 733 3162 εἱς
793 3097 1085 3177 ἀπολογίαν
1133 3099 1231 3167 τῆς
1289 3099 1537 3175 ἀμαθίαςο
1576 3100 1622 3154 εἰ
1680 3096 1839 3175 λόγον
1893 3101 2052 3176 εἶχον

2141 3095 2424 3157 audacter
2458 3093 2764 3174 defugere,
2798 3111 2868 3154 ac
2904 3101 3083 3154 mutae
3120 3091 3374 3154 inscitiae
3408 3091 3549 3154 ﬁdei
3578 3110 3800 3154 nomen

392 3188 501 3244 τῶν
559 3189 797 3264 σημείων
853 3192 953 3257 τὴν
1002 3186 1241 3264 δύναμιν.
1283 3179 1377 3252 Ὠς
1449 3187 1705 3245 ἀπόλοιτο
1753 3187 1804 3252 ἐξ
1848 3185 2052 3265 ἀνθρώ-

2142 3185 2479 3266 imponere,
2507 3201 2685 3264 quam
2716 3182 2845 3264 ipse
2875 3201 3139 3264 quoque,
3176 3179 3322 3242 mihi
3355 3182 3608 3259 credite,
3628 3200 3798 3243 com-

395 3300 512 3334 πων
573 3280 600 3333 ὁ
660 3278 881 3359 φθόνος,
942 3279 978 3347 ἡ
1049 3276 1258 3346 δαπάνη
1317 3282 1421 3335 τῶν
1452 3277 1718 3359 ἑχόντων,
1756 3279 1782 3332 ὁ
1813 3281 1918 3331 τῶν
1949 3298 2052 3331 πα-

2146 3275 2350 3356 plexus
2374 3282 2666 3353 essem,ut
2688 3271 2944 3353 piscator
2967 3270 3477 3353 (quandoquidem
3497 3272 3612 3333 hoc
3638 3270 3799 3332 mul-

395 3366 646 3447 σχόντων
714 3370 811 3442 ἰὸς,
845 3370 905 3425 τὸ
937 3369 1099 3438 μόνον
1133 3375 1236 3425 τῶν
1270 3369 1453 3426 παθῶν
1500 3365 1826 3425 ὰδικὼτανόν
1859 3386 1917 3421 τε
1948 3364 2052 3441 ἅμα

2153 3365 2226 3426 tis
2248 3364 2321 3425 ad
2353 3362 2604 3424 inscitiae
2638 3361 3080 3423 excusationem
3113 3360 3175 3421 in
3229 3369 3506 3441 promptu
3557 3364 3713 3440 est);
3751 3359 3804 3419 si

396 3459 485 3513 κεί
516 3455 884 3515 δικαιότατον·
921 3460 981 3516 τὸ
1007 3458 1128 3534 μὲν,
1160 3459 1242 3514 ὃτι
1274 3464 1403 3516 πᾶσι
1436 3455 1653 3538 διοχλεϊ
1683 3469 1802 3519 τοῖς
1844 3453 2052 3520 καλοῖς·

2146 3454 2444 3515 sermonis
2465 3471 2534 3513 ac
2566 3451 2857 3512 doctrina;
2883 3450 3039 3526 loco,
3067 3449 3372 3528 signorum
3397 3458 3454 3511 et
3479 3449 3804 3511 miraculo-

397 3550 458 3603 τὸ
517 3546 572 3602 δὲ
626 3546 768 3625 (74),
801 3547 882 3605 ὅτι
929 3551 1084 3618 τήκει
1142 3549 1265 3613 τοὺς
1323 3548 1577 3630 ἔχοντας.
1652 3547 1724 3605 Oi)
1775 3546 1873 3624 γὰρ
1942 3559 2052 3609 τοῖς

2146 3563 2279 3605 rum
2332 3543 2448 3603 vim
2497 3541 2862 3602 habuissem.
2899 3539 3136 3604 Utinam
3189 3558 3260 3601 ex
3316 3539 3630 3601 hominum
3689 3539 3808 3602 vita

399 3638 625 3715 πρώτως
710 3638 836 3716 (75)
892 3637 1231 3695 ἐπαινέσασιν
1315 3628 1460 3714 ἡμᾶς
1537 3636 1932 3715 καταράσομαϋ
2010 3637 2052 3692 oi

2153 3634 2426 3695 interiret
2453 3631 2756 3707 livor,haac
2781 3629 3120 3691 invidorum
3158 3628 3466 3710 tabes,hoc
3509 3646 3804 3692 venenum

397 3730 499 3807 γὰρ
564 3725 782 3802 ᾔδεισαν
832 3733 942 3784 τῶν
970 3727 1198 3784 ἐπαίνων
1249 3727 1311 3785 τό
1367 3727 1543 3790 τέλος·
1579 3729 1654 3790 ὡς
1709 3726 1862 3807 τάχα
1905 3723 1968 3782 ἂν
2016 3747 2046 3780 τ

2151 3741 2386 3796 eorum,
2418 3721 2522 3801 qui
2551 3741 2623 3782 eo
2649 3719 2942 3794 laborant,
2971 3719 3136 3780 solus
3160 3737 3231 3782 ex
3262 3718 3545 3782 omnibus
3571 3717 3805 3780 affecti-

398 3819 484 3874 ιιαὶ
540 3815 800 3896 λοιδορίας
862 3817 1224 3895 προσέθηκαν,
1285 3821 1376 3875 ’ἱνα
1424 3819 1516 3874 τὸν
1603 3815 1793 3896 φθόνον
1825 3815 2052 3895 ἐπίσχω

2151 3813 2263 3875 bus
2295 3811 2709 3893 iniquissimus
2742 3809 2918 3870 simul
2949 3818 3008 3873 et
3040 3809 3420 3889 aequissimus
3445 3830 3460 3873 :
3487 3807 3809 3888 illnd,quia

399 3930 506 3968 σιν.
2154 3903 2331 3964 bonis
2355 3899 2635 3963 omnibus
2662 3901 2915 3960 infestus
2943 3909 3034 3960 est
3063 3915 3079 3974 ;
3104 3897 3391 3974 hoc,quia
3422 3917 3546 3971 eos,
3571 3898 3670 3980 qui
3696 3899 3807 3957 hoc

405 3996 546 4059 vitio
571 3996 872 4077 laborant,
903 3996 1166 4058 conﬁcit.
1201 3993 1332 4060 Non
1367 3995 1527 4060 enim
1558 3995 1655 4074 iis,
1690 3996 1792 4077 qui
1817 4015 1924 4058 nos
1954 3993 2229 4057 laudibus
2262 3991 2439 4073 primi
2484 3990 2848 4061 extulerunt,
2881 3989 3020 4049 mali
3051 3988 3375 4069 quidquam
3405 3986 3804 4067 imprecabor.

404 4085 610 4168 Neque
641 4087 826 4168 enim,
854 4085 988 4167 quis
1018 4085 1263 4149 laudum
1294 4086 1431 4148 ﬁnis
1462 4086 1694 4148 futurus
1720 4095 1901 4161 esset,
1939 4092 2319 4166 perspectum
2348 4080 2672 4143 habebant.
2701 4081 2850 4142 Nam
2869 4077 3094 4155 alioqui
3113 4077 3386 4140 uonnihil
3415 4095 3652 4158 quoque
3675 4093 3811 4137 ma-

407 4176 749 4241 ledicentia;
775 4176 1214 4258 adjnnxissent,
1249 4177 1618 4240 utinvidiam
1649 4176 2071 4258 reprimerent.

499 4267 584 4332 ιε’.
637 4276 825 4348 Οὗτος,
891 4269 979 4324 καὶ
1038 4269 1131 4324 τὸν
1163 4267 1468 4349 Ἐωσφόρον
1523 4256 1792 4345 ἐσκότισε,
1837 4288 2052 4324 καταπεη

2245 4263 2315 4326 V.
2351 4259 2514 4336 Haec,
2547 4267 2606 4322 et
2664 4257 3041 4349 Luciferum”
3064 4257 3422 4338 obscuravit,
3459 4259 3535 4320 ob
3593 4256 3814 4349 mentis

413 4359 576 4415 σὸντα
644 4354 718 4413 δι’
777 4346 1016 4436 ἔπαρσιν·
1068 4359 1126 4415 οὒ
1155 4359 1256 4437 γὰρ
1285 4346 1506 4438 ἤνεγκε,
1536 4359 1682 4420 θεῖος
1713 4357 1813 4432 ὥν,
1874 4356 1954 4434 μη
1986 4379 2052 4413 κα

2161 4352 2484 4417 elationem
2510 4349 2850 4438 prolapsum
2879 4365 2894 4423 ;
2921 4347 3234 4428 indignum
3256 4351 3417 4410 enim
3440 4356 3619 4428 atque
3648 4346 3812 4408 into-

410 4450 526 4514 θεὸς
585 4447 921 4525 νομισθῆναν
983 4448 1073 4505 καὶ
1130 4436 1238 4504 τὸν
1273 4436 1445 4523 Ἀδὰμ
1490 4436 1716 4513 -ὲξέϐαλε
1766 4453 1860 4505 τοῦ
1905 4469 2049 4526 παρα

2161 4442 2477 4506 lerandum
2537 4436 2812 4514 ducebat,
2849 4456 2940 4511 se,
2993 4457 3129 4498 cum
3181 4437 3414 4500 divinus
3462 4444 3642 4509 esset,
3694 4453 3815 4498 non

411 4538 601 4617 δείσου,
679 4537 746 4596 δι’
805 4536 999 4606 ἡδονῆς
1058 4537 1264 4615 κλέψας
1323 4539 1410 4595 καὶ
1491 4538 1766 4615 γυναικὸς.
1822 4534 2052 4595 Ἐπείσθι

2141 4534 2342 4601 ,deum
2377 4547 2614 4612 quoque
2653 4527 2982 4620 existimari
3008 4527 3355 4620 ;_Adamum
3407 4543 3666 4608 quoque,
3709 4543 3819 4606 per

408 4631 536 4710 γὰρ,
594 4631 668 4694 ὡς
725 4629 844 4694 θεὸς
919 4631 1060 4686 εἶναι
1114 4629 1480 4706 βασκαίνεται,
1530 4634 1624 4685 τοῦ
1679 4632 1779 4695 τῆς
1826 4628 2046 4706 γνώσεω

2162 4622 2520 4702 voluptatem
2552 4629 2612 4679 et
2639 4617 2956 4679 mulierem
2982 4617 3519 4697 circumventum,e
3543 4617 3818 4698 paradiso

409 4705 562 4785 ξὺλου
604 4719 738 4782 τέως
798 4705 1132 4797 εἱργὸμενος,
1190 4725 1358 4782 Οὗτος
1412 4719 1499 4776 διαὶ
1551 4720 1643 4774 τὸν
1716 4705 1853 4775 Κάϊν
1913 4715 2052 4774 ἀδελ·

2161 4710 2411 4792 expulit.
2443 4708 2584 4769 658
2613 4707 2924 4770 Adductus
2961 4716 3053 4770 est
3083 4706 3274 4784 enim,
3299 4715 3362 4768 ut
3385 4706 3669 4769 deitatem
3701 4705 3818 4767 sibi

487 4818 508 4861 ί
542 4816 691 4880 Dan.
721 4832 856 4894 xm,
891 4817 954 4883 5.
1041 4816 1069 4859 ³
1100 4815 1287 4879 Exod.
1324 4832 1428 4893 xv,
1465 4815 1568 4880 23.

493 4916 618 4998 (70)
655 4914 808 4998 ξΑλλ⁹
852 4915 969 4977 ἵνα.
1006 4914 1108 4978 Sic
1130 4914 1312 4998 codd.
1341 4917 1521 4998 Deest
1549 4912 1685 4998 ἀλλά
1714 4912 1778 4976 in
1810 4914 1909 4978 ed.

493 4995 623 5078 (71)
653 4995 1024 5078 ’βπαμύνητε.
1057 4996 1240 5078 (lois_l.
1279 4996 1338 5078 1,
1390 4997 1749 5078 ἔπαμόνηται.

497 5074 621 5159 (72)
669 5075 1128 5159 Ἐξευγενίσαμεν.
1164 5074 1514 5142 ΤιόεὈοΙὺ.
1548 5084 1607 5139 et
1654 5075 1862 5139 Comb.
1918 5074 2078 5144 ἐξηυ-

452 5162 729 5222 ενίσαμεν.

415 5183 729 5238 γενισαμεν.

501 5242 625 5322 (73)
678 5239 740 5322 τέ
790 5239 890 5322 γὰρ
918 5243 982 5322 ρῦ
1039 5240 1136 5308 τὴν
1185 5239 1398 5322 κωφὴν,
1440 5246 1583 5322 eteo-
1617 5256 1648 5298 (
1711 5234 2085 5322 Qbssurissi-

418 5315 539 5404 ma,
569 5315 764 5403 inquit
793 5315 1030 5404 Billius,
1065 5327 1156 5382 est
1193 5315 1322 5404 haec
1361 5315 1687 5404 periodus.
1740 5315 1934 5404 Hujus
1980 5327 2086 5404 ta-

415 5397 554 5466 men
569 5397 968 5482 sensum,nisi
988 5397 1100 5483 nos
1119 5401 1326 5483 opinio
1350 5397 2090 5483 fallit,expressimus.0b~

416 5483 533 5547 iter
562 5485 662 5546 hic
694 5500 802 5564 eos
826 5479 1000 5564 notat
1030 5479 1379 5564 Gregorius,
1414 5482 1538 5564 qui,
1569 5479 1663 5541 vel
1691 5479 1943 5564 inscitiae
1964 5498 2088 5564 suae

419 5563 810 5638 conscientia,
843 5563 935 5626 vel
967 5563 1204 5625 invidiae
1235 5561 1529 5641 metu,'ab
1549 5561 1712 5624 omni
1734 5561 2088 5642 disputatio-

421 5665 563 5709 num
597 5645 989 5708 contentione
1018 5640 1420 5725 refugiebant,
1450 5662 1519 5706 ac
1548 5645 1720 5725 lupos
1750 5640 1997 5723 impune
2029 5648 2090 5702 in

422 5728 663 5794 Domini
692 5743 939 5808 gregem
965 5722 1261 5807 impetum
1283 5724 1486 5791 facere
1505 5722 2091 5807 patiebantur,atque

2161 4911 2338 4974 etiam
2361 4907 2766 4988 turpissimam
2793 4923 2961 4988 suam
2989 4906 3279 4988 ignaviam
3314 4903 3737 4988 honestissimo
3755 4905 3826 4988 tif

2163 4992 2260 5055 dei
2292 4983 2645 5072 pietatisque
2692 4987 2936 5072 nomine
2965 4983 3394 5072 obvelabant...
3429 4985 3607 5072 Quod
3631 4986 3684 5047 si
3725 4983 3823 5046 cui

2167 5067 2381 5135 mirum
2412 5067 2702 5151 videatur,
2737 5069 2933 5151 quod,
2957 5069 3196 5151 ἀλογίαν,
3237 5085 3357 5151 non
3386 5067 3821 5151 temeritatem,

2166 5155 2270 5218 sed
2329 5153 2642 5215 inscitiam
2689 5145 3028 5221 'v'erterim,
3071 5145 3280 5210 mirari
3343 5146 3618 5228 profecto
3661 5145 3823 5228 desi-

2173 5235 2354 5306 net,si
2385 5233 2532 5294 sciat
2559 5231 2914 5310 Gregorium
2933 5229 3065 5291 aliis
3086 5246 3323 5310 quoque
3346 5226 3654 5310 nonnullis
3679 5226 3826 5288 locis

2173 5316 2384 5378 eadem
2418 5307 2857 5391 signiﬁcatione
2899 5312 3054 5372 hanc
3088 5307 3288 5391 vocem
3341 5307 3650 5391 extulisse.
3690 5331 3714 5391 ξ

2256 5396 2379 5474 (⁵14)
2403 5387 2499 5454 Tb'
2523 5394 2597 5468 δέ,
2632 5401 2748 5456 etc.
2810 5391 3054 5474 Billius:
3097 5416 3122 5448 α
3159 5387 3308 5470 Hoc,
3358 5389 3495 5470 quia
3551 5388 3831 5452 dominos

2172 5471 2314 5539 suos
2346 5471 2512 5538 exest
2540 5482 2600 5535 et
2631 5471 2892 5534 coniicit.
2933 5497 2960 5528 ι

2257 5558 2380 5639 (75)
2417 5551 2868 5639 nptbma._Unus
2897 5551 3352 5639 ch,,_1rp¢brot¢.
3387 5549 3525 5612 Haec
3548 5548 3624 5610 de
3658 5566 3834 5639 uno'e

2175 5627 2564 5722 presbyteris,
2598 5633 2698 5714 qui
2730 5633 2802 5697 ab
2834 5633 2962 5713 ipso
2993 5627 3364 5712 deiecerant,
3389 5641 3640 5714 possunt
3660 5627 3813 5690 iutel

2177 5721 2304 5800 ligi.
