2079 3207
202 198 260 233 275

819 198 851 231 8.
874 194 1058 230 GREGORII
1083 193 1277 228 THEOLOGI

1850 191 1916 225 276

203 274 294 308 quem
310 265 386 298 nihil
401 264 521 307 eorum,
537 274 605 307 qua
619 270 702 307 sunt,
715 265 797 303 latet,
809 268 861 297 aut
874 265 969 296 latere
978 273 1034 304 po-

1087 263 1142 297 )εδς
1258 262 1296 308 εἰς
1324 261 1443 308 καρδίαν.
1460 260 1468 272 ⁹
1480 264 1600 308 Eme:
1615 263 1788 308 τῆς⁸
1804 260 1912 308 λεγού-

206 315 276 350 test;
289 311 341 353 qui
356 310 447 343 aliter
458 319 508 343 res
517 314 635 343 nostras
648 311 780 342 intuetur
785 314 883 351 ,atque
894 309 1036 340 mortales

205 356 315 389 solent.
334 357 429 388 Homo
444 356 525 388 enim
541 355 624 387 videt
638 356 671 387 in
684 355 797 396 faciem
816 363 823 387 :
840 355 922 387 Deus
932 357 1035 386 autem

205 402 343 434 intuetur
352 409 405 433 cor
413 400 441 432 6.
458 400 582 433 Audisti
594 399 778 441 Scriptorum
789 400 853 432 haec
869 399 1033 431 dicentem:

205 456 242 478 ac
256 446 347 478 ﬁdem
359 445 577 486 adhibe.Cujus
588 444 737 486 judicium
755 444 885 476 cordatis
900 443 1034 475 homini-

207 490 263 523 bus
270 490 364 533 pluris
370 490 709 532 faciendum,magisque
715 489 878 522 carendum
886 492 1033 530 est,quam
1049 497 1054 502 ·

206 536 342 567 omnium
356 535 483 568 aliorum
499 534 530 566 in
543 543 636 566 unum
654 535 886 566 coactorum.An
902 537 945 574 tu,
959 533 1036 564 duos

208 579 330 621 quidem
343 578 623 621 homines,quorum
639 578 716 610 alter
723 578 839 611 acutior
850 583 880 611 et
889 577 1033 618 sagacior,

204 624 281 657 alter
292 624 461 665 imperitior
472 624 645 656 ethabetior
656 624 790 663 esset,de
799 623 905 656 eodem
916 621 1035 662 negotio

205 670 236 701 in
251 669 410 701 consilium
426 669 670 707 adhibens,haud
685 673 768 700 recte
782 672 882 700 mente
894 667 1036 708 pmditus

208 723 274 747 esse
289 714 448 752 videreris,
463 715 501 751 si,
514 714 620 746 relicto
638 714 795 754 prudentis
812 712 1034 752 consilio,judi-

1078 319 1142 346 σης,
1168 307 1213 336 καὶ
1254 307 1373 339 πίστευε.
1395 306 1433 336 οὗ
1447 306 1617 347 φροντιστέον
1627 305 1742 344 μᾶλλον,
1763 306 1781 340 ἡ
1797 305 1911 334 πάντων

1076 353 1145 391 ὁμοῦ
1164 354 1218 381 τῶν
1253 351 1355 390 ἄλλων,
1380 358 1440 384 τοῖς
1469 361 1500 390 γε
1516 355 1577 381 νοῦν
1592 350 1712 392 ἔχουσιν,
1736 349 1782 379 ’Ἦ
1794 349 1838 378 δύο
1853 350 1908 384 μὶν

1076 397 1224 437 ἀνθρώποις
1257 396 1316 427 περὶ
1357 399 1403 425 τῶ
1438 395 1518 425 αὐτοῦ
1560 395 1718 435 πράγματος
1746 393 1910 433 συμϐούλοις

1076 442 1229 483 χρώμενος,
1264 440 1434 481 συνιτωτέρῳ
1461 451 1491 469 τε
1520 440 1565 469 καὶ
1592 439 1775 480 ἇμαθισςίρῳ,
1798 440 1846 468 οὒκ
1874 438 1908 467 ἄν

1076 488 1106 516 εὖ
1145 492 1253 527 φρονεῖν
1280 484 1382 523 ιόοξας,
1410 487 1432 514 εί
1452 485 1499 514 τὸν
1534 485 1710 523 συνετώτερον
1735 485 1839 527 παρεὶς,
1867 486 1910 521 τῷ

1076 524 1248 571 tanta”
1281 529 1546 568 κιτηιιολούθησαςς
1579 528 1638 558 οὒιῆ
1663 530 1713 569 γὰρ
1741 529 1756 557 ὃ
1786 524 1908 566 Ῥοεοὰμ

1076 576 1204 616 tmen,
1234 575 1276 604 δτι
1299 576 1349 611 τὴν
1377 575 1478 614 βουλὴν
1504 577 1558 604 τῶν
1593 573 1778 614 πρισςιπέρων
1805 574 1912 611 ἀτιμά-

1077 632 1138 659 σας,
1172 621 1223 655 τὴν
1248 624 1302 650 τῶν
1329 620 1466 661 νεωτέρων
1494 620 1603 654 ἵστησι.
1619 623 1685 649 θεοῦ
1707 618 1735 648 δὲ
1750 619 1795 648 καὶ
1809 618 1912 659 ἀνθρω-

1077 677 1135 695 πων
1157 665 1363 706 ἂξιταζοιιένων,
1393 665 1575 703 προτιμήσειε
1602 664 1637 693 τὰ
1651 664 1705 692 τῶν
1733 663 1906 703 ἆνθρώπωνς

1079 711 1114 739 (ὶῦ
1124 712 1155 739 σύ
1169 722 1212 750 γε,
1229 710 1260 738 ἄν
1276 711 1334 748 ἐμοὶ
1350 711 1439 749 πείθῃ,
1453 711 1497 738 καὶ
1512 713 1611 750 φρονῇς
1627 710 1749 746 ἂμεινον.

209 760 289 790 cium
315 758 446 799 imperiti
468 759 620 799 sequeris?
636 752 740 799 Neque
757 759 836 790 enim
859 758 990 789 Roboam
1008 765 1040 786 ex
1059 764 1094 786 eo
1107 755 1224 785 laudem
1241 761 1286 785 est
1303 758 1494 794 consecutus,
1517 753 1608 795 quod,
1626 763 1678 794 pro
1694 753 1790 799 nihilo

210 812 316 835 senum
329 797 489 844 sententia,
500 797 642 843 iuvenum
660 797 794 834 consiliis
808 803 904 843 paruit
918 803 942 832 ’⁷.
962 802 1036 833 Cum
1051 804 1148 831 autem
1160 799 1240 830 Deus
1251 804 1279 830 et
1294 800 1431 830 homines
1447 799 1526 844 inter
1540 808 1573 829 se
1593 798 1812 838 expendantur,
1824 797 1911 838 judi-

210 848 256 879 cia
270 848 415 879 homnum
431 843 546 888 potiora
558 848 661 885 duces,
674 857 762 889 quam
779 848 847 878 Dei?
864 847 1059 887 Nequaquam
1076 848 1157 875 certe
1170 844 1197 874 id
1215 844 1315 889 iacies,
1334 843 1359 874 si
1374 852 1421 874 me
1435 843 1550 881 audias,
1567 847 1708 883 recteque
1721 843 1843 889 sentias.

251 892 326 924 VIII.
342 886 627 933 At,inquis,tuarum
643 886 896 924 contumeliarum
910 886 964 921 nos
983 900 1039 930 pu-

1087 930 1089 933 t
1124 889 1166 917 H'.
1183 888 1257 917 Ἀλλ’
1289 889 1468 928 αἰσχυνόμεθα
1497 899 1555 928 σου,
1594 889 1671 928 φησὶ,
1701 893 1764 920 ταῖς
1792 886 1910 926 ὕϐρεσιν,

214 938 277 968 det.
294 937 341 968 Me
356 946 427 968 vero
444 938 547 975 vestri,
564 947 640 978 quos
653 937 691 968 ob
705 946 770 968 eam
796 946 859 967 rem
883 936 1036 976 pudescat.

213 983 290 1014 Nam
316 981 341 1012 si
370 982 434 1017 haec
456 983 536 1022 juste
559 983 698 1023 patimur,
730 982 817 1012 nobis
842 981 937 1021 potius
954 979 1038 1020 ipsis,

214 1035 302 1067 quam
318 1026 402 1057 vobis
417 1031 520 1058 nostra
534 1036 634 1064 causa,
654 1027 893 1058 erubescendum
911 1029 966 1061 est;
980 1033 1039 1054 non

214 1070 283 1111 quia
293 1071 583 1108 contemnimur,sed
595 1071 662 1112 quia
675 1075 850 1111 contemptu
866 1075 895 1101 et
910 1069 1040 1108 ignomi-

214 1115 265 1146 nia
278 1115 385 1155 dignos
399 1125 454 1146 nos
469 1115 679 1155 praebemuszsi
695 1120 795 1147 autem
808 1114 1039 1156 inique,crimen

215 1168 320 1190 eorum
335 1162 392 1200 est,
409 1159 459 1200 qui
475 1160 689 1191 contumeliam
706 1160 849 1200 inferunt;
866 1169 899 1190 ac
916 1158 1041 1199 proinde

215 1204 337 1234 illorum
366 1205 475 1244 potius,
505 1214 598 1244 quam
624 1205 718 1236 nostri
742 1214 830 1236 causa
846 1203 995 1244 indignari
1014 1206 1043 1234 ct

217 1248 399 1279 stomachari
414 1248 541 1285 debetis,
560 1250 701 1289 quoniam
720 1249 740 1280 ii
765 1253 846 1289 sunt,
864 1249 1042 1289 quibuscum

216 1293 295 1324 male
308 1293 415 1333 agitur.
434 1292 517 1330 Quod
535 1294 559 1324 si
576 1303 637 1334 me,
654 1303 721 1325 cum
738 1295 833 1325 malus
849 1292 1042 1332 essem,opti-

216 1346 297 1369 mum
326 1338 424 1370 virum
450 1339 650 1376 existimares,
667 1339 739 1379 quid
770 1339 843 1370 mihi
871 1338 1042 1370 faciendum

216 1386 314 1416 esset?
328 1383 536 1425 lmprobiorne
551 1389 582 1415 ut
603 1393 714 1425 essem,
736 1394 794 1425 quo
812 1383 905 1423 magis
921 1383 973 1413 tibi
985 1382 1044 1422 pla-

216 1432 342 1461 cerem?
357 1429 594 1471 Haudquaquam
620 1438 692 1460 sane
714 1429 744 1461 id
766 1429 840 1460 mihi
856 1428 971 1460 consilii
989 1427 1044 1457 de-

218 1473 343 1505 dissem.
360 1473 472 1504 Eodem
489 1474 579 1505 modo
592 1482 648 1505 nec
660 1474 684 1504 si
700 1477 849 1512 me,recte
861 1477 890 1503 et
905 1481 971 1503 cum
984 1472 1045 1501 vir-

218 1520 282 1549 tute
298 1517 501 1563 incedentem,
519 1518 674 1563 oﬂ'endere
697 1527 732 1549 ac
754 1518 813 1549 labi
827 1522 927 1563 putes,
945 1526 961 1547 a
975 1517 1038 1563 ϐμι
1056 1538 1075 1563 C

219 1566 302 1593 recta
331 1562 452 1594 vivendi
477 1562 594 1594 ratione
618 1567 740 1604 propter
763 1567 793 1593 te
817 1562 970 1593 desistam.
985 1562 1047 1593 Nec

220 1607 301 1639 enim
319 1606 374 1638 tibi
390 1607 495 1648 magis,
511 1616 601 1647 quam
631 1607 707 1638 mihi
730 1607 786 1648 ipsi
810 1607 875 1638 vivo
890 1615 897 1637 :
915 1610 1002 1646 atque
1019 1606 1048 1636 in

221 1651 360 1683 omnibus
375 1652 466 1684 rebus
489 1652 656 1684 consiliarii
672 1652 750 1693 loco,
765 1653 910 1682 rationem
935 1651 1050 1691 Deique

218 1696 447 1738 justiﬁcationes
468 1697 577 1734 habeo,
595 1705 612 1727 a
626 1697 734 1738 quibus
750 1697 937 1737 plerumque,
959 1696 1047 1726 etiam

221 1741 304 1772 nullo
318 1746 490 1783 accusante,
506 1742 669 1773 convincor
683 1752 691 1780 ;
707 1746 736 1772 et
754 1750 885 1781 rursum,
901 1740 1047 1771 condem-

220 1786 362 1818 nantihus
377 1787 490 1825 multis;
506 1786 654 1819 absolvar.
668 1787 766 1827 Atque
776 1787 834 1817 hoc
844 1795 937 1817 unum
950 1785 1048 1817 tribu-

220 1831 271 1862 nal
286 1841 375 1863 nemo
390 1832 520 1872 effugere
537 1836 646 1873 potest,
663 1832 813 1863 internum
831 1840 939 1872 nempe
962 1835 1048 1871 atque

1082 929 1152 973 Ἐγὼ
1166 934 1192 961 δὲ
1218 935 1292 971 ὑμῖν,
1324 933 1363 961 ὅτι
1402 934 1569 973 αἰσχύνεσθε,
1603 933 1631 961 EI
1658 932 1708 970 μὲν
1736 932 1786 971 γὰρ
1828 932 1912 971 ὀρθῶς

1081 983 1161 1007 ταῦτα
1190 980 1344 1019 πάσχομεν,
1361 978 1518 1018 αἰσχυντέον
1533 979 1602 1014 ἡμῖν
1617 976 1731 1015 μᾶλλον,
1748 977 1767 1010 ἢ
1787 977 1852 1014 ὑμῖν
1867 973 1914 1016 ιγ’

1082 1025 1162 1061 ἡμῖν’
1192 1024 1244 1063 υῦχ
1279 1023 1318 1051 ὅτι
1334 1023 1394 1062 (97)
1416 1023 1597 1060 ἀτιμαζόμεθα
1612 1021 1727 1060 μᾶλλον,
1743 1021 1761 1055 ἢ
1777 1022 1817 1050 ὃτι
1830 1020 1913 1058 ἔσμεν

1083 1069 1189 1106 ἀτιμίας
1219 1068 1298 1100 ἄξιοι·
1316 1069 1337 1096 εἰ
1352 1067 1379 1095 δὲ
1400 1066 1509 1105 ἀδίκως,
1522 1070 1576 1095 τῶν
1589 1065 1748 1103 ὑϐριζόντων
1760 1066 1791 1094 τὸ
1806 1065 1913 1105 ἔγκλη-

1084 1125 1131 1151 μα,
1156 1114 1199 1140 καὶ
1220 1113 1284 1152 ὑπὲρ
1313 1112 1420 1140 ἐκείνων
1447 1112 1559 1149 μᾶλλον,
1592 1111 1609 1146 ἢ
1638 1111 1704 1150 ὑπὲρ
1733 1112 1811 1149 ἡμῶν
1838 1110 1912 1149 ἆτα-

1083 1158 1239 1191 νακτητέον·
1269 1157 1368 1185 ἐκεῖνοι
1385 1157 1435 1196 γὰρ
1449 1158 1473 1185 οἱ
1488 1159 1577 1189 κακῶς
1599 1156 1764 1195 πάσχοντες.
1782 1155 1811 1184 BI
1825 1154 1854 1183 δέ
1877 1165 1913 1192 με

1083 1203 1146 1230 ὄντα
1174 1203 1268 1241 κακὸν,
1322 1202 1429 1241 ἄριστον
1469 1200 1666 1239 ὑπελάμϐανες,
1689 1201 1714 1229 τί
1741 1210 1776 1238 με
1823 1205 1915 1228 ποιεῖν

1084 1247 1169 1286 ἐχρῆν
1185 1256 1193 1287 ς
1226 1249 1301 1275 Εἶναι
1331 1246 1434 1284 μᾶλλον
1463 1247 1558 1286 κακδν,
1574 1247 1620 1274 ’ἱνα
1635 1244 1715 1274 πλέον
1730 1245 1834 1284 ἀρέσκω
1848 1244 1913 1283 col;

1085 1292 1138 1321 Οὔκ
1165 1292 1196 1319 ἂν
1231 1296 1308 1320 τοῦτο
1333 1292 1440 1329 ἐμαυτῷ
1469 1290 1671 1321 συνεϐούλευσα,
1688 1289 1777 1322 Οὕτως
1801 1288 1874 1329 ονῖιόὶ,
1890 1289 1914 1318 εἰ

1085 1337 1260 1376 κατορθοῦντα
1290 1347 1323 1374 με
1354 1337 1456 1365 πταίειν
1470 1335 1667 1374 ὑπολαμϐάνεις
1692 1335 1770 1375 (98),
1785 1336 1832 1363 τοῦ
1844 1345 1917 1363 κατ·-

1086 1383 1176 1421 ορθοῦν
1204 1380 1247 1409 διὰ
1284 1381 1313 1409 σὲ
1343 1382 1527 1418 μεταθήσομαι
1553 1380 1627 1419 (96).
1657 1380 1698 1408 Ῑῶ
1727 1390 1788 1419 γαρ,
1816 1379 1846 1408 οὗ
1873 1379 1916 1407 σοι

1088 1426 1188 1464 μᾶλλον
1218 1427 1236 1459 ἢ
1266 1426 1383 1463 ἐμαυτῷ·
1418 1426 1462 1454 καὶ
1487 1424 1635 1456 σύμϐουλον
1671 1424 1730 1464 ἔχω
1757 1424 1818 1464 περὶ
1843 1423 1914 1452 πάν-

1087 1482 1141 1499 των
1169 1471 1214 1499 τὸν
1240 1470 1332 1510 λόγον,
1358 1471 1402 1499 καὶ
1436 1471 1470 1499 τὰ
1496 1471 1544 1498 τοῦ
1572 1473 1638 1498 Θεοῦ
1662 1468 1843 1509 δικαιώματα,
1868 1466 1913 1508 ὑφ’

1087 1517 1124 1543 ὧν
1154 1515 1297 1553 ἀλίσκομαι
1328 1517 1376 1553 μὶν
1403 1514 1545 1551 πολλάκις,
1560 1513 1665 1546 οὐδενὸς
1688 1516 1908 1553 κατηγοροῦντος·

1089 1560 1198 1599 ἆφίεμαι
1224 1561 1263 1597 δὲ,
1280 1560 1388 1590 πολλῶν
1424 1560 1649 1599 κατακρινόντων.
1684 1559 1732 1588 Καὶ
1763 1562 1842 1587 τοῦτο
1860 1557 1916 1596 μό-

1089 1616 1133 1633 νον
1169 1605 1216 1633 οὒκ
1246 1605 1299 1633 ἔστι
1328 1604 1477 1644 διαφυγεῖν,
1500 1606 1531 1633 τὸ
1547 1603 1619 1633 ἔνδον
1634 1604 1678 1632 καὶ
1687 1605 1717 1632 ιν
1736 1604 1805 1637 ἡμῖν
1820 1604 1917 1634 abut:

1090 1648 1271 1689 δικαστήριον,
1287 1650 1352 1688 πρὸς
1368 1649 1381 1677 ὃ
1397 1649 1543 1687 βλέποντας
1559 1650 1651 1688 μόνον,
1674 1649 1725 1682 τὴν
1740 1649 1844 1676 εὐθεῖαν
1855 1646 1917 1676 ὁδόν

1090 1695 1169 1723 ἰτέον.
1187 1695 1222 1723 Τὸ
1237 1694 1326 1723 δοκεῖν
1341 1694 1381 1734 δὲ,
1404 1695 1434 1722 ἃν
1448 1694 1497 1731 μὲν
1511 1694 1621 1733 ὑπάρχῃ
1638 1693 1695 1733 (1),
1717 1692 1855 1732 δεξόμεθα,
1876 1691 1917 1720 ἵν’

1090 1739 1162 1768 εἴπω
1176 1751 1202 1768 τι
1228 1740 1273 1767 καὶ
1301 1739 1475 1778 ἀνθρώπινον·
1515 1739 1546 1767 ὄιν
1575 1738 1602 1766 δὲ
1631 1737 1787 1775 ἀντιπίπτῃ,
1814 1736 1921 1777 χαίρειν

1090 1785 1203 1822 ἐάσομεν
1232 1783 1287 1824 (2),
1317 1784 1362 1812 καί
1390 1783 1463 1812 οὐδὲν
1478 1787 1525 1812 τοῦ
1539 1783 1610 1811 εἶναι
1627 1782 1670 1811 διὰ
1685 1783 1715 1811 τὸ
1730 1780 1819 1810 δοκεῖν
1834 1780 1921 1822 dext-

1091 1831 1219 1869 ρήσομεν.

220 1876 251 1907 in
262 1875 349 1907 nobis
358 1869 464 1915 situm;
477 1869 569 1918 idque
581 1869 677 1908 solum
691 1876 729 1908 ob
745 1876 847 1908 oculos
864 1869 1050 1916 propositum
1068 1874 1224 1913 habentes,
1241 1877 1359 1904 rectum
1376 1872 1443 1903 vitae
1457 1873 1514 1904 iter
1537 1876 1642 1904 tenere
1657 1870 1820 1918 debemus._
1831 1869 1919 1906 Quod

222 1925 321 1954 autem
333 1921 372 1952 ad
387 1915 543 1954 hominum
563 1922 602 1954 de
617 1922 704 1953 nobis
724 1915 995 1953 existimantio’ncm
1020 1921 1138 1960 attinet,
1154 1918 1196 1950 ita
1212 1919 1312 1949 animo
1335 1918 1497 1958 comparati
1517 1927 1632 1954 sumus,
1657 1921 1701 1954 ut,
1722 1915 1871 1960 siquidem
1886 1923 1924 1947 ea

220 1967 381 2008 contingat,
398 1976 458 1998 non
473 1967 625 1998 illibenter
639 1967 792 2008 accepturi
816 1967 921 2003 simus,
937 1969 970 1997 ut
983 1965 1105 1997 humani
1130 1959 1219 1995 etiam
1245 1963 1357 2002 aliquid
1384 1963 1493 1996 dicam:
1510 1962 1556 1993 sin
1572 1965 1671 2008 autem
1693 1961 1724 2008 in
1739 1959 1921 1992 contrarium

220 2012 315 2051 cadat,
326 2006 427 2043 valere
440 2011 625 2052 jubebimus,
638 2021 695 2043 nec
710 2006 873 2052 quidquam
891 2011 928 2042 de
940 2011 983 2041 rei
1000 2010 1127 2041 veritate
1140 2013 1263 2049 propter
1276 2008 1431 2038 hominum
1442 2007 1614 2047 opinionem
1630 2006 1835 2052 detrahemus.

261 2055 310 2088 IX.
328 2056 377 2088 Sic
391 2050 472 2087 enim
499 2061 702 2097 comparatum
720 2050 775 2087 est
790 2050 804 2086 ἶ
815 2056 868 2097 qui
889 2056 1045 2087 honestum

1133 2054 1174 2085 ϐ’,
1215 2054 1262 2082 Καὶ
1284 2054 1334 2092 γὰρ
1361 2053 1442 2085 οὕτως
1478 2053 1549 2092 ἔχει·
1580 2054 1594 2080 ὁ
1624 2052 1674 2090 μέν
1689 2062 1760 2083 τινος
1787 2050 1875 2097 ἕνεκεν
1890 2050 1922 2078 τὸ

222 2101 352 2141 alicujus
366 2109 456 2133 causa
466 2101 600 2133 studiose
613 2105 753 2139 sectatur,
766 2101 792 2132 is
807 2101 940 2142 profecto
950 2100 1049 2131 neuti-

223 2154 312 2188 quam
340 2145 442 2177 ﬁrmas
458 2146 488 2177 in
502 2146 610 2178 virtute
633 2146 751 2178 radices
767 2146 836 2187 egit.
854 2146 948 2178 Simul
968 2145 1050 2177 enim

222 2194 312 2232 atque
326 2199 376 2222 res
398 2199 432 2222 ea
449 2191 605 2230 efﬂuxerit,
624 2191 698 2223 recti
710 2200 831 2232 quoque
845 2190 976 2222 studium
994 2190 1051 2220 de-

223 2239 326 2277 ponet;
342 2236 597 2277 quemadmodum
612 2236 663 2278 qui
673 2240 802 2277 qumstus
817 2244 906 2267 causa
923 2234 1050 2275 navigat,

223 2280 283 2312 nisi
294 2280 410 2312 lucrum
428 2285 534 2322 praesto
552 2282 602 2322 sit,
619 2282 758 2321 navigare
784 2281 921 2312 desistet.
943 2281 982 2311 At
1002 2279 1052 2320 qui

224 2324 337 2357 bonum
352 2325 449 2366 ipsum
462 2330 585 2367 propter
600 2335 633 2357 se
645 2327 717 2358 colit
729 2331 760 2358 et
774 2325 1053 2366 amplectitur,quo-

224 2370 306 2402 niam
322 2379 388 2401 rem
402 2371 492 2402 ﬁxam
504 2375 534 2402 et
549 2371 687 2403 stabilem
708 2375 798 2409 amat,
807 2375 919 2402 certam
932 2378 1053 2410 quoque

225 2419 256 2447 et
269 2419 455 2447 constantem
472 2425 544 2456 erga
555 2416 627 2447 illud
643 2417 723 2448 anim
736 2416 919 2448 alacritatem
941 2415 1029 2445 habet
1044 2424 1052 2450 ς

224 2460 300 2492 adeo
316 2465 348 2491 ut
362 2460 496 2491 divinum
511 2460 626 2502 aliquid
639 2460 784 2498 sentiens,
796 2460 843 2491 his
859 2468 978 2500 quoque
1000 2458 1052 2490 Dei

224 2505 325 2537 verbis
340 2505 383 2537 uti
398 2505 510 2546 possit:
527 2505 593 2546 Ego
608 2506 690 2537 idem
704 2514 785 2546 sum,
801 2508 832 2536 et
846 2513 909 2536 non
923 2504 1052 2534 mutor8.

225 2550 427 2589 Quamobrem
444 2560 501 2582 nec
513 2550 550 2582 ab
566 2552 666 2582 animo
690 2560 744 2582 suo
760 2549 910 2590 migrabit,
927 2557 983 2580 nec
996 2549 1053 2579 im-

227 2595 484 2637 mutabituratque
493 2605 511 2627 a
520 2605 553 2628 se
562 2596 782 2635 desciscet,nec
792 2604 860 2627 cum
870 2592 1057 2634 temporibus

1094 2098 1175 2127 καλὸν
1205 2089 1379 2133 ἐπιτηόεὖων,
1397 2098 1426 2126 οὐ
1458 2089 1563 2135 βέϐαιος
1594 2089 1631 2129 είς
1652 2096 1760 2135 ἀρετήν.
1793 2089 1876 2132 ὀμσῦ
1890 2104 1920 2122 τε

1093 2145 1142 2183 γὰρ
1172 2142 1307 2181 παρῆλθεν
1354 2143 1453 2179 ἐκεῖνο,
1496 2144 1539 2170 καὶ
1583 2153 1628 2170 του
1670 2140 1753 2170 καλῶ
1783 2140 1923 2175 στήσεται·

1093 2188 1182 2226 ὥσπερ
1211 2187 1345 2226 ὸκέρδους
1373 2188 1462 2216 ἓνεκεν
1490 2187 1590 2223 πλέων,
1629 2190 1676 2215 τοῦ
1697 2185 1786 2225 πλεῖν,
1816 2184 1848 2211 ἄν
1883 2184 1924 2221 μὴ

1094 2235 1166 2272 παρῇ
1196 2233 1227 2260 τὸ
1252 2232 1407 2271 κερδαίνειν.
1441 2227 1469 2260 Ὀ
1497 2231 1521 2260 δὲ
1556 2233 1619 2260 αὐτὴ
1637 2231 1672 2259 δι’
1703 2230 1781 2259 ἑαυτὸ
1795 2231 1881 2268 τιμῶν
1896 2239 1926 2256 τε

1095 2278 1137 2305 καὶ
1166 2277 1310 2317 περιέπων,
1334 2276 1426 2310 ἐπειδὴ
1455 2280 1500 2305 τοῦ
1519 2277 1634 2308 ἑστῶτος
1651 2276 1708 2316 ἐρᾷ,
1724 2275 1842 2303 ἑστῶσαν
1864 2272 1926 2313 ἔχει

1129 2323 1135 2334 ι
1169 2323 1195 2339 ,κ
1304 2322 1311 2330 ς
1347 2324 1354 2333 ι
1377 2322 1383 2331 ς
1514 2322 1518 2331 ν
1555 2330 1562 2337 ,
1582 2321 1595 2331 π
1826 2319 1832 2329 ν

1094 2334 1137 2350 και
1174 2334 1217 2356 ,ην
1254 2333 1312 2361 περι
1328 2333 1390 2351 auro
1407 2323 1551 2360 προθυμίαν
1578 2332 1646 2349 um:
1662 2320 1735 2350 θετόν
1759 2330 1782 2347 τι
1797 2329 1926 2358 πασχων,

1095 2368 1138 2395 καὶ
1164 2368 1194 2395 τὸ
1212 2371 1257 2395 τοῦ
1277 2370 1343 2396 Θεοῦ
1374 2365 1494 2394 δύνασθαι
1521 2366 1620 2406 λέγειν’
1652 2365 1725 2404 Ἐγὼ
1759 2363 1801 2404 δὲ,
1836 2364 1852 2392 ὁ
1873 2363 1926 2392 αὒ-

1095 2412 1139 2443 τός
1167 2412 1232 2451 εἰμι,
1263 2412 1307 2439 καὶ
1336 2413 1383 2441 οὒκ
1413 2410 1577 2449 ἠλλοίωμαι,
1607 2410 1706 2440 Οὔκουν
1735 2408 1926 2447 μεταποιηθή-

1096 2468 1183 2494 σεται,
1219 2450 1276 2485 οὺδέ
1305 2457 1528 2494 μετατεθήσεται,
1545 2455 1602 2485 οὐδὲ
1618 2460 1865 2493 σομμεταπεπῖται
1883 2450 1925 2493 (3)

1096 2508 1154 2534 τοῖς
1189 2507 1293 2540 καιροῖς
1310 2501 1353 2529 καὶ
1381 2507 1439 2532 τοῖς
1456 2501 1621 2540 πράγμασιν,
1634 2499 1730 2528 ἄλλοτε
1743 2498 1826 2531 ἄλλος
1849 2497 1928 2537 γινό-

1097 2557 1188 2584 μενος,
1203 2546 1246 2574 καὶ
1268 2545 1369 2577 πολλὰς
1399 2544 1614 2582 μεταλαμϐάνων
1644 2545 1742 2585 χρόας,
1760 2544 1852 2582 ὥσπερ
1880 2542 1929 2574 τὰς

1098 2592 1150 2619 τῶν
1179 2593 1282 2630 πετρῶν
1306 2591 1330 2618 οἱ
1364 2588 1526 2628 πολύποδες,
1544 2590 1591 2622 αἶς
1606 2589 1640 2623 ἤν
1661 2588 1827 2628 ὁμιλήσωσιν
1848 2593 1930 2625 μενεῖ

265 2653 309 2686 81
324 2655 402 2695 Reg.
418 2662 480 2696 xvr,
495 2654 527 2686 7.
570 2654 585 2679 ἰ
595 2653 634 2685 III
648 2654 725 2692 Reg.
740 2660 793 2693 xu,
807 2653 825 2683 8
837 2661 904 2692 sqq.
947 2651 964 2676 8
979 2649 1110 2681 Malach.
1127 2656 1171 2685 ιιι,
1185 2650 1216 2680 6.

223 2707 326 2776 δι(96)
349 2707 383 2737 ὀ
412 2707 440 2736 δέ
468 2709 546 2741 Θεὸς.
573 2709 638 2740 Duo
666 2707 760 2747 Regg.
791 2710 823 2738 et
846 2705 899 2737 Οι·.
930 2705 959 2742 1,
991 2704 1056 2735 Θεός

254 2771 333 2827 ’(9Ἰ)
344 2788 404 2827 Οὖχ
418 2787 472 2819 ὅτι.
500 2787 621 2826 Comb.,
650 2787 704 2817 οὐδ’
720 2788 774 2816 ὅτι.
800 2797 813 2816 α
831 2786 898 2818 Non
913 2789 973 2815 tam
989 2783 1060 2824 quia

229 2827 579 2868 contemnimur,_quam,
600 2839 612 2857 ι
631 2832 687 2868 etc.

266 2866 326 2905 (98)
341 2861 659 2909 ’Υπολαμϐἆνειςίῆοι
672 2867 737 2908 bm,
753 2866 958 2907 ὑπολαμϐάνῃς.

262 3184 1045 3207 ﬂ

1087 3184 1709 3202 :=—————_=—
1746 3188 1785 3192 s
1826 3189 1854 3192 _

1139 2702 1201 2740 (99)
1228 2702 1429 2740 Μεταθήσομαι.
1461 2701 1510 2733 Sic
1538 2706 1598 2733 tres
1627 2702 1733 2741 Regg.,
1763 2699 1817 2732 Οι·.
1851 2701 1861 2729 l
1895 2702 1927 2730 el

1099 2741 1204 2773 Comb.
1221 2741 1254 2772 In
1270 2741 1333 2779 ed.,
1349 2743 1564 2780 μετασθήσομαι.

1142 2783 1185 2821 (1)
1200 2781 1338 2821 ἰ’πάρχῃ.
1355 2782 1475 2820 Comb.,
1486 2783 1541 2812 ὑπά
1557 2781 1600 2820 ξῃ.

1145 2825 1183 2850 121
1201 2818 1342 2850 Ἐάσοιιεν.
1368 2821 1445 2850 Bell.
1462 2822 1524 2850 bm.
1541 2793 1600 2850 ῖάσυ

1145 2825 1183 2859 (2)
1201 2821 1342 2859 Ἑάσομεν.
1368 2821 1445 2861 Reg.
1462 2822 1524 2860 bm,
1541 2821 1673 2860 ἐάσωμεν.

1139 2862 1187 2903 (3)
1202 2865 1464 2900 Συμμεταπισιῖται.
1488 2861 1563 2904 Reg.
1574 2861 1651 2905 bm.,
1661 2867 1856 2901 συμπεσεῖται,
