4158 6434
291 309 425 375 277
1312 328 1595 394 ORATIO
1638 329 1921 394 xxxv1.
1970 359 2040 373 -
2087 327 2185 389 DE
2225 306 2513 401 smpso,‘
2552 326 2725 392 ETC.
3592 317 3711 387 278

291 441 357 502 δὶ
479 452 638 517 αὑτὸς
694 454 794 530 ἀεὶ,
863 461 1058 540 πάγιος
1089 462 1145 521 ἓν
1188 465 1247 522 οῦ
1275 464 1568 542 πεπηγόσι,
1603 463 1693 520 καὶ
1721 460 1777 519 ἒν
1808 481 1956 539 στρε-

2048 473 2108 520 ac
2138 459 2323 524 rebus
2351 459 2707 535 collabetur,
2739 456 3061 540 aliasalios
3095 471 3294 517 mores
3321 455 3605 534 induens,
3634 475 3708 521 ac

294 537 561 631 ‘?°l_"""°‘€
610 543 894 630 ἄστροφος·
928 537 1095 631 πέτρα
1161 574 1267 629 τις,
1322 537 1503 629 οἶμαι,
1556 554 1691 631 πρὸς
1734 537 1956 627 ὲμϐολᾶς

2052 568 2236 613 novos
2265 549 2521 613 subinde
2552 549 2784 612 colores
2813 537 3277 626 assumens,non
3307 546 3483 608 secus
3503 565 3572 608 ac
3595 565 3710 627 po-

298 626 519 703 ανέμων
573 654 631 690 τε
687 640 776 695 καὶ
845 642 1120 724 κυμάτων,
1176 643 1296 701 οὔτε
1324 642 1708 720 τινασσομένη,
1741 641 1837 699 καὶ
1864 641 1956 698 δα-

2050 638 2195 721 lypi,
2224 649 2557 722 petrarum,
2594 639 2666 702 ad
2693 657 2842 721 quas
2867 635 3254 710 accesserint,
3279 635 3514 699 colores
3541 626 3708 699 refe-

300 726 533 813 πανῶσα
589 727 708 806 περὶ
758 730 953 801 ἑαυτὴν
1010 734 1077 794 τὰ
1131 738 1557 813 προσπίπτοντα,
1620 739 1793 792 Ταῦτα
1865 731 1956 806 μὲν

2048 738 2211 791 runt:
2240 749 2448 792 verum
2479 730 2641 793 idem
2666 745 2903 809 semper
2927 725 3140 807 suique
3156 725 3368 786 similis
3393 743 3707 813 permane-

301 808 382 871 είς
423 820 700 905 τοσοῦτον
776 818 892 876 οῦδὲ
923 823 1023 901 γὰρ
1053 846 1146 899 μοι
1176 808 1358 905 σχολὴ
1388 837 1511 889 ταῖς
1544 823 1815 894 γλώσσαις
1848 820 1956 898 μάσ

2050 816 2322 895 bit,ﬁxus
2382 819 2443 882 in
2495 817 2679 881 rebus
2707 816 2959 878 minime
3015 813 3168 905 ﬁxis,
3198 814 3484 905 immotus
3512 812 3575 876 in
3605 813 3706 876 in-

302 902 523 976 χεσθαι,
552 906 638 962 καὶ
670 915 835 967 ταῦτα
864 911 954 991 (4)
985 913 1125 978 ’ίσως
1172 902 1337 972 πλείω
1379 921 1471 973 τοῦ
1500 912 1732 976 δέοντος.

2049 909 2230 972 certis
2270 918 2328 971 et
2358 906 2803 982 ﬂuctuantibus,
2852 923 2973 967 non
2999 904 3196 985 aliter,
3226 903 3463 984 opinor,
3496 921 3567 965 ac
3597 922 3709 966 ru-

303 1001 440 1084 PGS_,
472 1008 605 1084 quae
627 1004 938 1061 ventorum
956 1001 1367 1080 ﬂuctuumque
1395 1001 1627 1084 impetu
1659 1019 1780 1063 non
1822 997 2002 1061 modo
2028 1015 2147 1059 non
2171 998 2532 1079 concutitur,
2568 996 2673 1059 sed
2705 998 2885 1059 etiam
2918 995 3294 1084 incursantes
3323 991 3517 1075 undas
3547 992 3712 1056 circa

305 1092 383 1167 se
402 1077 619 1159 frangit
638 1092 819 1167 atque
848 1087 1134 1156 absumit.
1158 1077 1382 1156 Verum
1413 1077 1611 1155 dehis
1638 1091 1935 1153 hactenus
1966 1106 1983 1149 :
2014 1105 2126 1149 nec
2159 1086 2318 1150 enim
2368 1077 2527 1150 mihi
2564 1094 2725 1149 vacat
2776 1102 2910 1147 cum
2949 1081 3169 1162 linguis
3213 1092 3497 1163 pugnare;
3531 1091 3711 1165 atque

302 1165 484 1264 etiam
506 1165 765 1264 fortasse
792 1178 960 1259 plura
989 1180 1274 1256 diximus,
1308 1199 1489 1264 quam
1519 1178 1896 1245 conveniret.

391 1256 449 1320 l'.
506 1257 667 1351 "fibri
720 1256 807 1322 8:"
831 1290 922 1343 μοι
965 1273 1099 1349 πρὸς
1128 1273 1267 1347 ὑμᾶς
1300 1256 1541 1351 δ’λόγος,
1586 1271 1647 1327 τὰ
1677 1270 1808 1346 ἐμὸν
1838 1269 1963 1326 ποί-

303 1368 480 1441 μνιον.
566 1341 753 1428 ἰ’μεϊς
831 1341 1041 1436 γένεσθέ
1109 1341 1198 1441 (3)
1253 1384 1369 1437 μοι,
1428 1341 1588 1440 cina-iv
1644 1362 1672 1417 δ
1707 1341 1964 1433 inﬂa“:

302 1431 449 1531 §551,
524 1528 535 1531 _
564 1443 651 1531 ni
734 1431 899 1526 χοιρᾶ,
1015 1431 1119 1507 καὶ.
1177 1431 1540 1531 ’καοχξήσεως
1678 1431 1961 1528 στέφανοθ

2128 1265 2342 1329 XJam
2365 1266 2438 1330 ad
2463 1284 2627 1340 vos,o
2661 1266 2742 1328 mi
2764 1284 2908 1346 grex
2924 1282 3011 1339 ,se
3040 1260 3340 1325 convertit
3360 1261 3573 1327 oratio.
3590 1261 3705 1332 Vo:

2047 1362 2260 1438 estote,
2295 1356 2799 1438 quemadmodum
2836 1354 2920 1416 ait
2958 1353 3196 1427 Paulus,
3232 1354 3430 1432 gloria
3458 1370 3618 1435 mea,
3650 1363 3709 1418 et

2046 1447 2370 1527 gaudium,
2427 1453 2486 1510 et
2541 1446 2755 1526 gloriae
2780 1444 3059 1507 corona9
3097 1460 3112 1505 :
3139 1460 3242 1504 vos
3272 1449 3459 1505 estote
3489 1443 3707 1507 defen-

304 1524 460 1599 5μεῖς
513 1524 779 1612 ἀπολογία
817 1524 953 1603 τοῖς
1011 1537 1107 1614 ἐμὲ
1177 1524 1564 1618 ἀνακρίνουσιν
1617 1536 1720 1611 ἵν’,
1784 1524 1956 1616 ὥσπερ

2050 1533 2138 1596 sio
2194 1555 2326 1599 mea
2352 1524 2509 1618 apud
2545 1524 2657 1599 eos
2690 1535 2788 1617 qui
2823 1552 2920 1597 me
2940 1533 3214 1614 judicant
3248 1541 3374 1608 :ut,
3409 1534 3706 1615 quemad-

303 1627 425 1681 τοῖς
474 1636 808 1710 τεκτονικοῖς
871 1625 956 1704 (6)
1014 1627 1048 1696 ἦ
1080 1641 1368 1710 γραφικοῖς
1399 1626 1812 1703 ἀπαιτουμένοις
1858 1625 1959 1684 λό-

306 1726 422 1798 γρν,
482 1706 697 1789 ῙΓῖξιτιρκεῖ
744 1711 935 1781 δείξασι
987 1719 1050 1775 τὸ
1095 1706 1433 1788 hiemes,
1475 1718 1512 1787 ἢ
1555 1718 1755 1798 γραφὲν
1778 1714 1962 1783 ἀπλη-

304 1797 505 1889 λαχθαι
564 1804 892 1881 πραγμάτων
924 1807 1100 1889 (ἕργοι
1157 1810 1258 1889 γὰρ
1310 1808 1498 1888 λόγου,
1550 1797 1733 1889 φησίν,
1794 1808 1958 1887 ἴσχυ-

304 1885 566 1978 ρξῖτερον),
655 1891 820 1959 οὕτως
845 1885 942 1977 (7)*
978 1885 1079 1955 διαὶ
1108 1885 1264 1965 αὐτος
1306 1885 1442 1974 ὑμεῖς
1472 1885 1759 1978 ἐπιδείξας,
1790 1885 1958 1975 ὓπερ-

302 1974 403 2067 ἐξω
466 1977 557 2058 (8)
612 1981 705 2049 τὰς
756 1974 1040 2062 λοιδορίας.
1104 1979 1372 2067 ’Υπερέξω
1427 1985 1482 2044 δὲ
1526 1992 1693 2062 πῶς;
1743 1974 1959 2065 Πρῶτον

302 2064 423 2158 μὲν,
486 2067 577 2128 ἐὰν
623 2072 723 2140 τὴν
774 2076 846 2141 εἰς
878 2075 1112 2158 Πατέρα,
1134 2079 1222 2136 καὶ
1240 2064 1398 2158 Υἱὸν,
1433 2078 1521 2136 καὶ
1550 2076 1702 2156 ἅγιον
1746 2064 1961 2152 Πνεῦμα

301 2154 589 2249 ὁμολογίαν
654 2160 847 2231 ἀκλινῆ
905 2154 1129 2246 καὶ
1186 2154 1403 2244 βεϐαίαν
1434 2154 1761 2249 φυλάττητε,
1794 2163 1962 2242 μηδὲν

299 2247 690 2324 προστιθέντες,
756 2251 893 2328 μηδὲ
952 2254 1323 2337 ἀφαιροῦντες,
1390 2247 1530 2332 μήδὶ
1586 2257 1961 2334 σμικρύνοντες

300 2340 401 2403 τῆς
457 2345 582 2414 μιᾶς
639 2344 908 2411 Θεότητος
954 2347 1038 2416 (τὸ
1094 2346 1195 2426 γὰρ
1224 2346 1544 2421 ἐλαττωθὲν,
1605 2347 1701 2403 τοῦ
1763 2345 1964 2411 παντός

301 2426 444 2517 ἔστιν
496 2425 837 2512 ἑλάττωσις)“
900 2435 1020 2499 τοὺς
1068 2433 1125 2492 δὲ
1184 2434 1317 2492 ἄλλο
1403 2458 1454 2492 τι
1506 2440 1853 2517 φρονοῦντας,
1927 2437 1964 2503 ἢ

305 2514 582 2599 λέγοντας,
616 2519 650 2588 ἤ
709 2522 913 2602 φύσεων
972 2525 1184 2604 μέτροις
1230 2527 1292 2582 τὸ
1321 2524 1375 2582 ἔν
1408 2514 1741 2597 διχλύοντας,
1776 2521 1812 2590 ἦ
1840 2514 1964 2579 δια-

306 2606 663 2691 τειχίζοντας,
713 2613 785 2677 ὡς
854 2611 1031 2689 λύμην
1053 2619 1154 2682 τῆς
1200 2613 1550 2694 Ἐκκλησίας,
1582 2614 1668 2671 καὶ
1697 2617 1797 2680 τῆς
1829 2610 1964 2679 ἀλη-

305 2696 447 2759 θείας
506 2699 607 2773 ἰὸν,
641 2700 1069 2785 ἆποπέμποισθε,
1130 2704 1208 2780 μὴ
1232 2712 1535 2782 μισοῦντες,
1584 2702 1705 2760 ἀλλ’
1734 2701 1960 2760 ἱλεοῦν-

304 2806 392 2850 τις
442 2798 537 2849 τοῦ
584 2812 900 2867 πτωματος.
964 2794 1219 2873 Δεύτερον
1276 2793 1355 2871 δὲ,
1415 2795 1460 2851 εἰ
1517 2794 1615 2862 τὴν
1681 2792 1959 2850 πολιτείαν

2049 1625 2293 1687 modum
2318 1627 2525 1707 iis,qui
2556 1623 2892 1689 fabricandi
2921 1632 3024 1686 aut
3047 1622 3328 1704 pingendi
3356 1631 3545 1686 artem
3574 1644 3709 1705 pro-

2047 1712 2315 1790 ﬁtentur,
2355 1734 2493 1778 cum
2526 1718 2673 1777 artis
2704 1713 2995 1776 rationem
3043 1721 3463 1794 exposcuntur,
3492 1712 3710 1776 fabrile

2044 1811 2143 1864 aut
2173 1804 2494 1885 pictorium
2526 1824 2676 1886 opus
2720 1802 3041 1869 ostendere
3094 1802 3331 1876 sufﬁcit,
3366 1809 3432 1864 ut
3469 1802 3707 1882 negotio

2047 1895 2209 1956 omni
2234 1913 2302 1957 ac
2338 1896 2607 1957 molestia
2638 1894 3165 1974 liberentur(opus
3182 1888 3580 1974 enim.inquit
3605 1892 3710 1954 ille

2051 1982 2646 2048 losermonel‘ortius
2670 1984 2908 2065 est),sic
2930 1985 3060 2063 ipse
3091 2001 3360 2064 quoque,
3378 1982 3543 2043 vobis
3563 1981 3706 2043 642

2045 2072 2106 2133 in
2139 2074 2402 2136 medium
2436 2074 3245 2156 productis,obtrectatorum
3277 2090 3546 2135 meorum
3583 2091 3708 2134 ma-

2049 2160 2267 2224 ledicto
2293 2182 2599 2245 superem.
2653 2163 2964 2238 Quomodo
3026 2170 3223 2224 autem
3256 2180 3326 2225 ea
3354 2161 3649 2243 superabo
3682 2160 3708 2224 ?

2050 2253 2338 2328 Primum,
2364 2253 2415 2316 si
2446 2253 2658 2331 Patris,
2688 2261 2747 2317 et
2772 2252 2932 2329 Filii,
2962 2261 3019 2315 et
3045 2251 3303 2331 Spiritus
3332 2252 3522 2314 sancti
3554 2271 3706 2315 con-

2048 2339 2366 2405 fessionem
2419 2344 2649 2405 ﬁrmam
2683 2350 2741 2405 et
2772 2350 3150 2405 constantem
3184 2342 3524 2422 retineatis,
3557 2341 3707 2403 nihil

2050 2429 2152 2490 uni
2184 2432 2407 2495 Deitati
2437 2433 2750 2509 addentes,
2786 2452 2899 2495 nec
2930 2432 3337 2508 detrahentes,
3364 2450 3478 2494 nec
3499 2430 3705 2494 immi-

2050 2529 2302 2583 nuentes
2333 2524 2496 2601 (nam
2551 2523 2603 2585 si
2662 2523 2804 2603 quid
2839 2523 3221 2585 imminutum
3254 2521 3455 2598 fuerit,
3516 2529 3707 2584 totum

2047 2627 2285 2691 quoque
2306 2613 2484 2675 simul
2519 2614 2962 2695 imminuetur);
2997 2632 3104 2678 eos
3132 2620 3354 2688 autem,
3383 2612 3486 2694 qui
3543 2611 3707 2674 aliud

2046 2699 2330 2778 quiddam
2366 2704 2653 2786 sentiunt,
2676 2712 2777 2767 aut
2803 2704 3288 2785 proﬁtentur,aut
3302 2720 3411 2783 per
3435 2701 3707 2764 diversos

2045 2797 2390 2853 naturarum
2420 2794 2638 2873 gradus
2661 2794 3047 2875 diversasque
3074 2810 3383 2855 mensuras
3415 2792 3705 2874 unitatem

303 2874 591 2965 ᾇκόλουθον
643 2885 721 2957 τῷ
766 2883 903 2961 ὀρθῷ
956 2881 1105 2958 λόγῳ
1159 2883 1474 2965 παρέχοιτε,
1540 2882 1613 2939 ἵν’
1661 2882 1758 2951 ἦτε
1801 2903 1956 2962 περι-

2048 2890 2325 2944 evertunt
2356 2890 2456 2945 aut
2487 2874 3394 2965 dirimunt,tanquamEcclesia3
3424 2881 3620 2945 labem
3647 2888 3707 2943 et

302 2962 458 3032 δέξιοι
487 2969 588 3038 τὴν
606 2969 825 3052 ἀρετὴν,
862 2970 999 3031 ἀλλᾶ
1030 2975 1109 3049 μὴ
1139 2980 1218 3049 τῷ
1249 2962 1412 3053 ἑτέρῳ
1459 2973 1757 3037 λείποντες.

2049 2970 2479 3049 perniciem,ac
2508 2974 2780 3037 veritatis
2809 2974 2968 3036 virus
2997 2972 3437 3051 ablegetis,non
3470 2988 3570 3033 eas
3604 2970 3704 3033 in—

306 3054 463 3117 visos
509 3056 825 3142 habentes,
871 3060 978 3123 sed
1010 3078 1219 3124 eorum
1264 3062 1461 3144 potius
1490 3079 1692 3125 casum
1726 3059 2102 3123 miserantes.
2149 3060 2381 3124 Deinde
2424 3064 2472 3125 si
2519 3063 2695 3125 vitam
2724 3072 2887 3126 recte
2918 3062 3207 3126 doctrinae
3236 3068 3701 3124 consentaneam

303 3148 603 3225 praestetis
634 3158 699 3211 ut
727 3168 896 3232 aequa
933 3151 1249 3234 utriusque
1272 3151 1508 3215 virtutis
1539 3151 1716 3214 laude
1745 3151 2037 3225 ﬂoreatis,
2060 3167 2129 3211 ac
2163 3169 2280 3212 non
2310 3152 2497 3215 altera
2520 3162 2686 3234 parte
2722 3153 3032 3218 deﬁciatis.

386 3235 495 3296 Μ’.
558 3240 619 3297 Οἱ
668 3241 936 3317 βασιλεῖς,
984 3239 1215 3299 αἰδεῖσθε
1244 3242 1344 3310 τὴν
1393 3240 1698 3323 ἁλουργίδα·
1731 3244 1956 3319 νομοθε-

305 3326 458 3396 τήσει
509 3330 609 3406 γὰρ
657 3331 744 3386 καὶ
799 3331 1108 3406 νομοθέταις
1169 3334 1198 3389 ὁ
1251 3330 1438 3412 λόγος.
1471 3332 1769 3390 Γινώσκετε
1828 3330 1953 3389 ὅσον

307 3417 368 3472 τὸ
424 3420 699 3476 πιστευθὲν
752 3421 905 3497 ὑμῖν,
954 3423 1043 3479 καὶ
1073 3423 1123 3479 τί
1150 3423 1213 3478 τὸ
1246 3421 1385 3502 μέγα
1430 3424 1549 3502 περὶ
1577 3423 1712 3499 ὑμᾶς
1743 3423 1955 3497 μυστή-

304 3526 439 3582 ριον*
502 3508 716 3584 Κόσμος
775 3509 899 3577 ὅλος
975 3513 1077 3569 ὑπὸ
1134 3524 1301 3592 χεῖρα
1330 3513 1427 3580 τὴν
1456 3512 1737 3592 ὑμετέραν,
1762 3509 1953 3583 διαδή-

301 3620 426 3673 ματι
486 3604 662 3677 μικρῷ
710 3602 799 3658 καὶ
844 3602 1046 3684 βραχεῖ
1098 3604 1264 3681 ῥακίῳ
1310 3603 1693 3680 κρατούμενος,
1750 3602 1827 3660 Τὰ
1855 3602 1954 3678 μὲν

298 3686 432 3762 ἂνω,
506 3691 672 3765 μόνου
730 3698 884 3750 Θεοῦ⁶
941 3694 1008 3749 τὰ
1061 3693 1210 3750 κάτω
1242 3692 1323 3769 δὲ,
1356 3694 1443 3751 καὶ
1471 3695 1643 3769 ὑμῶν.
1691 3692 1813 3749 Θεοὶ
1855 3690 1953 3769 γέ-

298 3782 444 3836 νεσθε
479 3777 605 3860 (10)
648 3794 769 3844 τοῖς
810 3781 897 3863 ὑφ’
939 3783 1099 3860 ὑμᾶς,
1133 3781 1210 3840 ἵν’
1246 3783 1389 3841 εἴπω
1416 3806 1467 3841 τι
1499 3786 1586 3841 καὶ
1614 3780 1955 3862 τολμηρότε-

300 3891 409 3947 ρον.
473 3869 670 3950 Καρδία
712 3871 974 3949 βασιλέως
1037 3872 1090 3930 ἐν
1150 3876 1291 3955 χειρὶ
1335 3879 1492 3949 Θεοῦ,
1556 3874 1642 3929 καὶ
1714 3869 1953 3951 εἴρηται,

301 3960 387 4016 καὶ
443 3961 772 4025 πιστεύεται.
833 3959 1095 4021 Ἐνταῦθα
1137 3962 1275 4020 ’έστω
1304 3964 1366 4019 τὸ
1412 3962 1601 4043 κράτος
1632 3963 1786 4041 ὑμῖν,
1818 3958 1956 4017 ἀλλὰ

304 4048 380 4124 μὴ
425 4055 504 4122 τῷ
552 4043 740 4130 χρυσῷ
786 4054 875 4109 καὶ
930 4065 1055 4119 ταῖς
1115 4051 1398 4133 φάλαγξιν.
1436 4054 1496 4109 Οἱ
1526 4052 1644 4129 περὶ
1687 4050 1755 4107 τὰ
1797 4051 1953 4127 βασί-

2120 3238 2218 3301 XI.
2254 3239 2678 3322 Imperatores,
2743 3261 3071 3325 purpuram
3119 3241 3505 3318 vereamini;
3563 3259 3701 3303 nam

2039 3346 2237 3392 sermo
2270 3340 2475 3394 noster
2503 3332 2951 3412 legislatoribus
2981 3350 3220 3414 quoque
3250 3331 3415 3412 leges
3459 3336 3702 3392 statuet.

2038 3418 2392 3499 Cognoscite
2422 3431 2709 3503 quantum
2740 3422 2800 3484 id
2834 3423 3100 3505 sit,quod
3135 3430 3343 3485 vestra;
3373 3421 3515 3483 ﬁdei
3544 3438 3704 3481 com-

2039 3510 2285 3570 missum
2322 3520 2851 3594 est,quantumque
2880 3514 3042 3575 circa
3066 3532 3168 3576 vos
3194 3512 3564 3593 mysterium.
3584 3508 3704 3574 Or-

2039 3597 2131 3660 bis
2148 3601 2460 3665 universus
2477 3602 2587 3665 sub
2611 3621 2787 3665 manu
2807 3612 3002 3665 vestra
3018 3602 3475 3683 est,diademate
3499 3617 3703 3680 parvo,

2036 3697 2213 3770 atque
2241 3692 2454 3772 exiguo
2483 3711 2678 3774 panno
2712 3691 3271 3775 coercitus.Supera
3299 3690 3570 3773 quidem,
3599 3708 3702 3751 so-

2041 3779 2158 3843 lius
2201 3780 2310 3845 Dei
2340 3792 2480 3845 sunt
2512 3804 2528 3865 ;
2560 3783 2755 3846 infera
2799 3791 3021 3863 autem,
3071 3791 3270 3846 vestra
3298 3782 3481 3844 etiam
3535 3787 3696 3843 sunt.
3738 3842 3739 3845 η

2040 3867 2308 3934 Subditis
2330 3874 2548 3937 vestris
2578 3874 2724 3938 deos
2741 3893 2844 3935 vos
2867 3874 3148 3955 praebete,
3176 3880 3240 3934 ut
3271 3866 3554 3934 audacius
3583 3870 3703 3932 ali-

2038 3961 2176 4040 quid
2231 3961 2450 4023 dicam.
2488 3963 2611 4025 Cor
2652 3965 2811 4045 regis
2868 3965 2939 4027 in
2966 3981 3157 4025 manu
3206 3962 3321 4024 Dei
3343 3966 3450 4035 est,
3515 3967 3578 4021 ut
3632 3978 3705 4021 ex

2038 4050 2344 4131 Scriptura
2372 4052 2651 4115 audimus
2672 4052 2748 4129 ίί,
2776 4070 2846 4115 ac
2877 4053 3203 4115 credimus.
3236 4051 3347 4114 Hic
3379 4048 3702 4130 imperium

304 4138 422 4231 λεια
503 4143 591 4197 καὶ
649 4142 773 4231 τοὺς
822 4144 1060 4222 θρόνους,
1128 4144 1207 4231 μὴ
1256 4140 1453 4222 σφόδρα
1512 4153 1637 4205 ταῖς
1695 4138 1953 4231 ἐξουσίαις

2048 4150 2296 4201 vestrum
2330 4140 2431 4214 sit,
2472 4160 2589 4202 non
2619 4149 2819 4203 autem
2851 4142 2913 4204 in
2944 4159 3091 4205 auro
3116 4150 3173 4203 et
3202 4141 3264 4202 in
3314 4137 3700 4231 exercitibus.

304 4228 599 4308 ἐπαίρεσθε,
655 4230 793 4307 μηδὲ
863 4232 1099 4293 ἀθάνατα
1148 4230 1442 4290 διανοεῖσθε
1508 4235 1627 4309 περὶ
1682 4233 1787 4287 τῶν
1861 4229 1956 4287 οῦκ

2048 4229 2261 4311 Aulici,
2297 4249 2581 4311 proceres
2611 4250 2682 4294 ac
2709 4231 3071 4295 sublimibus
3102 4230 3331 4293 thronis
3363 4236 3424 4291 et
3442 4227 3704 4308 dignita-

306 4319 603 4384 ἀθανάτων,
668 4324 848 4381 Πιστοὶ
882 4322 1069 4399 μένετε
1098 4337 1216 4388 τοῖς
1246 4320 1544 4401 βασιλεῦσι,
1581 4326 1698 4394 Θεῷ
1728 4318 1783 4376 δὲ
1815 4321 1955 4399 πρό-

305 4431 479 4492 τερον,
538 4410 612 4468 δι’
672 4410 732 4469 ὄν
786 4415 874 4470 καί
928 4414 1134 4478 τούτοις
1181 4414 1272 4478 οἷς
1331 4412 1708 4491 ἐπεστεύθητε,
1745 4410 1834 4467 καὶ
1865 4410 1953 4475 οἷς

305 4498 676 4575 παραδὲδοσθε.
733 4504 792 4562 Οἱ
845 4505 908 4561 τὸ
965 4505 1119 4583 γένος
1176 4504 1568 4581 κομπάζοντες,
1601 4503 1691 4559 τὸν
1758 4500 1955 4580 τρόπον

304 4588 680 4670 ὲξευγενίσατει
728 4592 763 4662 ἧ
822 4593 1112 4674 φθέγξομαί
1169 4617 1219 4651 τι
1281 4601 1385 4651 τῶν
1411 4591 1591 4661 ἀηδῶν
1622 4592 1748 4668 μὲν,
1795 4593 1954 4669 εὖγε-

301 4686 403 4738 νῶν
444 4679 520 4744 δέ.
576 4683 708 4741 Τότε
756 4682 857 4761 γὰρ
915 4682 1110 4752 ἀληθὲς
1163 4682 1287 4764 (Η)
1340 4682 1714 4762 εὐγενέστατον
1772 4680 1838 4750 ἦν
1893 4678 1956 4735 ἄν

301 4794 350 4828 τι
403 4773 468 4829 τὸ
519 4772 792 4853 ὑμέτεροι,
823 4776 867 4831 εἰ
920 4774 998 4851 μὴ
1028 4776 1115 4832 καὶ
1144 4772 1326 4832 δέλτοι
1356 4775 1477 4839 τοὺς
1524 4770 1797 4850 δυσγενεῖς
1825 4772 1956 4845 ὑμῖν

301 4859 590 4943 ἰνέγραιρον
620 4864 771 4941 (12).

2044 4318 2203 4381 tibus
2234 4319 2609 4402 insignes,ne
2628 4322 2702 4385 ob
2735 4323 3061 4403 potentiam
3087 4338 3448 4402 magnopere
3470 4318 3706 4380 animos

2042 4409 2325 4491 efferatis,
2356 4428 2468 4472 nec
2519 4412 2594 4473 de
2654 4411 3003 4473 mortalibus
3051 4406 3235 4473 rebus
3268 4420 3546 4491 tanquam
3582 4408 3704 4469 im-

2043 4500 2401 4563 mortalibus
2426 4500 3423 4582 cogitetis.Fidemimperatoribus
3446 4505 3701 4579 servate,

2042 4588 2151 4649 sed
2187 4591 2348 4669 prius
2377 4589 2779 4673 Deo,propter
2793 4611 2970 4674 quem
2986 4592 3080 4655 his
3104 4594 3280 4654 etiam
3309 4589 3525 4671 quibus
3546 4607 3707 4652 com-

2043 4680 2211 4741 missi
2236 4689 2295 4742 et
2324 4680 2525 4743 traditi
2559 4682 2723 4745 estis.
2758 4683 2873 4758 Qui
2921 4680 3162 4764 generis
3192 4679 3578 4763 splendorem
3603 4679 3705 4759 ja—

2041 4769 2239 4851 ctatis,
2275 4770 2412 4834 date
2453 4790 2696 4853 operam
2730 4781 2792 4835 ut
2823 4791 3023 4836 mores
3054 4789 3297 4854 quoque
3326 4768 3651 4833 nobilitetis
3685 4789 3702 4834 :

2040 4868 2141 4921 aut
2170 4859 2398 4940 aliquid
2429 4861 2650 4935 dicam,
2712 4863 3115 4944 injucundum
3147 4860 3387 4944 quidem
3419 4868 3481 4923 et
3508 4858 3704 4921 mole-

300 4958 475 5027 stum,
512 4960 574 5013 at
602 4952 807 5015 nobile
830 4961 1032 5016 tamen
1063 4962 1124 5015 et
1150 4970 1535 5035 generosum.
1567 4952 1715 5015 Nam
1750 4956 1872 5011 tum
1909 4964 2055 5011 vere
2078 4947 2493 5014 nobilissimus
2527 4961 2686 5015 esset
2716 4954 2861 5017 ordo
2885 4960 3097 5029 vester,
3134 4952 3186 5015 si
3216 4950 3508 5032 ignobiles
3522 4948 3681 5012 tabel

302 5037 382 5103 lis
412 5041 625 5105 vestris
655 5061 775 5105 non
806 5042 1273 5107 ascriberentur.

383 5147 416 5198 9
443 5147 702 5213 IThess.
738 5168 801 5229 ιι,
831 5152 931 5226 19,
966 5150 1068 5216 20.
1155 5152 1211 5203 ίο
1240 5150 1356 5214 Tit.
1393 5167 1482 5233 III,
1513 5150 1619 5212 14.
1704 5148 1751 5193 ﬂ
1786 5148 1959 5209 Prov.
1989 5162 2113 5229 XXI,
2147 5149 2206 5208 t.

377 5256 461 5332 (4)
495 5261 697 5338 Ταῦται
746 5256 896 5338 Reg.
933 5261 1059 5337 bm,
1088 5262 1329 5325 ταύταις.

498 5337 742 5404 Γένεσθε.
777 5337 922 5419 Rég.
949 5341 1078 5425 bm,
1101 5342 1364 5425 γενέσθαι.

407 5418 467 5514 6.)
519 5431 661 5514 ,Τοῖς
716 5414 1076 5488 τεκτονικοτςῖ
1115 5414 1323 5514 'R_egg.
1369 5438 1425 5498 a,
1490 5420 1569 5514 Ι),
1588 5428 1711 5483 tres
1759 5414 1959 5494 Colh.,

513 5507 572 5583 1,
595 5509 894 5583 θιοη-τοῖς
924 5497 1309 5573 τεκτονικῆςνῆ
1341 5497 1629 5583 γραφικῆς.

572 5606 701 5648 τως.
736 5580 841 5647 0r.
874 5583 935 5659 1,
983 5584 1147 5646 οὕτω.

381 5580 431 5657 ('7
495 5580 701 5648 Οὕτως.
736 5580 935 5659 0L1,
983 5584 1147 5646 οὕτω.
1358 5580 1366 5582 “
1460 5580 1469 5583 ⁷

380 5581 465 5743 (3i
492 5654 782 5743 ’Υπιρίξω.
839 5664 989 5746 Heg.
1023 5668 1150 5743 bm,
1181 5671 1435 5747 quatuor
1458 5662 1629 5729 Colb.
1680 5668 1742 5727 et
1759 5660 1862 5729 0r.
1900 5659 1961 5734 l,

2048 5254 2520 5361 bnép‘ax’w.‘Bas.,
2554 5261 2826 5343 ὑπερέχω.

2132 5346 2141 5361 Δ
2193 5342 2203 5361 I
2272 5346 2284 5361 Δ
2304 5360 2331 5361 ,,
2378 5342 2460 5361 ,a.‘!
2500 5359 2527 5361 ,μ
2575 5340 2586 5361 Ι
2644 5343 2667 5361 “Ι’

2128 5337 2205 5413 (9)
2230 5336 2466 5418 γἈκλικῆ
2500 5340 2608 5400 καί.
2643 5336 3069 5418 Ῑῐίίιοιιηιιηίε,
3094 5338 3283 5404 ἀκλινῆ
3313 5359 3371 5395 τε
3400 5336 3511 5396 καί.

2282 5419 2523 5503 ξένεσβε.
2559 5420 2659 5486 0r.
2698 5423 2755 5500 1,
2788 5425 3016 5503 γίνεσθε.

2162 5496 2265 5585 ig)
2288 5496 2544 5585 ζΑληθές.
2570 5496 2771 5585 Forte,
2792 5496 3042 5585 ᾆληθῶς.
3088 5499 3255 5585 Εριτ.

2159 5575 2257 5665 12}
2288 5575 2770 5665 ’Evéqungv._§ic'
2791 5584 2940 5665 Reg.
2973 5585 3081 5662 hu,
3114 5581 3299 5646 Coisl.
3336 5579 3366 5643 1
3402 5584 3462 5642 et
3488 5575 3699 5643 Gomb.

2047 5657 2149 5724 Sic
2180 5658 2357 5723 etiam
2390 5657 2537 5738 legit
2559 5662 2792 5729 Billius.
2826 5657 2911 5730 In'
2924 5657 3336 5747 είί.,’ἔγραφον.
