4158 6418
269 357 395 427 285

1117 358 1402 425 ORATIO
1444 357 1754 425 XXXVII.
1798 385 1880 399 —
1921 354 2006 419 ΙΝ
2050 355 2351 420 ΜΑΤΤΗ.
2398 356 2563 433 XIX,
2614 354 2792 421 1-12.

3558 355 3675 422 286

259 518 453 579 μενος,
517 497 650 562 Θεὸς
707 496 805 577 γὰρ
861 496 1161 575 ἀμφότερα,
1232 492 1295 551 τό
1366 515 1425 550 τε
1471 489 1796 573 προσλαϐὸν,
1849 490 1964 551 ml.

2034 493 2379 574 issumpsit:
2413 510 2535 555 non
2566 492 2685 555 duo
2734 492 3065 569 factus,sed
3116 512 3299 557 unum
3329 511 3403 557 ex
3453 492 3678 575 duplici

263 588 329 644 τὸ
372 586 722 668 προσληφθέν
759 602 774 618 ⁸
853 584 945 643 δύο
1030 584 1211 665 φύσεις
1278 585 1352 647 είς
1410 582 1465 640 ἓν
1522 580 1934 661 συνδραμοῦσαι,

269 675 381 757 οὐχ
439 679 544 734 υἱοὶ
588 676 680 733 δύο»
714 691 729 707 ⁸
780 676 858 752 μὴ
905 672 1317 751 καταψευδέσθω
1361 674 1397 741 ἡ
1458 674 1739 752 σύγκρασις
1785 670 1935 745 (42).

267 773 437 830 Οὗτος
499 769 528 823 ὁ
572 764 918 846 τηλικοῦτος,
954 767 983 821 ὁ
1025 770 1276 825 τοσοῦτος
1311 781 1325 797 ο
1358 760 1496 819 ἀλλὰ
1541 764 1591 818 τί
1646 760 1884 818 πέπονθα
1918 777 1936 839 ;

266 854 442 914 Πάλιν
494 854 831 932 ἒμπέπτωκα
876 858 950 918 εἱς
1004 852 1308 933 ἀνθρώπινα
1364 853 1601 930 ῥήματα.
1666 853 1787 913 Πῶς
1838 849 1939 928 γὰρ

262 945 327 1003 τὸ
357 943 573 1005 ἁπλοῦν
618 951 869 1003 τοσοῦτον
902 962 919 1026 ;
953 943 1067 1007 πῶς
1101 941 1158 999 δὲ
1204 943 1267 999 τὸ
1310 940 1512 999 ἄποσον
1568 938 1885 1008 τηλικοῦτον
1917 955 1934 1017 ς

268 1032 444 1093 Ἀλλὰ
504 1033 631 1094 δότε
688 1034 1013 1115 συγγνώμην
1068 1032 1147 1109 τῷ
1218 1030 1366 1111 λόγῳ
1395 1050 1414 1069 ο
1473 1030 1683 1111 ὀργάνῳ
1738 1030 1941 1109 βραχεῖ

262 1125 387 1204 περὶ
444 1131 560 1184 τῶν
603 1127 872 1205 μεγίστων
932 1123 1257 1205 φθέγγομαι.
1322 1122 1421 1180 Καὶ
1497 1127 1655 1179 τοῦτο
1711 1117 1851 1176 οἴσει
1910 1120 1939 1174 ὁ

261 1214 457 1291 πολὺς,
520 1218 557 1274 ὁ
615 1215 983 1295 μακρόθυμος,
1019 1216 1054 1283 ἡ
1111 1210 1342 1277 ἀνείδεος
1372 1211 1526 1293 φύσις
1561 1212 1648 1268 καὶ
1706 1209 1937 1285 ἀσώμα-

263 1326 383 1379 τος,
418 1305 550 1371 νοὸς
579 1306 654 1369 ὡς
714 1306 833 1382 περὶ
882 1304 1133 1379 σώματος
1177 1303 1264 1358 καὶ
1313 1304 1414 1370 τῆς
1460 1300 1713 1368 ἀληθείας
1744 1297 1935 1377 λόγους

260 1394 681 1475 ἀσθενεστέρους
743 1392 889 1466 (43).
952 1394 1012 1451 Εἰ
1055 1394 1156 1473 γὰρ
1198 1390 1368 1470 σάρκα
1412 1388 1646 1471 ἐδέξατο,
1706 1390 1794 1445 καὶ
1848 1389 1939 1445 τὸν

260 1486 507 1542 τοιοῦτον
544 1486 758 1565 φέρεται
791 1483 911 1557 (44)
955 1482 1141 1560 λόγον.

2022 590 2233 643 natura
2258 582 2389 644 ﬁeri
2410 582 2945 646 sustinens.Ambo
2966 582 3127 645 enim
3150 583 3333 661 Deus,
3362 581 3675 657 nimirum,

2020 671 2180 753 quod
2209 671 2625 753 ascumpsit,et
2655 671 2814 754 quod
2845 683 3211 755 assumptum
3244 682 3331 735 cst
3360 693 3375 741 :
3408 673 3538 735 dum
3566 689 3677 732 na-

2022 765 2169 820 tura;
2197 758 2258 819 in
2291 777 2473 821 unum
2506 768 2958 837 concurrentes,
2994 779 3114 822 non
3146 761 3265 823 duo
3318 762 3422 824 ﬁlii
3443 777 3519 822 ne
3552 757 3679 821 falsi

2022 854 2161 909 nota
2185 856 2489 928 prematur
2520 849 2733 913 unitio.
2769 850 2879 913 Hic
2910 851 3013 932 qui
3044 858 3239 913 tantus
3278 859 3388 927 est,
3446 858 3682 931 tamque

2024 954 2271 1016 magnus
2307 958 2320 1001 :
2357 938 2462 999 sed
2490 938 2637 1020 quid
2687 939 2826 1018 ago?
2858 942 3090 1004 Rursus
3121 940 3181 1003 in
3214 942 3473 1003 humana
3498 941 3682 1002 verba

2022 1026 2333 1109 prolapsus
2364 1027 2654 1102 sum.Quo
2688 1029 2850 1091 enim
2882 1028 3247 1113 modo,quod
3278 1031 3529 1113 simplex
3561 1036 3678 1103 est,

2022 1125 2248 1179 tantum
2283 1136 2414 1180 esse
2434 1118 2656 1199 potesl?
2679 1120 2807 1193 Quo
2847 1119 2989 1182 item
3015 1120 3215 1197 modo,
3252 1122 3407 1203 quod
3439 1120 3682 1201 quanti-

2021 1213 2198 1268 tatem
2232 1208 2444 1283 nescit,
2480 1217 2654 1271 tantaa
2686 1210 3110 1290 magnitudinis
3138 1218 3165 1275 ?
3196 1210 3311 1275 Sed
3359 1210 3533 1272 dictis
3568 1228 3682 1271 no-

2022 1296 2183 1377 stris,
2229 1315 2455 1377 quteso,
2510 1298 2805 1379 ignoscite
2839 1317 2853 1360 :
2891 1319 3111 1381 organo
3163 1301 3374 1380 exiguo
3401 1301 3476 1363 de
3502 1299 3683 1364 rebus

2023 1386 2299 1449 maximis
2326 1387 2465 1450 647
2499 1390 2732 1471 loquor.
2759 1391 2955 1471 Atque
3001 1393 3116 1453 hoc
3144 1391 3301 1453 feret
3330 1393 3551 1453 multus
3584 1390 3683 1452 ille

2023 1484 2077 1537 et
2095 1476 2478 1561 longanimis,
2499 1490 2708 1541 natura
2724 1481 2825 1541 i|la
2850 1481 3056 1543 formae
3079 1490 3138 1545 et
3156 1481 3424 1562 corporis
3446 1498 3680 1561 expers,

260 1572 452 1655 quod,
480 1574 646 1636 velut
680 1573 756 1634 de
784 1589 1035 1653 corpore
1067 1570 1346 1652 loquens,
1371 1566 1806 1631 infirmioribus
1835 1565 2049 1655 verbis,
2068 1572 2223 1646 utar,
2256 1586 2433 1648 quam
2468 1569 2684 1631 veritas
2724 1569 2854 1650 ipsa
2886 1570 3160 1651 postulet.
3197 1570 3342 1633 Nam
3374 1589 3509 1632 cnm
3544 1588 3678 1633 car-

261 1680 407 1724 nem
438 1654 802 1744 Susceperit,
831 1660 1034 1742 utique
1064 1668 1123 1722 et
1153 1657 1499 1740 hujusmodi
1544 1674 1885 1719 sermonem
1919 1654 2180 1737 perferet
3533 1668 3537 1672 ‘

348 1751 444 1815 I".
481 1755 583 1812 Καὶ
614 1751 987 1820 ἠκολούθησαν
1020 1751 1162 1826 αὒτῷ
1214 1747 1374 1831 ὄχλοι
1423 1746 1614 1805 πολλοὶ
1644 1746 1791 1827 (45),
1855 1748 1940 1803 καὶ

2105 1744 2297 1809 [ILEt'
2312 1754 2534 1811 secuta:
2554 1757 2699 1811 sunt
2721 1767 2859 1813 eum
2881 1750 3072 1813 turba:
3098 1749 3324 1826 multae,
3365 1757 3422 1811 cl
3445 1751 3689 1813 curavit

268 1841 623 1923 ἐθεράπευσεν
686 1843 878 1907 αὐτοὺς
938 1840 1077 1914 ἐκεῖ,
1131 1839 1251 1897 ἔνθα
1304 1837 1503 1896 πλείων
1534 1839 1570 1906 ἠ
1602 1837 1819 1917 ἐρημία.
1881 1836 1940 1894 Εἰ

269 1932 365 1991 επὶ
423 1937 526 1999 τῆς
593 1930 725 1997 ἰδίας
786 1931 964 2008 ἔμεινε
1036 1931 1341 2009 περιωπῆς,
1398 1930 1443 1985 εἰ
1500 1928 1579 2003 μὴ
1636 1923 1939 2006 συγκατέϐη

268 2028 343 2099 τῇ
375 2021 640 2101 ἆσθενείᾳ,
702 2023 746 2079 εἰ
804 2021 934 2099 ὅπερ
992 2021 1060 2088 ἧν
1092 2018 1346 2098 ἕμεινειν,
1406 2016 1693 2097 ἀπρόσιτον
1754 2017 1938 2075 ἑαυτὸν

271 2110 558 2190 φυλάττων
620 2114 705 2168 ιιαὶ
767 2110 1157 2191 ἀπερίληπτον,
1235 2107 1405 2187 ὀλίγοι
1467 2106 1529 2163 ἂν
1571 2105 1938 2175 ἠκολούθησαν

270 2200 445 2281 τυχόν
478 2218 492 2233 ⁶
523 2204 623 2260 οὒκ
649 2201 773 2258 οἶδα
803 2197 885 2277 δὲ,
938 2200 982 2256 εἰ
1030 2199 1119 2256 καὶ
1149 2196 1352 2276 ὀλίγοι,
1385 2197 1532 2277 τάχα
1563 2194 1726 2265 μόνος
1773 2201 1939 2250 Μωυ-

272 2290 410 2367 σῆς,
438 2290 529 2348 καὶ
587 2291 741 2355 οὗτος
784 2296 1061 2363 τοσοῦτον⁷
1125 2287 1263 2345 ὥστε
1315 2286 1474 2363 μόλις
1518 2283 1651 2342 ἰδεῖν
1699 2291 1832 2341 Θεοῦ
1881 2285 1941 2339 τὰ

278 2379 522 2443 ὀπίσθια.
554 2380 669 2448 Τὴν
704 2379 801 2456 μὲν
828 2380 930 2459 γὰρ
960 2377 1189 2458 νεφέλην
1239 2376 1478 2457 διέσχεν,
1532 2372 1632 2441 ἔξω
1681 2375 1775 2431 τοῦ
1829 2395 1938 2431 σωο

280 2476 515 2543 ματικοῦ
573 2469 765 2550 βάρους
846 2469 1159 2549 γενόμενος,
1248 2468 1285 2534 ἦ
1354 2464 1630 2530 συσταλεὶς
1679 2464 1785 2521 ἀπὸ
1836 2463 1943 2519 τῶν

286 2559 585 2629 αἰσθήσεων
616 2578 629 2591 ·
699 2558 830 2616 Θεοῦ
878 2557 930 2614 δὲ
990 2556 1321 2637 λεπτότητα,
1372 2555 1408 2625 ἣ
1440 2554 1844 2632 ἆσοματότητα,
1904 2552 1940 2621 ἢ

288 2645 389 2703 οὒκ
416 2646 542 2706 οἶδα
572 2646 719 2712 ὅπως
764 2646 880 2727 (46)
910 2645 970 2703 ἄν
1027 2669 1107 2712 τις
1158 2647 1460 2727 ὀνομάσειε,
1513 2651 1629 2710 πῶς
1681 2643 1742 2701 ἂν
1788 2642 1943 2700 ἐθεά-

288 2756 422 2792 σατο
463 2736 624 2812 σῶμά
665 2758 722 2793 τε
768 2737 865 2817 ὣν,
939 2737 1027 2792 καὶ
1083 2737 1357 2804 αἰσθητοῖς
1417 2733 1717 2815 ὀφθαλμοῖς
1769 2754 1941 2811 προσ-

286 2822 557 2903 ϐάλλωνς
630 2823 783 2885 Ἀλλ’
868 2823 1052 2894 ἐπειδὴ
1128 2833 1367 2884 κενοῦται
1420 2823 1487 2882 δι’
1532 2826 1698 2904 ἡμᾶς,
1758 2820 1943 2889 ἔπειδή

284 2914 610 2997 κατέρχεται
659 2916 900 2992 (κένωσιν
971 2915 1027 2973 δὲ
1098 2914 1242 2995 λέγω
1296 2916 1395 2984 τὴν
1452 2915 1547 2984 τῆς
1608 2913 1763 2981 δόξης
1821 2912 1943 2970 οἷον

283 3004 466 3084 ὕφεσίν
512 3028 567 3062 τε
625 3008 716 3063 καὶ
786 3004 1127 3084 ὶλάττωσιν),
1190 3004 1275 3062 διὰ
1334 3013 1491 3063 τοῦτο
1545 3004 1801 3085 χωρητὸς
1851 3003 1939 3079 γί-
1962 3059 2000 3111 C

285 3116 461 3160 νεται,

2022 1851 2120 1897 eos
2151 1834 2307 1911 illic,
2345 1836 2444 1899 ubi
2506 1838 2724 1901 vastior
2782 1839 3046 1902 solitudo
3079 1850 3226 1904 erat.
3263 1838 3326 1903 Si
3358 1839 3419 1901 in
3449 1839 3691 1919 specula

2023 1940 2130 1986 sua
2153 1925 2548 2002 mansisset,si
2572 1929 2644 1991 ad
2675 1929 2987 1991 hominum
3009 1928 3417 1993 inﬁrmitatem
3442 1929 3689 1991 minime

2021 2031 2088 2075 se
2119 2013 2564 2093 demisisset,si,
2592 2018 2752 2100 quod
2787 2018 3688 2099 erat,mansisset,inaccessibi-

2024 2104 2141 2166 lem
2173 2104 2441 2187 seipsum
2473 2115 2532 2170 et
2582 2108 3265 2190 incomprehensibilem
3320 2108 3687 2183 custodiens,

2024 2193 2197 2274 pauci
2215 2194 2466 2260 fortasse
2504 2200 2695 2261 secuti
2728 2199 2978 2260 fuissent
3010 2220 3025 2260 :
3058 2210 3235 2280 atque
3268 2199 3423 2261 haud
3460 2199 3584 2261 scio
3614 2216 3689 2259 an

2030 2285 2482 2362 pauci,fortasse
2505 2289 2735 2371 Moyses
2756 2291 2943 2366 solus;
2969 2289 3152 2370 idque
3175 2289 3351 2351 etiam
3376 2290 3688 2362 hactenus,

2027 2379 2094 2434 ut
2112 2371 2217 2435 Dei
2242 2379 2573 2456 posteriora
2594 2397 2750 2459 aegre
2768 2377 3166 2442 videret’3"'.
3192 2378 3430 2442 Etenim
3462 2376 3684 2439 nubem

2026 2463 2267 2544 quidem
2306 2466 2409 2529 ille
2443 2470 2776 2549 penetravit
2826 2468 2900 2542 ⁸ο,
2939 2478 3101 2533 extra
3145 2470 3415 2551 corporis
3453 2467 3684 2550 pondus

2029 2552 2278 2633 positus,
2311 2567 2412 2620 aut
2435 2576 2469 2620 a
2499 2558 2777 2621 sensibus
2822 2558 3109 2623 collectus
3148 2577 3218 2620 ac
3239 2559 3544 2637 reductus;
3576 2556 3685 2621 Dei

2028 2659 2167 2704 vero
2193 2647 2573 2725 tenuitatem,
2624 2658 2726 2710 aut
2779 2668 2814 2711 a
2864 2667 3115 2731 corpore
3162 2650 3540 2728 vacuitatem,
3585 2655 3687 2709 aut

2027 2750 2386 2818 quocunque
2412 2737 2649 2801 tandem
2684 2738 2802 2801 alio
2835 2739 3080 2801 nomine
3109 2756 3209 2800 res
3244 2756 3313 2799 ea
3333 2734 3687 2818 appellanda

2027 2820 2252 2904 sit,quo
2283 2829 2522 2890 tandem
2561 2830 2739 2891 modo
2774 2828 3121 2910 perspicere
3152 2827 3469 2910 potuisset,
3492 2824 3596 2907 qui
3628 2832 3686 2887 et

2028 2930 2243 2994 corpus
2277 2926 2491 2999 erat,et
2512 2921 2821 3000 corporeis
2852 2918 3047 2980 oculis
3080 2916 3412 2981 cernebat?
3434 2914 3681 2995 Verum,

2027 3006 2305 3083 quoniam
2328 3016 2530 3071 nostra
2548 3027 2727 3071 causa
2748 3009 3107 3083 exinanitur,
3127 3008 3405 3089 quoniam
3426 3007 3684 3069 descen-

2025 3093 2113 3154 dit
2138 3094 2628 3175 (exinanitionem
2660 3110 2861 3162 autem
2892 3117 3064 3177 voco,
3098 3098 3267 3180 quasi
3298 3096 3504 3178 gloria
3534 3094 3683 3158 sub-

284 3182 632 3245 missionem
661 3192 721 3247 et
751 3185 1283 3263 immunitionem),
1316 3183 1541 3248 idcirco
1576 3179 1985 3265 perceptibilis
2013 3189 2075 3244 et
2105 3189 2670 3267 comprehensibilis
2700 3188 2981 3251 efﬁcitur.

371 3280 456 3353 Δ..
534 3295 666 3351 Δότε
752 3293 806 3351 δέ
864 3294 982 3374 (47)
1042 3318 1134 3372 μοι
1205 3295 1531 3375 συγγνώμην
1582 3293 1800 3370 μεταξὺ,
1855 3315 1942 3349 και

288 3382 453 3447 πάθος
512 3406 564 3442 τι
623 3384 950 3466 ἀνθρώπινον
1006 3386 1168 3444 πάλιν
1216 3390 1506 3466 πάσχοντι,
1571 3392 1749 3461 Θυμοὸ
1792 3382 1943 3450 πλη-

294 3479 484 3551 ροῦμαι
528 3476 616 3534 καὶ
646 3474 819 3542 λύπης
874 3475 962 3534 ἐπὶ
1004 3483 1080 3551 τῷ
1130 3475 1244 3552 ἐμῷ
1303 3483 1534 3556 Χριστῷ,
1568 3474 1942 3553 συμπάσχοιτε

286 3561 342 3620 δὶ
398 3564 517 3640 (48)
554 3566 645 3622 καὶ
700 3567 881 3643 ὑμεῖς,
941 3565 1068 3623 ὅταν
1129 3566 1231 3623 ἴδω
1257 3565 1341 3623 διὰ
1367 3569 1521 3624 τοῦτο
1551 3564 1942 3641 ἀτιμαζομενόν

289 3675 393 3730 μου
422 3654 517 3711 τόν
568 3658 816 3737 Χριστὸν,
870 3655 939 3713 δι’
1000 3657 1029 3713 ὃ
1063 3656 1299 3733 μάλιστα
1328 3660 1579 3733 τιμᾶσθαι
1611 3654 1811 3717 δίκαιος
1855 3658 1946 3723 ἦν.

300 3744 403 3800 Διὰ
456 3751 614 3803 τοῦτο
664 3746 765 3825 γὰρ
821 3745 1038 3823 ἄτιμος,
1090 3747 1206 3803 εἰπέ
1241 3769 1360 3827 μοι,
1394 3746 1475 3803 ὅτι
1508 3744 1594 3802 διὰ
1647 3745 1707 3800 σὲ
1755 3766 1950 3800 ταπει-

291 3833 382 3896 νός
414 3850 440 3911 ;
475 3835 575 3891 Διὰ
603 3842 759 3894 τοῦτο
788 3838 1011 3914 κτίσμα,
1058 3836 1139 3893 ὅτι
1196 3844 1289 3893 τοῦ
1332 3838 1622 3912 κτίσματος
1680 3833 1898 3905 κήδεται
1935 3853 1952 3910 ;

297 3923 396 3980 Διὰ
423 3930 583 3982 τοῦτο
636 3926 739 3983 ὑπὸ
796 3931 1019 4009 χρόνον,
1072 3925 1154 3983 ὅτι
1198 3927 1321 3993 τοὺς
1368 3928 1470 3984 ὑπὸ
1500 3927 1699 4007 χρόνον
1731 3924 1951 3982 ἐπισκέ-

294 4034 483 4071 πτεται
522 4033 539 4090 ;
583 4013 961 4098 Ill-ilquvu
1006 4016 1175 4097 φέρει,
1232 4017 1408 4074 πάντα
1452 4014 1693 4097 δέχεται.
1752 4016 1856 4074 Καὶ
1904 4015 1956 4072 τί

294 4105 652 4179 θαυμαστόν;
757 4096 1088 4183 ’ῥαπίσματα
1195 4104 1441 4186 ἤνεγκεν,
1516 4096 1955 4181 νέμπτυσμὰτων

296 4192 584 4274 ἠνέσχετο,
617 4193 793 4275 χολῆς
825 4195 1076 4274 ἐγεύσατο
1104 4193 1187 4253 διὰ
1237 4196 1334 4263 τὴν
1387 4196 1527 4271 ὲμὴν
1582 4194 1783 4275 γεῦσιν.
1840 4193 1954 4250 Φέ-

298 4303 377 4361 ρει
437 4284 525 4340 καὶ
568 4291 656 4341 νῦν
716 4283 1085 4366 λιθαζόμενος,
1132 4288 1193 4345 οὗ
1238 4284 1399 4361 μόνον
1447 4285 1549 4341 ὑπὸ
1605 4289 1710 4340 τῶν
1768 4283 1957 4359 ἐμπη-

301 4375 616 4449 ρεαζόντων,
656 4372 793 4434 ἀλλὰ
841 4378 930 4433 καὶ
974 4373 1060 4457 ὑφ’
1116 4377 1273 4451 ἡμῶν
1331 4373 1503 4432 αὐτῶν
1555 4380 1662 4431 τῶν
1720 4372 1959 4431 εὐσεϐεῖν

299 4460 618 4528 δοκούντων,
693 4469 766 4525 Τὸ
848 4468 950 4546 γὰρ
1025 4469 1144 4545 περὶ
1203 4466 1493 4543 ἀσωμάτου
1550 4464 1952 4546 διαλεγόμενον,

301 4568 639 4630 σωματικοῖς
699 4561 1000 4637 κεχρῆσθαι
1045 4557 1296 4635 ὀνόμάσι,
1330 4557 1498 4637 τυχὸν
1549 4555 1952 4637 ἐπηρεαζόντων

293 4641 405 4700 ἆστὶ
462 4646 553 4702 καὶ
609 4645 931 4719 λιθαζόντων
989 4647 1114 4728 (49)
1150 4668 1163 4681 ·
1228 4646 1369 4704 ἀλλὰ
1414 4647 1734 4727 συγγνώμη,
1794 4646 1953 4705 πάλιν

291 4731 457 4814 λέγω,
535 4742 605 4813 τῇ
687 4736 953 4812 ἀσθενείᾳ.
1013 4738 1309 4814 Λιθάςομεν
1394 4739 1492 4817 γὰρ
1555 4737 1660 4818 οὐχ
1714 4738 1955 4812 ἑκόντες,

289 4822 429 4881 ἀλλὰ
451 4826 514 4882 τὸ
542 4826 860 4907 φθέγγεσθαι
919 4827 1095 4893 ἄλλως
1149 4831 1241 4886 οὐκ
1297 4828 1542 4910 ἔχοντες,
1577 4830 1622 4903 ᾦ
1655 4827 1709 4883 δὲ
1755 4826 1957 4908 ἔχομεν

291 4913 591 4993 χρώμενοι,
628 4918 801 4996 Λόγος
833 4918 1069 4993 ἀκούεις,
1128 4921 1217 4975 καὶ
1269 4920 1401 4997 ὑπὲρ
1450 4918 1611 4997 λόγον
1664 4921 1719 4975 εἴ
1754 4936 1769 4952 ⁸
1823 4917 1959 4998 ὑπὲρ

2109 3294 2300 3360 IV.Ac
2323 3297 2466 3360 mihi
2488 3298 2666 3361 velim
2687 3299 3031 3379 ignoscatis,
3058 3298 3339 3361 affectum
3368 3293 3686 3378 quemdam

2029 3386 2351 3449 humanum
2371 3406 2579 3451 rursus
2612 3389 2921 3453 sentienti.
2957 3391 3043 3452 Ita
3075 3397 3133 3451 et
3155 3384 3688 3465 moeroreimpleor

2029 3487 2277 3556 propter
2298 3496 2497 3539 meum
2516 3478 3096 3559 Christum,(utinam
3122 3477 3233 3559 ipsi
3253 3494 3489 3558 quoque
3510 3473 3687 3535 simul

2032 3564 2338 3648 doleatis!)
2365 3585 2499 3628 cum
2526 3586 2659 3629 eum
2688 3569 2797 3630 hac
2820 3568 2894 3630 de
2948 3586 3125 3629 causa
3152 3567 3456 3629 contemni
3485 3582 3555 3626 ac
3584 3581 3688 3643 pro

2034 3654 2221 3717 nihiio
2246 3657 2454 3717 haberi
2474 3657 3058 3740 conspicio,propter
3077 3676 3251 3736 quam
3286 3674 3420 3716 eum
3436 3653 3691 3715 maxime

2036 3745 2317 3806 honorari
2349 3764 2454 3825 par
2485 3755 2612 3808 erat
2640 3746 2731 3808 An
2764 3747 3125 3824 idcirco,dic
3161 3745 3330 3819 mihi,
3356 3743 3603 3805 humilis
3634 3749 3694 3804 et

2037 3833 2307 3915 abjectus
2341 3845 2451 3915 est,
2488 3837 2625 3918 quia
2688 3845 2933 3919 pr0pter
2993 3845 3047 3898 te
3108 3834 3404 3898 humilis?
3433 3835 3524 3896 An
3555 3832 3691 3896 ideo

2037 3933 2331 4005 creatura,
2364 3925 2499 4005 quia
2532 3926 2605 3989 de
2638 3935 2909 3987 creatura
2939 3925 3235 3987 sollicitus
3266 3930 3403 3986 est?
3432 3924 3523 3984 An
3556 3922 3691 3983 ideo

2039 4015 2291 4095 tempori
2318 4016 2696 4099 subest,quia
2728 4035 2853 4096 eos,
2882 4015 2982 4097 qui
3009 4014 3262 4096 tempori
3288 4013 3562 4087 subsunt,
3594 4011 3692 4073 in-

2039 4102 2226 4165 visit?
2261 4104 2682 4168 Verumtamen
2728 4106 2929 4181 omnia
2958 4105 3093 4179 fert,
3129 4104 3332 4166 omnia
3363 4101 3602 4183 excipit.
3628 4100 3699 4163 Et

2041 4192 2183 4273 quid
2219 4194 2435 4255 mirum
2461 4194 2491 4254 ?
2523 4194 2742 4275 Alapas
2776 4195 2906 4256 tulit
2935 4194 3010 4271 ³1,
3047 4196 3237 4276 sputis
3264 4192 3499 4274 aspergi
3526 4190 3698 4253 susti-

2042 4285 2191 4360 nuit,
2225 4293 2472 4366 pr0pter
2515 4296 2748 4365 gustum
2784 4304 2984 4346 meum
3018 4285 3094 4347 fel
3140 4283 3393 4364 gustavit
3420 4280 3496 4345 ³³.
3529 4280 3699 4343 Nunc

2043 4375 2221 4437 etiam
2255 4392 2321 4436 se
2352 4375 2653 4456 lapidibus
2687 4374 2909 4437 incessi
2945 4376 3168 4455 patitur
3187 4373 3391 4454 33,n0n
3426 4373 3601 4434 modo
3624 4370 3699 4434 ab

2043 4465 2524 4529 obtrectantibus
2553 4473 2612 4528 et
2641 4466 3016 4539 vexantibus,
3054 4465 3157 4527 sed
3206 4482 3241 4525 a
3302 4463 3474 4525 nobis
3517 4462 3696 4525 etiam

2041 4555 2210 4637 ipsis,
2239 4556 2339 4639 qui
2372 4557 2509 4619 fidei
2537 4557 2818 4638 pietatem
2850 4552 3464 4637 proﬁtemur.Etenim
3498 4552 3573 4614 de
3604 4553 3701 4613 in-

2037 4663 2330 4726 corporeo
2362 4645 2795 4727 disputantem,
2848 4644 3155 4726 corporeis
3202 4640 3548 4705 nominibus
3589 4641 3699 4717 uti,

2044 4736 2305 4798 vexantis
2330 4736 2580 4797 fortasse
2607 4735 2813 4816 fuerit,
2840 4747 2902 4797 et
2928 4733 3272 4815 lapidantis;
3306 4732 3411 4794 sed
3443 4730 3700 4793 inﬁrmi-

2044 4825 2146 4887 tati
2173 4824 2640 4898 nostrae,itcrum
2672 4822 3076 4899 dicam,venia
3107 4822 3499 4884 concedatur.
3525 4819 3704 4900 Lapi-

2039 4916 2253 4977 damus
2281 4915 2441 4976 enim
2476 4914 2629 4976 haud
2666 4915 2980 4977 lubenter:
3014 4913 3121 4974 sed
3174 4912 3320 4993 quia
3340 4911 3517 4973 aliter
3543 4910 3707 4989 loqui

368 5026 506 5075 ’3'”
534 5030 721 5098 Exod.
751 5051 957 5117 xxxm,
989 5035 1089 5101 23.
1176 5034 1230 5079 3°
1255 5035 1443 5101 Exod.
1482 5052 1584 5116 xx,
1618 5034 1718 5097 21.
1805 5033 1855 5077 3i
1890 5037 2071 5098 Marc.
2106 5049 2225 5108 xxv,
2258 5032 2357 5097 65.
2446 5029 2501 5074 3’
2530 5029 2700 5095 Joan.
2748 5049 2871 5106 nx,
2908 5030 3012 5096 29.
3097 5026 3152 5071 ³³
3175 5029 3352 5091 Joan.
3386 5043 3446 5102 x,
3477 5026 3575 5088 31.

373 5147 497 5223 (42)
530 5152 619 5220 Μὴ
675 5151 1084 5233 καταψευδέσθω
1140 5157 1175 5225 ἡ
1226 5156 1538 5233 σύγκρασις.
1608 5175 1629 5207 ιι
1683 5150 1771 5233 Ne
1812 5150 1953 5233 falsi

291 5238 432 5328 nota
455 5231 1026 5328 premat'qr‘unitiozs
1057 5233 1158 5298 Sic
1184 5230 1354 5314 loqui
1365 5230 1642 5297 maluere
1662 5230 1953 5328 theologi,

294 5310 655 5402 postnatum
674 5310 1022 5395 Eutychetis
1052 5310 1343 5393 errorem,
1377 5333 1556 5397 quam
1588 5337 1651 5375 συ
1724 5310 1952 5393 pateatne;

296 5389 363 5482 id
390 5400 506 5482 est,
548 5416 576 5448 α
605 5393 1070 5482 commistionis,
1109 5416 1140 5457 ι
1169 5414 1314 5459 voce
1344 5396 1458 5476 nti,
1493 5395 1634 5457 licet
1653 5337 1960 5457 Emiliaris

294 5470 371 5533 sit
394 5470 702 5551 Gregorio.

375 5552 498 5638 (43)
528 5553 985 5638 Ἀςθενεστέρουςτ
1021 5555 1206 5620 Deest
1233 5555 1295 5618 in
1325 5559 1477 5638 Reg.
1509 5556 1569 5619 b.

371 5634 507 5714 (44)
532 5636 605 5693 Φ¹
644 5656 781 5701 εται.
819 5634 1057 5707 Comb.,
1090 5660 1154 5721 cpe
1190 5638 1315 5702 ἐτω,

372 5717 501 5775 (45)
532 5657 754 5775 nigon.
784 5714 1070 5775 Nonnulli
1100 5660 1315 5775 atfdnni

372 5717 501 5796 (45)
532 5714 754 5782 Πολλοί.
784 5714 1071 5785 Nonnulli
1100 5714 1351 5799 addunt,
1376 5719 1529 5803 φησι.

2069 5148 2386 5253 ,μθλο-δκ
2416 5148 2542 5207 οῖδα
2586 5148 2757 5214 ὅπως.
2806 5149 2907 5213 Sic
2940 5156 3061 5211 tres
3114 5144 3287 5210 Colb.
3352 5141 3420 5205 In
3452 5140 3578 5217 ed.,
3610 5144 3705 5200 οὒκ

2036 5254 2164 5291 οιοα
2194 5253 2331 5295 πως.

2125 5312 2247 5395 (47)
2280 5311 2371 5395 Αέ..
2404 5310 2585 5395 Deest
2615 5310 2676 5395 in
2707 5309 2811 5395 ρι’.
2849 5315 2907 5395 t.

2122 5389 2255 5470 (48)
2294 5392 2379 5453 Δὲ.
2418 5394 2598 5455 Deest
2630 5391 2692 5452 in
2722 5391 2871 5470 Reg.
2902 5389 2961 5452 b.

2122 5392 2223 5470 (48
2294 5392 2379 5453 Δὲ.
2418 5394 2598 5455 Deest
2630 5392 2692 5452 in
2722 5392 2871 5470 Reg.
2902 5392 2961 5452 b.

2122 5392 2255 5553 (49;
2280 5473 2729 5553 ᾜπηρεαζόντων
2768 5552 2779 5553 7
2815 5471 2930 5553 ἐστι
3017 5470 3105 5553 καὶ
3175 5467 3528 5553 λιθαζόντων.
3606 5464 3705 5553 Sic

2038 5554 2157 5617 duo
2190 5549 2363 5617 Colb.
2422 5549 2480 5615 et
2513 5550 2722 5616 Comb.
2759 5552 2823 5615 In
2858 5551 2986 5629 ed.,
3050 5550 3482 5629 ἐπηρεαζόντων,
3533 5549 3705 5628 τυχὸν

2035 5635 2383 5711 λῑθαζόντων,
