4158 6426
547 336 657 403 291

1836 338 1896 403 S.
1946 338 2315 406 GREGORII
2357 333 2735 408 THEOLOGI

3836 342 3946 412 292

559 474 716 565 viros
746 469 977 535 honore
1002 470 1265 565 praeferri
1299 472 1569 565 colligis?
1598 473 1951 565 Audio,sed
1970 492 2041 536 ex
2071 472 2208 536 Vir-

2301 478 2341 533 ol
2371 476 2483 555 δύο,
2517 483 2706 562 φησὶν,
2737 486 2810 545 εἱς
2886 483 3055 561 σάρκα
3081 483 3207 559 μίαν
3243 502 3257 519 ⁵
3290 485 3376 541 καὶ
3405 485 3439 551 ἦ
3472 484 3565 559 μία
3592 483 3830 563 (70·71)
3856 486 3944 565 σὰρ

548 563 684 641 gine
708 582 945 643 quoque
975 564 1483 644 nascitur$,quod
1514 575 1573 624 et.
1596 582 1703 644 pro
1727 564 2075 627 mulieribus
2098 583 2200 626 va-

548 652 864 714 let.Erunt
895 653 1441 734 igitur,inquit,duo
1465 657 1527 714 in
1557 671 1745 715 came
1772 654 2201 733 una4t:proin-

547 742 624 803 de
652 760 814 817 caro,
844 761 970 819 quea
995 761 1109 803 una
1141 751 1250 812 est.
1288 743 1574 822 aequalem
1624 743 1910 804 honorem
1963 743 2196 807 habeat.

546 834 676 892 Jam
703 850 841 893 vero
874 830 1088 893 Paulus
1113 832 1385 912 exemplo
1414 850 1650 912 quoque
1678 832 2006 894 castitatem
2043 834 2203 896 velut

547 921 676 1001 lege
712 920 1197 1002 praescribit.Quo
1229 922 1471 983 tandem
1501 921 1767 1001 mcdo,et
1794 940 1911 1003 qua
1942 924 2202 986 ratione?

544 1010 1009 1073 Sacramentum
1032 1011 1141 1072 hoc
1164 1029 1449 1089 magnum
1479 1018 1591 1073 est:
1613 1028 1718 1090 ego
1745 1020 1945 1073 autem
1971 1013 2109 1074 dico
2132 1016 2197 1075 in

548 1100 791 1163 Christo
805 1110 858 1162 et
873 1107 937 1161 in
959 1100 1311 1164 Ecclesia“.
1325 1102 1646 1163 Pulchrum
1671 1110 1761 1162 est
1778 1101 2013 1162 mulieri
2035 1102 2202 1166 Chri-

552 1198 708 1250 stum
743 1208 848 1269 per
883 1190 1068 1251 virum
1113 1190 1375 1251 revereri
1413 1207 1426 1252 :
1466 1190 1779 1269 pulchrum
1807 1210 2045 1271 quoque
2075 1192 2199 1254 viro

544 1278 871 1341 Ecclesiam
908 1297 1013 1361 per
1042 1299 1292 1342 uxorem
1330 1299 1445 1341 non
1479 1280 1810 1358 aspernari.
1844 1281 2195 1355 .tlutier,in-

541 1368 763 1448 quit,ut
792 1371 999 1431 vitum
1029 1369 1321 1444 timeat“,
1345 1370 1568 1450 quippe
1596 1379 1655 1430 et
1685 1369 2198 1432 Cbristum.Atvir

2283 567 2460 648 ἐχέτω
2505 573 2566 627 τὸ
2623 572 2905 647 ὁμότιμον,
2954 572 3161 637 Παῦλος
3217 571 3273 629 δὲ
3331 574 3419 631 καὶ
3458 580 3538 649 τῷ
3587 573 3930 654 ὑποδείγματι

2284 658 2377 726 τὴν
2424 662 2765 740 σωφροσύνην
2810 665 3111 736 νομοθετεῖ.
3162 667 3308 737 Πῶς,
3370 663 3459 719 καὶ
3508 663 3624 720 τίνα
3684 665 3927 743 τρόπον;

2284 750 2355 806 Τὸ
2422 751 2715 825 μυστήριον
2771 750 2931 809 τοῦτο
2992 751 3133 829 μέγα
3193 751 3357 808 ἐστίν·
3413 751 3524 831 ἑγὼ
3579 750 3634 810 δὲ
3678 752 3822 832 λέγω
3863 757 3932 819 εἷς

2285 840 2509 918 Χριστὸν
2554 840 2642 896 καὶ
2713 842 2787 903 εἰς
2852 840 2951 908 τὴν
3011 838 3135 918 (72)
3195 838 3539 912 Ἐκκλησίαν,
3636 840 3811 899 Καλὸν
3866 849 3932 919 τῇ

2282 927 2487 1004 γυναικὶ
2533 928 2758 1007 Χριστὸν
2822 927 3083 985 αἰδεῖσθαι
3134 927 3219 985 διὰ
3272 936 3363 987 τώ
3395 927 3581 1007 ἀνδρὸς
3614 947 3631 963 ⁶
3668 928 3834 988 καλὸν
3861 952 3925 987 κα

2288 1018 2362 1089 τῷ
2405 1012 2687 1098 ἀνδρὶᾼτὴν
2747 1014 3075 1085 Ἐκκλησίαν
3118 1017 3198 1093 μὴ
3266 1017 3541 1095 ἀτιμάζειν
3590 1018 3674 1077 διὰ
3702 1024 3802 1086 τῆς
3835 1043 3931 1098 γυο

2287 1094 2507 1169 ναικὸς.)
2554 1094 2615 1163 Ἠ
2673 1107 2833 1185 γυνὴ,
2895 1107 3079 1187 τησὶν,
3136 1106 3231 1163 ἵνα
3280 1104 3509 1188 φοϐῆται
3564 1109 3657 1165 τὸν
3734 1094 3890 1185 ἄνδρα
3924 1127 3941 1142 ·

2285 1196 2372 1250 καὶ
2418 1197 2646 1274 Χριστὸν
2676 1196 2802 1275 γὰρ.
2838 1194 3004 1252 Ἀλλᾶ
3030 1197 3121 1253 καὶ
3153 1198 3182 1253 ὁ
3222 1196 3381 1276 ἀνὴρ,
3427 1196 3521 1253 ἵνα
3564 1196 3794 1277 περιέπῃ
3845 1198 3944 1266 τὴν

2285 1298 2514 1362 γυναῖκα
2548 1300 2561 1315 ·
2610 1287 2699 1341 καὶ
2742 1286 2843 1363 γὰρ
2888 1286 3110 1360 Χριοτὸς
3171 1286 3271 1353 τὴν
3316 1285 3663 1353 Ἐκκλησίαν,
3724 1285 3941 1345 Μᾶλλον

2287 1371 2332 1429 δ’
2365 1373 2441 1431 ἔτι
2476 1373 2601 1454 (73)
2635 1376 2721 1431 καὶ
2753 1374 3342 1455 προσξιλοπονήσωμεν
3371 1381 3449 1450 τῷ
3479 1374 3647 1452 ρητῷ.

543 1458 746 1557 etiam,
786 1468 848 1519 ut
880 1478 1122 1520 uxorem
1158 1459 1347 1522 foveat
1377 1467 1553 1557 atque
1586 1458 2017 1539 complectatur
2036 1458 2111 1538 ‘7;
2150 1480 2281 1523 nam
2314 1470 2377 1525 et
2402 1462 2674 1526 Christus
2698 1462 3054 1527 Ecclesiam.
3080 1462 3239 1538 Quin
3262 1467 3440 1527 etiam
3464 1465 3592 1527 hac
3612 1463 3798 1528 verba
3821 1474 3948 1557 stu.

541 1547 767 1608 diosius
790 1556 846 1609 et
874 1552 1207 1609 accuratius
1239 1550 1673 1627 expendamus.

621 1635 776 1699 VIII.
812 1636 1011 1717 Mutge
1043 1641 1163 1717 lac,
1197 1639 1279 1699 ait
1308 1636 1434 1713 ille,
1466 1644 1520 1699 et
1538 1638 1655 1699 erit
1684 1635 1963 1717 butyrum
1994 1636 2067 1699 ‘3:
2096 1658 2196 1700 se-

2362 1642 2451 1706 H’.
2514 1640 2767 1723 ’Ἄμελγε
2822 1642 2984 1724 γάλα,
3044 1645 3132 1701 καὶ
3186 1644 3331 1700 ίσται
3360 1645 3618 1724 βιδύτυρον
3654 1664 3670 1680 ⁶
3704 1643 3931 1716 ἐξέταζει

538 1726 678 1788 dulo
694 1726 1100 1807 exquirere,et
1122 1726 1371 1788 fortasse
1386 1728 1443 1786 in
1470 1726 1541 1786 iis
1558 1727 1962 1788 succulentius
1979 1729 2203 1807 aliquid

539 1813 965 1877 invenieslioc
984 1816 1141 1877 enim
1166 1833 1447 1877 sermone
1472 1816 1771 1877 secundas
1805 1817 2040 1896 nuptias
2060 1819 2203 1880 mihi

540 1905 890 1968 dissuadere
920 1906 1177 1968 videtur.
1213 1904 1271 1967 Si
1306 1906 1467 1967 enim
1493 1904 1611 1965 duo
1642 1905 1860 1967 Christi
1891 1917 2050 1987 sunt,
2085 1909 2201 1970 duo

540 2013 778 2075 quoque
821 1993 931 2055 viri
989 1995 1129 2069 sint,
1163 2002 1223 2055 et
1253 1993 1383 2055 dum
1416 2012 1631 2055 uxores
1668 2011 1681 2055 :
1717 1993 1768 2055 si
1799 2002 1995 2057 autem
2048 2016 2198 2059 unus

539 2087 1026 2167 Christus,unum
1057 2084 1342 2147 Ecclesia:
1362 2093 1690 2165 caput,una
1722 2086 1900 2147 etiam
1934 2104 2071 2147 caro
2091 2087 2192 2164 sit,

541 2177 805 2238 secunda
833 2183 1029 2237 autem
1071 2173 1583 2256 respuatur.Quod
1618 2173 1669 2235 si
1698 2175 2022 2238 secundam
2057 2196 2195 2258 pro-

542 2268 761 2341 hibeat,
797 2266 870 2327 de
902 2265 1077 2326 tertia
1124 2264 1267 2342 quid
1303 2263 1621 2327 dicendum
1655 2263 1771 2327 est?
1800 2264 2066 2326 Primum
2101 2268 2196 2329 lex

546 2355 992 2437 est,secundum
1030 2353 1201 2415 venia
1228 2362 1288 2416 et
1320 2353 1959 2432 indulgentia,tertium
1995 2356 2209 2437 iniqui-

550 2459 659 2507 tas.
706 2443 816 2517 Qui
847 2453 1046 2505 autem
1086 2445 1245 2505 hunc
1272 2462 1585 2505 numerum
1620 2445 1875 2520 excedit,
1917 2446 2209 2525 porcinus

546 2536 717 2615 plane
749 2540 859 2607 est,
893 2544 1092 2613 utpote
1146 2551 1221 2594 ne
1275 2534 1461 2596 multa
1506 2532 1750 2614 quidem
1782 2534 1906 2595 vitii
1938 2535 2211 2617 exempla

544 2626 795 2688 habens.
834 2624 1152 2686 Enimvero
1188 2623 1277 2684 lex
1323 2641 1534 2685 omnes
1578 2624 1652 2684 ob
1702 2642 1909 2686 causas
1941 2624 2207 2687 libellum

546 2718 646 2777 dat
675 2714 936 2795 repudii.
967 2714 1048 2776 At
1081 2713 1352 2775 Christus
1383 2733 1502 2775 non
1528 2712 1604 2774 ob
1629 2716 1972 2795 omnes,sed
2005 2715 2080 2777 ab
2105 2718 2214 2778 im-

549 2806 763 2886 pudica
810 2813 1036 2867 tantum
1098 2813 1156 2866 et
1218 2804 1485 2867 adultera
1540 2823 1723 2867 uxore
1772 2804 1897 2867 viro
1948 2808 2209 2889 separari

548 2894 837 2977 permittit
864 2912 877 2957 :
914 2894 1163 2975 reliquis
1186 2904 1382 2956 autem
1408 2893 1687 2959 omnibus
1720 2894 1777 2954 in
1814 2894 1994 2956 rebus
2025 2898 2206 2968 animi

2289 1731 2375 1787 καῖ
2431 1732 2597 1811 τυχὸν
2643 1730 2705 1787 ἂν
2755 1732 2925 1812 εὕροις
2957 1754 3007 1789 τι
3054 1732 3111 1789 ἐν
3155 1737 3299 1805 αὐτῷ
3325 1734 3740 1813 τροφιμώτερον.
3779 1741 3948 1792 Δοκεῖ

2287 1843 2379 1895 μοι
2439 1822 2539 1900 γὰρ
2569 1819 2690 1901 (74)
2725 1826 3096 1902 παραιτεῖσθαι
3166 1824 3267 1891 τὴν
3338 1820 3587 1902 διγαμίαν
3638 1821 3856 1879 ἐνταῦθα
3913 1825 3944 1880 ὁ

2285 1908 2470 1988 λόγος,
2507 1913 2563 1967 Et
2608 1911 2708 1986 μὲν
2752 1913 2853 1992 γὰρ
2910 1910 2999 1970 δύο
3042 1914 3280 1991 Χριστοὶ,
3338 1910 3427 1970 δύο
3471 1913 3560 1969 καὶ
3589 1910 3795 1992 ἄνδρες,
3857 1911 3946 1970 δύο

2297 2000 2384 2056 καὶ
2413 2014 2665 2078 γυναῖκες
2702 2020 2719 2037 ο
2778 2003 2821 2058 εἰ
2865 2000 2922 2059 δὶ
2978 2006 3064 2066 εἷς
3121 2004 3371 2081 Χριστὸς,
3437 2004 3532 2076 μία
3582 2002 3791 2083 κεφαλὴ
3847 2004 3950 2071 τῆς

2297 2087 2647 2163 Ἐκκλησίας,
2679 2092 2768 2148 καὶ
2792 2091 2888 2166 μία
2945 2090 3071 2171 σάρξ
3108 2107 3122 2123 ’
3189 2094 3223 2159 ἡ
3258 2090 3471 2169 δευτέρα
3497 2089 3551 2148 δὲ
3580 2092 3948 2154 ἆποπτυέσθω.

2297 2180 2368 2236 Τὸ
2398 2176 2635 2258 δεύτερον
2666 2178 2721 2237 δὲ
2779 2179 2842 2237 ἂν
2892 2179 3139 2262 κωλύσῃ,
3191 2188 3285 2238 τοῦ
3316 2183 3491 2261 τρίτου
3530 2183 3610 2245 τίς
3635 2180 3794 2261 λόγος
3828 2201 3845 2262 ;
3880 2185 3955 2241 Τὸ

2294 2274 2507 2346 πρῶτον
2565 2271 2752 2345 νὸμος,
2812 2271 2873 2326 τὸ
2918 2268 3160 2351 δεύτερον
3233 2272 3606 2352 συγχώρησις,
3667 2273 3729 2328 τὸ
3782 2273 3955 2351 τρίτον

2292 2357 2615 2435 παρανομία.
2679 2356 2741 2417 Ὀ
2784 2356 2840 2415 δὲ
2896 2359 3027 2437 ὑπὲρ
3075 2366 3257 2442 τοῦτο,
3318 2358 3590 2441 χοιρώδης
3644 2360 3797 2441 (75),
3828 2361 3951 2425 οἷος

2292 2445 2411 2503 οὒδὶ
2466 2446 2644 2504 πολλὰ
2695 2446 2845 2529 ἔχων
2888 2454 2988 2517 τῆς
3032 2450 3221 2516 κακίας
3272 2451 3337 2507 τὰ
3414 2448 3836 2531 παραδείγματα.
3889 2449 3955 2509 Ὀ

2294 2537 2390 2611 μὲν
2421 2535 2585 2611 νόμος
2627 2538 2766 2594 κατὰ
2805 2544 2981 2595 πᾶσαν
3037 2538 3207 2595 αἰτίαν
3252 2540 3314 2596 τὸ
3366 2538 3695 2597 ἀποστάσιον
3725 2538 3899 2596 δίδωσι
3937 2558 3955 2576 ·

2297 2627 2520 2706 Χριστὸς
2578 2624 2633 2683 δὲ
2693 2628 2752 2684 οὗ
2801 2630 2937 2687 κατὰ
2997 2634 3174 2687 πᾶσαν
3235 2630 3406 2687 αἰτίαν
3438 2644 3453 2659 ⁶
3503 2628 3642 2686 ἀλλὰ
3672 2650 3961 2710 συγχωρεῖ

2296 2716 2395 2793 μὲν
2419 2717 2583 2792 μόνον
2615 2718 2936 2797 χωρίζεσθαι
2986 2722 3088 2787 τῆς
3142 2718 3371 2799 πόρνης,
3405 2721 3471 2778 τὰ
3500 2717 3553 2775 δὲ
3586 2718 3723 2777 ἄλλα
3780 2720 3959 2776 πάντα

2292 2804 2611 2887 φιλοσοφεῖν
2653 2809 2882 2870 κελεύει.
2948 2809 3047 2868 Καὶ
3102 2809 3203 2877 τὴν
3253 2810 3481 2888 πόρνην,
3527 2806 3609 2865 ὅτι
3641 2810 3839 2866 νοθεύει
3890 2810 3960 2865 τὸ

2290 2896 2442 2975 γένος
2476 2913 2491 2927 ⁸
2527 2897 2594 2953 τὰ
2613 2893 2659 2951 δ’
2690 2896 2828 2955 ἄλλα
2854 2899 3030 2954 πάντα
3070 2897 3184 2975 (76)
3225 2901 3565 2975 καρτερῶμεν
3596 2899 3685 2953 καὶ
3719 2897 3955 2976 φιλοσο-

548 2988 823 3065 aequitate
874 3005 942 3048 ac
992 2985 1271 3065 patientia
1325 2988 1406 3047 uti
1434 2985 1624 3064 jubet.
1661 2984 1811 3065 Ergo
1847 2986 2205 3067 impudicam

2301 2991 2497 3065 ρῶμεν·
2526 2984 2733 3061 μᾶλλον
2760 2985 2816 3042 δὲ
2850 2998 3157 3065 καρτερεϊτε
3181 2986 3276 3042 καὶ
3304 2986 3672 3064 φιλοσοφεῖτε,
3709 2984 3825 3040 ὅσοι
3853 2988 3958 3041 τὸν

549 3077 815 3160 quidem,
842 3074 985 3157 quia
1017 3093 1206 3155 genus
1230 3075 1564 3157 corrumpit
1589 3084 1644 3137 et
1670 3075 2211 3155 adulterat.expel-

551 3168 782 3229 lamus:
808 3174 1021 3228 czetera
1045 3176 1243 3227 autem
1277 3165 1478 3226 omnia
1505 3164 1798 3245 patienter
1828 3173 1887 3227 et
1911 3164 2214 3228 moderate

548 3277 613 3318 ac
644 3256 948 3337 sapienter
971 3253 1105 3316 651
1153 3254 1436 3337 feramus;
1468 3263 1591 3331 aut,
1625 3262 1687 3315 ut
1725 3254 1945 3317 rectius
1980 3256 2210 3335 loquar,

550 3346 863 3426 sapienter
886 3350 948 3408 el.
973 3344 1278 3407 moderate
1304 3344 1829 3426 ferte,quicunque
1850 3345 2211 3407 matrimonii

542 3438 751 3517 jugum
778 3433 1067 3497 subiistis.
1094 3435 1154 3496 Si
1181 3433 1363 3496 illitos
1392 3434 1527 3498 fuco
1562 3444 1620 3497 et
1649 3452 1864 3496 cerusa
1894 3435 2124 3496 colores
2154 3444 2213 3497 et

549 3527 854 3607 pigmenta
887 3523 1293 3606 perspexeris,
1331 3542 1462 3586 eam
1500 3525 1611 3586 hoc
1643 3531 1859 3585 ornatu
1884 3522 2077 3604 spolia
2115 3544 2129 3587 :
2162 3526 2211 3585 si

550 3634 866 3696 procacem
894 3621 952 3676 et
985 3614 1349 3694 petulantem
1375 3613 1660 3695 linguam,
1688 3629 1922 3675 coerce:
1950 3611 2001 3673 si
2027 3630 2217 3675 mere.

551 3705 785 3767 tricium
804 3703 1441 3779 risum,verecundiam
1458 3701 1872 3783 etgravitatem
1893 3719 2212 3783 compone:

551 3796 603 3858 si
636 3804 938 3877 sumptum
974 3802 1075 3857 aut
1107 3802 1309 3874 potum
1343 3792 1756 3871 immodicum,
1790 3792 2076 3853 contrahe
2113 3813 2126 3856 :
2160 3789 2209 3853 si

548 3885 1001 3968 intempestivos
1030 3881 1577 3965 progressus,domi
1607 3880 1859 3943 cohibe:
1894 3880 1944 3941 si
1968 3880 2209 3943 oculum

551 3979 770 4041 elatum
804 3983 1123 4055 etvagum,
1146 3972 1434 4053 reprime.
1459 3972 1533 4033 At
1565 3988 1699 4032 eam
1729 3988 1806 4033 ne
1839 3978 2064 4033 temere
2086 3989 2120 4033 a
2150 3977 2212 4035 te

552 4066 799 4131 divellas
836 4072 895 4128 et
923 4063 1253 4127 abstrahas.
1295 4060 1594 4124 Incertum
1647 4067 1760 4139 est,
1798 4065 1932 4123 utra
1982 4078 2118 4142 pars
2148 4060 2210 4124 in

555 4152 908 4218 discrimine
958 4158 1250 4228 versetur,
1287 4167 1459 4224 cane,
1483 4167 1615 4230 quae
1645 4156 1828 4229 secat,
1863 4167 1937 4210 an
1982 4167 2052 4212 ea
2082 4169 2216 4232 qua:

550 4245 978 4311 secatur.Fons
1002 4259 1202 4323 aqua,
1237 4242 1321 4301 ait
1350 4240 1477 4313 ille,
1511 4242 1589 4302 sit
1624 4239 1736 4302 tibi
1763 4240 2078 4320 proprius:
2105 4258 2218 4308 nec

550 4336 714 4400 ullus
735 4340 1071 4398 emtraneus
1102 4340 1293 4394 tecum
1316 4331 1393 4394 sit
1422 4332 1731 4411 particeps
1759 4326 1923 4389 48.Et
1950 4346 1965 4392 :
2004 4329 2218 4395 Pullus
2241 4340 2285 4392 D

2295 3080 2388 3130 τοῦ
2416 3073 2593 3152 γάμου
2636 3075 2797 3152 ζυγὸν
2833 3072 3099 3137 ἐδέξασθε.
3133 3070 3263 3131 Ἐὰν
3290 3072 3585 3152 ἐπιγραφὰς
3616 3071 3741 3150 ἴδῃς
3759 3073 3793 3141 ἣ
3815 3074 3965 3130 ὑπο-

2295 3162 2498 3241 γραφὰς
2561 3160 2710 3241 (77),
2745 3162 3131 3237 ἂποκόσμησον
3163 3179 3181 3196 ⁸
3242 3161 3340 3220 κᾶν
3383 3159 3633 3241 γλῶσσαν
3680 3168 3960 3243 προπετῆ,

2294 3251 2621 3328 σωφρονισον
2655 3269 2671 3285 ⁸
2739 3250 2801 3308 ἂν
2859 3250 3072 3330 γέλωτα
3115 3252 3393 3331 πορνικὸν,
3425 3257 3645 3331 κατηφῆ
3702 3254 3964 3321 ποίησον⁶

2294 3340 2384 3396 ἐὰν
2425 3341 2691 3416 οαπᾶνην,
2738 3342 2774 3409 ἢ
2833 3341 2997 3397 ποτὸν
3041 3340 3269 3421 ἄμετρον
3314 3339 3467 3421 (78),
3524 3340 3831 3400 σύστειλον’
3869 3342 3971 3400 ἐὰν

2294 3426 2547 3508 προόδους
2580 3428 2854 3509 ἀκαίρους,
2910 3428 3155 3499 πέδησον
3188 3447 3204 3462 ·
3269 3430 3361 3487 ἐὰν
3412 3428 3686 3510 ὀφθαλμὸν
3745 3432 3969 3508 μετέω-

2299 3540 2411 3596 ρον,
2458 3519 2714 3582 κόλασον.
2778 3520 2869 3589 Μὴ
2906 3520 3076 3599 τέμῃς
3130 3519 3186 3577 δὲ
3216 3525 3524 3598 προπετῶς,
3557 3521 3637 3597 μὴ
3669 3520 3803 3601 (79)
3829 3544 3970 3602 χω-

2299 3610 2473 3688 ρίσῃς.
2508 3608 2783 3691 ”Αδηλον,
2810 3612 2859 3668 τί
2884 3609 3167 3668 κινδυνεύει
3193 3609 3349 3691 (80),
3383 3612 3446 3669 τὸ
3467 3611 3725 3690 τεμνὸν,ἢ
3748 3614 3812 3669 τὸ
3829 3634 3967 3690 τεμο

2301 3700 2544 3776 νόμενον.
2596 3690 2658 3757 Ἠ
2718 3701 2896 3781 πηγὴ,
2944 3703 3096 3780 φησὶ,
3154 3690 3250 3760 τοῦ
3292 3690 3480 3768 ὕδατος
3532 3700 3674 3759 ἔστω
3716 3724 3799 3760 σοι
3830 3701 3969 3782 ἰδία,

2300 3790 2387 3847 καὶ
2446 3787 2633 3868 μηδεὶς
2680 3788 2962 3871 ἀλλότριος
3020 3794 3346 3872 μετασχέτω
3408 3812 3541 3849 σοι·
3604 3794 3718 3867 καὶ,
3768 3792 3972 3857 Πῶλος

2295 3882 2403 3937 σῶν
2478 3880 2737 3961 χαρίτων,
2827 3881 2916 3938 καὶ
2990 3878 3188 3959 ἔλαφος
3263 3886 3364 3949 σῆς
3450 3878 3628 3962 φιλίας
3702 3881 3975 3959 ὁμιλείτω

2292 3991 2400 4033 σοι.
2459 3970 2533 4026 Σὺ
2576 3968 2750 4026 τοίνυν
2811 3969 2890 4046 μὴ
2934 3971 3081 4049 γίνου
3128 3971 3373 4047 ποταμὸς
3435 3968 3743 4051 ἀλλὸτριος,
3809 3969 3963 4048 μηδὲ

2297 4057 2483 4126 ἄλλαις
2516 4057 2760 4139 ἄρέσκειν
2813 4057 3072 4131 σπούδαζε
3130 4058 3362 4136 μᾶλλον,
3414 4059 3451 4129 ἢ
3508 4064 3579 4137 τῇ
3628 4066 3698 4138 σῇ
3726 4062 3968 4139 γυναικί.

2299 4150 2358 4208 Et
2383 4147 2437 4205 δὲ
2466 4148 2712 4229 ἄλλαχοῦ
2741 4149 2898 4231 φέρῃ,
2932 4151 3020 4207 καὶ
3048 4155 3127 4225 τῷ
3158 4154 3237 4223 σῷ
3296 4148 3445 4225 μέλει
3478 4148 3603 4231 (81)
3641 4154 3968 4228 νομοθετεῖς

2297 4240 2396 4309 τὴν
2425 4237 2734 4319 ἀσέλγειαν,
2785 4240 2937 4299 Οὕτω
2966 4240 3066 4317 μὶν
3096 4242 3125 4297 ὁ
3160 4240 3375 4317 Σωτήρ.

630 4438 918 4506 “Matth.
950 4438 1116 4512 1,23.
1204 4435 1439 4501 “Gen.
1476 4453 1542 4514 ιι,
1575 4437 1678 4499 94.
1759 4433 1815 4517 ﬁ
1845 4435 2064 4518 Ephes.
2095 4456 2151 4515 v,
2182 4439 2287 4503 32.
2376 4435 2432 4482 ‘5
2477 4436 2625 4500 ibid.
2685 4435 2787 4500 33.
2872 4434 2925 4479 ‘7
2976 4432 3124 4497 ibid.
3176 4433 3279 4498 33.
3365 4433 3419 4478 ιε
3450 4437 3625 4501 Prov.
3675 4452 3821 4516 xxx,
3853 4435 3973 4500 33.

551 4523 607 4568 ⁴⁰
637 4526 813 4588 Prov.
845 4537 908 4596 v,
948 4520 1041 4585 Π.

642 4617 985 4710 (701”):11
1032 4626 1149 4703 μία.
1197 4623 1418 4710 _Comb_.
1476 4624 1636 4705 legit,
1691 4626 1737 4682 εἰ
1794 4626 1912 4703 μία,
1951 4649 1980 4681 α
2014 4626 2067 4688 si
2097 4643 2218 4689 una

559 4705 721 4790 caro,
758 4705 1039 4790 eumdem
1067 4705 1352 4790 sortiatur
1383 4707 1699 4767 honorem.
1741 4728 1767 4763 ι

635 4785 768 4870 (72)
796 4789 895 4847 Καὶ
926 4789 997 4851 εἱς
1042 4788 1168 4857 τήν.
1224 4785 1329 4870 Sic
1380 4803 1554 4870 sacer
1599 4792 1817 4867 textus,
1881 4787 2032 4867 Reg.
2086 4786 2212 4865 bm,

554 4865 795 4945 Camb),
830 4880 949 4930 etc.
982 4870 1165 4931 Deest
1194 4869 1266 4931 είς
1298 4867 1361 4927 in
1392 4865 1491 4928 ed.

640 4950 770 5029 (73)
801 4946 1017 5006 Μᾶλλον
1047 4946 1091 5003 δ’
1124 4947 1225 5009 ἔτι.
1260 4946 1519 5029 Reg._b,
1730 4949 1790 5029 1,
1822 4947 2027 5029 μᾷλλον
2056 4946 2111 5005 δέ
2139 4972 2213 5013 τι,

638 5026 758 5108 (74)
796 5038 959 5086 Δοκεῖ
988 5051 1081 5105 μοι
1111 5029 1237 5108 γάρ,
1270 5026 1390 5089 ΘΜ.
1424 5026 1523 5090 Sic
1550 5027 1734 5090 COISI.
1766 5026 1826 5101 ‘I,
1852 5026 2059 5103 Gabr.,
2096 5038 2212 5092 etc.

559 5107 749 5173 Deest
763 5110 862 5188 γάρ
884 5108 945 5170 in
969 5108 1066 5171 ed.
1099 5107 1391 5170 Caeterum
1416 5126 1489 5170 ex
1518 5108 1631 5169 hoc
1655 5116 1933 5170 contextu
1958 5108 2213 5171 nullate-

559 5209 672 5252 nus
694 5188 1203 5270 concludendum,
1238 5189 1534 5270 secundas
1583 5189 1895 5270 nuptiasa
1925 5188 2213 5270 Gregorio

558 5288 806 5353 prorsus
858 5269 1151 5353 damnari.
1186 5268 1468 5353 Quamvis
1498 5269 1659 5353 enim
1684 5268 2217 5353 'Ecclesia‘G’raeca

558 5349 694 5414 Sese
713 5350 1079 5414 severiorem
1098 5350 1208 5411 hac
1232 5350 1294 5432 in
1318 5368 1592 5430 re,quam
1630 5349 2211 5432 Lat_ina,praebuerit,

560 5432 854 5512 secundas
875 5440 1077 5512 tamen
1110 5429 1347 5512 nuptias
1405 5429 1526 5491 non
1587 5429 2211 5512 omnino'prohibuit.

558 5510 728 5593 Quod
748 5511 989 5593 quidem
1012 5510 1394 5593 manifestum
1428 5523 1521 5572 est
1574 5529 1644 5593 es
1678 5511 1775 5593 liis
1806 5510 2221 5593 Ch'rysostomi

560 5590 783 5666 verbis,
816 5590 1049 5672 Homil.
1074 5608 1173 5672 xiv
1195 5591 1258 5652 in
1286 5592 1533 5672 primam
1561 5591 1631 5653 ad
1675 5590 1946 5653 Timoth.
1972 5591 2160 5672 Epist.
2198 5610 2212 5654 :

571 5697 592 5728 ι
607 5676 725 5735 Cur
752 5671 957 5734 incitat
981 5680 1036 5733 et
1070 5671 1358 5751 admonet
1376 5672 1808 5751 (Ecclesia),ne
1828 5672 1901 5733 ad
1923 5671 2222 5734 secundas

563 5752 800 5831 nuptias
831 5751 1165 5831 transeant?
1194 5750 1345 5814 Num
1380 5770 1507 5813 rem
1538 5752 1691 5813 hanc
1722 5752 2020 5814 damnavit
2048 5753 2217 5817 ?Ne-

565 5828 888 5920 quaquam.
930 5828 1059 5895 Hoc
1084 5832 1247 5894 enim
1276 5831 1697 5901 hareticorum
1723 5838 1839 5906 est.
1875 5857 1906 5890 »

2386 4625 2520 4707 (75)
2543 4620 2840 4703 Χοιρώδης.
2872 4618 3163 4686 Nonnulli
3189 4618 3450 4696 addunt,
3483 4621 3623 4697 βίος⁶
3649 4621 3801 4685 nit.
3822 4642 3985 4706 ροιι-

2299 4723 2456 4769 cina.
2495 4727 2520 4763 ο

2385 4785 2499 4862 (76)
2529 4782 2719 4842 ’Ἄλλοι
2778 4783 2974 4862 πάντᾳ.
3030 4780 3132 4845 Sic
3183 4780 3357 4846 Colb.
3395 4781 3449 4844 1.
3481 4778 3664 4844 Deest
3695 4782 3872 4841 πάντα
3906 4783 3987 4851 in

2298 4860 2424 4947 ed.,
2462 4863 2733 4947 quamvis
2764 4881 2799 4925 a
2820 4860 2994 4947 Billio
3020 4879 3404 4947 expressum.

2387 4916 2991 5025 ὶῆἲῖῖὲὲξᾴξῑπῖγξᾶξᾶξ
3018 4916 3601 5025 ξδῖιιὲῖῆῖτὲξῆραφάς.
3635 4938 3735 5025 S_i_c
3757 4940 3984 5025 legen-

2387 4951 2513 5088 (773
2544 4951 2668 5003 Ἐὰν
2696 4951 2991 5086 inﬁgere
3018 4951 3166 5021 ἴδῃς,
3204 4951 3240 5012 ἢ
3270 4951 3601 5021 ὑπογραφὰς.
3635 4951 3735 5004 51c
3757 4951 3980 5025 lege“-

2300 5029 2469 5117 dum
2516 5032 2649 5117 acet
2669 5023 2894 5117 (Σο-ωηο
2941 5041 3098 5117 sms.‘
3119 5023 3269 5086 Illud
3303 5022 3514 5117 probat
3544 5040 3616 5117 es
3646 5020 3980 5117 Chrysos‘t.

2299 5107 2404 5170 lib.
2429 5108 2501 5171 de
2530 5105 2917 5187 Sacerdotio,
2946 5104 3104 5185 apud
3133 5102 3423 5187 quemsic
3454 5102 3696 5187 legitur:
3728 5102 3983 5187 Ὀφθαλ-

2298 5196 2414 5267 μῶν
2455 5187 2780 5267 ὑπογραφαὶ,
2990 5184 3279 5267 ξπαρεῐῶν,
3324 5184 3664 5267 lentus?!)
3732 5208 3757 5267 ε
3805 5184 3982 5253 Fuci

2298 5263 2505 5352 subtus
2534 5263 2727 5352 oculis
2752 5264 3028 5352 adhibiti,
3061 5263 3117 5327 et
3146 5264 3316 5347 genis
3367 5263 3693 5346 imposui.»
3731 5266 3799 5329 In
3830 5268 3985 5352 ed.,

2300 5349 2426 5410 Ἐὰν
2455 5348 2772 5429 ἀπογραφὰς
2807 5345 2956 5429 ἵδης,
2989 5354 3107 5408 etc.

2408 5430 2505 5506 78)
2534 5426 2840 5509 ’Ἂμέψοκ
2877 5426 3027 5509 Reg.
3053 5429 3101 5509 ί)
3131 5435 3193 5491 et
3221 5430 3327 5494 Or.
3354 5430 3413 5507 1,
3444 5426 3770 5509 ἀμέτρητον,

2408 5432 2505 5506 78)
2534 5432 2723 5506 ’Ἀμετ
2758 5451 2840 5489 ον.
2877 5432 3027 5507 Reg.
3064 5432 3087 5489 ι

2381 5432 2513 5591 (79)
2547 5511 2670 5591 Μή.Δ
2695 5451 2799 5573 OPr.
2834 5506 3087 5591 Lyaee.

2383 5586 2517 5671 (80)
2554 5587 2873 5653 Κινδυνεύει.
2900 5586 3322 5671 Innonnullis,
3356 5587 3706 5671 κινδυνεύσει.

2389 5596 2493 5671 (80
2554 5596 2873 5653 Κινδυνεύει.
2900 5596 2967 5650 ιη
2996 5596 3322 5663 nonnullis,
3356 5596 3706 5650 κινδυνεύσει.

2389 5596 2517 5753 (81)
2560 5672 2659 5729 Καὶ
2688 5675 2766 5744 τῷ
2796 5675 2875 5743 σῷ
2904 5669 3079 5753 μέλει,
3115 5680 3234 5733 etc.
3267 5668 3450 5753 qusl.
3488 5676 3547 5752 1,
3578 5677 3694 5738 πῶς
3723 5673 3849 5753 οὐχὶ
3899 5678 3994 5749 τῷ

2306 5748 2591 5832 «spplici,
2629 5770 2661 5814 (
2693 5749 2993 5832 quomodo
3024 5769 3148 5814 non
3178 5748 3351 5814 uxori
3369 5756 3511 5830 tuae,
3530 5748 3578 5809 's
3615 5758 3733 5817 etc.
