4158 6398
458 320 578 385 295
1705 310 1767 379 S.
1812 304 2185 379 GREGORII
2227 308 2615 378 THEOLOGI
3729 298 3859 371 296

456 455 765 523 oculorum
783 450 975 515 aciem
995 450 1209 532 lugit,a
1223 451 1347 514 Deo
1368 447 1980 531 perspicitur.0mnis
1991 446 2113 528 glo-

2206 449 2561 528 θεωρήμασιν.
2597 451 2695 509 Καὶ
2720 451 2757 519 ἡ
2786 450 2889 506 ὑπὸ
2917 450 3074 532 ζυγὸν
3099 448 3304 506 ιστωτι
3326 446 3455 527 (92)
3487 452 3734 523 Χριστοῠο
3758 442 3856 532 καὶ

456 550 555 611 ria
574 546 721 626 ﬁliae
742 542 929 623 Regis
951 542 1027 605 ab
1051 530 1313 621 integit:
1337 530 1439 620 ﬁm
1452 540 1605 603 briis
1631 540 1843 601 aureis
1859 543 2113 600 circum-

2206 537 2515 618 ἣπαρθένος
2545 537 2647 606 ὅλη
2678 546 2925 618 Χριστοῦ.
2985 531 3048 596 Ἠ
3098 538 3198 626 μὶν
3247 538 3328 626 μὴ
3376 535 3653 601 παντελῶς
3698 530 3857 626 ἱνδετ

457 623 814 709 άα1ο⁸⁴,εἰνθ
843 631 1203 703 actionibus,
1230 631 1354 691 sive
1387 633 1566 691 etiam
1595 626 2113 707 contemplationi-

2206 628 2429 720 ιμείσθω
2562 626 2750 720 κόσμιρ
2795 626 2920 709 (93)
2956 644 2971 660 ⁸
2992 718 2999 720 Α
3022 632 3068 720 ὴ,
3088 625 3142 685 δὲ
3172 625 3301 720 μηδ’
3332 626 3473 720 ἅλιος
3503 626 3727 720 γινέσθω
3756 623 3857 681 τοῦ

461 707 748 798 bus.Quze
779 722 888 784 sub
914 723 1057 801 jugo
1090 728 1201 793 est,
1224 719 1424 799 aliqua
1459 737 1532 779 ex
1559 725 1728 798 parte
1749 716 1963 778 Christi
1990 724 2062 775 s't
2095 733 2109 777 :

2206 716 2420 791 ιόσμου,
2462 707 2538 775 ’“Ο
2582 719 2681 795 γάρ
2721 707 2831 774 ἔστι
2874 724 2944 795 τῇ
2984 718 3087 774 ὑπὸ
3146 719 3303 795 ζυγὸν
3359 718 3422 773 τὸ
3480 715 3664 795 μέρος,
3696 720 3856 772 τοῦτο

459 834 594 898 qum
623 812 1023 892 virginitatem
1058 809 1329 888 aliiplexa
1366 816 1604 879 est,tota
1627 805 1843 869 Christi
1870 806 1964 898 sit.
2002 804 2106 898 Illa

2206 805 2453 898 παντελὲς
2511 812 2579 883 τῇ
2652 807 2942 898 παρθένῳ.)
3002 805 3282 898 Ἀγγέλῌων
3337 805 3670 898 ἆπανῄρτρσαι
3726 801 3853 877 (94)

462 893 686 968 mundo
713 921 828 964 non
857 918 1097 979 prorsus
1120 898 1418 977 alligetur:
1449 899 1571 959 [uec
1594 898 1756 959 nullo
1792 896 1966 957 modo
1986 894 2111 957 ani-

2206 893 2463 953 πολιτείαν
2498 915 2514 976 ;
2567 897 2705 973 μετὰ
2760 900 2867 954 τῶν
2924 897 3133 975 ἆζύγων
3194 895 3430 976 ὶτάχθης
3464 915 3481 976 ς
3516 896 3596 970 μὴ
3624 912 3852 951 κατενε-

461 1012 623 1056 mum
650 991 869 1053 mundo
892 988 1150 1050 addicat.
1212 988 1379 1060 Quod
1429 987 1588 1047 enim
1651 988 1980 1065 conjugataa
2026 992 2113 1044 est

2206 988 2334 1065 ιθῇς
2392 988 2467 1051 εἰς
2525 986 2718 1069 σάρκα,
2779 989 2859 1065 μὴ
2917 990 3248 1067 κατενεχθῇς
3279 984 3407 1067 (95)
3439 988 3515 1049 είς
3556 984 3691 1051 ὕλην
3724 980 3855 1059 (96)

462 1082 685 1163 pars,id
708 1078 922 1157 virgini
948 1085 1128 1138 totum
1156 1077 1643 1155 est.Angelorum
1665 1076 1834 1136 vitam
1858 1074 2113 1163 elegisti‘i

2206 1076 2279 1151 μὴ
2326 1082 2394 1153 τῇ
2450 1075 2551 1155 ὕλῃ
2620 1081 2895 1158 γαμηθῇς,
2982 1075 3081 1135 κᾶν
3159 1074 3334 1142 ἄλλως
3392 1074 3601 1153 ἄγαμος
3658 1072 3850 1149 μένῃς.

460 1175 524 1236 In
543 1162 747 1233 eerum
764 1168 1037 1230 ordinem
1054 1176 1110 1229 te
1125 1165 1584 1246 aggregasti,qui
1600 1166 1799 1245 iugum
1818 1162 2113 1227 nesciunt?

2206 1166 2505 1244 Ὀφθαλμὸς
2560 1168 2826 1246 πορνεύων
2909 1168 2970 1225 οὗ
3053 1165 3311 1247 φυλάσσει
3391 1166 3492 1235 τήν
3544 1163 3852 1243 παρθενίαν,

460 1265 554 1327 Ne
581 1263 639 1321 in
662 1276 903 1321 carnem
931 1254 1367 1337 prolabaris,ne
1386 1258 1441 1315 in
1470 1257 1768 1316 materism
1792 1253 2113 1333 dejiciaris,

2206 1256 2416 1333 γλῶττα
2488 1258 2812 1336 πορνεύουσα
2868 1258 2945 1331 τῷ
3030 1263 3254 1335 πονηρῷ
3337 1255 3602 1335 μίγνυται.
3687 1250 3855 1316 Πόδες

458 1371 535 1413 ne
561 1368 696 1412 cun:
726 1348 973 1409 materia
1000 1343 1931 1424 matrimoniojungaris,eiiamsi
1962 1341 2113 1405 alio-

2206 1342 2407 1401 ἄτακτα
2438 1346 2711 1421 βαίνοντες
2769 1344 3114 1425 ἐγκαλούντοι
3172 1347 3350 1421 νόσον,
3378 1346 3415 1414 ἢ
3442 1343 3675 1402 κίνδυνον
3701 1342 3852 1418 (97).

457 1440 559 1521 qui
582 1440 643 1501 in
666 1438 939 1500 caelibatu
964 1444 1217 1516 perstes.
1242 1433 1463 1496 Oculus
1489 1434 1738 1495 lascivus
1765 1442 1822 1493 et
1853 1431 2113 1511 impudi-

2210 1434 2572 1512 Παρθενευέτω
2629 1434 2751 1517 (98)
2813 1438 2901 1493 καὶ
2984 1438 3019 1504 ἡ
3075 1434 3289 1493 διάνοια
3323 1453 3342 1471 ⁸
3418 1436 3498 1512 μὴ
3558 1430 3854 1513 ρεμεέσθω,

460 1520 570 1593 cus
599 1527 999 1608 virginitatem
1040 1524 1287 1585 minime
1318 1534 1551 1585 servat:
1587 1524 1783 1601 lingua
1820 1520 2113 1599 impudica

2206 1525 2283 1599 μὴ
2318 1523 2441 1603 (99)
2477 1523 2785 1601 πλανάσθω,
2835 1527 2913 1602 μὴ
2953 1528 3151 1590 τύπους
3212 1526 3268 1583 ιν
3323 1529 3453 1602 ούτῇ
3508 1525 3593 1605 (1)
3652 1522 3860 1604 φερέτω

458 1618 695 1681 diabolo
729 1620 1013 1679 miscetur
1041 1637 1053 1671 :
1093 1613 1276 1695 pedes
1308 1613 1783 1691 vacillantes,aut
1816 1610 2113 1685 morbum,

2206 1621 2453 1693 πονηρῶν
2512 1616 2846 1695 πραγμάτων
2880 1662 2896 1679 .
2940 1617 3031 1673 καὶ
3079 1618 3107 1671 ὁ
3165 1616 3332 1680 τύπος
3393 1615 3553 1695 μέρος
3609 1613 3856 1691 πορνείας

457 1717 557 1771 aut
586 1706 951 1768 imminentis
981 1702 1175 1765 morbi
1213 1704 1539 1784 periculum
1568 1702 2113 1782 produnt.Virgini-

2206 1702 2313 1759 ἐστί
2345 1720 2359 1734 ·
2396 1704 2474 1780 μὴ
2506 1704 2917 1763 εἰδωλοποιείτω
3043 1709 3201 1785 ψυχῇ
3224 1706 3290 1763 τὰ
3332 1708 3650 1781 μισούμενα.

460 1806 636 1860 tatem
663 1795 896 1857 animus
926 1812 1165 1875 quoque
1196 1793 1324 1874 ipse
1367 1794 1521 1853 colat
1556 1810 1571 1855 :
1612 1811 1683 1853 ne
1715 1796 1984 1870 vagetur,
2021 1810 2096 1851 ne
2126 1792 2389 1873 oberret,
2425 1812 2501 1855 ne
2533 1794 3009 1857 meretriciarum
3040 1811 3246 1856 rerum
3294 1796 3519 1857 formas
3549 1793 3610 1855 in
3642 1791 3849 1872 seipso

456 1885 604 1948 ferat
635 1884 795 1966 (nam
828 1884 1093 1945 libidinis
1120 1901 1357 1965 quoque
1390 1900 1547 1963 pars,
1582 1882 1873 1963 impressa
1906 1880 1964 1941 in
1997 1881 2199 1944 animo
2240 1881 2429 1946 forma
2453 1884 2590 1964 est),
2625 1902 2702 1947 ne
2732 1883 2872 1946 odio
2906 1883 3251 1947 insectanda
3300 1901 3503 1945 rerum
3530 1882 3857 1944 simulacra

454 1977 518 2038 in
548 1976 747 2036 anima
778 1973 1043 2052 efﬁngat.

537 2063 680 2126 655
695 2063 867 2127 XLAt
892 2062 992 2125 ille
1009 2062 1157 2124 dixit
1174 2063 1282 2123 eis:
1304 2060 1442 2123 Non
1471 2078 1679 2122 omnes
1701 2062 1962 2140 capiunt
1985 2078 2113 2123 ver-

2294 2062 2408 2126 IA’.
2443 2054 2499 2121 ’0
2544 2061 2600 2120 δὲ
2631 2065 2804 2122 εἰπεῖν
2835 2067 3020 2127 αὖτοτς
3054 2084 3068 2098 ο
3117 2064 3190 2123 Ού
3232 2065 3429 2129 πάντες
3481 2069 3718 2144 χωροῦσι
3761 2064 3860 2119 τὶν

458 2156 594 2218 bum
622 2154 804 2235 istud,
838 2153 945 2215 sed
970 2153 1186 2232 quibus
1208 2154 1419 2213 datum
1468 2159 1576 2213 est.
1612 2149 1839 2211 Videtis
1877 2150 1965 2211 rei
2002 2150 2113 2211 bu-

2206 2153 2387 2233 λόγον,
2421 2151 2543 2209 ἀλλ’
2595 2158 2681 2218 οἷς
2736 2152 2964 2213 δέδοται.
3046 2160 3214 2235 Ορᾶτε
3271 2158 3367 2213 τού
3422 2154 3739 2233 πράγματος
3794 2154 3858 2209 τὸ

452 2244 552 2323 jus
574 2243 1031 2305 sublimitatem?
1053 2240 1488 2321 Propemodum
1515 2241 1691 2301 etiam
1715 2239 1845 2300 talis
1878 2239 2116 2320 reperi-

458 2343 577 2408 tur,
616 2341 774 2394 utne
807 2332 1041 2412 concipi
1068 2332 1308 2411 quidem
1355 2338 1413 2390 et
1443 2329 1880 2408 comprehendi
1914 2338 2113 2409 queat.

458 2425 679 2485 Annon
719 2422 876 2483 enim
913 2420 1284 2501 praestantius
1309 2428 1599 2500 estquam
1636 2438 1741 2499 pro
1768 2419 1965 2480 carnis
1994 2419 2116 2479 fra-

460 2512 711 2593 gilitate,
746 2511 829 2585 id,
864 2510 1019 2591 quod
1054 2528 1128 2571 ex
1160 2528 1338 2571 carne
1371 2518 1638 2571 creatum
1672 2508 1839 2582 sit,in
1873 2527 2116 2571 carnem

457 2620 573 2663 non
607 2601 849 2680 gignere
875 2603 899 2663 Υ
929 2602 1146 2662 Annon
1179 2600 1353 2680 plane
1382 2598 1741 2677 angelicum,
1799 2616 1951 2673 eam,
1991 2618 2119 2678 quae

454 2692 653 2753 carnis
675 2690 930 2752 vinculis
954 2689 1188 2769 alligata
1221 2688 1321 2760 sit,
1358 2708 1474 2749 non
1508 2689 1839 2749 secundum
1876 2707 2115 2750 carnem

456 2786 677 2862 vivere,
711 2779 815 2842 sed
848 2789 1061 2842 natura
1116 2780 1245 2860 ipsa
1304 2780 1694 2841 excelsiorem
1750 2779 1938 2840 esse?
1970 2780 2118 2840 Caro

461 2868 685 2932 mundo
706 2868 1101 2943 devinxit,sed
1122 2868 1273 2929 ratio
1304 2868 1375 2928 ad
1412 2869 1599 2929 Deum
1636 2866 1927 2927 subvexit.
1965 2870 2116 2930 Caro

458 2958 893 3039 depressit,sed
918 2958 1067 3019 ratio
1090 2957 1323 3030 eatulil,
1346 2959 1520 3036 eique
1559 2957 1715 3017 velut
1748 2976 1973 3037 pennas
2004 2959 2115 3020 ad-

458 3047 789 3110 didit.Caro
812 3046 1060 3108 vinculis
1082 3045 1379 3127 astrinxit,
1411 3046 1515 3107 sed
1545 3065 1716 3108 amor
1746 3048 1944 3111 solvit.
1972 3046 2117 3112 Tota

458 3136 681 3217 anima,
710 3156 743 3195 o
777 3136 960 3214 virgo.
988 3136 1057 3196 ad
1095 3136 1280 3196 Deum
1317 3135 1554 3197 intensa
1592 3144 1717 3198 esto
1749 3137 1885 3217 (hoc
1916 3147 2112 3200 autem

452 3226 647 3307 ipsum
680 3237 740 3287 et
765 3225 903 3286 viris
935 3235 992 3286 et
1026 3225 1380 3287 mulieribus
1406 3227 1911 3308 prazscribo),nec
1943 3230 2116 3306 quid-

2200 2242 2409 2320 ὑψηλόν
2444 2263 2460 2324 ς
2494 2250 2694 2323 Μικροῦ
2735 2246 2823 2302 καὶ
2868 2243 3169 2325 ἄχώρητον
3224 2245 3540 2324 εὑρίσκεται.
3592 2250 3711 2306 Πῶς
3754 2242 3859 2322 γὰρ

2202 2332 2261 2390 οὗ
2305 2334 2556 2413 κρεῖττον
2589 2335 2809 2415 σαρκὸς,
2842 2336 2904 2392 τὸ
2948 2334 3008 2392 ὲκ
3037 2337 3231 2414 σαρκὸς
3284 2336 3573 2414 γενόμενον
3618 2333 3697 2408 μὴ
3725 2353 3857 2411 γεν-

2202 2428 2293 2495 νᾷν
2325 2425 2398 2488 εὶς
2423 2424 2594 2501 σάρκα
2624 2444 2641 2505 ;
2675 2427 2795 2490 [Ιῶς
2829 2425 2930 2505 γὰρ
2964 2426 3058 2483 οὐκ
3110 2422 3397 2504 ἀγγελικὸν
3452 2426 3511 2482 τὸ
3542 2425 3693 2503 σαρκὶ
3724 2443 3858 2479 συν-

2202 2511 2488 2589 δεδεμένην
2520 2514 2599 2589 μὴ
2631 2515 2769 2571 κατὰ
2798 2514 2969 2592 σάρκα
2996 2521 3120 2593 ζῇν,
3180 2512 3300 2571 ἀλλ’
3348 2518 3491 2571 εἶναι
3522 2514 3620 2583 τῆς
3650 2513 3856 2592 φύσεως

2200 2601 2535 2682 ὑψηλοτέραν
2567 2622 2585 2685 ς
2618 2593 2681 2660 Ἠ
2730 2601 2856 2683 σὰρξ
2897 2611 2976 2679 τῷ
3030 2606 3220 2681 κόσμῳ
3269 2603 3619 2685 προσέδησεν,
3664 2601 3785 2658 ἀλλ’
3828 2604 3857 2657 ὁ

2201 2692 2459 2771 λοχισμὸς
2503 2694 2635 2771 πρὸς
2695 2695 2824 2750 Θεὸν
2868 2692 3141 2773 ἀνήγαγεν
3174 2713 3188 2729 ο
3251 2696 3285 2763 ἡ
3364 2693 3488 2774 σὰρξ
3568 2690 3855 2771 ὶϐάρησεν,

2202 2779 2324 2839 ἀλλ’
2357 2780 2446 2859 (2)
2478 2785 2505 2839 ὃ
2550 2780 2811 2861 λογισμὸς
2842 2782 3144 2861 ἕπτέρωσεν
3177 2801 3191 2817 ⁸
3224 2785 3260 2852 ἡ
3292 2782 3416 2862 σὰρξ
3446 2781 3651 2857 ἔδησεν,
3685 2780 3805 2837 ἀλλ’
3827 2784 3856 2839 ὁ

2202 2876 2359 2939 πόθος
2403 2872 2613 2936 ἔλυσεν,
2650 2862 2803 2950 ’Ὀλῃ
2832 2872 3024 2931 τέτασο
3050 2874 3180 2952 πρὸς
3211 2873 3365 2951 Θεὸν,
3416 2873 3463 2927 ὦ
3509 2868 3754 2947 παρθένε,
3786 2875 3857 2944 τῇ

2201 2966 2357 3043 ψυχῇ
2388 2982 2403 2998 ο
2450 2970 2605 3021 τοῦτο
2635 2963 2736 3041 γὰρ
2778 2964 2904 3024 αὐτὸ
2948 2964 3037 3019 καὶ
3076 2960 3291 3040 ἀνδράσι
3342 2959 3609 3035 νομοθέτῶ
3636 2958 3725 3013 καὶ
3752 2978 3853 3035 γυ-

2200 3052 2373 3119 ναιξί·
2432 3053 2519 3109 καὶ
2575 3054 2635 3109 οὑ
2678 3053 2756 3126 μή
2822 3049 2914 3132 (3)
2955 3052 3005 3107 τί
3038 3072 3120 3107 σοι
3178 3052 3318 3130 φανῇ
3374 3053 3480 3105 τῶν
3534 3046 3713 3105 ἄλλων
3746 3067 3852 3102 καί

2200 3141 2293 3201 λὸν
2342 3141 2456 3223 (4),
2510 3140 2609 3198 ὅσα
2643 3154 2758 3205 τοῖς
2803 3139 3030 3206 πολλοῖς
3067 3155 3080 3169 ·
3115 3143 3176 3198 οὗ
3206 3136 3384 3217 γένος,
3418 3142 3478 3197 οὗ
3507 3135 3759 3210 πλοῦτος,
3793 3134 3855 3193 οὗ

2198 3235 2410 3312 θρόνος,
2442 3232 2502 3288 οὒ
2532 3230 2829 3311 δυναστεία,
2887 3232 2946 3287 οὒ
3000 3230 3063 3286 τὸ
3117 3229 3173 3285 ἓν
3230 3230 3447 3309 εὐχροίᾳ
3475 3229 3564 3285 καὶ
3620 3226 3851 3283 συνθέσει

460 3334 640 3397 quam
668 3316 773 3378 tibi
794 3334 863 3377 ex
887 3315 1165 3378 omnibus
1190 3315 1323 3376 aliis
1361 3316 1542 3377 rebus
1571 3316 1887 3394 pulchrum
1914 3320 2113 3381 videa-

2206 3322 2381 3400 μελῶν
2411 3320 2810 3401 φανταζόμενον
2858 3319 3081 3396 κάλλος,
3133 3319 3335 3401 χρόνου
3376 3320 3466 3377 καὶ
3523 3318 3679 3413 νόσου
3719 3317 3852 3374 παί-

452 3413 709 3485 tur,quze
741 3404 913 3484 vulgo
944 3403 1130 3467 videri
1153 3402 1371 3467 solent:
1401 3425 1516 3466 non
1543 3406 1787 3485 generis
1807 3408 2113 3489 splendor,

2206 3434 2372 3492 γνιον.
2406 3414 2463 3469 Ei
2492 3410 2625 3479 ὅλην
2685 3409 2953 3473 ἐκένωσας
3012 3410 3145 3488 πρὸς
3198 3410 3331 3467 Θεὸν
3372 3410 3463 3465 τοῦ
3492 3406 3707 3490 φίλτρου
3756 3407 3853 3475 τὴν

451 3512 572 3557 non
602 3514 770 3577 opes,
804 3514 924 3557 non
971 3495 1089 3557 alta
1148 3495 1462 3573 subsellia,
1499 3516 1618 3558 non
1658 3497 2029 3578 principatus
2059 3508 2113 3562 et

2206 3500 2440 3581 Ιδύναμιν,
2473 3502 2519 3559 εί
2546 3501 2627 3577 μὴ
2655 3499 2745 3558 δύο
2777 3523 2861 3559 σοι
2906 3500 3000 3567 εἴη
3029 3500 3099 3556 τὰ
3140 3499 3467 3575 ποθούμενα,
3500 3498 3589 3555 καὶ
3617 3499 3678 3554 τὸ
3707 3495 3847 3575 ῥέον,

451 3584 735 3665 potentia,
775 3603 895 3646 non
927 3584 1309 3665 pulchritudo
1342 3604 1435 3667 ea,
1472 3604 1607 3668 quae
1639 3587 1701 3651 in
1737 3587 1960 3650 coloris
1987 3589 2113 3651 ele-

2206 3596 2286 3649 mi
2326 3593 2389 3649 τὸ
2442 3589 2669 3671 ἀόρατον
2699 3610 2714 3625 '
2770 3588 2873 3670 ἄρα
2902 3591 3155 3647 τοσοῦτον
3210 3587 3443 3668 ἐτρώθης
3487 3594 3565 3663 τῷ
3617 3585 3855 3661 ἔκλεκτῷ

453 3674 651 3755 gantia
674 3682 732 3737 et
754 3684 886 3756 apta
905 3674 1313 3737 membrorum
1335 3675 1773 3757 compositione
1797 3678 2113 3741 animoﬁn-

2206 3681 2366 3757 Βέλει,
2428 3682 2517 3737 καὶ
2579 3687 2673 3739 τοῦ
2720 3680 2944 3761 νυμφίου
2987 3680 3050 3736 τὸ
3093 3676 3293 3744 κάλλος
3336 3676 3653 3755 κατέμαθες,
3714 3676 3853 3735 ὥστε

450 3763 633 3844 gitur,
668 3764 953 3845 temporis
980 3764 1185 3846 ntique
1210 3772 1268 3826 et
1294 3765 1487 3826 morbi
1519 3766 1867 3830 ludibrium.
1902 3766 1965 3830 Si
1995 3769 2109 3830 vim

450 3858 633 3917 totam
662 3854 880 3916 amoris
901 3856 960 3914 in
984 3855 1173 3917 Deum
1220 3853 1505 3937 elludisti,
1536 3856 1590 3917 si
1622 3864 1682 3917 tu
1707 3875 1826 3917 non
1858 3856 2114 3938 duplicis

444 3944 534 4006 rei
570 3962 778 4006 amore
810 3945 1228 4026 ﬂagras,ﬂuxae
1260 3944 1570 4022 nimirum,
1597 3954 1654 4007 et
1676 3946 2110 4023 immotae,visi-

2194 3768 2291 3827 καί
2336 3767 2581 3828 δόνασθαι
2622 3769 2802 3849 λέγειν
2871 3770 2932 3827 ὲκ
3005 3768 3099 3825 to;
3162 3774 3423 3848 νυμφικοῦ
3471 3767 3739 3847 δράματός
3792 3788 3853 3823 τε

2195 3862 2284 3918 καὶ
2336 3859 2599 3942 ᾄσματος,
2651 3859 2733 3917 ὅτι
2782 3858 3102 3936 Γλυκασμδς
3148 3859 3230 3935 εἴ,
3275 3859 3364 3916 καὶ
3398 3857 3524 3921 ὅλος
3582 3858 3669 3939 (ς)
3723 3857 3851 3916 im-

2196 3950 2353 4026 θυμία
2364 3997 2379 4013 .

443 4032 608 4111 bilis,
644 4043 701 4096 et
730 4033 1042 4096 oculorum
1074 4033 1284 4097 obtutu
1315 4034 1624 4113 fugientis,
1660 4036 1923 4117 profecto
1958 4056 2144 4119 usque
2174 4038 2326 4105 adeo
2356 4038 2549 4102 electa
2578 4035 2682 4100 illa
2705 4036 2924 4117 sagitta
2945 4035 3215 4100 sauciata
3237 4053 3325 4118 es,
3361 4037 3693 4118 sponsique
3715 4037 3855 4119 pul-

444 4123 850 4186 chritudinem
904 4124 1261 4206 cognovisti,
1316 4134 1379 4185 ut
1430 4125 1573 4187 illud
1607 4144 1844 4208 quoque
1894 4129 2190 4208 sponsalis
2229 4128 2520 4193 dramatis
2551 4136 2612 4191 et
2640 4127 2857 4191 cantici
2887 4127 3094 4191 dicere
3122 4143 3351 4210 queas:
3384 4125 3646 4191 Duleedo
3674 4144 3759 4209 es,
3797 4144 3834 4190 σ

450 4217 607 4275 totus
636 4210 1060 4275 desiderabitis
1088 4216 1173 4275 55.

533 4301 659 4364 XII.
714 4300 1025 4365 Videtisne
1075 4321 1360 4385 aquarum
1418 4304 1732 4385 proﬂuvia,
1803 4304 2104 4387 plumbeis

3833 4182 3859 4237 ε

2269 4309 2383 4371 IB’.
2418 4300 2603 4389 Ὀρᾶτε
2651 4309 2719 4367 τὰ
2779 4305 3358 4389 ἑμπεριλαμὸανόμενα
3413 4319 3534 4372 τοῖς
3588 4304 3834 4385 μολιϐδί-

451 4390 765 4481 canalibus
794 4391 1042 4475 inclusa,
1077 4412 1229 4475 quae,
1291 4402 1604 4475 propterea
1652 4396 1809 4477 quod
1854 4396 2103 4460 nimium

2206 4422 2297 4465 νοις
2356 4402 2578 4481 ὀχετοῖς
2625 4399 2886 4479 ῥεύματα,
2947 4398 3028 4456 ὅτι
3070 4403 3150 4471 τῷ
3220 4398 3339 4455 λίαν
3395 4401 3846 4479 στενχωρεϊσθαι,

450 4480 1132 4565 comprimuntur,atque
1161 4485 1235 4546 ad
1272 4503 1455 4545 unum
1485 4484 1938 4563 feruntur,adeo
1971 4488 2102 4568 ple-

2206 4491 2275 4547 ιαὶ
2318 4480 2453 4573 προς
2512 4490 2569 4547 ἓν
2614 4489 2885 4570 φέρεσθαι,
2948 4495 3198 4546 τοσοῦτον
3227 4485 3455 4546 ἐκϐαίνει
3503 4489 3602 4558 τὴν
3660 4487 3852 4554 ὕδατος

468 4670 473 4673 ν
527 4590 593 4643 δι
622 4590 962 4673 Psal.xuv,
990 4592 1088 4653 Li.
1174 4593 1239 4645 55
1268 4592 1413 4656 Can.
1448 4610 1510 4670 v,
1536 4594 1640 4659 16.

540 4699 666 4778 (99)
697 4702 779 4764 Τί.
812 4697 990 4761 Deest
1019 4701 1080 4761 in
1108 4701 1209 4765 Or.
1245 4701 1307 4765 1.

540 4779 659 4860 (93)
693 4786 781 4863 Τῷ
807 4780 1017 4863 κόσμῳ.
1054 4780 1153 4844 Sic
1200 4782 1350 4861 Reg.
1404 4779 1528 4863 bm,
1580 4781 1685 4846 0r.
1749 4784 1776 4847 1
1815 4792 1873 4846 et
1902 4782 2133 4851 Comh.r

452 4862 636 4924 Deest
662 4868 737 4936 τῷ
767 4859 827 4921 in
857 4861 956 4926 ed.

535 4940 659 5019 (94)
688 4942 1082 5021 Ἐπανῄρησαι.
1119 4942 1219 5006 Sic
1264 4940 1411 5021 Reg.
1465 4939 1591 5021 bm,
1642 4945 1778 5007 Bas.
1811 4953 1870 5007 et
1900 4944 2109 5010 Comb.

457 5024 528 5086 In
554 5021 627 5084 ed
640 5069 679 5101 .,
712 5024 935 5102 ᾕρησαι.

545 5102 670 5185 (9ζ5)
708 5106 1091 5185 κατενεχθῇς.-
1110 5104 1238 5167 Duo
1266 5102 1479 5185 Coisl.,
1511 5106 1844 5185 καταπέσῃς,

2199 4711 2311 4785 νῷἷ
2336 4703 2564 4785 «Mollis
2592 4712 2652 4767 et
2677 4702 2900 4785 fractus
2927 4698 3853 4785 incessusgmorbnm,_autperi-

2200 4784 2317 4868 culi
2350 4784 2695 4868 opinionem
2718 4784 2905 4846 menti
2932 4782 3185 4868 injicit.)
3208 4784 3276 4868 I_n
3305 4781 3430 4857 ed.,
3465 4781 3629 4850 Πόδες
3651 4781 3855 4868 ἄτακτα

2196 4864 2466 4945 βαίνοντες
2534 4864 2895 4945 ἱγκαλούνται
2966 4864 3144 4940 νόσον,
3228 4865 3265 4932 ἣ
3334 4870 3600 4921 κινοῦνται
3641 4865 3851 4945 ηνόσῳ,

2197 4944 2364 5018 Quod
2390 4944 2597 5008 Billius
2621 4946 2709 5008 sic
2728 4944 2930 5008 reddit
2958 4963 2974 5009 :
3017 4944 3246 5007 cPedes
3264 4950 3492 5006 temere
3512 4944 3855 5024 gradientes

2195 5026 2473 5090 morbum
2501 5034 2808 5101 accusant,
2842 5035 2943 5088 aut
2976 5024 3185 5088 morbo
3216 5032 3550 5089 moventur.
3591 5049 3621 5083 ›

2278 5108 2406 5189 (98)
2452 5107 2838 5189 Παρθενευέτω,
2913 5112 3029 5189 etc.
3102 5105 3286 5189 Cois].
3357 5104 3738 5189 _l,AColb.1_
3793 5116 3856 5170 et

544 5182 668 5267 196)
697 5184 785 5267 Et:
813 5182 969 5251 ὕλη-6.
1011 5206 1039 5239 α
1068 5183 1505 5267 Inmateriam,
1527 5207 1556 5246 ι
1594 5187 1651 5248 id
1683 5182 1793 5261 est,
1837 5213 1859 5245 ε
1898 5188 1957 5250 in
1979 5206 2113 5251 car-

2206 5182 2409 5253 Coinb.
2446 5182 2549 5264 Τιῖί
2590 5194 2665 5262 νῷ
2720 5188 3104 5267 παρθενευὲτω,
3149 5188 3239 5245 καὶ
3307 5187 3387 5263 μη
3445 5185 3645 5260 διανοίᾳ
3714 5187 3853 5267 ρεμ-

460 5263 629 5346 nales
650 5261 923 5337 allectus,
957 5272 1016 5326 et
1042 5264 1334 5346 quidquid
1366 5261 1652 5346 virginem
1685 5286 1717 5330 a
1744 5268 1980 5333 Christo
2011 5287 2113 5332 re-

457 5343 657 5406 trahit.
688 5367 714 5401 ι

543 5424 669 5506 (97)
733 5424 893 5506 Πόδες
979 5425 1182 5486 ἄτακτα
1251 5428 1520 5504 βαί·.οντες

456 5503 571 5586 σον,
601 5503 655 5592 ἢ
700 5503 957 5570 κίνδυνον.
1019 5533 1070 5592 α-
1100 5503 1295 5592 Pedes
1326 5503 1656 5592 inhoneste
1710 5510 2109 5592 ambulantes,

464 5584 764 5671 morbum,
796 5595 898 5671 aut
930 5588 1285 5671 periculum
1323 5589 1605 5651 indicant.
1636 5615 1663 5647 ι
1718 5587 1817 5655 Sic
1845 5591 2025 5655 Coisl.
2050 5584 2108 5671 1

460 5664 683 5749 aliique
711 5664 978 5749 melioris
998 5677 1154 5732 nota;
1182 5670 1445 5734 codices.
1482 5673 1546 5734 lu
1572 5672 1874 5734 nonnullis
1904 5691 1917 5736 :
1946 5664 2109 5738 Πόδες

462 5746 668 5806 ἄτακτα
736 5748 1003 5823 βαίνοντες
1045 5751 1392 5830 ἐγκαλούνται
1457 5754 1632 5834 νόσον,
1676 5754 1712 5822 ἢ
1760 5753 1991 5812 κίνδυνον
2031 5756 2110 5831 τῷ

1604 5428 1947 5508 ἰγκαλοῦνται
2020 5433 2115 5488 νό-

2197 5267 2391 5328 ϐέσθωο
2433 5268 2665 5331 «Mente
2695 5267 3107 5347 sitvirgo,nec
3133 5267 3491 5347 cogitatione
3519 5275 3782 5347 vagetur.
3822 5295 3849 5330 ι

2305 5350 2399 5428 99)
2424 5351 2540 5420 Μή.
2572 5348 2637 5431 In
2670 5346 3003 5431 nonnullis,
3036 5347 3197 5425 μηδέ.
3231 5350 3300 5411 In
3331 5346 3712 5430 quibusdam,
3737 5352 3849 5412 καί.

2314 5434 2368 5510 1)
2398 5431 2566 5509 Αὒτῇ.
2602 5428 2731 5492 Duo
2762 5428 3192 5510 Regg.,'éamﬁ.

2314 5434 2335 5494 1
2398 5434 2566 5509 Αὒτῇ.
2602 5434 2731 5492 Duo
2762 5434 2977 5510 Regg.,
3008 5434 3192 5507 ἑαυτῇ.

2306 5434 2368 5591 2)
2401 5510 2572 5571 Ἀλλ’.
2610 5514 2792 5591 Deest
2810 5511 2871 5573 in
2905 5510 3139 5572 duobus
3160 5512 3347 5589 Regg.
3382 5517 3443 5574 et
3461 5506 3567 5573 Or.
3604 5510 3660 5572 1.

2275 5589 2356 5669 (3)
2391 5594 2489 5651 Καὶ
2519 5591 2578 5649 οὗ
2608 5594 2709 5668 μή.
2744 5589 2812 5653 In
2840 5591 3170 5668 nonnullis,
3203 5593 3291 5649 καὶ
3320 5592 3423 5666 μή.

2305 5671 2602 5755 4)]ζαλόν.
2614 5669 2781 5755 _Reg,
2805 5672 2931 5745 bm,
2956 5672 3161 5755 καλῶν.

2271 5750 2355 5833 (5)
2380 5750 2582 5820 "oles.
2611 5750 2743 5819 Duo
2762 5754 2983 5834 Rogg.,
3006 5753 3153 5818 ὃλον.

2280 5349 2302 5593 ἓ
