4158 6388
351 291 465 360 301

1202 292 1487 358 ORATIO
1531 287 1835 357 XXXVII.
1887 326 1960 338 —-
2006 291 2090 360 IN
2135 290 2434 359 MATTH.
2481 290 2642 376 XIX,
2690 292 2859 361 1-12.

3627 300 3745 372 302

353 433 449 488 τοῦ
493 432 698 521 Πατρδς
767 431 1068 514 εἰλήφασιν,
1141 431 1280 491 ἀλλὰ
1348 435 1435 491 καὶ
1489 433 1703 498 ἑαυτοῖς
1772 431 2002 490 δεδώκα·
2025 442 2051 490 Α

2115 432 2202 512 ιίε,
2236 434 2310 496 Ει
2339 432 2562 514 quibus
2587 433 2802 496 datum
2831 441 2941 509 est,
2985 435 3100 498 hoc
3127 435 3408 519 adjunge,
3444 439 3543 521 qui
3578 439 3729 521 dign

356 542 448 578 σιν
479 519 628 601 (30).

439 698 563 773 ις’.
631 702 742 759 Εἰσὶ
798 703 898 781 γὰρ
957 703 1227 784 εὐνοῦχοι,
1297 702 1494 766 οἵτινες
1553 703 1614 758 iw.
1662 701 1865 766 κοιλίας
1900 725 1977 776 μη

359 789 480 867 τρὸς
557 792 995 871 εὐνουχίσθησαν,
1051 795 1137 850 καὶ
1194 794 1260 850 τὰ
1311 793 1456 862 ἑξῆς,
1512 791 1721 874 Σφόδρα
1778 789 2005 849 ὲϐουλὸ-

359 901 469 953 μην
521 878 764 960 ἀνδρικὸν
791 904 842 938 τι
867 884 986 962 περὶ
1014 889 1122 940 τῶν
1164 883 1434 964 εὐνούχων
1468 880 1594 963 (31)
1627 881 1777 962 ἔχειν
1808 883 2003 942 εἰπεῖν,

362 969 450 1035 Μὴ
480 968 617 1048 μέγα
665 968 790 1052 (32)
843 972 1112 1053 φρονεῖτε,
1186 974 1233 1031 οἱ
1275 973 1336 1030 ἐκ
1379 973 1584 1052 φύσεως
1631 974 1900 1051 εὖνοῦχοι.
1933 971 2006 1029 T6

361 1059 460 1136 γὰρ
507 1061 609 1126 τῆς
658 1063 1027 1143 σωρροσύνης,
1085 1062 1222 1128 ’ίσως
1253 1063 1519 1125 ἀκούσιον,
1555 1065 1628 1121 Οὐ
1691 1062 1791 1140 γὰρ
1848 1060 2008 1128 ἦλθεν

364 1149 437 1211 εἷς
493 1148 747 1231 βασανον,
807 1151 922 1210 οῦδὲ
994 1154 1056 1209 τὸ
1089 1166 1382 1233 σωφρονεῖν
1413 1151 1736 1227 ἐδοκιμάσθη
1796 1149 1881 1206 διὰ
1909 1151 2007 1216 τῆς

364 1236 566 1316 πείρας.
628 1241 701 1296 Τὸ
760 1241 856 1314 μὲν
900 1241 1000 1321 γὰρ
1043 1241 1106 1299 ἐκ
1140 1242 1345 1322 φύσεως
1377 1243 1595 1320 ἀγαθὸν,
1643 1238 1918 1314 ἀδόκιμονο
1955 1239 2015 1295 τὸ

361 1322 409 1380 δ’
478 1329 540 1382 ἑκ
595 1328 973 1410 προαιρέσεως,
1049 1331 1347 1395 ἐπαινετὸν,
1407 1333 1497 1396 Τίς
1560 1330 1681 1408 πυρὶ
1711 1329 1872 1410 χάρις
1925 1335 2018 1385 τοῦ

363 1416 531 1474 καίειν
562 1436 577 1492 ;
640 1419 701 1473 τὸ
753 1420 854 1498 γὰρ
888 1421 1056 1476 καίειν
1089 1420 1147 1478 ἔκ
1177 1421 1379 1501 φύσεως
1412 1419 1555 1500 ἐχει.
1585 1421 1674 1484 Τίς
1711 1417 1857 1476 ὕδατι
1887 1417 2013 1496 (33)

362 1511 455 1561 τοῦ
522 1507 671 1564 κάτω
723 1511 1018 1590 φέρεσθαις
1090 1517 1245 1569 τοῦτο
1295 1511 1394 1590 γὰρ
1451 1508 1569 1590 ἔχει
1615 1509 1756 1589 παρὰ
1787 1515 1883 1565 τοῦ
1906 1507 2012 1575 δη-

2088 527 2249 597 sunt;
2273 523 2518 604 quique,
2552 531 2618 584 ut
2643 525 2792 585 tales
2814 524 2957 606 sint,
2995 543 3116 587 non
3149 526 3326 588 modo
3357 545 3393 589 a
3421 529 3597 590 Patre
3644 548 3744 592 ac-

2089 621 2402 692 ceperunt,
2429 611 2536 674 sed
2568 611 2682 674 sibi
2717 613 2865 694 ipsis
2901 615 3076 676 etiam
3100 614 3420 677 dederunt.

2172 700 2493 763 XVI.Sunt
2522 702 2689 764 enim
2716 703 3109 784 eunuchmus‘
3124 723 3200 767 ea:
3219 714 3394 767 utero
3408 709 3628 771 matris
3649 725 3750 772 ca-

2088 793 2267 852 strati
2297 799 2464 870 sunt,
2499 797 2619 853 etc.
2651 790 3057 854 Vehementer
3098 810 3381 873 cuperem
3410 792 3553 854 656
3583 795 3751 857 virile

2091 879 2306 960 aliquid
2332 880 2408 941 de
2438 881 2733 942 eunuchis
2764 881 3040 963 proloqui
3073 900 3272 963 posse.
3304 881 3392 946 Ne
3421 883 3748 946 admodum

2093 969 2408 1048 magniﬁce
2439 969 2516 1032 de
2544 969 2711 1032 vobis
2741 972 3034 1047 sentiatis,
3067 973 3171 1052 qui
3199 990 3235 1032 a
3257 980 3467 1036 natura
3488 975 3750 1037 eunuchi

2093 1059 2540 1121 estis.Fortasse
2571 1062 2730 1122 enim
2763 1059 3049 1141 pudicitia
3078 1062 3208 1123 haec
3245 1061 3493 1125 minime
3540 1065 3751 1126 volun-

2101 1150 2251 1212 taria
2271 1157 2382 1212 est.
2418 1148 2548 1212 Non
2576 1151 2739 1212 enim
2771 1151 3080 1232 explorata
3120 1159 3230 1231 est,
3259 1169 3371 1214 nec
3401 1152 3752 1218 castimonia

2100 1239 2369 1319 periculo
2420 1238 2574 1301 facto
2627 1238 3037 1320 comprobata.
3073 1239 3304 1302 Bonum
3338 1241 3498 1303 enim
3529 1241 3688 1322 quod
3717 1260 3754 1304 a

2099 1337 2308 1390 natura
2371 1328 2796 1410 proﬁciscitur,
2842 1328 3078 1391 laudem
3109 1347 3230 1391 non
3255 1338 3557 1394 meretur:
3593 1328 3754 1412 quod

2096 1427 2294 1480 autem
2329 1435 2362 1478 a
2386 1416 2573 1479 libera
2600 1418 2857 1480 volutate
2885 1417 3194 1499 animique
3223 1417 3493 1481 instituto
3521 1419 3677 1494 ﬁuit,
3695 1418 3754 1481 id

2099 1508 2275 1569 laude
2307 1505 2554 1586 dignum
2585 1506 3046 1569 existimandum
3081 1517 3195 1572 est.
3227 1506 3370 1579 Quae
3411 1507 3534 1588 igni
3561 1508 3754 1587 gratia

365 1597 810 1674 μιοῦργτςσαντος.
858 1598 946 1662 Τίς
1016 1601 1168 1679 χιὸνι
1199 1601 1300 1667 τῆς
1344 1601 1688 1679 ψυχρὸτητος
1739 1598 1898 1678 χάρις
1933 1597 2015 1672 Hi

2115 1608 2214 1671 est,
2248 1599 2404 1678 quod
2445 1599 2565 1660 urit
2594 1599 2618 1660 ?
2674 1597 2862 1664 Urere
2889 1600 3049 1661 enim
3080 1618 3114 1661 a
3143 1608 3352 1662 natura
3376 1599 3576 1664 habet.
3613 1601 3759 1674 Qus

364 1691 442 1759 τῷ
491 1683 634 1784 ¹ἡλίῳ
698 1694 792 1744 τοῦ
849 1689 1048 1784 φαίνειν
1098 1712 1114 1762 ς
1143 1690 1326 1746 Φαίνει
1355 1689 1455 1784 γὰρ
1484 1687 1582 1744 κᾶν
1607 1689 1687 1764 μὴ
1731 1687 2011 1784 βούληται.
2041 1736 2051 1784 1

2115 1705 2287 1768 aquae,
2315 1688 2777 1784 quoddeorsum
2810 1688 3033 1784 fertur?
3085 1689 3210 1784 H_oc
3261 1689 3424 1784 enim
3454 1709 3489 1751 a
3521 1709 3756 1784 summo

370 1775 591 1853 Χαρίζου
642 1798 734 1851 μοι
790 1778 851 1833 τὸ
903 1777 1178 1853 βούλεσθαι
1249 1778 1316 1835 τὰ
1375 1776 1641 1854 βελτίονα,
1703 1778 1904 1855 Χαρίζη
1935 1775 2051 1851 δέ,’

2115 1795 2303 1839 rerum
2338 1777 2604 1838 omnium
2637 1777 2851 1858 opiﬁce
2871 1777 3072 1840 habet.
3107 1777 3250 1852 Quae
3278 1778 3398 1840 nivi
3427 1778 3616 1858 gratia
3645 1779 3757 1842 ha-

369 1863 460 1920 ἆὰν
515 1865 638 1944 σὰρξ
700 1867 1006 1949 γενὸμενος,
1056 1869 1413 1944 πνευματικὸς
1453 1867 1607 1947 γένῃ·
1641 1868 1732 1924 ἑὰν
1759 1874 1829 1943 τῇ
1860 1866 2020 1942 μολί-

2115 1865 2305 1929 benda
2331 1876 2443 1948 est,
2474 1867 2632 1948 quod
2665 1866 2880 1947 frigida
2911 1866 3021 1931 sit?
3041 1877 3143 1931 aut
3173 1867 3308 1944 soli,
3341 1868 3501 1949 quod
3521 1866 3764 1932 luceat?

371 1951 450 2009 ϐδι
507 1954 630 2035 (34)
661 1961 758 2032 τῇς
791 1959 984 2037 σαρκὸς
1014 1958 1330 2040 ἑλκὸμενος,
1363 1957 1643 2035 πτερωθῖκ
1676 1957 1778 2014 ὑπὸ
1806 1964 1901 2014 τοῦ
1923 1955 2020 2013 λδ-

2115 1955 2357 2018 Lucebit
2386 1956 2548 2018 enim
2581 1955 2759 2018 etiam
2792 1957 3030 2022 invitus.
3063 1955 3190 2019 Hoc
3221 1957 3367 2019 mihi
3392 1957 3636 2036 largire,
3670 1967 3759 2037 ut,

370 2060 486 2124 γου⁶
562 2044 652 2102 ἰὰν
706 2047 942 2125 οὗράνιος
1013 2049 1246 2128 ε’)ρεθῇς,
1302 2048 1551 2110 ταπεινὸς
1607 2047 1867 2126 γεγονώς’
1929 2046 2018 2104 ἰὰν

2115 2065 2236 2126 qua:
2288 2055 2450 2108 recta
2506 2054 2667 2122 sunt,
2721 2046 2889 2107 velis.
2943 2046 3243 2127 Largieris
3281 2054 3506 2122 autem,
3540 2047 3590 2108 si
3623 2066 3763 2110 caro

372 2135 522 2212 σαρκὶ
551 2133 830 2210 σῦνδεθεὶς,
861 2137 991 2213 ὑπὲρ
1021 2137 1188 2217 σάρκα
1218 2143 1386 2219 φανῇς
1435 2135 1561 2218 (35)

2105 2135 2315 2210 factus,
2344 2134 2677 2216 spiritualis
2707 2134 3011 2210 efﬁciaris;
3061 2136 3112 2198 si
3159 2155 3194 2198 a
3240 2133 3522 2216 plumbea
3566 2137 3765 2200 carnis

371 2221 527 2285 mole
557 2229 781 2286 tractus
807 2233 986 2302 atque
1016 2226 1363 2307 depressus,
1395 2244 1431 2287 a
1458 2227 1690 2287 ratione
1717 2225 1780 2287 in
1801 2224 1986 2288 altum
2019 2223 2377 2302 subleveris;
2413 2225 2463 2285 si
2495 2224 2747 2286 humilis
2775 2233 3033 2301 creatus,
3068 2225 3331 2290 caelestis
3352 2225 3767 2305 inveniaris;si

369 2312 532 2374 carni
568 2313 736 2394 quasi
763 2313 1012 2377 vinculis
1037 2314 1389 2396 quibusdam
1421 2314 1724 2390 actrictus,
1755 2311 2030 2395 superior
2061 2333 2240 2376 carne
2271 2332 2586 2396 appareas.

451 2403 556 2466 IZ’.
618 2400 837 2473 Ἐπειδή
895 2413 983 2464 οῦν
1040 2407 1101 2463 τὰ
1150 2407 1436 2482 σωματικὰ
1507 2419 1721 2486 φρονεῖν
1766 2404 1889 2484 (36)
1932 2404 2026 2462 οὒκ

374 2490 670 2572 ἰπαινετὸν,
723 2492 854 2551 ἄλλο
907 2518 956 2552 τι
1020 2497 1150 2553 αίτῶ
1181 2497 1301 2561 τοὺς
1331 2497 1639 2575 εὐνούχους,
1678 2496 1766 2563 Μὴ
1795 2495 2024 2573 πορνεύ-

375 2602 506 2648 σητε
559 2585 677 2662 περὶ
755 2585 1005 2652 θεὸτητα.
1083 2587 1292 2664 Χριστῷ
1344 2585 1744 2665 συζευχοέντες,
1800 2586 2024 2665 Χριστὸν

378 2671 457 2746 μὴ
509 2671 830 2748 ἀτιμάσητε.
891 2674 1026 2731 ’Υπὸ
1056 2675 1146 2731 τοῦ
1178 2676 1482 2750 Ηνεύματος
1524 2674 1908 2750 τελειούμενοι,
1941 2674 2019 2749 μὴ

378 2761 637 2837 ὃμὸτιμον
695 2763 907 2828 ἑαυτοῖς
953 2766 1014 2821 τὸ
1047 2770 1258 2841 Πνεῦμα
1286 2766 1575 2835 ποιήσητε.
1609 2767 1666 2822 Εἰ
1695 2766 1775 2821 ἔτι
1819 2764 2018 2842 ἂνθρῶο

376 2873 497 2914 ποις
528 2851 776 2929 ἤρεσκον,
853 2856 880 2910 6
915 2854 1118 2919 Παῦλος
1177 2878 1332 2935 φησι,
1396 2862 1622 2933 Χριστοῦ
1690 2852 1873 2919 δοῦλος
1928 2855 2021 2910 οὐκ

371 2937 432 2998 ἄν
482 2941 654 3016 ἢμην,
719 2944 778 3000 ΕΙ
840 2943 1088 3019 κτίσματι
1146 2943 1445 3024 ἐλάτρεὺον,
1483 2943 1575 3001 οῦκ
1604 2942 1665 3000 ἄν
1702 2943 2018 3022 Χριστιαιιὸς

2187 2403 2366 2466 XVII.
2398 2404 2690 2478 Quoniam
2722 2404 2902 2484 igitur
2925 2422 3216 2485 corporea
3237 2423 3474 2489 sapere,
3501 2405 3766 2468 carnali-

2109 2493 2338 2575 busque
2356 2492 2671 2556 affectibus
2688 2493 3312 2576 duci,haudquaquam
3329 2494 3634 2558 laudabile
3654 2501 3766 2572 est,

2106 2584 2264 2645 aliud
2290 2583 2573 2665 quiddam
2599 2583 2674 2644 ab
2695 2583 2989 2644 eunuchis
3037 2584 3292 2664 postulo.
3319 2581 3408 2647 Ne
3437 2585 3598 2647 circa
3615 2584 3772 2646 divi-

2107 2675 2348 2735 nitatem
2407 2672 2774 2735 scortemini.
2837 2672 2950 2745 Qui
2986 2670 3220 2734 Christo
3270 2673 3579 2753 conjuncti
3601 2675 3766 2754 estis,

2105 2764 2409 2826 Christum
2449 2779 2526 2824 ne
2555 2761 3102 2835 contemnatis.Qui
3137 2781 3170 2824 a
3201 2762 3426 2843 Spiritu
3460 2763 3772 2842 perfectio-

2105 2872 2239 2914 nem
2267 2851 2561 2933 accipitis,
2600 2869 2678 2914 ne
2703 2869 2906 2932 parem
2931 2851 3101 2913 vobis
3119 2851 3409 2932 Spiritum
3440 2851 3772 2918 (δαίδας..ςὶ

2101 2944 2297 3005 adhuc
2308 2942 2651 3004 hominibus
2671 2940 3208 3022 placerem,inquit
3225 2940 3774 3017 Paulus°3,Christi

371 3031 753 3106 ὠνομαζὸμην,
830 3035 918 3098 Εἷς
974 3035 1023 3089 τί
1078 3032 1205 3103 (37)
1265 3035 1364 3114 γὰρ
1395 3037 1422 3090 ὁ
1453 3033 1765 3113 Χριστιανὸς
1795 3035 1968 3107 τίμιον
1999 3051 2051 3111 ;‹

2115 3051 2316 3095 servus
2334 3049 2453 3094 non
2473 3031 2755 3094 essem.Si
2767 3037 3104 3093 creaturam
3119 3029 3773 3102 colerem,Christianus

374 3119 490 3199 Οῦχ
555 3120 638 3176 ὅτι
698 3123 826 3187 Θεὸς
872 3125 900 3178 6
945 3125 1172 3199 Χριστὸς
1207 3143 1223 3204 ς
1256 3125 1315 3181 Εἰ
1361 3123 1438 3199 μή
1469 3123 1717 3184 τοῦτσὼς
1749 3120 2020 3200 ἅνθρωπος

376 3210 530 3265 πάθω
558 3208 710 3290 (38),
744 3209 891 3292 φιλίᾳ
916 3214 1048 3291 πρὸς
1066 3215 1222 3270 αὐτὸν
1255 3212 1705 3291 συγ-κεκραμένος.
1747 3211 1922 3269 Καίτοι
1942 3212 2030 3267 καὶ

378 3298 574 3378 Πέτρον
624 3306 785 3375 τιμῶ,
810 3299 931 3358 ἀλλ’
979 3304 1073 3359 οὒκ
1103 3302 1284 3360 ἀκούω
1317 3306 1626 3382 Πετριανός⁶
1675 3302 1764 3356 καὶ
1798 3299 2026 3380 Παῦλον,

379 3388 674 3455 Παυλιανὸς
705 3387 757 3446 δέ
790 3394 884 3449 οὒκ
913 3391 1138 3462 ἤκουσα.
1181 3396 1256 3451 Οὐ
1283 3390 1512 3472 δέχομαι
1560 3391 1701 3468 παρὰ
1742 3389 2030 3468 ἀνθρώπων

378 3479 750 3554 ὀνομάζεσθαι,
781 3482 922 3561 παρᾶ
954 3489 1085 3539 Θεοῦ
1107 3483 1369 3562 γεγονώς.
1397 3480 1580 3546 Οὕτως
1602 3482 1646 3536 εἰ
1668 3479 1879 3556 μὲν,ὅτι
1903 3482 2033 3537 Θεὸν

375 3568 698 3650 ὑπειληφας,
733 3568 815 3628 δῖὰ
847 3574 1001 3628 τοῦτο
1031 3571 1172 3648 καλῇ
1201 3573 1543 3651 Χριστιανὸς,
1575 3572 1663 3628 καὶ
1692 3567 1911 3644 καλοτο,
1944 3572 2033 3627 καὶ

375 3662 556 3733 μένοις
587 3659 642 3715 ἐν
673 3667 747 3735 »ᾧ
776 3660 1027 3737 ὀνόματι,
1061 3662 1096 3730 ἢ
1126 3669 1203 3736 τῷ
1236 3661 1360 3742 (39)
1408 3662 1710 3741 πράγματι.
1744 3661 1803 3718 Εἰ
1835 3658 1915 3741 δὲ,
1953 3659 2032 3718 ὅτι

377 3749 614 3829 στέργεις
635 3752 882 3832 Χριστὸν,
915 3750 998 3809 διὰ
1027 3752 1182 3810 τοῦτο
1212 3751 1263 3817 ἐξ
1295 3755 1456 3809 αὑτοῦ
1498 3750 1664 3828 καλῇ,
1692 3748 1840 3808 οὐδὲ)
1871 3751 2032 3809 πλέον

378 3840 557 3916 νέμεις
628 3845 771 3916 αῦτῷ
812 3842 939 3920 (40)
993 3846 1100 3898 τῶν
1129 3841 1306 3900 ἄλλων
1339 3839 1612 3916 κλήσεων,
1640 3839 1699 3899 αἵ
1754 3840 1861 3898 ἀπό
1891 3863 2036 3908 τινος

2114 3123 2320 3199 utique
2354 3141 2472 3182 non
2497 3120 2993 3201 appellarer.Cur
3015 3119 3178 3181 enim
3197 3120 3524 3183 Christiani
3551 3139 3773 3184 nomen

2114 3211 2452 3274 venerabile
2487 3216 2624 3273 est?
2679 3210 2895 3272 Annon
2943 3214 3083 3291 quia
3133 3208 3402 3272 Christus
3432 3210 3621 3273 Deus?
3648 3207 3778 3273 Nisi

2115 3302 2368 3363 fortasse
2398 3301 2512 3363 hoc
2545 3300 2808 3362 humano
2833 3317 3000 3361 more
3017 3298 3466 3375 facio,amicitia
3488 3300 3774 3362 nimirum

2118 3409 2250 3452 cum
2276 3410 2347 3452 eo
2379 3389 2924 3468 conglutinatus.At
2955 3397 3014 3450 et
3037 3387 3280 3452 Petrum
3309 3388 3540 3452 honore
3563 3407 3776 3471 prose-

2119 3499 2412 3562 quor,nec
2443 3488 2640 3541 tamen
2663 3478 2981 3541 Petrianus
3011 3497 3191 3540 vocor
3223 3499 3237 3542 :
3270 3486 3328 3540 et
3350 3477 3630 3554 Paulum,
3662 3497 3777 3542 nec

2119 3579 2317 3632 tamen
2344 3568 2665 3631 Paulianus
2691 3568 3033 3629 nominatus
3059 3586 3216 3631 sum.
3251 3565 3393 3630 Non
3412 3568 3540 3631 fero
3575 3587 3670 3631 me
3702 3568 3776 3630 ab

2118 3660 2462 3722 hominibus
2492 3676 2710 3721 nomen
2741 3657 2985 3734 ducere,
3019 3661 3178 3740 quia
3208 3658 3332 3721 Deo
3355 3676 3486 3719 sum
3517 3665 3775 3723 creatus.

2119 3749 2379 3812 Proinde
2411 3749 2631 3829 si,quia
2656 3741 2842 3809 Deum
2876 3748 3066 3828 ipsum
3087 3747 3554 3828 existimas,ideo
3580 3748 3780 3812 Chris-

2121 3839 2315 3902 tianus
2349 3836 2836 3899 vocariszvoceris
2866 3854 3032 3911 sane,
3059 3844 3118 3897 et
3149 3854 3390 3898 maneas
3413 3835 3476 3896 in
3505 3838 3776 3919 nomine,

381 3928 799 4006 ἐπιτηδεύματος
828 3928 863 3998 ἥ
893 3931 1208 4010 πράγμακος
1237 3933 1488 3994 τίθενται.

2120 3938 2294 4010 atque
2316 3928 2464 3989 adeo
2483 3928 2544 3987 in
2569 3925 2769 3991 re.Sin
2791 3934 2990 3988 autem
3016 3943 3134 3986 non
3161 3924 3336 3987 aliam
3369 3924 3445 3987 ob
3477 3944 3717 3988 causam
3745 3949 3781 3992 a

383 4015 617 4080 Christo
647 4037 867 4082 nomen
894 4019 1086 4101 ducis,
1120 4037 1297 4101 quam
1326 4020 1484 4102 quod
1515 4037 1654 4082 eum
1687 4037 1894 4083 amore
1923 4018 2366 4100 complecteris,
2402 4017 2547 4077 nihil
2579 4015 2836 4096 amplius
2878 4015 2996 4096 ipsi
3027 4013 3257 4092 tribuis,
3295 4032 3470 4095 quam
3501 4014 3632 4078 aliis
3662 4034 3780 4078 no-

387 4105 674 4186 minibus,
706 4126 838 4190 quae
865 4127 901 4171 a
927 4109 1123 4171 studio
1153 4111 1409 4197 quodam
1440 4119 1501 4171 et
1529 4109 1820 4182 instituto,
1854 4115 1955 4171 aut
1983 4127 2050 4172 re
2079 4106 2772 4197 aliquagconstituuntur.

468 4197 580 4260 [ΕΡ.
647 4197 835 4277 Ὀρᾷτε
889 4201 1011 4266 τοὺς
1068 4192 1200 4279 περῖ
1233 4201 1326 4266 τὰς
1381 4198 1735 4279 ἱπποδρομίας
1765 4197 2032 4255 ἐσπουδα-

2197 4195 2401 4260 XVlII.
2431 4194 2658 4258 Videtis
2689 4195 2821 4275 hos,
2857 4195 2957 4276 qui
2992 4194 3054 4256 in
3080 4193 3358 4257 cursibus
3390 4192 3774 4276 equestribus

391 4288 548 4351 κότιδς
595 4287 834 4352 τούτους.
896 4289 964 4348 0’ί
997 4290 1103 4347 ὰπὸ
1154 4295 1261 4347 τῶν
1318 4289 1623 4370 χρωμάτων
1652 4286 1773 4358 (41)
1833 4289 2038 4366 ὀνομά-

2121 4285 2384 4350 studium
2416 4293 2594 4365 atque
2617 4300 2864 4364 operam
2897 4283 3393 4364 posuerunt.657
3419 4284 3515 4349 Illi
3543 4303 3578 4347 a
3607 4284 3777 4349 colo-

467 4407 527 4458 6³
551 4407 682 4474 Gal.
716 4427 760 4488 l,
809 4410 907 4476 10.

473 4533 600 4613 (30)
629 4532 876 4616 Ἐαυτοτς
908 4531 1216 4616 δεδώκασιν.
1257 4556 1280 4591 ε
1319 4533 1450 4597 Sibi
1476 4533 1624 4616 ipsis
1649 4532 1971 4610 dederunt,
2012 4557 2038 4590 ι

392 4614 840 4694 nempe,gratim
869 4614 1150 4678 excitanti
1177 4633 1248 4678 ac
1275 4614 1534 4694 mogenii
1564 4614 1752 4678 libere
1783 4633 2045 4678 consen-

389 4695 627 4778 tiendo._
651 4697 802 4774 Reg.
838 4695 938 4757 bm
964 4696 1166 4778 habet,
1201 4698 1416 4759 ἑαυτοὺς
1449 4695 1760 4775 ὀεδώκασιν,
1801 4721 1829 4754 ι
1863 4715 1929 4760 se
1950 4696 2045 4777 ip-

390 4795 490 4840 sos
516 4775 835 4838 dederunt.
873 4799 898 4835 ι

2129 4531 2316 4619 sitatis
2345 4537 2466 4619 est._
2491 4525 2715 4619 Ποεβά
2737 4526 2922 4619 aliam
2949 4523 3294 4619 pudicitiam
3343 4527 3616 4619 hortatur
3640 4528 3788 4619 Cre-

2130 4615 2356 4694 gorius,
2398 4611 2471 4672 ad
2503 4611 2639 4672 ﬁdei
2667 4608 2894 4694 scilicet
2947 4606 3369 4694 integritatem,
3405 4627 3519 4690 qua
3551 4608 3789 4694 laudem

2133 4687 2497 4757 mereantur.
2533 4690 3010 4784 ‘Lectionvulgata
3058 4697 3116 4750 et
3155 4687 3316 4749 Billii
3355 4687 3789 4784 interpretatio,

2131 4794 2243 4837 nec
2275 4773 2654 4836 commodum
2673 4771 3334 4846 efﬁciuntsensum,nec
3356 4789 3489 4833 cum
3516 4769 3794 4850 Gregorii

469 4856 598 4940 (31)
633 4860 780 4940 Περὶ,
802 4862 910 4915 τῶν
969 4858 1261 4940 εὐνούχων.
1307 4882 1336 4915 ι
1365 4860 1454 4923 De
1485 4857 1803 4924 eunuchis.
1845 4882 1869 4916 ι
1894 4856 2050 4940 Gre-

2132 4875 2239 4937 pro
2249 4855 2438 4934 posito
2451 4853 2836 4916 conVeniunt.
2847 4850 3221 4914 Crediderim
3237 4851 3790 4933 scripsissepcbpzn

392 4937 594 5024 gorius
625 4937 846 5020 passim
877 4937 1184 5024 eunuchos
1213 4939 1776 5024 in_s_ectat_ur,titpote
1807 4938 1910 5022 qui
1931 4956 2051 5000 ma—
2135 4949 2450 5024 σωφρονεῖν..
2536 5017 2544 5024 ι
2607 5012 2641 5024 ﬂ
2689 5013 2700 5024 .

394 4961 594 5018 κοῐιιιε
625 4961 846 5020 ρειδειω
877 4961 1184 5001 θυηυοῐιοε
1213 4961 1776 5020 ιιιεθοιειιυῐμιῳοιθ
1807 4961 1910 5022 qui
1931 4961 2051 5000 ma-

394 5019 553 5112 xima
575 5039 647 5083 ex
677 5027 870 5163 page,
894 5019 1236 5102 Ariana,vel
1265 5019 1700 5085 Macedoniana
1721 5029 1887 5103 peste
1911 5037 2051 5082 con-

395 5108 727 5164 tammaren
799 5117 854 5162 r.

2135 4961 2212 4994 σω
2282 4961 2366 4992 Ονε
2381 4961 2450 4997 ιν,

2213 4961 2342 5177 (ἔγ)
2381 5018 2467 5080 Εἰς
2496 5017 2566 5077 τί.
2602 5012 2782 5077 Coisl.
2826 5015 2879 5095 1,
2913 5013 2995 5072 διὰ
3021 5015 3094 5072 τί.

2245 5099 2352 5175 38)
2383 5097 2476 5162 Ὠς
2527 5096 2797 5170 ἅνθρωπος
2839 5096 3015 5177 πάθω.
3053 5093 3094 5158 C

395 5099 854 5164 taminarentur.

477 5181 828 5271 (tignum.
862 5182 1013 5271 lieg.
1046 5180 1174 5271 b_m.
1200 5179 1392 5271 βίον.
1425 5183 1454 5271 l
1494 5181 1741 5264 addunt,
1775 5205 1847 5245 τι.

475 5261 843 5345 (33mm,
879 5261 1106 5345 egw
1144 5262 1336 5345 addit,
1368 5265 1556 5345 χαέριςζ

2245 5090 2352 5175 38⁷)
2383 5097 2476 5162 Ὠς
2527 5096 2797 5170 ἅνθρωπος
2839 5090 3015 5154 πάθω.
3053 5093 3231 5158 Coisl.
3268 5093 3328 5168 1,
3363 5091 3464 5155 01'.
3503 5095 3558 5167 ί,
3584 5090 3793 5174 Gabr.,

2142 5181 2214 5245 ὼς
2236 5175 2243 5177 ’
2264 5178 2542 5258 ἅρθρωπον
2583 5178 2829 5258 ἀγαπῶν,
2864 5176 3033 5258 Com
3055 5175 3259 5238 eﬁsius
3290 5179 3498 5258 censet
3527 5189 3605 5234 ex
3638 5179 3802 5258 utra-

2144 5276 2260 5342 que
2289 5253 2569 5342 lectione,
2629 5253 2715 5342 εἰς
2764 5256 3137 5342 sarciendam
3191 5253 3643 5342 essenlitteram
3681 5274 3694 5312 :
3728 5256 3802 5318 ὡς

480 5331 604 5424 (343
636 5341 883 5402 Μολίϐδι.
918 5341 1118 5424 Forte,
1153 5331 1494 5421 μολιϐὂίὲδὶ.
1528 5343 1697 5407 Eoi'r.

2147 5331 2420 5418 ἄνθρωπος
2465 5331 2638 5424 iride),
2672 5339 2943 5424 ἄνθρωπον
2976 5337 3222 5424 ἀγαπων.
3263 5358 3290 5389 α
3325 5331 3601 5424 Humano
3635 5351 3806 5396 more

477 5415 604 5506 (35)
633 5431 844 5506 favi“.
878 5425 1029 5504 Reg.
1068 5415 1192 5502 bin,
1224 5426 1454 5506 exuta

2149 5415 2379 5506 afﬁcior
2407 5418 2713 5480 hominem
2735 5415 3072 5497 diligens,-
3122 5415 3179 5477 id
3214 5422 3328 5495 est,
3367 5433 3397 5474 (
3432 5415 3611 5475 homo
3644 5432 3804 5490 sum,

632 5503 710 5566 Τὸ
756 5501 1050 5595 ’σωματικὰ
1110 5501 1354 5595 φρονεῖν,
1419 5505 1610 5595 Coisl,
1655 5507 1724 5595 ις,
1759 5508 1819 5595 1:6
1853 5524 2051 5595 σωτρο·

2153 5501 2649 5595 Ιιοιηίιιεηῃωο.
2680 5524 2706 5595 τ

400 5577 724 5668 νιινΩιιοΨ
755 5577 1079 5668 lectionem
1109 5577 1395 5668 optimam
1413 5594 1622 5650 censet
1649 5577 2051 5668 Gombeﬁsius,

2266 5581 2383 5668 (ξεῖ)
2443 5577 3160 5668 ΓἨτεῑ›ο,ορπη¹);ν.κειῖτεῑδο
3234 5657 3244 5668 .
3548 5663 3575 5668 _

405 5691 432 5722 α
472 5653 976 5745 Quandoquidem
1004 5653 1178 5744 igitui'
1203 5665 1446 5728 laudem
1469 5685 1589 5729 non
1613 5675 1880 5729 meretur
1903 5656 2051 5744 pulli

2232 5653 2355 5745 (40)
2387 5653 2791 5738 Νέμειςαὺτῷ.
2848 5655 3028 5723 Coisl.
3090 5658 3144 5733 1,
3193 5657 3371 5732 νέμεις
3403 5663 3608 5736 σαυτῷ,
3648 5679 3676 5711 ι
3715 5653 3826 5718 tibi

401 5747 708 5829 citia,qua
725 5744 804 5829 sit
833 5755 1256 5829 anatura,non
1291 5765 1324 5809 a
1353 5747 1547 5810 libera
1580 5747 2080 5829 voluntate-Pu-
2171 5744 2411 5829 trihuis.
2445 5763 2502 5829 )_
2549 5824 2560 5829 _
2618 5825 2627 5829 _
2719 5826 2745 5829 Ἀ
2994 5820 3004 5829 _
3177 5817 3201 5829 -
3314 5819 3324 5829 _
3609 5813 3625 5829 ‘
3670 5813 3684 5828 .
3798 5814 3838 5829 η

408 5813 618 5896 dicitia
640 5828 801 5890 enim
836 5828 898 5888 in
928 5813 1249 5906 eunuchis,
1285 5847 1408 5890 non
1433 5827 1685 5907 virtutis,
1721 5828 1832 5892 sed
1863 5843 2044 5889 neces

2249 5825 2376 5906 (41)
2409 5833 2450 5884 0
2482 5825 2509 5880 ’ὲ
2538 5824 2644 5882 ἀπὸ
2675 5826 2782 5899 τῷν
2811 5820 3143 5903 χρωμάτων.
3177 5817 3246 5881 ιιι
3275 5819 3436 5882 circo
3468 5813 3849 5898 quadriga-ii
