4158 6448
502 353 626 427 307

1750 360 1813 423 S.
1859 358 2230 424 GREGORII
2272 358 2660 426 THEOLOGI

3778 362 3901 429 308

503 494 649 577 quid
677 494 798 560 litis
827 513 1020 561 crees.
1050 496 1122 560 Et
1150 498 1249 579 qui
1282 496 1480 574 docet,
1528 496 1875 575 ﬁgmentum
1906 494 2015 559 Dei
2047 500 2159 567 est,

2263 492 2479 551 Ιικεῒθεν⁹
2544 495 2644 553 κᾶν
2697 518 2755 553 τε
2806 500 2833 554 ὁ
2865 495 3179 564 διδάσκαλος
3211 500 3423 579 ἁρπάσῃ
3453 499 3553 566 τὴν
3593 498 3775 579 χάριν,
3808 499 3906 558 κᾶν

503 592 562 651 et
583 592 645 648 tu
674 586 953 651 eumdem
990 594 1185 649 ortum
1216 585 1510 650 habuisti:
1533 586 1657 651 sive
1684 592 2014 668 pmceptor
2033 600 2163 662 gra-

2263 604 2302 639 ;ε
2332 582 2554 660 γένηται
2587 587 2679 643 σὸν
2710 590 2771 643 τὸ
2801 585 2989 664 καλὸν,
3025 586 3187 645 καλὸν
3217 589 3417 665 ὁμοίως
3441 590 3571 649 ὶστί.

502 675 643 740 tiam
676 675 835 740 hanc
856 677 1069 759 rapiat,
1103 676 1226 739 sive
1255 676 1369 739 hoc
1400 675 1624 740 bonum
1658 683 1824 738 tuum
1856 675 1979 753 ﬁat,
2014 672 2237 734 bonum
2267 672 2521 753 perinde
2548 683 2661 739 est.

580 765 895 831 XXII.Hoc
917 773 1140 829 tantum
1174 764 1347 828 nobis
1377 783 1537 829 curae
1560 766 1659 848 sit,
1689 772 1753 828 ut
1782 763 2058 845 nosipsos
2087 759 2161 822 ab

500 855 685 920 animi
717 854 1266 937 perturbationibus
1293 853 1827 933 abscindamus,ne
1849 871 1966 934 qua
1997 850 2165 913 radix

500 945 910 1010 amarulentiaa
938 963 1175 1008 sursum
1204 946 1550 1027 germinans
1570 944 1638 997 68
1669 943 1873 1007 turbas
1908 946 2160 1004 moveat.

499 1034 627 1100 Hoc
658 1042 887 1097 tantum
918 1051 1220 1111 curemus,
1248 1044 1312 1097 ut
1352 1034 1625 1117 imaginis
1654 1034 1869 1098 divinae
1896 1028 2166 1110 vestigiis

501 1124 937 1199 insistamus,ut
963 1122 1269 1205 exemplar
1301 1132 1570 1188 nostrum
1599 1120 2166 1188 revereamur.Cor-

500 1229 716 1294 poreos
748 1212 998 1275 affectus
1028 1220 1292 1295 amputa,
1321 1222 1562 1296 amputa
1586 1214 1765 1277 etiam
1793 1208 2162 1293 spirituales.

498 1300 732 1375 Quanto
766 1300 928 1364 enim
958 1302 1163 1365 anima
1212 1320 1432 1385 corpus
1461 1303 1783 1379 antecellit,
1817 1307 1978 1363 tanto
2010 1315 2165 1379 prm-

500 1391 752 1453 stantius
782 1398 875 1455 est
897 1392 1160 1454 animam
1193 1410 1471 1473 purgare,
1497 1411 1673 1476 quam
1720 1408 1961 1472 corpus.
1992 1389 2165 1461 Quod

501 1482 554 1544 si
578 1480 849 1562 corporis
876 1482 1147 1563 purgatio
1195 1481 1513 1545 laudabilis
1544 1489 1660 1564 est,
1692 1481 1911 1561 cogita,
1939 1495 2163 1560 quaeso,

503 1577 726 1653 quanto
756 1570 949 1651 major
975 1579 1155 1653 atque
1183 1571 1499 1633 sublimior
1526 1572 1603 1635 sit
1627 1569 1842 1634 anima;
1868 1567 2160 1651 purgatio.

501 1658 802 1723 Exscinde
850 1660 1127 1723 Arianam
1175 1660 1567 1743 impietatem,
1600 1658 1890 1723 exscinde
1926 1673 2165 1737 pravam

504 1747 752 1814 Sabellii
797 1749 1174 1813 sententiam.
1205 1750 1332 1815 Nec
1380 1748 1532 1832 plus,
1567 1766 1745 1831 quam
1784 1764 2019 1830 aequum
2053 1750 2163 1819 est,

507 1840 983 1920 conjungas,nec
1010 1839 1305 1903 scelerate
1328 1839 1579 1903 dividas:
1604 1857 1716 1903 nec
1732 1839 1794 1901 in
1821 1854 2000 1901 unam
2025 1851 2165 1917 per-

509 1947 717 1992 sonam
749 1932 861 1994 tria
888 1930 1228 2011 contrahas,
1250 1947 1363 1993 nec
1385 1937 1508 1992 tres
1536 1941 1882 1993 naturarum
1914 1923 2171 1989 diversi-

2331 762 2465 823 ΚΣ’.
2541 764 2712 822 Μόνον
2783 765 3122 843 ἰκτέμνωμεν
3205 768 3422 834 ἑαυτοὺς
3519 768 3625 824 τῖὀν
3681 770 3899 836 παθῶν,

2247 854 2323 929 μή
2382 875 2461 917 τις
2506 855 2617 933 ῥίζα
2670 858 2883 936 πικρίας
2914 856 3025 914 ἄνω
3066 860 3266 939 φύουσα
3302 857 3507 939 ἐνοχλῇ
3729 860 3900 917 Μόνον

2247 940 2621 1020 ἂκολοῦθῶμεν
2690 952 2760 1023 τῇ
2804 948 2991 1028 εἰκόνι,
3053 949 3221 1024 μόνον
3248 948 3514 1024 αἰδώμεθα
3569 950 3635 1005 τὸ
3664 949 3897 1028 ἀρχέτυ-

2246 1055 2367 1094 πον.
2446 1032 2729 1110 ’Ἒκτεμνε
2788 1037 2853 1095 τὰ
2906 1038 3188 1113 σωματικὰ
3234 1039 3404 1113 πάθη,
3466 1037 3687 1114 ἕκτεμνε
3714 1038 3806 1095 καί
3837 1038 3903 1095 τὰ

2247 1122 2478 1202 ψυχικά.
2544 1115 2703 1200 ιΟςῐῳ
2756 1127 2855 1206 γὰρ
2913 1129 3068 1208 ψυχὴ
3112 1129 3431 1206 τιμιώτερον
3482 1128 3755 1204 σώματός,
3806 1149 3901 1183 το-

2251 1211 2425 1285 σούτῳ
2480 1213 2794 1293 τιμιώτερον
2843 1220 3062 1295 καθᾶραι
3119 1219 3327 1297 ψυχὴν,
3388 1217 3421 1285 ἥ
3465 1224 3644 1291 σῶμα.
3677 1220 3733 1274 Εἰ
3763 1216 3819 1272 δὲ
3860 1216 3899 1283 ἦ

2247 1306 2340 1356 τοῦ
2389 1300 2639 1373 σώματος
2697 1306 2946 1383 καθαρσις
3016 1309 3121 1363 τῶν
3177 1309 3490 1387 ἱπαινετῶν,
3554 1308 3742 1365 σκόπει
3806 1330 3902 1382 μοι

2250 1391 2416 1445 πόσον
2470 1392 2504 1459 ἡ
2564 1393 2663 1460 τῆς
2743 1396 2931 1475 ψυχῆς
2988 1399 3181 1470 μείζων
3237 1419 3295 1453 τε
3398 1398 3485 1452 καὶ
3570 1395 3900 1475 ὑψηλοτέρα.

2249 1476 2532 1566 ’Ἔκτεμνε
2587 1482 2683 1550 τὴν
2747 1472 3024 1560 Ἀρειανὴν
3052 1486 3189 1566 (61)
3220 1484 3487 1559 ἀσέϐειαν,
3551 1488 3773 1561 ἓκτεμνε
3804 1472 3903 1553 τὴν

2249 1565 2537 1625 Σαϐελλίου
2606 1570 2937 1639 κακοδοξίαν.
3002 1565 3149 1646 Μήτι
3183 1576 3421 1651 συνάψῃς
3456 1573 3617 1633 πλέον
3642 1576 3677 1644 ἢ
3724 1574 3903 1638 γαλῶς

2251 1655 2393 1736 ἔχει,
2457 1660 2595 1733 μήτε
2666 1659 2843 1740 διέλῃς
2874 1668 3075 1739 κακῶς,
3109 1666 3247 1741 μήτε
3278 1667 3351 1727 είς
3381 1664 3436 1720 ἓν
3484 1666 3769 1743 πρόσωπον
3801 1687 3906 1722 συ·-

2251 1744 2409 1823 νέλῃς
2468 1748 2535 1803 τὰ
2614 1751 2751 1829 τρία,
2815 1754 2953 1827 μήτε
3008 1753 3207 1834 ἒργᾶσῃ
3265 1768 3410 1833 τρεῖς
3477 1754 3902 1832 ἀλλοτριότητας

2252 1836 2482 1915 φύσεων.
2547 1841 2643 1897 Καὶ
2672 1842 2733 1897 τὸ
2793 1840 2846 1898 ἔν
2899 1845 3194 1915 ἔπαινετὸν,
3252 1843 3429 1909 καλῶς
3474 1844 3775 1920 νοούμενον,
3813 1846 3906 1901 καὶ

2252 1926 2318 1981 τὰ
2378 1926 2493 2004 τρία
2543 1926 2722 1993 καλῶς
2773 1928 3133 2009 διαιρούμενα,
3210 1932 3338 1991 ὅταν
3395 1934 3722 2013 προσώπων,
3765 1932 3905 1990 ἀλλὰ

510 2027 662 2082 tates
704 2019 956 2083 efﬁcias.
985 2018 1059 2082 Et
1107 2037 1296 2082 unum
1340 2018 1642 2083 laubabile
1690 2026 1807 2094 est,
1840 2034 1973 2079 cum
2006 2022 2170 2076 recte

2263 2036 2332 2089 αη
2362 2016 2638 2093 θεότητος,
2672 2021 2707 2087 ἡ
2738 2017 2984 2099 διαίρεσις

509 2099 801 2173 intellitur
833 2116 935 2175 :et
963 2107 1101 2186 tria,
1136 2126 1272 2171 cum
1298 2114 1465 2172 recte
1495 2108 1963 2189 distinguuntur;
1998 2121 2239 2185 nempe,
2274 2120 2408 2164 cum
2443 2121 2830 2184 personarum
2864 2109 3167 2174 distinctio
3198 2112 3351 2175 facta
3379 2112 3580 2193 fuerit,
3604 2131 3722 2175 non
3745 2111 3905 2173 divi-

512 2197 744 2261 uitatis.

590 2284 946 2351 XXIIIJIasc
976 2294 1035 2353 et
1059 2287 1225 2351 laicis
1254 2285 1743 2371 prmscribo,ha3c
1779 2295 1840 2348 et
1868 2282 2174 2366 presbyte-

512 2374 600 2439 ris
618 2376 861 2459 mando,
893 2377 1022 2441 huic
1048 2386 1108 2441 et
1134 2378 1230 2454 iis,
1256 2376 1472 2460 quibus
1519 2376 1843 2459 imperium
1877 2374 2170 2438 creditum

516 2464 857 2531 est.0mnes
883 2476 1065 2531 rectm
1094 2467 1382 2531 doctrinas
1410 2484 1586 2549 opem
1613 2463 2035 2549 ferte,qui,Dei
2064 2463 2170 2525 be-

512 2555 754 2629 neﬁcio,
785 2574 960 2638 apem
989 2557 1151 2621 ferre
1201 2555 1477 2639 potestis.
1511 2559 1793 2635 Magnum
1825 2562 1917 2618 est
1944 2554 2170 2617 eadem

511 2645 1301 2728 comprimere,adulterium
1314 2645 1839 2710 coercere.furtum
1856 2643 2169 2724 castigare;

510 2734 699 2799 multo
718 2736 911 2817 majus
933 2736 1215 2819 pietatem
1238 2736 1577 2814 sancire,ac
1599 2753 1803 2798 sanam
1838 2732 2170 2795 doctrinam

509 2824 869 2906 largiri.Non
901 2834 1091 2890 tantas
1109 2826 1268 2888 vires
1297 2843 1496 2888 sermo
1526 2843 1697 2888 meus
1722 2822 2033 2886 habiturus
2057 2828 2168 2897 est,

509 2931 619 2997 pro
651 2922 858 2983 sancta
884 2915 1175 2979 Trinitate
1206 2915 1433 2979 bellum
1484 2932 1730 2995 gerens,
1762 2920 2015 2992 quantas
2046 2910 2173 2974 edi-

513 3011 675 3067 ctum
702 3004 954 3088 tuum,si
983 3004 1281 3088 perversis
1307 3004 1685 3085 dogmatibus
1714 3001 1976 3064 imbutos
2005 3019 2172 3063 com-

516 3094 829 3175 presseris,
862 3093 913 3156 si
938 3094 1359 3177 persecutione
1388 3092 1689 3175 oppressis
1715 3091 1997 3155 auxilium
2028 3090 2175 3152 tule-

512 3182 622 3265 ris,
655 3184 707 3246 si
734 3181 1157 3247 interfectores
1184 3180 1327 3245 660
1373 3181 1761 3265 represseris,
1814 3180 1866 3242 si
1916 3178 2174 3243 interﬁci

514 3270 921 3354 prohibueris.
946 3270 1033 3335 De
1061 3288 1351 3354 corporea
1374 3279 1575 3334 autem
1605 3271 1769 3333 caede
1800 3287 1921 3331 non
1945 3276 2172 3331 tantum

514 3361 750 3445 loquor,
783 3364 890 3427 sed
913 3363 1091 3428 etiam
1118 3360 1194 3425 de
1223 3360 1538 3444 spirituali.
1590 3358 1782 3424 Omne
1833 3360 1992 3423 enim
2026 3376 2170 3440 pec-

513 3459 740 3534 catum,
768 3452 983 3515 animat
1010 3468 1174 3515 mors
1201 3458 1316 3517 est.
1348 3450 1549 3531 Atque
1594 3449 1693 3514 hic
1723 3450 1905 3513 ﬁnem
1962 3448 2177 3511 habeat

514 3542 731 3606 oratio.

594 3629 799 3695 XXIV.
828 3631 1146 3717 Reliquum
1178 3640 1291 3710 est,
1325 3639 1393 3695 ut
1421 3649 1527 3714 pro
1557 3631 1656 3713 iis,
1676 3630 1779 3713 qui
1808 3630 1925 3692 huc
1951 3647 2173 3692 conve-

515 3728 754 3798 nerunt,
778 3729 979 3784 votum
1013 3721 1455 3785 faciemus.Viri
1474 3720 1654 3784 simul
1684 3728 1743 3783 et
1766 3719 2177 3800 uxores,prin-

513 3808 678 3895 cipes
708 3818 769 3873 et
795 3809 1232 3890 subditi,senes
1252 3819 1313 3874 et
1341 3811 1757 3875 adolescentes
1791 3828 1859 3873 ac
1888 3808 2174 3890 virgines,

513 3917 724 3965 omnes
752 3900 1013 3982 cujusvis
1040 3899 1255 3983 atatis,
1287 3899 1671 3982 dispendium
1702 3898 1944 3981 quidem
1974 3916 2044 3960 ac
2066 3897 2177 3959 de-

513 3988 860 4052 trimentum
893 3997 1229 4067 omne,tum
1260 3990 1321 4053 in
1350 3989 1624 4072 pecuniis
1668 3997 1727 4054 et
1773 3987 2169 4063 facultatibus,

512 4086 640 4141 tum
670 4079 736 4141 in
760 4078 1118 4160 corporibus
1164 4098 1335 4162 aequo
1366 4080 1566 4143 animo
1607 4079 1759 4144 t‘erte
1787 4100 1802 4144 :
1838 4080 1951 4143 hoc
1974 4086 2174 4141 autem

510 4183 698 4230 unum
733 4185 1041 4251 nunquam
1074 4169 1410 4251 patiamini,
1444 4177 1512 4232 ut
1536 4169 1858 4232 divinitatis
1878 4171 2175 4251 jacturam

512 4254 765 4321 faciatis.
796 4256 996 4321 Adero
1022 4259 1471 4342 Patrem,adoro
1494 4257 1739 4337 Filium,
1772 4260 1957 4323 adoro
1989 4257 2179 4340 Spiri-

509 4350 641 4409 tum
670 4355 970 4432 sanctum;
996 4347 1430 4431 vel,utrectius
1461 4347 2175 4431 dicam,adoramus,ego,

511 4433 615 4517 qui
645 4436 773 4500 haec
800 4436 1105 4522 loquor,et
1152 4447 1292 4502 ante
1346 4457 1580 4515 omnes,
1612 4447 1671 4503 et
1699 4448 1831 4521 post
1858 4458 2089 4522 omnes,
2123 4444 2183 4501 et

508 4542 650 4589 cum
677 4526 981 4607 omnibus,
1012 4528 1075 4591 in
1105 4528 1237 4611 ipso
1272 4527 1523 4592 Domino
1573 4526 1809 4593 Christo
1841 4538 2041 4595 nostro
2086 4527 2180 4593 cui

510 4611 702 4695 gloria
730 4623 791 4680 et
810 4616 1133 4700 imperium
1163 4619 1223 4683 in
1255 4618 1504 4682 saacula.
1538 4617 1758 4686 Amen.

509 4860 512 4863 λ
590 4827 657 4883 σε
685 4830 874 4901 Hebr.
896 4849 1005 4917 xu,
1039 4834 1136 4898 15.

586 5068 725 5156 (69)
751 5069 1019 5156 :Evoxlﬁ,
1044 5070 1150 5156 Sic
1170 5070 1293 5134 duo
1324 5071 1693 5156 Regg.,tres
1719 5074 1885 5139 Coln.
1905 5124 1923 5154 ,
1946 5072 2050 5140 Or.
2080 5082 2105 5137 1
2130 5082 2191 5138 et

510 5094 725 5215 ϐο(ου)
772 5094 1012 5214 avget}.
1044 5094 1141 5133 διο
1170 5094 1250 5134 au

597 5150 722 5216 mh.
751 5148 819 5214 In
924 5194 968 5226 .,
1002 5151 1250 5226 ἐνοχλεῖ.

595 5230 725 5317 (βε)
752 5231 1059 5317 meme.
1091 5230 1242 5317 Bes-
1278 5231 1405 5317 ιω.
1439 5236 1709 5317 ἀριανιτν.

595 5310 715 5393 (69)
746 5310 1061 5393 Ιξῐρμιτθιετῶἐ
1091 5310 1255 5393 Reg.
1283 5310 1320 5375 b
1355 5321 1416 5377 et
1448 5310 1551 5381 Or.
1588 5320 1647 5391 1,
1684 5320 1937 5381 νουθετῶ.

624 5382 705 5453 63
765 5382 990 5459 ”όσοις.
1036 5390 1103 5454 In
1179 5382 1524 5479 nibusdam,
1560 5382 1673 5460 οῖέ.

597 5390 735 5628 (ΜΞ
755 5473 1108 5577 ξωφρονίσαι,
1137 5412 1299 5613 ἓως,
1324 5478 1452 5554 bm,
1485 5498 1668 5559 σωφρο

626 5547 707 5612 65
801 5558 1107 5628 Επεχῃς...
1160 5577 1239 5613 κω
1273 5579 1397 5628 unc.
1454 5557 1521 5621 In
1571 5574 1673 5620 nor

621 5470 728 5613 ειξ
755 5473 1108 5569 Σωφρονίσαι.
1141 5470 1290 5613 Reg.
1324 5478 1452 5554 bm,
1485 5470 1859 5569 σωφρονῆσαι..

626 5547 707 5612 65
778 5551 1107 5613 Ἐπεγης...
1160 5577 1239 5613 κω
1273 5556 1397 5613 dna.
1454 5557 1521 5613 In
1571 5554 1859 5613 nonnulli:

626 5547 728 5622 65)
778 5547 1107 5635 Ἐπῖχῃς..’.
1160 5547 1239 5613 κω

1273 5556 1397 5636 ύῃς.
1454 5557 1521 5621 In
1571 5554 1903 5640 nonnullis,
1961 5556 2186 5638 ἰπέχοις

2338 2284 2471 2348 Kl".
2526 2295 2698 2346 Ταῦτα
2739 2290 2827 2345 καὶ
2857 2289 3075 2355 λα’ίκοῖς
3110 2294 3382 2365 νομοθετῶ
3410 2292 3553 2366 (62),
3600 2303 3765 2352 ταῦτα
3815 2291 3906 2346 καὶ

2254 2372 2622 2455 πρεσϐυτέροις
2672 2378 3011 2460 ἐντέλλομαι,
3068 2381 3232 2438 ταῦτα
3293 2383 3529 2447 καὶτοῖς
3562 2380 3751 2463 ἄρχειν
3798 2402 3907 2437 πε·-

2255 2465 2649 2542 πιστευμένοις,
2714 2471 3021 2540 Βοηθήσατε
3080 2479 3156 2545 τῷ
3186 2470 3336 2550 λόγῳ
3365 2474 3557 2539 πάντες
3597 2472 3742 2529 ὅσοις
3774 2470 3909 2546 (63)

2254 2556 2317 2611 τὸ
2359 2553 2606 2615 δύνασθαι
2666 2558 2886 2634 βοηθεῖν
2935 2559 2997 2616 ἐκ
3066 2561 3221 2623 Θεοῦ.
3258 2562 3406 2640 Μέγα
3440 2565 3596 2644 φόνον
3626 2562 3906 2641 ἐπισχεῖν,

2254 2646 2340 2701 καὶ
2411 2646 2663 2727 μοιχείαν
2711 2647 2960 2723 κολάσαι,
3005 2651 3091 2707 καί
3154 2651 3363 2720 κλοπὴν
3413 2655 3729 2733 σωφρονίσαι
3762 2651 3905 2724 (θῖιγ

2255 2733 2441 2811 πολλῷ
2492 2736 2694 2810 μᾶλλον
2764 2738 3034 2795 εῦσέὃειαν
3104 2744 3482 2822 νομοθετῆσαι,
3519 2745 3607 2799 καὶ
3648 2744 3772 2816 ὑγιῆ
3807 2740 3909 2797 λόο

2255 2846 2349 2901 γον
2383 2827 2722 2906 χαρίσασθαι.
2759 2832 2831 2887 Οὐ
2884 2836 3130 2887 τοσοῦτον
3180 2832 3208 2887 ὁ
3259 2830 3386 2907 ἐμὸς
3446 2832 3603 2909 λόγος
3675 2830 3907 2900 δυνήσε-

2255 2937 2342 2971 ται
2390 2917 2641 2992 πολεμῶν
2708 2919 2837 2998 ὑπὲρ
2893 2924 2991 2986 τῆς
3036 2920 3189 2997 ἁγίας
3219 2920 3462 3000 Τριάδος,
3496 2920 3621 2977 ὅσον
3648 2923 3709 2976 τὸ
3738 2920 3911 2995 πρόσ-

2256 3027 2459 3084 ταγμα,
2534 3006 2623 3065 ἐὰν
2673 3008 3017 3085 ἐπιστομίζῃς
3074 3011 3194 3074 τοὺς
3268 3017 3445 3074 κακῶς
3501 3011 3750 3089 ἔχοντας,
3810 3008 3907 3063 ἐὰν

2257 3095 2457 3172 βοηθῇς
2488 3111 2607 3163 τοῖς
2658 3096 3029 3174 διωκομένοις,
3102 3099 3193 3155 ἐὰν
3222 3100 3341 3162 τοὺς
3387 3100 3638 3179 φονευτὰς
3669 3098 3907 3177 ἐπέχῃς,

2256 3186 2349 3241 εὰν
2407 3185 2618 3264 κωλύῃς
2680 3186 2800 3255 (65)
2827 3189 2889 3244 τὸ
2918 3189 3247 3268 φονεύεσθαι.
3281 3190 3434 3267 Λέγω
3462 3187 3540 3261 δὲ,
3574 3192 3634 3247 οὗ
3669 3189 3762 3243 τὸν
3801 3208 3909 3243 σω-

2258 3277 2484 3349 ματικὸν
2543 3278 2706 3352 μόνον
2752 3275 2905 3357 (66),
2939 3276 3076 3333 ἅλλὰ
3099 3280 3186 3334 καὶ
3215 3278 3307 3335 τὸν
3340 3276 3599 3357 ψυχικόν,
3638 3282 3787 3332 Πᾶσα
3806 3275 3914 3352 γὰρ

2257 3364 2508 3443 ἁμαρτία,
2566 3366 2787 3429 θάνατός
2836 3366 2946 3424 ἐστι
3004 3368 3214 3448 ψυχῆς,
3280 3368 3453 3449 Μέχρι
3510 3367 3707 3423 τούτων
3747 3366 3775 3421 δ
3804 3363 3910 3421 λό’

2258 3476 2351 3533 γος
2385 3457 2587 3527 στήτω.

2342 3634 2473 3697 ΚΔ’.
2508 3637 2713 3693 Λοιπὸν
2746 3635 2867 3715 (67)
2909 3634 2965 3692 δὲ
2996 3635 3132 3694 ἔστω
3161 3637 3291 3715 ὑπὲρ
3344 3636 3448 3692 τῶν
3480 3633 3915 3702 συνεληλυθότων

2257 3727 2420 3805 εὐχή,
2481 3725 2715 3800 ’Ἄνδρες
2776 3726 2912 3802 ὁμοῦ
2946 3727 3033 3783 καὶ
3086 3740 3362 3805 γυναῖκες,
3414 3725 3708 3805 ἀρχόμενοί
3740 3745 3790 3780 τε
3821 3724 3919 3779 καὶ

2259 3813 2544 3895 ἄρχοντες,
2604 3814 2891 3893 πρεσϐῦται
2944 3817 3030 3872 καὶ
3097 3816 3358 3873 νεανίσκοι
3431 3816 3565 3890 μετὰ
3617 3811 3916 3887 παρθένων,

2260 3910 2366 3960 πᾶν
2396 3903 2546 3983 γένος
2589 3904 2821 3984 ἡλικίας,
2872 3912 3047 3962 πᾶσαν
3120 3908 3217 3980 μὲν
3295 3904 3476 3985 φέρετε
3536 3904 3753 3981 ζημίαν,
3811 3902 3921 3969 τὴν

2261 3994 2334 4058 εἰς
2379 3995 2661 4074 χρήματα,
2722 3995 2820 4062 τὴν
2881 3997 2954 4059 είς
3019 3997 3266 4071 σώματα’
3340 3994 3396 4050 ἕν
3443 3992 3499 4049 δὲ
3553 3994 3631 4063 μὴ
3700 3990 3923 4057 δέξησθε

2260 4083 2446 4159 μόνον,
2502 4085 2601 4151 τὴν
2656 4085 2882 4151 θεότητα
2938 4086 3307 4160 ζημιούμενοι,
3359 4088 3645 4161 Προσκυνῶ
3680 4079 3917 4159 Πατέρα,

2261 4178 2531 4252 προσκυνῆ
2571 4174 2662 4230 τὸν
2722 4174 2867 4249 rte»,
2932 4180 3209 4252 προσκυνῶ
3259 4175 3321 4231 τὸ
3353 4180 3565 4248 Πνεῦμα
3621 4173 3682 4228 τὸ
3737 4170 3920 4249 ἅγιον

2262 4261 2469 4338 μᾶλλον
2540 4260 2596 4319 δὲ
2665 4274 3078 4343 προσκυνοῦμεν,
3144 4263 3252 4343 ἐγὼ
3298 4264 3387 4320 καὶ
3443 4262 3545 4338 πρὸ
3599 4262 3833 4331 πὰντων,
3896 4262 3927 4317 ὁ

2262 4375 2428 4410 ταυτα
2486 4352 2683 4433 λέγων,
2744 4354 2853 4434 ἐγὼ
2893 4354 2981 4411 καὶ
3066 4356 3201 4431 μετὰ
3260 4355 3461 4418 πάντας
3492 4355 3579 4409 καὶ
3609 4354 3699 4408 σὺν
3731 4356 3928 4426 πᾶσιν,

2263 4443 2317 4500 ἒν
2390 4447 2533 4519 αῦτῴ
2580 4450 2657 4519 τῷ
2690 4446 2861 4523 Κυρίῳ
2906 4452 2980 4519 τῷ
3022 4449 3231 4523 Χριστῷ
3262 4442 3386 4523 (68)
3421 4443 3601 4522 ὖιμῶν,
3655 4445 3701 4515 ᾧ
3728 4442 3764 4508 ἡ
3796 4438 3933 4507 δόξα

2264 4532 2354 4591 καί
2381 4534 2444 4590 τὸ
2473 4534 2665 4613 κράτος
2696 4534 2769 4600 εἷς
2799 4535 2921 4599 τοὺς
2951 4534 3169 4596 αἰῶνας.
3205 4533 3402 4608 Ἀμήν,

2202 4606 2247 4659 D

2356 5072 3090 5244 (ἓιίςῖωέἶιιῖἓι.αιτικίἐνμόνονλ
3112 5147 3392 5244 S‘ic.
3444 5144 3544 5207 bm
3588 5144 3941 5244 'etI‘Co‘mb.

2271 5224 2374 5299 Sic
2402 5224 2580 5295 etiam
2618 5233 2759 5311 legit
2787 5224 3021 5298 Bil‘lius.
3046 5224 3385 5311 Gabrielius
3410 5244 3555 5311 vero
3588 5225 3747 5311 legit,
3780 5224 3945 5311 λέγω

2269 5316 2323 5373 δὲ
2357 5314 2539 5395 φόνον,
2573 5315 2632 5373 οὗ
2676 5308 2767 5373 τὸν
2800 5315 3105 5390 σωματικὸν
3161 5309 3347 5388 μόνον,
3408 5310 3587 5372 Deest
3628 5308 3791 5383 μόνον
3869 5308 3944 5370 in

2272 5396 2480 5557 edim)
2517 5476 2735 5541 Λοιπόν.
2760 5474 2827 5539 In
2859 5472 3239 5557 quibusdam,
3274 5468 3574 5557 fciat-now.

2380 5477 2480 5545 67)
2517 5477 2735 5541 Λοιπόν,
2760 5477 2827 5539 In
2859 5477 3239 5557 quibusdam,
3274 5477 3336 5526 τὸ
3364 5477 3574 5527 λοιπόν.

2352 5477 2483 5637 (68)
2516 5564 2603 5633 Τῷ
2635 5560 2865 5634 Χριστῷ.
2901 5557 3058 5636 Reg.
3087 5554 3189 5616 bm
3221 5548 3406 5626 addit,
3439 5551 3525 5607 κ,ὶ
3556 5556 3632 5624 τῷ
3664 5554 3802 5625 Θεῷ.
