4158 6444
574 356 694 426 323

1817 363 1876 426 S.
1925 363 2290 429 GREGORII
2337 361 2725 432 THEOLOGI

3854 364 3978 430 324

565 517 748 572 mam,
775 500 1002 581 Deique
1025 501 1342 581 imaginem
1379 501 1684 583 Scriptura
1708 500 1925 582 vocat),
1952 501 2104 562 velut
2128 499 2217 562 al-

2305 502 2421 558 οἷόν
2465 525 2581 560 τινα
2623 502 2824 579 κόσμον
2867 503 3130 582 δεύτερον,
3191 503 3245 560 ἰν
3295 510 3471 583 μικρῷ
3501 505 3693 583 μέγαν,
3730 503 3815 561 επὶ
3861 503 3964 573 τῆς

570 596 762 650 terum
796 591 1114 670 quemdam
1173 593 1485 668 mundum,
1519 593 1577 652 in
1614 609 1786 670 parvo
1823 609 2122 669 magnum,
2162 591 2223 652 in

572 686 726 740 terra
752 678 1317 757 collocat,angelum
1340 680 1797 761 alium,mistum
1822 680 2219 761 adoratorem,

570 767 817 828 visibilis
850 778 1074 831 naturae
1105 780 1528 849 spectatorem,
1558 769 1922 831 intellectilis
1966 779 2219 850 mysten,

571 874 774 917 eorum
813 858 1076 938 quidem,
1115 879 1246 938 qua:
1280 859 1338 920 in
1374 867 1528 920 terra
1549 868 1708 939 sunt,
1735 877 1956 937 regem,
1987 859 2222 938 superis

569 956 766 1008 autem
794 947 1120 1025 subditum,
1148 957 1450 1009 terrenum
1478 957 1534 1008 et
1564 949 1891 1022 caelestem,
1929 950 2218 1011 caducum

570 1045 629 1096 et
652 1036 1365 1110 immortalem,visibilem
1393 1048 1448 1099 et
1475 1039 1933 1117 intelligibilem,
1956 1040 2218 1100 medium

568 1125 708 1184 670
729 1126 886 1187 inter
903 1127 1373 1204 magnitudinem
1400 1129 1860 1191 ethumilitatem
1880 1151 1895 1199 ;
1914 1129 2216 1207 eumdem,

565 1217 839 1296 spiritum
874 1226 933 1277 et
969 1235 1205 1280 carnem
1235 1241 1250 1290 ;
1300 1219 1599 1299 spiritum,
1634 1229 1872 1300 propter
1920 1221 2167 1296 gratiam
2200 1241 2215 1296 ;

562 1324 832 1384 carnem,
858 1305 934 1366 ob
957 1305 1332 1387 superbiam:
1367 1307 1538 1388 illud,
1574 1318 1636 1369 ut
1662 1328 1918 1380 maneai,
1945 1329 2010 1370 ac
2035 1309 2218 1370 bene-

560 1395 807 1456 factoris
831 1394 1077 1473 gloriam
1111 1398 1395 1476 praedicet
1421 1418 1437 1470 ;
1466 1397 1601 1475 hoc,
1631 1407 1692 1458 ut
1726 1409 1986 1477 vexetur,
2015 1419 2078 1458 ac
2115 1417 2219 1479 per

561 1484 905 1546 vexationes
935 1485 1347 1559 admoneatur,
1383 1496 1440 1548 et
1471 1487 1544 1548 ob
1585 1490 2048 1568 magnitudinem
2079 1489 2214 1566 glo-

559 1578 719 1635 rians
744 1573 1050 1635 erudiatur
1069 1584 1246 1655 atque
1266 1578 1586 1655 castigetur
1611 1579 1854 1653 ;anima|
1883 1579 1975 1639 hic
2002 1578 2221 1655 guber-

563 1674 789 1746 natum,
825 1673 1002 1746 atque
1060 1666 1174 1730 alio
1226 1667 1592 1749 demigrans,
1628 1679 1708 1743 et,
1741 1670 1897 1749 quod
1954 1663 2218 1750 mysterii

559 1761 895 1816 extremum
929 1763 1037 1829 est,
1065 1774 1171 1837 per
1201 1756 1384 1817 animi
1417 1759 1488 1819 ad
1522 1761 1712 1821 Deum
1750 1759 2212 1838 propensionem

2306 597 2408 669 γῆς
2453 592 2692 668 ἴστησιν,
2754 593 2984 672 ἄγγελον
3042 592 3227 666 ἄλλον,
3314 594 3686 672 προσκυνητην
3748 595 3962 669 μικτὸν,

2305 681 2546 749 έπόπτην
2605 687 2705 748 τῆς
2750 682 2944 763 ὁρατῆς
3003 683 3246 753 κτίσεως,
3279 683 3484 756 μύστην
3513 689 3610 750 τῆς
3643 683 3964 760 νοουμένης,

2304 769 2527 845 βασιλέα
2585 770 2693 827 τῶν
2747 772 2832 828 ἐπὶ
2891 770 3014 851 γῆς,
3091 770 3506 848 βασιλευόμενον
3568 773 3791 853 ἄνωθεν,
3838 771 3965 828 ἐπί-

2303 881 2447 938 γειον
2505 863 2592 918 καὶ
2657 861 2920 940 ούρανιον,
2988 860 3307 941 πρόσκαιρον
3349 863 3436 918 καὶ
3487 862 3765 937 ἀθάνατον,
3827 865 3965 942 ὁρα-

2306 951 2394 1005 τὸν
2454 953 2542 1007 καὶ
2599 953 2903 1032 νοούμενον,
2939 951 3104 1027 μέσον
3135 951 3387 1030 μεγέθους
3416 953 3505 1008 καὶ
3552 953 3962 1019 ταπεινότητος·

2303 1041 2395 1094 τὸν
2426 1040 2606 1115 αὒτὸν,
2655 1049 2861 1117 πνεῦμα
2916 1042 3002 1096 καὶ
3033 1041 3201 1119 σάρκα
3237 1057 3250 1071 '
3288 1048 3494 1116 πνεῦμα
3525 1040 3609 1097 διὰ
3638 1043 3740 1109 τὴν
3768 1041 3962 1122 χάριν,

2304 1130 2472 1208 σάρκα
2529 1129 2613 1186 διὰ
2655 1131 2755 1198 τῆν
2813 1130 3032 1210 ἔπαρσιν
3067 1146 3082 1160 ’
3129 1131 3190 1186 τό
3234 1130 3356 1211 μὲν,
3413 1129 3506 1186 ἵνα
3551 1130 3686 1208 μένῃ
3732 1135 3820 1187 καὶ
3865 1129 3964 1187 δο-

2303 1217 2428 1296 ξάζῃ
2486 1221 2578 1275 τὸν
2621 1220 2900 1298 εὐεργέτην
2933 1236 2948 1250 ⁶
3012 1221 3073 1276 τὸ
3117 1219 3195 1300 δὲ,
3269 1220 3362 1277 ἵνα
3421 1221 3642 1301 πάσχῃ,
3701 1223 3788 1277 καὶ
3849 1221 3963 1277 πάο

2303 1332 2455 1389 σχων
2484 1307 2613 1389 (28)
2651 1311 3127 1385 ὑπομιμνήσκηται
3160 1311 3248 1366 καὶ
3297 1307 3611 1377 παιδεύηται
3643 1317 3719 1384 τῷ
3749 1310 3965 1389 μεγέθει

2301 1399 2745 1480 φιλοτιμούμενος
2783 1398 2909 1478 (29)
2949 1415 2963 1428 ⁹
3021 1406 3156 1470 ζῶον
3214 1399 3436 1456 ἐνταῦθα
3492 1401 3964 1479 οἰκονομούμενοι,

2299 1491 2387 1546 καὶ
2442 1488 2691 1568 ἀλλαχοῦ
2742 1489 3151 1568 μεθιστάμενον,
3203 1489 3292 1545 καὶ
3345 1487 3508 1567 πέρας
3545 1497 3639 1546 τοῦ
3670 1490 3968 1566 μυστηρίου

2301 1580 2369 1654 τῇ
2402 1578 2531 1658 πρὸς
2567 1581 2697 1634 Θεὸν
2747 1580 2916 1634 νεύσει
2961 1578 3263 1652 θεούμενυν.
3321 1579 3406 1642 Εἲς
3478 1584 3633 1635 τοῦτο
3682 1579 3784 1657 γὰρ
3836 1578 3967 1654 ἐμοὶ

2303 1667 2445 1748 φέρει
2505 1669 2566 1723 τὸ
2636 1667 2849 1746 μέτριον
2930 1667 3150 1725 ένταῠθα
3225 1666 3424 1746 φέγγος
3513 1667 3611 1734 τῆς
3685 1667 3963 1747 ἀληθείας,

2302 1757 2658 1836 λαμπρότητα
2688 1763 2818 1812 Θεοῦ
2847 1758 2934 1813 καὶ
2965 1755 3098 1814 ἰδεῖν
3124 1758 3216 1814 καὶ
3244 1757 3464 1830 παθεῖν,
3527 1755 3676 1822 ἀξίαν
3726 1759 3820 1812 τοὺ
3880 1759 3968 1813 καὶ

556 1843 924 1904 divinitatem
953 1863 1349 1925 consequens.
1369 1847 1456 1909 Eo
1483 1848 1641 1909 enim
1673 1848 2094 1909 mihiveritatis
2118 1847 2216 1908 ille

2305 1845 2684 1926 συνδήσαντος,
2731 1847 2820 1902 καὶ
2876 1845 3126 1909 λύσοντος
3172 1844 3328 1926 (30),
3379 1849 3469 1902 καὶ
3495 1848 3640 1910 αὖθις
3672 1844 3966 1918 συνδήσον-

555 1934 867 2012 Splendor,
901 1953 1080 2015 quem
1131 1937 1224 1996 hic
1267 1936 1482 2016 exigue
1533 1938 1867 2013 haurimus,
1905 1938 2114 2012 tendit,
2155 1946 2219 2002 ut

2300 1958 2390 2002 τος
2413 1934 2767 2014 ὑψηλότερον.

555 2021 657 2085 Dei
690 2023 1019 2085 claritatem
1047 2031 1105 2086 et
1132 2025 1393 2106 videam,
1430 2035 1486 2087 et
1509 2027 1788 2102 sentiam,
1824 2028 2064 2107 dignam
2100 2047 2197 2110 eo,
2223 2025 2349 2109 qui,
2373 2032 2432 2088 et
2452 2024 2831 2106 constrinxit,
2866 2031 2924 2087 et
2951 2024 3260 2102 dissolvet,
3284 2042 3352 2087 ac
3370 2042 3609 2087 rursum
3636 2024 3963 2087 sublimius

555 2113 886 2191 colligabit.

641 2201 765 2264 ΧΠ.
796 2205 964 2264 Hunc
990 2202 1221 2270 arbitrii
1251 2204 1524 2267 libertate
1553 2206 1833 2267 donatum
1864 2206 1954 2285 (ut
1986 2205 2213 2267 bonum

562 2312 679 2353 non
711 2291 906 2353 minus
929 2292 1088 2352 illius
1113 2302 1294 2369 esset,
1318 2295 1419 2375 qui
1443 2295 1936 2375 elegisset,quam
1961 2293 2217 2375 ejus,qui

562 2383 791 2443 semina
815 2383 1284 2466 praebuisset),in
1307 2385 1954 2465 paradiso,quicunque
1978 2384 2213 2447 tandem

563 2481 688 2533 erat
712 2473 1017 2553 paradisus
1049 2474 1172 2547 ille,
1200 2475 1532 2555 collocavit,
1561 2475 1892 2555 plantarum
1915 2474 2221 2536 immorta-

565 2563 704 2622 lium
736 2563 1050 2639 cultorem,
1080 2565 1190 2626 hoc
1214 2574 1326 2639 est,
1357 2566 1604 2627 fortasse
1629 2567 1959 2628 divinarum
1989 2567 2217 2644 cogita-

563 2653 816 2733 tionutn,
843 2663 956 2714 tam
979 2654 1623 2736 simpliciorum,quam
1652 2655 2220 2737 perfectiorum,nu-

560 2743 724 2817 dum,
753 2752 1038 2822 quantum
1069 2744 1139 2803 ad
1182 2746 1627 2826 simplicitatem
1681 2755 1738 2807 et
1769 2747 1948 2806 vitam
2003 2756 2129 2807 arte
2161 2753 2219 2807 et

561 2832 695 2894 l'uco
719 2842 1049 2907 carentem,
1075 2841 1253 2910 atque
1281 2839 1473 2897 omnis
1506 2836 1901 2915 integumenti
1933 2845 1988 2897 et
2025 2835 2216 2896 muni-

563 2922 746 2983 menti
775 2932 1112 3002 expertem.
1138 2925 1338 2990 Talem
1376 2926 1532 2986 enim
1568 2945 1701 2986 eum
1728 2945 1862 2987 esse
1889 2926 2216 2988 convenie-

565 3010 683 3082 bat,
719 3014 818 3090 qui
871 3013 1130 3091 primum
1183 3024 1340 3078 esset
1381 3024 1636 3076 creatus.
1677 3017 1758 3077 Ac
1796 3017 2010 3094 legem,
2048 3013 2218 3095 quasi

566 3101 1094 3176 materiam,libero
1112 3103 1360 3166 arbitrio
1379 3105 1702 3166 tradit.l,ex
1727 3116 1924 3168 autem
1944 3106 2046 3167 illa
2070 3123 2219 3185 prae-

563 3199 798 3269 ceptum
831 3201 980 3264 erat,
1013 3212 1126 3271 quo
1159 3194 1676 3274 prmwribehatur,
1712 3204 1831 3255 tum
1868 3195 2086 3275 quibus
2126 3211 2222 3255 ar-

566 3280 808 3340 boribus
838 3280 893 3341 ei
926 3282 1210 3342 utendum
1241 3292 1417 3363 esset,
1447 3292 1567 3343 tum
1594 3303 1625 3344 a
1654 3303 1768 3364 qua
1798 3303 2008 3345 manus
2037 3282 2218 3344 absti-

2383 2203 2495 2263 lB'.
2530 2211 2723 2262 Τοῦτον
2757 2202 2881 2284 (31)
2919 2204 3063 2262 ἔθετο
3090 2206 3189 2281 μὲν
3217 2205 3270 2261 έν
3299 2211 3378 2279 τῷ
3425 2205 3749 2283 παραδείσῳ,
3805 2205 3955 2268 ὅστις

2300 2295 2431 2351 ποτὲ
2462 2293 2526 2362 ῆν
2559 2295 2585 2351 ὁ
2618 2293 2935 2373 παράδεισος
2987 2295 3164 2371 οὗτος,
3219 2300 3296 2369 τῷ
3340 2294 3656 2368 αὐτεξουσίιῇ
3697 2297 3960 2371 τιμήσας,

2299 2385 2376 2440 ’ἶν’
2423 2385 2458 2452 ἦ
2516 2391 2610 2441 τοῦ
2662 2383 2918 2460 ἑλομένου
2963 2387 3024 2441 τὸ
3054 2385 3251 2462 ἀγαθὸν
3283 2389 3388 2465 οὐχ
3416 2385 3577 2453 ἧττον
3607 2385 3644 2454 ἢ
3675 2392 3766 2443 τοῦ
3797 2407 3965 2464 παρα-

2305 2474 2536 2553 σχόντος
2593 2474 2659 2529 τὰ
2719 2473 3020 2552 σπέρματα,
3096 2475 3272 2554 φυτῶν
3349 2475 3622 2534 ἀθανάτων
3699 2477 3961 2553 γεωργὸν,

2302 2565 2454 2621 θείων
2509 2563 2731 2620 ἐννοιῶν
2789 2564 2947 2640 ἴσως,
2995 2570 3101 2620 τῶν
3160 2585 3217 2620 τε
3302 2563 3672 2644 ἁπλουστέρων
3717 2566 3805 2620 καὶ
3857 2570 3964 2621 τῶν

2300 2654 2660 2732 τελεωτέρων,
2695 2656 2894 2732 γυμνὸν
2923 2655 3010 2710 καὶ
3040 2653 3303 2721 ἁπλότητι
3333 2656 3422 2710 καὶ
3479 2661 3592 2732 ζωῇ
3725 2654 3965 2734 ἀτέχνῳ,

2301 2745 2387 2800 καὶ
2450 2743 2579 2823 δίχα
2636 2745 2835 2805 παντὸς
2894 2742 3336 2819 έπικαλύμματος
3397 2746 3484 2800 καὶ
3554 2742 3962 2820 προϐλήματος.

2301 2839 2548 2890 Τοιοῦτον
2590 2835 2690 2912 γὰρ
2722 2831 2946 2911 ἔπρεπεν
2979 2832 3124 2890 εῖναι
3180 2834 3270 2889 τὸν
3314 2832 3409 2890 ἀπ’
3471 2833 3675 2913 ἀρχῆς.
3731 2834 3831 2891 Καὶ
3879 2831 3964 2889 δί-

2299 2919 2428 2978 δωσι
2491 2923 2681 2998 νόμον,
2743 2922 2878 2988 ὕλην
2941 2929 3019 2996 τῷ
3078 2921 3411 2996 αὖτεξουσίῳ.
3465 2913 3524 2981 Ὀ
3581 2921 3632 2978 δὲ
3675 2923 3834 2996 νόμος
3895 2925 3966 2988 ἧν

2299 3009 2514 3086 ἐντολὴ,
2557 3013 2632 3066 ὧν
2689 3031 2746 3066 τε
2807 3010 3182 3086 μεταληπτέον
3225 3015 3372 3086 αὒτῷ
3421 3017 3617 3092 φυτῶν,
3670 3012 3756 3066 καὶ
3787 3011 3848 3066 οὗ
3877 3011 3966 3085 μὴ

2301 3099 2665 3178 προσαπτέον.
2719 3102 2790 3158 Τὸ
2849 3099 2903 3156 δὲ
2947 3101 3013 3168 ἦν
3066 3102 3129 3156 τὸ
3160 3099 3311 3166 ξύλον
3359 3107 3458 3168 της
3513 3101 3784 3180 γνώσεως,
3838 3098 3963 3156 οὕτε

2302 3189 2548 3271 φυτευθὲν
2580 3187 2674 3247 ἀπ’
2705 3189 2882 3269 ἀρχῆς
2928 3195 3131 3265 κακῶς,
3195 3191 3310 3247 οὔτε
3361 3191 3717 3270 ἀπαγορευθὲν
3770 3193 3964 3271 φθονε-

2304 3285 2411 3357 ρῶς
2460 3278 2563 3358 (μὴ
2594 3281 2956 3354 πεμπέτωσαν
3013 3279 3128 3336 ἐκεῖ
3170 3281 3265 3344 τὰς
3317 3279 3564 3359 γλώσσας
3595 3283 3643 3336 οἱ
3672 3279 3962 3358 θεομάχοι,

564 3369 794 3430 ηεῐιιιω.
823 3372 899 3431 Ea
925 3388 1098 3450 porro
1130 3381 1257 3432 erat
1279 3373 1542 3434 scientiaa
1562 3374 1763 3446 arbor,
1793 3393 1910 3434 non
1947 3373 2043 3433 illa
2079 3373 2217 3453 qui-

2305 3367 2445 3445 μηδὲ
2481 3371 2569 3426 τὸν
2599 3367 2718 3446 ὅφιν
2749 3368 3140 3444 μιπείσθωσαν)
3169 3385 3186 3402 ⁹
3250 3368 3388 3425 ἀλλὰ
3417 3367 3580 3426 καλὸν
3624 3369 3723 3446 μὲν
3775 3367 3963 3423 εὒκαί-

564 3458 726 3534 dem,
747 3469 845 3521 aut
864 3459 1016 3521 male
1037 3479 1070 3520 a
1095 3461 1384 3543 principio
1407 3463 1657 3543 consita,
1680 3473 1778 3524 aut
1807 3481 1912 3544 per
1933 3462 2218 3523 invidiam

563 3548 881 3610 interdicta
897 3552 991 3628 (ne
1011 3549 1152 3611 illuc
1169 3551 1403 3636 linguas
1418 3571 1556 3615 suas
1578 3553 1681 3616 Dei
1699 3555 1899 3615 hostes
1917 3552 1972 3612 in
1974 3552 2217 3633 jiciant,

563 3656 673 3700 nec
689 3647 1027 3719 serpentem
1043 3641 1516 3722 imitentur),sed
1539 3644 1692 3706 bona
1707 3644 2216 3726 quidem,tempe-

563 3729 708 3789 stive
722 3733 1937 3816 percepta(contemplationisenim,utipse
1953 3740 2219 3794 contem-

561 3818 780 3898 plando
807 3837 1118 3903 assequar,
1145 3823 1268 3886 haec
1299 3823 1480 3885 arbor
1508 3834 1657 3904 erat,
1683 3824 1756 3885 ad
1783 3843 1959 3905 quam
1985 3823 2060 3883 iis
2081 3821 2224 3884 solis

563 3917 722 3970 tutus
735 3917 822 3970 est
835 3912 1244 3990 ascensus,qui
1258 3912 1654 3974 animihabitu
1674 3912 2018 3993 perfectiori
2036 3923 2218 3993 sunt);

559 3996 1021 4079 haudquaquam
1035 4007 1232 4060 autem
1248 4000 1405 4062 bona
1416 4001 1883 4082 simplicioribus
1895 4001 2223 4062 adhucani-

559 4088 869 4166 mis.atque
880 4089 1145 4168 appetitu
1159 4090 1404 4152 avidiori
1421 4090 2218 4172 praeditis;quemadmodum

563 4195 674 4238 nec
690 4176 989 4256 perfectus
1004 4196 1072 4238 ac
1084 4179 1310 4242 solidus
1323 4179 1573 4241 cibusiis
1588 4181 1998 4262 conducit,qui
2013 4191 2220 4245 tenera

559 4265 1360 4348 adhucsuutaatatelacteque
1373 4289 1522 4351 opus
1534 4270 2098 4352 habent.Postquam
2113 4289 2223 4332 au-

561 4365 679 4416 tem
705 4353 926 4417 diaboli
960 4357 1204 4439 invidia,
1230 4368 1291 4420 et
1321 4361 1589 4421 mulieris
1610 4361 1848 4441 injuria,
1875 4379 2056 4437 quam
2077 4367 2218 4423 etut

562 4443 798 4506 mollior
813 4463 984 4526 passa
1003 4455 1180 4524 est,et
1206 4458 1264 4510 ut
1284 4449 1355 4510 ad
1379 4450 1860 4530 persuadendum
1877 4468 2216 4511 accommo-

560 4534 1043 4612 datior,admovit
1062 4546 1118 4608 (ο
1145 4538 1550 4602 infirmitatem
1577 4560 1768 4603 meam
1797 4548 1809 4604 ι
1839 4559 2032 4603 meam
2053 4540 2214 4602 enim

559 4626 712 4687 duco
738 4625 914 4706 primi
931 4629 1194 4708 parentis
1211 4629 1645 4712 inﬁrmitatem)
1671 4653 1685 4704 ;
1703 4631 1933 4711 accepti
1955 4631 2218 4693 mandati

565 4715 918 4778 memoriam
939 4717 1331 4797 abjecit,etab
1350 4720 1565 4783 acerba
1589 4740 1728 4782 esca
1746 4721 1937 4782 victus
1952 4729 2043 4783 est
2066 4729 2217 4782 :tum

2304 3478 2409 3534 ρως
2463 3455 3011 3536 μεταλαμϐανόμενον
3072 3457 3283 3538 (θεωρία
3341 3460 3442 3538 γὰρ
3519 3463 3583 3528 ἦν
3642 3460 3703 3517 τὸ
3775 3459 3968 3537 φυτὸν,

2304 3549 2377 3611 ὡς
2411 3550 2446 3616 ἡ
2485 3548 2582 3624 ἐμὲ
2611 3549 2825 3627 θεωρία,
2886 3549 2947 3616 ῆς
2997 3549 3182 3624 μόνοις
3227 3546 3514 3606 ἐπιϐαίνειν
3558 3547 3793 3628 ἀσφαλὲς
3838 3561 3962 3611 τοῖς

2303 3637 2402 3706 τὴν
2431 3637 2537 3703 ἕξιν
2581 3637 2978 3720 τελεωτέροις),
3013 3641 3074 3696 ού
3123 3638 3288 3696 καλὸν
3332 3637 3388 3695 δὲ
3430 3651 3552 3704 τοτς
3582 3637 3966 3717 ἁπλουστέροις

2304 3726 2405 3801 ἔτι,
2467 3729 2554 3784 καὶ
2613 3728 2710 3796 τὴν
2753 3727 2932 3805 ἔφεσιν
2975 3728 3341 3809 λιχνοτέροις,
3395 3729 3574 3809 ὥσπερ
3624 3726 3740 3786 ούδὲ
3790 3728 3966 3808 τροφὴ

2307 3815 2482 3873 τελεία
2513 3816 2796 3884 λυσιτελὴς
2827 3832 2947 3882 τοῖς
2981 3819 3212 3882 ἀπαλοις
3255 3819 3334 3876 ἔτι
3391 3822 3481 3876 καὶ
3528 3818 3797 3896 δεομένοις
3854 3819 3966 3896 γά-

2307 3905 2527 3971 λακτος.
2562 3907 2711 3964 Ἐπεὶ
2739 3905 2794 3963 δὲ
2844 3912 3019 3987 φθόνῳ
3062 3906 3329 3985 διαϐόλου,
3376 3911 3462 3964 καὶ
3509 3910 3756 3988 γυναικὸς
3815 3906 3963 3975 ἔπη-

2305 3996 2442 4076 ρείᾳ,
2472 3997 2539 4065 ἢν
2567 4017 2625 4053 τε
2656 3995 2847 4054 ἔπαθεν
2899 4001 2970 4064 ὡς
3031 3997 3374 4077 ἁπαλωτέρα,
3426 4000 3512 4055 καὶ
3565 4000 3634 4069 ἢν
3677 3998 3964 4076 προσήγα-

2305 4107 2396 4166 γεν
2455 4088 2528 4151 ὡς
2593 4086 2922 4167 πιθανωτέρα
2976 4086 3097 4168 (φεῦ
3147 4089 3245 4157 τῆς
3293 4089 3434 4166 ἐμῆς
3479 4087 3790 4153 ἀσθενείαςί
3853 4086 3965 4162 ἒμή

2303 4177 2404 4256 γὰρ
2453 4177 2489 4245 ἡ
2532 4184 2626 4233 τοῦ
2668 4177 3047 4256 προπάτορος),
3102 4179 3202 4245 τῆς
3248 4178 3348 4254 μὲν
3395 4178 3618 4246 ἐντολῆς
3676 4176 3965 4236 ἐπελάθετο

2303 4272 2402 4334 τῆς
2447 4265 2711 4340 δοθείσης,
2743 4267 2832 4322 καὶ
2860 4269 3068 4338 ἡττήθη
3121 4273 3220 4336 τῆς
3273 4275 3466 4348 πικρᾶς
3497 4269 3726 4348 γεύσεως
3762 4287 3778 4302 °
3826 4269 3965 4343 ὁμοῦ

2304 4355 2358 4414 δὲ
2389 4355 2519 4436 (32)
2550 4356 2642 4414 τοῦ
2669 4361 2768 4424 τῆς
2814 4362 2959 4428 ζωῆς
3017 4356 3190 4435 ξύλου,
3243 4361 3332 4415 καὶ
3381 4361 3476 4416 τοῦ
3504 4358 3842 4438 παραδείσω,
3875 4358 3967 4414 καὶ

2301 4457 2395 4507 τοῦ
2452 4455 2606 4522 Θεοῦ,
2646 4445 2732 4505 διὰ
2775 4451 2876 4514 τὴν
2906 4449 3095 4504 κακίαν
3139 4447 3402 4528 ἐξόριστος
3462 4451 3689 4528 γίνεται,
3721 4454 3808 4508 καὶ
3838 4454 3964 4517 τοὺς

2301 4537 2646 4618 δερματίνους
2688 4537 3036 4618 ἀμφιέννυται
3083 4546 3348 4620 χιτῶνας,
3403 4540 3538 4608 ἴσως
3586 4540 3684 4610 τῆν
3715 4544 3969 4622 παχυτέ-

2302 4651 2398 4708 ραν
2454 4628 2647 4706 σάρκα,
2705 4629 2798 4684 καὶ
2851 4630 3077 4708 θνητὴν,
3138 4631 3227 4687 καὶ
3269 4630 3549 4688 ἀντίτυπον
3583 4647 3596 4662 ·
3658 4632 3746 4686 καὶ
3803 4642 3968 4692 τοῦτο

2300 4725 2511 4793 πρῶτον
2570 4719 2824 4796 γινώσκει
2880 4720 2980 4787 τὴν
3028 4718 3162 4776 ἰδίαν
3207 4722 3493 4801 αἰσχύνην,
3526 4723 3614 4776 καί
3672 4719 3780 4776 ἀπὸ
3825 4729 3973 4781 Θεοῦ

561 4822 698 4898 vero
721 4805 897 4870 simul
921 4815 980 4869 et
999 4825 1033 4866 a
1063 4807 1220 4887 ligno
1247 4809 1403 4887 vitae,
1432 4819 1490 4872 et
1513 4829 1546 4872 a
1577 4812 1877 4893 paradiso,
1905 4819 1962 4872 et
1985 4810 2058 4873 ab
2083 4811 2214 4892 ipso

2305 4810 2610 4888 κρύπτεται,
2646 4806 2916 4898 Κερδαίνει
2975 4811 3073 4885 μέν
3106 4835 3156 4869 τι
3196 4811 3315 4891 (33)
3349 4813 3606 4868 κάνταῦθα
3637 4825 3650 4839 '
3711 4810 3804 4865 τὸν
3852 4810 3971 4866 θά-

554 4894 678 4956 Deo
698 4905 942 4978 propter
968 4907 1275 4976 peccatum
1300 4901 1707 4982 expellitur,et
1737 4901 2020 4983 pelliceas
2046 4901 2212 4962 tuni-

553 5003 652 5047 cas
673 4985 888 5062 induit,
913 4988 1026 5050 hoc
1048 4998 1158 5065 est,
1186 4990 1433 5053 fortasse
1460 4992 1822 5054 crassiorem
1849 5009 2120 5066 carnem,
2152 4997 2215 5052 et

556 5076 869 5138 mortalem
893 5096 960 5140 ac
982 5079 1339 5143 renitentem
1363 5102 1378 5162 ;
1410 5080 1616 5163 sicque
1637 5082 1893 5162 primum
1921 5100 2087 5143 suam
2110 5080 2214 5144 fce-

554 5167 794 5229 ditatem
829 5169 1120 5252 agnoscit,
1153 5169 1396 5251 Deoque
1425 5189 1489 5233 se
1520 5171 1856 5234 abscondit.
1899 5170 2025 5234 lllic
2068 5171 2204 5233 67!

635 5287 772 5373 (g8)
802 5290 1061 5373 Πάσχων.
1096 5292 1338 5373 Septem
1370 5291 1568 5366 Colb.,
1599 5291 1836 5373 πάσχον.

636 5371 756 5445 (29)
788 5369 1270 5454 κφιλοτιμούμενος.
1305 5372 1450 5451 Reg.
1502 5373 1627 5450 bm,
1683 5369 1862 5436 ῡὸὶει.
1907 5382 1960 5454 l,
1995 5373 2092 5437 Or.
2151 5378 2212 5448 ιΙ,

558 5450 692 5511 Par.
706 5496 721 5523 ,
752 5449 1218 5530 φιλοτιμούμενον,

640 5530 769 5615 (39)
801 5531 1081 5615 Λύσονξος.
1120 5533 1217 5596 Sic
1248 5534 1449 5615 plures
1482 5531 1663 5614 Regg.
1697 5544 1757 5597 et
1813 5533 2010 5614 Colb.,
2069 5533 2207 5596 Par.

559 5607 795 5689 Comb.,
819 5617 934 5673 ειε.
968 5609 1036 5673 In
1068 5615 1193 5686 ed.,
1219 5607 1498 5678 λύσαντος.

640 5688 1016 5770 (Βυτοῦτον.
1043 5693 1140 5755 Sic
1171 5703 1292 5754 tres
1321 5695 1532 5772 Regg.,
1567 5713 1779 5758 novem
1815 5694 2126 5772 Colb.,Or.
2152 5696 2172 5755 l
2195 5744 2209 5771 ,

2297 4920 2478 4977 νατον,
2536 4899 2624 4953 καὶ
2681 4899 2744 4954 τὸ
2797 4896 3118 4966 διακοπῆναι
3175 4901 3274 4967 τὴν
3355 4901 3636 4979 ἁμαρτίαν,
3713 4897 3808 4956 ’ίνα
3883 4902 3970 4977 μὴ

2297 4989 2552 5045 ἀθάνατον
2615 4988 2652 5064 ᾖ
2710 4989 2773 5044 τὸ
2849 4989 3016 5045 κακόν
3051 5009 3065 5023 ⁸
3117 4992 3207 5048 καὶ
3263 4990 3462 5069 γίνεται
3520 4988 3885 5071 φιλανθρωπία
3931 4994 3969 5060 ἡ

2295 5079 2545 5157 τιμωρία.
2606 5077 2757 5135 Οὕτω
2837 5079 2938 5156 γὰρ
3001 5079 3109 5158 ἐγώ
3190 5077 3308 5148 (34)
3395 5082 3644 5157 πείθομαι
3714 5078 3970 5153 κολάζειν

2297 5176 2453 5230 Θεον.

2300 5296 2467 5374 Pari,
2490 5288 2712 5374 Comb.
2745 5291 3037 5374 Mendose
3069 5293 3130 5354 in
3168 5291 3295 5374 ed.,
3335 5303 3516 5355 τοῦτο.

2383 5372 2504 5452 (32)
2537 5373 2707 5448 ’0μοῦ
2740 5370 2819 5436 δέ.
2867 5371 2968 5436 Sic
3011 5370 3291 5456 quinque
3312 5377 3530 5456 Regg.,
3582 5374 3647 5437 In
3672 5373 3800 5451 ed.,
3834 5377 3984 5454 ὁμοῦ

2299 5475 2513 5614 τε’(33)
2536 5533 2653 5617 μέν
2684 5557 2759 5617 τι.
2794 5530 2894 5617 Sic
2925 5541 3152 5616 septem
3180 5535 3398 5617 Regg.,
3424 5543 3548 5598 tres
3577 5535 3747 5600 Colb.
3782 5534 3982 5601 Cois].

2297 5619 2357 5686 1,
2383 5612 2502 5678 εις.
2536 5612 2604 5674 In
2637 5615 2765 5692 ed.,
2800 5614 2899 5689 μέν
2928 5612 3034 5678 τοι,

2385 5695 2511 5774 (34)
2553 5695 2718 5772 Ἐγώ.
2755 5696 2939 5756 Deest
2970 5695 3031 5755 in
3055 5696 3319 5778 quinque
3343 5696 3488 5775 Reg.
