4158 6416
505 353 621 420 327
1749 350 1810 416 S.
1861 349 2232 416 GREGORII
2279 348 2663 413 THEOLOGI
3783 332 3919 400 328

582 489 735 555 XIV.
771 491 923 566 Quid
958 491 1032 553 ad
1093 485 1218 552 haec
1262 487 1440 550 nobis
1495 489 1870 569 sycophanta:
1929 487 2153 565 dicunt,

2329 475 2438 548 1Δ⁶,
2486 487 2623 565 Πρὸς
2683 488 2848 542 ταῦτα
2901 488 2951 540 τί
3009 506 3165 564 φασιν
3207 485 3344 558 ἡμῖν
3386 483 3434 537 οῑ
3476 479 3830 559 συκοφάνται,
3869 479 3924 532 οἱ

501 583 728 663 acerbi,
759 583 1026 660 inquam,
1068 581 1162 640 isti
1197 581 1524 641 divinitatis
1549 596 1944 658 cxpensores,
1966 595 2153 637 rerun

2251 577 2440 653 πικροὶ
2499 576 2594 641 τῆς
2651 575 2901 641 Θεότητος
2960 574 3225 652 λογισταὶ,
3313 574 3361 628 οἱ
3441 571 3729 648 κατήγοροι
3761 657 3772 663 ᾳ
3802 573 3926 663 τῷν

500 656 1846 750 Ιιιυόεη’(1ειι·ι]ιιιΓερνριιρηδοτθε,οἰιηςειΙιιοιτῐη
1879 665 2153 726 tenebro-

2252 664 2677 739 ἐπαινουμένων,
2711 668 2756 720 οἱ
2814 666 3074 720 σκοτεινοὶ
3121 664 3239 741 περὶ
3282 663 3343 716 τὸ
3399 667 3538 741 φῶς,
3582 660 3630 714 οἱ
3660 657 3779 735 περὶ
3807 656 3926 723 τὴν

500 763 571 840 si,
608 760 762 820 circa
789 745 1143 838 sapientiam
1177 759 1459 835 imperiti,
1499 776 1603 835 pro
1647 756 1868 834 quibus
1893 756 2153 816 Christus

2251 758 2435 831 σοφίαν
2496 751 2828 827 ἀπαίδευτοι,
2902 753 3029 828 ὅπερ
3101 752 3175 807 ὧν
3235 751 3460 829 Χριστὸς
3519 746 3716 827 δωρεὰν
3761 745 3913 801 ἀπέ-

501 833 682 929 gratis
697 833 964 910 mortuus
985 833 1903 927 est,iugratzecreaturae,diabuIi
1924 847 2153 922 ίὶςιιιιιηι

2246 846 2388 917 ϐανε,
2437 844 2502 899 τὰ
2562 842 2832 922 ἀχάριστα
2882 843 3171 917 κτίσματα,
3230 842 3297 896 τὰ
3344 839 3436 895 τοῦ
3498 843 3735 916 Πονηροῦ
3766 833 3921 893 πλάο

507 925 589 1000 ta?
621 937 856 1000 Siccine
906 937 1024 998 Deo
1050 925 1410 996 beneficium
1440 944 1500 994 ut
1525 935 1749 995 crimen
1793 933 2037 1012 objicis‘.’
2068 939 2153 994 An

2245 953 2464 1012 σματα,
2523 941 2688 992 Τυῦτο
2745 931 2999 1011 ἐγκαλεῖς
3059 938 3200 1010 Θεῷ,
3257 931 3357 997 τὴν
3407 929 3748 1007 εὐεργεσίανς
3798 925 3912 980 Διά

502 1037 812 1108 propterea
836 1045 1048 1106 parvus
1073 1033 1186 1103 est,
1221 1024 1361 1103 quia
1385 1036 1626 1103 propter
1651 1033 1706 1082 te
1741 1023 2153 1099 humilis,quia

2243 1029 2396 1078 τοῦτο
2441 1023 2652 1098 μικρός,
2701 1022 2782 1078 ὅτι
2828 1019 2913 1079 διὰ
2958 1022 3017 1078 σὲ
3048 1021 3298 1082 ταπεινὸς
3335 1039 3351 1092 ;
3401 1019 3532 1076 ’³Οτι
3560 1018 3643 1074 ἕπὶ
3672 1019 3734 1072 τὸ
3762 1013 3912 1072 πλά-

502 1106 695 1178 bonus
716 1116 816 1177 ille
841 1115 1177 1194 Pastor,qui
1208 1114 1461 1173 animam
1491 1132 1656 1173 suam
1684 1132 1789 1192 pro
1821 1113 2153 1191 ovibuspo-

2243 1111 2476 1186 νώμενον
2507 1111 2667 1180 ἦλθεν
2699 1115 2726 1168 ὃ
2757 1111 2962 1186 ποιμὴν
3014 1113 3041 1166 ὁ
3099 1109 3288 1188 καλὸς,
3325 1112 3353 1166 ὁ
3381 1111 3538 1172 τιθεὶς
3570 1108 3670 1174 τὴν
3713 1106 3912 1184 ψυχὴν

503 1206 591 1267 nit
609 1205 764 1277 35,ad
791 1213 1090 1266 errantem
1115 1221 1281 1264 ovem
1307 1203 1486 1274 venit,
1516 1205 1584 1263 ad
1610 1211 1842 1262 montes
1861 1212 1916 1264 et
1945 1203 2151 1276 colles,

2243 1201 2367 1281 ὑπὲρ
2397 1209 2502 1257 τῶν
2547 1200 2848 1280 προϐάτων,
2885 1199 2971 1256 ἐπὶ
3019 1201 3084 1256 τὰ
3139 1198 3237 1279 ὅρη
3267 1200 3355 1255 καὶ
3383 1199 3503 1262 τοὺς
3535 1199 3778 1274 βουνοὺς,
3813 1195 3914 1273 ἐφ’

499 1295 558 1354 in
584 1292 798 1374 quibus
824 1291 1229 1372 sacriﬁcabas,
1267 1301 1322 1351 et
1351 1300 1655 1370 vagantem
1687 1292 1934 1370 invenit,
1971 1302 2027 1350 et
2059 1293 2152 1352 iu-

2243 1290 2310 1345 ὦν
2340 1290 2625 1370 ὲθυσίαζες,
2672 1293 2760 1346 καὶ
2816 1289 3166 1365 πλανώμενον
3218 1290 3333 1367 εὗρε
3368 1309 3382 1323 ·
3445 1289 3533 1344 καὶ
3575 1287 3763 1365 εὑρὼν,
3811 1284 3912 1340 ἐπὶ

500 1373 733 1445 veritam
757 1383 968 1444 iisdem
999 1382 1269 1443 humeris
1288 1379 1670 1460 “,quihuset
1694 1384 1886 1443 crucis
1906 1382 2150 1458 lignum,

2243 1386 2342 1436 τῶν
2386 1380 2550 1455 ὤμων
2582 1378 2856 1455 ἀνέλαϐεν,
2904 1378 2985 1459 ἐφ’
3017 1380 3092 1435 ὧν
3125 1380 3212 1434 καὶ
3254 1381 3318 1434 τὸ
3349 1377 3497 1444 ξύλον
3533 1385 3545 1405 '
3580 1379 3669 1432 καὶ
3699 1373 3913 1450 λαϐὼν,

503 1472 765 1548 sustulit,
799 1471 1211 1551 sublatamque
1242 1471 1311 1532 ad
1335 1490 1655 1550 supernam
1691 1471 1864 1529 vitam
1896 1469 2151 1545 reduxit,

2243 1468 2580 1548 ἐπανήγαγεν
2623 1471 2710 1526 επὶ
2751 1469 2853 1536 τὴν
2897 1468 3008 1551 ἅνω
3040 1469 3187 1539 ζωήν
3224 1487 3239 1502 ·
3285 1469 3373 1525 καὶ
3435 1467 3744 1545 ἀναγαγὼν,
3781 1477 3912 1528 τοῖς

508 1565 939 1638 redactamquc
962 1549 1326 1636 eodem,quo
1349 1549 1449 1621 eas
1464 1578 1594 1639 quze
1613 1578 1910 1638 nunquam
1932 1577 2153 1637 agrege

2243 1558 2452 1633 μένουσι
2497 1561 2887 1638 συνηρίθμησεν
2926 1577 2943 1631 ;
2981 1549 3016 1584 "
3026 1567 3120 1615 Οτι
3167 1557 3365 1636 λύχνον
3412 1555 3518 1631 ἧψε
3567 1556 3664 1624 τὴν
3712 1554 3913 1609 ἑαυτοῦ

502 1653 879 1726 aberrarunt,
915 1652 1046 1712 loco
1081 1668 1454 1727 numeroque
1506 1649 1742 1709 habuit?
1781 1649 1916 1724 quia
1950 1649 2149 1709 lucer-

2243 1650 2430 1726 σάρκα,
2493 1651 2582 1706 καὶ
2637 1649 2740 1716 τὴν
2783 1650 2950 1705 οἰκίαν
3013 1647 3274 1727 ὲσάρωσε,
3336 1645 3430 1714 τῆς
3491 1645 3749 1724 ἁμαρτίας
3805 1645 3910 1698 τὸν

504 1759 664 1814 nam,
699 1741 810 1801 hoc
835 1748 948 1820 est,
982 1755 1225 1800 carnem
1259 1755 1448 1811 suam,
1497 1738 1790 1816 accendit,
1825 1748 1882 1799 et
1905 1739 2146 1798 domum

2243 1738 2434 1813 ιιόσμον
2493 1737 2889 1818 ἀποκαθαίρων,
2969 1737 3056 1792 καὶ
3137 1737 3236 1803 τὴν
3305 1734 3556 1816 δραχμὴν
3643 1735 3909 1812 ὶζήτησε,

507 1831 750 1910 everrit,
785 1797 1070 1890 mundum
1096 1828 1324 1890 scilicet
1371 1846 1403 1887 a
1433 1841 1676 1907 peccato
1711 1797 2056 1907 repurgans.
2093 1835 2151 1888 et

2243 1797 2343 1895 τὴν⁸
2373 1828 2659 1904 βασιλικὴν
2725 1797 2907 1884 είκόνα
2976 1797 3460 1906 συγκεχωσμένην.
3497 1839 3618 1890 τοῖς
3678 1797 3907 1896 πάθεσι,

501 1920 872 1998 drachmam,
906 1918 1019 1980 hoc
1041 1917 1386 1997 est,regiam
1411 1916 1730 1994 imaginem
1758 1917 1980 1978 vitiosis
2013 1917 2153 1979 aﬂ'e-

2243 1919 2320 1973 ui
2375 1917 2638 1996 συγκαλεῖ
2678 1919 2775 1982 τὰς
2833 1915 2992 1997 φίλας
3039 1917 3180 1990 αὐτῷ
3226 1915 3479 1991 δυνάμεις
3539 1915 3661 1994 (4⁸7)
3707 1915 3911 1990 ἐπιστῇ

502 2010 697 2072 ctihus
727 2008 1025 2081 obrutam,
1061 2007 1638 2087 cenquisivit,atque
1668 2006 1911 2082 angelos
1929 2007 2151 2068 amicos

2243 2011 2332 2073 τῆς
2381 2005 2633 2086 δραχμῆς
2687 2006 2912 2086 εὑρέσει,
2994 2007 3082 2061 καὶ
3145 2007 3428 2070 κοινωνοὺς
3497 2017 3736 2063 ποιεῖται
3796 2009 3908 2074 τῆς

503 2118 666 2170 suos,
703 2116 773 2159 ea
802 2097 1073 2177 inventa,
1107 2105 1410 2168 convocat,
1466 2095 1801 2176 laetitiaeque
1835 2096 2153 2177 participes

2243 2098 2578 2176 εὐφροσύνης,
2612 2095 2703 2177 ,ἃς
2773 2097 2863 2152 καὶ
2915 2097 3015 2161 τῆς
3268 2097 3570 2172 οἰκονομίας
3645 2092 3906 2170 μύστιδας

503 2188 824 2268 facit,quos
844 2186 1018 2248 etiam
1040 2174 1386 2248 (economiaa
1402 2204 1523 2246 suae
1540 2174 1816 2246 conscios
1837 2174 2153 2247 habuerat?

2243 2174 2497 2252 πεποίητο
2529 2174 2573 2266 ς-
2610 2174 2649 2216 ’⁸
2656 2195 2749 2243 Οτι
2792 2191 2869 2260 τῷ
2929 2174 3214 2263 προδρόμω
3272 2184 3458 2266 λύχνῳ
3501 2187 3564 2241 τὸ
3607 2190 3718 2266 φῶς
3759 2185 3903 2242 ἀκο-

505 2278 655 2349 Quia
679 2277 953 2357 praeviam
976 2276 1276 2336 lucernam
1305 2275 1787 2355 splendidissima
1814 2276 1909 2336 illa
1932 2277 2028 2336 lux
2053 2295 2153 2338 se-

2243 2275 2418 2332 λοίιθεϊ
2465 2277 2527 2332 τὸ
2583 2273 2986 2354 ὑπέρλαμπρον,
3040 2276 3130 2331 καὶ
3185 2281 3255 2352 τῇ
3313 2281 3464 2356 φωνῇ
3497 2277 3526 2332 ὁ
3575 2277 3777 2352 Λόγος,
3830 2297 3909 2331 κα

503 2367 730 2447 quitur,
765 2376 822 2426 et
853 2384 1055 2426 vocem
1092 2364 1376 2436 Verbum,
1415 2374 1472 2424 et
1505 2364 1839 2444 pronuhum
1875 2384 2152 2446 sponsus,

2243 2370 2315 2437 τῷ
2384 2372 2723 2445 νυμφαγωγῷ
2779 2367 2808 2422 ὁ
2880 2365 3124 2444 νυμφίος,
3199 2366 3643 2436 κατασκευάζοντι
3726 2365 3905 2442 Κυρίῳ

503 2456 755 2517 Domino
781 2455 1137 2535 peculiarem
1161 2455 1442 2534 populum
1472 2465 1941 2533 comparantem,
1965 2475 2030 2516 ac
2049 2473 2153 2534 per

2243 2454 2370 2511 λαὸν
2412 2456 2745 2534 περιούσιον,
2809 2456 2898 2511 καὶ
2955 2457 3356 2534 προκαθαίροντι
3417 2455 3503 2512 ἐπὶ
3556 2457 3620 2511 τὸ
3678 2460 3898 2529 Πνεῦμα

503 2564 718 2621 aquam
749 2545 819 2604 ad
847 2543 1133 2623 Spiritum
1180 2552 1646 2622 praepurgantem
1671 2543 1699 2602 ?
1729 2542 2001 2605 Hmccine
2032 2545 2154 2606 Deo

503 2635 752 2714 objicis?
774 2634 969 2713 Atque
987 2632 1212 2694 idcirco
1233 2650 1366 2693 eum
1395 2633 1742 2694 inferiorem
1764 2653 1894 2696 esse
1916 2652 2151 2709 censes,

502 2728 640 2802 quia
675 2725 854 2785 linteo
889 2723 1291 2802 praecingitur,
1347 2741 1416 2784 ac
1477 2723 1909 2801 discipulorum
1968 2725 2151 2804 pedes

499 2813 687 2876 abluit
715 2812 1215 2894 “,optimumque
1237 2813 1308 2872 ad
1333 2811 1760 2874 sublimitatem
1788 2816 1897 2875 iter
1914 2814 2152 2874 humili-

2238 2543 2324 2602 διὰ
2378 2502 2689 2608 τοῦέἱδατος
2783 2551 2960 2601 Ταῦτα
2997 2502 3259 2621 ιἐγκαλεῖς
3301 2552 3380 2619 τῷ
3423 2551 3540 2619 Θεῷ
3569 2543 3733 2624 (49);
3794 2502 3898 2600 ΔΓιὰ

2237 2637 2402 2691 ταῦτα
2476 2631 2870 2709 ὑπολαμϐάνεις
2939 2635 3184 2714 χείρονα,
3252 2635 3334 2691 ὅτι
3393 2633 3582 2706 λεντίῳ
3660 2632 3894 2704 διαζών-

2235 2747 2407 2804 νυται,
2469 2725 2556 2780 καὶ
2615 2724 2785 2779 νίπτει
2872 2724 2995 2788 τοὺς
3053 2722 3220 2787 πόδας
3304 2730 3411 2780 τῶν
3471 2727 3750 2800 μαθητῶν,
3800 2724 3892 2779 καὶ

2233 2813 2488 2870 δείκνυσιν
2547 2813 2770 2893 ἀρίστην
2840 2811 2959 2870 ὁδὸν
3016 2813 3300 2890 ὑψώσεως,
3359 2815 3460 2881 τὴν
3517 2815 3891 2884 ταπείνωσινς

500 2912 679 2965 tatem
705 2900 1000 2964 ostendit?
1022 2900 1172 2972 Quia
1197 2910 1441 2980 propter
1459 2902 1622 2961 humi
1659 2902 1996 2963 inclinatam
2018 2905 2148 2964 ani-

2243 2901 2372 2961 ’Ὂτι
2429 2901 2513 2959 διὰ
2569 2903 2694 2981 (50)
2759 2904 2856 2970 τὴν
2899 2904 3298 2981 συγκύπτουσαν
3347 2906 3525 2985 χαμαὶ
3585 2905 3767 2984 ψυχὴν
3798 2926 3897 2960 τα-

502 3011 658 3053 mam
692 3011 756 3052 se
782 2991 1009 3070 dejicit,
1047 2997 1110 3049 ut
1141 2989 1215 3050 ob
1251 2999 1560 3068 peccatum
1594 2991 1873 3050 deorsum
1911 3010 2152 3069 vergen-

2243 3000 2506 3050 πεινούται
2536 2991 2685 3072 (51),
2733 2991 2826 3049 ἵνα
2881 2993 2970 3048 καὶ
3030 2995 3384 3072 στνανυψώσῃ
3432 2996 3495 3050 τὸ
3555 2995 3698 3051 κάτω
3738 2995 3891 3049 νεῦον

500 3091 617 3143 tem
643 3098 845 3143 secum
865 3079 1099 3155 erigat?
1140 3078 1290 3138 Illud
1312 3087 1502 3139 autem
1528 3079 1672 3158 quin
1698 3088 1756 3138 tu
1774 3081 1916 3140 item
1941 3099 2153 3160 repre-

2243 3083 2340 3138 ὒπο
2396 3087 2493 3148 τῆς
2535 3083 2850 3162 ἀμαρτίαςς
2903 3082 3115 3140 Ἐκεῖνο
3157 3081 3213 3139 δὲ
3266 3086 3380 3149 πῶς
3439 3088 3501 3144 οὗ
3546 3095 3897 3162 κατηγορεῖς,

503 3171 741 3249 hendis,
778 3169 936 3244 quod
973 3187 1104 3228 cum
1141 3167 1494 3247 publicanis,
1527 3178 1584 3228 et
1613 3169 1767 3249 apud
1806 3170 2153 3249 publicanos

2243 3169 2325 3227 ὅτι
2383 3172 2474 3227 καὶ
2531 3173 2667 3246 μετὰ
2722 3171 2970 3229 τελώνων
3015 3172 3198 3249 ἐσθίει,
3261 3177 3349 3231 nni
3407 3175 3552 3254 παρᾶ
3609 3173 3898 3249 τελώναις,

505 3259 649 3330 edit,
685 3269 742 3320 et
775 3257 1124 3339 publicanus
1184 3259 1239 3319 in
1280 3259 1604 3337 discipulos
1651 3259 2036 3338 convertit“,
2097 3269 2153 3323 ut

2243 3262 2329 3317 καὶ
2388 3261 2674 3337 μαθητεύει
2719 3261 2981 3342 τελώνας,
3039 3262 3131 3320 ’ίνα
3185 3265 3274 3320 καὶ
3319 3265 3478 3331 αὐτὸς
3528 3287 3581 3321 τι
3641 3261 3897 3344 κερδάνῃς

501 3351 627 3430 ipse
645 3365 887 3430 quoque
904 3348 1124 3428 aliquid
1147 3347 1443 3409 lucretur?
1465 3347 1615 3419 Quid
1641 3349 1910 3411 tandem?
1933 3353 2154 3412 Pecca-

503 3449 695 3501 torum
749 3437 1031 3511 salutem;
1069 3435 1185 3498 nisi
1217 3437 1348 3515 quis
1379 3436 1528 3497 forte
1569 3454 1640 3500 eo
1685 3439 1928 3500 nomine
1960 3439 2157 3501 medi-

500 3547 636 3594 cum
659 3526 1089 3606 accuset,quod
1121 3525 1195 3587 ad
1220 3525 1464 3587 morbos
1495 3545 1558 3588 se
1582 3527 2152 3602 inclinet,t‘etorem-

501 3635 618 3700 que
640 3617 959 3696 sustineat,
991 3625 1055 3676 ut
1097 3616 1410 3677 sanitatem
1456 3617 1696 3695 aegrotis
1723 3619 1945 3682 donet:
1980 3629 2154 3700 atque

498 3726 634 3770 eum
656 3707 964 3786 etiam,qui
987 3705 1374 3767 humanitatis
1395 3714 1451 3767 et
1469 3707 2154 3770 commiserationi5675

497 3798 710 3860 aﬂ'ectu
734 3808 1040 3877 permotus
1073 3795 1132 3854 in
1188 3795 1417 3856 foveam
1472 3797 1736 3877 seipsum
1771 3797 2054 3871 demittit,
2091 3809 2156 3861 ut

503 3887 844 3969 prolapsum
871 3885 1210 3965 jumentum
1240 3883 1295 3927 39
1319 3885 1488 3964 juxta
1538 3887 1683 3966 legis
1715 3888 2151 3969 praascriptum,

500 3986 716 4039 servet.

585 4065 1194 4145 XV.Missusquidem
1220 4073 1330 4139 est,
1366 4081 1570 4127 verum
1607 4072 1670 4125 ut
1698 4066 1876 4129 homo
1906 4068 2155 4149 (duplici

505 4155 667 4218 enim
692 4166 903 4216 natura
925 4160 1101 4232 erat);
1121 4154 1617 4235 siquidem,juxta
1637 4157 1911 4236 corporis
1935 4159 2150 4240 legem,

505 4253 564 4307 et
583 4245 859 4320 fatigatus
881 4251 992 4317 est,
1027 4253 1079 4305 et
1106 4246 1259 4305 tame
1289 4263 1359 4305 ac
1391 4245 1487 4305 siti
1518 4244 1822 4321 laboravit,
1858 4256 1915 4309 et
1936 4265 2158 4326 angore

501 4336 749 4396 allectus
780 4341 892 4408 est,
943 4342 1004 4394 et
1055 4333 1348 4413 lacrymas
1379 4334 1548 4396 fudit.
1587 4335 1752 4406 Quod
1786 4337 1835 4397 si
1867 4337 2044 4400 etiam
2094 4347 2159 4401 ut

2241 3353 2302 3410 Τί
2348 3353 2556 3424 τοῦτος
2621 3352 2729 3418 Τὴν
2787 3357 2892 3407 τῶν
2949 3351 3282 3431 ἁμαρτωλῶν
3343 3354 3611 3426 σωτηρίαν
3645 3369 3659 3384 ⁶
3723 3354 3768 3409 εὶ
3812 3355 3898 3429 μὴ

2238 3441 2327 3498 καὶ
2383 3442 2477 3497 τὸν
2523 3442 2701 3519 ἰατρὸν
2758 3442 2972 3516 αἰτιῷτό
3029 3464 3134 3518 τις,
3201 3441 3283 3500 ὅτι
3342 3443 3628 3521 σδγκύπτει
3687 3442 3772 3499 ἐπὶ
3826 3444 3897 3499 τὰ

2239 3529 2411 3606 πάθη,
2457 3531 2548 3586 καὶ
2595 3527 2846 3595 δυσωδίας
2875 3529 3149 3611 ἀνέχεται,
3183 3529 3278 3589 ἵνα
3306 3529 3382 3606 δῷ
3407 3533 3508 3600 τὴν
3533 3531 3734 3611 ὑγίειαν
3767 3530 3896 3611 (52)

2234 3632 2353 3684 τοῖς
2405 3620 2664 3696 κάμνουσι
2701 3638 2715 3654 ’
2799 3621 2888 3677 καὶ
2962 3623 3054 3677 τὸν
3108 3620 3509 3700 ἔπικλινόμενον
3579 3623 3751 3700 βοθρῳ
3805 3621 3897 3678 διὰ

2235 3707 2654 3790 φιλανθρωπίαν,
2698 3709 2792 3767 ἵνα
2825 3711 2888 3768 τὸ
2943 3710 3298 3788 ἐμπεπτωκὸς
3340 3717 3560 3794 κτῆνος,
3617 3713 3755 3770 κατὰ
3797 3713 3897 3770 τὸν

2235 3801 2421 3876 νόμον,
2468 3801 2838 3868 ἀνασώσηται.

2321 4065 2428 4136 ιε’.
2461 4073 2770 4144 Ἀπεστάλη
2829 4076 2950 4153 μὲν,
3008 4077 3130 4136 ἀλλ’
3174 4079 3247 4145 ὠς
3310 4078 3583 4160 ἅνθρωπος
3619 4097 3635 4113 ⁶
3670 4080 3896 4148 διπλοῦς

2238 4166 2339 4245 γὰρ
2390 4163 2458 4232 ἧν
2493 4181 2509 4198 '
2563 4165 2676 4222 ἐπεὶ
2719 4168 2808 4223 καὶ
2851 4167 3120 4245 ἑκοπίασε,
3176 4171 3265 4226 καὶ
3321 4173 3594 4254 ἓπείνησε,
3644 4173 3730 4228 καὶ
3775 4170 3892 4228 ἐδί-

2239 4261 2407 4334 ψησε,
2467 4257 2554 4312 καὶ
2636 4256 2925 4334 ἠγωνίασε,
3002 4259 3090 4315 καὶ
3117 4258 3408 4342 ἐδάκρυσε
3485 4263 3634 4338 νόμῳ
3691 4263 3892 4339 σώμα-

2237 4367 2329 4408 τος
2374 4331 2494 4425 (53)
2534 4364 2548 4379 ·
2599 4347 2643 4402 εί
2687 4331 2740 4402 δὲ
2782 4348 2871 4403 καὶ
2899 4331 2974 4414 ὧς
3006 4331 3160 4430 Θεὸῖ,
3194 4351 3245 4406 τί
3273 4331 3428 4409 τοῦτο
3461 4371 3479 4432 ;
3647 4331 3893 4411 εὒδοκίαν

500 4422 829 4504 Deus,quid
852 4423 1675 4522 propterea?_lleneplacitum
1698 4424 1888 4487 Patris
1913 4427 2153 4490 missio-

2243 4441 2330 4489 τοῦ
2382 4422 2611 4515 Πατρὸς,
2671 4435 2979 4503 ἀποστολὴν
3022 4422 3164 4496 εἶναι
3209 4422 3583 4522 νόμισον,’ὶφ’
3643 4444 3702 4500 ὃν
3745 4444 3875 4500 ἀνα-

503 4533 638 4577 nem
669 4531 802 4575 esse
823 4513 1223 4586 existima,cui
1246 4531 1352 4574 sua
1381 4533 1617 4595 quoque
1647 4515 1912 4591 ascribit,
1939 4524 2061 4578 tum
2091 4526 2156 4580 ut

499 4602 863 4687 principium
883 4601 1173 4681 temporis
1191 4620 1406 4683 expers
1431 4603 1658 4665 honore
1675 4605 2048 4681 afﬁciat,tum
2078 4626 2155 4670 ne

500 4694 609 4759 Dei
639 4692 1021 4753 adversarius
1051 4709 1183 4753 esse
1242 4691 1530 4756 videatur.
1566 4693 2060 4775 Quandoquidem
2090 4705 2158 4758 ut

503 4781 754 4843 traditus
781 4779 964 4840 fuisse
984 4779 1203 4841 dicitur
1229 4801 1246 4855 ;
1273 4780 1354 4842 ita
1384 4799 1449 4842 se
1489 4781 1683 4862 ipsum
1707 4802 1944 4864 quoque
1975 4785 2158 4848 tradi-

501 4871 658 4935 disse
687 4869 968 4932 scribitur
995 4890 1008 4931 :
1035 4878 1212 4950 atque
1245 4882 1308 4931 ut
1334 4889 1367 4931 a
1397 4870 1568 4933 Patre
1589 4873 1662 4933 ad
1695 4876 1872 4935 vitam
1906 4894 2152 4939 revoca-

497 4969 616 5038 tus,
651 4968 708 5021 et
758 4959 830 5021 ad
891 4978 1108 5040 supera
1155 4969 1470 5041 susceptus
1520 4963 1740 5038 fuisse;
1773 4963 1854 5026 ita
1887 4965 2150 5045 seipsum

501 5069 738 5133 quoque
769 5068 804 5112 a
838 5050 1092 5111 mortuis
1121 5050 1437 5126 excitasse,
1469 5070 1798 5134 rursusque
1844 5055 1900 5115 in
1933 5057 2149 5120 cmlum

2237 4523 2493 4615 φέρει
2553 4526 2762 4615 ἑαυτοῦ,
2823 4529 2912 4584 καὶ
2981 4530 3056 4592 ὡς
3127 4532 3305 4610 ἀρχὴν
3383 4539 3556 4608 τιμῶν
3625 4532 3886 4615 ἄχρονον,

2237 4615 2326 4702 καὶ
2369 4613 2462 4670 τοῦ
2502 4615 2579 4690 μὴ
2621 4613 2802 4673 δοκεῖν
2844 4617 2987 4674 εἶναι
3046 4621 3300 4684 ἀντίθεος,
3360 4621 3509 4680 Ἐπεὶ
3565 4624 3651 4679 καὶ
3702 4613 3890 4702 παραέ

2238 4701 2476 4760 δεδόσθαι
2529 4703 2766 4783 λέγεται,
2850 4706 2988 4764 ἀλλὰ
3046 4711 3134 4766 καὶ
3217 4712 3406 4769 ἑαυτὸν
3460 4701 3891 4790 παραδεδωκέναι

2237 4793 2534 4872 γέγραπται
2565 4812 2583 4830 ο
2637 4797 2726 4852 καὶ
2774 4797 3056 4877 ὲγηγέρθαι
3117 4800 3261 4879 παρὰ
3334 4810 3429 4860 τοῦ
3511 4802 3737 4881 Πατρὸς,
3798 4804 3893 4860 καὶ

2236 4881 2575 4974 evalescat,
2628 4884 2766 4974 αλλὰ
2818 4889 2905 4943 καὶ
2959 4887 3143 4946 ἑαυτὸν
3189 4889 3560 4974 ἀνεστακέναι,
3615 4894 3704 4949 καὶ
3757 4892 3892 4950 ἆνε-

2235 4970 2515 5039 ληλυθέναι
2573 4973 2733 5032 πόλιν
2765 5017 2784 5037 .
2842 4976 3026 5034 ὲκετνα
3081 4984 3181 5046 τῆς
3261 4970 3733 5056 εὖδοκέαςίταῦτα
3788 4984 3893 5051 τῆς

2235 5061 2488 5129 ἐξουσίας,
2578 5066 2652 5120 Σὺ
2719 5063 2772 5121 δὲ
2847 5068 2913 5122 τὰ
2981 5068 3076 5144 μὲν
3149 5067 3467 5129 ἐλαττοῦντα
3547 5071 3747 5153 λέγεις,
3819 5075 3890 5133 τὰ

583 5173 637 5216 8⁵
660 5173 832 5234 Joan.
866 5189 926 5253 χ,
955 5172 1050 5233 11.
1137 5170 1357 5236 3°an.
1391 5191 1488 5250 xv,
1523 5175 1563 5237 4
1590 5193 1718 5256 sqq.
1809 5177 1872 5226 87
1899 5179 2069 5244 Joan.
2102 5197 2153 5243 Χ]

2255 5183 2315 5242 4.
2403 5181 2633 5244 88Luc.
2660 5199 2724 5257 ν,
2755 5183 2830 5243 27
2858 5200 2991 5265 sqq.
3074 5185 3140 5236 89
3167 5187 3344 5252 Deut.
3385 5207 3537 5271 χιιι,
3571 5192 3631 5256 4.

502 5366 562 5422 te
584 5281 704 5360 (47)
735 5282 900 5346 Φίλας
933 5284 1073 5356 αύτῷ
1116 5279 1385 5360 δυνάμεις.
1447 5305 1475 5344 ‹
1524 5284 1767 5345 Amicas
1798 5302 1935 5346 suas
1969 5289 2151 5349 virtu-

563 5378 617 5422 s.
657 5383 682 5421 ι

563 5378 721 5522 ⁸(4ἷῆ
753 5423 860 5529 ’λεδ-ς
892 5443 983 5529 3‘11
1012 5443 1134 5524 τῆς,
1160 5450 1277 5529 etc.
1312 5442 1492 5529 Gabr.
1520 5461 1533 5504 :
1575 5463 1605 5504 ε
1637 5463 1784 5526 quas
1816 5464 1927 5508 nec
1955 5447 2151 5529 ipsum

506 5517 942 5602 Incarnationis
974 5517 1318 5602 mysterium
1353 5525 1626 5587 latuerat.
1654 5517 1693 5586 ἰ

593 5601 719 5763 ἓ49)
755 5605 842 5675 Τῷ
872 5603 1010 5676 Θεῷ.
1043 5601 1223 5666 Deest
1249 5611 1327 5680 τῷ
1358 5607 1418 5666 in
1454 5605 1741 5688 pluribus.

619 5683 714 5758 50)
743 5678 878 5738 ’Ὅτι
905 5678 1008 5740 διά.
1045 5684 1144 5746 Sic
1176 5696 1299 5747 tres
1329 5688 1538 5763 Regg.,
1597 5695 1716 5748 tres

619 5678 714 5758 50)
743 5678 878 5738 ’Ὅτι
905 5678 1008 5740 διά.
1045 5684 1144 5746 Sic
1176 5678 1308 5747 tres
1329 5678 1538 5765 Βθςὲέη
1597 5695 1716 5748 tres
1761 5685 1956 5763 Colb.,
1991 5687 2152 5763 Pan,

2234 5285 2444 5350 Comb.
2477 5289 2544 5351 In
2566 5290 2639 5351 ed
2673 5336 2688 5364 ,
2723 5291 2773 5347 τί
2802 5287 2909 5354 διά.

2297 5369 2448 5469 ,(51)
2478 5379 2846 5430 Ταπεινοῡται.
2883 5372 2983 5436 Sic
3032 5374 3208 5442 codd.
3246 5377 3313 5442 In
3341 5375 3478 5443 Par.
3510 5381 3636 5455 ed.,
3686 5402 3884 5439 ταπει-

2237 5471 2467 5513 νουνται,

2318 5535 2444 5692 252)
2479 5521 2728 5608 Τγίειαν.
2765 5530 3004 5613 Comb.,
3036 5538 3232 5616 ὑγείαν.

2349 5612 2443 5688 53)
2476 5613 2638 5686 Νόμῳ
2695 5613 2962 5690 σώματος.
3036 5618 3208 5682 Colb.

2349 5612 2443 5688 53)
2476 5613 2638 5686 Νόμῳ
2695 5612 2991 5690 σώματοςζ
3036 5612 3208 5682 σου).
3297 5620 3358 5696 b,

3447 5623 3593 5698 νόμῳ
3647 5626 3856 5704 φύσεως
3870 5673 3892 5706 ,

2245 5714 2268 5750 ε
2303 5690 2434 5771 lege
2464 5701 2708 5754 natum.
2752 5719 2775 5751 ρ
