4158 6390
259 305 385 377 329
478 398 481 403 η

1229 305 1510 375 ORATIO
1554 302 1884 374 XXXVIII.
1934 341 2005 352 —
2056 301 2135 371 IN
2181 302 2711 372 ΤΗΕΘΡΗΑΝΙΑ.

3540 302 3667 377 330

262 432 503 509 ὑψοῦντα
560 434 615 493 δὶ
688 440 1070 521 παρατρέχειις⁹
1127 444 1215 498 καὶ
1261 442 1349 499 ὅτε
1422 444 1521 520 μὲν
1590 444 1774 519 ἔπιθε,
1830 440 1929 498 λο-

2053 437 2363 501 soendisse
2380 434 2862 521 praedicaturJlla
2880 436 3668 523 beneplaciti,haeepotesta—

272 526 423 603 γίζῃ·
488 526 569 583 ὅτι
638 528 693 585 δὲ
750 531 908 612 ἑκὼν,
942 612 947 613 7
981 551 1042 607 οι)
1102 533 1386 612 προσθίθης
1415 534 1557 613 (54).
1593 543 1699 592 Οἴα
1729 534 1932 613 πάσχει

2053 529 2115 589 is.
2151 531 2229 591 At
2258 537 2320 590 tu
2354 547 2426 590 ea
2468 528 2733 608 quidem,
2768 546 2901 609 quae
2931 527 3241 592 minuendi
3270 531 3389 593 vim
3422 532 3664 604 habent,

274 615 367 670 καὶ
443 622 531 672 νῦν
604 621 632 675 ὁ
661 620 835 699 Λόγος
882 619 895 682 Ξ
936 612 1069 679 ’Υπὸ
1101 622 1198 699 μὲν
1232 630 1363 696 τῶν,
1394 626 1466 690 ὡς
1498 612 1653 705 Θεὸς,
1715 612 1935 699 τιμᾶται

277 705 368 760 καὶ
426 708 815 790 συναλείφεται⁶
874 714 976 769 ὑπὸ
1051 711 1107 769 δὲ
1192 719 1321 789 τῶν,
1376 716 1449 779 ὡς
1499 714 1647 794 σὰρξ,
1735 713 1935 788 ἀτιμά-

279 800 426 883 ζξται
473 799 560 854 καὶ
619 801 928 880 χωρίζεται,
984 802 1130 861 Τίσιν
1181 803 1399 883 ὀργισθῇ
1459 802 1621 862 πλέον
1670 800 1937 881 ;Μᾶλλον

279 881 336 938 δὲ
390 885 524 941 τίσιν
554 889 711 970 ἀφῇς
777 901 905 957 Τοῖς
981 881 1280 973 συναιροῦσι
1337 898 1540 967 κακῶς,
1574 892 1610 961 ἥ
1668 906 1788 957 τοῖς
1842 892 1937 950 τέ-

284 995 525 1057 μνουσι;
590 981 687 1037 Καὶ
736 981 837 1060 γὰρ
892 981 1163 1045 κάκείνους
1217 981 1443 1061 διαιρεῖν
1501 981 1628 1058 ἔδει,
1675 984 1764 1041 καὶ
1809 984 1935 1040 τού-

286 1083 408 1126 τους
466 1067 769 1127 συνάπτειν
830 1070 952 1135 τοὺς
1042 1072 1142 1147 μὲν
1210 1079 1289 1147 τῷ
1330 1072 1559 1154 ἀριθμῷ,
1604 1072 1727 1135 τοὺς
1775 1070 1829 1128 δὲ
1873 1076 1944 1149 τῇ

286 1155 526 1242 Decum,
586 1159 947 1238 Προσκόπτεις
1004 1167 1073 1239 τῇ
1119 1169 1271 1239 σαρκί
1304 1181 1321 1242 ς
1355 1169 1521 1221 Τοῦτο
1548 1163 1637 1219 καὶ
1666 1160 1941 1231 Ἰουδαῖοι,

290 1238 382 1299 ’¹Η
442 1246 531 1302 καὶ
592 1250 928 1327 Σαμαρείτην
977 1238 1325 1333 ἀποκαλεῖς,
1386 1253 1472 1308 καὶ
1520 1253 1583 1309 τὸ
1639 1249 1762 1319 ῑιξῆς
1819 1273 1945 1308 σιω-

290 1333 569 1417 ’κτήσομαιΔ
622 1337 900 1404 Ἀπιστεϊς
958 1345 1027 1416 τῇ
1081 1340 1293 1409 θεότητι
1329 1360 1347 1417 ;
1408 1340 1578 1400 Τοῦτο
1609 1339 1726 1401 οὐδὲ
1756 1343 1803 1397 οἱ
1829 1340 1945 1397 δαί-

292 1443 475 1513 μονες,
536 1411 601 1481 'u
655 1411 1089 1510 δαιμόνων
1151 1411 1492 1513 ὰπιστότερε,
1543 1434 1633 1488 καὶ
1681 1428 1946 1488 Ἰουδαίων

294 1510 729 1597 ἀγνωμονέστερα
768 1520 781 1576 l
817 1516 1051 1577 Ἐκεῖνοι
1122 1520 1220 1589 τὴν
1277 1527 1371 1578 τοῦ
1408 1510 1527 1579 rio?)
1556 1521 1944 1602 προσηγορίαν,

292 1604 578 1681 ὁμοτιμίας
656 1609 841 1689 φωνὴν
925 1610 1202 1687 ὶνόμισανο
1289 1612 1430 1668 οὗτοι
1513 1613 1606 1669 τὸν
1662 1610 1944 1669 ὶλαύνοντα

292 1694 424 1750 Θεὸν
494 1694 712 1775 ᾔδεσαν.
768 1698 1072 1757 Ἐπείθοντο
1128 1702 1227 1781 γὰρ
1258 1699 1309 1768 ἒξ
1337 1704 1411 1758 ῶν
1441 1702 1711 1782 ἔπασχον.
1760 1702 1832 1757 Σὺ
1862 1698 1941 1775 δὲ,

2020 619 2251 700 profers
2282 641 2296 695 ;
2332 636 2468 696 quae
2497 626 2695 680 autem
2728 619 3041 692 efferendi,
3069 620 3369 700 praeteris:
3402 633 3581 705 atque
3609 622 3666 685 id

2020 709 2264 789 quidem
2319 708 2630 788 expendis,
2665 707 2826 785 quod
2864 726 3076 789 passos
3119 712 3233 787 sit;
3266 712 3422 792 quod
3473 722 3670 775 autem

2022 808 2258 879 sponte,
2286 816 2405 859 non
2435 797 2736 877 adjungis.
2772 796 2928 859 Proh
2960 797 3155 878 qualia
3177 799 3500 864 etiamnum
3528 804 3676 884 pati-

2023 898 2118 950 tur
2150 887 2412 950 Verbum
2447 888 2461 948 !
2520 887 2613 949 Ab
2643 886 2780 950 aliis
2832 896 2895 949 ut
2924 886 3081 949 Deus
3133 889 3460 954 honoratur
3498 901 3676 974 atque

2021 978 2435 1051 contrahitur;
2460 976 2535 1039 ab
2562 977 2694 1038 aliis
2718 984 2783 1037 ut
2808 994 2947 1038 caro
2970 981 3396 1063 contemnitur,
3416 1001 3486 1045 ac
3508 1002 3676 1065 sepa-

2025 1078 2217 1131 ratur.
2241 1066 2403 1131 Utris
2438 1066 2677 1128 tandem
2706 1066 3293 1146 gravius-irascetur?
3316 1069 3424 1135 Vel
3457 1073 3673 1153 potius,

2034 1159 2182 1221 utris
2209 1158 2340 1240 plus
2357 1156 2903 1231 condonabit,iisne
2923 1158 3023 1235 qui
3038 1158 3192 1221 male
3212 1162 3676 1246 contrahunt,an

2035 1250 2133 1332 qui
2156 1247 2488 1312 scindunt?
2510 1250 2658 1311 Nam
2684 1256 2747 1309 et
2772 1247 2908 1309 illos
2931 1248 3281 1323 dividere,et
3300 1252 3411 1314 hos
3429 1254 3678 1335 conjun-

2031 1358 2171 1418 gere
2196 1338 2510 1421 oportebat
2536 1355 2549 1400 :
2580 1337 2740 1413 illos,
2761 1338 3431 1419 inquam,numero,hos
3456 1343 3675 1405 divini-

2031 1438 2147 1492 tate
2178 1428 2446 1494 Otl‘endis
2467 1428 2539 1489 ad
2569 1445 2810 1489 carnem
2838 1432 2866 1489 ?
2882 1425 2956 1487 Et
2974 1427 3164 1489 Judaei
3186 1430 3543 1495 etiam.Num
3566 1432 3676 1496 Sa-

2032 1520 2389 1582 maritanum
2420 1536 2661 1599 quoque
2692 1534 2867 1577 vocas
2898 1516 2964 1567 90
2993 1522 3150 1590 (nam
3184 1519 3341 1599 quod
3384 1523 3677 1603 sequitur,

2030 1611 2264 1689 tacebo)
2288 1615 2316 1671 ‘?
2342 1607 2556 1670 Deitati
2588 1607 2766 1667 ﬁdem
2800 1604 3099 1687 abrogas?
3129 1605 3254 1670 Hoc
3272 1627 3349 1671 ne
3379 1610 3683 1673 daemones

2029 1699 2273 1776 quidem
2308 1700 2417 1779 ipsi
2465 1698 2764 1759 fecerunt.
2799 1693 2848 1758 Ο
2876 1695 3248 1759 daemonibus
3290 1699 3683 1776 incredulior,

294 1783 413 1840 οὒδὲ
462 1786 589 1869 (56)
614 1789 716 1856 τὴν
774 1789 998 1858 ἰσότητα
1025 1789 1186 1872 δέχῃ,
1221 1791 1337 1849 οὐδὲ
1369 1792 1661 1871 ὁμολογεῖς
1691 1794 1790 1861 τὴν
1819 1790 1944 1848 θεό-

2053 1804 2088 1853 et
2117 1788 2339 1852 Iudaeis
2368 1786 2789 1868 insipientior!
2827 1787 2931 1848 Isti
2958 1786 3203 1867 quidem
3250 1787 3385 1851 Filii
3437 1809 3683 1867 nomen,

294 1894 455 1963 ⁸ιςήτα.
503 1887 757 1957 Κρεϊττον
812 1879 877 1949 ἧν
936 1902 1020 1938 σοι
1065 1885 1479 1961 περιτετμῆσθαι
1535 1885 1623 1939 καὶ
1666 1880 1944 1961 δαιμονᾷν,

2053 1878 2382 1962 equalitatis
2413 1896 2616 1939 vocem
2638 1894 2773 1938 esse
2797 1878 3123 1939 censebant
3151 1897 3164 1940 :
3191 1876 3276 1939 illi
3299 1887 3494 1943 autem
3519 1900 3684 1963 eum,

296 1962 374 2053 'iv’
426 1966 569 2024 εἴπω
623 1990 673 2025 τι
730 1970 817 2026 καί
874 1970 1122 2050 γελοίως,
1152 1972 1188 2041 ἢ
1220 1971 1276 2029 ἰν
1301 1970 1615 2053 ἀκροϐυστίᾳ
1643 1974 1732 2030 καὶ
1781 1972 1949 2051 ὑγιείᾳ

299 2051 594 2115 διακεῖσθαι
626 2065 875 2139 πονηρῶς
910 2062 997 2118 καὶ
1027 2061 1217 2126 ἀθέως,

2031 1989 2065 2032 a
2088 1988 2204 2051 quo
2228 1967 2601 2047 fugabantnr,
2630 1968 2820 2029 Deum
2843 1980 3083 2029 norant.
3108 1964 3234 2029 Illis
3253 1969 3415 2030 enim
3440 1989 3531 2053 ea,
3557 1990 3689 2052 quas

2036 2060 2441 2142 patiebantur,
2470 2055 2651 2118 fidem
2685 2054 3001 2119 faciebant.
3026 2060 3094 2117 At
3122 2066 3205 2133 tu,
3231 2076 3343 2120 nec
3380 2061 3691 2141 aequama-

299 2152 422 2206 tem
453 2146 737 2223 admittis,
769 2167 882 2211 nec
911 2148 1284 2213 divinitatem
1315 2152 1640 2214 conﬁteris.
1677 2150 1939 2216 Proinde
1969 2150 2153 2212 satius
2185 2149 2289 2209 tibi
2324 2148 2513 2209 fuerat
2535 2144 2958 2207 circumcisum
2983 2163 3138 2228 esse,
3163 2156 3393 2228 atquea
3418 2151 3693 2214 daemone

299 2232 591 2324 obsideri,
622 2248 688 2300 ut
714 2238 965 2302 ridicule
1010 2239 1239 2322 aliquid
1283 2242 1501 2324 dicam,
1547 2260 1724 2324 quam
1766 2241 1828 2303 in
1880 2240 2167 2323 praeputio
2202 2248 2260 2301 et
2285 2234 2617 2299 incolumni
2646 2234 3006 2313 valetudine,
3043 2247 3161 2297 tam
3209 2255 3385 2317 prave
3416 2248 3474 2301 et
3506 2242 3693 2324 impie

300 2323 480 2389 afﬁci.

386 2407 512 2491 ις’,
560 2421 759 2499 Μικρὸν
819 2420 939 2502 (57)
975 2421 1075 2498 μὶν
1145 2424 1235 2479 οὖν
1288 2421 1504 2503 ὕστερον
1534 2421 1656 2499 ὄψει
1717 2430 1806 2479 καί
1865 2444 1960 2478 κα-

306 2508 617 2585 θαιρόμενον
675 2509 883 2578 Ἰησοῦν
948 2512 1002 2568 ὲν
1061 2510 1188 2593 (58)
1249 2518 1327 2589 τῷ
1376 2512 1615 2593 Ἰορδάνῃ
1664 2513 1765 2581 τὴν
1822 2512 1959 2588 ἐμὴν

308 2597 587 2675 κάθαρσιν*
687 2598 890 2674 μᾶλλον
958 2599 1013 2657 δὲ
1081 2602 1354 2681 ἆγνίζοντα
1427 2609 1498 2680 τῇ
1558 2603 1806 2678 καθάρσει
1896 2623 1959 2658 τα

308 2683 475 2744 ὕδατα
542 2687 629 2765 (οὗ
687 2689 786 2768 γὰρ
836 2688 902 2758 δὴ
945 2692 1096 2757 αὒτὸς
1142 2688 1316 2749 ἐδεῖτο
1367 2690 1491 2773 (59)
1539 2693 1873 2773 καθάρσεως,
1930 2694 1957 2747 ὁ

310 2776 483 2854 αἴρων
530 2778 627 2845 τὴν
677 2777 935 2859 ἁμαρτίαν
1012 2790 1104 2839 τοῦ
1157 2780 1401 2862 κόσμου),
1462 2782 1551 2838 καὶ
1607 2782 1958 2862 σχιζομένους

307 2868 430 2933 τοὺς
505 2869 779 2945 οὒρανοὺς,
861 2872 949 2927 καὶ
1001 2872 1103 2927 ὑπὸ
1156 2878 1247 2927 τοῦ
1304 2881 1591 2950 συγγενοῦς
1656 2873 1959 2948 Πνεόματος

308 2958 757 3039 μαρτυρυόμενον,
809 2962 895 3017 καὶ
950 2962 1352 3041 πειραζόμενον,
1421 2964 1511 3019 καὶ
1543 2968 1769 3019 νικῶντα
1806 2960 1957 3042 (60),

307 3054 397 3108 καὶ
454 3050 557 3106 ὑπὸ
611 3048 859 3129 ἀγγέλων
936 3052 1388 3127 ὑπηρετούμενον,
1450 3054 1550 3129 ,καὶ
1606 3052 1962 3130 θεραπεύοντα

2123 2418 2275 2481 XVI.
2312 2420 2397 2479 Ac
2428 2414 2671 2493 quidem
2713 2413 2888 2495 paulo
2930 2422 3083 2494 post,
3119 2422 3177 2477 et
3200 2418 3427 2489 Iesum.
3464 2438 3693 2501 purga»

2045 2506 2223 2568 tionis
2248 2522 2398 2567 mem
2419 2503 2689 2580 causa,in
2709 2502 2969 2567 Iordane
2987 2503 3039 2553 9‘
3069 2506 3307 2585 purgari
3329 2507 3579 2584 videbis,
3604 2510 3693 2572 vel

2046 2600 2455 2678 potius,aquas
2476 2593 2829 2673 purgatione
2842 2611 2952 2654 sua
2974 2594 3515 2679 puriﬁcarelneque
3530 2600 3693 2661 enim

2043 2687 2169 2765 ipse
2205 2682 2555 2765 purgatione
2584 2701 2735 2762 opus
2764 2682 3042 2758 habebat,
3071 2683 3177 2763 qui
3204 2697 3445 2765 peccata
3488 2688 3700 2752 mundi

2045 2775 2218 2854 tollit)
2253 2798 2268 2849 ;
2302 2783 2362 2835 et
2391 2771 2573 2835 ccelos
2602 2772 2822 2852 scindi,
2856 2780 2916 2833 et
2948 2774 3182 2849 cognati
3218 2776 3476 2854 Spiritus
3521 2778 3697 2840 testi-

2048 2866 2245 2929 monio
2278 2862 2593 2943 celebrari,
2624 2873 2683 2925 et
2715 2861 2960 2938 tentari,
2996 2872 3063 2923 et.
3096 2864 3400 2927 victoriam
3444 2868 3695 2945 referre,

2045 2964 2105 3017 et
2134 2954 2481 3034 angelorum
2516 2953 2850 3015 ministerio
2887 2951 2994 3024 uti,
3033 2962 3093 3013 et
3123 2954 3364 3021 morbos
3392 2976 3605 3021 omnes
3630 2976 3699 3022 ac

2047 3046 2364 3123 languores
2382 3043 2524 3103 674
2546 3055 2854 3123 curare,et
2879 3051 3147 3105 mortuos
3167 3044 3241 3105 ad
3272 3045 3445 3113 vitam
3469 3048 3701 3111 lucem-

311 3146 485 3197 πᾶσαν
546 3142 702 3199 νόσον
773 3141 862 3198 καὶ
920 3148 1097 3199 πᾶσαν
1128 3140 1414 3223 μαλακίαν,
1476 3144 1562 3199 καὶ
1602 3148 1957 3213 ζωοποιοῦντα

2053 3155 2166 3214 que
2194 3151 2473 3196 revocare
2509 3132 3043 3223 (quemadmodum
3078 3134 3304 3197 utinam
3333 3145 3388 3198 te
3434 3154 3705 3221 quoque,

314 3229 527 3308 νεκροὺς
589 3231 686 3307 (ὡς
740 3228 928 3310 ὄφελόν
1003 3252 1063 3310 γε
1093 3232 1180 3287 καὶ
1210 3232 1269 3287 σὲ
1297 3236 1366 3308 τῇ
1395 3228 1672 3304 κακοδοξίᾳ
1700 3252 1961 3309 νενεκρω-

316 3320 521 3399 μένον),
578 3320 665 3375 καὶ
719 3319 971 3395 δαίμονας
1004 3319 1387 3401 ἅπελαύνοντα,
1421 3322 1487 3379 τὰ
1517 3320 1615 3395 μὲν
1646 3317 1714 3377 δι’
1756 3321 1964 3394 ἑαυτοῦ,

315 3410 384 3467 τὰ
411 3407 466 3465 δὲ
528 3406 613 3465 διὰ
655 3409 760 3467 τῶν
810 3413 1087 3485 μαθητῶν.
1140 3411 1229 3467 καὶ
1259 3406 1437 3490 ἄρτοις
1466 3409 1668 3490 ὀλίγοις
1712 3408 1970 3490 τρέφοντα

317 3497 596 3579 μυριάδας,
654 3501 743 3556 καὶ
772 3501 1059 3571 πεζεύοντα
1117 3499 1373 3579 πέλαγος,
1425 3499 1515 3556 καὶ
1568 3496 1967 3578 τεροδιδόμενον,

315 3591 402 3647 καὶ
472 3589 887 3669 σίιειιυρούμενον²
947 3591 1036 3647 καὶ
1067 3596 1452 3669 συσταυροῦντα
1484 3590 1585 3658 τὴν
1623 3588 1759 3665 ἐμὴν
1803 3590 1971 3667 ἁμαρ-

313 3679 451 3735 τίαν·
514 3679 588 3744 ὠς
638 3679 808 3756 ἀμνὸν
882 3682 1313 3761 προσαγόμενον,
1366 3680 1455 3737 καὶ
1484 3681 1558 3744 ὡς
1601 3678 1743 3759 ἱερέα
1794 3700 1967 3759 προσ-

313 3771 539 3849 άγοντα,
598 3771 673 3833 ὥς
758 3769 1031 3850 ἄνθρωπον
1079 3772 1435 3851 θαπτόμενον,
1523 3770 1614 3827 καὶ
1693 3771 1767 3833 ὡς
1839 3770 1969 3825 Θεὸν

317 3859 680 3939 ἔγειρόμενον,
739 3859 865 3917 εἶτα
913 3862 1003 3917 καὶ
1045 3860 1432 3942 ἀνερχόμενον,
1494 3860 1582 3917 καὶ
1612 3858 1805 3928 ἢξοντα
1834 3860 1971 3935 μετὰ

315 3955 417 4017 τῆς
472 3950 661 4017 ἑαυτου
715 3948 896 4017 δόξης.
970 3950 1139 4008 Πόσαι
1198 3973 1294 4027 μοι
1354 3949 1678 4029 πανηγύρεις
1706 3948 1824 4005 καθ’
1851 3949 1972 4007 ἕκα-

320 4061 447 4096 στον
500 4045 607 4097 τῶν
638 4046 730 4096 τοῦ
784 4046 1009 4120 Χριστοῦ
1065 4041 1367 4120 μυστηρίων
1402 4044 1415 4101 l
1454 4033 1545 4096 Ὠν
1574 4039 1825 4097 ἁπάντων
1871 4060 1971 4095 κε-

2050 3224 2187 3285 tidei
2211 3224 2495 3304 pravitate
2528 3229 2881 3303 mortuum),
2908 3228 2968 3283 et
2999 3222 3325 3303 daemones,
3352 3228 3564 3308 partim
3598 3244 3705 3309 per

2052 3314 2345 3395 seipsum,
2382 3314 2593 3392 partim
2654 3311 2832 3374 etiam
2882 3330 2990 3392 per
3035 3314 3355 3394 apostolos,
3389 3322 3447 3379 in
3506 3318 3701 3398 fugam

2055 3412 2323 3483 agere,et
2349 3403 2552 3484 paucis
2576 3400 2830 3483 panibus
2853 3402 3041 3463 multa
3062 3403 3370 3467 hominum
3397 3408 3581 3470 millia
3603 3427 3706 3470 nu-

2057 3497 2225 3575 trire,
2254 3502 2312 3556 et
2338 3492 2595 3575 pedibus
2627 3510 2732 3574 per
2762 3510 2930 3554 mare
2965 3493 3078 3555 iter
3100 3493 3316 3571 facere,
3344 3506 3402 3561 et
3433 3499 3626 3579 prodi,
3649 3506 3707 3561 et

2054 3584 2115 3648 in
2148 3603 2386 3647 crucem
2424 3583 2570 3664 tolli,
2602 3601 2671 3644 ac
2700 3588 3012 3663 peccatum
3060 3602 3257 3646 meum
3290 3590 3452 3650 cruci
3501 3607 3704 3652 secum

2053 3675 2295 3753 afﬁgere
2320 3696 2332 3737 :
2352 3682 2411 3735 ut
2433 3692 2651 3751 agnum
2670 3672 2963 3751 offerri,et
2984 3682 3045 3734 ut
3063 3675 3433 3739 sacerdotem
3458 3678 3699 3759 oﬁ'erre,

2054 3773 2121 3828 ut
2139 3765 2443 3828 hominem
2465 3763 2774 3842 sepultura
2795 3762 3042 3837 at‘fici,et
3063 3772 3125 3823 ut
3145 3762 3332 3828 Deum
3356 3785 3697 3849 resurgere,

2053 3874 2123 3917 ac
2146 3864 2351 3936 postea
2372 3854 2435 3915 in
2459 3853 2675 3915 coelum
2699 3852 3415 3937 ascendere,tandemque
3437 3876 3572 3921 cum
3587 3860 3707 3935 glo-

2054 3946 2143 4009 ria
2167 3964 2274 4007 sua
2298 3954 2610 4007 venturum
2638 3961 2795 4007 esse.
2823 3946 3167 4025 Papa),un
3192 3946 3335 4007 mihi
3354 3946 3535 4010 festos
3554 3948 3706 4024 dies,

2057 4036 2182 4097 haec
2203 4037 2435 4114 singula
2458 4034 2678 4097 Christi
2707 4035 2984 4113 mysteria
3002 4035 3385 4115 suppeditant
3409 4044 3420 4100 ι
3450 4036 3710 4110 Quorum

322 4126 549 4209 φύλαιον
605 4128 683 4205 ἶν,
740 4130 775 4199 ἡ
849 4128 957 4206 ἐμὴ
1008 4129 1277 4194 τελείωςις
1346 4131 1435 4187 καὶ
1514 4127 1837 4210 ἆνάπλάσις,
1888 4151 1956 4186 κα

2059 4123 2329 4187 omnium
2355 4143 2539 4186 unum
2569 4125 2683 4185 hoc
2705 4131 2883 4203 caput
2914 4132 3026 4199 est,
3052 4134 3228 4205 atque
3254 4145 3411 4189 unus
3442 4128 3540 4191 hic
3575 4145 3711 4189 sco-

324 4220 457 4297 πρὸς
480 4219 571 4276 τὸν
601 4223 810 4299 πρῶτον
843 4215 1015 4296 Ἀδὰμ
1048 4218 1327 4287 ὶπανοδος.

2061 4234 2193 4297 pus,
2224 4214 2508 4276 nimirum
2546 4232 2675 4281 mea
2710 4213 2999 4294 perfectio
3031 4222 3091 4275 et
3126 4215 3502 4299 instauratio,
3536 4226 3713 4299 atqui)

2061 4303 2134 4366 ad
2169 4303 2424 4385 primum
2455 4302 2627 4365 illum
2660 4303 2948 4365 Adamum
2981 4303 3238 4375 reditus.

410 4395 512 4460 η’.
570 4399 691 4471 Νυνὶ
738 4396 793 4456 δέ
868 4422 962 4477 μοι
998 4398 1137 4471 δέξαι
1167 4399 1267 4470 τὴν
1290 4399 1483 4477 κύησιν
1514 4396 1668 4480 (61),
1699 4399 1790 4456 καὶ
1819 4419 1954 4477 προσ

2148 4391 2325 4457 XVII.
2358 4394 2527 4455 Nunc
2558 4400 2758 4455 autem
2793 4401 3152 4473 conceptum
3193 4395 3425 4476 accipe,
3457 4415 3527 4461 ac
3558 4416 3715 4480 pras-

330 4490 601 4568 κίρτησον”
659 4491 703 4546 εί
748 4490 837 4548 καὶ
866 4489 992 4572 (62)
1054 4491 1133 4567 μὴ
1163 4492 1236 4556 ὡς
1267 4487 1521 4561 Ἰωάννης
1567 4488 1674 4559 ἀπὸ
1730 4491 1957 4571 γαστρὸς

2070 4485 2268 4548 sulta:
2306 4482 2356 4545 si
2398 4484 2596 4544 minus
2626 4492 2690 4545 ut
2737 4483 2993 4555 Joannes
3033 4482 3107 4561 ab
3142 4491 3335 4561 utero,
3368 4496 3429 4548 at
3456 4499 3619 4550 certe
3655 4494 3718 4549 ut

331 4577 451 4637 ἀλλ’
493 4580 565 4645 ὡς
625 4577 786 4637 Δαϐὶδ
814 4579 902 4638 ἐπὶ
943 4585 1011 4658 τῇ
1059 4580 1387 4647 καταπαύσει
1409 4584 1507 4647 τῆς
1561 4576 1813 4639 κιϐωτοιὶ
1892 4589 1957 4639 Ka

2072 4575 2251 4639 David
2276 4572 2351 4635 ob
2373 4573 2643 4655 requiem
2657 4572 2910 4637 Arcae99.
2924 4573 3397 4655 Descriptionem
3416 4595 3720 4660 reverere,

328 4670 429 4738 τὴν
480 4667 798 4750 ἀπογραφὴν
859 4668 1155 4753 ιιιῖδέσθητι⁷
1180 4668 1247 4728 δι’
1300 4668 1366 4739 ἦν
1417 4670 1492 4734 είς
1516 4668 1764 4749 οὐρανοὺς
1821 4669 1957 4748 ἐγράι

2077 4672 2321 4747 propter
2336 4682 2513 4745 quam
2535 4664 2594 4725 in
2616 4664 2776 4726 caelis
2804 4663 2931 4746 ipse
2953 4664 3313 4745 describeris
3336 4687 3349 4730 :
3378 4676 3436 4745 et
3460 4668 3724 4743 nativita-

326 4783 432 4842 φης
524 4759 678 4841 (63)’
754 4760 845 4818 καὶ
901 4760 1148 4839 γέννησιν
1221 4758 1534 4829 σεϐάσθητι.
1620 4757 1687 4815 δι’
1745 4759 1812 4829 ἢν
1870 4758 1985 4816 ἐλύ-

2072 4766 2191 4817 tem
2223 4754 2482 4827 celebra,
2514 4753 2589 4816 ob
2619 4772 2800 4835 quam
2853 4755 3168 4817 nativitatis
3196 4757 3452 4820 vinculis
3496 4760 3723 4823 solutus

320 4855 421 4921 θης
469 4856 575 4908 τῶν
639 4848 855 4925 δεσμῶν
900 4856 1000 4919 τῆς
1057 4852 1360 4931 γεννήσεως
1402 4850 1545 4926 (64)·
1580 4850 1669 4907 καὶ
1699 4850 1800 4919 τὴν
1842 4853 1957 4917 Βηθη

2075 4864 2167 4922 es,
2194 4856 2257 4906 et
2287 4862 2522 4926 parvam
2554 4844 2715 4907 illam
2763 4843 3069 4909 Bethleem
3118 4846 3368 4925 honora,
3402 4868 3534 4930 quae
3576 4858 3631 4913 te
3664 4852 3725 4912 in

408 4956 474 5007 90
499 4952 673 5020 Joan.
706 4969 835 5032 vm,
869 4954 972 5021 48.
1054 4952 1105 4999 9'
1139 4954 1352 5019 Matth.
1385 4970 1473 5033 In,
1500 4953 1597 5029 t3.
1682 4953 1742 5005 99
1766 4952 1819 5018 ΙΙ
1850 4956 2000 5035 Reg.
2034 4971 2113 5032 vr,
2156 4954 2248 5020 1.4.

422 5061 536 5155 ιξιι
566 5060 879 5155 "Mitis-
926 5061 1078 5155 Ριθιτ
1110 5058 1174 5155 ἀρ
1220 5061 1541 5155 πριστίθεις-

2070 5060 2241 5139 dunt,
2274 5062 2364 5131 τὸν
2408 5059 2748 5140 πειράζοντα,
2800 5080 2830 5120 ε
2878 5070 2938 5123 et
2979 5062 3055 5129 de
3098 5070 3392 5127 tentatore
3424 5063 3720 5129 victoriam

420 5141 550 5223 (55)
590 5140 655 5199 Ὤ
686 5140 977 5223 δαιμόνων.
1010 5140 1112 5205 Sic
1141 5140 1262 5205 tres
1290 5142 1477 5222 Regg.
1512 5147 1572 5215 et
1590 5147 1713 5206 tres
1743 5140 1957 5215 qubJI

2070 5142 2320 5205 referre.
2349 5166 2371 5198 ε

337 5221 464 5300 CCL,
495 5221 541 5281 ὦ
568 5224 657 5281 καὶ
682 5221 973 5300 δαιμόνων,

414 5303 536 5387 (56)
571 5301 955 5387 οιιδιὶεῐὶιθεεζ
976 5302 1101 5387 brn.
1136 5302 1216 5385 ph
1261 5311 1321 5366 et
1362 5303 1566 5386 plures
1592 5302 1790 5387 Colb.,
1846 5304 1988 5387 athe.

2158 5223 2286 5302 (61)
2318 5225 2427 5291 Τὴν
2457 5220 2665 5290 κύησιν.
2708 5247 2731 5278 ιι
2761 5223 3153 5302 Conceptum,
3189 5223 3409 5285 fetum»
3436 5223 3497 5284 in
3530 5233 3722 5285 utero.

2074 5301 2203 5367 Non
2248 5304 2409 5385 enim
2435 5312 2605 5385 partu
2653 5304 2865 5383 effuso,
2897 5301 3022 5365 sive
3066 5304 3295 5365 Christo
3326 5313 3484 5377 nato,
3520 5305 3725 5367 exsul-

418 5382 538 5469 (57)
569 5385 798 5469 μικρόν,
843 5382 871 5440 ἆ
918 5382 1101 5469 Paulo
1134 5382 1290 5465 post.
1328 5382 1471 5469 {Id
1498 5393 1612 5469 est,
1635 5382 1991 5469 duodecimo
2073 5386 2218 5446 tavit
2247 5382 2533 5465 Joannes,
2568 5385 2671 5445 sed
2706 5382 3046 5464 priusquam
3108 5395 3473 5447 nasceretur.
3522 5386 3730 5449 Btllius

335 5486 371 5531 a
390 5463 610 5548 Christi
624 5463 924 5529 nativitate
954 5463 1147 5547 die,in
1165 5484 1285 5547 quo
1304 5466 1436 5546 ejus
1456 5463 1739 5548 baptismi
1769 5484 1994 5530 memo-
2081 5491 2104 5523 ι
2156 5478 2409 5545 partum.
2447 5490 2475 5522 ι

335 5549 424 5613 ria
467 5547 831 5611 celebratur.

422 5630 540 5711 (58)
578 5629 689 5711 Ἐν.
725 5626 903 5711 Deest
928 5625 991 5689 in
1036 5626 1305 5711 pluribus
1336 5625 1520 5707 Regg.
1558 5635 1617 5689 et
1644 5625 1748 5690 Or.
1801 5637 1854 5689 1.

418 5709 541 5790 (59—)
574 5709 803 5767 Ἐδεϊτο.
840 5709 1004 5789 Par.,
1038 5709 1233 5790 δεῖται.

421 5788 541 5874 (60)
574 5792 674 5851 Καὶ
704 5794 955 5853 νικῶντα.
989 5788 1174 5853 Coisl.
1214 5792 1268 5867 1,
1314 5789 1417 5856 0r.
1483 5793 1543 5867 1,
1597 5789 1811 5857 Comb.
1872 5790 1999 5865 ad,-

662 5898 930 5961 Ρετιιοι..
973 5897 1091 5961 Gn.
1135 5896 1419 5967 XXXVI.

2156 5543 2282 5627 (6-2)
2316 5551 2373 5607 Et
2401 5548 2508 5604 καὶ.
2546 5543 2696 5627 Tres
2740 5544 2915 5624 Begs.
2948 5552 3006 5606 et
3037 5545 3143 5609 Or.
3180 5546 3323 5627 1,}?!
3358 5571 3465 5610 τοι.

2154 5626 2287 5707 (63)
2317 5628 2612 5709 Ἐγράφης.
2647 5626 2913 5710 Quatuor
2940 5627 3120 5705 Regg.
3157 5634 3216 5688 et
3241 5626 3345 5691 Or.
3408 5637 3464 5706 1,
3526 5631 3731 5710 γράφῃ.

2161 5709 2282 5790 (64)
2314 5707 2646 5779 Γεννήσεως.
2678 5707 2860 5787 Regg.
2912 5725 2968 5789 c,
3011 5710 3296 5787 ἁμαρτίας,
3350 5734 3373 5765 α
3414 5707 3669 5792 peceati.
3698 5733 3731 5771 ε

3309 5900 3413 5964 ll.
