4158 6434
275 281 401 347 341
1270 291 1553 355 ORATIO
1596 290 1874 355 XXXIX.
1908 322 1986 337 —-
2017 291 2103 355 IN
2147 291 2443 357 SANGTA
2484 288 2808 357 LUMINA.
3608 293 3727 360 342

267 422 735 511 κακοδαιμονίας
784 428 867 511 ἔφ’
912 430 1140 488 ἅπασιν·
1196 429 1271 494 ὡς
1330 426 1485 507 εἴπερ
1507 424 1723 485 ἀσεϐεῖν
1781 429 1908 487 aito

2075 433 2246 505 arant,
2281 425 2685 488 communiter
2727 432 2927 490 tamen
2978 426 3182 488 omnia
3228 426 3301 489 ad
3355 427 3717 493 horrendam

266 510 388 569 ἔδει
458 515 726 589 πάντως,
789 510 876 577 καὶ
923 519 1024 589 τῆς
1080 525 1173 577 τοῦ
1203 525 1335 578 Θεοῦ
1365 516 1519 585 δόξης
1552 517 1908 593 ἀποπεσεῖν,ι

2076 515 2489 595 perditamque
2538 516 2906 597 impietatem
2955 516 3321 595 tendebant;
3355 516 3504 581 adeo
3556 526 3642 594 ut,
3672 518 3718 580 si

265 601 494 662 εἴδωλα
557 608 995 689 κατενεχθέντα(
1048 610 1138 666 καὶ
1193 608 1399 689 τέχνης
1456 606 1607 688 ἔργα,
1642 608 1729 664 καὶ
1775 628 1907 688 χειρί

2075 605 2306 687 quidem
2330 605 2577 667 omnino
2602 625 2708 667 eos
2731 606 3041 687 impietate
3062 607 3412 687 constringi,
3434 614 3617 688 atque
3643 608 3717 671 ad

260 692 618 770 πλάσματα,
690 698 768 771 μὴ
820 697 883 755 ἂν
934 697 1065 757 ἄλλο
1121 722 1171 756 τι
1201 697 1321 756 κατ’
1352 698 1525 756 αὐτῶν
1568 697 1807 765 εὔξασθαι
1854 720 1902 754 τε

2079 695 2384 757 εἰωιιιθοιιε
2406 702 2464 756 et
2487 695 2637 758 artis
2659 714 2844 777 opera
2862 714 3270 778 manuumque
3289 697 3571 776 ﬁgmenta
3589 716 3721 779 pro-

264 805 333 862 γε
396 792 532 842 νοῦν
601 786 715 867 ἕχο
728 810 867 869 θτας,
898 789 935 858 ἢ
967 794 1186 847 τοιαῦτα
1218 785 1564 863 σεϐασθῆναι,
1592 789 1681 845 καὶ
1716 787 1855 846 οὕτω
1885 810 1906 845 τ

2077 790 2288 866 lapsos,
2314 803 2348 847 a
2369 784 2473 847 Dei
2500 785 2691 865 gloria
2707 786 2889 867 dejici
2916 786 3249 868 oqortebat,
3276 787 3427 850 nihil
3448 788 3607 850 aliud
3631 787 3719 868 ip-

265 877 490 954 μῆσαι,
558 874 670 933 ἵνα
729 877 829 946 τήν
858 878 1217 958 ἀντίμισθίαν,
1276 876 1340 945 ἦν
1370 875 1473 935 ἔδει
1503 881 1601 947 τῆς
1633 875 1867 954 πλάνης,
1901 902 1907 931 ι

2075 878 2145 937 sis
2171 874 2398 938 cordati
2422 874 2695 939 homines
2730 876 3046 957 imprecari
3071 882 3518 958 possent,quam
3538 884 3603 939 ut
3627 885 3717 939 ta-

263 984 411 1042 φησι
479 964 739 1045 Παῦλος,
792 967 1267 1047 ἀπολαμϐάνωσιν,
1338 971 1395 1026 ἒν
1452 971 1538 1034 οἷς
1610 965 1875 1026 σέϐονται·

2084 964 2138 1027 ia
2152 966 2960 1044 venerarentur,talibusque
2974 967 3720 1043 honoribusaﬂicerent,ut

268 1051 505 1128 μᾶλλον
580 1059 879 1132 τιμῶντες,
915 1058 949 1128 ἢ
996 1057 1064 1115 δι’
1121 1058 1334 1117 ἐκείνων
1394 1057 1520 1138 (18)
1566 1058 1910 1135 ἀτιμαζόμενι

2070 1056 2281 1117 erroris
2306 1055 2670 1133 mercedem,
2700 1076 2877 1134 quam
2902 1055 3162 1131 dicebat,
3190 1064 3253 1118 ut
3273 1057 3355 1118 ait
3382 1056 3607 1119 Paulus
3625 1057 3712 1133 99,

266 1139 588 1203 Βδελυκτοὶ
670 1152 769 1214 τῆς
826 1146 1059 1222 πλάνης,
1127 1146 1525 1227 βδελυκτότεροι
1554 1153 1656 1216 τῆς
1708 1146 1908 1214 εὐτελεί

2072 1162 2166 1224 per
2188 1145 2531 1225 hujusmodi
2550 1144 2995 1208 venerationem
3015 1146 3511 1227 reciperent;non
3528 1147 3714 1228 magis

263 1238 385 1290 τῶν
448 1237 953 1314 προσκυνουμένων
1037 1240 1126 1296 καὶ
1183 1236 1506 1315 σεϐομένων,
1580 1238 1673 1295 ἵνα
1737 1238 1827 1295 καὶ
1877 1260 1905 1293 α

2070 1254 2134 1297 ea
2154 1237 2400 1297 numina
2434 1253 2541 1317 per
2569 1237 2803 1318 seipsos
2835 1238 3221 1312 honorantes,
3246 1256 3423 1318 quam
3456 1236 3572 1318 ipsi
3605 1256 3712 1319 per

261 1326 385 1381 τῶν
454 1331 583 1380 τῶν
646 1328 966 1403 τιμωμένων
1044 1331 1176 1385 ὦσιν
1222 1327 1679 1409 ἀναισθητότεροι,
1726 1330 1903 1386 τοσοῦι

2065 1344 2133 1387 ea
2181 1326 2442 1388 dedecus
2490 1335 2666 1408 atque
2710 1327 3013 1389 infamiam
3067 1326 3333 1408 sibiipsis
3374 1331 3707 1395 inurentes.

256 1412 733 1493 ὑπερϐάλλοντες
792 1417 966 1493 ἀνοίᾳ,
1026 1416 1152 1476 ὅσον
1236 1417 1471 1492 εὐτελείᾳ
1519 1419 1585 1476 τὰ
1641 1440 1898 1483 προσκυνο

2066 1414 2470 1479 Exsecrabiles
2494 1416 2736 1498 quidem
2761 1416 2849 1479 illi
2873 1416 2948 1479 ob
2973 1435 3263 1494 errorem,
3291 1418 3708 1481 exsecrabilio-

269 1524 451 1578 μενα.
2058 1524 2156 1568 res
2210 1515 2406 1569 autem
2436 1506 2512 1569 ob
2540 1525 2771 1584 eorum,
2797 1526 2933 1585 quae
2962 1515 3323 1569 venerantur
3353 1515 3532 1585 atque
3557 1509 3707 1571 ado-

265 1601 447 1669 rant,
484 1594 831 1673 vilitatem;
863 1595 944 1659 ita
965 1604 1031 1659 ut
1054 1596 1128 1661 iis
1159 1596 1362 1675 etiam,
1394 1616 1525 1680 quae
1554 1597 1782 1673 colunt,
1815 1595 2176 1679 stupidiores
2206 1615 2271 1658 se
2294 1596 2621 1679 praebeant,
2649 1604 2995 1679 tantumque
3026 1616 3097 1660 ea
3123 1596 3426 1659 dementia
3446 1609 3506 1660 et
3536 1598 3709 1661 stoli-

264 1682 477 1749 ditate
514 1696 821 1769 superent
842 1695 1125 1769 quantum
1158 1687 1233 1751 ab
1262 1687 1358 1765 iis,
1385 1707 1521 1767 quae
1550 1689 1820 1762 adorant,
1854 1687 2075 1750 vilitate
2106 1695 2482 1766 superantur.

362 1775 461 1839 Ζ’.
548 1777 737 1837 Ταῦτα
768 1778 868 1853 μὲν
898 1778 988 1836 οὗν
1017 1779 1352 1852 παιζέτωσαν
1408 1778 1684 1851 Ἐλλήνων
1752 1776 1968 1857 παῖδες,
2000 1786 2004 1833 1

2140 1775 2265 1841 VII.
2295 1782 2490 1855 Atque
2515 1777 2642 1841 haec
2672 1776 2917 1859 quidem
2949 1775 3155 1839 ludant
3178 1776 3452 1856 gentiles,
3479 1797 3549 1841 ac
3579 1779 3703 1841 daa-

267 1866 370 1923 καὶ
432 1864 729 1942 δαίμονες,
791 1865 918 1947 παρ’
947 1869 1024 1926 ὧν
1052 1867 1270 1935 ἐκείνοις
1299 1870 1333 1939 ἡ
1382 1867 1554 1948 ἄνοια,
1586 1870 1682 1938 τὴν
1714 1879 1807 1928 τοῦ
1838 1876 1907 1926 Θε

2065 1885 2332 1943 mones,a
2351 1868 2572 1946 quibus
2590 1868 2677 1929 illi
2701 1868 2761 1931 in
2783 1868 2937 1930 hanc
2952 1867 3271 1930 amentiam
3291 1867 3370 1929 iul
3380 1868 3707 1948 pelluntur,

273 1955 456 2032 τιμὴν
522 1959 609 2021 εἷς
682 1959 897 2022 ἑαυτοὺς
953 1957 1343 2035 μεθελκὸντων,
1420 1962 1511 2018 καὶ
1565 1957 1758 2023 ἄλλους
1787 1958 1915 2016 ἄλλα

2064 1956 2193 2018 lum
2218 1957 2502 2019 nimirum
2523 1957 2632 2020 Dei
2655 1958 2788 2019 681
2822 1957 3113 2020 honorem
3144 1957 3216 2021 ad
3242 1955 3470 2038 seipsos
3499 1958 3706 2021 detor-

273 2048 757 2124 κατατεμνόντων
795 2050 869 2111 εἰς
928 2050 1153 2131 αἰσχρὰς
1213 2047 1365 2116 δόξας
1396 2050 1485 2107 καὶ
1518 2051 1838 2131 φαντασίας,
1874 2050 1915 2105 ἀ‹

2062 2054 2444 2128 quent,atque
2467 2047 2527 2109 in
2554 2055 2761 2129 turpes
2784 2047 3205 2122 sententias,et
3222 2065 3423 2109 rerum
3443 2048 3704 2127 species,

276 2138 344 2194 οὗ
392 2144 497 2194 τοῦ
560 2136 719 2204 ξύλου
773 2138 869 2205 τῆς
916 2140 1058 2211 ζωῆς
1116 2137 1433 2205 ἐκϐαλόντες
1479 2141 1651 2216 ἡμᾶς,
1686 2146 1764 2203 τῷ
1831 2138 1918 2206 Εύλ

2064 2135 2203 2198 alios
2223 2137 2339 2198 alio
2360 2136 2537 2199 modo
2567 2137 2933 2214 discindunt,
2958 2156 3028 2199 ex
3045 2156 3163 2218 quo
3190 2156 3298 2203 nos
3318 2156 3425 2217 per
3441 2138 3706 2203 scientiae

274 2231 386 2294 τῆς
450 2228 717 2305 γνώσεως
780 2229 841 2286 οὗ
870 2230 1008 2286 κατὰ
1040 2230 1247 2309 καιρὸν,
1298 2228 1404 2287 οὔδ’
1446 2229 1763 2299 ἐπιτηδείως
1798 2253 1916 2307 μετς

2059 2225 2279 2305 lignum
2310 2225 2504 2288 minus
2532 2230 2882 2308 tempestive
2906 2235 2965 2289 et
2994 2226 3306 2289 commode
3328 2237 3701 2309 perceptum,

277 2314 599 2395 ληφθείσης
650 2316 804 2398 (19),
864 2319 939 2382 ὡς
991 2318 1397 2400 ἀσθενεστέρους
1451 2318 1556 2388 ἤδη
1612 2319 1919 2400 κατέδραμον

2064 2315 2186 2377 vitae
2214 2315 2372 2396 ligno
2405 2315 2770 2392 exturbatos,
2807 2317 2965 2381 velut
2988 2317 3119 2397 jam
3159 2316 3544 2392 infirmiores,
3572 2338 3706 2382 exa-

280 2405 384 2460 τὸν
442 2405 703 2483 ἢγεμόνα
760 2407 883 2464 νοῦν
943 2410 1396 2489 συναρπάσαντες,
1458 2412 1548 2468 καὶ
1601 2424 1721 2475 τοῖς
1781 2411 1922 2468 πάθει

2063 2404 2335 2485 gitarunt,
2369 2405 2791 2486 gubernatrice
2846 2416 3045 2470 mente
3098 2406 3366 2487 abrepta,
3392 2408 3705 2488 jannaque

286 2494 459 2573 θύραν
535 2494 857 2562 ἀνοίξαντες.
923 2497 994 2557 Οὔ
1051 2498 1151 2577 γὰρ
1209 2498 1416 2579 ἔφερον,
1450 2500 1599 2579 φύσις
1654 2498 1802 2565 ὄντες
1833 2503 1928 2580 φθο

2058 2494 2276 2557 vitiosis
2326 2495 2514 2557 animi
2561 2495 2981 2559 affectionibus
3029 2496 3333 2578 patefacta.
3367 2495 3492 2560 Nec
3542 2500 3700 2562 enim

293 2584 431 2662 νερὰ
487 2588 583 2642 καὶ
654 2587 1047 2669 μισάνθρωπος,
1108 2588 1314 2665 μᾶλλον
1372 2587 1427 2646 δὲ
1490 2587 1575 2647 διὰ
1602 2589 1702 2658 τὴν
1764 2591 1935 2647 ἑαυτῶ

2060 2584 2211 2647 ferre
2235 2593 2679 2667 poterant,cum
2702 2586 2922 2649 invidia
2940 2594 3120 2664 atque
3132 2586 3268 2648 odio
3287 2586 3575 2650 adversus
3597 2591 3702 2652 ho-

290 2672 501 2729 κακίαν
562 2674 859 2758 γενόμενοι,
920 2678 1042 2743 τοὺς
1112 2679 1260 2736 κάτω
1311 2679 1419 2736 τῶν
1448 2678 1556 2737 ἅνω
1573 2692 1786 2760 τυχεῖν,
1821 2679 1932 2736 αὖτι

2059 2674 2273 2736 minem
2301 2683 2506 2755 suapte
2533 2683 2745 2738 natura
2766 2676 3106 2756 ﬂagrarent,
3134 2676 3246 2749 vel,
3276 2686 3342 2736 ut
3363 2676 3586 2738 rectius
3607 2679 3701 2741 lo-

295 2763 572 2829 πεσόντες
629 2763 713 2822 ἐπὶ
766 2772 868 2844 γῆς
919 2766 1139 2845 ἀνωθεν,
1176 2766 1292 2827 οὗδέ
1322 2769 1586 2837 τοσαύτην
1644 2770 1936 2842 μετάστασι

2057 2783 2229 2845 quar,
2252 2774 2496 2846 propter
2518 2765 2725 2827 vitium
2755 2784 2929 2827 suum
2950 2766 3012 2826 in
3037 2766 3194 2827 hunc
3215 2763 3486 2826 habitum
3515 2766 3699 2847 dege-

294 2852 564 2939 γενέσθαε
633 2861 733 2923 τῆς
776 2854 955 2933 δόξης,
1001 2860 1090 2915 καὶ
1130 2865 1238 2916 τῶν
1267 2859 1492 2938 πρώτων
1522 2859 1751 2938 φύσεων.
1802 2866 1936 2917 Τοῦτ

2052 2862 2387 2936 nerassent,
2421 2862 2694 2918 terrenos
2734 2855 3012 2917 homines
3042 2855 3325 2935 supernis
3354 2853 3527 2917 bonis
3556 2857 3694 2939 frui,

290 2938 446 2999 ἐστιν
506 2945 536 2999 ὁ
588 2941 824 3022 διωγμὸς
897 2946 991 3004 to;
1041 2947 1378 3024 πλάσματος
1438 2946 1524 3005 διὰ
1553 2954 1709 3005 τοῦτο
1740 2950 1774 3017 ἡ
1809 2949 1932 3005 εἰκὼ

2056 2962 2186 3005 cum
2223 2944 2331 3025 ipsi
2364 2963 2397 3005 e
2426 2944 2576 3007 coelo
2608 2944 2670 3005 in
2714 2952 2933 3007 terram
2980 2944 3371 3025 corruissent,
3403 2963 3513 3007 nec
3564 2938 3698 3009 tan?

284 3037 387 3088 τοῦ
433 3038 577 3089 Θεοῦ
624 3033 964 3115 καθυϐρίσθη·
1010 3036 1105 3093 καῖ
1166 3039 1337 3103 καθὼς
1411 3037 1505 3095 οὒκ
1572 3034 1926 3111 ἒδοκιμάσαμε

2058 3041 2166 3094 tam
2195 3033 2422 3113 glorias,
2450 3034 2833 3116 pristinasque
2864 3034 3133 3115 ipsorum
3161 3041 3385 3097 naturae
3418 3037 3700 3100 mutatio-

291 3118 524 3208 φυλάξαι
583 3124 685 3191 τὴν
744 3123 991 3201 ἐντολὴν,
1030 3126 1403 3208 ’παρεδόθημεν
1434 3132 1503 3204 τῇ
1533 3128 1820 3203 αὐτονομίᾳ
1862 3131 1928 3193 τῆ

2060 3140 2185 3185 nem
2209 3123 2361 3187 ﬁeri.
2398 3125 2631 3188 Idcirco
2655 3124 2995 3206 persecutio
3021 3124 3306 3185 adversus
3327 3123 3435 3187 Dei
3457 3124 3702 3203 ﬁgmem

292 3207 511 3277 πλάνης
578 3211 726 3291 (20)*
778 3214 868 3271 καί
914 3216 1088 3280 καθὼς
1129 3216 1533 3293 ἐπλανήθημεν,
1586 3216 1931 3292 ἠτιμάσθημε

2057 3221 2172 3273 tum
2205 3214 2453 3276 excitata
2479 3223 2609 3291 est;
2638 3214 2865 3277 idcirco
2886 3214 2995 3276 Dei
3025 3214 3218 3293 imago
3247 3213 3466 3294 probro
3498 3223 3558 3277 et
3588 3215 3699 3279 de-

297 3295 353 3354 ἒν
424 3305 513 3365 οἷς
578 3300 967 3380 ἐσεϐάσθημεν,
1030 3308 1103 3365 Οὔ
1153 3307 1253 3387 γὰρ
1294 3309 1452 3364 τοῦτο
1486 3305 1649 3382 μόνον
1677 3304 1869 3381 δεινὸν,
1902 3307 1939 3361 τὲ

2057 3301 2266 3364 decore
2294 3304 2524 3367 affecta.
2551 3304 2626 3366 Et
2655 3304 3163 3382 quemadmodum
3188 3303 3462 3366 mandato
3490 3323 3699 3385 parere

300 3390 710 3478 πεποιημὰιους
759 3392 845 3449 ἐπ’
904 3395 1126 3473 ἀγαθοῖς
1186 3396 1359 3477 ἔργοις
1388 3394 1530 3478 (21),
1565 3397 1639 3460 εἷς
1694 3392 1845 3462 δόξαν
1874 3418 1942 3452 κα

2059 3392 2479 3469 recusavimus,
2505 3393 2586 3455 ita
2616 3392 2871 3456 licentize
2894 3394 3112 3456 erroris
3133 3392 3335 3455 traditi
3366 3412 3613 3473 sumus;
3642 3405 3701 3459 et

302 3476 535 3540 ἔπαινον
586 3490 678 3540 τοῦ
733 3486 1123 3561 πεποιηκότος,
1178 3489 1268 3545 καὶ
1353 3476 1484 3546 Θεοῦ
1542 3487 1792 3566 μίμησιν,
1843 3482 1944 3542 ὅσοι

2054 3482 2560 3562 quemadmodum
2590 3482 3063 3559 abberravimus,
3100 3484 3185 3545 ita
3215 3482 3476 3544 vicissim
3510 3483 3573 3545 in
3601 3485 3696 3565 iis,

303 3566 553 3649 ἐφικτὸν,
600 3574 927 3652 ὁρμητήριον
984 3575 1225 3655 γενέσθαι
1295 3577 1560 3634 παντοίων
1613 3579 1818 3656 παθῶν,
1866 3576 1945 3651 βο·

2057 3571 2267 3652 quibus
2284 3572 2505 3634 cultum
2528 3583 2589 3635 et
2603 3573 3051 3637 venerationem
3067 3574 3699 3657 adhibuimus,probro

297 3660 590 3736 σκομὲνων
647 3668 826 3730 κακῶς
878 3667 967 3722 καὶ
1035 3664 1391 3726 δαπανώντων
1440 3668 1529 3724 τὸν
1564 3665 1711 3731 ἐντὸς
1756 3664 1939 3744 ἀνθρω·

2058 3675 2110 3727 et
2142 3662 2473 3741 ignominia
2495 3663 2721 3745 perfusi
2754 3682 2983 3726 sumus.
3019 3664 3141 3727 Nec
3172 3664 3331 3727 enim
3364 3665 3475 3726 hoc
3508 3665 3700 3728 solum

300 3769 428 3807 πονο
494 3750 637 3809 ἀλλᾶ
680 3755 740 3810 τὸ
983 3758 1071 3813 καὶ
1126 3758 1275 3823 θεοὺς
1334 3758 1627 3828 στήσασθαι
1671 3754 1786 3829 (23)
1832 3778 1942 3812 συν-

2054 3770 2225 3831 grave
2263 3760 2323 3815 et
2355 3752 2666 3832 indignum
2697 3762 2810 3835 est,
2836 3753 3021 3834 quod,
3046 3773 3177 3816 cum
3208 3754 3280 3816 ad
3314 3753 3469 3816 bona
3495 3773 3696 3837 opera,

298 3838 542 3918 ηγόρους
601 3855 720 3905 τοῖς
816 3843 1058 3920 πάθεσιν,
1142 3847 1236 3903 ’ἕνα
1320 3848 1399 3923 μὴ
1466 3846 1628 3923 μόνον
1687 3846 1940 3904 ἀνεύθυνοε

2058 3842 2108 3903 in
2134 3841 2366 3922 Opiﬁcis
2389 3844 2625 3905 laudem
2652 3844 3003 3923 etgloriam,
3032 3843 3587 3924 Deique,quantum
3611 3845 3700 3907 fas

300 3930 363 3985 τὸ
418 3932 771 4015 ἁμαρτάνειν,
876 3934 1012 3993 ἀλλὰ
1088 3941 1177 3995 καὶ
1271 3942 1415 3995 θεῖον
1505 3937 1812 4016 νομίζηται,
1888 3939 1942 3991 εἷα

2060 3941 2165 4012 est,
2199 3932 2615 4009 imitationem,
2651 3934 2835 3995 creati
2887 3952 3178 4009 essemus,
3214 3934 3411 3995 omnis
3462 3936 3702 4013 generis

306 4023 566 4091 τοιαύτην
661 4027 995 4107 καταφεῦγον
1078 4026 1396 4109 ἀπολογίαν,
1485 4028 1551 4083 τὰ
1630 4027 1948 4104 προσκυνού·

2059 4022 2347 4098 vitiorum,
2375 4041 2505 4103 qua;
2535 4023 2883 4085 intestinum
2914 4025 3216 4086 hominem
3261 4023 3480 4087 misere
3511 4023 3701 4105 depa-

308 4129 468 4183 μενα,
2046 4122 2220 4172 scunt
2246 4120 2425 4192 atque
2458 4120 2846 4190 consumunt,
2875 4113 3051 4178 sedes
3084 4122 3142 4176 et
3194 4114 3700 4193 propugnaculum

308 4195 445 4261 facti
476 4221 704 4287 sumus;
738 4204 841 4268 sed
876 4206 1054 4268 etiam
1084 4205 1241 4288 quod
1304 4205 1463 4269 Deos
1520 4206 1795 4269 vitiorum
1850 4213 2129 4288 patronos
2186 4202 2547 4278 effinximus,
2582 4211 2646 4264 ut
2690 4212 3020 4284 peccatum,
3070 4224 3189 4266 non
3239 4204 3413 4265 modo
3446 4203 3703 4265 crimine

312 4300 511 4355 careat
565 4292 670 4356 sed
731 4295 909 4357 etiam
972 4296 1243 4360 divinum
1290 4304 1626 4374 censeatur,
1677 4296 1750 4359 ad
1809 4314 1880 4359 ea
1929 4292 2229 4366 videlicet,
2263 4310 2396 4370 quae
2449 4311 2553 4371 pro
2589 4293 2704 4356 diis
2747 4293 3092 4368 adorantur,
3123 4293 3491 4358 defensionis
3522 4312 3702 4357 causa

314 4382 689 4463 confugiens.

396 4474 492 4534 H'.
554 4465 718 4552 Ἠμτν
747 4474 802 4533 δὲ
843 4475 1023 4556 ὥσπερ
1075 4476 1333 4557 ἐχαρίσθη
1363 4478 1423 4534 τὸ
1455 4484 1674 4557 φυγοῦσι
1723 4478 1821 4546 τὴν
1851 4476 1962 4534 δει-
1988 4489 2031 4539 D

2132 4473 2287 4536 Vill.
2314 4473 2389 4535 At
2410 4474 3086 4554 vero,quemadmodum
3112 4473 3285 4535 nobis
3300 4473 3500 4534 divino
3522 4475 3701 4537 bene-

312 4559 589 4639 σιδαίμονα
658 4564 893 4640 πλάνην,
954 4567 1090 4643 μετὰ
1132 4571 1231 4634 τῆς
1277 4566 1529 4635 ἀληθείας
1581 4567 1844 4647 γενέσθαι,
1874 4569 1954 4624 καὶ

2063 4565 2183 4627 icio
2216 4582 2570 4626 concessum
2600 4574 2710 4645 est,
2745 4573 2829 4641 ut,
2867 4564 3283 4646 superstitioso
3318 4582 3523 4627 errore
3571 4565 3705 4645 fuga

311 4648 578 4711 δουλεύειν
635 4656 752 4730 Θεῷ
799 4659 956 4727 ζῶντι
1026 4657 1113 4711 καὶ
1166 4656 1425 4737 ἀληθινῷ,
1480 4659 1567 4713 καὶ
1623 4660 1721 4725 τὴν
1792 4658 1953 4714 mliti

2059 4655 2280 4728 relicto,
2309 4673 2340 4715 a
2372 4654 2619 4717 veritate
2646 4664 2899 4727 stemus,
2931 4675 3000 4717 ac
3028 4659 3153 4719 Deo
3175 4655 3304 4714 vivo
3329 4663 3388 4715 et
3410 4672 3549 4716 vero
3572 4673 3701 4717 ser-

309 4741 727 4826 ὓπεραναϐἧναι,
761 4746 937 4806 πάντα
989 4746 1302 4825 περάσασιν,
1366 4748 1462 4804 ὅοα
1491 4748 1592 4804 ὑπὸ
1648 4748 1844 4828 χρόνον
1872 4748 1951 4805 καῖ

2058 4747 2294 4817 viamus,
2332 4752 2396 4807 et
2423 4763 2601 4825 supra
2651 4754 2983 4808 creaturam
3039 4761 3441 4825 assurgamus,
3477 4744 3700 4826 omnia,

310 4834 523 4910 πρὼτην
584 4838 813 4903 κίνησιν·
873 4835 1011 4895 οὕτω
1068 4839 1157 4893 καὶ
1218 4836 1449 4915 εἴδωμεν
1478 4836 1633 4919 (24),
1665 4840 1752 4894 καὶ
1798 4837 1952 4918 φιλο-

2065 4853 2176 4918 [uae
2207 4834 2457 4914 tempori
2491 4834 2818 4916 primaeque
2853 4836 3108 4898 motioni
3158 4831 3502 4914 subjacent,
3538 4834 3707 4914 traji-

312 4926 631 5003 σοφήσωμεν
687 4927 754 4984 τὰ
825 4929 943 5005 περὶ
1002 4934 1134 4985 Θεοῦ
1164 4929 1251 4984 καὶ
1280 4929 1344 4984 τὰ
1380 4931 1522 4988 θεῖα.
1556 4927 1954 5007 Φιλοσοφήσω-

2064 4926 2316 4997 :ientes;
2354 4924 2433 4985 ita
2467 4925 2646 4985 etiam
2680 4924 3027 4987 faciendum
3086 4934 3203 5002 est,
3239 4933 3419 4999 utea,
3456 4943 3585 5005 quas
3634 4924 3706 4986 de

315 5032 408 5083 μεν
449 5012 529 5095 δὲ,
560 5017 853 5098 ἀρχόμενοι
884 5016 1041 5099 (25),
1076 5017 1193 5075 ὅθεν
1237 5016 1493 5099 ἄρχεσθαι
1522 5017 1765 5095 ἄμεινον’
1802 5017 1956 5095 ἄμει-

2060 5016 2189 5089 )eo,
2215 5031 2289 5075 ac
2309 5013 2509 5078 divina
2533 5023 2695 5095 sunt,
2720 5033 3177 5095 cognoscamus,
3201 5014 3275 5077 de
3297 5014 3494 5096 iisque
3517 5014 3702 5076 disse-

394 5118 457 5170 99
485 5120 656 5186 Rom.
693 5141 734 5200 ι,
767 5122 868 5205 23,
903 5142 1038 5205 sqq.

395 5228 512 5313 (ιδ)
544 5234 867 5313 nuptam“
913 5230 1060 5313 ἣγδβ
1117 5231 1353 5295 ἐκείνων.
1416 5229 1693 5313 Quinque
1748 5228 1967 5313 Regg.,

722 5254 867 5313 ντες,
913 5230 1060 5313 ἣδβ
1117 5231 1353 5295 ἐκείνων,
1416 5229 1693 5313 Quinque
1748 5228 1967 5313 Regg.,
2053 5230 2295 5313 bertati.
2335 5257 2361 5289 ι

319 5312 436 5394 tres
457 5308 653 5392 Colh.,
688 5311 1359 5394 dquoﬁCoislﬂﬁupc‘bvtec
1414 5315 1480 5369 τὰ
1539 5308 1961 5388 σεϐάσματα-[ἧ

2060 5393 2063 5394 ν
2134 5312 2256 5390 (21)
2283 5312 2406 5372 Ἐπ’
2443 5314 2664 5390 ἀγαθοῖς
2727 5314 2923 5394 ἔργοις,
2988 5322 3105 5377 etc.
3164 5312 3295 5394 Bill.
3339 5329 3352 5374 ζ
3395 5335 3419 5368 ι(
3457 5316 3702 5393 propter

312 5384 376 5443 δι’
399 5384 771 5476 ,ἑαλδντὼν-’δὶα
809 5393 954 5473 legit
997 5384 1231 5476 Billjus.
1568 5472 1603 5476 _
1707 5384 1716 5388 ’
1858 5384 1866 5388 ⁷
2053 5384 2439 5476 bouaopera,
2473 5384 2588 5456 hoc
2611 5402 2721 5476 est,
2750 5384 2823 5476 ad
2856 5384 3089 5476 opiﬁcis
3122 5392 3383 5467 Iaudem,
3423 5384 3599 5454 n'etc'.

392 5470 522 5556 _(_l9)
567 5470 1038 5556 μεταληφθέίσης.
1079 5472 1205 5556 _Si_c_
1258 5476 1524 5556 quinque
1568 5472 1781 5556 Begg.,
1842 5482 1973 5537 octo

1590 5472 1781 5556 iegg.,
1842 5482 1973 5537 octo
2142 5470 2459 5556 (arma
2485 5477 2570 5534 τὸ.
2606 5470 2845 5545 Comb.,
2880 5470 3015 5531 ἆλλά
3034 5476 3122 5532 καὶ
3151 5476 3232 5533 τὸ.

310 5551 495 5633 βοηλ,
556 5551 658 5633 0r.
702 5556 722 5617 l
763 5551 821 5616 et
851 5554 987 5616 Bas.
1022 5553 1120 5617 ed.
1158 5551 1325 5618 Unus
1355 5551 1532 5619 Bolb.
1566 5551 1777 5632 habet,
1798 5578 1952 5633 μετα·

1595 5551 1777 5632 taBét,
1798 5578 1972 5633 μετα·
2140 5555 2261 5633 (23)
2294 5557 2614 5625 Στήσασθαι.
2653 5579 2677 5611 ι)
2726 5556 3178 5617 Constituimus.
3216 5578 3237 5609 ι

310 5627 574 5769 λὲξθθὲντι.
613 5632 711 5697 Sic
744 5634 887 5716 legit
913 5634 1052 5698 Bill.
1076 5637 1263 5697 Prave
1292 5635 1355 5699 in
1387 5637 1525 5698 Par.
1558 5636 1685 5729 ed.,
1716 5627 1952 5715 μεταλη-

310 5734 341 5781 φ
374 5736 544 5779 εντος,
845 5766 851 5773 ,

2135 5627 2260 5717 (24)
2291 5634 2556 5711 Εἵδωμεν.
2592 5634 2690 5700 Sic
2719 5635 2906 5717 Regg.
2945 5636 3067 5711 hm,
3102 5636 3206 5717 ph,
3241 5642 3364 5698 tres
3382 5633 3707 5712 Colb.,etc.

2065 5719 2121 5781 [η
2151 5717 2278 5781 ed..
2312 5715 2541 5781 ἴδωμεν.

374 5736 544 5779 εντος,
845 5766 851 5773 .
2052 5735 2121 5782 ιη
2151 5735 2278 5782 θα...
2313 5735 2541 5782 ἰοωμεν.

310 5734 851 5877 φυῗὲῗῗσλῦτονομίᾳ,
894 5799 993 5866 τῆς
1052 5796 1287 5867 πλάνης.
1347 5797 1537 5868 Bill.:
1599 5798 1828 5868 erroris
1884 5797 1952 5861 li-

2069 5739 2121 5782 .n
2151 5734 2278 5792 eu.,
2313 5734 2541 5793 ῖσωμεν.

2137 5797 2261 5878 (25)
2292 5796 2640 5881 Ἀρχόμενοι.
2675 5798 2849 5864 Deest
2881 5797 2941 5860 in
2962 5794 3198 5861 duobus
3228 5797 3410 5879 Regg'
3434 5805 3497 5861 et
3513 5796 3618 5864 0r.
3651 5799 3711 5861 1.
