4158 6388
304 352 380 417 49
1180 356 1465 420 ORATIO
1510 358 1786 420 XXXIX.
1836 391 1913 403 —
1959 359 2041 421 IN
2094 360 2389 424 SANCTA
2439 364 2759 426 LUMINA.

3529 357 3647 425 350

265 489 420 556 δόξης
474 514 529 546 τε
592 493 679 547 καὶ
738 490 1141 568 λαμπρότητος,
1206 494 1290 550 ἐπὶ
1371 493 1582 567 δυσμῶν
1640 493 1905 566 δοξάζεται

2012 499 2245 571 latura),
2268 509 2337 552 ac
2374 494 2529 555 Deus
2562 494 2741 557 homo
2774 495 3056 558 efﬁcitur:
3090 508 3152 556 et
3179 495 3281 576 qui
3309 511 3493 574 super
3520 510 3648 557 cm-

264 585 363 646 τῆς
406 582 666 659 ἡμετέρας
746 581 1009 649 εὐτελείας
1099 585 1186 641 καὶ
1243 586 1652 665 ταπεινότητος,
1740 584 1830 640 καὶ
1887 584 1915 638 6

269 671 386 735 Υἱὸς
429 680 521 729 τοῦ
564 678 695 727 Θεοῦ
751 670 968 752 δέχεται
1029 674 1117 730 καὶ
1171 676 1279 738 υἱὸς
1340 674 1613 752 ἀνθρώπου
1673 674 1916 754 γενέσθαι

267 781 324 815 τε
354 761 442 817 καὶ
471 760 733 828 κληθῆναι
770 782 785 797 ⁶
825 762 923 842 οὒγ
962 761 990 819 ὅ
1019 763 1085 830 ἦν
1118 762 1432 840 μεταϐαλὼν
1467 767 1754 842 (ἄτρεπτον
1789 761 1912 843 (51)

268 849 421 929 γὰρ),
464 849 584 907 ἀλλ’
615 852 644 907 ὃ
694 854 788 911 οὒκ
846 852 911 920 ἦν
956 851 1272 932 προσλαϐὼν
1320 852 1711 933 (φιλάνθρωπος
1765 851 1915 932 γὰρ),

274 938 366 994 ἵνα
420 944 648 1020 χωρηθῇ
676 943 703 997 6
736 940 1045 1023 ἁχωρητος,
1097 942 1178 999 ἐιὰ
1222 942 1391 1019 μέσης
1444 945 1660 1022 σαρκὸς,
1708 941 1919 1019 ὁμιλή-

266 1049 361 1093 σας
412 1031 571 1109 ἡμῖν,
640 1032 712 1094 ὡς
764 1032 891 1107 (59)
950 1033 1433 1112 παραπετάσματος
1469 1051 1484 1067 ⁸
1536 1031 1718 1101 ἐπειδὴ
1748 1035 1915 1088 καθα-

271 1118 364 1194 ρὰν
423 1119 585 1176 αὐτοῦ
635 1120 734 1187 τὴν
790 1121 1018 1189 θεότητα
1070 1121 1268 1203 φέρειν,
1337 1124 1397 1179 οὐ
1451 1122 1549 1191 τῆς
1605 1122 1658 1179 ἐν
1716 1120 1916 1200 γενέσει

262 1207 347 1264 καὶ
401 1211 569 1289 φθορᾷ
625 1211 852 1289 φύσεως.
922 1213 1014 1268 Διὰ
1072 1214 1227 1268 τοῦτο
1276 1213 1343 1269 τὰ
1372 1212 1571 1289 ἄμικτα
1616 1213 1863 1290 μίγνυται
1898 1231 1910 1245 ο

260 1303 321 1359 οὐ
380 1301 590 1379 γενέσει
626 1304 785 1377 μόνον
832 1306 987 1378 Θεὸς,
1022 1302 1134 1362 οὖδέ
1172 1306 1323 1382 σαρκὶ
1354 1312 1496 1378 νοῦς,
1561 1302 1677 1360 οὐδὲ
1735 1304 1916 1384 χρόνῳ

257 1391 318 1446 τὸ
349 1388 612 1471 ἄχρονον,
666 1392 781 1453 οὐδὲ
841 1394 1018 1473 μέτρῳ
1072 1395 1135 1451 τὸ
1191 1395 1579 1474 ἆπερίγραπτον
1614 1415 1628 1431 ⁸
1665 1393 1801 1450 ἀλλὰ
1829 1395 1917 1450 καὶ

265 1482 517 1559 παρθενίᾳ
546 1482 822 1563 γέννησις,
875 1486 962 1541 καὶ
1016 1485 1197 1561 ἀτιμίᾳ
1254 1491 1333 1559 τῷ
1383 1488 1469 1542 καὶ
1498 1490 1671 1561 τιμῆς
1702 1484 1917 1551 ἀπάσης

260 1569 604 1650 ὑψηλοτέρῳ,
642 1574 731 1628 καὶ
773 1574 927 1631 πάθει
979 1575 1040 1631 τὸ
1097 1574 1319 1655 ἀπαθὲς,
1366 1576 1453 1632 καὶ
1512 1576 1587 1650 τῷ
1618 1577 1829 1655 φθαρτῴ
1858 1576 1920 1631 τὸ

264 1659 547 1721 ἀθάνατον.
602 1660 820 1730 Ἐπειδὴ
852 1664 952 1742 γὰρ
1002 1665 1137 1739 ᾣετο
1194 1664 1463 1733 ἀήττητος
1503 1664 1645 1722 εἶναι
1676 1664 1769 1731 τῆς
1812 1685 1915 1720 κα-

264 1750 383 1814 κίας
446 1752 474 1806 6
548 1754 833 1830 σοφιστὴς,
891 1755 1141 1821 θεότητος
1196 1752 1366 1811 ἐλπίδι
1424 1752 1674 1819 δελεάσας
1746 1756 1913 1831 ἡμᾶς,

2000 577 2125 640 lum
2153 579 2295 643 caeli
2325 580 2397 643 ad
2452 581 2658 663 gloriae
2712 602 2835 647 suae
2886 593 2945 648 et
2991 584 3331 665 Splendcris
3359 583 3651 646 orientem

2000 670 2269 732 ascendit
2303 670 2446 749 19,in
2483 672 2726 736 vilitatis
2748 683 2804 737 et
2828 674 3184 738 humilitatis
3202 682 3419 737 nostra;
3440 692 3653 736 occasu

2001 759 2601 844 celebratur,Deique
2631 764 3105 841 Filius,hominis
3126 783 3369 846 quoque
3390 764 3574 827 Filius
3595 772 3657 827 et

2004 868 2139 914 esse
2172 860 2229 913 et
2257 854 2456 915 v-:cari
2487 855 2766 937 sustinet;
2804 856 3117 935 non,quod
3150 866 3298 930 erat,
3334 857 3655 916 immutans

2008 940 2230 1023 (neque
2259 943 2421 1004 enim
2457 946 2703 1007 mutatio
2736 945 2797 1007 in
2833 964 2968 1008 eum
3001 946 3211 1028 cadit),
3244 946 3350 1007 sed
3399 963 3503 1026 pro
3543 962 3654 1007 suo

2005 1047 2147 1109 erga
2179 1032 2452 1097 homines
2474 1052 2698 1103 amore.
2738 1036 2983 1118 id,quod
3011 1055 3128 1098 non
3162 1043 3652 1115 erat,assumens,

2004 1128 2066 1181 ut
2097 1121 2201 1201 qui
2233 1129 2442 1184 natura
2476 1143 2581 1185 sua
2612 1125 3043 1205 comprehendi
3087 1144 3206 1188 non
3240 1132 3455 1207 potest,
3490 1143 3654 1187 com-

2005 1211 2432 1291 prehendatur,
2495 1215 2843 1277 intermedia
2920 1234 3122 1291 carne,
3185 1224 3463 1296 tanquam
3524 1214 3654 1277 velo

2002 1301 2260 1383 quodam
2289 1302 2945 1386 interjecto,nobiscum
2974 1324 3244 1369 versans:
3271 1304 3652 1386 quandoqui-

2000 1391 2135 1453 dem
2171 1402 2477 1472 procreata
2508 1402 2716 1456 natura
2768 1403 2825 1457 et
2853 1395 3120 1457 interitui
3152 1393 3434 1469 obnoxia,
3467 1393 3656 1456 imbe-

2002 1480 2197 1543 cillior
2223 1490 2518 1564 est,quam
2546 1491 2610 1545 ut
2642 1504 2847 1564 puram
2883 1485 3073 1565 ipsius
3098 1483 3466 1546 divinitatem
3499 1484 3657 1547 ferre

2002 1580 2204 1653 queat.
2239 1570 2472 1635 Idcirco
2521 1592 2612 1649 ea,
2662 1594 2795 1655 qua;
2850 1594 2884 1637 a
2914 1574 3204 1637 mixtione
3234 1574 3428 1636 aliena
3458 1582 3654 1650 erant,

2004 1664 2353 1737 miscentur;
2388 1683 2457 1726 ac
2484 1685 2601 1727 non
2635 1665 2812 1727 modo
2866 1668 3026 1730 Deus
3055 1666 3369 1739 nativitati,
3402 1674 3460 1727 et
3488 1684 3659 1728 mens

2002 1753 2191 1834 carni,
2226 1763 2285 1815 et
2316 1756 2606 1834 temporis
2637 1775 2851 1838 expers
2898 1757 3244 1839 tempori,et
3268 1757 3327 1817 id
3360 1755 3515 1838 quod
3539 1756 3659 1819 cir-

265 1840 460 1919 σαρκὺς
538 1839 878 1918 προϐλήματι
938 1842 1238 1916 δελεάζεται
1268 1861 1284 1876 ⁸
1343 1843 1417 1899 ’ἔν’
1478 1847 1551 1909 ὡς
1624 1850 1702 1918 τῷ
1752 1843 1919 1921 Ἀδὰμ

2012 1844 2330 1907 cumscribi
2364 1865 2481 1907 non
2508 1854 3031 1927 potest,mensurte
3040 1847 3332 1927 jungitur;
3357 1845 3461 1909 sed
3486 1845 3663 1926 virgi-

266 1929 609 2012 προσόαλὼν,
667 1938 746 2005 τῷ
800 1941 916 2010 Θεῷ
986 1933 1273 2012 περιπέσῃ,
1332 1937 1420 1992 καὶ
1480 1936 1646 2001 οὕτως
1714 1937 1741 1992 ὁ
1804 1934 1919 1999 νέος

2012 1933 2172 1994 nitati
2207 1952 2442 2016 quoque
2475 1935 2833 2015 procreatio;
2868 1944 2925 1998 et
2958 1935 3202 2016 ei,quod
3237 1934 3400 1998 omni
3434 1935 3661 1997 houore

263 2018 433 2095 Ἀδὰμ
485 2022 576 2078 τὸν
635 2022 864 2081 παλαιὸν
914 2024 1283 2096 ἀνασώσηται,
1324 2027 1413 2083 καὶ
1444 2024 1574 2103 λυθῇ
1630 2027 1691 2083 τὸ
1744 2026 1917 2082 κατά-

2012 2024 2381 2103 praestantius
2413 2032 2528 2100 est,
2554 2024 2904 2105 ignominia;
2931 2034 2991 2089 et
3013 2025 3348 2100 affectibus,
3380 2023 3464 2099 id,
3499 2024 3661 2105 quod

263 2130 429 2187 κριμα
481 2116 583 2178 τῆς
643 2115 862 2191 σαρκὸς,
928 2116 1081 2195 σαρκὶ
1148 2123 1241 2173 τοῦ
1302 2116 1527 2173 θανάτου
1583 2114 1916 2173 θανατωθέν-

2012 2113 2311 2175 affectibus
2333 2124 2519 2196 vacat;
2548 2124 2605 2177 et
2636 2115 3291 2197 corruptibili,id,quod
3324 2113 3661 2177 immortale

259 2222 372 2288 τος.
2003 2212 2113 2266 est.
2149 2202 2440 2276 Quoniam
2495 2206 2654 2266 enim
2723 2206 2825 2268 ille
2886 2205 3009 2268 vitii
3053 2224 3273 2288 parens
3302 2214 3359 2267 et
3389 2206 3655 2285 eﬂ'ector,

261 2287 399 2350 ideo
457 2308 525 2350 se
583 2291 801 2355 invicto
849 2294 1106 2377 quodam
1156 2294 1375 2358 robore
1420 2295 1732 2377 praeditum
1786 2312 1918 2357 esse
1972 2293 2372 2370 existimabat,
2407 2296 2544 2376 quia
2594 2314 2725 2371 nos,
2758 2314 2866 2376 spe
2890 2287 3215 2360 divinitatis
3267 2295 3502 2377 objecta
3526 2302 3659 2357 tan-

267 2396 442 2458 quam
485 2378 771 2444 illecebra
809 2383 1089 2466 quadam,
1140 2384 1202 2447 in
1275 2385 1546 2449 fraudem
1608 2384 1961 2461 induxerat;
2017 2382 2151 2444 ideo
2183 2383 2309 2463 ipse
2340 2402 2577 2465 quoque
2629 2386 2825 2447 carnis
2867 2394 3151 2466 praetextu
3183 2385 3505 2459 inescatur,
3568 2393 3657 2459 ut,

273 2466 414 2558 dum
457 2472 621 2550 quasi
679 2471 740 2533 in
797 2473 1108 2543 Adamum.
1148 2476 1438 2558 impetum
1501 2475 1639 2537 facit
1694 2475 1755 2537 in
1816 2477 2003 2538 Deum
2074 2473 2375 2554 incurrat,
2427 2482 2605 2554 atque
2663 2474 2743 2536 ita
2809 2493 2998 2537 novus
3074 2474 3336 2537 Adamus
3395 2474 3660 2555 pristinas

274 2556 451 2619 saluti
509 2568 567 2623 et
620 2561 1015 2627 incolumitati
1086 2556 1346 2629 veterem
1405 2573 1670 2641 asserat,
1709 2563 2126 2644 sententiaque
2159 2562 2449 2625 adversus
2482 2582 2720 2625 carnem
2793 2564 3174 2646 pronuntiata
3241 2563 3656 2639 rescindatur,

278 2655 471 2737 morte
523 2650 799 2714 nimirum
854 2672 890 2715 a
937 2673 1117 2717 carne
1160 2674 1446 2737 oppressa
1505 2665 1564 2718 et
1612 2654 1990 2735 interempta.

353 2731 466 2800 1A,.
517 2746 593 2818 Τῇ
621 2742 719 2819 μέν
749 2744 837 2802 οὖν
870 2743 985 2819 (53)
1042 2731 1289 2825 γεννήσει
1332 2747 1399 2803 τὰ
1460 2746 1636 2803 εἰκότα
1686 2731 1915 2824 προεορἸ-

2086 2740 2244 2805 XIV.
2276 2741 2405 2807 Jam
2439 2743 2662 2805 Christi
2721 2742 2966 2825 quidem
3020 2742 3306 2805 Nativitas
3335 2742 3477 2803 686
3506 2761 3656 2804 con-

264 2830 505 2905 τάσαμεν
551 2832 701 2913 (54),
769 2834 876 2913 ἐγώ
935 2858 991 2893 τε
1053 2839 1080 2893 6
1138 2839 1237 2903 τῆς
1301 2837 1488 2916 ἑορτῆς
1544 2836 1793 2916 ἔξαρχος,
1828 2836 1915 2891 καὶ

2012 2847 2144 2910 grua
2185 2831 2565 2894 solemnitate
2617 2834 2804 2913 prius,
2852 2841 2973 2894 tum
3025 2852 3059 2895 a
3113 2851 3207 2895 me
3255 2832 3389 2894 festi
3416 2830 3568 2894 duce
3598 2841 3660 2893 et

260 2920 440 3001 ὑμεῖς,
506 2908 592 2979 καὶ
652 2908 757 2979 πᾶν
810 2908 955 2983 ’ὅσον
1041 2926 1326 3004 ὲγκόσμιον
1361 2908 1371 2916 ’
1407 2948 1465 2983 τε
1522 2928 1609 2982 καὶ
1638 2908 1647 2914 ’
1672 2908 1908 3005 ’ὅπερκό-

2012 2908 2264 3003 auspice,
2304 2931 2423 2984 tum
2458 2942 2492 2984 a
2520 2908 2900 3003 vobis,atque
2930 2922 3080 2985 adeo
3109 2922 3184 2984 ab
3210 2920 3515 3001 omnibus,
3541 2928 3656 2981 tam

260 3032 439 3087 σμιον.
505 3014 653 3069 Μετὰ
711 3014 929 3095 ἀστέρος
987 3014 1306 3095 ἔδραμομεν,
1381 3018 1467 3073 καὶ
1526 3016 1661 3091 μετᾶ
1723 3016 1918 3094 Μάγων

2012 3012 2103 3089 qui
2141 3012 2199 3072 in
2232 3012 2453 3073 mundo
2480 3022 2816 3095 versantur,
2848 3031 3019 3094 quam
3062 3013 3163 3093 qui
3206 3011 3430 3073 mundo
3462 3009 3660 3072 subli-

262 3103 759 3180 προσεκυνήσαμεν,
838 3107 973 3181 μετὰ
1057 3107 1327 3183 ποιμένων
1416 3105 1533 3185 (55)
1589 3104 1918 3185 περιελλάμ-

2012 3100 2226 3163 miores
2284 3112 2444 3177 sunt,
2506 3102 2810 3165 celebrata
2853 3110 2961 3165 est.
3019 3100 3163 3163 Cum
3215 3100 3386 3162 stella
3438 3117 3659 3163 cucur-

263 3194 498 3272 φθημεν,
544 3195 632 3250 καὶ
694 3196 831 3270 μετὰ
884 3196 1129 3275 ἀγγέλων
1205 3195 1549 3277 ὲδοξάσαμεν,
1611 3219 1745 3273 μετα
1813 3205 1919 3252 Συ·-

266 3283 412 3356 μεὼν
461 3282 952 3362 ἐνηγκαλισάμεθα,
1014 3288 1102 3345 καὶ
1147 3289 1283 3365 μετὰ
1333 3287 1553 3352 ”Αννης
1604 3285 1916 3359 ἀνθωμολο-

268 3374 557 3451 γησάμεθα
589 3373 731 3455 (56),
760 3380 858 3443 τῆς
889 3384 1104 3455 γεραιᾶς
1163 3380 1251 3434 καὶ
1308 3378 1577 3459 σώφρονος
1611 3393 1627 3410 ⁸
1660 3378 1747 3433 καὶ
1807 3381 1918 3456 χά-

271 3484 349 3542 ρις
419 3470 505 3537 τῷ
570 3465 644 3529 εἷς
700 3465 765 3521 τὰ
817 3463 929 3522 ἴδιᾶ
957 3466 1158 3523 ἐλθόντι
1190 3466 1505 3546 ἀλλοτρίως,
1542 3466 1623 3524 ὅτι
1655 3468 1745 3522 τὸν
1776 3464 1919 3532 ξένον

271 3551 546 3619 ἐδόξασεν.
602 3556 724 3613 Νυνὶ
780 3553 835 3612 δὲ
893 3558 1075 3638 πρᾶξις
1134 3556 1273 3625 ἄλλη
1351 3565 1597 3627 Χριστοῦ,
1660 3557 1749 3612 καὶ
1791 3555 1924 3613 ἄλλο

268 3646 589 3723 μυστήριον.
646 3649 717 3704 Οὒ
773 3642 999 3721 δύταμαι
1090 3647 1340 3727 κατέχειν
1410 3647 1508 3714 τὴν
1560 3644 1777 3727 ἡδονὴν,
1837 3646 1923 3702 ἕνα

263 3737 379 3798 θεος
441 3733 567 3811 (57)
624 3736 862 3814 γίνομαι,
916 3746 1105 3817 μικροῦ
1155 3739 1268 3814 καὶ,
1314 3739 1388 3801 ὡς
1449 3734 1725 3812 Ἰωάννης,
1774 3736 1925 3815 εὐαγ-

263 3822 571 3903 γελίζομαι,
608 3826 770 3883 εἶκαὶ
807 3828 886 3902 μὴ
930 3826 1245 3907 πρόδρομος,
1306 3824 1427 3884 ἀλλ’
1486 3828 1591 3883 ἀπο
1647 3826 1742 3894 τῆς
1800 3826 1924 3906 ἐρη-

258 3914 410 3989 μίας.
481 3917 705 3993 Χριστὸς
763 3917 1071 3996 φωτίζεται,
1154 3919 1677 3997 συναναστράψωμεν
1748 3916 1866 3997 (58)
1901 3932 1914 3946 ⁸

266 4006 501 4082 Χριστὸς
525 4004 859 4083 βαπτίζεται,
924 4006 1387 4086 συγκατὲλθωμεν,
1420 4007 1515 4063 ἵνα
1544 4009 1630 4063 καὶ
1662 4006 1915 4065 συνανὲλο

259 4098 463 4172 θωμεν.
529 4098 841 4167 Βαπτίζεται
900 4096 1104 4164 Ἰησοῦς
1141 4113 1155 4128 ⁸
1239 4105 1393 4156 τοῦτο
1454 4097 1669 4174 μόνονς
1721 4096 1757 4165 ἢ
1836 4098 1922 4152 καὶ

2004 3192 2217 3271 rimus,
2255 3211 2387 3253 cum
2422 3194 2607 3271 Magis
2633 3192 3016 3256 adoravimus
3047 3190 3123 3267 9°,
3154 3210 3287 3253 cum
3326 3188 3660 3271 pastoribus

2004 3281 2137 3342 luce
2166 3280 2514 3344 circumfusi
2544 3301 2775 3355 sumus,
2814 3301 2946 3345 cum
2977 3281 3205 3361 angelis
3235 3280 3497 3342 divinam
3528 3279 3662 3360 glo-

2002 3372 2149 3433 riam
2182 3371 2659 3451 przedicavimus,
2695 3391 2832 3434 cum
2865 3371 3152 3435 Simeone
3183 3370 3243 3431 in
3268 3372 3409 3431 ulna
3436 3370 3663 3448 accepi-

2007 3479 2161 3533 mus,
2200 3480 2332 3523 cum
2394 3463 2595 3537 Anna,
2648 3461 2770 3543 illa,
2830 3461 3102 3542 inquam,
3161 3460 3352 3522 vetula
3413 3467 3473 3522 et
3500 3466 3663 3522 casta

2012 3550 2520 3624 femina,confessi
2544 3570 2750 3613 sumus
2764 3551 2841 3625 είς
2869 3552 2924 3613 ei
2954 3550 3322 3632 quoque,qui
3344 3559 3404 3611 ut
3424 3548 3663 3611 alienus

2008 3641 2067 3701 in
2102 3641 2340 3722 propria
2365 3641 2528 3704 venit
2554 3640 2824 3721 “,gratia
2854 3641 3165 3714 habeatur,
3201 3639 3357 3720 quod
3391 3646 3660 3701 exterum

2009 3731 2317 3794 hominem
2354 3741 2410 3794 et
2437 3733 2814 3813 peregrinum
2849 3731 3039 3810 gloria
3070 3730 3268 3791 affecit
3323 3727 3492 3791 Nunc
3522 3747 3661 3790 iero

2007 3820 2119 3883 alia
2153 3820 2378 3884 Christi
2408 3821 2591 3901 actio,
2646 3820 2931 3901 aliudque
2988 3820 3334 3899 mysterium
3367 3819 3655 3897 sequitur.

2005 3910 2211 3975 Animi
2261 3912 2619 3993 voluptatem
2679 3918 2884 3973 tenere
2919 3927 3179 3989 nequeo,
3233 3907 3432 3968 divino
3464 3908 3663 3968 furore

2006 4000 2341 4081 corripior;
2409 4001 2843 4082 propemodum
2898 4000 3100 4079 etiam,
3160 3996 3404 4061 Joannis
3451 3996 3658 4070 instar,

2006 4090 2270 4153 faustum
2297 4094 2581 4154 nuncium
2618 4092 3009 4173 profero,non
3038 4106 3369 4171 praecursor
3390 4086 3661 4165 quidem,

266 4186 333 4242 τὰ
382 4185 526 4241 ἄλλα
568 4184 691 4258 (59)
744 4200 933 4266 τηρεῖν
985 4187 1254 4264 ἐπιμελῶς
1308 4191 1603 4266 ἀναγκαῖον
1640 4207 1655 4267 ς
1690 4189 1777 4250 Τίς
1822 4186 1919 4261 ὥν;

2012 4189 2069 4242 ut
2107 4180 2229 4256 ille,
2285 4192 2566 4243 caeterum
2615 4201 2647 4243 a
2697 4180 3023 4242 solitudine
3072 4176 3339 4241 veniens.
3401 4176 3667 4240 Christus

264 4277 354 4333 καὶ
386 4275 534 4352 παρὰ
564 4276 705 4341 τίνος
740 4294 756 4353 ;
791 4279 880 4333 καὶ
931 4280 1066 4335 κατὰ
1113 4279 1313 4345 πηνίκα
1350 4294 1366 4352 ;
1426 4270 1482 4335 Ὀ
1537 4278 1790 4357 καθαρὸῑ,
1836 4279 1919 4333 καὶ

2012 4270 2405 4343 illuminatur,
2440 4272 2615 4335 simul
2649 4272 3065 4348 illustremur;
3096 4269 3369 4330 Christus
3400 4266 3661 4348 baptiza-

268 4368 413 4445 παρὰ
460 4364 727 4441 Ἰωάννου,
780 4369 867 4425 καὶ
922 4375 1029 4425 τῶν
1078 4369 1315 4445 σημείων
1386 4356 1739 4448 ἀρχόμενος;
1794 4359 1919 4425 Ἵνα

2012 4369 2104 4422 tur
2123 4358 2197 4436 9³,
2237 4360 2414 4422 simul
2449 4362 2907 4433 descendemus,
2944 4367 3007 4420 ut
3037 4358 3215 4419 simul
3248 4356 3429 4419 etiam
3460 4374 3666 4418 ascen-

269 4477 319 4511 τι
379 4456 657 4536 μάθωμεν,
731 4459 820 4515 καὶ
879 4461 930 4515 τί
986 4458 1394 4536 παιδευθῶμεν;
1454 4460 1916 4537 Προκαθαίρεσθαι,

2012 4451 2245 4514 damus.
2281 4449 2456 4513 Jesus
2490 4451 2838 4531 baptizatur.
2876 4448 3025 4511 Num
3072 4448 3131 4509 id
3162 4448 3347 4508 solam
3379 4456 3665 4537 spectam-

276 4548 369 4603 καὶ
427 4562 891 4628 ταπεινοφρονεϊν,
956 4550 1042 4606 καὶ
1070 4550 1352 4627 κηρύσσειν
1398 4549 1453 4606 ἐν
1482 4547 1802 4623 τελειὸτητι,
1837 4550 1919 4604 καὶ

2012 4541 2150 4602 dum
2185 4547 2318 4603 est?
2360 4540 2571 4603 Nonne
2622 4552 2679 4603 et
2710 4541 2820 4602 alia
2874 4540 3049 4601 etiam
3106 4538 3313 4598 sedulo
3346 4536 3665 4599 observare

266 4642 365 4704 τῆς
426 4625 817 4719 πνευματικῆς,
916 4641 1003 4696 καὶ
1112 4625 1210 4707 τῆς
1293 4639 1606 4717 σωματικῆς
1675 4637 1911 4707 ἡλικίας.

2012 4633 2194 4713 iuvat?
2226 4630 2519 4693 Nimirum
2554 4633 2710 4713 quis,
2745 4640 2804 4692 et
2834 4650 3027 4712 aquo,
3064 4638 3123 4691 et
3153 4625 3442 4719 quando?
3477 4628 3666 4688 Purus

268 4725 485 4784 Ἐκεῖνο
515 4729 643 4805 πρὸς
676 4715 812 4792 τοὺς⁷
831 4730 890 4785 τὸ
949 4730 1224 4806 βάπτισμα
1270 4715 1669 4810 σχεδιᾶζοντας,
1706 4730 1793 4785 καὶ
1839 4728 1917 4802 μὴ

2012 4722 2303 4795 videlicet,
2342 4732 2393 4784 et
2449 4742 2481 4783 a
2539 4722 2794 4795 Joanne,
2856 4730 2911 4782 et
2966 4729 3116 4796 tum,
3173 4737 3306 4810 cum
3359 4715 3664 4810 signorum

268 4800 863 4895 npoewperriﬁopévouc,
927 4800 1064 4894 μηδὲ
1120 4800 1181 4876 τὶ)
1243 4800 1475 4900 ἀσίραλὲς
1534 4820 1601 4888 τῆ
1661 4800 1917 4896 λυτρώσει

2012 4812 2376 4876 edendorum
2405 4812 2635 4873 initium
2665 4812 2916 4875 faceret?
2936 4809 3088 4881 Quid
3115 4817 3175 4869 ut
3202 4806 3339 4869 inde
3362 4805 3664 4869 discamus

349 4921 403 4965 *9
424 4921 521 4984 Ps.
556 4940 740 5004 vau,
773 4923 872 4988 34.
957 4924 1014 4969 9°
1038 4926 1245 4990 Matth.
1270 4926 1381 4999 tt,l
1421 4944 1553 5007 sqq.
1639 4923 1689 4967 ²¹
1718 4925 1863 4988 Luc.
1890 4941 1919 4987 ιι

2012 4923 2185 5002 lsqq.
2272 4918 2329 4963 33
2355 4919 2529 4985 Joan.
2578 4938 2618 5001 I,
2663 4923 2754 4984 ll.
2841 4917 2895 4961 2³
2922 4919 3106 4981 Marc.
3141 4937 3184 4997 ι,
3218 4916 3254 4981 8
3280 4934 3414 4998 sqq.

286 5108 310 5129 ν
363 5031 485 5108 (51)
512 5032 842 5112 ’⁹Ατρεπτον.
879 5031 1030 5095 Tres
1062 5034 1277 5115 Regg.,
1339 5033 1517 5099 Coisl.
1551 5036 1577 5097 t
1620 5042 1678 5098 et
1725 5034 1829 5100 Or.
1869 5037 1923 5115 1,

279 5133 554 5189 ατρεπτος.

276 5272 290 5291 ’
362 5195 487 5274 (52)
556 5206 652 5259 Ως.
688 5193 834 5274 Reg.
870 5194 970 5276 ph,
1007 5211 1110 5257 sex
1140 5196 1313 5259 Colb.
1367 5205 1425 5259 et
1471 5196 1573 5261 Or.
1616 5197 1638 5259 1
1676 5196 1924 5273 addunt,

272 5294 354 5339 εκ.

302 5435 315 5440 Α
355 5356 482 5437 (53)
515 5363 594 5440 Τῇ
626 5356 863 5440 ire-505»,
902 5362 1018 5419 etc.
1051 5353 1265 5440 Billius
1300 5357 1362 5420 in
1416 5359 1604 5440 prima
1634 5357 1917 5440 editione,

267 5435 573 5519 εἰσίῃ-σείς
605 5438 675 5519 ad
703 5438 964 5499 litteram
993 5436 1359 5501 reddiderat:
1402 5435 1431 5496 (ἶ
1436 5442 1517 5504 At
1540 5439 1762 5503 Christi
1793 5439 1919 5519 qui-

2013 5053 2208 5092 κλίνων,

2011 5093 2021 5107 .
2056 5192 2059 5193 7
2253 5110 2891 5193 ”Ανθωμολογησοὶξέεθει,Δ
2918 5118 3037 5193 εἰςἶ
3108 5130 3130 5162 ι
3170 5105 3315 5193 Cum
3363 5104 3535 5193 A‘nna.
3578 5101 3664 5160 vi-

2013 5184 2212 5253 Cissim
2251 5202 2309 5253 et
2339 5184 2523 5254 veluti
2567 5184 2935 5254 succinendo
2978 5187 3242 5251 Simeoni
3276 5184 3535 5246 confessi
3565 5199 3663 5242 su-

2009 5291 2163 5335 mus.
2207 5297 2226 5328 ι
2265 5272 2371 5335 Vel
2407 5272 2610 5348 etiam,
2647 5280 2709 5333 ut
2739 5270 2978 5349 exponit
3007 5268 3270 5345 Nicetas,
3309 5288 3331 5322 ιι
3360 5280 3472 5346 pro
3498 5280 3666 5324 acce-

2001 5354 2123 5434 ptis
2156 5352 2470 5416 beneficiis
2501 5352 2721 5434 gratias
2752 5352 2988 5434 egimus
3053 5373 3076 5409 ι

2088 5435 2214 5514 (57)
2249 5421 2821 5514 ”Ενθεος.”ριιὶηειυὲ
2844 5430 3029 5510 Regg.
3088 5434 3147 5490 et
3198 5434 3320 5488 tres
3370 5421 3541 5487 Colb.
3572 5424 3663 5480 ἕν-

265 5514 402 5578 dem
432 5514 807 5581 Nativitatem
842 5519 1198 5601 congruenti
1218 5521 1595 5583 solemnitate
1615 5514 1915 5601 prosecuti
1998 5520 2140 5601 θοόςζ

267 5612 493 5737 sumus,
532 5606 653 5661 tum
702 5617 811 5678 ego
862 5596 998 5661 festi
1030 5596 1143 5660 dux
1177 5608 1235 5663 et
1264 5619 1511 5684 auspex,
1566 5596 1688 5664 tum
1720 5619 1846 5679 vos,
1885 5625 1909 5661 ιο

270 5693 303 5737 e
333 5696 384 5737 c.

270 5693 384 5740 εῑο.

359 5759 472 5845 (ἕξ)
502 5760 959 5845 Προεορτάσσξμεν·
1007 5757 1112 5845 9F-
1148 5761 1206 5842 1,
1230 5764 1695 5845 προεωρτσίσαμεν-

2085 5596 2207 5674 (58)
2241 5591 3011 5674 ΣυναναστράψωμενΡΙυτεε
3036 5587 3279 5671 optimae
3310 5593 3466 5648 notae
3482 5584 3662 5647 codd.

2005 5686 2063 5741 et
2093 5680 2257 5757 Bas.,
2292 5679 2804 5757 cuvzotpaitlrptLSV._
3041 5750 3078 5757 _
3283 5750 3318 5757 __
3446 5753 3454 5757 _
3541 5747 3552 5757 ,
3604 5744 3617 5756 .

2084 5759 2201 5835 (59)
2233 5747 2317 5816 "Et
2342 5760 2429 5817 καὶ
2460 5747 2524 5819 τὶ
2550 5747 2712 5823 ἇὶλὰ.
2746 5755 2847 5821 Sic
2895 5772 2995 5819 sex
3040 5750 3227 5832 Regg.
3282 5750 3463 5811 Deest
3490 5747 3557 5805 τά
3601 5747 3665 5810 in

357 5841 470 5919 (55)
504 5839 654 5899 “6’5!
675 5839 975 5919 ποιμένων.
1014 5839 1222 5908 Plures
1246 5839 1451 5924 ὁοάάξ,
1484 5839 1584 5905 καὶή
1612 5846 1747 5923 μετὰ
1790 5865 1916 5903 ποι·
2002 5840 2101 5904 ed.
