4158 6390
295 290 397 366 387

1175 293 1455 366 ORATIO
1498 296 1777 366 XXXIX.
1826 334 1899 346 —
1947 300 2028 365 IN
2072 299 2370 371 SANGTA
2414 300 2743 370 LUMlNA.

3534 302 3652 377 358

296 439 445 504 νοίας.
486 434 610 531 Οίξδὶ
652 439 745 496 τὸν
775 528 786 531 Α
811 438 866 531 ἐν
931 439 1161 531 Κορίνθῳ
1218 438 1672 531 πσρανομήσαντα
1896 458 1940 519 ;.

2002 437 2140 519 quid
2177 457 2497 531 perpessus
2529 446 2618 503 est
2644 440 2707 492 60
2728 447 2756 504 ἳ
2787 443 2863 504 At
2883 441 3059 505 Jesus
3089 462 3224 506 eum
3259 450 3543 531 suscepit,
3577 470 3644 513 ac

294 526 477 585 Παὺλος
525 525 580 584 δὲ
622 529 711 586 καὶ
765 528 981 608 ἀγάπην
1039 528 1323 610 ἐκύρωσεν,
1374 526 1558 595 ἐπειδὴ
1606 529 1705 598 τὴν
1764 528 1913 608 διόρ-

288 622 430 676 θωσιν
488 617 617 676 εἶδε·
665 620 753 677 καὶ
795 620 858 677 τὸ
903 618 1101 678 αἴτιονο
1166 609 1294 677 (Ἰνα
1349 618 1427 696 μὴ
1468 623 1538 694 τῇ
1565 617 1913 699 περισσοτέρᾳ

280 708 411 785 λύπῃ
468 706 594 790 (80)
668 712 947 787 καταποθῇ
1009 712 1036 766 ὁ
1094 716 1330 773 τοιοῦτος
1394 706 1541 789 (81),
1567 710 1812 789 βαρηθεὶς
1841 708 1910 777 τῆ

279 798 481 876 ἀμετρίᾳ
534 800 634 865 τῆς
703 797 1066 870 ἓπιπλήξεως,
1133 798 1262 858 Οὐδὲ
1320 799 1414 862 τὰς
1472 798 1592 861 νέας
1668 798 1907 875 γαμίζεις

275 889 460 967 χήρας,
493 886 577 945 διὰ
608 890 670 946 τὸ
700 894 802 956 τῆς
845 887 1058 958 ἡλικίας
1090 888 1357 949 εὐάλωτον
1385 907 1401 965 ;
1436 887 1641 952 Παυλος
1673 887 1727 944 δὲ
1760 895 1911 946 τοῦτο

268 976 581 1053 ἐτόλμησεν,
630 979 691 1036 οὗ
749 980 811 1036 σὺ
861 976 1067 1047 δηλαδὴ
1117 977 1456 1055 διδάσκαλος,
1488 980 1562 1042 ὡς
1593 976 1678 1035 ἐπὶ
1721 977 1913 1058 τέταρ-

267 1089 351 1123 τον
410 1067 626 1146 οὐρανὸν
685 1070 909 1149 φθάσας,
998 1072 1088 1127 καὶ
1172 1066 1334 1126 ἄλλον
1416 1066 1754 1148 παράδεισον,
1826 1069 1913 1124 καὶ

266 1155 696 1238 ἀποῤῥητοτέρων
754 1159 987 1221 ἀκούσας
1058 1159 1312 1237 ῥημάτων
1365 1156 1513 1239 (82),
1572 1159 1656 1214 καὶ
1700 1156 1911 1234 μείζονα

262 1244 445 1304 κύκλον
475 1253 555 1322 τῷ
584 1246 895 1329 Εὖαγγελίῳ
923 1247 1252 1328 περιλαϐών.

1998 546 2106 609 per
2131 529 2425 608 triplicem
2459 531 2982 609 interrogationem
3008 543 3067 595 et
3096 529 3536 599 confessionem
3565 540 3641 614 θί,

1996 617 2290 709 triplicem
2316 619 2749 698 abjurationem
2776 624 3022 684 sanavit.
3050 622 3201 696 Quid
3223 624 3345 688 ?Ne
3370 632 3645 709 martyrio

1993 708 2237 785 quidem
2268 710 2642 788 perfunctum
2666 710 2929 773 admittis
2951 712 2981 772 ‘?
3004 716 3170 785 (Nam
3198 716 3253 775 id
3275 708 3646 798 quoquetuw

1994 801 2349 874 arrogantia}
2373 802 2639 879 cst).Nec
2660 803 2931 883 eum,qui
2950 804 3181 866 scelere
3199 824 3333 868 sese
3357 807 3415 868 in
3442 808 3647 871 Corin-

1995 887 2096 949 tho
2129 889 2389 951 devinxit
2413 890 2520 953 69?
2551 892 2629 953 At
2664 892 2875 953 Paulus
2905 893 3252 958 charitatem
3299 899 3475 959 etiam
3509 918 3648 979 erga

1999 995 2133 1040 eum
2165 980 2602 1054 firmavit,690
2631 982 2806 1043 simul
2851 993 3025 1064 atque
3051 1003 3184 1045 eum
3228 987 3299 1047 ad
3334 989 3644 1052 meliorem

1996 1068 2127 1129 vitae
2156 1068 2382 1148 frugem
2414 1071 2644 1133 redisse
2682 1075 3024 1152 perSpexit;
3075 1075 3366 1158 istamque
3409 1098 3643 1142 causam

1996 1157 2168 1251 ati‘ert
2196 1158 2318 1221 :Ne
2350 1161 2790 1251 abundantiori
2820 1164 3080 1225 tristitia
3119 1157 3647 1251 absofbeaturqut'

1996 1250 2290 1321 eiusmodi
2312 1259 2397 1311 est
2419 1250 2503 1322 65,
2524 1252 2839 1312 immodica
2862 1252 3276 1333 objurgatione
3297 1250 3566 1335 gravatus
3586 1270 3648 1322 et

262 1355 597 1417 oppressus.
622 1341 707 1400 An
742 1358 817 1401 ne
840 1339 1167 1419 juvenibus
1197 1338 1437 1421 quidem
1495 1337 1708 1411 viduis,
1747 1343 1989 1428 propter
2018 1339 2205 1399 aetatis
2240 1340 2560 1423 lubricum,
2595 1341 2845 1404 ineundi
2895 1344 3254 1406 matrimonii
3288 1356 3640 1428 potestatem

260 1423 429 1489 facis?
456 1428 533 1490 At
563 1428 778 1491 Paulus
808 1429 922 1492 hoc
941 1429 1142 1492 facere
1174 1430 1419 1492 minime
1448 1428 1760 1499 dubitavit,
1787 1426 1958 1519 cujus
1989 1436 2046 1490 te
2074 1429 2306 1492 scilicet
2336 1432 2682 1511 magistrum
2713 1433 3030 1512 proﬁteris,
3067 1423 3322 1513 perinde
3352 1447 3531 1519 atque
3563 1440 3636 1501 ad

262 1528 523 1597 quartum
556 1518 795 1589 ccelum,
828 1522 1132 1601 aliumque
1163 1519 1502 1601 paradisum
1537 1515 1911 1600 perveneris,
1945 1534 2015 1580 ac
2059 1519 2236 1580 verba
2270 1521 2453 1599 magis
2480 1540 2694 1583 arcana
2728 1522 3049 1603 audiveris,
3085 1515 3495 1609 majoremque
3521 1530 3644 1591 cir-

261 1607 451 1668 culum
481 1608 801 1689 Evangelio
833 1608 1390 1692 comprehenderis.

334 1696 435 1758 18'.
498 1696 650 1789 Ἀλλξ
698 1699 759 1756 οὗ
814 1701 951 1789 μετᾷ
1006 1701 1095 1789 ,τὸ
1171 1701 1449 1777 βάπτισμα
1507 1706 1673 1757 ταῦτα
1757 1695 1940 1789 (83).1

2070 1695 2224 1763 XIX.
2256 1702 2510 1789 iVerum,
2545 1699 2767 1781 inquis,
2804 1702 2931 1764 haec
2988 1702 3234 1765 minime
3268 1716 3402 1785 post
3448 1706 3646 1789 bapti-

257 1788 401 1857 Τίςὴ
444 1786 717 1855 ἀπόδειξις
756 1807 772 1865 ;
822 1790 858 1858 ἢ
914 1788 1113 1867 δεῖξον,
1159 1790 1195 1859 ἢ
1257 1790 1335 1867 μὴ
1394 1790 1699 1870 κατάκρινε.
1736 1789 1795 1845 Εἰ
1850 1785 1905 1842 δὲ

256 1876 562 1961 ἅμφίϐολον,
633 1879 832 1937 νικάτω
888 1881 951 1937 τό
1013 1879 1403 1963 φιλάνθρωπον.
1449 1878 1603 1937 Ἀλλ’
1647 1878 1904 1956 Νευάτος,

255 1970 431 2047 φησὶν,
485 1969 585 2027 οὒκ
642 1968 851 2035 ἐδέξατο
904 1970 1028 2036 τοὺς
1082 1971 1139 2026 iv
1195 1971 1273 2046 τῷ
1328 1966 1534 2048 διογμῷ
1562 1967 1907 2049 παραπεσόν-

256 2080 370 2124 τας.
406 2060 466 2117 Τί
494 2059 650 2116 τοῦτο
684 2058 806 2140 (84)
843 2081 861 2135 ;
896 2061 956 2119 Εἰ
989 2060 1087 2137 μὲν
1120 2063 1180 2120 οὖ
1211 2061 1597 2140 μεταγνόντας,
1645 2056 1855 2122 δικαίως
1889 2074 1903 2090 ⁰

256 2147 366 2207 οὒδέ
419 2148 529 2229 ἐγὼ
571 2147 803 2231 δέχομαι
847 2150 995 2226 τοὺς,
1030 2150 1066 2220 ἢ
1115 2153 1194 2227 μὴ
1246 2148 1682 2229 καμπτομένους,
1738 2147 1775 2216 ἢ
1832 2148 1910 2222 μὴ

254 2236 430 2314 ἀξίως,
476 2237 615 2316 μηδὲ
646 2238 1064 2308 ἇντισηκοῦντας
1120 2243 1198 2316 τῷ
1257 2246 1407 2315 κακῷ
1451 2240 1550 2308 τὴν
1582 2236 1854 2318 διόρθωσιν
1888 2262 1903 2276 ο

252 2329 336 2384 καὶ
366 2326 491 2386 ὅταν
523 2326 777 2407 δέξωμαι,
836 2330 937 2398 τὴν
981 2331 1359 2409 προσήκουσαν
1410 2331 1596 2393 αὐτοῖς
1654 2326 1909 2404 ἀπονέμω

251 2418 459 2498 χώραν,
492 2421 552 2477 Εἰ
584 2417 639 2476 δὲ
683 2421 806 2485 τοὺς
840 2420 1157 2487 ἔκτακέντας
1188 2434 1307 2486 τοῖς
1339 2418 1606 2501 δάκρυσιν,
1641 2420 1701 2475 οὒ
1733 2419 1909 2494 μιμή-

250 2528 428 2582 σομαι.
468 2510 567 2568 Καὶ
597 2510 677 2574 τίς
721 2533 811 2586 μοι
858 2509 1020 2585 νόμος
1082 2511 1118 2578 ὴ
1150 2510 1392 2569 Ναυάτου
1422 2508 1813 2587 μισανθρωπία,
1848 2507 1905 2573 ὃς

251 2596 554 2664 πλεονεξίαν
614 2599 711 2676 μὲν
771 2600 866 2657 οὒκ
948 2598 1196 2680 ἐκόλασε,
1275 2600 1375 2667 τὴν
1454 2597 1696 2674 δευτέραν
1755 2594 1905 2653 εἰδω-

255 2686 564 2768 λολατρείαν
598 2708 613 2724 ·
671 2692 920 2771 πορνείαν
978 2691 1033 2747 δὲ
1089 2690 1231 2747 οὓτω
1285 2694 1489 2770 πικρῶς
1542 2684 1906 2774 κατεδίκασεν,

253 2780 327 2842 ὡς
358 2777 582 2851 ἄσαρκος
642 2781 725 2837 καὶ
779 2781 1114 2858 ἀσώματος
1180 2782 1240 2839 Τί
1287 2800 1418 2861 φατε
1453 2798 1469 2860 ;
1502 2777 1727 2853 Πείομεν
1771 2777 1909 2853 ὑμᾶς

252 2880 368 2932 τοῖς
421 2866 604 2948 λόγοις
648 2869 912 2945 causam;
964 2880 1154 2951 Δεῦρο,
1220 2875 1384 2938 στῆτε
1428 2866 1546 2946 μεθ’
1600 2869 1757 2945 ἡμῶδ
1804 2871 1911 2922 τῶν

250 2958 560 3037 ἀνθρώπων.
630 2960 1025 3041 Μεγαλύνωμεν
1087 2961 1197 3037 ἅμα
1253 2962 1343 3017 τὸν
1405 2960 1614 3039 Κύριον.
1828 2978 1970 3047 τιςο

249 3049 392 3115 ὑμῶν
421 3052 594 3109 εἰπεῖν
626 3050 904 3131 τολμήσῃ,
959 3051 1093 3129 μηδέ
1125 3052 1171 3108 εἱ
1212 3051 1330 3108 λίαν
1360 3051 1536 3124 ἑαυτῴ
1564 3044 1852 3125 τεθάῤῥηκε
1889 3063 1904 3080 ⁶

1989 1805 2208 1852 smum.
2236 1788 2363 1862 Quo
2395 1798 2744 1870 argumento
2782 1791 2840 1853 id
2875 1794 3193 1854 confirmas
3215 1794 3246 1853 ?
3274 1795 3390 1857 Aut
3418 1815 3547 1859 rem
3570 1798 3650 1859 ita

1989 1894 2055 1941 se
2080 1877 2303 1940 habere
2329 1880 2513 1958 proba
2542 1902 2557 1941 :
2586 1890 2704 1955 aut,
2733 1881 2782 1941 si
2809 1882 2863 1943 id
2897 1883 3130 1964 nequis,
3159 1903 3234 1945 ne
3256 1886 3645 1951 condemnes.

1992 1964 2160 2039 Quod
2184 1968 2235 2029 si
2262 1987 2359 2029 res
2384 1970 2567 2031 dubia
2593 1970 2915 2045 est,vincat
2934 1972 3271 2036 humanitas
3295 1983 3354 2035 et
3377 1975 3646 2039 facilitas.

1990 2056 2069 2119 At
2092 2055 2376 2141 Novatus,
2412 2060 2633 2141 inquis,
2672 2063 3103 2142 persecutionis
3136 2070 3404 2145 tempore
3453 2066 3653 2148 lapsos

1995 2166 2114 2209 non
2146 2148 2393 2228 recepit.
2432 2149 2583 2222 Quid
2616 2150 2727 2212 hoc
2760 2157 2787 2213 ?
2821 2152 2880 2215 Si
2913 2151 3157 2233 quidem
3191 2154 3276 2216 illi
3310 2156 3654 2235 paenitentia

1992 2238 2240 2300 minime
2272 2239 2666 2316 ducebantur,
2694 2241 3073 2323 optimojure
3105 2262 3210 2306 eos
3243 2246 3464 2327 repulit
3489 2247 3648 2327 (nam

1992 2346 2069 2390 ne
2100 2328 2230 2410 ipse
2277 2329 2515 2410 quidem
2551 2350 2655 2392 eos
2686 2333 2938 2413 recipio,
2973 2333 3076 2414 qui
3109 2336 3193 2395 vel
3233 2336 3395 2399 nullo
3447 2336 3647 2407 modo,

1990 2416 2080 2479 vel
2124 2436 2242 2479 non
2292 2419 2435 2479 satis
2490 2421 2935 2501 deprimuntur,
2972 2443 3083 2486 nec
3139 2434 3363 2504 patrato
3413 2426 3650 2489 crimini

1992 2525 2197 2588 parem
2224 2508 2360 2569 vita:
2384 2511 2866 2573 emendationem
2890 2512 3147 2575 afferunt
3174 2536 3189 2597 ;
3218 2536 3473 2597 cumque
3498 2517 3649 2579 reci-

1994 2597 2108 2677 pis,
2130 2599 2583 2661 convenientem
2614 2601 2758 2681 ipsis
2782 2602 2976 2665 locum
3003 2605 3265 2686 assigno)
3298 2627 3313 2678 ;
3340 2607 3431 2668 sin
3450 2616 3646 2669 autem

1993 2686 2267 2767 lacrymis
2305 2690 2629 2771 confectos,
2670 2691 3123 2773 haudquaquam
3158 2696 3314 2757 istud
3346 2697 3643 2761 imitabor.

1993 2774 2141 2868 Quid
2171 2786 2366 2868 autem
2389 2779 2606 2840 Novati
2641 2781 3052 2843 crudelitatem
3081 2803 3185 2863 pro
3218 2786 3348 2863 lege
3368 2785 3644 2868 habeam,

1995 2865 2099 2947 qui
2128 2867 2432 2928 avaritiam
2469 2869 2736 2946 quidem,
2764 2870 3017 2932 alterum
3046 2874 3273 2936 scilicet
3299 2865 3648 2937 idololatriae

1992 2973 2180 3034 genus
2200 2956 2459 3036 64,nulla
2479 2976 2653 3039 paena
2674 2958 3025 3043 vindicavit;
3046 2972 3317 3044 stuprum
3344 2972 3540 3026 autem
3567 2966 3649 3027 ita

1993 3062 2144 3108 saeve
2175 3047 2510 3129 acerbeque
2538 3050 2980 3123 condemnavit,
3009 3057 3174 3133 quasi
3210 3052 3337 3134 ipse
3365 3056 3563 3117 carnis
3591 3064 3652 3118 et

250 3139 337 3211 Μή
368 3162 473 3217 μου
507 3139 702 3222 ἅπτου,
733 3142 961 3223 καθαρὸς
989 3142 1090 3222 γάρ
1120 3142 1251 3217 εἰμι,
1285 3140 1373 3198 καὶ
1402 3161 1482 3203 τις
1529 3138 1698 3201 οὕτως
1728 3135 1907 3215 ὥσπερ

2002 3138 2262 3218 corporis
2297 3156 2509 3218 expers
2559 3140 2767 3201 esset?
2799 3140 2953 3213 Quid
3010 3143 3259 3204 dicitis?
3302 3146 3394 3206 An
3423 3164 3527 3206 vos
3558 3145 3651 3206 his

247 3229 353 3309 ἐγώ
384 3250 402 3313 ς
441 3228 700 3309 μετάδοτε
731 3231 821 3287 καὶ
862 3233 1000 3308 ἡμῖν
1027 3235 1128 3301 τῆς
1185 3229 1592 3309 λαμπρότητος.
1648 3224 1796 3285 Ἀλλ’
1848 3228 1907 3283 οὗ

2002 3225 2185 3288 verbis
2207 3245 2623 3307 permovemus
2650 3229 2991 3309 Z’Agcdum,
3021 3252 3052 3293 a
3078 3233 3272 3309 nobis,
3302 3234 3413 3296 hoc
3438 3244 3549 3317 est,
3575 3235 3649 3298 ab

244 3322 543 3402 πείθομεν,
591 3322 681 3379 καὶ
741 3323 873 3402 ὑπὲρ
928 3323 1080 3399 ὑμῶν
1146 3320 1272 3403 (85)
1333 3320 1685 3400 δακρόσομεν.
1749 3320 1904 3377 Οὗτοι

2002 3317 2295 3378 hominum
2320 3317 2608 3397 partibus,
2626 3328 2796 3384 state.
2827 3321 3144 3383 Dominum
3167 3342 3285 3383 una
3308 3316 3654 3405 magnifice-

244 3411 340 3489 μὲν
400 3413 517 3495 οὖν,
563 3414 609 3469 εἰ
666 3412 765 3490 μὲν
824 3410 1104 3490 βούλοιντο
1150 3411 1293 3493 (86),
1354 3410 1454 3480 τὴν
1486 3410 1753 3490 ἡμετέραν
1783 3404 1904 3465 ὁδὸν

2002 3408 2240 3469 mus.Ne
2264 3407 2396 3487 quis
2418 3410 3051 3490 vestrum,quamlibet
3074 3410 3291 3475 virtute
3312 3433 3416 3475 sua
3436 3414 3647 3491 fretus,

240 3503 320 3559 κεὶ
366 3509 621 3584 Χριστοῦ,
682 3504 726 3560 εἰ
796 3500 852 3559 δὲ
897 3505 1004 3580 μὴ,
1066 3502 1166 3571 τὴν
1219 3505 1421 3559 tantth
1477 3499 1897 3582 πορευέσθωσαν.

2002 3512 2059 3557 eo
2090 3496 2354 3557 audaciae
2387 3504 2728 3577 porumpat,
2756 3506 2816 3558 ut
2849 3498 3003 3561 dicat
3036 3518 3050 3562 :
3081 3499 3229 3563 Noli
3256 3519 3348 3563 me
3377 3508 3645 3582 tangere,

242 3594 415 3674 Τυχὸν
454 3596 582 3651 btet
637 3596 714 3669 τῷ
766 3594 887 3673 πυρὶ
942 3594 1427 3670 βαπτισθήσονται,
1482 3599 1561 3666 τῷ
1616 3588 1903 3664 τελευταίῳ

2002 3602 2178 3649 Durus
2204 3587 2364 3647 enim
2390 3604 2521 3648 sum
2542 3586 2627 3664 65,
2656 3596 2713 3647 et
2729 3588 2863 3663 quis
2889 3588 3036 3650 mihl
3057 3607 3162 3669 par
3183 3595 3210 3652 ‘?
3231 3589 3431 3653 Facite
3451 3602 3518 3654 ut
3540 3610 3651 3654 nos

240 3682 597 3760 βαπτίσματι,
652 3690 729 3759 τῷ
811 3682 1178 3763 ἔπιπονοτέρῳ
1250 3704 1309 3739 τε
1369 3680 1487 3760 (87)
1544 3682 1629 3739 καὶ
1690 3702 1902 3761 μακρο-

2002 3694 2229 3758 quoque
2260 3675 2320 3736 in
2353 3676 2695 3757 Splendoris
2727 3678 2905 3740 vestri
2947 3687 3181 3757 partem
3216 3680 3545 3745 veniamus.
3575 3682 3651 3745 At

239 3772 394 3855 τέρῳ,
418 3773 448 3830 ὃ
478 3773 646 3831 ἐσθίει
698 3774 773 3839 ὡς
826 3772 1026 3855 χόρτον
1083 3774 1183 3841 τὴν
1211 3770 1345 3840 ὕλην
1379 3770 1533 3853 (88),
1580 3772 1668 3829 καὶ
1700 3769 1907 3843 δαπανᾷ

2002 3784 2114 3829 non
2157 3765 2504 3828 flectimus?
2555 3766 2876 3849 Lacrymas
2924 3787 3029 3849 pro
3081 3768 3247 3831 vobis
3303 3771 3646 3835 fundemus.

240 3862 417 3932 πάσης
446 3863 639 3930 κακίας
671 3863 1009 3945 κουφότητα,

2002 3857 2187 3937 Atque
2247 3856 2305 3917 hi
2367 3856 2612 3933 quidem
2671 3868 2895 3934 nostra,
2928 3859 2978 3919 si
3028 3859 3231 3936 velint,
3267 3870 3447 3941 atque
3502 3863 3649 3924 adeo

241 3949 478 4031 Christi,
514 3952 631 4035 via,
655 3951 749 4015 sin
779 3951 1001 4031 minus,
1036 3970 1146 4015 sua
1170 3951 1470 4016 insistant.
1522 3948 1588 4013 In
1621 3949 1810 4013 altero
1843 3968 1966 4013 aevo
2021 3945 2145 4027 igni
2194 3946 2443 4009 fortasse
2509 3945 2994 4026 baptizabuntur;
3046 3950 3147 4031 qui
3197 3958 3532 4031 postremus
3560 3968 3651 4020 εει

242 4037 598 4122 haptismus,
629 4059 743 4105 nec
773 4042 967 4105 solum
1000 4041 1275 4106 acerbior
1305 4040 1411 4105 sed
1444 4048 1505 4104 et
1534 4039 1894 4121 diuturnior,
1924 4036 2030 4121 qui
2059 4053 2319 4098 crassam
2347 4037 2653 4099 materiam
2681 4037 2865 4099 instar
2897 4038 3016 4100 feni
3050 4039 3487 4122 depascitur,ac
3508 4059 3645 4102 om-

239 4130 333 4194 nis
362 4132 488 4195 vitii
512 4130 816 4195 levitatem
843 4131 1128 4195 absumit.

319 4223 406 4289 K'.
468 4216 665 4302 Ἡμεῖς
721 4222 777 4281 δὲ
849 4226 1169 4302 τιμήσωμεν
1227 4225 1289 4281 τὸ
1335 4225 1563 4305 Χριστοῦ
1622 4216 1940 4300 βάπτισμαι

2068 4217 2202 4281 XX.
2228 4215 2347 4279 Nos
2366 4225 2561 4280 autem
2587 4217 2766 4280 hodie
2788 4217 3015 4282 Christi
3036 4217 3400 4301 baptismum
3419 4221 3647 4283 honore

238 4316 502 4397 σήμερον,
569 4316 658 4373 καὶ
700 4314 880 4379 καλῶς
948 4315 1314 4395 ἑορτάσωμεν,
1393 4314 1472 4389 μὴ
1528 4312 1715 4392 γαστρὶ
1774 4332 1905 4392 τρυ-

2002 4308 2486 4389 :0mplectamur,
2502 4327 2571 4370 ac
2594 4308 2808 4370 festum
2830 4309 3084 4372 honeste
3109 4310 3509 4387 celebremus,
3528 4331 3649 4376 non

241 4405 465 4485 φῶντες,
531 4403 671 4463 ἀλλὰ
726 4410 1102 4482 πνευματικῶς
1189 4404 1615 4484 εὐφραινόμενοι,
1689 4402 1907 4482 Τρυφή-

2002 4398 2214 4460 ventris
2258 4397 2490 4461 deliciis
2543 4416 2784 4479 operam
2842 4398 3076 4481 dantes,
3111 4400 3216 4461 sed
3265 4401 3653 4483 spiritualiter

243 4516 422 4571 σωμεν
467 4493 592 4571 (89)
662 4494 718 4552 δὲ
798 4501 967 4572 πῶςς
1050 4497 1342 4576 Λούσασθε,
1403 4494 1620 4574 καθαροὶ
1675 4493 1901 4573 γίνεσθε,

2002 4489 2271 4569 nosipsos
2289 4488 2653 4551 oblectantes
2702 4489 2973 4562 Quonam
3001 4500 3199 4552 autem
3230 4492 3405 4553 modo
3424 4493 3651 4555 deliciis

248 4586 306 4642 Εἰ
351 4587 449 4663 μὲν
482 4588 771 4667 φοινικικοὶ
822 4586 921 4656 τὴν
966 4586 1225 4665 ἁμαρτίαν
1282 4585 1425 4666 ἐστὲ,
1472 4585 1562 4641 καὶ
1619 4582 1777 4651 ἧττον
1821 4586 1911 4639 αἷ-

2002 4578 2438 4657 indulgebimus
2460 4586 2487 4643 ?
2509 4581 2858 4657 Lavamt'm',
2888 4581 3100 4642 mundi
3122 4588 3303 4643 estote
3322 4582 3406 4643 66.
3433 4582 3493 4644 Si
3509 4585 3638 4645 U9!

374 4675 430 4699 Hs
570 4676 604 4735 λ
703 4678 736 4734 ά
959 4678 971 4693 ο
1169 4676 1181 4700 ρ
1255 4693 1269 4707 ⁸
1438 4673 1480 4695 In
1590 4671 1603 4692 ο
1895 4670 1907 4687 ε

243 4697 536 4753 ματωοεις,
607 4699 700 4734 ευκ
739 4681 896 4745 νθητε
946 4698 1020 4741 ως
1080 4699 1221 4757 χιων
1332 4676 1376 4733 εί
1433 4691 1487 4731 οε
1539 4695 1778 4731 κοκκινοι
1822 4693 1911 4729 και

2002 4678 2236 4750 peccato
2261 4668 2426 4731 rubri
2450 4669 2619 4751 estis,
2652 4669 2969 4751 minusque
2991 4671 3328 4753 sanguinei,
3355 4673 3527 4750 quasi
3555 4673 3649 4736 nix

242 4764 429 4847 ἄνδρες
493 4769 739 4845 αἱμάτων
796 4766 1015 4848 τέλειοι,
1097 4765 1194 4823 κᾶν
1267 4768 1340 4831 εἷς
1400 4764 1539 4844 ἐρίου
1608 4762 1910 4848 λευκότητα

243 4843 503 4956 φθάσατε,
555 4843 778 4922 Πάντως
830 4856 885 4914 δὲ
942 4843 1235 4933 κάθάρθητε
1281 4858 1368 4913 καὶ
1433 4843 1766 4933 καθεῖρεσθε.
1815 4843 1909 4918 Ὠς

1992 4758 2360 4823 dealbemini
2387 4760 2448 4810 67
2480 4782 2493 4821 :
2525 4760 2575 4823 si
2606 4768 2805 4823 autem
2839 4760 3107 4824 coccinei
3138 4779 3207 4824 ac
3260 4764 3511 4844 perfecti
3545 4765 3650 4825 viri

1995 4849 2379 4928 sanguinum,
2403 4851 2580 4914 etiam
2605 4869 2793 4933 usque
2813 4850 2887 4913 ad
2922 4851 3073 4913 lanae
3096 4852 3415 4915 candorem
3447 4871 3650 4934 perve-

320 4961 378 5007 ⁸ο
404 4965 619 5027 Matth.
653 4980 814 5042 xxvr,
846 4962 952 5026 70.
1036 4960 1086 5006 ⁰¹
1118 4962 1288 5026 Joan.
1338 4979 1459 5039 χχι,
1505 4962 1603 5024 15.
1691 4958 1795 5021 σει
1838 4960 1940 5022 Cor

2028 4978 2090 5042 v,
2143 4960 2165 5021 1
2217 4966 2274 5022 et
2321 4979 2451 5042 sqq.
2538 4958 2593 5002 ⁸³
2624 4959 2675 5023 II
2724 4961 2861 5024 Cor.
2906 4976 2968 5036 Ιι,
3018 4960 3077 5021 Ἰ.
3162 4958 3463 5042 αΕρὴοε.
3499 4979 3552 5036 v,
3586 4961 3647 5021 5'

242 5039 297 5087 ω
324 5013 619 5127 ιεεῖἱῖῧξ
651 5013 988 5106 ἐζ”’δσί’ὲέι.
1021 5061 1066 5122 ι,
1104 5013 1465 5119 fama:
1507 5013 1604 5107 is.

359 5153 461 5217 79)
503 5155 983 5233 Παρανομήσαντα.
1020 5152 1124 5217 Or.
1156 5159 1212 5227 l,
1247 5152 1665 5233 «sufﬂavsuadtz.

359 5153 461 5217 79)
503 5155 983 5233 Παρανομήσαντα.
1020 5152 1124 5217 0r.
1156 5159 1212 5227 l,
1247 5175 1387 5209 πεπο
1425 5152 1665 5210 νευκότα.

311 5152 462 5356 ,ί80)
502 5237 678 5312 Man.
717 5234 924 5298 Plures
962 5235 1146 5313 Regg.
1182 5242 1241 5294 et
1269 5175 1439 5295 αοιιῗ.
1475 5230 1910 5313 τιόάυιιι,βκρη-

248 5318 464 5475 ea{‘ZOBI)
503 5385 560 5475 ΤΟ
591 5403 852 5461 τοιοῦτος.
892 5394 1070 5456 Deest
1100 5393 1162 5456 in
1182 5392 1369 5472 Rng.
1406 5392 1533 5475 bm‘,
1568 5391 1669 5474 ph.

315 5473 763 5573 ,(⁸2).’λκ⁰¹ξσ²ε
822 5477 1101 5555 ῥημάτων.
1137 5476 1235 5539 Sic
1268 5475 1416 5553 Reg.
1467 5473 1567 5554 ph.
1609 5476 1786 5536 Deest
1815 5475 1919 5554 ῥη-

258 5557 439 5631 μάτων
488 5556 548 5619 in
589 5556 663 5620 ed

365 5638 468 5717 83)
504 5646 701 5699 Ταῦτα.
736 5635 885 5716 Reg.
918 5655 950 5699 c
982 5642 1040 5698 et
1072 5635 1175 5717 0r:
1212 5636 1236 5696 l
1279 5634 1531 5717 addunt,
1572 5639 1700 5716 φησι
1730 5659 1832 5702 τις.

365 5644 468 5717 83)
504 5646 701 5699 Ταῦτα.
736 5644 885 5716 Reg.
918 5655 950 5699 ϐ
982 5644 1040 5698 ει
1072 5644 1175 5698 UT.
1212 5644 1236 5696 1
1279 5644 1531 5708 addunt,
1572 5644 1699 5716 φησί
1730 5659 1772 5693 τι

337 5644 469 5798 ἓ84)
499 5720 558 5778 Τί
589 5726 767 5779 τοῦτο.
800 5718 947 5798 Reg.
988 5736 1019 5778 c
1042 5723 1101 5777 et
1132 5713 1372 5793 Comb.,
1408 5718 1507 5775 Καί
1535 5739 1586 5772 τι
1623 5725 1772 5774 τοῦτο

2082 5148 2195 5229 (85)
2227 5151 2428 5225 ’ὶ“μῶν.
2466 5148 2674 5211 Plures
2723 5147 2917 5229 Colb.,
2974 5151 3153 5226 ἡμῶν.
3199 5149 3353 5226 Mox,
3390 5148 3650 5229 δακρύσο-

1997 5252 2133 5313 μευ-ιτ
2158 5234 2282 5313 Duo
2314 5230 2527 5313 Rege,
2559 5230 2923 5313 δακρύσφμεν.

2079 5312 2210 5392 (86)
2248 5309 2552 5392 Βούλοιντο.
2590 5309 2740 5389 Reg.
2767 5310 2892 5392 bm,
2925 5309 3227 5392 βούλονταιῖ

2246 5390 2657 5471 Ἐπιπονωτέρῳ
2685 5390 2873 5453 τε.δὶο
2904 5399 3157 5471 quatuor
3209 5389 3393 5471 Begg.
3446 5400 3504 5455 et
3535 5391 3653 5455 duo

2006 5472 2173 5535 Colb.
2194 5472 2380 5537 Deest
2409 5495 2467 5531 τε
2492 5474 2553 5534 in
2588 5473 2684 5535 ed.

2083 5554 2208 5634 (88)
2243 5554 2443 5634 Χόρτον
2476 5556 2574 5623 τὴν
2602 5552 2759 5634 ὕλην.
2805 5551 2995 5616 Nicet.
3056 5572 3085 5614 ς
3122 5560 3395 5615 terrenos
3425 5562 3485 5616 et
3518 5571 3654 5618 car-

2005 5634 2170 5697 nales
2192 5633 2437 5697 aﬂectus
2462 5656 2493 5692 ι»
2523 5633 2817 5714 intelligit.

2091 5716 2214 5796 (89)
2246 5718 2630 5795 Τρυφῆσωμεν.
2665 5713 2818 5778 Tres
2848 5713 3057 5793 Regg.,
3091 5718 3451 5796 τρυφήσομεν,
