4158 6394
1139 316 1423 383 ORATIO
1468 315 1597 383 XL.
1644 347 1724 364 --
1766 315 1854 384 IN
1893 313 2260 384 SL‘NCTUM
2301 317 2710 384 BAPTISMA.

3521 311 3643 382 370

340 436 418 508 θ’.
481 448 656 504 Δεινδν
739 450 838 528 γὰρ
908 450 1024 508 ἀντὶ
1073 452 1302 530 ίατρείας
1375 451 1740 529 ἀπονωτέρας,
1797 450 1898 520 τὴν

2063 445 2160 510 IX.
2191 450 2379 512 Grave
2427 449 2586 512 enim
2629 453 2726 511 est
2768 447 3056 512 facilioris
3111 447 3434 510 medicina;
3476 446 3633 520 loco,

260 536 640 616 ἐπιπονωτέραν
711 538 1006 617 ἐργάσασθαι
1018 564 1060 613 ι,
1147 544 1236 600 καὶ
1292 541 1686 622 ἀπορρίψαντας
1735 542 1895 624 χάριν

257 625 436 684 οἴκτου
464 641 760 706 χρεωστετν
802 628 1048 705 κόλασιν,
1106 631 1196 689 καὶ
1267 632 1609 710 ἀντιμετρετν
1667 631 1897 711 ἁμαρτία

254 713 540 791 διόρθωσιν.
597 715 767 774 Πόσον
827 719 929 797 γὰρ
999 721 1294 795 εἰσοίσομεν
1345 721 1589 799 δάκρυον,
1622 720 1700 777 ἵν’
1740 721 1894 778 ἀντι-

251 807 391 880 σωθῇ
421 811 489 877 τῇ
547 807 699 884 πηγῆ
755 817 847 868 τοῦ
875 809 1241 886 βαπτίσματος
1274 831 1290 890 ;
1324 814 1400 877 τίς
1431 811 1486 868 δὲ
1530 815 1558 870 ὁ
1603 811 1889 890 ἐγγυητὴς,

247 893 324 948 ὅτι
353 907 512 967 μενεῖ
539 897 637 960 τήν
665 897 944 975 θεραπείαν
972 900 1034 954 τὸ
1061 898 1242 977 τέλος,
1274 899 1397 957 ἀλλ’
1448 901 1545 959 οὒκ
1587 900 1897 981 ὀφείλοντας

245 986 384 1056 ἡμᾶς
436 981 562 1064 (44)
596 983 672 1042 ’ἐτι
702 987 764 1042 τὸ
793 988 1063 1066 κριτήριον
1111 987 1442 1066 ὑποδέξεται,
1473 991 1558 1048 καὶ
1579 995 1680 1058 τῆς
1712 989 1890 1046 ἐκεῖσε

243 1071 521 1146 δεομένους
551 1074 834 1154 πυρώτεως
867 1095 884 1155 ς
918 1077 990 1132 Σὺ
1035 1076 1132 1152 μέν
1167 1077 1333 1155 δεήσῃ
1381 1078 1508 1158 (45)
1555 1086 1646 1136 τοῦ
1681 1079 1890 1135 Δεσπόο

244 1184 332 1218 του
397 1164 590 1242 τυχὸν,
652 1166 680 1220 ὁ
707 1164 872 1229 καλὸς
931 1167 1020 1223 καὶ
1077 1167 1449 1249 φιλάνθρωπος
1520 1169 1786 1248 γεωργὸς,
1819 1167 1897 1224 ’ἐτι

242 1255 511 1332 φείσασθαι
585 1258 683 1320 τῆς
741 1256 929 1336 συκῆς,
989 1259 1076 1315 καὶ
1134 1259 1302 1334 μήπω
1389 1263 1584 1326 ταύτην
1644 1258 1895 1334 ἰκτεμετν

241 1340 639 1430 έγκαλουμένην
695 1345 757 1402 τὸ
789 1344 1048 1428 ἄκαρπον,
1113 1346 1249 1405 ἀλλὰ
1281 1352 1701 1430 συγχωρηθῆναι
1733 1369 1891 1425 περι-

241 1428 423 1488 ϐαλεῖν
452 1432 671 1512 κόπρια,
725 1432 946 1512 δάκρυα,
979 1439 1330 1516 στεναγμοὺς,
1378 1428 1700 1509 ἀνακλήσεις
1748 1433 1888 1511 (46),

242 1521 557 1597 χαμευδίσς,
625 1522 940 1602 ἀγρυπνίας,
986 1523 1134 1593 τῆξιν
1192 1528 1378 1606 ψυχῆς
1449 1527 1538 1584 καὶ
1608 1525 1886 1601 σώματος,

243 1610 334 1676 τὴν
389 1607 459 1664 δι’
521 1610 933 1690 ὲξαγορεύσειης,
982 1616 1069 1671 καὶ
1114 1614 1430 1693 ἄτιμοτέρας
1458 1615 1680 1695 ἀγωγῆς
1727 1613 1891 1670 ἔπανο

238 1698 478 1777 όρθωσιν’
557 1699 755 1768 ἄδηλον
784 1701 862 1782 δὲ,
919 1705 962 1760 εἰ
997 1705 1230 1785 φείσεται
1274 1705 1472 1773 ταύτης
1503 1707 1531 1761 ὁ
1581 1705 1885 1776 Δεσπότης,

238 1790 307 1852 ὡς
376 1791 747 1870 κατειργούσης
803 1795 894 1850 τὸν
978 1795 1166 1876 τόπον,
1231 1794 1391 1854 ἄλλου
1461 1795 1577 1871 (47)
1638 1791 1888 1868 δεομένου

237 1877 650 1957 υιλανθρωπίας,
700 1882 787 1939 καὶ
847 1883 1128 1961 γινομένου
1223 1886 1470 1965 χείρονος
1525 1887 1586 1941 ὲκ
1654 1888 1756 1950 τῆς
1813 1883 1887 1946 εἷς

237 1971 415 2026 τοῦτον
488 1973 871 2048 μακροθυμίας,
949 1981 1308 2055 Συνταφῶμεν
1376 1977 1464 2032 οὗν
1526 1979 1737 2052 Χριστῷ
1798 1970 1886 2028 διὰ

1979 535 2380 601 difﬁciliorem
2401 548 2461 601 et
2487 536 2898 600 molestiorem
2928 537 3244 613 adhibere,
3269 555 3340 600 ac
3370 536 3637 618 proiecta

1979 626 2411 690 misericordiae
2440 628 2648 708 gratia,
2669 627 2980 708 suppliciis
3010 627 3276 708 seipsum
3311 623 3636 688 obnoxium

1977 715 2257 792 reddere,
2291 726 2466 798 atque
2515 737 2583 780 ex
2634 718 2836 780 delicti
2867 717 3099 780 ratione
3148 714 3636 780 emendationem

1981 821 2239 886 aequare.
2260 806 2552 879 Quantam
2577 807 2734 869 enim
2758 807 3154 889 lacrymarum
3177 806 3293 867 vim
3325 802 3635 884 impende-

1981 911 2141 968 mus,
2183 903 2244 956 ut
2278 914 2348 958 ea
2375 916 2511 958 cum
2544 896 2821 977 baptismi
2865 897 3027 960 fonte
3058 894 3354 977 exaequari
3403 890 3636 975 possit?

1980 982 2124 1056 Quis
2155 991 2352 1046 autem
2385 1004 2642 1067 sponsor
2670 989 2810 1067 erit,
2842 987 2991 1068 fore,
3025 993 3090 1048 ut
3119 987 3250 1048 vita
3288 983 3428 1049 ﬁnis
3455 1000 3634 1044 cura-

1977 1071 2202 1134 tionem
2239 1084 2565 1157 exspectet,
2599 1095 2666 1138 ac
2697 1095 2817 1138 non
2855 1077 3046 1157 potius
3073 1075 3270 1138 adhuc
3298 1092 3416 1136 nare
3441 1072 3636 1134 alieno

1981 1181 2240 1242 pressos,
2280 1172 2459 1245 atque
2487 1165 2641 1246 ignis
2673 1167 2834 1227 illius
2866 1166 3084 1228 ardore
3115 1184 3271 1245 opus
3307 1162 3624 1237 habentes,

1979 1251 2234 1314 tribunal
2259 1254 2406 1316 illud
2434 1254 2776 1336 suscipiat?
2797 1254 2886 1317 Tu
2908 1255 3151 1337 quidem
3174 1254 3449 1331 fortasse,
3477 1251 3632 1314 bono

1979 1348 2037 1403 et
2067 1342 2328 1405 humane
2353 1344 2633 1422 agricola,
2662 1344 2983 1407 Dominum
3006 1344 3254 1426 supplex
3280 1340 3538 1420 rogabis,
3566 1348 3633 1401 ut

1979 1430 2250 1494 ﬁculnea;
2269 1432 2462 1496 adhuc
2483 1443 2685 1515 parcat
2710 1436 2791 1511 87,
2817 1453 2928 1496 nec
2946 1453 3076 1496 eam
3104 1431 3441 1495 sterilitatis
3463 1447 3632 1492 accu-

1977 1529 2160 1582 satam
2222 1523 2416 1586 adhuc
2466 1523 2756 1600 succidat,
2790 1543 2996 1588 verum
3049 1521 3157 1585 tibi
3209 1520 3531 1603 permittat,
3568 1526 3633 1580 ut

1977 1619 2244 1674 stercora
2275 1613 2544 1693 undique
2574 1614 2634 1676 in
2667 1633 2796 1677 eam
2837 1611 3097 1693 injicias,
3132 1613 3245 1673 hoc
3286 1618 3398 1685 est,
3433 1610 3630 1688 lacry-

1980 1718 2129 1780 mas,
2153 1702 2431 1780 gemitus,
2461 1722 2694 1784 preces,
2721 1704 3128 1774 cbameunias,
3152 1698 3633 1781 vigilias,animm

1975 1798 2033 1851 et
2063 1792 2331 1871 corporis
2364 1796 2853 1868 macerationem,
2888 1812 2956 1855 ac
2987 1792 3246 1872 denique
3298 1791 3629 1852 correctio—

1973 1898 2108 1941 nem
2144 1899 2299 1952 eam,
2334 1901 2467 1964 qua;
2510 1903 2579 1945 ex
2632 1884 2861 1965 peccati
2913 1884 3313 1955 confessione,
3348 1886 3624 1941 contem-

1976 1969 2277 2050 ptiorique
2291 1973 2430 2035 697
2448 1973 2580 2036 vitas
2595 1993 2817 2054 genere
2835 1974 3069 2036 exsistit
3094 1973 3494 2050 ;atincertum
3515 1975 3628 2044 est,

236 2067 324 2116 τοῦ
376 2060 774 2141 βαπτίσματος,
831 2063 923 2120 ἵνα
990 2066 1080 2121 καὶ
1156 2067 1585 2139 συναδαστῶμεν·
1656 2082 1892 2141 συγκατ-

1980 2077 2050 2120 au
2083 2057 2372 2123 Dominus
2416 2063 2500 2124 illi
2537 2072 2770 2145 parcet,
2801 2070 3010 2143 utpote
3039 2081 3173 2142 quae
3202 2061 3379 2123 etiam
3427 2059 3628 2120 locum

237 2148 490 2230 ἔλθωμεν,
555 2150 646 2207 ’ίνα
704 2153 791 2208 καὶ
851 2157 1264 2230 συνυψωθῶμεν·
1328 2151 1751 2229 συνανέλθωμεν,
1799 2150 1892 2206 ἵνα

1980 2148 2168 2210 otiose
2215 2161 2491 2232 occupet,
2539 2171 2674 2214 cum
2727 2153 2967 2214 interim
3013 2153 3166 2216 alius
3215 2147 3630 2212 misericordia

239 2241 314 2296 καῖ
348 2239 802 2314 συνδοξασθῶμεν.

1980 2246 2169 2315 egeat,
2204 2249 2384 2318 atque
2412 2241 2487 2301 ob
2514 2241 3048 2322 longanimitatem,
3071 2259 3206 2320 quae
3235 2239 3347 2320 ipsi
3377 2238 3625 2300 exhibe-

238 2336 348 2405 tur,
379 2327 649 2392 deterior
669 2329 792 2396 liat.
826 2329 1109 2408 Proinde,
1147 2352 1278 2396 cum
1311 2332 1550 2398 Christo
1581 2347 1690 2411 per
1709 2328 2066 2410 baptismum
2097 2330 2485 2411 sepeliamur,
2522 2338 2584 2393 ut
2607 2339 2668 2392 et
2697 2351 2832 2394 cum
2863 2351 2936 2394 eo
2965 2348 3351 2409 resurgamus
3368 2327 3446 2409 αις
3473 2346 3609 2390 cum

238 2435 305 2518 eo
354 2417 819 2498 descendamus,
880 2429 943 2484 ut
990 2421 1170 2486 simul
1215 2423 1397 2486 etiam
1450 2421 1836 2494 extollamur,
1878 2434 2014 2480 cum
2075 2436 2146 2479 eo
2199 2422 2613 2498 ascendamas,
2673 2429 2740 2483 ut
2789 2421 2967 2484 simul
3017 2439 3253 2503 quoque
3283 2417 3472 2500 gloria
3493 2417 3630 2481 afﬁ-

237 2526 478 2570 ctamur.

317 2599 381 2658 l'.
457 2600 586 2657 Ἐάν
647 2624 731 2659 σοι
782 2599 1058 2681 προσϐάλῃ
1099 2603 1236 2677 μετᾶ
1290 2605 1351 2660 τὸ
1412 2602 1688 2679 βάπτισμα
1745 2601 1772 2655 ὁ
1803 2604 1893 2654 τοῦ

2055 2596 2126 2657 Χ.
2154 2597 2216 2659 Si
2248 2606 2304 2661 te
2335 2599 2578 2663 luminis
2607 2609 2954 2682 persecutor
2987 2607 3044 2664 et
3072 2603 3338 2661 teutator
3361 2606 3496 2678 post
3513 2597 3626 2660 ba-

239 2693 410 2769 ?mtoc
467 2690 703 2759 διώκτης
763 2694 851 2750 καὶ
906 2693 1198 2773 πειραστὴς
1283 2691 1608 2773 (προσϐαλεϊ
1662 2689 1740 2747 δέ’
1803 2687 1892 2744 καὶ

1980 2685 2255 2764 ptismum
2281 2688 2524 2751 adortus
2547 2691 2725 2753 fuerit
2749 2694 2836 2771 (et
2854 2699 3013 2752 certe
3030 2689 3338 2750 adoriatur
3363 2705 3378 2761 ;
3406 2706 3540 2748 nam
3565 2695 3628 2750 ett

242 2779 358 2853 γὰρ,
439 2782 530 2837 διπῖ
588 2780 704 2855 (48)
764 2788 840 2856 τῷ
899 2787 1080 2859 Λόγῳ,
1157 2783 1244 2838 καὶ
1302 2787 1419 2860 Θεῷ
1446 2803 1551 2855 μου
1593 2775 1889 2854 προσέϐαλε

1980 2775 2266 2855 Verbum,
2294 2786 2353 2838 et
2379 2778 2568 2841 Deum
2601 2799 2824 2856 meum,
2857 2788 3103 2860 propter
3131 2777 3326 2840 carnis
3359 2778 3626 2838 velamen

237 2865 317 2924 διὰ
375 2870 434 2926 τό
493 2870 778 2951 κάλυμμα,
844 2878 919 2945 τῷ
991 2857 1218 2948 κρυπτῷ
1246 2857 1497 2952 φωτὶδδιὰ
1525 2872 1585 2926 τὸ
1635 2867 1893 2950 φαινόμε-

1981 2884 2325 2946 oppugnare
2341 2887 2654 2947 aggressus
2672 2857 3024 2949 est,lumen,
3044 2866 3460 2948 inquam,illud
3483 2865 3625 2928 abs-

241 2957 374 3034 νον),
448 2958 604 3039 ἔχεις
663 2961 708 3034 ᾦ
777 2963 1038 3031 νικήσεις·
1091 2962 1169 3037 μὴ
1215 2959 1454 3042 φοϐηθῇς
1512 2962 1604 3017 τὸν
1684 2957 1890 3036 ἀγῶνα.

1981 2957 2310 3037 conditum,
2337 2967 2580 3038 propter
2609 2961 3038 3022 humanitatem
3069 2977 3201 3039 quin
3227 2958 3293 3019 in
3315 2965 3626 3036 aspectum

243 3045 512 3124 Προϐαλοῦ
567 3050 627 3105 τὸ
669 3047 828 3129 ὕδωρ,
862 3048 1132 3127 προϐαλοῦ
1160 3051 1220 3107 τὸ
1251 3049 1573 3130 Πνεῖιμα,ίὲν
1606 3049 1651 3123 ᾦ
1716 3046 1892 3103 πάντα

1980 3047 2191 3129 cadit);
2213 3048 2397 3110 habes
2419 3067 2536 3131 quo
2558 3065 2693 3111 eum
2721 3068 3004 3130 superes;
3027 3068 3103 3109 ne
3122 3056 3426 3110 eertamen
3444 3045 3628 3108 refor-

243 3138 300 3192 τὰ
554 3145 646 3196 τοῦ
703 3145 944 3218 Πονηροῦ
1003 3137 1130 3220 (49)
1178 3141 1243 3196 τὰ
1273 3138 1630 3219 πεπυρωμένα
1660 3134 1890 3206 σϐεσθήο

243 3248 405 3291 σεται,
460 3236 683 3304 Πνεῦμα
750 3230 849 3305 μὲν
903 3228 1071 3304 ἔστιν,
1137 3229 1276 3289 ἀλλὰ
1333 3228 1543 3287 διαλύον
1574 3229 1696 3307 ὅρη⁶
1757 3224 1892 3301 ὕδωρ

240 3318 331 3389 μὲν
381 3317 552 3399 ἔστιν,
624 3317 761 3376 ἁλλὰ
827 3322 989 3399 πυρὸς
1085 3319 1422 3398 σϐεστήριον,
1510 3318 1639 3376 Ἐὰν
1720 3337 1891 3395 προσ-

239 3405 370 3484 ϐάλῃ
421 3407 544 3480 (50)
603 3409 698 3477 τὴν
755 3411 943 3488 χρείαν
1002 3412 1108 3482 (καὶ
1151 3410 1250 3488 γὰρ
1281 3408 1509 3482 κάκείνῳ
1537 3407 1891 3481 τετόλμηκε),

240 3499 320 3554 καὶ
389 3504 534 3576 ζητῇ
589 3500 711 3563 τοὺς
759 3499 932 3562 λίθους
993 3497 1180 3577 ἄρτους
1258 3498 1522 3578 γενέσθαι,
1622 3499 1685 3555 τὸ
1768 3518 1891 3553 πει-

241 3600 347 3644 νετν
405 3587 532 3666 (51)
594 3586 924 3664 ὶπιθέμενος⁶
1002 3589 1080 3664 μὴ
1149 3588 1425 3668 ἀγνοήσῃς
1459 3589 1620 3646 αὒτοῦ
1659 3587 1726 3643 τὰ
1755 3588 1889 3656 νοή-

242 3699 398 3749 ματα,
462 3676 682 3744 Δίδαξον
737 3679 772 3734 ἅ
823 3679 903 3754 μὴ
963 3679 1266 3755 μεμάθηκε⁸
1326 3679 1416 3734 τὸν
1485 3676 1647 3755 λόγον
1690 3675 1891 3740 ἀντίθες

242 3767 326 3822 τὸν
372 3769 625 3842 ζωτικὸν,
681 3766 737 3834 ὅς
793 3767 936 3824 ἔστιν
995 3767 1048 3833 ἒξ
1081 3771 1300 3846 οὐρανοῦ
1329 3769 1678 3843 πεμπόμενος
1709 3764 1889 3844 ἂρτος,

243 3859 442 3933 καὶτῷ
505 3857 691 3932 κόσμῳ
747 3859 808 3914 τὸ
878 3863 972 3935 ζῇν
1029 3858 1408 3938 χαριζόμενος,
1473 3847 1746 3935 Ἐὰν(52)
1809 3853 1892 3911 διὰ

242 3944 533 4013 κενοδοξίας
592 3945 909 4024 ἑπιϐουλεόῃ
944 3945 1070 4028 (53)
1117 3969 1202 4004 σοι
1233 3946 1350 4016 (καὶ
1381 3947 1480 4025 γὰρ
1512 3946 1694 4018 ἐκείνῳ
1727 3944 1886 4025 [54],

244 4035 441 4115 ὰνάγων
504 4038 589 4093 ἰπὶ
671 4038 732 4095 τὸ
810 4044 902 4094 τοῦ
993 4039 1132 4117 ἱεροῦ
1229 4036 1531 4115 πτερύγιον,
1585 4035 1694 4108 καὶ,
1760 4033 1890 4112 βάλε

245 4128 454 4184 σεαυτὸν
521 4127 690 4202 κάτω,
754 4126 950 4206 λέγων,
1011 4127 1084 4189 εἷς
1144 4124 1386 4191 ἐπίδειξιν
1443 4130 1542 4192 τῆς
1587 4121 1888 4202 θεότητος),

244 4216 317 4287 μὴ
367 4221 699 4296 κατενεχθῇς
751 4215 843 4273 διὰ
892 4221 991 4283 τῆς
1041 4215 1341 4294 ἐπάρσεως,
1405 4213 1524 4272 "Av
1581 4216 1734 4272 τοῦτο
1765 4213 1890 4293 (55)

1982 3137 2189 3202 mides.
2205 3138 2433 3219 Aquam
2454 3140 2738 3202 adversus
2760 3159 2897 3202 eum
2920 3154 3424 3220 oppone,oppone
3441 3135 3628 3217 Spiri-

1981 3235 2127 3301 tum,
2157 3228 2214 3289 in
2247 3248 2366 3306 quo
2407 3231 2590 3306 ignita
2632 3232 2836 3293 omnia
2860 3232 3021 3312 pravi
3059 3230 3220 3291 illius
3247 3228 3363 3290 tela
3391 3227 3624 3289 exstin-

1977 3319 2336 3397 guentur89.
2365 3321 2622 3401 Spiritus
2645 3321 2885 3402 quidem
2913 3329 3023 3396 est,
3043 3337 3248 3383 verum
3270 3319 3380 3400 qui
3397 3325 3630 3379 montes

1976 3409 2279 3472 dissolvat.
2313 3411 2480 3491 Aqua
2509 3410 2751 3491 quidem
2783 3419 2895 3486 est,
2919 3411 3026 3473 sed
3053 3429 3190 3491 quae
3219 3408 3372 3487 ignis
3403 3408 3629 3470 exstin-

1975 3498 2197 3577 guendi
2217 3499 2329 3562 vim
2349 3499 2583 3565 habeat.
2605 3501 2668 3563 Si
2682 3501 2940 3581 inopiam
2956 3500 3058 3562 tibi
3074 3497 3627 3580 proposuerit(nam

1978 3590 2091 3650 hoc
2136 3609 2377 3670 quoque
2408 3591 2646 3653 Christo
2679 3608 3014 3671 proponere
3043 3608 3164 3650 non
3195 3586 3531 3666 dubitavit),
3561 3605 3631 3648 ac

1977 3677 2194 3740 famem
2217 3679 2292 3740 ob
2316 3681 2521 3742 oculos
2544 3699 2796 3761 ponens,
2821 3679 3153 3761 postularit,
3180 3687 3243 3739 ut
3265 3677 3494 3756 lapides
3520 3694 3627 3756 pa-

1979 3787 2084 3829 nes
2109 3769 2251 3830 liant
2267 3769 2366 3845 90;
2396 3789 2473 3832 ne
2494 3770 2654 3832 illius
2675 3769 3006 3848 cogitiones
3029 3769 3290 3846 ignores.
3317 3765 3477 3828 Doce
3499 3784 3632 3847 quae

1980 3878 2096 3919 non
2120 3858 2330 3922 didicit
2357 3881 2371 3935 ;
2401 3879 2639 3941 oppone
2663 3859 2897 3921 vitalem
2928 3858 3098 3919 illum
3129 3875 3494 3928 sermonem,
3523 3858 3627 3932 qui

1978 3949 2144 4029 panis
2163 3958 2252 4012 est
2270 3950 2502 4012 caelitus
2520 3949 2836 4023 missus,ac
2859 3949 3080 4010 mundo
3093 3947 3267 4009 vitam
3292 3944 3628 4026 largitur“.

1974 4039 2036 4101 Si
2053 4039 2155 4099 tibl
2176 4058 2280 4118 per
2301 4040 2542 4101 inanem
2565 4039 2814 4119 gloriam
2839 4038 3087 4102 insidias
3104 4037 3382 4098 moliatur
3404 4035 3635 4116 (quern-

1975 4128 2296 4191 admodum
2329 4139 2386 4190 et
2435 4129 2541 4202 illi,
2579 4148 2718 4191 cum
2750 4129 2811 4190 in
2841 4129 3049 4210 templi
3081 4125 3461 4208 pinnaculum
3493 4143 3632 4186 eum

1975 4219 2215 4282 sustulit
2237 4237 2305 4280 ac
2328 4219 2476 4281 dixit
2501 4241 2512 4281 :
2543 4220 2786 4293 Profice
2809 4225 2863 4281 te
2879 4219 3161 4280 deorsum
3180 4215 3256 4292 9⁸,
3277 4224 3344 4278 ιιι
3366 4216 3639 4278 divinita.

245 4302 401 4385 λάϐῃ,
449 4307 518 4364 οὔ
575 4307 740 4386 μέχρι
796 4306 981 4363 τούτου
1040 4306 1325 4375 σπήσεται.
1361 4302 1692 4371 ⁹¹Απληστός
1722 4302 1886 4374 ὶστιν,

1980 4309 2049 4399 tis
2071 4309 2376 4399 specimen
2402 4308 2814 4399 edas).,ne-per
2837 4308 3024 4369 animi
3051 4307 3371 4399 elationem
3397 4307 3636 4399 dejicie-

247 4399 316 4458 είς
370 4397 544 4454 πάντα
615 4395 927 4477 ἐπέρχεται.
987 4395 1163 4451 Σαίνει
1222 4394 1320 4470 μὲν
1357 4399 1435 4467 τῷ
1466 4399 1691 4474 χρηστῷ
1737 4391 1892 4474 (56),

249 4483 458 4560 τελευτᾷ
534 4484 590 4542 δὲ
649 4488 722 4552 είς
776 4487 1028 4564 πονηρόν.
1081 4484 1244 4548 Οὗτος
1316 4484 1476 4542 αὐτοῦ
1503 4490 1602 4554 τῆς
1645 4483 1834 4564 μάχης
1866 4486 1893 4540 ὁ

251 4575 457 4654 τρόπος,
493 4575 662 4635 Ἀλλὰ
717 4578 804 4633 καὶ
837 4576 1056 4656 Γραφῶν
1087 4575 1339 4650 ἔμπειρος
1386 4576 1413 4630 ὁ
1444 4573 1671 4651 λῃστής.
1713 4574 1896 4632 Ἐκεῖ-

250 4668 332 4721 θεν
395 4671 478 4744 to,
548 4666 869 4746 Γέγραπται,
931 4668 1049 4745 περὶ
1118 4672 1212 4723 τοῦ
1268 4664 1448 4745 ἄρτου·
1512 4665 1746 4723 ἐντεῦθεν
1806 4666 1889 4745 τὸ,

255 4754 570 4834 Γέγραπται,
649 4759 766 4836 περὶ
850 4761 956 4812 τῶν
1041 4754 1311 4834 ἀγγέλων·
1393 4753 1690 4833 Γέγραπται
1767 4755 1890 4833 γὰρ,

326 4861 384 4911 87
420 4862 564 4926 Luc.
597 4879 725 4935 xm,
751 4862 812 4924 8.
857 4861 923 4912 88
951 4858 1128 4922 Rom.
1159 4876 1240 4934 vr,
1268 4860 1329 4920 4.
1373 4859 1436 4910 89
1463 4859 1684 4941 Ephes.
1713 4875 1800 4935 τι,
1839 4860 1942 4926 16.

326 4968 449 5050 (44)
489 4961 686 5045 Ἠμᾶς.
719 4971 901 5032 Deest
929 4967 988 5029 in
1007 4965 1290 5050 pluribus
1331 4968 1520 5047 Regg.
1550 4978 1610 5029 et
1639 4965 1811 5030 Colb.

335 5048 451 5125 (ιδ’)
488 5052 694 5128 Asm-
727 5051 880 5130 Rec.
913 5067 968 5130 φ,
999 5048 1261 5130 Stowa-

357 5131 456 5209 46)
489 5127 866 5202 Ἀνακλήσειξ,
914 5127 1101 5209 Cois].
1136 5135 1190 5207 1,
1225 5127 1548 5209 ἀνακλίσεις.

489 5211 726 5302 Ἄλλος.
752 5211 818 5302 In
849 5207 1229 5302 quibusdam,
1258 5207 1379 5264 ἀλλ’
1410 5209 1493 5271 οὐ.

359 5288 460 5368 48)
492 5295 612 5355 Καί.
646 5291 825 5354 Deest
854 5288 916 5352 in
947 5288 1135 5368 tribus
1156 5291 1342 5368 Regg.

331 5366 446 5450 (49)
477 5372 618 5441 Βέλη
647 5383 739 5434 τοῦ
783 5378 1047 5449 Πονηροῦ.
1097 5366 1194 5431 Sic
1225 5366 1483 5450 quatuor
1531 5368 1747 5449 Regg.,
1780 5387 1897 5433 no-

263 5465 382 5512 vem
410 5449 606 5535 εφη»,
625 5453 759 5516 duo
787 5452 995 5526 Coisl.,
1029 5458 1146 5512 etc.
1182 5449 1368 5512 Pravo
1397 5451 1460 5512 in
1492 5450 1620 5530 ed.,
1643 5450 1784 5527 μέλη
1805 5458 1902 5510 τοῦ

263 5533 482 5598 πονηροῦ
493 5584 506 5598 ,

265 5554 828 5747 agamnam...
862 5613 1047 5694 Regg.
1084 5610 1206 5687 bm,
1245 5611 1324 5694 ph
1355 5619 1418 5674 et
1467 5608 1711 5687 Gomb.,
1773 5635 1900 5691 προ.

1976 4391 2080 4453 ris.
2108 4389 2254 4452 Nam
2275 4389 2324 4450 si
2351 4389 2462 4450 hoc
2487 4390 2755 4464 evicerit,
2785 4407 3162 4469 nequaquam
3201 4389 3301 4450 hic
3321 4389 3634 4450 consistet-

1979 4479 2363 4560 lnexplebilis
2398 4487 2510 4552 est,
2537 4479 2608 4541 ad
2643 4479 2844 4540 omnia
2873 4486 3201 4558 grassatur.
3237 4477 3637 4555 Benignitatis

1981 4570 2220 4651 quidem
2243 4570 2445 4650 specie
2466 4569 3064 4638 lenocinatur,verum
3082 4569 3140 4628 in
3158 4567 3376 4628 malum
3389 4567 3635 4643 desiuit,

1978 4660 2117 4722 Haec
2136 4670 2226 4721 est
2248 4660 2409 4721 illius
2430 4657 2727 4740 pugnandi
2753 4659 2929 4722 ratio.
2953 4659 3146 4740 Atque
3171 4658 3346 4719 etiam
3371 4657 3637 4737 Scriptu-

1978 4769 2176 4834 rarum
2212 4751 2435 4831 peritus
2468 4759 2558 4811 est
2588 4750 2684 4812 hic
2716 4750 2891 4814 latro.
2929 4750 3085 4813 Hinc
3118 4747 3291 4826 illud,
3320 4747 3637 4828 Scriptum

1981 4858 2046 4909 90
2093 4855 2297 4919 Matth.
2353 4872 2433 4937 ιν,
2466 4856 2528 4919 3.
2571 4855 2620 4899 9¹
2654 4858 2826 4918 Joan.
2866 4872 2946 4928 vI,
2994 4854 3094 4919 33.
3141 4853 3347 4916 Matth.
3379 4870 3463 4929 ιν,
3511 4854 3573 4919 6.

1970 4972 1976 4978 ’
2067 4967 2192 5048 (51)
2229 4966 2300 5024 Τὸ
2327 4977 2559 5026 πεινετν.
2585 4961 2686 5037 Sic
2717 4961 2861 5042 Reg,
2899 4963 2976 5044 ph
3009 4970 3068 5024 et
3097 4961 3279 5026 Coisl.
3321 4965 3379 5024 l.
3409 4960 3476 5023 In
3510 4961 3635 5038 ed.,

1980 5055 2058 5123 τῷ
2087 5052 2304 5118 πεινῆν,

2087 5130 2196 5200 5-2)
2223 5125 2374 5205 Ἐάν,
2408 5123 2510 5187 Or.
2555 5126 2577 5186 ι
2603 5123 2795 5205 addit,
2826 5124 2902 5186 δέ.

2087 5130 2196 5200 5'2)
2223 5128 2372 5186 Ἐάν.
2408 5128 2510 5187 Or.
2555 5128 2577 5186 1
2603 5128 2795 5205 addit,
2826 5128 2902 5186 δέ.

2064 5128 2190 5289 ί53)
2226 5204 2602 5289 Ἐπιϐουλεόῃ,
2625 5207 2701 5289 γίιι
2729 5202 3061 5289 nonnullis,
3095 5199 3473 5289 ἐπιϐουλεύῃ.

2065 5208 2166 5289 (53
2226 5208 2602 5282 Ἐπιϐουλεόῃ,
2636 5208 2701 5267 In
2729 5208 3061 5272 nonnullis,
3095 5208 3473 5279 ἐπιϐουλεύσῃ.

2064 5208 2190 5367 (54)
2216 5289 2341 5367 Καὶ
2368 5287 2468 5364 γὰρ
2512 5287 2731 5367 ἐκείνῳ.
2794 5284 2893 5348 Sic
2917 5284 3118 5367 plures
3175 5281 3351 5367 codd.
3389 5281 3536 5367 Reg.
3573 5302 3629 5367 ο,

1981 5360 2230 5442 κᾶκεινῖρ.
2293 5360 2600 5442 Nonnulli,
2683 5360 2968 5424 κάκεῖνον.
3037 5365 3106 5425 In
3164 5360 3287 5433 ed.,

1983 5453 2185 5510 ἐκεῖνο.

2063 5529 2190 5609 (55)
2225 5535 2415 5588 Τοῦτο.
2453 5528 2604 5609 Reg.
2633 5526 2970 5609 ρὶιὶτοότου.

2069 5606 2200 5690 (56)
2249 5613 2498 5686 Χρηστῷ.
2534 5606 2684 5671 Tres
2712 5606 2917 5683 σουλ,
2963 5611 3195 5683 Χριστῷ.

3373 5365 3457 5419 καὶ
3535 5364 3633 5443 γὰρ
