4158 6398
308 327 420 391 381

1198 342 1481 406 ORATIO
1524 341 1650 401 XL.
1696 374 1773 384 —
1818 341 1901 403 IN
1947 338 2307 401 SANCTUM
2355 338 2761 401 BAPTISMA.

3592 328 3708 396 382

311 466 520 558 φθίσεως
555 470 767 558 ἀσθενὲς
803 490 816 504 ⁸
853 478 926 540 ὡς
979 476 1314 558 μικρόφυχος
1372 477 1407 544 ἦ
1442 477 1624 555 μήτηρ
1672 473 1826 555 (18),
1884 473 1973 529 καὶ

2061 468 2165 531 bus
2183 468 2681 550 praeberelnfans
2702 472 2810 534 tibi
2828 479 2949 535 est?
2970 471 3057 534 Ne
3074 470 3450 533 occasionem
3471 468 3671 558 impro
3682 502 3707 516 ς

307 555 660 636 ὀλιγόπιστος
689 561 703 623 !
744 556 805 620 ’Β
851 562 1039 623 ’Ἅννα
1071 555 1270 641 82,151
1314 567 1436 645 πρὶν
1469 565 1505 633 ἢ
1542 564 1671 645 (19)
1702 565 1972 643 γεννηθῆ-

314 668 401 736 ναι
433 649 523 705 τὸν
555 653 832 729 Σαμουὴλ,
886 654 1257 736 καθυπέσχετο
1304 660 1382 728 τῷ
1444 661 1584 730 θεῷ,
1631 655 1719 712 καὶ
1774 674 1974 731 γεννη-

310 735 493 819 θέντα,
528 742 669 818 ἱερὸν
702 745 847 811 εὐθὺς
879 758 1055 819 ποιεῖ,
1110 735 1200 802 καὶ
1364 745 1604 821 ἱερατικῇ
1634 741 1800 817 στολῇ
1846 762 1973 797 συν·

315 826 626 909 ανέτρεψεν,
663 832 722 889 οὐ
775 837 837 891 τὸ
897 835 1222 916 ἀνθρώπινον
1288 832 1609 915 φοϐηθεῖσα,
1667 833 1744 907 τῷ
1773 829 1827 887 δὲ
1860 835 1975 903 Θεῷ

318 920 666 983 πιστεύσασα.
723 923 852 983 Οὒδὲ
906 923 990 982 δεῖ
1039 948 1121 982 σοι
1164 925 1550 1005 περιαμμάτων
1582 924 1670 981 καὶ
1716 917 1974 995 ἐπασμα-

314 1028 441 1088 των,
505 1014 589 1077 οἷς
648 1015 676 1069 6
724 1017 957 1095 πονηρὸς
1003 1015 1425 1095 συνεισέρχεται,
1460 1012 1706 1071 κλέπτων
1740 1014 1813 1074 εἱς
1846 1010 2005 1066 ἑαυο,

314 1097 408 1151 τὸν
437 1097 543 1155 ἀπὸ
575 1108 666 1158 τοῦ
697 1111 827 1163 Θεοῦ
858 1107 919 1161 τὸ
953 1101 1135 1178 σέϐας,
1187 1104 1240 1160 ἐν
1298 1116 1419 1167 τοῖς
1464 1101 1835 1183 κουφοτέροις.
1874 1099 1975 1162 Δὸς

321 1185 463 1262 αὖτῷ
512 1190 611 1257 τὴν
695 1193 912 1273 Τριάδα,
974 1195 1035 1250 τὸ
1098 1193 1238 1272 μέγα
1299 1195 1387 1250 καὶ
1471 1190 1637 1248 καλὸν
1694 1188 1973 1272 φυλακτή-

315 1297 448 1351 ριον.

2060 559 2214 623 bitas
2247 561 2492 643 arripiat
2525 584 2539 623 :
2573 563 2647 624 ab
2699 563 2947 625 infantia
3006 560 3429 630 sanctificetur,
3461 556 3533 619 ab
3564 557 3709 637 ipsis

2059 649 2399 729 unguiculis
2421 652 2667 734 Spiritui
2698 661 3110 715 consecretur.
3136 651 3209 712 At
3230 656 3472 730 propter
3486 654 3710 708 natura:

2059 738 2527 804 imbecillitatem
2560 742 2821 819 sigillum
2862 741 3126 804 metuis?
3176 738 3363 812 Quam
3394 735 3709 797 imbecillis

2058 827 2241 890 animi
2275 838 2465 893 mater
2495 850 2560 892 es
2615 832 2961 912 pusillaeque
2993 828 3132 892 ﬁdei
3160 832 3175 888 !
3227 826 3399 889 Anna
3431 843 3568 887 vero
3599 822 3710 885 Sa-

2061 918 2344 994 muelem,
2381 921 2546 1001 prius
2578 920 2756 983 etiam
2783 938 2959 1002 quam
2998 925 3347 1001 procreatus
3377 923 3555 989 esset,
3590 914 3713 976 Deo

2058 1008 2257 1081 vovit;
2291 1017 2470 1091 atque
2501 1011 2560 1071 in
2595 1010 2789 1072 lucem
2828 1010 3050 1071 editum
3084 1008 3279 1070 statim
3318 1003 3711 1073 consecravit,

2058 1114 2127 1156 ac
2159 1115 2292 1159 cum
2327 1100 2681 1163 sacerdotali
2714 1100 2863 1162 stola
2898 1098 3173 1161 educavit
3202 1095 3251 1172 ⁸,
3287 1094 3437 1157 nihil
3471 1091 3715 1156 humani

2058 1186 2268 1259 verita,
2296 1189 2400 1251 sed
2440 1192 2566 1253 Deo
2600 1189 2775 1253 ﬁdem
2801 1188 3052 1251 habens.
3087 1185 3244 1250 Nihil
3274 1184 3379 1246 tibi
3410 1182 3708 1250 amuletis,

2058 1276 2646 1341 necincantamentis
2678 1298 2827 1360 opus
2854 1288 2964 1350 est,
3000 1278 3359 1359 quibuscum
3383 1272 3711 1354 pravnsille

324 1362 383 1425 in
414 1365 701 1431 leviorum
734 1371 1043 1434 hominum
1066 1370 1300 1434 animos
1321 1369 1500 1432 simul
1532 1369 1764 1450 irrepit,
1803 1364 2250 1429 venerationem
2283 1366 2404 1430 Deo
2427 1368 2692 1430 debitam
2725 1369 2927 1430 furtim
2959 1369 3030 1430 ad
3056 1387 3121 1429 se
3152 1364 3539 1427 transferens.
3572 1360 3705 1423 Tri-

322 1453 566 1518 nitatem
596 1457 712 1540 ipsi
740 1460 838 1540 da,
872 1479 1177 1542 magnum,
1210 1460 1478 1542 inquam,
1512 1467 1572 1522 et
1600 1460 1893 1540 puchrum
1924 1452 2273 1521 amuletum.

404 1545 522 1607 lH'.
557 1539 723 1608 Tii’t'tt
759 1570 774 1632 ;
812 1539 1097 1632 Παρθενίαν
1151 1539 1339 1610 dasset:
1373 1570 1389 1632 ;
1424 1558 1503 1628 Τῇ
1558 1539 1683 1631 (ΞΟ)
1730 1548 1974 1627 καθάρτει

2139 1545 2346 1613 XVIII.
2381 1548 2533 1621 Quid
2567 1554 2904 1630 prmterea?
2936 1546 3349 1625 Virginitatem
3383 1539 3576 1632 colis}
3606 1540 3710 1632 Ba-

319 1637 665 1713 σφραγίσθητι
702 1656 717 1672 ⁸
761 1630 962 1709 ταύτὴν
1022 1641 1243 1708 ποίησαι
1296 1630 1417 1719 (2i)
1475 1630 1575 1698 τοῦν
1625 1642 1738 1718 βίου
1780 1660 1973 1695 κοινω-

2061 1637 2272 1717 ptismo
2292 1639 2647 1719 consignare
2675 1659 2689 1703 :
2720 1640 2878 1701 hunc
2898 1638 3003 1701 tibi
3029 1638 3161 1698 vitae
3191 1632 3417 1697 socium
3452 1640 3508 1691 et
3536 1630 3710 1719 fami-

316 1727 429 1806 νὸν,
476 1729 562 1784 καὶ
605 1730 889 1806 συνόμιλον
923 1751 938 1766 ·
996 1730 1130 1798 αὕτη
1194 1730 1307 1809 (22)
1368 1718 1660 1809 ῥυθμιζέτω
1724 1752 1830 1809 σοι,
1888 1730 1975 1785 καὶ

2062 1725 2354 1789 miliarem
2388 1718 2642 1793 ascisce.
2677 1728 2789 1791 Hic
2812 1728 3007 1800 tibi,et
3028 1722 3489 1800 vitam,etverba
3514 1718 3709 1781 mode-

315 1816 451 1892 βίην,
516 1820 602 1877 καὶ
658 1820 844 1903 λόγον,
890 1828 996 1879 πᾶν
1038 1821 1222 1903 μέλος,
1254 1829 1358 1879 πᾶν
1411 1823 1634 1898 κίνημα,
1690 1828 1850 1878 πᾶσιν
1878 1817 1969 1876 aif-

321 1910 526 1974 σθησιν.
585 1912 825 1987 Τίμησον
882 1914 1069 1988 αὐτὴν,
1100 1912 1194 1969 ἵνα
1234 1934 1293 1969 σε
1343 1914 1623 1989 κοσμήσῃ,
1656 1911 1750 1968 ἵνα
1780 1908 1854 1985 δῷ
1909 1915 1973 1985 τῇ

319 2002 390 2073 σῇ
441 1999 651 2080 κεφαλῇ
708 2002 966 2084 στέφανον
1024 2003 1285 2082 χαρίτων,
1346 2002 1589 2083 στεφάνῳ
1664 2000 1719 2057 δὲ
1771 2005 1971 2079 τρυφῆς

317 2087 648 2168 ὒπερασπίσῃ
689 2090 803 2163 (23)
834 2116 947 2153 σου.
1004 2090 1221 2149 Δέδεσαι
1254 2094 1415 2171 γάμῳ
1448 2112 1464 2173 ;
1513 2092 1610 2150 Καὶ
1640 2096 1708 2167 τῇ
1738 2103 1972 2171 σφΡ²Ὑτ⁴

318 2173 365 2231 δι
411 2176 680 2247 συνδεθητι
717 2201 728 2214 ·
783 2182 983 2248 ταύτην
1030 2181 1325 2238 συνοίκισον
1376 2185 1582 2255 σεαυτῷ
1611 2185 1711 2247 τῆς
1767 2201 1973 2260 σωφρο-

324 2267 486 2333 σύνης
519 2268 729 2346 φύλακα
765 2288 779 2303 '
814 2272 996 2329 πόσων
1027 2270 1141 2343 (24)
1174 2270 1442 2350 εὐνούχων
1500 2270 1630 2349 οἴει,
1678 2271 1858 2327 πόσων
1888 2272 1974 2325 θυ-

321 2356 500 2435 ρώρῶι
559 2362 719 2417 οὖσαν
782 2359 1229 2441 ἄσφαλεστὲρανς
1292 2360 1453 2418 Οῧπω
1513 2361 1665 2439 σαρκὶ
1722 2359 1967 2429 συνεζεύ-

319 2450 456 2526 χθης
505 2446 631 2526 (25)
670 2466 683 2511 ε
721 2451 798 2525 μὴ
855 2447 1093 2531 φοϐηθῇς
1139 2450 1237 2517 τὴν
1281 2449 1577 2508 τελείωσιν.
1614 2451 1851 2526 Καθαρὸς
1884 2449 1960 2520 εἴ,

315 2538 405 2592 καὶ
454 2541 588 2612 μετὰ
640 2543 731 2596 τὸν
786 2539 960 2618 γάμον
990 2557 1005 2572 ⁸
1071 2540 1197 2616 ἐμὸς
1243 2542 1270 2597 6
1328 2537 1582 2618 κίνδυνος,
1616 2540 1725 2617 ἐγὼ
1779 2538 1968 2593 τούτου

317 2631 711 2709 συναρμοστὴς,
748 2630 855 2709 ἐγὼ
900 2628 1286 2712 νυμφοστόλος,
1343 2631 1416 2687 Οὔ
1460 2631 1582 2708 γὰρ,
1617 2628 1729 2685 ἐπεὶ
1759 2630 1883 2704 (26)
1932 2628 1965 2695 ἦ

317 2720 566 2795 παρθενίσ
610 2720 930 2800 τιμιωτέρα,
963 2719 1018 2776 ἐν
1046 2733 1167 2784 τοῖς
1225 2720 1434 2794 ἀτίμοις
1478 2721 1505 2775 ὁ
1536 2718 1736 2797 γάμος,
1777 2718 1967 2790 Μιμή-

317 2827 479 2881 σομαι
525 2811 776 2890 Χριστὸν,
828 2812 918 2865 τὸν
981 2812 1209 2889 καθαρὸν
1270 2809 1650 2887 νυμφαγωγόν,
1714 2807 1799 2862 καὶ
1844 2828 1970 2881 νυμ-

2056 1817 2455 1889 retur,omnia
2489 1817 2786 1892 membra,
2824 1836 3036 1879 omnes
3066 1814 3248 1878 animi
3275 1819 3709 1880 motus,omnes

2054 1924 2293 1970 sensus.
2326 1906 2565 1970 Honore
2591 1927 2728 1971 eum
2761 1908 3183 1989 complectere,
3218 1912 3281 1965 ut
3314 1911 3372 1965 te
3401 1905 3708 1974 ornet,ca-

2056 1995 2279 2076 pilique
2303 2007 2402 2058 tuo
2424 1998 2749 2076 gratiarum
2773 2016 3055 2061 coronam
3112 2001 3308 2057 nectat
3334 1991 3381 2068 ³,
3418 2002 3712 2051 etcorona

2055 2085 2403 2149 deliciarum
2445 2096 2502 2148 te
2534 2096 2823 2168 protegat.
2863 2084 3221 2150 Matrimonii
3246 2080 3500 2145 vinculis
3529 2078 3708 2141 astri-

2056 2184 2185 2237 ctus
2217 2177 2328 2237 es‘!
2385 2178 2687 2258 Baptismo
2738 2198 2978 2260 quoque
3019 2176 3428 2252 constringere
3482 2191 3495 2231 :
3551 2169 3712 2260 hunc

2059 2265 2162 2325 tibi
2185 2265 2678 2329 contubernalem
2729 2259 2990 2348 adjunge
3046 2264 3343 2346 pudicitiae
3373 2259 3708 2335 custodem,

2056 2355 2386 2417 innumeris
2418 2358 2709 2418 eunuchis
2742 2367 2800 2419 et
2818 2356 3185 2438 janitoribus
3217 2356 3518 2417 tutiorem.
3541 2351 3708 2412 Non-

2053 2445 2192 2506 dum
2218 2445 2383 2507 carni
2405 2446 2716 2526 copulatus
2739 2466 2802 2510 es
2825 2448 2849 2510 Υ
2871 2450 2957 2509 Ne
2988 2444 3263 2526 baptismi
3284 2440 3707 2525 perfectionem

2051 2535 2426 2597 extimescas.
2481 2536 2668 2599 Parus
2733 2556 2802 2599 ac
2862 2536 3117 2598 mundus
3175 2554 3261 2609 es,
3322 2532 3470 2594 inito
3529 2529 3703 2591 etiam

2054 2625 2475 2701 matrimonio;
2510 2631 2569 2687 in
2626 2646 2721 2688 me
2781 2627 2892 2688 hcc
2944 2618 3275 2706 periculum
3308 2620 3561 2701 recipio,
3596 2637 3702 2698 ego

2052 2716 2261 2775 barum
2296 2716 2637 2796 nuptiarum
2670 2714 3131 2791 conglutinator,
3166 2733 3272 2793 ego
3303 2729 3548 2791 auspex.
3582 2707 3702 2771 Nec

2054 2803 2238 2878 enim,
2263 2806 2403 2886 quia
2437 2806 2785 2867 honoratior
2814 2815 2903 2868 est
2934 2800 3496 2885 virginitas,ideirco
3530 2806 3700 2878 turpe

316 2894 455 2974 φίον,
516 2886 583 2961 ὃς
617 2900 705 2955 καὶ
749 2886 1150 2977 θαυματουργεῗ
1188 2899 1362 2977 γᾶμη,
1390 2886 1393 2887 ν
1424 2886 1514 2955 καὶ
1564 2902 1695 2969 τιμᾷ
1727 2895 1970 2973 συζυγίαν

2061 2902 2114 2955 et
2145 2895 2600 2973 ignominiosum
2628 2904 2715 2957 est
2744 2895 3208 2957 matrimonium.
3247 2890 3544 2955 Christum
3575 2886 3704 2948 imi-

314 2990 385 3061 τῇ
437 2988 715 3065 παρουσίᾳ.
778 2989 950 3046 Μόνον
1003 2976 1139 3045 ἔστω
1197 2989 1371 3083 γάμος
1424 2988 1650 3065 καθαρὸς
1711 2982 1850 3065 (97),
1886 2980 1973 3083 καὶ

2061 2981 2247 3059 labor,
2274 3004 2510 3064 purum,
2548 2986 2819 3063 inquam,
2854 2986 3019 3047 illum
3056 2983 3392 3064 pronubum
3426 2990 3705 3083 et_spon-

319 3075 503 3139 πόθοις
549 3075 807 3156 ῥυπαροῖς
863 3078 1229 3155 ἀνεπίμικτος,
1295 3068 1406 3135 ’Ἐν
1465 3078 1596 3133 αἷτὼ
1627 3075 1811 3151 μόνον·
1845 3072 1972 3131 λάϐε

316 3167 460 3245 παρὰ
518 3174 611 3224 τοῦ
654 3165 822 3246 δώρου
881 3169 977 3237 τὴν
1035 3166 1353 3249 ἀσφάλειαν,
1420 3169 1505 3224 καὶ
1550 3164 1636 3231 δὸς
1699 3173 1776 3241 τῷ
1822 3164 1973 3245 δώρῳ

316 3255 415 3322 τήν
472 3255 684 3335 ἄγνείαν
712 3258 850 3314 κατὰ
879 3259 1086 3337 καιρὸν,
1121 3256 1224 3322 ἕως
1274 3258 1444 3336 εὐχῆς
1501 3256 1773 3334 πρόκειται
1834 3278 1969 3334 προ-

317 3347 533 3421 θεσμία,
583 3348 670 3403 καὶ
728 3347 989 3427 ἀσχολίας
1046 3347 1165 3420 (38)
1224 3351 1541 3426 τιμιωτέρα,
1632 3348 1719 3403 καὶ
1775 3347 1972 3413 ταύτην

321 3434 386 3491 ἐκ
443 3439 629 3503 κοινῆς
661 3434 949 3514 ὁμολογίας
993 3439 1080 3493 καὶ
1133 3436 1503 3499 συναινέσεως.
1555 3439 1628 3494 06
1670 3437 1770 3513 γὰρ
1802 3457 1971 3509 νομο-

318 3528 591 3605 θετοῦμεν,
653 3524 791 3583 ἀλλᾶ
843 3533 1227 3607 παραινοῦμεν,
1288 3528 1375 3582 καὶ
1433 3532 1538 3581 τῶν
1568 3533 1673 3582 σῶν
1705 3548 1753 3581 τι
1785 3524 1972 3582 λαϐεῖν

316 3614 450 3694 ὑπὲρ
479 3616 573 3672 σοῦ
600 3615 920 3693 βουλόμεθα,
968 3618 1056 3673 καὶ
1113 3622 1211 3683 τῆς
1286 3617 1470 3681 κοινῆς
1503 3617 1650 3691 ὑμῶν
1685 3614 1971 3694 ἀσφαλείας

320 3702 496 3761 ἕηκεν
556 3704 710 3783 (29).
775 3703 865 3763 Ἐν
917 3705 1190 3785 κεφαλαίῳ
1246 3703 1301 3761 δὲ
1344 3708 1538 3776 εἱπεῐν,
1587 3708 1682 3763 οὐκ
1724 3704 1865 3761 ἔστιν
1914 3706 1975 3761 οὒ

317 3794 454 3873 βίος,
516 3797 608 3852 οὒκ
666 3794 1019 3871 ἐπιτήδευμα,
1076 3800 1121 3870 ᾧ
1181 3795 1257 3871 μὴ
1316 3802 1470 3852 τοῦτο
1522 3793 1972 3871 λυσίτελέστερον.

323 3880 501 3964 Δέξαι,
563 3884 591 3940 6
630 3884 685 3940 ἐν
717 3884 923 3957 ἔξουσίᾳ
966 3882 1116 3959 (30),
1147 3885 1239 3940 τὸν
1289 3882 1515 3964 χαλινόν
1553 3901 1565 3915 ’
1600 3884 1627 3939 6
1658 3881 1711 3938 ἒν
1742 3881 1971 3958 δουλείᾳ,

313 3971 417 4038 τὴν
462 3974 725 4048 ἰσοτιμίαν
760 3990 774 4004 ⁸
811 3976 838 4030 6
869 3974 1108 4049 ἀθυμῶν,
1154 3975 1254 4042 τὴν
1300 3973 1633 4052 παραμυθίαν
1674 3991 1690 4007 ⁸
1725 3976 1752 4027 6
1794 3975 1851 4028 ἓν
1883 3972 1973 4028 εὖ·

320 4064 503 4143 θυμίᾳ,
557 4062 656 4131 τὴν
714 4062 1109 4143 παιδαγωγίαν,
1142 4064 1169 4119 ὀ
1212 4063 1401 4141 πένης,
1457 4062 1547 4117 τὸν
1581 4060 1773 4117 ἄσυλον
1803 4060 1976 4118 πλοῦ-

317 4172 412 4207 τον
448 4171 459 4183 ⁸
510 4153 537 4208 ὀ
568 4153 828 4233 εὔπορῶν,
862 4154 961 4220 τὴν
992 4152 1164 4221 καλὴν
1194 4155 1268 4207 ὧν
1318 4151 1462 4231 ἔχεις
1493 4152 1821 4224 οἰκονομίαν.
1859 4158 1975 4218 Μη-

315 4238 404 4296 δὲν
462 4243 679 4323 σοφίσῃ,
727 4240 895 4316 μηδὲν
938 4243 1181 4322 τεχνάσῃ
1241 4244 1378 4298 κατὰ
1419 4240 1516 4308 τῆς
1562 4245 1782 4295 σεαυτοῦ
1843 4239 1966 4320 (31)

2058 3074 2327 3153 sum,qui
2348 3083 2404 3135 et
2426 3074 2779 3135 miraculum
2806 3075 2867 3135 in
2890 3073 3111 3153 nuptiis
3139 3072 3283 3144 edit,
3313 3078 3370 3133 et
3392 3069 3530 3130 704
3559 3086 3703 3131 con-

2055 3162 2280 3241 iugium
2311 3164 2627 3244 praesentia
2659 3183 2764 3225 sua
2788 3165 3062 3227 honestat
3106 3161 3155 3227 ⁴.
3181 3161 3244 3223 1η
3268 3161 3328 3222 id
3352 3167 3578 3222 tantum
3609 3155 3707 3216 in-

2058 3250 2367 3333 cumbc,ut
2385 3271 2595 3333 purum
2621 3253 2697 3316 sit
2720 3252 3372 3330 matrimonium,atque
3395 3247 3466 3310 ab
3495 3246 3706 3309 obsce-

2057 3360 2266 3403 narum
2300 3342 2690 3422 cupiditatum
2716 3344 3069 3422 contagione
3087 3339 3501 3405 liberum.Hoc
3523 3355 3705 3399 unum

2059 3448 2283 3512 posco;
2343 3449 2377 3492 a
2430 3432 2588 3494 dono
2639 3432 3023 3494 securitatem
3058 3431 3287 3512 accipe,
3342 3448 3409 3491 ac
3444 3424 3703 3489 vicissim

2058 3520 2209 3583 istud
2235 3522 2393 3583 dono
2413 3523 2775 3603 repende,ut
2793 3530 2955 3584 certo
2974 3531 3266 3601 tempore,
3287 3516 3547 3601 quandiu
3587 3514 3707 3578 sci-

2060 3610 2198 3674 licet
2225 3613 2588 3691 assignatum
2623 3612 2799 3673 fuerit
2829 3612 3083 3674 orationi
3120 3620 3374 3691 tempus,
3398 3606 3560 3670 omni
3599 3624 3706 3668 ne-

2060 3701 2222 3780 gotio
2254 3702 2670 3782 praestabilius,
2705 3721 2739 3764 a
2764 3720 2829 3763 re
2864 3701 3068 3766 uxoria
3099 3701 3611 3782 abstineas,idque
3640 3718 3705 3761 ex

2061 3791 2367 3854 communi
2398 3798 2568 3871 pacto
2603 3808 2662 3852 et
2688 3792 3143 3854 consensu.Non
3169 3791 3325 3851 enim
3346 3790 3535 3869 legem
3570 3808 3709 3853 san.

2061 3881 2275 3961 cimus,
2311 3880 2414 3942 sed
2442 3879 2758 3941 consilium
2782 3880 3017 3956 damus;
3040 3899 3106 3941 ac
3140 3878 3445 3961 quidpiam
3474 3898 3705 3958 eorum,

2061 3991 2192 4051 qua:
2225 3980 2323 4031 tua
2346 3977 2504 4044 sunt,
2539 3969 2612 4031 ad
2647 3969 2955 4032 utilitatem
3013 3978 3169 4031 tuam
3208 3987 3708 4049 communemque

2058 4061 2374 4141 utriusque
2406 4068 2663 4121 vestrum
2689 4060 3093 4134 securitatem,
3118 4060 3395 4141 accipere
3412 4059 3702 4120 volumus.

2060 4148 2134 4213 Ut
2155 4158 2348 4211 autem
2369 4148 2429 4209 in
2451 4167 2684 4210 summa
2706 4150 2924 4222 dicam,
2960 4149 3185 4211 nullum
3211 4149 3341 4211 vita;
3378 4167 3565 4228 genus
3593 4157 3706 4226 est,

2060 4240 2285 4300 nullum
2307 4237 2565 4299 studium
2591 4245 2648 4298 et
2671 4238 3138 4313 institutum,cui
3158 4258 3276 4301 non
3297 4241 3407 4301 hoc
3430 4238 3703 4301 conduci.

312 4314 773 4410 σωτηρίας.’ίίᾶν
846 4333 945 4411 γὰρ
1004 4314 1166 4395 ’τοὺς
1206 4329 1399 4395 ἄλλους
1461 4314 1965 4408 παραλογιζώμεθα,

2061 4329 2232 4392 bilius
2253 4329 2347 4390 sit.
2384 4325 2495 4400 Qui
2519 4327 2861 4389 conditione
2886 4328 3073 4390 libera
3094 4330 3337 4411 gaudes,
3374 4329 3606 4392 frenum
3638 4346 3707 4391 ac

395 4437 426 4487 2
457 4440 481 4500 ι
508 4435 655 4520 Reg.
688 4454 729 4515 ι,
763 4439 829 4501 tl
867 4456 1000 4520 sqq.
1085 4439 1118 4490 5
1146 4436 1327 4500 Eccli.
1358 4452 1545 4510 χχιιι,
1581 4435 1640 4496 3.
1731 4437 1761 4485 4
1787 4436 1958 4503 Joan.
1988 4457 2053 4515 Il,
2082 4458 2215 4521 sqq.

405 4545 530 4627 (48)
567 4547 931 4628 Μακρόψυχος
962 4547 999 4614 ἢ
1030 4548 1234 4625 μήτηρ.
1275 4544 1488 4610 Plures
1541 4545 1753 4627 Regg.,
1788 4548 1970 4627 αικρό-

312 4633 490 4708 ψυχας
513 4631 567 4685 εῖ
596 4629 801 4707 μήτηρ.

429 4704 525 4788 19)
561 4709 685 4785 Πρὶν
716 4704 779 4776 ἡ,
807 4706 988 4788 Deest
1016 4706 1050 4775 ἥ
1082 4706 1139 4768 in
1177 4705 1448 4788 pluribus
1477 4704 1653 4768 codd.

424 4786 516 4861 ΞΟ)
552 4794 650 4865 Τῇ.
688 4788 837 4865 Reg.
872 4787 976 4866 ph,
1011 4790 1098 4844 καὶ
1130 4786 1217 4865 τῇ.

557 4869 813 4949 Ποίησαιλ
841 4867 967 4929 Duo
1001 4870 1213 4948 Begg.,
1246 4870 1492 4934 ποίησον.

401 4947 530 5040 (22)
566 4948 730 5017 Αὕτη.
773 4947 1026 5030 Nempe,
1058 4947 1330 5031 καθάρσις,
1390 4971 1413 5005 ιι
1472 4949 1765 5010 lavacrum
1798 4947 1975 5008 vitam

315 5027 427 5092 tibi
460 5037 516 5110 et
550 5047 860 5110 sermones
889 5027 1227 5110 componat.
1268 5053 1292 5089 ι

398 5109 526 5191 (93)
566 5101 954 5188 ’Υπερασπίσῃ.
1011 5101 1219 5186 Savi|.,
1268 5112 1611 5189 ὑπερασπιετ,
1681 5129 1711 5169 (
1774 5116 1977 5189 prote-

316 5210 524 5351 81⁵(ᾖ)
558 5272 772 5347 Πόσων,
806 5280 925 5335 etc.
966 5269 1184 5352 ¢_Quot
1241 5278 1409 5352 putas
1461 5270 1778 5345 eunuchis,
1832 5278 1976 5351 quot

309 5349 673 5431 janitoribus
704 5352 981 5413 tutiorem
1007 5349 1033 5412 ἲ
1063 5375 1090 5407 ι

550 5434 939 5534 ξυνεςεύλθης.
990 5431 1227 5534 Οοῐῐξιδη
1258 5431 1563 5534 συνεὲτηςι.

404 5512 529 5595 (26)
565 5512 737 5575 ἐπείο
773 5512 1358 5595 Qui‘nquegﬂeggiet
1387 5513 1492 5574 Or.
1528 5514 1693 5595 1,31.

395 5591 518 5675 {27)
558 5596 843 5675 Kaoapdg._
874 5591 1019 5671 Reg.
1067 5591 1190 5675 bm,
1244 5593 1452 5675 Chrys.
1505 5601 1563 5654 et
1591 5591 1693 5657 0r.
1732 5594 1788 5669 i,
1844 5593 1980 5670 λαμ-

306 5675 466 5753 πρός.
498 5672 539 5731 ἰ
566 5672 956 5753 splendidum
991 5672 1460 5736 matrimonium.
1499 5697 1527 5728 »

389 5756 454 5835 (2
466 5755 541 5835 8)
558 5754 887 5835 ΑἈοχολίςις.
923 5754 1107 5835 Goisl.
1130 5755 1201 5835 1,
1234 5754 1489 5835 ἀσχολία.

386 5832 499 5915 (⁷29
508 5832 976 5909 ΓἚνυιινῶοθει
992 5833 1053 5898 in
1068 5832 1257 5900 tribus
1269 5832 1460 5918 ne“.
1475 5834 1713 5917 ,GoisLt
1734 5832 1941 5917 et;0r.t
1960 5880 1971 5897 .

2141 4547 2264 4638 (30)
2301 4544 2362 4605 '0
2394 4547 2449 4604 ἐν
2503 4546 2732 4638 ὶξουπίηι.
2788 4546 2920 4609 Bill.
2970 4571 3016 4638 ἐξ
3051 4546 3165 4620 Qui
3210 4546 3271 4607 in
3332 4554 3620 4624 potestate
3652 4551 3712 4609 el

2056 4626 2305 4707 imperio
2336 4643 2422 4690 es.
2457 4652 2484 4683 ι›
2520 4626 2813 4699 Quantum
2847 4627 3152 4707 conjicere
3210 4644 3549 4707 possumus.
3591 4646 3707 4689 non

2054 4706 2246 4787 agitur
2274 4707 2373 4790 hic
2400 4708 2481 4790 de
2511 4706 2584 4768 iis
2616 4708 2715 4790 qui
2748 4706 3000 4790 imperio
3048 4706 3375 4790 potiuntur,
3403 4708 3507 4790 sed
3533 4708 3609 4790 de
3639 4708 3713 4769 iis

2055 4790 2157 4869 qui
2188 4788 2531 4850 conditione
2567 4814 2585 4844 ι
2627 4788 2895 4869 libera,»
2932 4789 3214 4869 gaudent,
3245 4789 3478 4867 seu,qui
3508 4788 3709 4869 suiju-

2062 4868 2143 4952 ris
2166 4868 2548 4950 sunt,quibus
2566 4868 2973 4952 opponuntur,
2996 4871 3095 4952 qui
3121 4868 3464 4952 conditione
3484 4868 3709 4952 ‘aservi-

2064 4949 2166 5040 lin»
2206 4947 2579 5040 premuntur,
2606 4947 2776 5029 juxta
2834 4951 2977 5012 illud
3017 4947 3237 5040 'A_post.
3288 4948 3358 5009 ad
3393 4947 3581 5011 Galat.
3616 4966 3707 5040 1_u,

2062 5032 2161 5103 ‘28,
2194 5030 2224 5089 ι
2257 5032 2384 5091 Νοη
2440 5038 2529 5092 est
2556 5050 2763 5093 servus
2817 5050 3009 5111 neque
3060 5030 3253 5105 liber;
3312 5046 3519 5090 omnes
3549 5030 3707 5091 enim

2064 5130 2163 5173 vos
2195 5128 2375 5171 unum
2409 5111 2549 5171 estis
2579 5112 2638 5172 in
2674 5111 2908 5175 Christo
2932 5113 3098 5173 Jesu.
3138 5134 3161 5169 ιι

2145 5190 2268 5271 (31)
2302 5199 2555 5252 Σεαυτοῦ.
2604 5195 2869 5264 Quatuor
2916 5190 3127 5271 Regg.,
3161 5198 3282 5250 tres
3312 5188 3576 5271 Colbtet
3607 5190 3706 5252 Or.

2062 5274 2119 5345 l,
2154 5268 2276 5338 θὴς.
2314 5295 2339 5330 ς
2370 5271 2831 5334 Nihiladversus
2861 5268 3073 5333 animai
3102 5268 3237 5335 tuas.
3280 5292 3302 5325 ι
3331 5278 3445 5349 etc.
3482 5268 3542 5331 ld
3594 5278 3706 5349 est,

2058 5351 2205 5414 nihil
2240 5352 2570 5413 callidioris
2593 5353 2827 5413 consilii
2858 5352 3141 5414 adversus
3172 5358 3329 5410 tuam
3353 5348 3539 5428 ipsius
3559 5348 3711 5410 salué~

2058 5444 2176 5496 tem
2204 5432 2494 5509 excogita,
2521 5434 2750 5511 ﬁngens
2785 5432 3014 5494 scilicet
3052 5441 3127 5511 te
3158 5440 3401 5509 propter
3431 5428 3713 5509 baptismi

2063 5513 2459 5576 reverentiam
2486 5510 3018 5592 procrastinatione
3049 5510 3304 5592 uti,cum
3334 5525 3549 5592 revera
3579 5527 3707 5571 eam

2062 5593 2381 5656 differendi
2409 5589 2767 5655 sacramenti
2801 5610 3037 5655 causam
3089 5589 3336 5664 habeas,
3370 5598 3436 5651 ut
3466 5589 3716 5652 liberius

2064 5674 2179 5754 tuis
2208 5671 2517 5751 indulgeas
2546 5673 3128 5754 voluptatibus.Nam
3161 5669 3435 5754 quamvis
3466 5670 3617 5754 alios
3633 5671 3716 5733 fe-

2062 5749 2801 5829 fellerimus',conscientia
2832 5762 3027 5817 tamen
3054 5749 3275 5814 nostrae
3296 5750 3498 5815 fucum
3518 5749 3717 5816 facere

2062 5852 2181 5900 non
2214 5835 2567 5916 poterimus.
