4158 6404
482 279 600 344 383
1721 285 1778 347 S.
1829 284 2197 348 GREGORII
2244 286 2630 351 THEOLOGI
3753 294 3862 357 384

482 413 636 503 cipe;
674 413 776 494 qui
800 415 1001 478 servili
1039 417 1355 499 premeris,
1389 417 1680 500 aqualem
1713 416 1962 480 honoris
1997 432 2136 496 gra-

2226 419 2364 492 ἡμᾶς
2409 441 2470 496 γε
2516 423 2703 485 αὐτοὺς
2749 425 2810 480 οὐ
2854 422 3188 498 δυνησόμεθα
3219 441 3232 454 ⁶
3286 427 3357 488 ὡς
3406 427 3466 481 τό
3509 446 3571 503 γε
3599 425 3714 482 καθ’
3741 427 3858 484 ἐαυ-

481 502 623 564 dum
657 523 670 576 ;
706 505 806 585 qui
829 506 888 566 in
922 525 1179 569 maerore
1201 509 1481 587 versaris,
1509 508 1784 570 solatium
1815 526 1830 584 ;
1866 507 1965 588 qui
1997 507 2128 568 lmto

2226 513 2304 562 τοῦ
2362 511 2594 586 παίζειν,
2629 510 2746 568 λίαν
2777 513 3066 592 ἐπισφαλὲς
3095 515 3183 570 καὶ
3215 515 3464 581 ἀνόητον,

483 601 670 684 atque
692 594 868 684 hilari
901 615 964 657 es
996 598 1220 673 animo,
1256 597 1654 678 disciplinam;
1689 597 1790 674 qui
1825 616 2026 658 rerum
2074 594 2290 684 inopia
2328 595 2584 679 laboras,
2641 619 2785 681 opes
2843 609 3015 675 tutas,
3053 621 3162 664 nec
3193 602 3513 681 direptioni
3559 603 3854 684 obnoxias;

484 685 585 761 qui
615 682 834 744 divitiis
863 685 1080 764 affluis,
1112 687 1396 763 praeclara
1429 687 1769 749 facultatum
1807 694 2034 746 tuarum
2071 683 2672 750 administrationem.
2718 690 2876 753 Nihil
2905 691 3190 753 adversus
3223 691 3438 754 animae
3469 699 3586 754 tua:
3613 682 3853 756 salutem

485 771 748 851 captiose
787 775 1268 849 comminiscere,
1306 776 1452 836 nihil
1488 775 1853 838 machinare.
1916 776 2062 838 Nam
2116 773 2258 862 licet
2297 772 2434 837 aliis
2481 776 2682 839 fucum
2715 779 3030 853 faciamus,
3063 780 3237 842 nobis
3259 780 3501 861 quidem
3535 780 3678 862 ipsis
3709 801 3856 846 nunc

485 879 658 940 quam
697 862 1043 942 poterimus.
1075 866 1163 926 Ac
1195 865 1456 946 profecto
1490 865 1776 926 adversus
1797 864 2058 944 seipsum
2091 861 2319 936 ludere,
2353 863 2672 927 admodum
2709 869 3106 948 periculosum
3144 881 3203 930 et
3234 869 3515 932 stolidum
3550 861 3660 934 est.

563 949 712 1014 XIX.
742 952 892 1014 Atin
919 954 1113 1014 media
1136 955 1446 1016 hominum
1487 953 1824 1034 frequentia
1853 954 2129 1023 versaris,

2299 953 2402 1015 13'.
2469 956 2619 1013 Ἀλλ’
2666 960 2719 1014 ἓν
2781 962 2928 1034 μέσῳ
2973 961 3194 1039 στρέφῃ,
3240 962 3326 1016 καὶ
3371 959 3574 1037 μολύνῃ
3605 976 3719 1025 τοῖς
3762 960 3857 1028 δη-

485 1058 554 1103 ac
577 1040 948 1120 publicarum
973 1061 1172 1104 rerum
1223 1060 1365 1106 cura
1397 1052 1451 1106 et
1487 1043 2004 1106 administratione
2035 1042 2131 1102 in-

2226 1043 2425 1116 μοσίοις
2459 1064 2471 1076 '
2521 1049 2608 1104 καὶ
2653 1047 2844 1128 δεινὸν,
2881 1050 2934 1105 εἴ
2961 1073 3044 1107 σοι
3077 1048 3540 1120 δαπανηθήσεσθαι
3596 1053 3654 1107 τὸ
3685 1050 3858 1112 ψιλίν-

487 1133 750 1212 quinaris
785 1151 797 1196 :
850 1142 1026 1215 atque
1057 1135 1283 1196 idcirco
1317 1137 1555 1216 metuis,
1591 1155 1665 1196 ne
1700 1134 2132 1213 misericordia,
2215 1134 2423 1209 θρωπον
2459 1157 2474 1211 ;

487 1240 660 1299 quam
686 1239 790 1302 per
811 1222 1167 1303 baptismum
1193 1233 1551 1286 consecutus
1571 1222 2134 1304 es,depereat?Sim-

488 1311 623 1389 plici
647 1311 914 1374 oratione
944 1321 1136 1374 tecum
1163 1333 1352 1393 agam.
1395 1316 1608 1376 Forum
1642 1332 1880 1395 quoque
1911 1313 2130 1393 ipsum,

2526 1136 2756 1203 Ἀπλοῦς
2789 1140 2816 1194 ὃ
2848 1138 3008 1217 λόγος
3043 1157 3059 1173 ⁸
3122 1141 3178 1196 El
3229 1140 3328 1215 μὲν
3358 1141 3476 1195 οἶόν
3505 1161 3583 1209 τε,
3618 1140 3742 1218 φύγε
3782 1134 3861 1198 καὶ

2216 1222 2313 1286 τὴν
2371 1223 2568 1304 ἀγορὰν
2615 1230 2750 1303 μετὰ
2796 1234 2892 1296 τῆς
2940 1227 3110 1295 καλῆς
3154 1227 3418 1308 συνοδίας,
3478 1229 3729 1307 πτέρυγάς
3772 1230 3859 1285 ἀε-

2217 1317 2549 1368 τοῦσε·’
2793 1320 2806 1339 ‘
2930 1319 2955 1342 "
3241 1324 3332 1356 πρ
3424 1316 3496 1336 “”
3586 1320 3598 1340 ’
3710 1319 3718 1338 '

2267 1396 2272 1398 _
2419 1337 2561 1390 amp
2614 1322 2867 1396 περιθεις.
2925 1343 2959 1386 η
3019 1339 3358 1398 περιστείλας,
3429 1341 3478 1372 ιν
3558 1339 3861 1396 οικειοτερον

485 1401 531 1461 si
560 1400 687 1461 fieri
721 1410 936 1482 potest,
964 1422 1096 1464 cum
1125 1405 1373 1483 pulchro
1400 1403 1683 1465 comitatu
1710 1403 1867 1482 fuge,
1895 1402 2132 1482 aquilae,

2226 1396 2360 1488 εἴπω
2410 1402 2481 1482 (τί
2523 1408 2623 1486 γὰρ
2669 1429 2749 1464 σοι
2811 1411 2898 1464 καὶ
2943 1411 3192 1488 Καίσαρι,
3251 1408 3284 1475 ἢ
3345 1396 3464 1471 τοῖς
3513 1409 3762 1486 Καίσαρος
3797 1416 3854 1486 ἱ)-

485 1490 603 1564 vel,
639 1499 702 1551 ut
731 1492 918 1569 magis
948 1493 1220 1573 apposite
1248 1493 1769 1565 dicam,co|umbze
1792 1493 2004 1573 pennis
2025 1491 2131 1552 tibi

490 1580 600 1658 ipsi
635 1581 954 1659 impositis.
1009 1581 1186 1659 (Quid
1223 1585 1381 1644 enim
1418 1582 1523 1644 tibi
1572 1601 1705 1644 cum
1744 1582 2002 1655 Caesare,
2036 1591 2136 1643 aut

2219 1486 2380 1576 έἘως
2413 1497 2472 1550 οὖ
2504 1499 2850 1574 καταπαύτῃς
2879 1495 3038 1576 (3?),
3074 1497 3133 1553 οὗ
3289 1496 3431 1554 ἔστιν
3475 1497 3720 1576 ἁμαρτία,
3751 1521 3856 1573 μη-

2217 1575 2270 1632 δὲ
2331 1581 2662 1666 μελάνωσις,
2726 1587 2861 1663 μηδὲ
2907 1575 3111 1643 δάκνων
3171 1587 3288 1664 ὄφις
3339 1576 3424 1665 ἐφ’
3472 1584 3612 1658 ὁδοῦ,
3657 1586 3857 1644 κωλύων

487 1668 735 1732 Caesaris
768 1670 1002 1742 rebus?)
1035 1673 1224 1754 Atque
1256 1673 1331 1734 ita
1366 1673 1523 1752 fuge,
1559 1683 1622 1733 ut
1655 1691 1772 1733 non
1817 1681 1953 1734 ante
1979 1690 2126 1732 con-

2226 1688 2306 1728 του
2363 1675 2427 1730 τὰ
2471 1677 2606 1732 κατα
2637 1679 2766 1733 Θεὸν
2817 1675 3144 1751 διαϐήματα,
3213 1676 3503 1755 ’Ἃπρασον
3545 1677 3640 1744 τὴν
3709 1698 3858 1733 σεαυ-

487 1759 968 1839 quiescas,quam
993 1780 1064 1822 eo
1087 1761 1548 1842 perveneris,ubi
1565 1780 1674 1822 nec
1689 1773 1998 1842 peccatum
2025 1769 2138 1836 est,

487 1867 600 1911 nec
621 1850 1082 1922 infuscatio,nec
1106 1869 1354 1932 serpens
1373 1852 1432 1912 in
1452 1851 1542 1913 via
1557 1852 1860 1926 mordens,
1886 1851 2140 1931 piosque

486 1947 617 2001 tuos
646 1957 888 2018 gressus
919 1940 1284 2021 impediens.
1326 1940 1550 2020 Abripe
1599 1941 1856 2002 animam
1881 1950 2043 2002 tuam
2067 1958 2140 2002 ex

488 2028 601 2090 hoc
625 2029 874 2106 mundo;
903 2030 1039 2110 fuge
1058 2029 1405 2104 Sodomam;
1432 2030 1774 2092 incendium
1802 2031 1960 2110 fuge;
1981 2030 2139 2092 irre-

490 2125 642 2180 torto
667 2120 842 2182 oculo
864 2121 1230 2201 gradere,ne
1251 2120 1310 2182 in
1328 2121 1468 2182 salis
1484 2119 1739 2201 lapidem
1761 2137 2137 2182 concrescas.

485 2205 550 2268 In
581 2218 844 2270 montem
869 2210 1075 2273 salutis
1103 2229 1280 2273 causa
1310 2218 1366 2271 te
1397 2210 1712 2284 confer,ne
1743 2209 1919 2270 simul
1944 2209 2140 2270 corri-

483 2296 696 2377 piaris.
733 2297 900 2371 Quod
933 2299 982 2360 si
1011 2299 1134 2379 jam
1193 2309 1516 2381 occupatus
1558 2317 1643 2372 es,
1681 2317 1748 2361 ac
1781 2299 2140 2360 necessariis

484 2388 738 2451 vinculis
763 2389 1149 2464 astrictus,ita
1183 2398 1376 2451 tecum
1425 2388 1553 2470 ipse
1610 2389 1869 2470 disputa,
1902 2388 1994 2450 vel
2029 2407 2137 2466 ego

483 2478 679 2560 potius
703 2485 898 2540 tecum
919 2479 1515 2560 disputabo.Praastat
1535 2478 1806 2560 quidem,
1840 2487 1899 2540 et
1916 2477 2137 2540 bonum

487 2568 863 2649 consequi,et
885 2570 1295 2650 purgationem
1317 2569 1470 2632 tueri
1501 2589 1568 2632 ac
1600 2587 1956 2632 conservare
1984 2591 1998 2631 :
2033 2588 2138 2630 ve-

485 2676 615 2720 rum
643 2658 692 2719 si
743 2666 1064 2741 utrumque
1097 2679 1216 2721 non
1249 2659 1439 2733 datur,
1478 2658 1621 2720 illud
1682 2667 1844 2721 certe
1877 2666 2133 2740 praestat,

488 2747 626 2809 705
655 2749 716 2810 in
762 2767 964 2811 rerum
1015 2751 1392 2832 publicarum
1435 2749 1953 2811 administratione
1985 2767 2140 2810 non-

487 2838 638 2900 nihil
670 2839 971 2901 interdum
1003 2840 1271 2902 sordium
1303 2840 1875 2920 contraxisse,quam
1899 2840 2140 2901 omnino

489 2947 523 2991 a
555 2928 741 3008 gratia
761 2929 1079 2993 excidere:
1115 2929 1623 3010 quemadmodum
1658 2927 1888 2990 scilicet
1916 2945 1950 2988 a
1976 2938 2141 3008 patre

2221 1764 2314 1817 τοῦ
2371 1761 2492 1844 (33)
2537 1768 2719 1846 ψυχὴν
2751 1767 2810 1824 ἐκ
2854 1770 2946 1824 τοῦ
2987 1767 3192 1842 κόσμου
3220 1783 3234 1798 ⁶
3300 1767 3432 1847 φύγε
3466 1764 3674 1841 Σόδομα
3700 1784 3713 1801 ⁸
3746 1766 3859 1845 φύγε

2223 1853 2310 1908 τὸν
2371 1853 2690 1932 ἐμπρησμόν
2725 1872 2738 1886 ·
2812 1855 3024 1912 ὅδευσον
3088 1855 3508 1933 ἀμεταστρεπτὶ,
3573 1857 3649 1930 μὴ
3702 1862 3863 1933 παγῇς

2222 1941 2362 2006 λίθος
2420 1944 2547 2010 ἁλός
2583 1965 2600 1982 ·
2649 1949 2720 2010 εἷς
2765 1949 2824 2004 τὸ
2868 1949 2988 2025 ὃρος
3047 1947 3242 2022 σώζου,
3279 1946 3356 2022 μὴ
3390 1943 3859 2026 συαπαραληφθῇς.

2227 2035 2281 2090 ΕΙ
2355 2031 2408 2089 δὲ
2452 2037 2769 2116 προκατέχῃ
2813 2034 2940 2115 «34)
3022 2039 3110 2094 καὶ
3160 2034 3365 2092 δέδεσαι
3427 2032 3647 2109 δεσμοῖς
3703 2033 3859 2112 ἀναγ-

2223 2125 2416 2198 καίοις,
2465 2125 2640 2183 ἐκεῖνο
2674 2129 2878 2200 σεαυτῷ
2907 2125 3245 2206 διαλέχθητι,
3294 2122 3502 2200 μᾶλλον
3553 2121 3607 2178 δὲ
3652 2124 3730 2180 σοὶ
3772 2123 3861 2178 αὑ-

2223 2215 2312 2278 τὸς
2370 2212 2792 2296 διαλεχθήσομαι
2829 2235 2844 2251 ⁸
2909 2227 3167 2294 Κρεῖσσον
3219 2215 3318 2291 μὲν
3380 2216 3469 2271 καὶ
3521 2226 3706 2293 τυχεῖν
3747 2209 3861 2290 (35)

2222 2313 2313 2362 τοῦ
2358 2305 2576 2382 ἀγαθοῦ,
2635 2308 2724 2362 καὶ
2781 2305 3066 2386 φυλάσσειν
3125 2306 3221 2373 τὴν
3265 2305 3518 2382 κάθαρσιν
3554 2319 3567 2333 ⁶
3620 2300 3740 2359 εἰδὲ
3770 2302 3861 2377 ἆμ-

2221 2396 2415 2476 φότερα
2446 2395 2543 2470 μὲν
2577 2393 2875 2476 ἐνδέχεται,
2930 2395 3181 2474 κρεῖσσόν
3240 2415 3370 2453 πυτε
3405 2393 3571 2470 μικρᾶ
3604 2391 3856 2468 μολυνθῆ-

2223 2508 2305 2541 ναι
2350 2497 2466 2541 τοῖῖ
2525 2499 2643 2546 σοῖς
2702 2484 2998 2561 δημοσίοις,
3045 2484 3081 2553 ἢ
3133 2483 3479 2540 παντάπασιν
3506 2483 3748 2538 ἐκπεσεῖν
3777 2480 3862 2547 τῆς

2223 2575 2446 2654 χάριτος
2483 2592 2497 2606 ⁸
2556 2574 2760 2655 ὥσπερ,
2819 2575 3006 2655 οἶμαι,
3067 2588 3318 2651 κρεῖσσον
3377 2572 3758 2647 ἐπιτιμηθῆναί
3819 2592 3863 2626 τι

2225 2666 2366 2726 παρὰ
2407 2666 2606 2744 πατρὸς
2637 2667 2724 2721 καὶ
2758 2665 3038 2739 δεσπότου,
3073 2667 3108 2733 ἢ
3139 2663 3463 2730 ἀπωσθῆναι
3502 2680 3514 2692 ·
3567 2664 3652 2718 καὶ
3692 2662 3862 2738 μικρὸν

2225 2757 2566 2833 αὐγάζεσθαι,
2630 2756 2665 2824 ἢ
2703 2754 2977 2821 παντελῶς
3037 2755 3390 2825 σκοτίζεσθαι.
3455 2753 3748 2832 Σωφρόνων
3792 2749 3862 2821 δὲ,

2223 2848 2403 2924 ὡσπερ
2465 2852 2570 2902 τῶν
2628 2846 2840 2924 ἀγαθῶν
2899 2847 2964 2901 τὰ
3021 2847 3186 2920 μείζω
3229 2844 3317 2899 καὶ
3372 2841 3691 2921 τελεώτερα,
3747 2838 3866 2924 οὕτω

2224 2936 2311 2991 καὶ
2371 2921 2507 3013 (36)
2559 2921 2689 2991 τῶν-
2734 2936 2912 2992 κακῶν
2987 2936 3246 3011 αἱρεῖσθαι
3317 2932 3382 2988 τὰ
3441 2930 3645 2988 ὶλάττω
3686 2952 3740 2987 τε
3793 2921 3868 2984 κιιἶ

491 3026 550 3080 et
567 3019 710 3079 hero
733 3019 1093 3099 quandoque
1120 3019 1425 3099 objurgari
1443 3019 1625 3079 satius
1646 3026 1942 3098 est,quam
1962 3018 2140 3080 domo

2226 3025 2538 3104 κουρότερα,
2577 3025 2674 3081 Διὰ
2703 3035 2857 3084 τοῦτο
2901 3024 2980 3097 μὴ
3037 3023 3154 3080 λίαν
3208 3019 3445 3103 φοϐηθῇς
3483 3021 3581 3089 τὴν
3612 3021 3864 3098 κάθαρσιν.

492 3107 650 3188 ejici:
681 3115 738 3168 et
755 3108 963 3188 exiguo
983 3109 1305 3188 splendore
1325 3107 1661 3189 perstringi,
1689 3126 1864 3188 quam
1900 3125 2143 3188 prorsus

491 3197 796 3260 obscurari
810 3197 1196 3262 .Prudentum
1213 3217 1390 3280 porro
1411 3197 2142 3276 etcordatorumyirorum

491 3297 603 3368 est,
644 3295 705 3350 ut
737 3288 796 3348 in
847 3287 1022 3351 bonis
1081 3289 1327 3351 meliora
1371 3295 1430 3350 et
1489 3287 1937 3364 exrellentiora,
1971 3289 2051 3350 ita
2082 3289 2144 3349 in

492 3378 664 3440 malis
693 3378 923 3440 minora
948 3379 1249 3442 etleviora
1268 3377 1808 3458 eligere.Quocirca
1841 3396 1914 3438 ne
1947 3385 2141 3439 tanto-

493 3487 634 3551 pere
659 3469 1067 3550 purgalionem
1093 3467 1493 3531 formidos.Ea
1517 3467 1704 3549 enim,
1738 3486 1869 3549 quae
1890 3477 2052 3530 recte
2083 3474 2142 3529 et

492 3579 627 3624 cum
657 3561 832 3623 laude
854 3561 1140 3642 gerimus,
1171 3577 1204 3620 a
1228 3560 1391 3639 justo
1419 3569 1477 3620 et
1504 3557 1762 3635 benigno
1788 3575 1990 3620 rerum
2025 3577 2136 3620 no-

493 3657 748 3712 strarum
764 3650 972 3730 judice
995 3669 1237 3731 semper
1257 3649 1331 3710 ad
1353 3649 1491 3710 vitai
1521 3657 1740 3710 nostra:
1756 3648 1948 3710 studia
1968 3657 2144 3731 atque

492 3741 1058 3823 instituta.tanquom
1075 3741 1149 3803 ad
1165 3739 1448 3803 amussim
1465 3739 2141 3820 quamdam,exiguntur.

490 3831 786 3909 Atqueita
811 3831 1168 3912 plerumque
1189 3829 1429 3906 accidit,
1465 3840 1528 3890 ut
1548 3827 1652 3910 qui
1675 3829 1735 3890 in
1756 3827 1913 3889 civili
1939 3827 2061 3889 vita
2091 3835 2150 3889 et

491 3922 553 3984 in
584 3922 781 3984 medio
814 3921 1030 4002 posita,
1059 3920 1279 4002 aliquid
1311 3921 1564 3982 honeste
1593 3925 1652 3980 et
1707 3936 1776 3979 ex
1806 3917 2022 3979 virtute
2052 3918 2144 3981 fe-

493 4011 734 4088 cerit,in
763 4008 998 4074 meliori
1021 4029 1200 4073 ceusa
1228 4011 1512 4091 sit,quam
1548 4007 1708 4090 quia
1734 4006 1986 4088 publicis
2008 4026 2142 4070 mu-

494 4101 739 4163 neribus
771 4100 1244 4175 furiatus,officio
1275 4119 1384 4161 suo
1406 4116 1521 4161 non
1556 4115 1979 4178 usquequaque
2000 4117 2142 4180 per-

494 4192 731 4252 functus
759 4189 965 4253 fuerit:
994 4189 1596 4272 quemadmodum,ut
1627 4205 1758 4248 mea
1775 4187 1888 4248 fert
1911 4187 2136 4268 opinio,

2230 3115 2468 3191 Κρίνεται
2513 3116 2612 3194 γὰρ
2655 3115 2734 3172 ἀεὶ
2778 3115 2914 3190 μετᾶ
2956 3120 3062 3172 τῶν
3129 3109 3570 3186 ἐπιτηδευμάτων
3631 3111 3689 3166 τὸ
3743 3131 3864 3165 κατ-

2229 3206 2564 3283 ορθούμενον,
2631 3205 2772 3284 παρὰ
2827 3207 2917 3261 τοῦ
2977 3202 3178 3260 δικαίου
3215 3203 3300 3258 καὶ
3353 3199 3718 3282 φιλανθρώπου
3773 3199 3863 3254 τῶν

2227 3294 2501 3372 ἡμετέρων
2549 3317 2748 3374 κριτου.
2822 3297 2921 3352 Καὶ
2977 3295 3169 3372 μικρὸν
3221 3291 3564 3368 κατορθώσας
3621 3287 3864 3349 πολλάκις

2228 3388 2255 3442 ὁ
2287 3385 2338 3442 ἐν
2366 3390 2446 3458 τῷ
2477 3384 2644 3461 μέσῳ,
2683 3383 2844 3440 πλέον
2876 3381 2997 3464 (3⁸7)
3049 3383 3180 3462 ἔσχε
3232 3389 3323 3438 τοῦ
3377 3380 3430 3436 ἐν
3489 3381 3744 3460 ἐλευθερίᾳ
3795 3375 3864 3452 μὴ

2227 3477 2288 3530 τὸ
2333 3480 2436 3530 πᾶν
2467 3473 2902 3548 κατορθώσαντος
2938 3489 2952 3503 ⁸
3001 3473 3208 3546 ὥσπερ,
3259 3475 3442 3549 οἶμαι,
3477 3467 3868 3549 παραδοξότερον

2229 3564 2283 3621 ἐν
2314 3561 2497 3628 πέδαις
2527 3565 2691 3642 μικρὰ
2724 3561 3049 3644 προϐαίνειν,
3087 3564 3122 3629 ἢ
3180 3561 3391 3640 τρέχειν
3446 3557 3634 3636 μηδενὶ
3689 3556 3868 3634 βαρού·

2229 3675 2387 3730 μενον
2425 3674 2441 3690 ·
2475 3655 2560 3710 καὶ
2605 3649 2689 3708 διὰ
2746 3651 3004 3732 βορϐόρου
3058 3652 3221 3729 μικρὰ
3273 3649 3622 3727 ραντίζεσθαι,
3654 3645 3689 3714 ἢ
3719 3646 3870 3732 mea:

2229 3729 2318 3821 ρὸν
2379 3757 2520 3799 εῖναι
2571 3739 2654 3798 διὰ
2685 3729 2922 3820 καθαρᾶς
2964 3739 3087 3798 ὁδοῦ
3118 3740 3434 3821 φερόμενον.
3493 3736 3785 3813 Τεκμήριον
3825 3729 3872 3821 δὲ

2229 3819 2322 3889 τοῦ
2377 3831 2561 3910 λόγου,
2610 3833 2697 3888 καὶ
2748 3819 2910 3890 Ῥαὰϐ
2949 3831 3046 3898 τὴν
3094 3819 3294 3909 πόρνην
3353 3829 3409 3885 ἓν
3461 3824 3736 3883 ἐδικαίωσε
3787 3819 3872 3910 μόῗ

2229 3946 2319 3980 νον
2373 3908 2515 3996 (38),
2573 3923 2606 3990 ἡ
2669 3918 2956 4002 φιλοξενία,
2997 3908 3294 3977 τᾶλλαούκ
3354 3908 3871 4002 ἐπαινουμένηνξμκαὶ

2227 4014 2318 4069 τὸν
2380 4010 2619 4080 τελώνην
2789 4011 3027 4086 ὕψωσεν,
3089 4010 3123 4077 ἦ
3183 4008 3532 4086 ταπείνωσις,
3581 4001 3724 4060 οὐδὲν
3755 3998 3871 4056 ἄλλο

2231 4101 2628 4178 μαρτυρηθέντα
2660 4118 2676 4133 ·
2761 4100 2854 4156 ’ἱνα
2936 4099 2998 4156 σὺ
3085 4098 3280 4176 μάθῃς,
3366 4099 3588 4154 σεαυτοῦ
3669 4092 3745 4169 μὴ
3795 4089 3870 4166 ῥεῖ’

2225 4192 2345 4254 δίως
2383 4187 2508 4269 (39)
2546 4190 2960 4268 ἀπογινώσκειν,

499 4280 828 4342 mirabilius
857 4287 948 4342 est
973 4280 1278 4342 hominem
1314 4276 1705 4360 compedibus
1733 4276 1992 4338 vinctum
2027 4281 2304 4345 nonnihil
2336 4279 2638 4360 progredi,
2673 4296 2848 4360 quam
2896 4276 3059 4338 nullo
3114 4293 3300 4338 onere
3330 4273 3705 4354 impeditum,
3739 4285 3871 4360 cur-

494 4388 630 4433 rere
663 4391 677 4433 :
714 4369 1044 4432 mirabilius
1072 4373 1240 4451 item,
1275 4357 1572 4449 eum,'qui
1604 4385 1713 4448 per
1739 4385 1975 4428 cmnum
2007 4369 2263 4446 incedat,
2300 4357 2510 4432 leviter
2538 4357 2803 4449 aspergi,
2826 4385 3001 4450 quam
3036 4385 3195 4442 eum,
3217 4363 3318 4446 qui
3342 4381 3491 4445 pura
3523 4363 3620 4425 via
3654 4361 3764 4451 iter
3792 4357 3872 4419 fa-

497 4460 631 4531 ciat,
662 4477 877 4541 purum
907 4458 981 4520 ab
1012 4459 1176 4520 omni
1209 4447 1436 4519 macula
1471 4447 1734 4517 manere.
1771 4455 2139 4535 Argumenta
2170 4469 2261 4523 est
2291 4457 2456 4523 Raab
2481 4447 2916 4538 meretrii,cui,
2949 4455 3173 4537 alioqui
3206 4471 3412 4536 parum
3436 4451 3709 4541 laudatas,
3741 4447 3873 4508 bos-

496 4538 748 4629 pitalitas
779 4549 906 4612 sola
931 4550 1177 4629 justitiai
1207 4548 1445 4609 laudem
1478 4545 1694 4620 attulit;
1730 4553 1789 4607 et
1811 4545 2191 4627 publicanus,
2227 4568 2405 4632 quem
2436 4567 2553 4610 una
2593 4557 2819 4610 tantum
2851 4547 3158 4610 humilitas
3188 4541 3422 4624 extulit,
3447 4541 3611 4604 nullo
3637 4538 3750 4601 alio
3773 4553 3876 4597 uo-

501 4639 658 4699 mine
685 4639 1194 4708 commendatum;
1227 4645 1291 4698 ut
1321 4636 1425 4697 tibi
1455 4636 1814 4698 documento
1849 4635 1946 4716 sit,
1972 4655 2048 4698 ne
2079 4640 2153 4702 de
2186 4649 2285 4703 tua
2308 4639 2498 4700 salute
2521 4646 2746 4700 temere
2776 4637 3086 4718 desperes.

577 4727 956 4802 XX.Verum,
992 4727 1149 4789 dicet
1179 4726 1494 4806 quispiam,
1530 4723 1672 4805 quid
1707 4724 1855 4785 mihi
1887 4715 1955 4786 ex
1988 4746 2057 4788 ea
2082 4747 2140 4790 re

2316 4729 2400 4788 ις’.
2450 4727 2618 4787 Ἀλλὰ
2675 4729 2726 4784 τί
2795 4715 2907 4804 μοι-
2945 4725 3135 4799 πλέον,
3193 4724 3346 4805 φησὶ,
3406 4715 3875 4801 προκατασχεθέντ¹

496 4818 837 4894 accesserit,
871 4816 921 4879 si
951 4835 1059 4896 per
1089 4815 1450 4896 baptismum
1479 4821 1930 4894 praeoccupatus
1951 4815 2146 4892 fuero,

495 4915 671 4990 atque
691 4926 900 4969 omnes
916 4908 1055 4969 vita:
1078 4906 1396 4969 suavitates
1418 4905 1565 4966 mihi
1581 4903 1694 4985 ipsi
1719 4903 1793 4965 ob
1810 4905 2152 4985 hujusmodi

494 4998 862 5062 celeritatem
888 4997 1278 5078 praeclusero,
1311 5013 1450 5056 cum
1483 4993 1887 5074 voluptatibus
1910 4993 2151 5059 interim

495 5088 806 5169 indulgere
827 5087 1212 5168 liceat,atque
1234 5084 1316 5148 ita
1338 5084 1578 5146 demum
1609 5083 1859 5162 gratiam
1883 5086 2154 5168 assequi?

575 5223 697 5297 (32)
733 5225 1112 5297 Καταπαύσῃς.
1147 5222 1275 5281 Duo
1308 5220 1526 5298 Regg.,
1559 5216 1940 5281 καταπαύσας.
1966 5217 2147 5282 Coisl.

505 5304 527 5366 1
570 5313 625 5364 et
655 5304 804 5382 Jes.,
840 5304 1171 5380 καταλύσῃς.

575 5383 694 5454 (33)
731 5379 984 5447 Σέαυτοῦ.
1023 5385 1086 5442 ln
1122 5382 1446 5452 nonnullis,
1481 5379 1690 5443 ἑαυτοῦ.

579 5464 696 5542 (34)
735 5466 1079 5545 ῐΙροκατέχῃ.
1112 5461 1211 5525 0r.
1243 5465 1300 5543 1,
1327 5462 1706 5541 προκατέχεις,

2233 4819 2317 4876 διὰ
2362 4826 2453 4877 τοῦ
2482 4820 2876 4898 βαπτίσματος,
2930 4818 3018 4873 καὶ
3071 4818 3132 4873 τὸ
3187 4813 3408 4894 τερπνὸν
3441 4814 3533 4870 τοῦ
3560 4816 3653 4887 ζῇν
3683 4805 3878 4898 ἐμαυτῷ

2233 4909 2318 4968 διὰ
2361 4917 2454 4966 τοῦ
2484 4893 2707 4989 -τάχους
2761 4893 3159 4980 ἀπογκλείσαντι,
3199 4893 3317 4961 ἐνὸν
3369 4905 3580 4984 ἐξεῖναι
3616 4911 3734 4962 ταῖς
3759 4893 3875 4989 ἠδυ-

2235 5015 2380 5080 ναῖς,
2441 5001 2531 5056 καὶ
2576 4984 2884 5068 ⁷τηνικαῦτα
2939 5011 3132 5078 τυχεῖν
3191 4996 3290 5064 τῆς
3335 4995 3601 5074 χάριτοςς
3787 4984 3878 5064 γὰρ

2234 5077 2376 5154 τοῖς
2411 5088 2468 5146 ἐκ
2524 5097 2600 5164 τῷ
2685 5088 2964 5166 ἀμπελῶνι
3039 5077 3496 5167 νπροκεκμηκόσιν
3569 5077 3758 5156 ὑπῆρξέ
3833 5094 3880 5128 τι

2235 5223 2325 5280 καί
2357 5227 2418 5288 in
2451 5224 2551 5289 ed.

2317 5308 2435 5386 (37)
2467 5307 2658 5371 Πλέον.
2691 5305 2955 5379 Quatuor
2985 5300 3451 5386 Begg.,_nh'tov.

2317 5377 2448 5467 (38')
2485 5389 2594 5447 ’Ἕν
2626 5377 2897 5444 ἐδικαίωσε
2935 5377 3407 5467 pcvel-«lunam
3443 5377 3875 5467 solumJ‘nem:

2239 5453 2401 5550 98;}:
2431 5453 2830 5550 hospitalitas.
2867 5489 2894 5527 ι
2931 5453 3030 5530 Sic
3089 5474 3209 5550 tres
3260 5462 3450 5542 Regg.
3505 5473 3564 5522 et
3599 5453 3873 5518 tredecim

583 5531 707 5625 ξπ)
741 5531 837 5625 ita?
863 5531 1080 5625 W213.
1113 5545 1213 5606 Sic
1233 5531 1336 5606 sex
1356 5531 1542 5622 Regg.
1564 5531 1626 5603 Et
1643 5549 1762 5602 tres
1784 5539 1957 5604 Colb.
1979 5538 2140 5600 Dees

2239 5531 2412 5610 Colb.
2445 5552 2514 5613 In
2547 5531 2672 5622 ὲάη
2708 5548 3009 5606 ἐνδικαίωσε
3043 5549 3231 5624 μόνον.

500 5622 670 5684 autin
697 5622 793 5686 ed.

2321 5610 2575 5708 (39)_Mii
2599 5610 2808 5709 ῥᾳδίως.
2844 5627 2946 5694 Sic
3001 5610 3122 5692 tres
3179 5625 3367 5708 Re“.
3428 5623 3496 5686 lu
3543 5617 3664 5698 ed.,
3696 5610 3873 5695 ῥᾳδίως

582 5704 706 5790 (36)
742 5705 894 5763 Οὕτω
921 5704 1034 5766 καί.
1083 5701 1180 5764 Sic
1238 5704 1386 5784 Reg.
1444 5704 1524 5786 ph
1583 5709 1641 5766 et
1703 5702 1910 5767 Comb.
1973 5704 2159 5769 Deest
2240 5710 2341 5784 μή.
