4150 6392
241 349 343 416 401
1137 356 1423 421 ORATIO
1472 358 1598 421 XL.
1647 392 1725 403 --
1770 357 1855 421 IN
1899 355 2260 421 SANCTUM
2304 357 2714 421 BAPTISMA.
3506 358 3630 423 402

235 486 325 544 τοῦ
377 489 743 565 βαπτίσματος
813 493 900 549 καὶ
953 498 1047 550 τοῦ
1076 493 1441 572 κηρύγματος,
1469 496 1497 551 ὁ
1526 500 1632 551 τῶν
1652 515 1862 574 συντρε-

1958 490 2207 566 tionem,
2237 491 2638 556 multitudinis
2663 492 3363 573 concursum,miracula,
3388 490 3626 555 etvelut

241 577 442 658 χόντων
474 582 694 656 σεισμὸς
726 582 848 660 (41)
881 580 1050 659 (οὕτω
1078 582 1177 660 γὰρ
1206 585 1239 652 ἡ
1260 585 1441 662 Γραιφή
1473 582 1633 642 καλεῖ
1653 586 1745 642 τὸν
1770 606 1858 641 atat

1970 599 2185 660 corpus
2216 601 2397 643 unum
2434 582 2583 658 ﬁeri,
2619 600 2737 643 non
2770 581 3091 658 divulsum,
3127 600 3240 643 nec
3282 590 3618 663 temporum

241 669 325 746 ρὸν
379 670 632 750 εκεῖνον),
668 670 727 727 ἐκ
770 670 825 727 δὲ
853 680 946 730 τοῦ
977 670 1237 748 πλήθους,
1268 675 1303 743 ἡ
1334 680 1440 731 τῶν
1473 675 1711 749 σημείων
1762 673 1862 731 ἐπί-

1969 671 2297 735 intervallis
2327 673 2695 752 disjuuctum
2731 679 2789 734 et
2824 674 3247 752 interruptum.
3287 671 3521 733 Etenim
3556 690 3629 732 ex

244 756 414 845 βειξις,
463 761 551 816 καὶ
591 761 657 816 τὰ
712 762 956 836 θαύματα
1011 766 1089 835 τῷ
1146 764 1454 843 Εὗαγγελίῳ
1522 765 1859 845 προσέγοντα

1970 761 2263 842 baptismo
2295 770 2353 823 et
2376 762 2797 843 praedicatione
2824 762 3111 823 excitatus
3135 769 3226 823 est
3253 760 3358 823 ille
3392 761 3625 823 conﬂu-

240 837 329 904 Ἐκ
375 845 430 904 εὶ
490 850 714 925 τούτων,
777 854 805 908 ὁ
840 854 1049 931 φθόνος’
1072 853 1137 909 ὲκ
1166 851 1220 908 δὲ
1251 837 1459 929 τούτου,
1490 837 1576 911 τὸ,
1602 837 1790 929 μῖσος·
1824 857 1862 911 Et

1969 837 2125 913 entis
2150 837 2546 915 multitudinis
2569 860 2746 914 terrae
2771 859 2967 913 motus
2984 852 3067 928 3i;
3094 853 3181 913 sic
3205 851 3365 913 enim
3392 860 3631 931 tempus

235 934 286 992 δὲ
344 945 434 995 τοῦ
488 940 699 1015 μίσους,
745 943 808 999 1b
843 947 942 1009 τῆς
975 940 1292 1023 ἐπιϐουλῆς,
1322 946 1413 1001 καὶ
1443 950 1543 1013 τῆς
1571 943 1851 1023 προδοσίας

1966 942 2112 1004 illud
2131 944 2433 1023 Scriptura
2456 950 2645 1004 vocat.
2666 942 2895 1005 Rursus
2921 962 2991 1005 ex
3016 943 3222 1023 populi
3247 942 3627 1004 multitudine

237 1026 294 1083 ἐκ
362 1030 543 1086 τούτου
596 1029 675 1104 δὲ,
710 1034 737 1088 ὁ
799 1033 1046 1111 σταυρὸς,
1082 1033 1169 1089 καὶ
1213 1034 1357 1096 ὃσοις
1431 1035 1768 1111 σεσώσμεθα.
1803 1036 1862 1094 ΤΞ

1966 1040 2024 1094 et
2054 1034 2414 1115 frequentia,
2447 1033 2585 1093 715
2616 1034 2927 1113 signorum
2964 1034 3171 1114 editio,
3207 1041 3267 1095 et
3308 1032 3623 1109 miracula,

238 1116 329 1190 μὲν
383 1115 447 1185 δὴ
477 1124 570 1176 τοῦ
601 1127 825 1197 Χριστοῦ
865 1128 1108 1193 τοιαῦτα,
1141 1123 1229 1178 καὶ
1262 1121 1430 1189 οὕτως
1482 1124 1705 1203 ἔχοντα,
1752 1122 1862 1182 ὅσοι

1963 1141 2094 1203 qua
2124 1122 2398 1185 homines
2429 1122 2501 1184 ad
2533 1122 2918 1201 Evangelium
2951 1121 3356 1202 adducebant,
3386 1120 3627 1183 exstite-

237 1207 366 1282 ἡμῖν
422 1206 655 1289 ἐφικτόν·
716 1212 863 1292 τάχα
921 1209 969 1268 δ’
998 1210 1060 1268 ἄν
1092 1234 1169 1279 τις
1197 1214 1287 1270 καὶ
1319 1212 1482 1278 ἄλλος
1514 1214 1744 1293 εῦρεθείη
1776 1212 1862 1271 λό-

1961 1212 2211 1275 runt.Ex
2236 1213 2328 1274 his
2353 1212 2762 1293 porroinvidia
2786 1220 2919 1273 nata
2937 1224 3131 1287 est,ex
3148 1211 3372 1272 invidia
3390 1210 3622 1286 odium,

240 1319 325 1373 γος
352 1298 551 1357 τούτων
594 1300 1040 1381 ἆποῤῥητότερος.

1966 1321 2036 1364 ex
2066 1302 2203 1364 odio
2237 1303 2489 1379 insidiaa,
2520 1310 2578 1365 et
2609 1302 2891 1383 proditio.
2925 1302 3078 1363 Hinc
3112 1310 3415 1383 postremo
3450 1321 3618 1377 crux,

248 1405 428 1476 eaque
458 1389 682 1468 omnia,
712 1409 847 1473 quas
875 1390 1049 1453 nobis
1079 1392 1330 1455 salutem
1364 1402 1747 1476 pepererunt.
1784 1394 1873 1458 Ac
1893 1392 2109 1457 Christi
2139 1393 2381 1472 quidem
2414 1412 2513 1456 res
2563 1394 2642 1454 ita
2689 1411 2753 1454 se
2783 1391 3026 1473 habent,
3062 1404 3344 1472 quantum
3379 1391 3624 1471 quidem

244 1475 407 1540 nobis
427 1481 663 1561 assequi
693 1480 838 1545 licet
870 1501 884 1543 :
921 1489 1102 1560 atque
1152 1484 1327 1545 etiam
1356 1475 1609 1547 fortasse
1656 1484 1776 1547 alia
1806 1484 2073 1566 quadam
2126 1481 2276 1546 ratio
2305 1484 2397 1560 iis,
2432 1502 2578 1565 quas
2608 1482 3227 1555 commemoravimus,
3261 1480 3626 1543 reconditior

241 1567 484 1651 inveniri
517 1578 717 1651 queat.

310 1649 393 1723 A'.
452 1649 551 1719 Σοῖ
602 1660 658 1718 δὲ
702 1663 779 1728 τίς
810 1662 1043 1741 ἀνάγκη,
1075 1677 1195 1729 τοῖς
1226 1665 1357 1747 ὑπὲρ
1403 1667 1462 1724 σὲ
1494 1666 1862 1745 ὑποδείγμασιν

2042 1662 2231 1727 XXX.
2256 1661 2388 1724 Tibi
2412 1670 2611 1725 autem
2637 1664 2777 1747 quid
2798 1680 3044 1724 necesse
3058 1669 3243 1737 est,ut
3263 1660 3401 1721 dum
3427 1679 3625 1722 exem-

235 1749 491 1824 ἑπομένῳ,
563 1758 742 1815 κακῶς
814 1752 1180 1829 βουλεύεσθαι·
1266 1757 1382 1813 ἒπεὶ
1411 1758 1499 1813 καὶ
1535 1756 1671 1813 ἄλλα
1700 1756 1862 1815 πολλὲ

1961 1754 2080 1835 pla,
2116 1772 2246 1835 quae
2274 1764 2329 1815 te
2353 1753 2705 1817 sublimiora
2728 1761 2885 1827 sunt,
2914 1751 3209 1833 sequeris,
3237 1750 3459 1812 malum
3484 1770 3627 1813 con-

235 1846 334 1897 τῶν
398 1841 693 1908 τηνικαῦτα
748 1844 1133 1922 ἱστορουμένων
1194 1846 1387 1925 ἑτέρως
1447 1847 1481 1915 ἢ
1539 1848 1613 1913 ὡς
1671 1849 1736 1907 τὰ
1790 1850 1875 1905 νῦν

234 1929 419 2009 ’έχοντα
477 1934 738 2010 φαίνεται,
802 1933 899 1991 καὶ
959 1934 1017 1990 οὒ
1068 1932 1420 2010 συμϐαίνοντα
1450 1950 1567 2001 τοῖς
1610 1950 1870 2016 temporc;

235 2025 378 2095 Οἶον,
452 2021 732 2091 ὶνήστευσε
790 2025 977 2102 μικρὸν
1034 2025 1265 2102 πρὸτῆς
1316 2027 1522 2106 πείρας,
1575 2029 1741 2103 ἡμεῖς
1772 2029 1874 2105 πρὸ

234 2119 317 2171 τοῦ
348 2111 562 2191 Πάσχα’
597 2114 659 2169 1b
690 2115 786 2186 μὲν
815 2120 921 2169 τῶν
952 2121 1218 2181 νηστειῶν
1249 2116 1325 2197 ἓν,
1355 2118 1416 2174 06
1441 2118 1630 2193 μικρὸν
1661 2117 1715 2173 δὲ
1744 2116 1870 2197 (42)

232 2200 537 2281 ἀμφοτέρων
617 2208 721 2259 τῶν
781 2209 979 2281 καιρῶν
1036 2205 1097 2261 τὸ
1155 2204 1444 2281 διάστημα.
1506 2198 1562 2265 Ὀ
1617 2208 1715 2271 μὲν
1772 2208 1872 2286 γὰρ

232 2292 360 2348 κατὰ
429 2293 539 2349 τῶν
590 2298 903 2371 πειρασμῶν
956 2293 1152 2358 ταύτας
1214 2292 1592 2373 προϐάλλεται*
1639 2298 1777 2372 ἡμῖν
1817 2296 1872 2353 δὲ

230 2384 321 2450 τὴν
400 2381 749 2461 σδννέκρωσιν
810 2389 1031 2463 Χριστοῦ
1088 2391 1244 2441 τοῦτο
1290 2382 1528 2460 δύναται,
1553 2386 1641 2444 καὶ
1671 2387 1871 2465 κάθαρ-

231 2473 304 2536 σίς
354 2470 464 2529 ἐστι
496 2472 827 2550 προεὸρτιος⁶
876 2474 975 2530 Καὶ
1003 2473 1031 2529 ὀ
1062 2474 1161 2548 μὲν
1190 2474 1429 2542 νηστεύει
1473 2476 1869 2555 τεσσαράκοντα

229 2560 419 2641 ἡμέρας
488 2562 638 2631 (Θεὸς
669 2562 769 2641 γὰρ
822 2563 932 2636 ἦν),
966 2564 1132 2639 ἡμεῖς
1189 2561 1242 2620 δὲ
1326 2571 1395 2641 τῇ
1454 2563 1668 2637 δυνάμει
1712 2573 1868 2624 τοῦτο

230 2652 711 2730 συνεμετρήσαμεν,
772 2652 816 2709 εἰ
875 2654 961 2709 καί
1025 2674 1170 2717 τινας
1229 2652 1405 2725 ᾅττειν
1436 2656 1464 2711 ὁ
1508 2653 1671 2725 ζῆλος
1701 2656 1865 2711 πείθει

230 2742 311 2798 καὶ
360 2742 489 2821 ὑπὲρ
562 2740 801 2817 δύναμιν,
858 2740 1020 2803 Πάλιν
1053 2757 1402 2821 μυσταγωγεῖ
1430 2745 1491 2800 τὸ
1520 2745 1715 2823 Πάσχα
1744 2745 1866 2807 τοὺς

230 2832 460 2904 μαθητὰς
516 2829 570 2887 ἰν
638 2833 884 2910 ὑπερῴῳ,
958 2834 1047 2889 καὶ
1078 2833 1213 2907 μετὰ
1242 2834 1304 2889 τὸ
1352 2831 1566 2891 δεῖπνον
1601 2833 1746 2913 (43),
1780 2836 1869 2891 καὶ

222 2924 323 3000 πρὸ
354 2929 477 2998 μιᾶς
524 2929 618 2980 τοῦ
649 2925 839 2979 παθεῖν
868 2921 1096 3001 ἡμέρας·
1129 2924 1290 2998 ἡμεῖς
1335 2922 1389 2979 ἐν
1432 2928 1742 3004 προσευχῆς
1777 2924 1870 2982 οῗ-

1958 1845 2158 1906 silium
2194 1845 2435 1925 capias;
2474 1846 2803 1925 praesertim
2844 1862 3004 1922 cum,
3040 1842 3339 1921 permulta
3386 1860 3625 1922 quoque

1958 1936 2072 1998 alia
2107 1953 2172 1996 ex
2204 1933 2300 2015 iis,
2328 1952 2464 2015 quae
2494 1944 2614 1996 tum
2643 1936 2715 1997 ab
2746 1954 2815 1997 eo
2843 1942 3005 2011 gesta
3036 1950 3167 1993 esse
3193 1930 3453 1992 historiae
3477 1949 3622 2009 pro-

1958 2026 2147 2087 ditum
2173 2032 2336 2105 est,a
2363 2032 2565 2086 nostro
2592 2026 2712 2085 ritu
2736 2024 3183 2100 discrepare,ac
3214 2028 3482 2100 tempore
3504 2021 3623 2084 dis-

1959 2115 2181 2194 sidere,
2216 2121 2504 2177 constet?
2544 2112 2821 2195 Exempli
2871 2130 3083 2184 causa:
3122 2110 3398 2173 Christus
3446 2114 3620 2192 paulo

1957 2214 2096 2267 ante
2122 2204 2514 2267 tentationem
2534 2205 2824 2285 jejunavit
2847 2224 2862 2281 ;
2885 2221 2996 2264 nos
3016 2210 3152 2263 ante
3173 2200 3421 2265 Pascha.
3448 2202 3620 2281 Jeju-

1958 2294 2123 2357 nium
2144 2312 2325 2355 unum
2351 2293 2634 2374 idemque
2657 2300 2834 2365 est;at
2853 2294 3165 2372 utriusque
3191 2293 3479 2371 temporis
3502 2311 3622 2354 non

1958 2402 2133 2464 parva
2164 2391 2255 2446 est
2286 2383 2650 2445 differentia.
2686 2385 2791 2447 Ille
2823 2382 3299 2462 enimjejunium
3332 2381 3623 2445 adversus

1952 2478 2345 2537 tentationum
2366 2475 2621 2554 impetus
2644 2473 2881 2553 objicit;
2906 2472 3079 2535 nobis
3098 2481 3297 2535 autem
3315 2473 3616 2552 jejunium

1954 2565 2068 2626 hoc
2097 2572 2355 2645 praestat,
2384 2572 2448 2625 ut
2477 2584 2611 2626 cum
2642 2564 2877 2629 Christo
2909 2566 3400 2637 commoriamur,
3429 2581 3497 2625 ac
3522 2563 3616 2625 fe-

1950 2662 2105 2716 stum
2134 2655 2431 2735 praecedat
2456 2654 2749 2735 purgatio.
2780 2654 2908 2717 Jam
2931 2654 3030 2715 ille
3053 2661 3204 2714 totos
3228 2652 3618 2733 quadraginta

1953 2744 2080 2806 dies
2111 2764 2142 2805 a
2172 2745 2306 2807 cibo
2338 2744 2623 2806 abstinuit
2657 2746 2841 2825 (Deus
2867 2743 3027 2805 enim
3056 2746 3247 2821 erat);
3283 2761 3390 2803 nos
3417 2752 3613 2804 autem

1952 2834 2026 2895 ad
2053 2835 2260 2897 virium
2290 2843 2623 2896 nostrarum
2656 2834 3278 2912 modulumjejunium
3310 2842 3611 2912 attempe-

1955 2924 2238 3000 ravimus,
2266 2924 2497 2986 etiamsi
2520 2924 2921 3005 quidam,zelo
2945 2922 3379 3002 iuipulsi,ultra
3401 2923 3611 2984 virium

228 3033 360 3085 κοις,
392 3014 482 3069 καὶ
569 3014 670 3090 πρὸ
741 3018 834 3069 τοῦ
863 3010 1093 3092 δείπνου,
1141 3013 1228 3069 καὶ
1257 3014 1394 3088 μετὰ
1421 3013 1521 3080 τὴν
1552 3012 1862 3073 ἅνάστασιν.

1958 3013 2294 3077 facultatem
2329 3014 2387 3075 in
2414 3014 2746 3095 jejunantlo
2793 3012 3126 3093 prosiliant.
3166 3014 3485 3094 Praeterea,
3513 3013 3615 3075 ille

229 3098 525 3160 Ἀνίσταιαι
582 3104 900 3181 τριήμερος,
960 3104 1125 3178 ἡμεῖς
1157 3103 1291 3178 μετὰ
1335 3102 1501 3160 πολὺν
1533 3104 1751 3183 χρόνον·
1783 3107 1862 3161 καῖ

1958 3104 2261 3166 Paschatis
2286 3106 2634 3185 mysterium
2654 3102 2967 3184 discipulis
2988 3103 3050 3163 in
3073 3102 3380 3164 coenaculo
3410 3103 3609 3178 tradit,

226 3192 334 3249 οὕτε
390 3191 721 3273 ἆπὲῥρηκται
777 3193 883 3250 τῶν
933 3192 1132 3251 ἐκείνου
1178 3193 1247 3249 τοί
1273 3192 1532 3273 ἡμέτερα,
1570 3192 1687 3250 οὔτε
1738 3215 1862 3254 συν-

1958 3202 2013 3255 et
2042 3213 2073 3256 a
2109 3214 2299 3270 coena,
2336 3202 2392 3256 et
2446 3194 2622 3255 unico
2657 3201 2795 3255 ante
2841 3192 3183 3274 passionem
3236 3193 3373 3267 die;
3410 3212 3521 3256 nos
3552 3194 3613 3255 in

225 3283 448 3355 ἔζευκται
523 3290 816 3363 χρονικῶς⁶
872 3280 991 3340 ἀλλ’
1049 3282 1173 3340 ὅσον
1228 3284 1391 3347 τύπος
1438 3306 1518 3348 τις
1567 3288 1708 3341 εἶναι
1765 3290 1862 3341 τῶι

1958 3285 2216 3365 templis,
2245 3293 2304 3347 et
2331 3292 2467 3346 ante
2516 3301 2770 3364 orenam,
2807 3290 2864 3345 et
2893 3290 3026 3364 post
3054 3282 3610 3347 Resurrectionem.

222 3373 485 3454 ἡμετέρων
554 3371 914 3453 παραδοθέντα
968 3372 1124 3452 (44),
1186 3374 1248 3429 1b
1276 3374 1453 3441 πάντη
1486 3372 1862 3452 παραπλήσιον

1958 3374 2059 3438 [lle
2093 3376 2264 3437 tertio
2296 3374 2395 3437 die
2426 3394 2459 3435 a
2505 3382 2698 3435 morte
2729 3373 2801 3436 ad
2831 3373 3013 3437 vitam
3066 3372 3246 3434 rediit
3273 3394 3289 3449 ;
3321 3392 3431 3435 nos
3483 3383 3618 3455 post

221 3461 585 3546 διαπέφευγεν.
643 3463 702 3522 Τί
730 3463 817 3519 οὖν
883 3463 1207 3538 θαυμαστὸν,
1271 3465 1357 3519 καὶ
1408 3462 1541 3543 (45)
1574 3465 1635 3521 1b
1665 3464 1866 3541 βάπτι-

219 3576 321 3630 σμα
386 3552 745 3635 παρειλῆφθαι
820 3554 919 3629 μὲν
949 3551 1015 3609 δι’
1045 3555 1214 3626 ἡμᾶς,
1246 3560 1322 3627 τῷ
1352 3554 1535 3633 χρόνῳ
1580 3552 1634 3610 δὲ
1680 3551 1867 3635 διαφέ-

225 3668 322 3723 ρειν
368 3665 386 3728 ς
449 3638 532 3706 ”Ο
589 3645 651 3703 σύ
722 3667 813 3719 μοι
845 3642 1022 3707 δοκεῖς
1093 3645 1167 3706 ὡς
1199 3642 1337 3721 μέγα
1369 3666 1418 3700 τι
1447 3645 1536 3700 καὶ
1566 3647 1866 3721 θαυμαστὸν

1953 3465 2301 3528 diuturnum
2350 3474 2606 3545 tempus.
2644 3467 2733 3527 Ita
2782 3462 2969 3543 ipsius
3020 3481 3139 3537 res,
3173 3482 3283 3526 nec
3332 3482 3367 3525 a
3396 3464 3641 3539 nostris,

1956 3555 2190 3635 penitus
2234 3557 2531 3617 distracta:
2560 3561 2738 3635 atque
2768 3552 3036 3634 abrupta}
3066 3562 3225 3635 sunt,
3260 3574 3372 3616 nec
3402 3572 3611 3635 rursus

1954 3646 2325 3725 temporibus
2350 3646 2510 3707 inter
2531 3663 2595 3707 se
2619 3646 2923 3707 cohaerent
2939 3663 2954 3720 ;
2970 3663 3174 3705 verum
3199 3648 3486 3708 hactenus
3508 3666 3609 3707 no-

222 3737 334 3793 οἷον
389 3734 781 3818 προϐάλλεσθαι
834 3735 970 3793 κατὰ
1030 3738 1131 3801 τῆς
1196 3732 1381 3790 ἑαυτοῦ
1450 3734 1578 3813 (46)
1680 3757 1862 3803 σωτη-

1958 3735 2047 3797 bis
2080 3737 2330 3819 traditaa,
2366 3745 2429 3797 ut
2458 3736 2531 3797 ad
2579 3754 2782 3797 earum
2825 3735 3131 3815 exemplar
3172 3736 3325 3797 ritus
3375 3744 3610 3799 nostros

226 3827 352 3903 ρίας.
1951 3827 2420 3905 contormemus,
2458 3825 2691 3906 plenam
2727 3824 3125 3905 omnibusque
3178 3824 3373 3887 modis
3404 3826 3608 3906 perfe-

225 3924 369 3978 ctam
400 3914 859 3979 similitudinem
889 3912 1146 3993 fugiunt.
1184 3912 1342 3986 Quid
1374 3912 1553 3993 igitur
1576 3912 1820 3990 mirum,
1848 3933 2007 3997 eum,
2034 3916 2304 3998 quamvis
2334 3916 2543 3979 salutis
2568 3924 2787 3976 nostrae
2818 3933 2995 3977 causa
3022 3916 3383 3993 baptismum
3408 3933 3609 3979 susce-

226 4005 374 4085 perit
406 4006 696 4088 temporis
723 4012 922 4067 tamen
952 4002 1185 4067 ratione
1213 4022 1247 4066 a
1275 4003 1449 4065 nobis
1498 4002 1777 4066 differre?
1809 4004 1977 4079 Quod
2013 4015 2071 4067 tu
2095 4006 2338 4087 quidem
2374 4005 2544 4081 mihi,
2575 4004 2728 4067 velut
2757 4023 3032 4084 magnum
3066 4004 3288 4086 aliquid
3322 4012 3381 4067 et
3410 4005 3607 4067 admi-

223 4096 489 4171 randum,
524 4095 815 4159 adversus
843 4100 1005 4156 tuam
1038 4092 1227 4174 ipsius
1252 4092 1500 4155 salutem
1528 4110 1833 4174 opponere
1864 4094 2108 4157 videris.

294 4188 421 4252 AA’.
461 4188 527 4248 Εἴ
559 4210 609 4244 τι
638 4187 727 4245 οὖν
758 4186 876 4261 ἒμοὶ
896 4187 1156 4259 πείθεσθε,
1188 4186 1312 4250 τοὺς
1344 4206 1441 4264 μρν
1472 4184 1740 4251 τοιούτους
1770 4183 1862 4242 λό-

2033 4184 2237 4247 ΧΧΧΙ.
2272 4184 2491 4266 Quare,
2526 4185 2750 4266 siquid
2798 4204 2892 4247 me
2940 4184 3306 4247 audiendum
3364 4186 3603 4265 putatis,

216 4301 332 4357 γους
390 4280 602 4359 χαίρειν
675 4276 887 4334 ἐάσατε·
952 4277 1099 4333 αὐτοὶ
1128 4274 1181 4331 δὲ
1216 4282 1292 4348 τῷ
1322 4275 1504 4351 ἀγαθῷ
1535 4272 1861 4352 προσπηδή-

1958 4276 2292 4356 hujusmodi
2313 4275 2576 4338 rationes
2595 4276 2791 4338 valere
2814 4275 3046 4355 jubete,
3075 4284 3254 4353 atque
3278 4276 3389 4356 ipsi
3412 4276 3485 4338 ad
3507 4276 3613 4339 bo-

214 4389 356 4444 σατε,
413 4370 501 4427 καὶ
574 4366 791 4425 διπλοῦν
861 4366 1045 4446 ἀγῶνα
1097 4366 1434 4444 ἆγωνιεῖσθε’
1468 4365 1558 4421 τὸν
1604 4364 1702 4440 μὲν
1733 4387 1859 4443 προ·

1958 4385 2086 4426 num
2116 4366 2229 4427 hoc
2253 4366 2544 4444 prosilite,
2571 4385 2638 4427 ac
2666 4366 2883 4447 duplex
2907 4375 3211 4427 certamen
3239 4366 3382 4428 inite
3412 4388 3427 4448 ;
3453 4368 3607 4430 alte-

216 4459 471 4535 καθαίρειν
531 4459 670 4534 ὑμᾶς
726 4456 914 4520 αὐτοὺς
1000 4463 1093 4514 τοῦ
1160 4455 1553 4532 βαπτίσματος,
1624 4455 1715 4510 τὸν
1802 4454 1857 4511 δὲ

1958 4474 2104 4535 rum,
2122 4465 2184 4517 ut
2212 4474 2313 4516 vos
2334 4456 2495 4536 ipsos
2518 4465 2655 4517 ante
2679 4455 3041 4537 baptismum
3067 4455 3605 4532 emundetis;alte-

219 4562 489 4627 συντηρεῖν
546 4550 609 4606 τὸ
639 4548 943 4625 βάπτισμα·
980 4544 1163 4615 ἐπειδὴ
1190 4551 1291 4613 τῆς
1324 4544 1486 4612 αὒτῆς
1518 4542 1629 4600 ἐστι
1662 4542 1859 4624 δυσχεο

1958 4553 2169 4617 rum,ut
2197 4554 2505 4624 acceptum
2537 4545 2894 4625 baptismum
2924 4544 3288 4607 conseretis:
3328 4546 3603 4626 quando-

222 4637 379 4717 ρείας,
436 4640 524 4695 καὶ
580 4638 875 4708 κτήσασθαί
932 4659 980 4693 οι
1027 4642 1134 4692 τῶν
1192 4636 1403 4714 ἀγαθωδ
1434 4633 1538 4713 οὐχ
1588 4634 1857 4715 ὑπάρχον,

216 4728 297 4783 καὶ
340 4729 529 4796 κτηθὲν
577 4727 957 4790 διασώσασθαι.
1027 4725 1293 4789 Πολλάκις
1325 4726 1424 4803 γὰρ
1456 4723 1490 4779 δ’
1514 4724 1611 4799 μὲν
1656 4724 1860 4792 σπουὸη

220 4819 528 4896 προσέλαϐε,
584 4820 805 4899 ῥᾳθυμία
876 4818 1179 4898 διέφθειρεν·
1250 4816 1278 4874 ὅ
1323 4816 1379 4873 δὲ
1436 4815 1587 4879 ὄκνος
1638 4814 1860 4872 ἀπώλε-

218 4928 324 4980 σεν,
355 4910 709 4969 ἀνεκαλέσατο
740 4908 1042 4984 ἐπιμέλεια.
1081 4907 1287 4968 Καλόον
1318 4931 1399 4966 σοι
1442 4906 1697 4983 βοήθημα
1726 4906 1860 4983 πρὸς

216 4998 270 5053 τὸ
322 5016 535 5081 τυχεῖν,
564 5001 638 5058 ὦν
668 4999 967 5081 ἐπιποθεῖς,
1002 5000 1306 5080 ἀγρυπνίαι,
1336 5009 1604 5075 νηστεῖαι,
1639 5016 1858 5075 χαμευ-

292 5101 337 5147 ³¹
364 5104 568 5171 Matth.
598 5123 719 5188 XXI,
754 5105 849 5171 10.

291 5212 404 5288 (41)
436 5206 496 5274 Ὀ
562 5219 666 5271 τῶν
726 5211 1125 5294 συντρεχόντων
1157 5215 1403 5294 σεισμός.
1444 5235 1471 5268 α
1519 5210 1855 5294 Conﬂuen-

220 5289 287 5351 tis
317 5294 708 5357 multitudinis
741 5289 1278 5356 terraa'inotusald
1309 5293 1751 5357 autemNicetas
1770 5292 1857 5355 sic

221 5375 489 5453 eXponit:
533 5399 558 5433 ι
593 5374 808 5455 Ingens
830 5374 1166 5436 mortalium
1202 5373 1517 5436 multitudo
1545 5373 1852 5455 conﬂuxit,

220 5459 405 5529 atque,
455 5464 519 5517 ut
548 5454 746 5534 inquit
775 5456 1106 5529 Matthaeus,
1145 5462 1443 5517 commota
1471 5462 1586 5535 est,
1611 5463 1670 5516 et
1697 5454 1858 5517 velut

223 5536 465 5597 tremore
496 5555 786 5600 concussa
816 5548 899 5599 est
928 5539 1205 5598 universa
1220 5536 1461 5615 civitas,
1481 5552 1855 5598 concurren-

217 5617 271 5673 te
298 5614 569 5680 videlicet
590 5618 806 5698 populo
838 5635 909 5679 ac
940 5634 1073 5680 sese
1105 5614 1583 5679 commovente.)
1611 5615 1852 5693 Vid.or,

220 5637 271 5673 ιθ
298 5637 569 5680 viueucet
590 5637 806 5762 [ᾇίέρωυ
838 5637 909 5679 ac
940 5637 1073 5680 sese
1105 5637 1583 5679 commovente.)
1623 5637 1827 5680 για.οτ

218 5706 372 5771 xm,
400 5715 566 5762 num.
681 5743 696 5759 .
1652 5738 1716 5763 ,,
1736 5706 1827 5773 ειν.

294 5776 419 5860 (42)
452 5781 649 5860 Μικρὸν
669 5779 745 5846 δέ.
780 5777 879 5844 Sic
909 5779 1109 5863 plures
1138 5776 1318 5844 codd.
1350 5777 1415 5843 ln
1473 5777 1603 5861 ed.,
1662 5780 1852 5859 μικρὸν

1945 4635 2183 4716 quidem
2209 4635 2478 4713 ejusdem
2500 4635 3064 4709 estdilﬁcultatis,et
3087 4636 3306 4698 bonum
3334 4635 3600 4715 aliquod,

1945 4744 2059 4806 quo
2088 4725 2249 4804 prius
2274 4724 2545 4803 carebas,
2575 4724 3086 4805 adipisci,et,cum
3111 4726 3363 4807 adeptus
3389 4725 3604 4802 fueris,

1946 4832 2322 4878 conservare.
2370 4814 2463 4876 Fit
2511 4816 2669 4877 enim
2723 4816 3100 4897 plerumque,
3132 4823 3216 4896 ut,
3253 4815 3415 4897 quod
3466 4816 3605 4877 716

1944 4904 2140 4967 studio
2174 4912 2233 4965 et
2256 4904 2550 4966 industria
2580 4913 2808 4986 partum
2838 4914 2950 4984 est,
2981 4905 3255 4967 socordia
3277 4905 3600 4968 labefacte-

1946 5000 2077 5075 tur;
2102 4994 2260 5075 quod
2281 5001 2479 5056 autem
2506 4995 2716 5059 inertia
2739 4998 3027 5058 amissum
3050 5004 3164 5077 est,
3193 4994 3400 5059 labore
3426 5003 3484 5057 et
3502 4996 3600 5060 di-

1941 5215 2047 5265 τών
2078 5210 2131 5267 δὲ
2142 5263 2154 5275 ,

2024 5289 2148 5370 (43)
2181 5296 2328 5351 Μετὰ
2357 5296 2417 5375 1b
2448 5292 2686 5358 δεῖπνον.
2721 5292 2819 5357 Sic
2854 5295 3001 5374 Reg.
3038 5294 3117 5375 ph
3150 5300 3210 5355 et
3263 5291 3381 5354 duo
3430 5291 3600 5359 Colb.

1940 5370 2121 5434 Deest
2150 5376 2210 5433 τό
2244 5375 2305 5436 in
2337 5374 2434 5436 ed.

2182 5454 2567 5538 Παραδοθὲντα.
2600 5454 2761 5532 Pan,
2789 5454 3233 5538 παραδειχθέντα,

2018 5535 2152 5617 (45)
2183 5538 2302 5617 Καί.
2338 5537 2469 5599 Duo
2505 5535 2719 5617 Regg.,
2753 5540 2795 5593 εἰ
2827 5539 2935 5617 καί.

2020 5616 2154 5697 (46)
2212 5614 2452 5679 Ἑαυτοῦ.
2516 5614 2959 5693 Ιιιῖιοήηιιιιίε,
3023 5622 3268 5691 σεαυτοῦ,
3330 5621 3411 5695 et,
3467 5640 3604 5678 σαυ-

1936 5718 2052 5760 του.
