4150 6400
3735 349 3858 413 ιοι

469 349 587 417 408
1698 353 1760 416 S.
1806 350 2177 418 GBEGORII
2220 351 2630 420 THEOLOGI.

468 485 713 568 ligentia
729 490 1425 573 recuperatur-Magnum
1443 491 1551 554 tibi
1567 490 1639 554 ad
1668 508 1899 571 ea,qua3
1918 487 2111 568 cupis,

2213 486 2326 563 οίαι,
2389 490 2685 572 προσιυχαὶ
2757 488 3001 570 δάκρυον,
3048 512 3226 555 οικτος
3271 492 3378 547 τῶν
3424 490 3713 567 διαμένων,
3748 512 3859 567 με·

468 579 841 660 assequenda
861 588 919 643 et
934 581 1273 658 retinenda,
1289 580 1620 644 subsidium
1644 580 1955 643 attulerint
1976 577 2117 655 vigi-

2213 576 2430 643 εάδοσις.
2488 582 2652 641 Τοῦτό
2708 604 2791 638 σοι
2846 584 3076 660 γενάσθω
3106 581 3255 659 (47),
3289 582 3364 638 ὧν
3393 583 3725 662 τετύχηκας,
3758 581 3857 637 εῦ-

471 666 851 749 lire,jejunia,
874 670 1266 745 chameuniae,
1289 671 1609 746 orationes,
1629 670 1921 750 lacrymze,
1944 686 2115 729 com-

2213 669 2553 749 χαριστήριόν
2608 692 2667 728 τε
2696 669 2809 747 ἅμα
2838 672 2926 731 καὶ
2955 668 3335 751 φυλακτήριον.
3377 660 3582 752 ’Ἔχεις
3634 660 3858 729 πολλῶν

472 761 776 825 miseratio
802 782 942 844 erga
960 762 1652 845 pauperes,largitio.His
1670 763 1872 836 rebus,
1904 763 2115 842 partim

2213 757 2427 815 ἱντολῶν
2496 762 2811 837 ὑπόμνημα,
2902 762 3001 829 τὴν
3066 762 3389 840 εὒεργεσίαν·
3447 762 3523 837 μὴ
3578 759 3855 841 παραδράι-

472 869 580 932 pro
598 852 697 933 iis,
721 872 853 934 quae
876 854 1186 936 accepisti,
1214 854 1431 935 gratias
1454 872 1584 935 age,
1610 852 1825 935 pertim
1850 852 2023 914 etiam
2047 868 2117 911 ea

2213 870 2331 926 ιῃς.
2388 848 2559 927 Πένῃς
2621 849 2941 929 «pos-mlh;
2997 851 3263 936 μνήσθητι
3324 850 3658 930 πόσον
3708 871 3857 906 πτωο

474 929 642 1005 tuere
663 929 1009 1009 ac—custodi.
1027 929 1801 1025 'Habesbeneﬁci‘um'quod
1828 952 1884 1004 te
1908 942 2117 1003 multo-

2213 939 2401 1019 χεύων,
2437 940 2605 997 πόσον
2634 939 2994 1009 ἐπλούτησας.
3032 929 3241 1019 ’Ἄρτου
3274 929 3548 1017 δεόμενος,
3596 940 3632 1009 ἢ
3666 940 3855 1016 πόμα-

468 1053 600 1096 rum
624 1035 1034 1098 mandatorum
1059 1036 1443 1099 submoneat:
1472 1055 1549 1098 ne
1570 1034 1954 1115 contemptim
1980 1050 2117 1114 prae-

2213 1052 2315 1105 τος,
2390 1032 2623 1110 Λάζαρος
2653 1034 2788 1096 ἳσως
2819 1054 2901 1097 τις
2930 1030 3089 1097 ἄλλος
3118 1044 3236 1095 τοῖς
3269 1046 3389 1098 σοῖς
3437 1035 3643 1089 πυλῶσι
3687 1054 3859 1111 προσ-

469 1132 686 1187 tereas.
711 1123 948 1206 Pauper
972 1126 1232 1189 accessit
1252 1125 1283 1187 ?
1299 1125 1364 1188 In
1392 1132 1652 1189 mentem
1674 1124 1783 1187 tibi
1804 1126 2018 1197 veniat,
2046 1139 2117 1183 ex

2213 1118 2512 1199 ιῤῥιμμένος
2558 1142 2576 1194 ς
2630 1120 2906 1190 Αἶδᾶσθητι
2979 1121 3080 1189 τὴν
3147 1123 3411 1199 μυστικὴν
3470 1123 3757 1202 τράπεζαν,
3819 1124 3857 1197 ᾗ

469 1232 645 1295 quam
662 1216 821 1295 gravi
838 1224 1181 1298 paupertate
1199 1216 1274 1279 ad
1293 1228 1545 1298 quantas
1559 1215 1792 1278 divitias
1811 1221 2117 1295 provectus

2213 1210 2525 1287 προσῆλθις’
2602 1213 2693 1269 τὸν
2764 1212 2947 1291 ἄρτον,
2979 1219 3039 1269 οῦ
3085 1211 3433 1294 μετείληφας·
3482 1214 3543 1269 τὸ
3572 1214 3854 1290 ποτήριον,

468 1323 553 1367 es.
579 1302 737 1367 Pane
757 1322 993 1379 carens,
1019 1316 1119 1369 aut
1136 1315 1299 1389 potu,
1327 1318 1511 1387 atque
1535 1306 1713 1371 etiam
1737 1304 1985 1366 fortasse
2008 1302 2117 1364 La-

2213 1298 2268 1357 οὗ
2316 1302 2711 1371 κεκοινώνηκας
2741 1316 2859 1367 τοῖς
2888 1309 3110 1382 Χριστοῦ
3306 1304 3493 1359 «eam
3542 1302 3857 1391 τελειούμε-

468 1412 643 1457 zarus
666 1395 961 1477 quispiam
988 1396 1059 1458 ad
1088 1398 1301 1461 domus
1332 1405 1446 1459 tuae
1466 1398 1625 1459 fores
1656 1394 1996 1477 provolutus
2020 1393 2117 1456 39?

2213 1411 2317 1454 νος.
2394 1392 2566 1458 Ξένος
2596 1392 2947 1472 πρόσίπισεν,
2981 1392 3187 1473 ἄοικος,
3233 1391 3605 1472 παρεπίδημος
3642 1411 3659 1472 ;
3719 1401 3867 1448 Tito-

470 1485 704 1547 Moveat
758 1476 817 1546 te
864 1486 1109 1567 mystica
1155 1504 1384 1563 mensa,
1415 1486 1488 1548 ad
1538 1476 1715 1565 quam
1768 1484 2115 1560 accessisti;

2213 1476 2342 1567 5εξαι
2400 1480 2484 1538 διὰ
2562 1483 2749 1541 τοότου
2798 1484 2889 1540 τὸν
2951 1481 3036 1539 διὰ
3068 1482 3127 1540 σὲ
3160 1482 3547 1556 ξενιτεύσαντα,
3580 1484 3861 1539 καὶταῦτα

469 1574 640 1655 panis
668 1572 794 1650 ille,
827 1564 999 1656 cujus
1050 1578 1347 1657 particeps
1394 1564 1588 1639 factus
1639 1592 1704 1639 es
1735 1592 1751 1650 ;
1784 1573 1939 1636 calix
1992 1574 2114 1649 ille,

2213 1565 2258 1625 iv
2313 1584 2430 1636 τοῖς
2480 1570 2627 1638 ἰδίοις
2660 1571 2803 1650 (50),
2836 1573 2923 1630 καὶ
2957 1572 3333 1630 εἶσοικισθέντα
3379 1594 3463 1630 σοι
3494 1572 3579 1629 διὰ
3607 1577 3707 1640 τῆς
3740 1572 3861 1653 χά-

469 1682 650 1744 quem
669 1666 1122 1746 accepisti,cum
1140 1666 1359 1730 Christi
1382 1664 1757 1748 passionibus
1774 1664 2117 1737 initiareris.

2213 1683 2378 1741 ριτος,
2429 1664 2516 1719 καὶ
2600 1664 2728 1742 πρὸς
2761 1663 2858 1731 την
2890 1662 3000 1720 ἂνω
3027 1663 3301 1721 κατοικίαν
3332 1661 3645 1721 ἑλκύσαντα.
3699 1669 3861 1718 Faveo

468 1751 830 1833 Peregrinus
859 1754 932 1816 ad
965 1773 1158 1835 genua
1188 1764 1286 1818 tua
1317 1754 1656 1837 procubuit,
1678 1756 1853 1817 domo
1886 1773 2117 1839 carens,

2213 1760 2511 1833 Ζακχαῖος,
2548 1754 2577 1809 ὁ
2606 1753 2735 1833 χθὲς
2768 1751 3027 1832 τελώνης,
3058 1754 3145 1809 καὶ
3175 1754 3409 1831 σήμερον
3441 1751 3853 1833 μεγαλόψυχος

470 1841 872 1906 advena?Per
893 1844 1050 1907 hunc
1075 1862 1211 1907 eum
1233 1846 1465 1926 excipe,
1490 1846 1589 1927 qui
1609 1852 1852 1926 propter
1872 1854 1927 1906 te
1950 1864 2117 1925 pere-

2213 1845 2383 1901 πςίντα
2438 1850 2507 1920 τῇ
2580 1841 2764 1918 εἰσόδῳ
2818 1851 2906 1900 τοῦ
2964 1841 3089 1923 (51)
3156 1850 3381 1921 Χριστοῦ
3414 1844 3859 1924 καρποφόρησον,

468 1930 734 2026 grinatus
758 1941 871 2026 est,
891 1933 1072 2026 idque
1094 1935 1155 1996 in
1184 1935 1469 2017 propriis,
1496 1935 1719 2017 quique
1745 1953 1853 2016 per
1876 1940 2117 2015 gratiam

2213 1933 2299 1989 ἵνα
2358 1932 2525 2012 μέγας
2598 1932 2717 2013 (52)
2751 1933 3048 2014 ἀναφανῇς.
3080 1935 3177 1988 κὰν
3208 1934 3396 2026 μικρὸς
3441 1931 3507 2009 ᾔς
3536 1932 3865 2026 σωμα-

472 2022 545 2087 ad
567 2032 623 2085 te
644 2024 1026 2104 immigravit,
1043 2033 1221 2107 teque
1243 2026 1313 2088 ad
1341 2026 1586 2090 caeleste
1606 2027 1973 2090 domicilium
2000 2046 2117 2108 per.

2213 2023 2365 2091 τικὴν
2419 2022 2650 2098 ἡλικὶαν,
2685 2024 2863 2088 καλῶς
2899 2024 3128 2103 Χριστὸν
3157 2024 3507 2097 θεασὰμενος.
3539 2020 3862 2102 ’Ὰῤῥωστος

471 2113 674 2177 traxit.
701 2113 1010 2180 Zachaaum
1033 2116 1270 2179 imitare
1291 2116 1565 2195 “,illum,
1594 2117 1864 2199 inquam,
1880 2118 2007 2181 heri
2028 2138 2117 2199 pu-

2213 2115 2457 2195 πρόκειαι
2553 2116 2640 2172 καὶ
2695 2116 3019 2196 τραυματὶας
3049 2135 3065 2196 ς
3110 2114 3207 2181 τὴν
3240 2115 3341 2182 σὴν
3382 2114 3581 2193 ὑγίειαν
3610 2110 3740 2192 (53)
3772 2116 3865 2171 αἰ-

470 2203 805 2286 blicanum,
840 2206 1019 2268 hodie
1080 2206 1509 2287 magniﬁcum:
1564 2207 1874 2271 facultates
1922 2223 2117 2271 omnes

2214 2204 2451 2287 δέσθητι,
2510 2207 2597 2263 καὶ
2665 2206 2729 2264 τὰ
2784 2206 3078 2286 τραύματα,
3141 2204 3215 2261 ὤν
3280 2226 3338 2261 σε
3370 2205 3591 2283 Χριστὸς
3636 2201 3858 2272 ἠλευθὲ-

481 2301 612 2355 tuas
644 2294 1003 2374 ingredienti
1047 2295 1283 2360 Christo
1332 2298 1481 2360 offer
1526 2306 1616 2371 ut,
1650 2298 1787 2360 licet
1836 2293 2117 2379 corporali

2214 2319 2403 2378 ρωσεν,
2466 2296 2591 2355 Ἐὰν
2660 2294 2783 2373 ἴδῃς
2836 2296 3057 2377 γυμνὸν,
3107 2292 3378 2373 περίϐαλε,
3440 2296 3501 2351 τὸ
3551 2296 3643 2351 σὸν
3683 2302 3853 2370 τιμῶν

469 2390 696 2447 statura
727 2384 1005 2467 pusillus,
1037 2386 1237 2448 animo
1271 2396 1471 2451 tamen
1504 2387 1797 2464 eveharis,
1830 2388 2117 2451 Christum

2213 2384 2405 2464 Ενδυμα
2456 2392 2556 2454 τῆς
2616 2386 2925 2467 ἀφθαρσίας·
2986 2386 3210 2464 Χριστὸς
3243 2383 3297 2439 δὲ
3335 2383 3463 2463 (54)
3492 2383 3648 2441 τοῦτό
3687 2385 3854 2439 ἐστινο

470 2472 707 2553 egregie
738 2474 1133 2555 conspicatus.
1160 2474 1445 2556 IEgI'otus
1479 2484 1725 2558 prostat,
1748 2496 1817 2539 ac
1849 2478 2117 2540 saucius?

2213 2474 2430 2545 Ἐπειδὴ
2484 2476 2598 2534 ὅσοι
2696 2479 2770 2539 εἱς
2829 2475 3054 2553 Χριστὸν
3130 2472 3546 2550 ἐϐαπτίσθημεν,
3636 2476 3861 2552 Χριστὸν

465 2562 694 2626 Moveat
726 2568 789 2626 te
820 2565 1045 2627 sanitas
1075 2572 1201 2641 tua,
1229 2574 1287 2629 et
1314 2566 1583 2642 vulnera,
1612 2567 1828 2646 quibus
1860 2576 1916 2628 te
1949 2567 2117 2631 Chri-

2213 2566 2538 2644 ἒνδεδύμεθα.
2612 2566 2737 2624 Ἐὰν
2766 2564 3167 2647 χρεωφειλέτην
3210 2561 3383 2642 λάϐῃς
3428 2564 3859 2644 προσπίπτοντα,

467 2659 593 2714 stus
608 2650 905 2716 liberavit.
924 2652 1001 2717 Si
1015 2655 1251 2718 videris
1270 2656 1711 2737 nudum,operi
1722 2674 1859 2718 eum
1874 2654 1948 2731 ³⁸,
1959 2665 2117 2719 tuum

2213 2665 2379 2716 πᾶσαν
2431 2658 2737 2738 συγγραφὴν
2800 2654 2978 2712 ἄδικον
3005 2660 3093 2712 και
3129 2653 3253 2735 (55)
3297 2652 3505 2712 δικαίαν
3534 2652 3856 2716 διάσπασον.

465 2741 935 2823 incorruptionis
993 2742 1435 2821 indumentum,
1468 2746 1584 2808 hoc
1644 2754 1733 2808 est
1795 2745 2116 2828 Christum,

2213 2748 2481 2819 Μνήσθητι
2528 2754 2633 2805 τῶν
2692 2747 2889 2827 μυρίων
2932 2744 3231 2819 ταλάντων,
3315 2746 3391 2801 ὦν
3461 2767 3543 2802 σοι
3632 2747 3859 2824 Χριστος

462 2833 695 2895 honore
711 2832 1594 2915 prosequenszQuotquotenim
1608 2836 1675 2898 in
1696 2836 2003 2900 Christum
2024 2839 2117 2901 ba-

2213 2839 2516 2919 ἐχαρίσατο.
2574 2838 2663 2906 Μὴ
2713 2836 2842 2916 γένῃ
2915 2836 3167 2913 πράκτωρ
3228 2838 3414 2915 πικρὸς
3443 2843 3535 2893 τοῦ
3566 2833 3853 2899 ἐλάττονος

460 2923 687 3003 pts'zati
704 2923 1257 2996 sumus,Christum
1278 2925 1590 2989 induimus
1607 2925 1684 2990 ³⁵.
1701 2925 1764 2990 Si
1786 2927 2117 2991 debitorem

2213 2930 2421 3011 χρέους.
2493 2927 2589 2988 Καὶ
2684 2933 2848 2985 ταῦτα
2902 2928 3058 3003 τίσις
3113 2934 3241 2989 Τοτς
3301 2924 3634 3002 ὁμοδούλοις,
3701 2927 3729 2981 ὁ
3793 2927 3858 2982 τὸ

465 3018 673 3073 nactus
699 3011 805 3093 sis,
828 3012 905 3074 ad
930 3012 1113 3094 pedes
1138 3022 1271 3076 tuos
1291 3033 1426 3077 sese
1447 3016 1857 3096 abjicientem,
1882 3037 2117 3099 syngra-

2213 3018 2364 3077 πλέον
2417 3016 2547 3097 (56)
2579 3018 2721 3097 παρὰ
2748 3038 2841 3074 του
2875 3015 3146 3073 Δεσπότου
3190 3017 3583 3096 συγχωρηθεὶς,
3631 3015 3709 3091 μὴ
3758 3018 3858 3071 καὶ

464 3101 645 3183 pham
696 3120 961 3177 omnem,
999 3111 1113 3164 tam
1156 3106 1406 3185 justam,
1440 3122 1626 3187 quam
1680 3107 1983 3186 injustam,
2016 3127 2117 3172 re-

2213 3116 2304 3179 τῆς
2360 3109 2559 3166 ἰκείνου
2645 3106 3034 3187 φιλανθρωπίας
3089 3107 3338 3187 ὑπόσχῃς
3394 3104 3570 3181 δίκην,
3633 3106 3700 3174 ἢν
3762 3109 3859 3164 οῦκ

466 3189 677 3280 scinde
702 3189 777 3255 ³8.
812 3190 1035 3254 Decem
1087 3192 1187 3257 illa
1239 3195 1599 3259 talentorum
1634 3197 1838 3273 millia,
1865 3217 1999 3280 quae
2020 3199 2117 3263 tibi

2213 3200 2464 3277 ἰμιμήσω
2492 3195 2667 3255 λαϐὼν
2696 3194 3013 3274 ὒπόδειγμα.

465 3278 733 3343 Christus
766 3281 1021 3363 remisit,
1045 3282 1107 3345 in
1132 3285 1481 3348 memoriam
1516 3304 1751 3351 revoca.
1784 3278 1921 3351 Noli
1950 3296 2006 3352 te
2031 3290 2319 3354 acerbum
2353 3285 2604 3350 minoris
2626 3284 2811 3349 debiti
2834 3291 3170 3347 exactorem
3197 3282 3493 3367 praebere,
3520 3292 3581 3348 et
3610 3284 3861 3367 quidem

464 3369 793 3453 conservis,
816 3389 954 3433 cum
986 3371 1149 3436 tibia
1176 3373 1429 3437 Domino
1464 3379 1654 3456 major
1685 3395 1917 3439 summa
1956 3380 2288 3443 condonata
2317 3377 2416 3454 sit,
2451 3395 2528 3439 ne
2555 3373 2941 3440 humanitatis
2970 3390 3211 3457 quoque
3241 3374 3423 3457 illius,
3449 3393 3626 3457 quam
3659 3373 3765 3437 tibi
3794 3375 3863 3437 in

464 3459 799 3553 exemplum
837 3462 1197 3553 propositam
1229 3464 1693 3548 haudquaquam
1721 3466 1985 3529 imitatus
2009 3487 2097 3547 es,
2132 3488 2325 3553 paena:
2344 3486 2379 3531 a
2408 3475 2467 3530 te
2496 3472 2872 3548 expetantur.

545 3548 776 3614 XXXII.
811 3549 909 3613 Sic
939 3559 997 3613 te
1028 3571 1332 3636 compara,
1366 3564 1430 3617 ut
1462 3556 1758 3619 lavacrum
1791 3575 1910 3618 non
1943 3559 2120 3621 modo

469 3657 711 3721 corpus,
746 3639 854 3703 sed
886 3641 1205 3721 imaginem
1237 3663 1480 3726 quoque
1508 3645 1711 3709 abluat
1743 3663 1757 3708 :
1792 3665 1911 3709 non
1944 3649 2121 3712 modo

469 3736 710 3811 peccata
736 3731 1031 3808 eluat,sed
1057 3750 1258 3796 mores
1280 3736 1456 3801 etiam
1482 3734 1916 3799 emendetznon
1943 3739 2120 3802 modo

468 3818 748 3910 pristinas
770 3818 903 3883 vitm
924 3821 1138 3887 sordes
1157 3822 1482 3905 abstergat,
1505 3842 1711 3888 verum
1736 3824 1959 3889 fontem
1980 3848 2097 3910 quo

466 3927 584 3991 que
613 3908 809 3991 ipsum
860 3919 1194 3991 expurget:
1253 3931 1374 3975 non
1424 3914 1540 3976 hoc
1589 3916 1726 3976 717
1778 3908 2015 3979 tantum
2058 3920 2120 3984 in

466 3998 669 4062 animo
693 3999 798 4062 tibi
814 3999 1214 4082 insculpat,ut
1231 4000 1390 4064 bona
1414 4003 1666 4067 honeste
1690 4006 1994 4086 acquiras;
2014 4010 2121 4072 sed

465 4096 533 4151 ut
551 4087 729 4151 etiam
753 4088 909 4152 bene
930 4097 1098 4171 parta
1124 4091 1382 4175 amittas,
1405 4101 1529 4168 aut,
1556 4094 1719 4171 quod
1749 4094 2120 4162 levissimum

467 4185 582 4266 est,
610 4177 765 4240 male
791 4186 956 4259 parta
981 4182 1274 4262 deponas.
1298 4182 1453 4257 Quid
1486 4182 1647 4244 enim
1673 4182 1776 4245 tibi
1801 4185 2117 4266 profuerit,

464 4265 549 4357 ita
575 4266 800 4357 peccati
830 4268 1062 4330 veniam
1095 4269 1474 4353 impetrasse,
1510 4278 1576 4333 ut
1607 4265 1814 4336 tamen,
1833 4274 1911 4351 ei,
1941 4294 2119 4357 quem

464 4356 712 4439 laeseris,
748 4357 1031 4422 damnum
1063 4378 1183 4423 non
1215 4361 1549 4440 sarciatur;
1587 4380 1721 4425 cum
1774 4371 1835 4425 tu
1894 4356 2119 4446 duplici

465 4447 695 4511 scelere
716 4449 1077 4513 constrictus
1100 4452 1387 4535 tenearis,
1410 4451 1620 4526 altero,
1651 4452 1791 4534 quia
1812 4453 2118 4519 sceleratis

461 4537 690 4600 artibus
718 4538 1024 4603 facultates
1054 4549 1187 4603 tuas
1216 4542 1455 4618 auxisti,
1490 4540 1704 4624 altero,
1739 4543 1881 4625 quia
1919 4554 2117 4625 partas

2286 3557 2413 3623 Διΐ,
2448 3558 2682 3615 Γενέσθω
2710 3577 2793 3613 σοι
2837 3555 2899 3612 τὸ
2930 3553 3169 3635 λουτρὸν,
3206 3556 3285 3632 μὴ
3324 3558 3417 3614 τοῦ
3448 3554 3699 3632 σώματος
3745 3556 3861 3632 μό-

2204 3674 2290 3709 νον
2352 3649 2504 3731 (57),
2556 3645 2694 3705 ἀλλὰ
2762 3647 2851 3704 καὶ
2880 3645 2977 3714 τῆς
3006 3646 3229 3711 εἰκόνοςο
3266 3647 3343 3721 μὴ
3374 3653 3482 3703 τῶν
3529 3647 3864 3727 ἁμαρτημά-

2203 3762 2309 3798 των
2371 3738 2621 3803 ἕκπλυσις
2819 3743 3003 3813 μόνον,
3036 3734 3175 3792 ἀλλὰ
3201 3736 3289 3793 καὶ
3326 3735 3420 3793 τοῦ
3462 3737 3658 3814 τρόπου
3706 3732 3864 3814 διόρ-

2202 3834 2385 3895 θωσις⁶
2449 3828 2529 3904 μὴ
2559 3828 2649 3884 τὸν
2692 3822 3027 3904 προλαϐόντα
3058 3823 3188 3905 (59)
3219 3823 3474 3905 βόρϐορον
3506 3824 3863 3897 ἆποκλυζέτω

2202 3920 2389 3995 μόνον,
2464 3914 2601 3973 ἀλλὰ
2658 3915 2745 3972 καὶ
2786 3914 2881 3983 τὴν
2914 3914 3096 3993 πηγὴν
3122 3915 3439 3995 καθαιρέτω·
3471 3915 3548 3991 μὴ
3578 3920 3639 3971 τὸ
3680 3914 3865 3979 καλῶς

2199 4012 2419 4066 κτᾶσθαι
2486 4007 2732 4066 τυπούτω
2791 4005 2976 4083 μόνον,
3010 4002 3149 4059 ἀλλὰ
3177 4006 3267 4061 καὶ
3309 4006 3371 4061 τὸ
3404 4002 3585 4068 καλως
3616 4004 3869 4061 ἀποκτᾶ-

2200 4102 2341 4173 σθαι,
2391 4097 2453 4169 ἢ,
2507 4096 2570 4153 τό
2599 4117 2661 4173 γε
2692 4092 3042 4175 κουφότατον,
3089 4095 3151 4149 τὸ
3180 4099 3363 4160 κακῶς
3388 4094 3580 4161 κτηθὶν
3610 4095 3865 4151 ἀποτίθε-

2202 4191 2342 4251 σθαι,
2400 4184 2613 4265 Τίιίγὰρ
2643 4182 2831 4264 ὄφελος
2862 4185 2944 4241 σοὶ
2973 4184 3073 4259 μὲν
3104 4187 3521 4264 συγχωρηθῆναι
3551 4184 3652 4252 τὴν
3679 4183 3867 4264 ἆμαρ-

2200 4278 2338 4351 τίαν,
2399 4282 2477 4351 τῷ
2524 4274 2578 4332 δὲ
2602 4273 2916 4349 ἠδικημένῳ
2959 4275 3039 4348 μὴ
3070 4271 3290 4340 λυθῆναι
3320 4274 3422 4341 τὴν
3453 4274 3594 4353 παρὰ
3623 4279 3717 4330 σοῦ
3756 4280 3867 4345 ζη-

2201 4370 2350 4443 μίαν·
2424 4365 2514 4425 δύο
2573 4388 2654 4424 σοι
2714 4370 2894 4422 κακῶν
2953 4363 3144 4438 ὄντων,
3217 4371 3311 4422 τοῦ
3353 4386 3411 4422 τε
3445 4366 3686 4435 κτήσασθ
3713 4387 3746 4419 .ι
3778 4372 3865 4441 μὴ

2199 4454 2445 4537 δικαίως,
2493 4456 2581 4513 καὶ
2610 4462 2703 4513 τοῦ
2731 4456 2793 4512 τὸ
2826 4454 3017 4522 κτηθὲν
3047 4452 3171 4533 (60)
3201 4452 3523 4535 κατέχεσθαι
3559 4473 3576 4535 ς
3611 4460 3713 4512 Τοῦ
3764 4455 3866 4530 μὲν

2200 4543 2383 4628 ἄφεσιν
2441 4545 2654 4621 ἔλαϐες,
2709 4546 2769 4602 τ’)
2829 4543 2885 4601 δὲ
2931 4545 3166 4625 σήμερον
3195 4543 3425 4607 ἀδικεῖς.
3456 4546 3700 4623 Σήμερον
3748 4544 3860 4624 γάρ

543 4644 598 4689 ³⁸
627 4649 774 4711 Luc.
808 4663 931 4726 ιη,
965 4648 1046 4712 20
1077 4667 1211 4731 sqq.
1298 4648 1352 4693 ³³
1382 4651 1526 4713 Luc.
1558 4665 1680 4731 xxx,
1714 4650 1752 4711 2
1784 4668 1917 4733 sqq.
2004 4651 2204 4719 1"Isa.
2232 4669 2393 4738 LVIII,
2414 4655 2477 4719 7.
2563 4654 2618 4699 ³⁸
2642 4652 2836 4719 Galat.
2858 4654 3073 4735 "1,27.
3159 4648 3216 4695 ³⁸
3241 4650 3450 4717 Matth.
3482 4666 3646 4729 xviii,
3676 4648 3776 4717 26.

547 4756 647 4830 (47
704 4757 961 4821 Γενέσθω.
996 4754 1180 4836 Regg.
1214 4755 1316 4820 bm
1350 4762 1414 4821 et
1455 4757 1561 4838 ph,
1630 4759 1838 4823 ινὲσθω.

548 4755 674 4918 (48)
710 4838 905 4901 [Ιόοον.
937 4837 1118 4901 Coisl.
1179 4840 1238 4915 1,
1288 4838 1491 4901 πόσων.
1564 4783 1695 4901 ιῖοχ
1753 4838 1838 4902 eti;

548 4834 674 4917 (48)
710 4838 905 4901 [Ιόοον.
937 4834 1148 4901 Coisl.—
1179 4840 1238 4915 1,
1288 4834 1491 4901 πόσων.

465 4939 575 4975 σων
582 4966 597 4981 ,

547 4998 665 5081 (49)
700 4997 838 5066 Τοῖς
868 5008 1117 5081 Χριστοῦ.
1151 4998 1257 5081 δίο
1282 4998 1547 5081 quinque
1587 5002 1824 5081 gRegg"

463 5162 509 5218 ei
538 5160 704 5229 ξένος.

1622 4857 1695 4901 ox
1753 4838 1957 4916 etiam,
2018 4843 2124 4899 πό-

1876 5010 1991 5087 e_tc.
2049 5001 2125 5087 _In
2208 5001 2689 5087 dunt,’éxnlumc.
2725 5030 2756 5087 ε

464 5078 591 5167 ed.,
623 5078 717 5140 τοῦ
748 5078 1002 5162 Χριστοῦ.
1035 5079 1189 5158 Mox,
1238 5078 1404 5146 ξένος.
1439 5078 1540 5142 Sic
1572 5078 1761 5144 Coisl.
1789 5082 1847 5146 2.
1894 5082 1961 5144 In
1994 5083 2123 5167 ed.,

2317 4761 2417 4843 55)
2456 4765 2573 4824 Καί.
2606 4762 2751 4843 Reg.
2786 4760 2909 4843 bm,
2940 4763 2999 4831 ἣ.
3035 4762 3185 4843 Reg.
3216 4759 3325 4843 ph,
3361 4759 3396 4830 ἢ
3440 4761 3551 4823 καὶ.

2448 4842 2640 4908 Πλέον.
2671 4840 2857 4924 Hegg.
2890 4842 2953 4924 b,
2987 4860 3045 4918 ο,
3074 4840 3147 4924 d,
3174 4840 3390 4924 πλεῖον.

2314 4919 2416 5002 57)
2451 4926 2644 5005 Μόνον.
2679 4919 2830 4987 Τι’Ξὲ
2859 4919 3075 5005 Regg.,
3108 4921 3287 5005 Coisl.
3334 4923 3356 4985 1
3396 4928 3457 4984 et
3499 4919 3707 5005 Gomb.
3760 4922 3869 5005 ad-

2789 5006 2926 5086 Non
2953 5000 3227 5086 corporis
3248 5008 3479 5067 tantum
3509 5000 3735 5065 ablutio
3761 5002 3865 5086 sit,

2205 5085 2315 5149 sed
2346 5083 2589 5168 animai,
2628 5110 2652 5146 ι
2688 5086 2816 5149 sive
2852 5110 2873 5143 ε
2904 5083 3220 5168 imaginis.
3238 5108 3288 5168 _n

2292 5168 2412 5248 (58)
2441 5158 2871 5247 Ἀμοίρτημάτων
2902 5158 3176 5248 ἕκπλῦσις,
3236 5162 3387 5228 Tres
3402 5165 3631 5248 ἣξει,
3678 5162 3866 5229 Coisl.

541 5241 790 5329 (δίῃ-Ἕκ
818 5256 938 5329 τοῖς
968 5241 1140 5329 ἰδίοις.
1181 5264 1206 5301 α
1241 5240 1308 5329 In
1338 5241 1622 5329 propriis.
1664 5265 1687 5298 ι
1746 5238 1846 5305 Sic
1898 5240 2117 5323 Vulga.

2213 5250 2240 5313 1
2276 5234 2335 5311 ἐι
2366 5234 3091 5329 (Ῐοῐῐίδέΐηῖᾶμαρτημάτων
3113 5234 3284 5323 λῦσις,
3320 5268 3343 5303 ι
3382 5234 3737 5308 ἀθιίῐῑοὶυω
3768 5262 3869 5307 SO-

462 5325 541 5384 ta.
576 5323 807 5407 Billius;
848 5348 877 5381 ι
910 5324 975 5385 in
1004 5325 1128 5407 suis
1157 5322 1529 5407 regionibus.
1560 5347 1589 5380 ι

545 5405 670 5559 (51)
887 5408 1069 5498 Deest
1095 5406 1158 5468 in
1187 5403 1452 5498 quinque
1480 5403 1668 5484 Regg.

570 5484 670 5555 52)
698 5488 1005 5559 Μεγαςοδιῦ
1039 5487 1241 5559 plures
1270 5496 1511 5559 optimae
1535 5494 1690 5548 nota:
1709 5482 1958 5548 coden
1992 5486 2062 5548 ed

514 5561 523 5579 ν
545 5505 670 5559 (DZ)
698 5505 1005 5567 Μεγας.διο
1038 5505 1241 5568 plures
1270 5505 1511 5570 optimm
1535 5505 1690 5548 noue
1709 5505 1958 5548 οοαιωη
1992 5505 2117 5568 80.,

458 5581 665 5811 μῖέθ)
693 5640 959 5729 Ὑγίειαν.
987 5649 1140 5728 Reg.
1175 5647 1302 5723 bm,
1337 5650 1540 5792 ὺῆείαν.

564 5728 662 5807 54)
701 5729 793 5790 Δί.
826 5726 1012 5792 Deest
1038 5729 1101 5791 in
1130 5727 1327 5791 tribue
1417 5745 1528 5807 θαι

564 5726 662 5807 54)
701 5726 793 5790 Δί’.
826 5726 1012 5792 Deest
1038 5726 1106 5791 in
1130 5727 1327 5791 tribue
1364 5726 1555 5807 Re“.

2211 5330 2819 5491 Ιυ(ἒ›οέ)›Προλαϐόντα.
2852 5408 3119 5491 Quatuor
3169 5406 3380 5491 Regg..
3444 5426 3654 5471 novem
3718 5408 3871 5491 Col-

2202 5488 2533 5572 oert.,'duo
2554 5490 2733 5556 Coisl.
2763 5498 2823 5554 et
2849 5488 2952 5555 Or.
2980 5491 3045 5565 1,
3094 5489 3468 5571 προελθοντα.,
3531 5490 3869 5572 praeteritas

2205 5571 2513 5751 ῗέίὲίῗῗτέ
2540 5656 2757 5751 {cruos}.
2786 5651 2888 5751 Sic
2908 5650 3185 5751 plerique
3213 5647 3465 5716 coden
3497 5649 3870 5731 quibusdam

2203 5739 2426 5812 tamen,
2459 5740 2518 5797 et
2550 5734 2615 5799 in
2640 5734 2739 5799 ed.
2748 5781 2770 5813 ,
2799 5736 2868 5795 τὰ
2896 5734 3186 5805 κτηθέντα.
