4150 6390
283 326 397 392 409

1216 327 1496 390 ORATIO
1540 326 1668 389 XL.
1715 359 1792 371 ——
1838 324 1922 387 IN
1968 323 2330 389 SANCTUM
2379 324 2783 391 BAPTISMA.

3562 324 3680 391 410

357 461 492 527 AE’.
525 463 817 535 Γενήσεται
862 459 919 519 δὲ
948 467 1067 527 πῶς
1102 480 1119 543 ;
1156 460 1269 520 ’Λεὶ
1297 465 1397 529 τῆς
1443 457 1969 541 παραϐολῆςέκεί-Λ

2096 453 2325 521 XXXV.
2349 457 2664 532 Quomodo
2686 466 2886 523 autem
2912 459 2973 523 id
2998 460 3348 543 assequeris
3366 460 3398 522 ?
3420 463 3539 524 Fac
3568 459 3677 531 tibi

278 575 376 620 νης
430 551 703 633 μέμνησο,
764 552 855 611 καὶ
912 552 1121 628 σεαυτῷ
1174 551 1459 630 βοηθήσεις
1521 548 1712 630 ἄριστά
1746 572 1804 609 τε
1848 549 1937 607 καὶ

2027 546 2305 629 parabola
2324 548 2426 613 illa
2449 568 2688 632 semper
2709 550 2981 613 inanimo
3005 553 3314 633 haereat,et
3336 549 3680 631 tibioptime

282 642 603 707 τελεώτατα,
685 639 935 712 Ἐξῆλθεν
1018 642 1125 701 ἀπὸ
1201 649 1293 700 σοῦ
1362 643 1425 699 τὸ
1502 641 1794 723 ἀκάθαρτον
1849 640 1940 698 καὶ

2027 657 2087 700 ac
2109 640 2600 719 praestantissime
2621 640 3019 706 consulueris.
3051 640 3328 704 Excessit
3347 659 3380 703 a
3403 649 3458 703 te
3479 640 3681 722 impu-

283 732 461 791 ὖλικὸν
512 739 744 809 πνεῦμα,
809 731 1044 815 διωχθὲν
1106 738 1182 806 τῷ
1253 732 1602 811 βαπτίσματι.
1665 734 1739 791 Οὒ
1795 730 1940 813 φέρει

2027 745 2125 789 rus
2155 736 2214 790 et
2247 747 2482 791 crassus
2511 730 2777 811 spiritus,
2806 748 2915 813 per
2954 730 3324 814 baptismum
3358 731 3585 811 ejectus
3614 747 3684 792 ac

285 826 373 881 τὸν
432 821 671 903 διωγμόν
693 838 710 856 ⁸
761 824 820 881 οὖ
871 820 1091 904 δέχεται
1122 820 1250 904 (82)
1280 818 1459 880 ἄοικον
1511 821 1655 880 εἶναι
1701 822 1789 879 καὶ
1842 821 1943 878 ἀν-

290 914 481 975 έστιον.
541 913 825 994 Πορεύεται
905 911 973 969 δι’
1061 911 1293 994 ἀνύδρων
1356 911 1560 992 τόπων,
1623 912 1712 970 καὶ
1770 910 1942 991 ξηρῶν

288 1004 426 1070 θείας
454 1003 711 1084 ἐπιρῤοῆς
747 1024 763 1041 ·
797 1004 915 1063 ἐκεῖ
945 1003 1330 1086 φιλοχωρῆσαι
1354 1001 1628 1080 βούλεται²
1676 1000 1943 1060 πλανᾶται

288 1095 479 1169 ζητοῦν
550 1095 870 1169 ἀνάπαυσιν,
947 1100 1052 1177 οὐχ
1133 1094 1358 1176 εὖρίσκει
1392 1109 1408 1124 ⁸
1499 1091 1943 1170 βεϐαπτισμέναις

293 1186 605 1266 ἐντυγχάνει
657 1190 895 1266 ψυχαῖς,
958 1188 1032 1243 ὧν
1076 1184 1177 1253 τὴν
1230 1185 1420 1241 κακίαν
1478 1184 1539 1240 τὸ
1582 1182 1802 1263 λουτρὸν
1853 1180 1943 1249 ἒξ-

291 1274 505 1333 έκλυσεν
543 1293 556 1307 ⁸
591 1273 838 1356 φοϐεῖται
868 1276 928 1334 τὸ
956 1273 1094 1355 ὕδωρ
1127 1290 1142 1307 ⁸
1177 1273 1493 1353 έμπνίγεται
1550 1278 1619 1350 τῇ
1669 1271 1942 1353 καθάρσει,

296 1365 528 1443 καθάπερ
588 1367 617 1423 ὁ
688 1365 901 1444 Λεγεὼν
959 1366 1028 1442 τῇ
1078 1362 1342 1441 θαλάσσῃ.
1407 1360 1576 1419 Πάλιν
1632 1359 1946 1442 ὑποστρέφει

291 1457 421 1535 πρὸς
482 1456 576 1513 τὸν
622 1452 749 1535 (83)
783 1455 961 1532 οἷκον,
995 1453 1112 1514 ὅθεν
1156 1452 1529 1534 ανεχώρησεν.
1563 1450 1949 1533 Ἀναίσχυντόν

284 1546 411 1627 ἐστι,
477 1544 785 1626 φιλόνεικόν
842 1544 980 1625 έστι,
1042 1542 1370 1624 προσϐανλλει
1442 1540 1631 1622 πάλιν,
1705 1546 1949 1620 πειρᾶται

282 1634 461 1698 πάλιν.
522 1636 645 1694 Ἐὰν
735 1636 839 1712 μὲν
920 1633 1045 1715 εὕρῃ
1127 1634 1353 1711 Χριστὸν
1411 1632 1791 1710 ἔσοικισθέντα,
1862 1627 1951 1689 καὶ

2025 818 2394 899 proﬂigatus.
2429 818 2835 902 Disrumpitur
2866 839 2930 882 se
2966 821 3025 883 in
3060 821 3257 900 fugam
3296 820 3681 901 conjectum;

2026 926 2147 971 non
2180 910 2398 989 patitur
2428 928 2493 973 se
2524 911 2699 973 domo
2734 918 2794 974 et
2823 922 2980 974 tecto
3014 926 3222 974 carere
3248 932 3262 991 ;
3293 910 3554 973 ambulat
3577 928 3685 990 per

2026 997 2157 1069 loca
2174 998 2812 1083 inaquosa,divinoque
2830 1021 2968 1065 rore
2990 1002 3242 1064 minime
3270 1001 3543 1083 perfusa;
3562 999 3685 1062 illic

2025 1089 2384 1151 commorari
2411 1091 2585 1170 gestit
2610 1109 2625 1167 ;
2650 1102 2909 1170 vagatur,
2936 1110 3212 1175 quaerens
3241 1093 3537 1172 requiem,
3564 1108 3682 1152 non

2025 1178 2372 1263 invenit“;
2406 1181 2637 1245 animas
2668 1182 2961 1263 baptismo
2996 1183 3379 1263 consignatas
3410 1180 3682 1254 oll'endit,

2028 1287 2276 1351 quarum
2302 1272 2437 1335 vitia
2461 1273 2687 1336 lotione
2709 1274 2922 1338 obruta
2942 1283 3080 1337 sunt
3102 1296 3118 1351 ;
3137 1292 3347 1355 aquam
3367 1273 3681 1353 perhorre-

2030 1360 2186 1437 scit;
2220 1362 2482 1424 lustricis
2515 1364 2720 1441 undis,
2747 1384 2863 1426 non
2898 1384 3075 1427 secus
3103 1384 3172 1427 ac
3204 1363 3383 1443 Legio
3415 1361 3681 1431 marinis,

2029 1450 2354 1515 suffocatur
2373 1453 2448 1519 ⁵⁵.
2475 1455 2724 1534 Rursus,
2755 1455 2811 1517 in
2841 1455 3112 1536 domum,
3138 1474 3171 1518 e
3192 1472 3309 1535 qua
3328 1458 3685 1532 recesserat,

2028 1542 2377 1608 revertitur.
2413 1543 2736 1625 [mpudens
2767 1553 2879 1625 est,
2908 1545 3180 1626 pervicax
3214 1552 3327 1621 est,
3347 1560 3554 1605 rursus
3578 1540 3689 1603 im-

2034 1638 2234 1711 petum
2262 1632 2427 1708 facit,
2450 1652 2660 1696 rursus
2682 1643 2888 1697 tentat.
2915 1636 3000 1699 Ac
3032 1635 3083 1697 si
3114 1634 3357 1716 quidem
3389 1631 3685 1695 Christum

281 1725 640 1806 πληρώσαντα
702 1726 803 1793 τὴν
861 1726 1050 1807 χώραν
1122 1723 1192 1794 ἢν
1248 1723 1404 1790 αὒτὸς
1460 1722 1720 1781 ἐκένωσεν
1750 1742 1772 1765 ο
1840 1722 1949 1779 ἀπ-

2036 1721 2094 1782 in
2126 1739 2198 1783 ea
2226 1720 2660 1786 inhabitantem
2695 1724 3015 1802 invenerit,
3046 1735 3103 1788 et
3135 1725 3331 1787 lacum
3370 1741 3550 1804 quem
3581 1740 3685 1783 va-

286 1816 543 1896 εκρούσθη
603 1813 791 1890 πάλιν,
874 1813 1113 1882 ἀπῆλθεν
1173 1812 1468 1893 ἄπρακτον,
1529 1811 1758 1870 ἒλεεινὸν
1820 1811 1946 1893 (84)

285 1907 498 1986 ἐγένετο
555 1911 656 1978 τῆς
715 1904 1181 1985 περιπλανήσεως.
1244 1901 1371 1962 Ἐὰν
1442 1902 1498 1961 δὲ
1573 1902 1949 1983 σεσαρωμένον

284 2000 368 2056 καὶ
410 1995 828 2074 κεκοσμημένον
885 1997 976 2053 τὸν
1011 1995 1068 2053 ἐν
1120 1994 1203 2052 σοὶ
1262 1994 1428 2051 τόπον
1480 1994 1629 2073 ὥρῃ,
1685 1994 1838 2050 κενὸν
1862 1993 1951 2050 καὶ

282 2087 574 2167 ἄπρακτον,
638 2086 856 2164 ἕτοιμον
913 2085 1105 2153 ἐπίσης
1160 2084 1293 2161 πρὸς
1355 2082 1635 2166 ὑποδοχὴν
1703 2081 1852 2141 τοῦδε
1911 2081 1947 2150 ἢ

278 2177 422 2240 τοῦδε
481 2183 575 2235 τοῦ
630 2173 1170 2257 προκαταλαϐόντος,
1233 2172 1609 2250 εἰσεπήδησεν,
1663 2173 1947 2249 εἶσῳκίσθη

287 2270 419 2343 μετᾶ
481 2267 726 2333 πλείοΑος
785 2267 884 2336 τῆς
915 2265 1286 2346 παρασκευῆς,
1332 2265 1422 2322 καὶ
1463 2266 1663 2343 γίνεται
1718 2262 1841 2339 (85)
1884 2265 1948 2321 τὰ

281 2359 491 2441 ἔσχατα
533 2360 754 2441 χείρονα
812 2362 923 2413 τῶν
976 2355 1249 2437 προτέρων
1314 2352 1461 2435 (86),
1495 2353 1605 2429 ὅσῳ
1661 2354 1783 2412 τότε
1847 2356 1946 2429 μὲν

280 2449 423 2514 ἐλπὶς
464 2450 530 2516 ἦν
560 2446 889 2529 διορθώσεως
945 2466 1004 2502 τε
1062 2446 1153 2501 καὶ
1208 2442 1499 2523 ἀσφαλείας
1534 2441 1665 2523 (87)
1694 2457 1711 2476 ⁸
1773 2452 1859 2503 νῦν
1887 2441 1943 2500 δὲ

281 2539 551 2621 πρόδηλος
595 2540 632 2608 ἡ
676 2538 859 2617 κακία,
920 2541 990 2614 τῇ
1046 2539 1190 2615 φυγῇ
1251 2540 1346 2591 τοῦ
1403 2531 1570 2593 καλοῦ
1623 2533 1685 2590 τὸ
1710 2532 1943 2611 πονηρὸν

279 2631 506 2691 ἕλκουσα
540 2647 555 2663 ⁶
586 2629 679 2686 καὶ
708 2625 795 2684 διὰ
824 2632 978 2686 τοῦιο
1012 2622 1323 2704 βεϐαιοτέρα
1369 2622 1493 2701 (88)
1532 2629 1610 2699 τῷ
1635 2622 1875 2698 οἶκήτορι
1905 2624 1940 2691 ὴ

281 2722 610 2802 κατάσχεσις
620 2768 635 2783 .

2035 1828 2210 1873 cuum
2224 1812 2657 1894 reliquerat,ab
2675 1832 2745 1877 eo
2761 1814 3099 1896 impletum;
3114 1834 3326 1878 rursus
3340 1810 3691 1895 propellitur

2034 1908 2093 1963 et
2116 1904 2773 1982 propulsatur,infectis
2790 1907 2970 1968 rebus
2982 1902 3691 1973 discedit.oberrationis-

2034 2008 2150 2072 que
2172 1994 2421 2056 nomine
2448 1994 2633 2056 miser
2661 2003 2719 2057 et
2750 1996 3130 2059 calamitosus
3163 1994 3414 2058 exsistit.
3441 1991 3545 2056 Sin
3576 2011 3689 2053 au-

2034 2087 2154 2142 tem
2178 2082 2396 2145 animae
2416 2092 2531 2145 tum
2551 2084 2992 2167 sedem,scopis
3007 2086 3245 2167 quidem
3268 2084 3610 2147 mundatam
3631 2090 3691 2145 et

2031 2178 2325 2253 ornatam,
2352 2182 2636 2237 caeterum
2680 2194 2923 2238 vacuam
2970 2186 3029 2238 et
3072 2178 3351 2251 inertem,
3385 2183 3560 2254 atque
3613 2172 3686 2235 ad

2029 2259 2188 2323 hunc
2210 2272 2309 2323 aut
2332 2262 2505 2325 illum
2520 2265 2966 2346 excipiendum,
2990 2276 3126 2330 uter
3145 2267 3383 2329 tandem
3407 2264 3684 2347 priorin-

2027 2351 2271 2432 vaserit,
2292 2370 2462 2434 aeque
2492 2364 2895 2436 comparatam
2928 2357 3243 2438 repererit,
3276 2359 3336 2419 in
3368 2375 3498 2419 eam
3535 2353 3684 2417 insi-

2030 2440 2155 2522 liet,
2197 2442 2335 2502 720
2384 2450 2443 2504 et
2494 2462 2627 2505 cum
2692 2446 2907 2525 majori
2965 2455 3247 2529 apparatu
3297 2442 3682 2525 immigrabit,

2027 2530 2289 2614 ﬂentque
2325 2534 2641 2595 novissima
2682 2544 2839 2597 tanto
2875 2538 3079 2618 pejora
3111 2538 3433 2616 prioribus,
3466 2540 3688 2617 quanto

2026 2619 2266 2700 quidem
2298 2630 2417 2683 tum
2445 2624 2882 2688 emendationis
2906 2634 2964 2689 et
2987 2627 3246 2709 praesidii
3268 2646 3301 2688 a
3333 2626 3687 2707 baptismate

2024 2727 2163 2790 spes
2218 2720 2383 2773 erat:
2444 2732 2601 2775 nunc
2652 2723 2853 2775 autem
2908 2717 3224 2798 perspicua
3273 2725 3333 2779 et
3373 2714 3687 2777 manifesta

283 2818 367 2873 est
394 2796 681 2893 pravitas,
709 2824 816 2889 per
836 2804 987 2870 boui
1025 2804 1225 2883 fugam
1253 2802 1473 2866 malum
1508 2802 1838 2879 attrahens;
1870 2798 1945 2893 ob
1969 2796 2431 2893 idquejrmior
2445 2804 2567 2883 jam
2606 2813 2668 2866 et
2697 2796 2968 2868 stabilior
2999 2796 3315 2869 habitatori
3349 2803 3679 2893 possessio.

356 2888 513 2977 AC".
569 2888 738 2956 Πάλιν
797 2898 1100 2974 ὑπομνήσω
1173 2916 1232 2952 σε
1303 2900 1411 2953 τῶν
1478 2899 1793 2975 φωτισμῶν,
1851 2891 1969 2949 καὶ⁴

2102 2888 2356 2954 XXXVI.
2404 2891 2631 2955 Rursus
2655 2894 2990 2970 enimvero,
3017 2915 3084 2959 ac
3108 2896 3328 2977 saepius
3357 2894 3461 2955 tibi
3486 2892 3685 2956 Lumi-

280 2990 538 3053 πολλάκις
572 2988 634 3048 ἐκ
662 2994 771 3045 τῶν
800 2987 955 3045 θείων
1011 2983 1207 3065 λογίων
1252 2984 1465 3050 τούτους
1520 2980 1938 3061 ἀναλεγόμενος.

281 3083 439 3148 Αὒτός
470 3101 533 3138 τε
563 3079 666 3159 γάρ
695 3075 861 3147 ἡδίων
890 3076 1084 3153 ἔσομαι
1112 3074 1180 3151 τῇ
1222 3075 1424 3132 τούτων
1487 3073 1704 3150 μνήμῃ,
1742 3070 1815 3152 (τί
1840 3070 1942 3151 γὰρ

276 3174 447 3253 φωτὸς
477 3169 757 3249 ὴδύτερον,
807 3180 923 3231 τοῖς
981 3167 1157 3245 φωτὸς
1214 3164 1345 3245 (89)
1375 3162 1729 3244 γευσαμένοις
1760 3161 1807 3243 ς)
1851 3162 1941 3253 καὶ

275 3250 333 3319 σὲ
386 3260 778 3343 περιαστράψω
826 3270 944 3324 τοῖς
998 3255 1340 3336 λεγομένοις,
1398 3254 1523 3317 Φῶς
1556 3254 1653 3329 μὲν
1705 3250 1942 3309 ὰνέτειλε

272 3360 348 3429 τῷ
388 3351 601 3428 δικαίῳ,
657 3350 749 3409 καὶ
801 3350 836 3418 ἡ
884 3347 1071 3406 τούτου
1130 3346 1355 3425 σύζυγος
1419 3343 1711 3426 εὔφροσύνη
1738 3361 1753 3377 ⁸
1816 3343 1941 3408 Φῶς

276 3442 329 3499 δέ
382 3441 610 3505 δικαίοις
670 3438 755 3497 διὰ
810 3438 1036 3502 παντός.
1096 3436 1351 3507 Φωτίζεις
1409 3433 1463 3490 δὲ
1521 3434 1583 3491 σὺ
1624 3436 1940 3509 θαυμαστῶς

272 3534 371 3590 ἀπὸ
428 3530 599 3613 ὀρέων
659 3530 911 3607 αἰωνίων,
968 3526 1107 3608 πρὸς
1154 3526 1248 3582 τὸν
1309 3526 1438 3582 Θεὸν
1469 3521 1691 3601 λέγεται
1722 3538 1738 3553 °
1771 3522 1944 3602 ἀγγε-

273 3621 457 3695 λικῶν,
525 3619 712 3696 οἶμαι,
766 3616 1071 3694 δυνάμεων,
1132 3619 1191 3673 αἳ
1236 3620 1574 3694 συνεργοῦσιν
1619 3613 1755 3689 ἡμῖν
1804 3614 1936 3692 πρὸς

271 3714 335 3770 τὰ
372 3710 675 3792 κρείττονα,
732 3708 924 3788 Κύριος
970 3705 1027 3762 δὲ
1084 3704 1361 3787 φωτισμός
1424 3724 1585 3792 μου,
1619 3702 1715 3758 παὶ
1758 3703 1939 3792 σωτήρ

275 3789 424 3879 μουλ
489 3802 613 3858 τίνα
672 3796 1104 3880 φοϐηθήσομαι;
1163 3801 1267 3853 Τοῦ
1330 3789 1491 3850 Δαϐὶδ
1553 3790 1785 3860 ἤκουσας
1841 3790 1943 3849 λέ-

284 3914 463 3971 γοντος
496 3906 520 3922 ⁸
556 3891 643 3947 καὶ
676 3890 807 3948 ποτὲ
867 3886 965 3964 μὲν
1028 3887 1298 3949 αἱτοῦντος
1517 3880 1945 3949 ἒξαποσταλῆναι

273 3970 331 4039 τὸ
359 3989 470 4064 φῶς
502 3980 649 4055 αὒτῷ
692 3980 784 4037 καὶ
817 3977 920 4046 τὴν
955 3975 1213 4047 ἀλήθειαν
1247 3994 1272 4064 ⁸-
1312 3973 1443 4031 ποτὶ
1473 3970 1527 4064 θέ
1558 3975 1946 4064 εὐχαριστοῦν-

2022 2996 2167 3042 num
2191 2982 2544 3044 memoriam
2575 2983 2891 3056 refricabo.
2921 3006 2992 3048 ex
3021 2986 3357 3049 litterarum
3382 3002 3686 3047 sacrarum

2025 3073 2427 3133 monumentis
2450 3092 2519 3134 ea
2550 3074 2863 3155 colligens.
2892 3075 3038 3139 Nam
3065 3086 3123 3138 et
3154 3077 3282 3158 ipse
3312 3076 3383 3137 iis
3414 3091 3684 3137 comme-

2026 3162 2332 3223 morandis
2356 3164 3003 3247 exbilarescam.(Quid
3018 3167 3178 3229 eni'n
3203 3166 3432 3228 lumine
3454 3162 3685 3228 dulcius

2025 3250 2547 3331 “jucundiusmis
2568 3256 2667 3333 qui
2691 3256 2892 3320 lumen
2918 3256 3370 3335 degustarunt?)
3392 3257 3460 3317 Et
3483 3252 3688 3315 oculos

2025 3346 2157 3402 tuos
2187 3341 2280 3403 bis
2311 3342 2511 3405 verbis
2544 3346 2939 3426 perstringam
2971 3369 2984 3407 :
3014 3347 3157 3411 Lua:
3172 3356 3307 3410 orta
3327 3348 3604 3423 estjueto,
3631 3341 3690 3404 ει

2024 3430 2163 3493 huic
2178 3435 2496 3514 conjuncta
2516 3435 2724 3499 latitia
2745 3436 2800 3479 ⁵6
2820 3459 2836 3520 ;
2857 3447 2915 3500 et
2934 3439 3073 3501 Lua:
3084 3439 3268 3519 justis
3284 3438 3448 3498 omni
3469 3444 3689 3515 tempo-

2024 3520 2189 3583 re57.
2212 3522 2370 3595 Quin
2393 3525 2572 3587 etiam
2595 3527 2835 3607 quidam
2861 3527 3049 3590 Deum
3073 3528 3144 3590 ad
3168 3528 3328 3590 bunc
3346 3525 3588 3588 modum
3606 3523 3691 3587 af-

2023 3608 2187 3673 fatur
2214 3628 2227 3674 :
2256 3611 2585 3678 llluminas
2607 3625 2671 3678 tu
2702 3617 3087 3680 mirabiliter
3116 3636 3152 3680 (ι
3180 3615 3480 3679 moralibus
3509 3622 3688 3677 mter-

2021 3700 2119 3761 nis
2135 3697 2294 3752 58'88
2309 3723 2324 3778 ;
2342 3703 2454 3765 hoc
2476 3711 2658 3774 est,ut
2680 3706 2966 3787 opinione
2991 3707 3384 3788 assequor,ab
3401 3704 3687 3785 angelicis

2029 3788 2509 3873 virtutibus,quae
2534 3794 2704 3857 nobis
2726 3798 2798 3857 ad
2823 3795 3048 3876 optima
3073 3815 3320 3878 quaque
3338 3796 3687 3875 adjumento

2029 3887 2192 3967 sunt.
2215 3880 2343 3946 Jam
2370 3882 2652 3949 Davidem
2686 3904 2925 3967 quoque
2957 3886 3047 3947 his
3071 3885 3267 3947 verbis
3288 3893 3547 3946 utentem
3575 3902 3687 3944 au-

2030 3966 2120 4030 dis
2146 3986 2161 4032 :
2192 3970 2488 4034 Dominus
2519 3966 2895 4037 illuminatio
2928 3992 3082 4057 mea,
3105 3980 3167 4037 et
3191 3975 3478 4039 Salvator
3500 3992 3686 4053 meus,

273 4061 384 4147 τος,
429 4069 515 4129 ὅτι
559 4070 652 4127 καὶ
681 4068 812 4148 (91)
865 4065 1054 4124 τούτου
1114 4062 1457 4143 μετείληφεν,
1492 4061 1547 4118 ἒν
1577 4062 1658 4136 τῷ
1687 4082 1945 4137 σημειω-

2027 4074 2202 4137 quem
2223 4063 2437 4125 timebo
2457 4064 2524 4114 39
2542 4063 2574 4125 ‘?
2597 4065 2710 4139 Qui
2742 4066 2923 4127 etiam
2951 4083 3110 4128 nunc
3132 4064 3245 4126 sibi
3273 4064 3467 4126 lucem
3494 4072 3549 4127 et
3583 4082 3684 4125 ve-

271 4164 423 4229 θῆναι
478 4162 544 4219 τὸ
604 4166 696 4218 τοῦ
753 4163 884 4215 Θεοῦ
946 4162 1060 4237 φῶς
1116 4154 1205 4211 ἔπ’
1252 4154 1434 4228 αὐτὸν,
1468 4150 1735 4209 τουτέστιν
1780 4149 1969 4233 ένσηοέ

2027 4148 2262 4212 ritatem
2281 4152 2472 4213 emitti
2498 4155 2753 4233 postulat
2772 4155 2835 4206 90
2858 4176 2873 4231 ;
2897 4175 3056 4218 nunc
3078 4154 3153 4217 ob
3181 4173 3309 4217 eam
3336 4155 3447 4216 sibi
3471 4156 3695 4236 imper.

280 4255 545 4325 μανθῆναι
577 4251 666 4307 καὶ
700 4246 1055 4329 γνωρισθῆναι
1105 4242 1242 4325 (92)
1295 4244 1362 4300 τὰ
1416 4254 1621 4319 σημεῖα
1661 4243 1762 4309 τῆς
1791 4239 1945 4297 δεδο-

2027 4237 2191 4301 titam
2211 4241 2432 4321 gratias
2452 4244 2734 4322 agit,cum
2762 4246 2963 4307 lumen
2983 4246 3089 4309 Dei
3108 4264 3289 4326 super
3308 4263 3373 4307 se
3393 4246 3685 4325 signatum
3730 4290 3733 4293 -

277 4341 441 4416 μένης
493 4339 616 4419 (93)
678 4337 1027 4415 ὶλλάμψεως.
1093 4334 1207 4393 ’Ἔν
1261 4334 1426 4411 μόνον
1482 4332 1594 4412 φῶς
1637 4332 1939 4413 φεύγωμεν,

2027 4345 2160 4392 esse
2182 4331 2263 4393 ait
2288 4332 2368 4406 91,
2400 4334 2510 4394 hoc
2541 4343 2652 4409 est,
2680 4334 2974 4415 impressa
3010 4343 3070 4395 et
3100 4334 3333 4413 cognita
3369 4354 3499 4399 esse
3538 4336 3691 4400 datae

271 4431 332 4488 τὸ
388 4430 483 4491 τοῦ
528 4436 722 4509 πικροῦ
765 4428 936 4508 πυρὸς
996 4424 1241 4505 ἔκγονον,
1278 4424 1367 4492 Μὴ
1411 4423 1750 4502 πορευθῶμεν
1811 4420 1937 4502 (94)

2027 4419 2477 4486 illuminationis
2506 4424 2694 4505 signa.
2720 4424 2914 4489 Unum
2946 4424 3091 4485 illud
3125 4426 3323 4487 lumen
3357 4428 3676 4506 fugiamus,

272 4528 349 4596 τῷ
413 4520 553 4605 φωτὶ
604 4519 701 4578 τοῦ
754 4519 922 4599 πυρὸς
968 4518 1161 4605 ἡμων,
1199 4515 1286 4573 καὶ
1329 4514 1398 4583 τῆ
1456 4510 1685 4605 φλογὶῇ
1727 4510 1947 4605 tingui-

2037 4510 2191 4605 quod
2223 4532 2291 4576 ex
2326 4534 2476 4577 saevo
2502 4514 2637 4595 igne
2670 4516 2951 4579 nascitur.
2978 4514 3063 4577 Ne
3088 4515 3148 4578 in
3181 4516 3333 4595 ignis
3368 4518 3550 4579 nostri
3584 4520 3681 4580 lu-

269 4600 466 4687 σαμεν,
533 4608 674 4671 Οἶδα
732 4609 836 4689 γὰρ
889 4613 993 4683 πύρ
1051 4603 1173 4686 (95)
1239 4604 1612 4683 καθαρτήριον,
1658 4601 1947 4681 ὃΧριστὸς

2033 4600 2195 4664 mine
2216 4603 2612 4686 ambulemus,
2639 4613 2697 4666 et
2721 4606 2779 4666 in
2802 4607 3039 4666 flamma
3066 4624 3245 4686 quam
3270 4607 3687 4669 accendimus.

348 4714 586 4839 ἱδῐῖυο.
620 4731 706 4791 x1,
739 4714 821 4777 24
851 4731 984 4839 sqoq.
1072 4713 1136 4765 55
1162 4712 1348 4777 Marc.
1390 4727 1455 4793 ν,
1509 4708 1549 4770 9
1591 4726 1724 4790 sqq.
1810 4706 1866 4753 ⁵ο
1913 4706 1969 4770 P:

401 4815 463 4839 an
552 4812 692 4839 vvm
765 4802 786 4839 1
995 4790 1126 4839 pgal
1186 4809 1307 4839 τηε
1366 4790 1428 4839 3,
1511 4787 1563 4835 91
1600 4788 1751 4839 Psal,
1791 4805 1851 4839 Iv
1906 4790 1969 4839 ’7Δ

2029 4708 2069 4773 l.
2128 4726 2287 4793 xcvn,
2342 4711 2440 4774 11.
2527 4709 2719 4772 5715a.
2756 4729 2852 4793 Lx,
2894 4713 2990 4775 19.
3075 4710 3213 4755 ⁸⁸4³⁸
3238 4711 3389 4776 Psal.
3426 4731 3600 4791 Lxxv,
3627 4721 3687 4778 5.

271 4794 325 4841 ⁸9
352 4797 517 4863 Psal.
552 4787 721 4877 xxvi,
765 4802 823 4859 1.
901 4787 962 4839 δσ
995 4790 1156 4858 Psal.
1186 4809 1332 4870 XLII,
1366 4787 1452 4853 3.'
1511 4787 1563 4835 9‘
1598 4787 1756 4855 Psal.
1791 4805 1875 4873 Iv,
1906 4790 1970 4853 7.

382 4904 481 4979 82)
527 4905 781 4985 Δέχεται.
833 4903 983 4985 ﬁeg.
1014 4898 1614 4985 λίπῃ-καταδέχεται.

2027 4894 2478 4985 busdam‘codd.
2496 4898 2890 4985 ,ἐξαιτοῦντος

382 4904 481 4979 82)
527 4905 781 4985 Δέχεται.
833 4904 983 4982 Reg.
1014 4904 1165 4965 Max.
1225 4904 1425 4959 καταδέ
1474 4918 1614 4959 εται.

354 4904 491 5075 ίὲδῖ)
527 4987 668 5075 Ηρδς
699 4984 813 5048 τόν·
851 4949 1275 5075 Ῑ¹¹Ᾱ¹⁰¹¹¹¹Ρ¹Ῐὶἕθ
1306 4982 1381 5075 εἰς
1410 4922 1524 5075 τέἳς
1564 5055 1604 5075 ..
1715 5057 1807 5075 ,η
1854 5059 1869 5072 .
1910 5059 1922 5075 .

2027 4904 2273 4960 busdam
2305 4904 2510 4979 COdd.,
2539 4904 2890 4965 ἐξαιτοῦντος.

2040 5057 2054 5070 θ
2102 4978 2226 5075 (9ξ)
2260 4978 2395 5038 ’Ὅτι
2442 4982 2553 5039 καί.
2607 4980 2707 5044 Sic
2741 4980 2941 5062 plures
2972 4978 3183 5061 Regg.,
3238 4990 3361 5043 etc.
3392 4982 3571 5045 Deest
3603 4985 3691 5040 καί

361 5055 494 5147 ᾖ84)
530 5055 882 5147 ξ’λτιρακτον,
917 5055 1304 5147 ἐλεεινόνηδῖϐ
1330 5061 1449 5125 duo
1477 5055 1650 5122 Colb.
1676 5063 1735 5120 et
1763 5057 1949 5126 Coisl.
2036 5057 2099 5120 in

286 5138 443 5208 l.'In
473 5138 608 5224 ed.,
641 5138 1245 5226 ἄπρακτόςμέλεξινόςο
1288 5225 1297 5226 ί
1607 5220 1642 5226 _
1750 5219 1766 5226 -
1842 5223 1872 5226 _

2281 5138 2843 5226 l‘vmptaﬁﬁvxt._Reg.
2883 5140 3345 5226 [ἡκ-γνωσθῆναι.

370 5227 497 5367 (85)
515 5219 889 5368 ,καὶὰγίνεταῂ
923 5219 1019 5290 Sic
1049 5223 1254 5306 plures
1276 5225 1472 5303 Regg.
1512 5226 1573 5285 et
1600 5219 1814 5285 Gomb.
1839 5223 1953 5287 De-

370 5353 375 5367 .
402 5331 472 5367 κα
513 5326 577 5368 ιη
598 5325 634 5368 θ
681 5354 696 5368 .

2118 5219 2239 5301 (93)
2272 5222 2599 5297 Δεδομὲνης.
2658 5219 2756 5285 Sic
2820 5238 2923 5281 sex
2983 5221 3166 5301 Regg.
3222 5223 3284 5285 ln
3316 5221 3441 5295 ed,
3474 5219 3691 5297 διδομέ-

2030 5326 2153 5368 νης.

288 5307 387 5369 εει
402 5307 491 5367 καὶ
513 5307 577 5370 in
598 5307 696 5372 ed.
2030 5326 2153 5370 νης.

380 5388 457 5451 86
514 5386 813 5469 Προτέρων.
847 5388 916 5451 In
938 5385 1271 5463 nonnullis,
1300 5384 1559 5466 πρώτων.

380 5470 463 5531 ’87
524 5468 870 5549 Ἀσφαλείας.
900 5466 1058 5543 Ῑθδ.,
1090 5467 1423 5545 ἒπιμελείας.

380 5541 466 5613 ’88
526 5546 868 5622 Βεὸαιότερα.
898 5546 1082 5615 Coisl.
1117 5549 1147 5610 1
1184 5545 1380 5629 addit,
1410 5544 1554 5610 πῶς.

380 5619 469 5712 ῖδθ
522 5628 735 5712 Φωτός.
768 5627 952 5712 Deest
979 5629 1042 5693 in
1064 5627 1200 5712 Par.
1517 5706 1539 5712 _
1664 5706 1680 5712 _
1886 5706 1901 5712 _

2111 5381 2233 5460 (94)
2264 5383 2353 5451 Μὴ
2388 5384 2750 5525 πορρυθῶμεν,
2787 5389 2903 5445 etc.
2942 5382 3175 5445 Alludit
3207 5380 3283 5472 ad
3317 5381 3482 5443 Isaiae
3511 5379 3694 5444 verba

2027 5480 2089 5546 ιι,
2126 5464 2191 5528 11
2227 5485 2300 5556 :_¢
2341 5466 2454 5527 Am
2508 5462 2667 5526 ulate
2699 5464 2770 5555 in.
2811 5462 3040 5552 lumine
3101 5464 3255 5542 ignis
3286 5464 3487 5536 vestri,
3540 5471 3599 5525 et
3628 5462 3691 5525 in

2027 5543 3065 5712 ?aigglgila:as,$ﬁ$(lsigsaggg.
3119 5620 3246 5704 bm,
3281 5623 3357 5705 ph
3388 5630 3447 5687 et
3478 5622 3689 5690 Comb.

388 5462 495 5549 87)
524 5462 870 5549 ’Ᾰσφαλείας.
900 5466 1058 5549 103.,
1090 5462 1423 5549 ἒπιμελείας.
1462 5544 1491 5549 _

2027 5480 2089 5549 ξ,
2126 5464 2191 5528 11
2227 5485 2300 5549 :_¢
2341 5462 2667 5527 Ambulate
2699 5464 2770 5549 in,
2811 5462 3040 5549 lumine
3101 5462 3255 5542 ignis
3286 5464 3487 5536 vestri,
3540 5471 3599 5525 et
3628 5462 3691 5525 in

387 5542 501 5629 ss)
526 5542 868 5629 Βεὸαιότερα.
898 5542 1095 5629 Οοίει.
1117 5549 1147 5610 ι
1184 5542 1380 5629 addit,
1410 5544 1554 5610 πῶς.

2027 5542 2284 5629 ﬂammis
2308 5562 2457 5629 quas
2489 5542 2913 5629 succendistis;
2948 5562 2977 5602 ›

389 5620 494 5706 89)
522 5628 735 5697 Φωτός.
768 5620 952 5694 Deest
979 5629 1042 5693 in
1064 5627 1200 5695 Par.
1364 5620 1379 5629 ’

2028 5704 2056 5706 _
2110 5624 2236 5705 (95)
2261 5620 2401 5706 QE:
2457 5627 2547 5706 γαρ
2576 5634 2700 5706 πῦρ.
2745 5620 2847 5687 Sic
2878 5623 3065 5703 Regg.
3119 5620 3246 5704 bm,
3281 5623 3357 5705 ph
3388 5630 3447 5687 et
3478 5622 3689 5690 Comb.

361 5704 488 5792 (90)
516 5711 820 5779 Αὶτοΰντος.
854 5708 957 5777 Sic
977 5715 1100 5775 tres
1122 5709 1338 5794 Regg.,
1365 5713 1486 5772 etc.
1514 5706 1582 5774 In
1608 5706 1777 5774 cd.et
1800 5706 1941 5793 qui-

2027 5704 2202 5770 Deest
2220 5704 2322 5786 γάρ
2354 5704 2415 5768 in
2448 5704 2549 5770 ed.
