2075 3198
216 144 270 179 4H

835 146 866 178 S.
889 141 1076 178 GREGORII
1096 140 1290 174 THEOLOGI

1846 141 1907 177 412

213 212 316 252 Ignem
328 211 417 244 etiam
430 216 604 254 purgantem
620 212 740 254 novi,ad
749 221 840 253 quem
861 208 1033 244 mittendum

1081 208 1145 244 ἦλθε
1171 208 1266 249 βαλεῖν
1294 209 1338 240 επὶ
1360 208 1408 245 τῆς
1436 210 1488 250 γῆς
1515 208 1592 251 (96),
1621 212 1672 251 πῦρ
1700 209 1745 240 καὶ
1759 210 1839 244 αὑτὸς
1855 211 1907 241 ἀν-

214 257 351 291 Cbristus
359 257 389 289 in
401 260 513 290 terram
519 258 601 290 venit
609 258 651 295 θ’,
659 257 713 299 qui
723 262 751 289 et
763 258 828 297 ipse
835 254 1040 298 mysticeignis

214 303 392 344 appellatur.
401 303 496 345 Hujus
511 313 601 346 porro
613 304 691 344 ignis
700 313 737 336 ea
748 304 793 335 vis
806 307 898 341 est,ut
908 301 1039 334 crassio-

214 357 278 379 rem
295 348 462 387 materiam,
476 358 510 380 ac
525 349 659 381 vitiosam
675 349 766 381 animi
781 348 970 380 affectionem
981 346 1038 378 ab-

214 396 454 435 sumat,eumque
463 394 587 435 proinde
600 394 758 426 celerrime
768 393 905 426 Christus
913 391 1037 424 accendi

213 437 283 469 vult.
298 438 472 479 Cupitenim
484 448 537 471 nos
548 439 770 481 quamprimum
782 438 930 470 beneﬁcio
944 436 1036 476 afﬁci;

213 486 316 524 utpote
323 483 373 524 qui
381 483 466 515 nobis
474 493 593 525 quoque
598 484 674 524 ignis
684 483 830 515 carbones
839 482 940 515 auxilii
949 491 1038 514 causa

213 528 355 568 porrigat.
366 527 417 559 Est
426 528 502 560 alter
511 528 586 569 ignis
598 538 657 560 non
667 538 808 570 purgans,
821 528 874 560 sed
887 526 1036 560 scelerum

212 571 338 609 vindex;
351 572 412 605 sive
427 572 629 605 Sodomiticus
642 573 693 605 ille
704 574 841 615 93,quem
854 572 999 614 sulphure
1008 576 1038 604 et

214 617 344 657 procella
360 619 533 658 permistum
549 619 592 657 94,
605 620 683 651 Deus
699 620 728 651 in
743 624 916 660 peccatores
932 627 1038 649 omnes

211 661 327 704 fundit;
345 663 406 694 sive
421 663 485 700 ille,
504 664 555 705 qui
579 664 697 696 diabolo
715 665 840 706 ejnsque
857 664 967 703 angelis
983 672 1037 703 pa-

212 711 293 738 ratus
305 712 351 739 est
361 708 393 735 95
403 720 411 747 ;
421 709 482 740 sive
494 710 582 741 etiam
597 710 711 750 ille,qui
723 714 791 741 ante
803 709 909 741 faciem
919 708 1040 742 Domini

212 751 357 791 procedit,
370 757 399 784 et
411 754 439 784 in
452 753 578 785 circuitu
591 754 728 786 inimicos
740 755 803 794 ejus
820 752 1039 793 inﬂammat”;

212 796 274 827 sive
289 797 420 839 denique
439 798 487 829 ille
507 799 647 830 omnibus
670 800 715 830 liis
734 798 951 831 formidabilior
966 809 973 837 ;
990 795 1040 839 qui

1080 256 1192 296 αγωγῆς
1220 254 1314 295 λόγοις
1344 255 1405 296 (97)
1426 254 1604 294 καλούμενος.
1626 254 1809 285 ’Λναλωτικδν
1830 262 1908 287 τοῦτο

1079 303 1130 335 τῆς
1157 299 1223 335 ὕλης
1250 301 1294 329 καὶ
1322 300 1369 335 τῆς
1398 303 1517 340 πονηρᾶς
1549 299 1619 330 ἔστὶν
1646 299 1739 342 ἱξιως,
1755 301 1770 329 ὃ
1797 302 1842 330 καὶ
1857 302 1909 330 ἀν-

1080 347 1194 386 αφθῆναι
1209 344 1327 386 τάχιστα
1341 344 1479 384 βούλεται.
1506 346 1589 374 Ποθιῐ
1613 345 1664 385 γὰρ
1685 347 1736 379 τῆς
1757 345 1908 386 εὐεργεσίας

1079 390 1110 420 τδ
1138 389 1225 431 τάχος
1243 399 1250 406 ·
1267 390 1325 419 ἐπεὶ
1339 391 1385 419 καὶ
1399 391 1483 431 πυρὸς
1497 388 1628 430 ἅώρακας
1643 389 1749 419 δίδωσιν
1772 392 1842 430 ἡμῖν
1868 393 1907 425 εἰς

1078 436 1214 475 βοήθειαν.
1252 434 1322 466 Οἶδα
1356 434 1401 464 καὶ
1445 439 1496 476 πῦρ
1538 436 1569 464 οὗ
1610 436 1797 477 καθαρτήριον,
1837 436 1907 467 ἀλλὰ

1079 482 1122 511 καὶ
1151 481 1214 522 (98)
1230 481 1407 521 κολαστήριον
1423 489 1433 499 ·
1447 480 1504 510 εἴτε
1520 480 1564 509 καὶ
1578 480 1766 520 Σοδομιτικδν,
1793 481 1809 510 ὃ
1824 485 1906 511 πᾶσιν

1078 526 1253 567 ἂμαρτωλοϊς
1280 526 1419 567 ὶπιὸρέχιι
1448 527 1509 563 θείῳ
1530 526 1574 555 καὶ
1609 525 1741 566 καταιγίδι
1770 528 1904 566 μιγνύμε.

1078 582 1123 601 νον
1139 579 1146 588 ’
1186 570 1244 601 εἴτε
1272 571 1304 600 τὸ
1325 571 1524 611 ἢτοιμασμένον
1552 574 1591 609 τῷ
1621 569 1738 609 διαϐόλῳ
1771 572 1816 601 καὶ
1845 579 1906 606 τοῖς

1079 617 1205 657 ἀγγέλοις
1235 619 1313 647 αὑτοῦ
1330 624 1337 631 ·
1365 617 1422 645 εἴτε
1454 617 1468 645 ὃ
1497 617 1563 657 πρὸς
1578 616 1739 657 προσσώπου
1755 618 1848 657 Κυρίου
1861 629 1909 647 πο-

1080 663 1192 703 ριύεται,
1223 662 1267 690 καὶ
1296 662 1403 702 φλογιεῖ
1433 661 1523 698 κύκλῳ
1567 662 1629 694 τοὺς
1658 661 1770 702 ἐχθροὺς
1801 664 1881 692 αὖτοῦ
1897 671 1907 680 ⁶

1081 709 1124 736 καὶ
1146 711 1177 736 τὸ
1203 706 1265 746 (99)
1282 707 1383 735 τούτων
1399 706 1437 735 ἔτι
1464 705 1644 747 φοϐερώτερον
1661 714 1668 722 ’
1687 707 1700 735 ὃ
1715 710 1754 745 τῷ
1768 706 1909 745 ἃκοιμήτῳ

1081 753 1202 786 σκώληκι
1234 752 1278 792 (1)
1309 751 1491 789 συντέτακται,
1537 752 1576 790 μὴ
1617 752 1800 791 σῦεννόμενὸν,
1839 752 1910 782 ἁλλὰ

1082 798 1227 834 διαιωνίζον
1254 796 1295 837 (2)
1320 803 1378 829 τοῖς
1410 803 1552 836 πονηροῖς.
1580 797 1668 826 flaith
1689 797 1740 836 γὰρ
1758 800 1842 827 ταῦτα
1859 800 1908 832 τῆς

211 851 278 872 cnm
289 842 420 874 insomni
431 844 481 876 illo
488 853 590 876 verme
603 846 899 884 cunjunctusestmec
909 853 1033 885 unquam

1081 843 1256 884 ἂφανιστικής
1272 842 1327 870 ἐστι
1343 842 1478 880 δυνάμεως
1495 851 1502 859 '
1529 843 1549 870 εἰ
1576 843 1614 880 μή
1630 845 1669 879 τῷ
1685 841 1759 883 φίλον
1774 842 1909 873 κᾶνταῦθα

211 887 567 928 exstinguitur,verumin
574 889 789 921 sceleratorum
801 889 956 920 hominum
968 891 1034 920 721

213 941 328 972 pinnam
337 934 478 974 perennis
486 939 530 966 est
538 935 787 975 etsempiternus.
797 934 833 965 Hi
841 935 919 965 enim
932 943 1037 966 omnes

1079 895 1152 917 νοεῖν
1167 892 1245 917 τοῦτο
1268 887 1514 928 φιλανθρωπότερον
1539 887 1595 927 (3),
1623 888 1667 916 καὶ
1683 891 1730 916 τοῦ
1744 887 1907 925 κολάζοντος

1079 932 1203 966 ἐπαξίως,

212 986 276 1021 eam
293 977 350 1009 vim
365 979 487 1018 habent,
505 984 536 1011 ut
551 979 676 1021 perdant
690 989 724 1011 ac
739 979 869 1018 deleant;
887 979 944 1010 nisi
962 982 1063 1012 tamen
1076 978 1132 1010 hoc
1143 987 1262 1020 quoque
1277 977 1343 1010 loco
1358 977 1504 1018 quispiam
1527 977 1625 1018 ignem
1654 977 1817 1017 mitiorem,
1833 981 1864 1012 et
1876 981 1910 1010 ut

210 1020 271 1053 Deo
287 1023 403 1055 vindice
420 1025 541 1065 dignum
554 1020 609 1063 est,
628 1024 856 1065 intelligendum
874 1028 966 1065 putet.

247 1067 392 1101 XXXVII.
405 1069 662 1106 Quemadmodum
676 1079 764 1110 porro
776 1069 886 1109 duplex
899 1069 975 1108 ignis
986 1079 1034 1110 ge-

208 1122 264 1144 nus
284 1117 338 1151 est,
356 1114 396 1145 ita
420 1115 529 1155 duplex
550 1125 667 1156 quoque
688 1115 789 1146 lumen
811 1120 874 1146 est:
894 1114 1032 1152 alterum,

207 1167 264 1198 quo
276 1158 415 1200 princeps
427 1160 520 1191 animi
532 1160 626 1191 nostri
639 1169 707 1201 pars
720 1159 931 1195 illustratur,ac
940 1159 1035 1190 nostri

207 1203 372 1235 secundum
382 1204 476 1236 Deum
490 1215 609 1246 gressus
622 1209 783 1246 reguntur;
798 1205 936 1243 alterum,
946 1205 1034 1236 fallax

207 1251 238 1277 et
248 1248 543 1291 curiosum,veroque
556 1250 659 1282 lumini
672 1250 852 1291 oppositum,
862 1254 948 1290 atque
961 1250 1035 1281 inte-

206 1292 262 1322 rim
276 1297 374 1325 tamen
393 1294 471 1326 illius
483 1295 614 1335 speciem
632 1304 691 1335 pne
703 1305 735 1326 se
746 1295 858 1335 ferens,
871 1300 903 1326 ut
915 1304 968 1325 nos
981 1304 1034 1326 ex-

208 1342 294 1368 terna
304 1339 405 1379 specie
420 1339 512 1381 fallat,
527 1344 555 1371 et
566 1341 595 1371 in
612 1340 747 1372 fraudem
762 1339 906 1379 impellat.
920 1339 992 1381 Hoc,
1007 1344 1036 1371 et

211 1383 305 1423 caligo
315 1389 370 1422 est,
381 1389 410 1415 et
422 1385 565 1417 meridies
575 1395 641 1417 esse
653 1385 779 1421 videtur.
792 1385 820 1415 id
832 1390 888 1425 est,
901 1385 1035 1416 clarissi-

211 1436 257 1458 ma
270 1427 393 1460 luminis
412 1440 490 1471 pars.
506 1430 554 1461 Sic
570 1430 650 1461 enim
667 1429 739 1461 illud
756 1429 917 1470 Scriptura;
932 1429 1034 1469 audio,

207 1471 244 1503 iis
252 1472 301 1513 qui
309 1482 370 1504 sem
374 1473 463 1515 perin
472 1475 647 1506 meridianis
655 1474 785 1505 tenebris
792 1474 952 1514 fugiunt“.
961 1474 1034 1512 Hoc,

210 1521 239 1548 et
251 1526 310 1550 nox
320 1523 375 1558 est,
391 1523 419 1551 et
435 1519 579 1560 splendor
590 1519 786 1557 existimatur,
800 1519 846 1549 his
856 1519 971 1560 utique,
986 1524 1037 1560 qui

205 1561 321 1594 deliciis
328 1568 358 1595 et
371 1564 552 1605 voluptatum
563 1564 712 1596 illecebris
720 1564 855 1604 corrupti
866 1570 949 1596 sunt.
959 1564 1036 1601 Quid

207 1606 286 1637 enim
299 1607 339 1639 ait
350 1607 459 1640 David!
476 1611 542 1642 Nox
554 1620 601 1641 me
615 1610 757 1641 miserum
771 1610 996 1651 circumstabat,
1008 1614 1038 1641 et

1117 1069 1184 1101 AZ',
1209 1063 1322 1108 ’Ὥσπερ
1338 1068 1366 1097 δὲ
1390 1069 1440 1108 πῦρ
1456 1068 1518 1096 οἶδα
1534 1067 1656 1109 διπλοῦν,
1679 1068 1749 1098 οὕτω
1769 1068 1813 1099 καὶ
1829 1072 1885 1110 φῶς
1900 1077 1908 1086 ·

1076 1115 1106 1143 τὸ
1136 1114 1195 1153 μὲν,
1227 1114 1275 1148 τὴν
1297 1115 1344 1143 τοῦ
1380 1114 1542 1153 ἡγεμονικοῦ
1583 1113 1725 1154 λαμπάδα,
1753 1117 1908 1144 κατιυθῦνον

1077 1161 1144 1198 ἡμῖν
1173 1160 1206 1188 τὰ
1227 1159 1295 1187 κατὰ
1311 1160 1375 1188 Θεὸν
1392 1157 1547 1196 διαδήματα
1562 1166 1569 1174 “
1601 1159 1632 1187 τὸ
1647 1158 1687 1198 δὲ,
1713 1159 1849 1194 ἀπατηλὸν
1863 1160 1908 1189 καὶ

1077 1206 1227 1245 περίεργον,
1269 1206 1313 1233 καὶ
1366 1208 1413 1234 τοῦ
1456 1203 1583 1238 ἆληθινοῦ
1631 1205 1720 1245 φωτὸς
1763 1205 1908 1242 ἀντίθετον,

1076 1249 1165 1279 έκεῖνο
1189 1250 1231 1290 (4)
1254 1251 1324 1278 εἶναι
1354 1249 1575 1289 ὑποκρινόμενον,
1602 1249 1647 1277 ’ἕνα
1677 1249 1780 1289 κλέπτῃ
1795 1253 1834 1288 τῷ
1848 1261 1909 1291 qut.

1077 1296 1179 1333 νομένῳ
1195 1303 1203 1310 ⁸
1221 1294 1298 1323 τοῦτο
1312 1295 1355 1323 καὶ
1371 1294 1463 1322 σκοτία
1479 1293 1547 1334 ἐστὶ,
1565 1295 1609 1323 καὶ
1638 1293 1792 1335 μεσημϐρία
1819 1294 1906 1336 δοκεῖ,

1075 1341 1106 1369 τί)
1134 1340 1180 1368 τοῦ
1202 1340 1290 1380 φωτὸς
1321 1338 1513 1377 ἀκμαιότατον.
1544 1338 1635 1371 Οὕτως
1659 1339 1747 1368 ἀκούω
1771 1346 1831 1374 τοῖς
1847 1339 1907 1369 δια-

1076 1385 1174 1416 παντὸς
1205 1384 1232 1412 ἦν
1257 1383 1428 1424 μεσημϐρινῇ
1459 1384 1551 1420 σκοτίᾳ
1578 1384 1717 1425 φεύγουαι.
1750 1389 1834 1415 τοῦτο
1863 1386 1907 1414 καὶ

1077 1429 1120 1463 νύξ
1143 1431 1208 1467 εστι,
1239 1430 1282 1458 καὶ
1304 1430 1441 1469 φωτισμὸς
1472 1428 1606 1466 νομίζεται
1631 1428 1672 1470 (5)
1696 1436 1757 1462 τοῖς
1783 1430 1835 1459 ὑπὸ
1857 1433 1906 1469 τῇς

1077 1477 1176 1515 τρυφῆς
1217 1473 1428 1515 διεφθαρμένοις,
1471 1474 1501 1503 Τί
1546 1474 1597 1514 γὰρ
1632 1485 1712 1513 φησιν
1755 1475 1770 1503 ὁ
1807 1473 1908 1515 Δαϐίδς

1078 1518 1129 1552 Νὺξ
1160 1519 1192 1554 ἦν
1221 1519 1280 1558 περὶ
1310 1518 1358 1556 ἐμὲ
1386 1519 1432 1547 τὸν
1461 1517 1576 1547 δείλαιον
1608 1519 1652 1548 καὶ
1679 1518 1795 1559 ἠγνόουν
1811 1529 1820 1539 ”
1850 1531 1910 1557 φω-

1078 1565 1173 1603 τισμδν
1202 1564 1252 1604 γὰρ
1281 1565 1351 1592 εἶναι
1381 1563 1431 1597 τὴν
1459 1563 1560 1603 τρυφὴν
1602 1562 1799 1602 δπελιίμϐανον.
1831 1563 1909 1593 Ἀλλ’

1079 1610 1178 1638 ἐκεῖνοι
1201 1609 1249 1648 μὲν
1273 1612 1401 1647 τοιοῦτοι,
1425 1609 1471 1637 καὶ
1500 1609 1583 1641 οὕτως
1609 1607 1720 1650 ἶχοντες
1737 1619 1745 1626 “
1775 1610 1858 1648 ἡμεῖς
1880 1608 1908 1638 δὲ

207 1652 389 1686 nesciebam:
400 1654 523 1687 delicias
535 1655 615 1687 enim
628 1656 730 1686 lumen
743 1664 809 1686 esse
818 1655 984 1686 arbitrabar
993 1656 1033 1686 98.

1082 1655 1237 1696 φωτίσωμεν
1268 1655 1374 1686 ἑαυτοῖς
1397 1656 1453 1693 φῶς
1482 1654 1606 1693 γνώσεως
1625 1663 1631 1670 ·
1665 1654 1738 1683 ἔσται
1760 1653 1787 1682 δὲ
1815 1657 1905 1694 τοῦτο,

205 1697 305 1736 Atque
316 1698 359 1730 illi
370 1700 490 1740 quidem
504 1701 581 1733 tales
594 1705 674 1742 sunt,
686 1701 848 1741 animoque
863 1700 902 1731 ita
917 1701 1014 1732 affecti
1027 1705 1036 1729 :

205 1751 260 1773 nos
271 1752 341 1774 vero
349 1747 430 1776 scien
438 1746 487 1777 tia
497 1745 597 1777 lumen
608 1745 768 1786 nobisipsis
776 1745 1034 1787 excitemus;quod

204 1786 324 1827 quidem
338 1789 423 1821 nobis
434 1791 489 1822 hac
501 1791 617 1822 ratione
628 1790 817 1831 continget,si
829 1792 866 1821 ad
878 1791 1032 1831 justitiam

203 1833 546 1874 seminemus”,etvitaa
563 1836 692 1867 fructum
709 1835 926 1867 vindemiemus
939 1837 1030 1876 (actio

204 1876 314 1919 quippe
322 1881 603 1922 contemplationem
612 1881 745 1922 parit);ut
753 1890 821 1912 cum
832 1881 898 1916 alia,
905 1885 965 1912 tum
977 1881 1034 1913 hoc

204 1931 332 1968 quoque,
346 1934 454 1967 nempe
479 1926 557 1968 quod
583 1935 686 1958 verum
703 1926 816 1963 lumen,
830 1926 907 1966 quod
925 1934 1032 1958 rursus

204 1967 304 1999 fictum
322 1973 350 2001 et
367 1967 542 2003 ementitum
558 1971 607 2011 sit,
624 1970 836 2011 intelligamus,
855 1980 910 2001 nec
925 1970 954 2001 in
972 1980 1034 2002 ma.

204 2012 277 2050 lum,
293 2017 432 2056 tanquam
448 2016 479 2047 in
495 2015 618 2054 bonum,
633 2025 688 2057 per
705 2015 934 2056 imprudentiam
952 2016 1033 2048 labs-

206 2067 283 2099 mur.
315 2060 429 2092 Lumen
460 2061 637 2099 efﬁciamur,
660 2064 690 2091 ut
719 2060 858 2099 discipuli
881 2070 897 2091 a
925 2071 1031 2099 magno

206 2071 283 2089 mur.
315 2071 429 2092 Lumen
460 2071 637 2099 eIuCIamur,
660 2071 690 2091 ut
719 2071 793 2091 (llSCl
818 2071 858 2091 nu
881 2071 897 2091 a
925 2071 952 2092 m
993 2071 1031 2093 no

203 2096 328 2130 Lumine
353 2101 448 2132 vocati
478 2105 559 2140 sunt,
573 2101 619 2132 his
649 2100 769 2132 verbis:
797 2071 857 2132 Ιἰίοε
879 2071 1032 2134 “malum

203 2143 311 2188 mundi
339 2145 362 2174 ¹.
395 2144 566 2178 Efﬁciamur
609 2145 770 2178 luminaria
822 2146 852 2176 in
907 2147 1031 2188 mundo,

1081 1700 1112 1728 ἐκ
1140 1700 1187 1728 τοῦ
1213 1700 1329 1740 σπείρειν
1360 1700 1396 1732 είς
1427 1698 1608 1736 δικαιοσύνην,
1626 1699 1669 1727 καὶ
1692 1702 1789 1739 τρυγᾷν
1803 1700 1905 1740 καρπὸν

1078 1747 1149 1781 ζωῆς
1179 1744 1283 1785 (πρᾶξις
1309 1744 1371 1784 γὰρ,
1401 1744 1510 1784 θεωρίας
1539 1743 1690 1786 πρόξενος),
1734 1744 1781 1773 ἳνα
1815 1745 1848 1774 τά
1876 1756 1905 1774 τι

1075 1789 1144 1819 ἄλλα
1165 1791 1210 1819 καὶ
1231 1791 1309 1818 τοῦτο
1332 1789 1476 1828 μάθωμεν,
1498 1790 1524 1818 τί
1546 1789 1594 1828 μὶν
1619 1790 1649 1819 τὸ
1684 1789 1809 1824 ἀληθινὸν
1836 1789 1902 1831 φῖὁς,

1074 1835 1099 1863 τί
1127 1834 1154 1864 δὲ
1181 1835 1211 1863 τὸ
1233 1833 1409 1873 ψευδόμενον,
1436 1835 1481 1863 καὶ
1504 1835 1543 1873 μὴ
1565 1833 1689 1873 λάθωμεν
1702 1835 1902 1875 περιπεσόντες,

1074 1881 1112 1912 ὡς
1128 1879 1215 1918 καλῷ,
1236 1882 1275 1916 τῷ
1303 1881 1419 1920 χείρον..
1441 1879 1582 1918 Γενώμιθα
1600 1882 1669 1921 φῶς,
1695 1879 1784 1920 ὥσπερ
1799 1880 1823 1921 oi
1846 1891 1904 1918 μα·-

1074 1925 1153 1960 θηταὶ
1182 1924 1254 1965 παρὰ
1280 1929 1326 1953 τοῦ
1355 1923 1474 1964 μεγάλου
1521 1925 1614 1957 Φωτδς
1650 1924 1780 1964 ἤκουσαν,
1812 1920 1905 1964 ’Υμετς

1075 1971 1134 1999 ἔστε
1176 1971 1206 1999 τὸ
1249 1970 1306 2011 φῶς
1343 1973 1391 1998 τοῦ
1430 1969 1543 2010 κόσμου,
1583 1969 1721 2010 λέγοντος.
1764 1970 1906 2009 Γενώμιθα

1075 2015 1214 2057 φωστῆρες
1231 2015 1257 2044 ἐν
1274 2016 1380 2053 κόσμῳ,
1405 2014 1485 2054 λόγον
1511 2015 1583 2051 ζωῆς
1610 2015 1769 2056 ἐπέχοντες,
1785 2016 1905 2044 τουτέστι

1075 2061 1176 2097 ζωτικὴ
1205 2067 1264 2093 τοῖς
1294 2059 1398 2099 ἅλλοιςξ
1427 2059 1548 2098 δύναμις.
1587 2058 1735 2098 Λαϐὢμεθα
1763 2061 1901 2099 θεότητος,

1073 2104 1216 2143 λαϐώμεθα
1245 2105 1292 2134 τοῦ
1320 2106 1426 2145 πρώτου
1464 2105 1509 2134 καὶ
1540 2104 1767 2145 ἆκραιφνεστάτου
1795 2106 1901 2138 Φωτός.

1074 2149 1241 2188 Ὀδεύσωμεν
1256 2151 1323 2190 πρὸς
1338 2151 1386 2184 τὴν
1402 2149 1506 2189 λάμψιν
1521 2151 1612 2190 αὐτοῦ,
1637 2151 1688 2191 πρὸ
1708 2152 1755 2179 τοῦ
1780 2150 1899 2190 προσκό-

201 2186 325 2235 verbum
341 2190 409 2221 vitae
422 2192 616 2229 sustinentes,
629 2191 686 2224 hoc
702 2195 759 2228 est,
779 2190 876 2222 vitalis
891 2191 958 2222 aliis
974 2186 1031 2223 ho;

1077 2198 1123 2233 ψαι
1152 2186 1213 2227 τοέλς
1229 2186 1312 2227 πόδας
1329 2196 1407 2234 ἡμῶν
1421 2186 1532 2235 ὶίιτίὸρη
1562 2186 1685 2224 σκοτεινὰ
1706 2195 1750 2224 καὶ
1771 2186 1902 2234 πολέμια,

203 2232 334 2277 minibus
346 2235 389 2266 vis
404 2240 433 2267 et
446 2236 581 2269 facultas.
596 2236 783 2277 Arripiamus
800 2235 952 2276 deitatem,
963 2237 1036 2268 arri.

204 2276 320 2316 piamus
337 2280 465 2320 primum
483 2284 514 2313 et
527 2276 722 2322 purissimum
736 2281 861 2311 Lumen.
879 2280 925 2312 Ad
941 2281 1037 2322 ipsius

1078 2239 1155 2272 ’Ἕως
1184 2239 1271 2279 ἡμέρα
1298 2239 1378 2277 εστὶν,
1409 2239 1446 2271 ὥς
1467 2238 1496 2267 ἒν
1516 2239 1604 2279 ἡμέρᾳ
1626 2239 1805 2280 εὐσχημόνως
1827 2251 1902 2281 περι-

1078 2285 1253 2325 πατήσωμεν,
1284 2285 1323 2323 μὴ
1348 2285 1461 2323 κώμιοις
1489 2285 1533 2313 καὶ
1555 2285 1660 2323 μέθαις,
1684 2284 1724 2324 μὴ
1739 2285 1841 2318 κοίταις
1857 2284 1917 2315 καὶ’

203 2323 395 2363 splendorem
411 2326 774 2368 incedamus,priusquam
791 2325 881 2366 pedes
894 2327 990 2358 nostri
1001 2328 1033 2359 ad

1079 2323 1274 2368 dsslyslztcpdi
1289 2329 1380 2362 νυκτός
1394 2330 1451 2358 ἑστι
1465 2328 1619 2368 κλέμματα,

243 2377 355 2423 9⁸11ρῇ
371 2389 423 2423 xn,
440 2381 490 2412 49.
533 2380 560 2403 9³
576 2380 653 2413 Gen.
668 2389 729 2418 XIX,
746 2381 807 2423 244.7
839 2379 867 2402 Ν
881 2380 958 2413 Psal.
977 2392 1006 2420 x,
1024 2383 1033 2413 Ἰ

1097 2382 1125 2405 οδ
1141 2382 1243 2415 Matth.
1266 2391 1335 2423 xxv,
1360 2383 1412 2415 41.
1454 2382 1575 2416 lloPsal.
1592 2391 1675 2422 xcvx,
1687 2383 1717 2415 8.
1759 2382 1857 2417 "lea.
1873 2393 1903 2420 v,

201 2418 252 2451 20.
295 2418 570 2465 mpPsalchxxvm,
591 2423 637 2460 ll,
654 2431 738 2462 seqq.
782 2421 810 2444 99
823 2422 890 2454 Ose.
906 2430 936 2462 x,
954 2418 1003 2454 12;
1049 2422 1060 2445 ί
1075 2423 1178 2456 Matth.
1195 2432 1226 2465 v,
1243 2424 1293 2455 l4.

219 2468 309 2516 _(96)
325 2464 384 2499 Ἐπὶ
398 2471 447 2505 τῆς
470 2475 532 2510 γῆς.
549 2470 622 2502 Tres
639 2472 731 2511 Regg.
750 2474 779 2502 et
803 2472 857 2504 Gr.
874 2472 903 2509 1,
919 2472 962 2500 ὶεπὶ
980 2473 1029 2507 τὴν

238 2522 480 2596 ίθηςλναγωγῆς
511 2552 613 2592 λόγοις.
646 2562 661 2582 (
692 2551 874 2592 Anagogice,
895 2563 908 2583 ι
937 2551 966 2583 id
983 2556 1029 2584 est

204 2600 216 2617 σ
232 2599 260 2620 m
280 2594 368 2623 stice.
384 2603 396 2620 ι

245 2600 311 2673 (ξιξ)
322 2630 404 2673 Ἀλλὰ
415 2633 471 2662 καί.
485 2631 535 2664 Sic
550 2632 612 2673 duo
624 2634 706 2673 Regg
729 2633 877 2673 Deestul
891 2632 921 2663 in
938 2633 986 2664 ed.

243 2670 308 2710 (99)
322 2672 372 2700 Καὶ
386 2674 428 2704 τό.
445 2672 496 2705 Sic
515 2682 567 2704 sex
583 2670 768 2713 Reggfftres
781 2672 864 2704 Colb.
881 2677 910 2705 et
924 2673 1029 2705 Gomb.

202 2708 292 2740 Deest.
304 2710 334 2738 τό
350 2710 379 2742 in
390 2712 440 2743 ed.

242 2734 455 2794 iam;
478 2753 610 2794 ᾳᾴξληκι.
641 2752 756 2794 Alludit
783 2752 820 2794 ad
847 2753 911 2794 haec
940 2753 1030 2785 verba

202 2786 297 2827 Isaia),
310 2786 390 2836 Lavi,
402 2786 502 2829 24,vel
512 2786 603 2826 Marc.
620 2803 662 2834 ix,
678 2793 734 2826 43:
758 2804 770 2822 α
785 2792 908 2825 Vermis
923 2802 1029 2826 eorum

201 2837 261 2860 non
277 2833 413 2861 moritur.
431 2844 445 2859 ι

243 2868 286 2910 (2)
304 2871 471 2908 Διαιωνίζον.
483 2871 534 2903 Sic
543 2871 602 2904 duo
617 2872 725 2915 Coisl.,
740 2877 799 2906 etc.
811 2874 845 2907 lu
857 2873 921 2914 ed.,
938 2873 1028 2904 διαιω-

1172 2513 1435 2555 Φιλανθρωπότερον.
1457 2525 1468 2542 ε
1483 2512 1591 2555 ignem
1620 2513 1784 2552 mitiorem,
1802 2525 1818 2546 ι
1845 2515 1901 2555 qui

1070 2553 1211 2595 videlicet
1226 2553 1286 2595 non
1303 2553 1410 2595 perdat
1425 2563 1460 2586 ac
1474 2553 1583 2593 deleat,
1593 2558 1626 2586 ut
1639 2553 1904 2595 Sodomiticnsfet

1071 2594 1123 2634 qui
1138 2594 1277 2636 reprobis
1296 2594 1464 2627 destinatus
1475 2598 1532 2636 est;
1545 2595 1598 2636 sed
1609 2595 1662 2635 qui
1671 2595 1767 2628 malos
1777 2595 1809 2628 in
1820 2600 1902 2629 tem-

1072 2643 1144 2679 pore
1160 2635 1332 2679 ulciscatur,
1347 2639 1380 2679 _e_t
1403 2645 1420 2667 a
1443 2635 1576 2679 peccatis
1601 2635 1756 2679 emundet.
1781 2636 1826 2669 De
1840 2645 1901 2679 quo

1071 2676 1147 2715 Aug.
1169 2687 1180 2705 ι
1194 2674 1250 2707 Hic
1265 2674 1332 2717 ure,
1347 2675 1395 2707 hic
1410 2674 1490 2714 seca,
1508 2675 1598 2708 modo
1623 2676 1655 2708 in
1669 2680 1815 2710 aeternum
1830 2674 1902 2719 pir-

1071 2724 1291 2797 ε,ἳξίῖἰεηιινικ
1314 2756 1364 2790 Sic
1387 2756 1456 2790 Par.
1472 2760 1501 2788 et
1526 2755 1651 2799 Bervag.
1677 2756 1712 2790 In
1725 2757 1790 2798 ed.,
1819 2759 1897 2788 ἂκιι-

1070 2806 1150 2882 νοῖίὲ)
1168 2838 1322 2876 Νομίζεται.
1339 2836 1373 2871 In
1383 2837 1458 2880 Reg.
1478 2837 1543 2880 bm,
1558 2850 1603 2880 γρ.
1619 2839 1800 2883 ὀνομάζεται,
1812 2851 1828 2870 α
1843 2849 1896 2874 no-

1072 2879 1214 2910 minatur.
1234 2889 1247 2909 ι
