4150 6392
286 288 415 388 εει

1221 322 1504 390 ORATIO
1546 324 1669 389 XL.
1715 358 1793 371 —
1835 324 1920 390 IN
1966 317 2328 389 SANCTUM
2373 320 2779 388 BAPTISMA.

3577 317 3696 384 4‘22

310 460 691 543 νεκρωμένους.
753 460 934 545 "Exin
985 476 1131 541 τρεῖς
1185 461 1309 535 (55)
1352 461 1654 528 ἐπικλύσεις
1684 463 1822 521 κατὰ
1850 462 1956 521 τῶν

2047 470 2232 525 torem
2263 470 2427 524 tuum
2460 462 2742 546 precibus
2766 464 3004 544 juvaus;
3060 480 3300 524 manum
3360 477 3468 543 per
3516 460 3694 523 ﬁdem

309 546 601 632 σχιδάκων,
683 552 778 617 αῖς
836 554 1144 632 καθιερώσω
1198 553 1298 621 τὴν
1352 554 1554 634 θυσίαν,
1636 551 1783 613 ὕδατι
1855 561 1956 629 πῦρ

308 641 540 721 ὶγείρων,
607 641 668 700 τὰ
726 639 1148 721 παραδοξότατον
1178 661 1194 678 ο
1255 643 1345 700 καὶ
1387 644 1509 708 τοὺς
1540 644 1819 724 προφήτας
1848 667 1955 702 κα-

307 728 519 788 ταϐαλῶ
548 736 647 803 τῆς
709 732 970 811 αἰσχύνης
1031 731 1181 815 (54),
1233 734 1522 813 μυστηρίου
1552 731 1766 810 δυνάμει
1798 735 1955 815 χρώ-

308 841 487 896 μενος.

2042 552 2299 635 porrige.
2328 551 2476 615 Tres
2510 554 2733 635 lapides
2765 552 2955 615 habeo
2986 551 3065 626 94,
3094 550 3310 633 quibus
3331 548 3695 614 Philistaeum

2036 642 2221 708 funda
2243 652 2440 725 petam
2470 652 2530 706 et
2562 642 2912 723 percutiam.
2946 640 3094 704 Tres
3123 640 3409 703 adversus
3438 638 3698 721 Sareph—

2038 732 2231 796 thanae
2253 732 2438 795 ﬁlium
2460 733 2891 795 insufﬂationes
2910 729 3405 813 habeo”,quibus
3421 730 3697 793 homines

2040 831 2230 885 morte
2283 823 2543 886 sublatos
2576 823 2649 884 ad
2685 822 2856 884 vitam
2903 841 3205 885 revocem.
3236 823 3383 884 Tres
3411 821 3698 885 adversus

307 908 531 972 assulas
560 910 945 993 proluviones
974 910 1167 975 habeo
1194 908 1272 990 9°,
1306 910 1521 994 quibus
1547 911 1851 976 victimam
1885 911 2435 995 consecrabo,aqua
2466 912 2692 975 scilicet
2723 911 2919 992 ignem
2951 914 3240 995 excitans,
3263 910 3419 994 quod
3453 911 3695 993 quidem

316 1000 571 1063 maxime
596 1000 935 1064 mirandum
968 1008 1083 1080 est;
1114 1012 1293 1085 atque
1325 1001 1755 1083 ignominiosos
1778 1000 2103 1084 prophe.as
2136 1004 2398 1083 mysterii
2422 1002 2644 1064 viribus
2675 1009 3070 1083 prosternam.

385 1092 532 1158 MA’,
568 1092 627 1151 Τί
686 1114 778 1166 μοι
832 1090 917 1150 δεῖ
945 1094 1287 1175 μακροτέρων
1333 1094 1553 1175 λόγων;
1592 1091 1949 1160 Διδασκαλίας

303 1181 400 1261 γὰρ
440 1184 468 1239 6
499 1182 680 1263 καιρὸς
742 1180 892 1263 (55),
943 1182 1040 1241 οὒκ
1086 1184 1414 1265 ἀντιλογίας.
1475 1184 1814 1265 Μαρτῦρομαι
1859 1183 1951 1241 ἓν·

305 1272 472 1330 ώπιον
515 1282 609 1333 τοῦ
851 1275 985 1331 Θεοῦ
1029 1275 1120 1332 καὶ
1176 1281 1280 1333 τῶν
1363 1272 1628 1332 ἐκλεκτῶν
1683 1273 1949 1354 ἀγγέλων,

305 1362 438 1439 μετὰ
467 1362 666 1431 ταύτης
719 1364 1060 1441 βαπτισθήσῃ
1090 1365 1189 1432 τῆς
1230 1365 1484 1429 πίστεως.
1526 1366 1585 1423 Εἰ
1633 1365 1731 1442 μὶν
1776 1363 1952 1430 ἄλλως

303 1451 655 1533 ἐγγέγραψαι,
685 1453 722 1523 ἢ
765 1455 841 1520 ὡς
872 1455 900 1511 6
962 1452 1092 1531 ἐμὸς
1151 1454 1376 1513 ἀπαιτεῖ
1417 1454 1604 1535 λόγος,
1650 1453 1820 1534 δεῦρο,
1865 1456 1954 1512 καὶ

302 1542 721 1625 μετεγγράφηθι.
761 1544 906 1624 Ἐγὼ
935 1545 1137 1603 τούτων
1191 1549 1291 1605 οὒκ
1342 1545 1515 1625 ἀφυὴς
1566 1544 1951 1626 καλλιγράφος,

299 1635 515 1716 γράφων
572 1631 605 1688 ἃ
661 1634 997 1715 γέγραμμαι,
1061 1636 1151 1693 καὶ
1231 1634 1491 1693 διδάσκων
1548 1634 1583 1691 ἅ
1637 1637 1726 1695 καὶ
1781 1635 1956 1712 μεμά-

299 1726 461 1800 θηκα,
497 1726 584 1782 καὶ
610 1725 884 1802 τετήρηκα
941 1722 993 1791 ἐξ
1037 1724 1213 1805 ἀρχῆς
1257 1726 1329 1791 εἷς
1378 1722 1536 1796 τήνδε
1579 1732 1677 1795 την
1736 1724 1953 1786 πολιᾶν.

299 1812 465 1892 Ἐμὸς
491 1816 519 1872 ὁ
562 1812 820 1893 κίνδυνος,
868 1815 999 1891 ἐμὸν
1057 1816 1147 1873 καὶ
1202 1817 1265 1872 τὸ
1316 1815 1499 1896 γέρας,
1550 1818 1645 1873 τοῦ
1698 1822 1799 1885 τῆς
1857 1821 1956 1884 σῆς

298 1906 487 1985 ψυχῆς
519 1905 826 1986 οἱκονόμου,
861 1906 951 1963 καὶ
1000 1902 1331 1970 τελειοῦντός
1388 1926 1446 1962 σε
1496 1902 1581 1963 διὰ
1607 1908 1703 1964 τοῦ
1761 1906 1954 1984 βαπτίο

296 2015 525 2070 σματος,
564 1995 619 2051 Εἰ
649 1991 706 2051 δὲ
762 1990 931 2059 οὕτως
988 1992 1163 2075 ἔχεις,
1216 1995 1306 2052 καὶ
1355 1992 1550 2059 καλοῦς
1595 1994 1958 2063 ἑνεσηιιάνθης

295 2098 412 2149 τοῖς
472 2084 775 2166 γράμμασι,
858 2085 1092 2165 φύλασσέ
1163 2108 1256 2162 μοι
1326 2087 1393 2142 τὰ
1473 2085 1845 2167 γεγραμμένα,
1904 2085 1958 2144 ἒν

295 2188 507 2254 καιροῖς
572 2187 824 2256 τρεπτοϊς
904 2172 1163 2255 ἄτρεπτος
1255 2175 1432 2252 μένων
1512 2177 1630 2258 περὶ
1700 2175 1959 2257 ἂτρὲπτου

296 2266 643 2346 πράγματος.
709 2268 952 2342 Μίμησαι
1014 2268 1107 2324 τὸν
1150 2263 1382 2325 Πιλᾶτον
1439 2266 1526 2324 ἐπὶ
1571 2267 1632 2324 τὸ
1687 2280 1955 2348 κρεῖττον,

294 2362 481 2421 κακῶς
541 2356 853 2449 γράφοντα,
923 2352 1127 2449 καλῶς.
1178 2355 1551 2449 γεγραμμένος
1595 2355 1759 2449 *(5Ἶ),
1828 2356 1955 2449 Εἰπέ

294 2458 413 2512 τοῖς
477 2446 854 2522 μεταπείθουσί
897 2466 955 2502 σε
990 2464 1005 2479 ⁸
1086 2437 1164 2505 μΟ
1223 2446 1484 2528 γέγραφα,
1545 2446 1808 2529 γέγραφα.
1860 2447 1957 2506 Καὶ

296 2537 397 2615 γὰρ
442 2536 510 2591 ἂν
568 2534 950 2617 αἰσχυνοίμην,
998 2535 1065 2612 εί,
1126 2542 1221 2594 τοῦ
1276 2543 1441 2594 κακοῦ
1499 2536 1750 2612 μένοντος
1806 2535 1957 2594 ἀκλι-

296 2634 443 2700 νοῡς,
488 2626 551 2683 τὸ
592 2625 757 2684 καλὸν
807 2626 973 2704 ῥᾷστα
1029 2626 1400 2702 μετακλίνοιτο
1429 2625 1561 2707 (58)
1593 2643 1608 2659 ⁸
1645 2625 1761 2685 δέον
1792 2627 1953 2705 εὐμε-

295 2717 618 2788 τακινήτους
650 2714 748 2794 μὲν
779 2716 924 2773 εἶναι
953 2716 1088 2796 πρὸς
1120 2717 1183 2774 τὸ
1224 2729 1470 2797 κρεῖττον
1528 2717 1635 2775 ἀπὸ
1689 2725 1784 2775 τοῦ
1830 2717 1957 2799 χεί-

298 2830 487 2888 ρονος,
522 2807 806 2877 ἀκινήτους
833 2804 889 2862 δὲ
917 2806 1049 2882 πρὸς
1080 2807 1140 2862 τὸ
1170 2819 1361 2887 χεῖρον
1390 2807 1497 2864 ἀπὸ
1525 2813 1619 2864 τοῦ
1660 2806 1953 2885 βελτίονος,

298 2899 359 2955 Εἰ
402 2896 577 2962 οὕτως
607 2896 863 2975 βαπτίζῃ,
908 2896 997 2954 καὶ
1043 2896 1180 2954 κατὰ
1223 2898 1424 2965 ταύτην
1479 2898 1578 2966 τὴν
1637 2897 1953 2974 μαθητείαν,

298 2986 431 3047 Ἰδοὺ
492 2988 559 3045 τὰ
607 2985 772 3068 χείλη
836 3008 938 3063 μου
989 2984 1049 3043 οὗ
1113 2986 1194 3061 μὴ
1250 2987 1497 3065 κωλύσω,
1554 2985 1665 3046 ἰδοὺ
1723 2989 1955 3069 κίχρημι

301 3079 399 3145 τὰς
429 3090 633 3160 χεῖρας
677 3083 755 3154 τῷ
783 3077 1077 3155 Πνεύματι,
1136 3078 1467 3158 Ταχύνωμεν
1509 3078 1611 3147 τὴν
1662 3078 1953 3158 σωτηρίαν,

302 3168 624 3246 ἀναστῶμεν
653 3169 740 3226 ἰπὶ
767 3168 830 3225 τὸ
854 3168 1135 3246 βάπτισμα
1167 3185 1182 3201 ⁸
1216 3168 1394 3250 σφάζει
1442 3168 1503 3226 τὸ
1533 3174 1770 3249 Πνεῦμα,
1817 3168 1957 3242 πρό-

296 3260 470 3338 θυμος
507 3260 535 3315 6
593 3256 912 3336 τελειωτής,
946 3260 1008 3317 τὸ
1032 3256 1197 3336 δῶρον
1228 3258 1468 3337 ἕτοιμον.
1530 3261 1590 3319 Εἰ
1633 3258 1688 3316 δὲ
1746 3258 1958 3331 σκάζεις

294 3347 400 3424 ἔτι,
463 3350 559 3408 καὶ
587 3354 669 3427 μὴ
700 3347 980 3431 καταδέχο
1006 3350 1070 3407 τὸ
1112 3348 1319 3407 τέλειον
1358 3356 1457 3419 τῆς
1501 3351 1777 3431 θεὸτητος,
1809 3350 1958 3422 ζήτει

149 3422 181 3503 ίί
294 3422 393 3500 σὺν
433 3422 771 3521 βαπτιστῆν,
813 3439 851 3506 ἦ
896 3422 1350 3512 ἔιέταδαπτιστήν·
1396 3438 1552 3517 Ἐμοὶ
1604 3438 1659 3497 δὲ
1689 3422 1958 3521 ὠ¹Ὓ⁰λή

290 3530 516 3609 τέμνειν
546 3530 798 3607 θεότητα,
853 3531 944 3588 καὶ
999 3530 1184 3611 νεκρόν
1240 3551 1301 3587 σε
1349 3544 1529 3589 ποιεῖν
1571 3531 1627 3589 ἐν
1654 3537 1829 3611 καιρῷ
1858 3535 1956 3599 τῆς

292 3619 705 3702 ἄναγεννήσεως
740 3636 756 3652 ⁸
794 3619 889 3678 ἵνα
924 3621 1062 3699 μήτε
1090 3621 1151 3679 τὸ
1182 3621 1428 3703 χάρισμα
1458 3619 1617 3703 ἔχῃς,
1673 3623 1811 3698 μήτε
1855 3620 1954 3690 τὴν

288 3711 487 3795 ἐλπίδα
512 3717 608 3779 τῆς
658 3711 905 3795 χάριτος,
961 3710 1018 3768 ἓν
1074 3711 1239 3791 ὀλίγῶ
1287 3713 1592 3793 ναυαγήσας
1622 3713 1720 3782 τὴν
1765 3735 1952 3782 σωτη-

286 3805 432 3884 ρίαν.
468 3793 567 3867 Ὠς
597 3802 626 3860 ὃ
656 3793 707 3861 τι
739 3801 802 3859 ἂν
856 3799 1057 3884 ὑφέλῃς
1107 3807 1215 3861 τῶν
1255 3808 1416 3883 τριῶν
1444 3807 1544 3872 τῆς
1575 3803 1856 3884 θεότητος,
1893 3805 1954 3861 τὸ

285 3899 394 3951 πᾶν
423 3893 531 3971 ἴση
560 3894 904 3971 καθῃρηκὼς,
967 3895 1055 3950 καὶ
1099 3898 1309 3967 σεαυτῷ
1348 3893 1450 3962 τὴν
1493 3892 1765 3950 τελείωσιν
1801 3892 1948 3973 (59).

2114 1091 2480 1166 XLIV.Quid
2504 1093 2774 1172 longiore
2794 1092 3061 1153 oratione
3081 1109 3232 1173 opus
3253 1091 3375 1153 est?
3400 1091 3700 1155 Doctrina:

2034 1181 2257 1245 etenim
2273 1183 2383 1245 hoc
2408 1190 2637 1264 tempus
2655 1190 2891 1257 est,non
2913 1180 3318 1243 altercationis
3348 1190 3405 1243 et
3428 1180 3697 1262 disputa-

2038 1270 2215 1333 tionis
2250 1271 2553 1353 Testiﬁcat
2579 1288 2784 1335 coram
2810 1272 2928 1333 Deo
2950 1276 3004 1333 et
3024 1273 3230 1334 electis
3252 1270 3508 1352 angelis,
3540 1271 3696 1353 quod

2036 1378 2170 1423 cum
2209 1362 2318 1424 hac
2350 1362 2467 1425 ﬁde
2499 1360 2987 1443 baptizaberis.Si
3016 1361 3130 1423 alio
3158 1360 3334 1421 modo
3366 1360 3694 1443 inscriptus

2036 1467 2311 1530 es,quam
2340 1471 2468 1515 mea
2494 1451 2765 1514 doctrina
2789 1449 3224 1533 exposcit,veni
3241 1467 3309 1511 ac
3338 1450 3695 1512 transcribe-

2036 1542 2258 1622 re.Ego
2280 1542 2494 1604 horum
2518 1560 2635 1603 non
2669 1541 2916 1602 inscitus
2936 1548 3115 1622 atque
3136 1540 3375 1621 ineptus
3395 1557 3530 1601 sum
3553 1540 3696 1602 scri-

2038 1633 2471 1712 ptor,scribens
2492 1652 2562 1695 ea
2581 1650 2712 1714 quae
2731 1630 2877 1692 mihi
2896 1631 3188 1713 inscripta
3218 1636 3447 1706 sunt,et
3468 1629 3695 1693 docens

2039 1740 2173 1801 quae
2196 1722 2583 1804 didici,atque
2613 1740 2647 1784 a
2680 1723 2869 1803 prima
2898 1728 3067 1783 aetate
3091 1721 3164 1782 ad
3198 1719 3351 1781 hanc
3383 1737 3572 1800 usque
3602 1739 3697 1782 ca-

2039 1812 2246 1877 nitiem
2266 1812 2720 1877 servavi.Meum
2743 1810 2819 1873 sit
2843 1810 3194 1893 periculum,
3224 1828 3423 1872 meum
3456 1829 3698 1888 quoque

2043 1905 2378 1986 praemium,
2399 1905 2500 1988 qui
2523 1905 2740 1969 animae
2769 1913 2884 1967 tum
2913 1922 3043 1966 sum
3083 1902 3481 1984 dispensator,
3502 1921 3571 1966 ac
3595 1921 3701 1984 per

2041 1994 2400 2077 baptismum
2435 2006 2493 2059 te
2524 1994 2793 2077 perﬁcio.
2858 1992 2965 2057 Sin
3009 2001 3207 2056 autem
3261 1992 3342 2055 ita
3389 1991 3597 2069 babes,
3629 2011 3700 2055 ac

2045 2086 2320 2168 pulchris
2349 2086 2565 2149 litteris
2582 2093 2816 2149 notatus
2834 2094 3016 2163 atque
3037 2083 3272 2145 inustus
3294 2100 3522 2163 es,quaa
3543 2082 3700 2144 scri-

2040 2184 2137 2258 pta
2160 2184 2298 2238 sunt
2326 2194 2518 2257 serva,
2552 2174 2613 2237 in
2644 2174 2920 2239 obnoxiis
2967 2173 3279 2236 mutationi
3330 2171 3701 2254 temporibus

2039 2266 2202 2330 circa
2223 2286 2348 2329 rem
2368 2265 2617 2329 minime
2636 2264 2981 2329 mutabilem
3013 2261 3395 2327 immutabilis
3429 2281 3698 2327 manens.

2036 2355 2151 2435 Tu,
2191 2356 2292 2439 qui
2338 2366 2503 2419 recte
2550 2354 2933 2436 conscriptus
2971 2373 3057 2426 es,
3092 2352 3373 2426 Pilatum,
3408 2352 3513 2430 qui
3544 2354 3699 2417 male

2037 2447 2451 2529 scripserat,in
2484 2447 2794 2508 meliorem
2835 2453 3061 2526 partem
3086 2442 3458 2507 imitare.Dic
3491 2442 3693 2524 iis,qui

2040 2549 2098 2602 te
2126 2558 2161 2601 a
2182 2538 2477 2602 sententia
2500 2538 2803 2601 deducere
2831 2534 3271 2611 studentzouod
3296 2537 3693 2617 scripsi,scri-

2037 2632 2135 2714 psi
2161 2630 2238 2695 9⁷.
2270 2632 2530 2694 Puderet
2559 2630 2719 2693 enim
2748 2648 2843 2691 me
2871 2628 3158 2709 profecto,
3192 2627 3264 2708 si,
3299 2644 3436 2691 cum
3469 2628 3689 2689 malum

2041 2721 2259 2785 stabile
2288 2741 2358 2784 ac
2393 2723 2631 2783 ﬁrmum
2664 2727 2923 2796 maneat,
2949 2718 3170 2781 bonum
3202 2725 3409 2779 contra
3431 2716 3605 2780 facile
3631 2718 3693 2779 in

2040 2812 2308 2875 deterius
2338 2813 2708 2891 ﬂecteretur;
2741 2828 2879 2872 cum
2926 2827 3035 2871 nos
3058 2810 3135 2871 ita
3164 2815 3537 2886 comparatos
3560 2824 3697 2870 esse

2038 2901 2171 2963 vita
2199 2902 2431 2963 ratione
2473 2906 2764 2982 oporteat,
2798 2906 2863 2961 ut
2891 2917 2925 2961 a
2954 2898 3095 2962 vitio
3127 2897 3366 2981 quidem
3400 2897 3475 2959 ad
3516 2897 3691 2959 virtu~

2040 3000 2160 3054 tem
2204 2992 2365 3054 facili
2422 3000 2585 3054 motu
2632 2989 3032 3071 impellamur,
3066 3007 3101 3050 a
3150 2988 3361 3049 virtute
3389 2996 3587 3051 autem
3619 2986 3691 3049 ad

2040 3081 2248 3144 vitium
2276 3082 2437 3144 nullo
2470 3080 2647 3142 modo
2678 3080 3018 3141 incitemur.
3053 3076 3113 3141 Si
3144 3096 3278 3140 cum
3309 3077 3418 3138 hac
3448 3086 3696 3140 senten.

2041 3171 2123 3235 tia
2145 3181 2205 3235 et
2233 3172 2503 3235 doctrina
2544 3170 2616 3233 ad
2662 3169 3019 3249 baptismum
3054 3167 3315 3242 accedis,
3360 3184 3489 3229 ecce
3529 3166 3694 3229 labia

2039 3280 2175 3327 mea
2208 3282 2331 3327 non
2358 3262 2683 3345 prohibebo
2703 3258 2779 3335 ’3,
2813 3278 2953 3322 ecce
2992 3276 3204 3320 manus
3255 3275 3415 3320 meas
3446 3256 3695 3338 Spiritui

2041 3352 2379 3417 commodo.
2405 3352 2668 3415 Salutem
2700 3350 3133 3428 acceleremus,
3168 3346 3304 3407 797
3340 3345 3414 3407 ad
3464 3345 3696 3427 baptis-

2042 3461 2206 3506 mum
2238 3460 2648 3523 exsurgamus;
2682 3439 2881 3504 exsilit
2907 3436 3185 3519 Spiritus,
3208 3445 3426 3519 praesto
3458 3436 3695 3499 estini-

2041 3533 2239 3611 tiator,
2271 3535 2331 3596 in
2364 3541 2638 3616 promptu
2671 3539 2763 3595 est
2791 3528 3148 3611 baptismus.
3190 3527 3299 3591 Sin
3326 3544 3466 3589 vero
3497 3525 3691 3589 adhuc

2038 3624 2480 3703 claudicas,nec
2497 3622 2745 3687 Deitatis
2768 3620 3199 3704 perfectionem
3213 3617 3701 3699 suscipis,qua3re

2036 3716 2140 3798 qui
2172 3723 2229 3779 te
2258 3714 2464 3795 tingat,
2498 3713 2589 3775 vel
2615 3713 2676 3775 in
2704 3711 2913 3774 malam
2951 3728 3077 3774 rem
3113 3708 3320 3789 tingat.
3354 3707 3501 3771 Mihi
3536 3707 3698 3798 enim

2035 3794 2158 3869 non
2189 3794 2662 3869 vacatDeitatem
2694 3819 2925 3877 secare,
2949 3809 3126 3882 atque
3147 3799 3209 3861 in
3222 3794 3702 3878 regenerationis

2037 3905 2308 3979 tempore
2330 3896 2433 3956 tibi
2460 3904 2712 3957 mortem
2736 3892 2981 3967 inferre;
3008 3892 3171 3953 utsic
3193 3908 3305 3950 nec
3326 3886 3699 3979 gratiam-ha-

285 3981 461 4059 beas,
500 3999 615 4045 nec
642 3980 846 4063 gratiae
874 4000 1070 4064 spem,
1103 3982 1296 4046 salute
1327 3982 1612 4046 nimirum
1660 3980 1828 4047 brevi
1880 3976 2178 4067 tempore
2201 3986 2511 4065 naufragio
2562 3984 2804 4048 amissa.
2858 3981 2920 4046 Si
2965 3981 3063 4045 cui
3094 3983 3253 4044 enim
3285 3998 3356 4042 ex
3387 3977 3481 4040 his
3511 3976 3699 4038 tribus

284 4072 671 4136 divinitatem
703 4072 1059 4155 detraxeris,
1091 4080 1282 4136 totum
1316 4071 1629 4150 everteris,
1656 4071 1886 4151 tibique
1912 4074 2024 4157 ipsi
2057 4076 2489 4157 perfectionem
2523 4074 2849 4137 ademeris.

368 4163 499 4224 ME'
515 4210 528 4224 .
563 4160 715 4221 Ἀλλ’
744 4161 894 4220 οὔπω
952 4165 1115 4230 τύπος
1147 4162 1313 4227 οὐδεὶς
1346 4164 1400 4220 ἐν
1430 4170 1499 4241 τῇ
1525 4169 1596 4241 σῇ
1626 4163 1802 4245 ψυχῇ,
1836 4165 1954 4222 οὔτε

2118 4165 2293 4229 XLV.
2322 4167 2399 4229 At
2428 4165 2691 4227 nondum
2726 4164 2847 4228 ulla
2876 4164 2935 4225 in
2964 4162 3161 4225 animo
3188 4168 3311 4235 tuo,
3336 4158 3429 4221 vel
3453 4157 3691 4240 melior,

288 4257 546 4338 χείρονος
590 4252 715 4334 (60)
775 4253 1116 4333 γράμματος,
1177 4251 1295 4313 οὐδὲ
1338 4252 1611 4331 βελτίονος
1644 4270 1659 4285 ⁰
1725 4255 1957 4334 σήμερον

288 4344 346 4403 δέ
379 4367 443 4404 σε
477 4349 746 4425 γραφῆναι
803 4342 1005 4421 δεήσει,
1051 4345 1140 4401 καὶ
1187 4343 1314 4426 παρ’
1358 4346 1513 4421 ἡμῶν
1545 4343 1672 4423 (61)
1702 4345 1960 4415 τυπωθῆ-

293 4458 385 4494 ναι
419 4438 557 4517 πρὸς
585 4432 902 4502 τελειότητα
930 4453 949 4515 ς
984 4431 1134 4491 Εῗσω
1161 4438 1264 4502 τῆς
1310 4434 1537 4516 νεφέλης
1567 4436 1908 4515 χωρήσωμεν
1939 4450 1955 4466 ⁸

287 4525 380 4593 δός
444 4548 541 4604 μοι
600 4525 698 4590 τὰς
758 4522 969 4589 πλάκας
1026 4524 1124 4594 τῆς
1184 4530 1286 4593 σῆς
1345 4523 1586 4603 καρδίας’
1633 4526 1848 4604 γίνομαι
1880 4546 1961 4589 σοι

288 4615 523 4691 Μωσῆς,
583 4615 628 4671 εἰ
670 4614 759 4671 καὶ
799 4612 1074 4693 τολμηρὸν
1133 4616 1309 4673 εἰπεῖν
1343 4632 1358 4647 ’
1412 4614 1665 4696 ἒγγράφω
1714 4611 1957 4689 δακτύλῳ

288 4713 429 4765 Θεοῦ
490 4704 611 4762 νέαν
665 4702 951 4784 δεκάλογον
984 4723 1000 4739 ο
1055 4705 1308 4786 ἒγγράφω
1363 4705 1622 4783 σύντομον
1657 4704 1954 4786 σωτηρίαν.

2041 4256 2135 4319 vel
2168 4256 2430 4319 deterior
2454 4254 2649 4317 littera
2699 4254 2988 4334 impressa
3021 4260 3131 4333 est;
3164 4268 3373 4313 verum
3403 4248 3696 4311 hodierno

2044 4345 2142 4410 die
2173 4345 2421 4408 inscribi
2453 4352 2709 4426 oportet,
2744 4353 2921 4424 atque
2950 4360 2984 4404 a
3029 4340 3201 4402 nobis
3245 4339 3320 4401 ad
3373 4338 3698 4421 perfectio-

2044 4455 2181 4499 nem
2208 4433 2548 4497 informari?
2578 4436 2628 4500 Ν
2639 4433 2812 4495 ubem
2842 4428 3274 4511 ingrediamur;
3301 4428 3377 4490 da
3409 4428 3555 4490 mihi
3586 4446 3694 4508 pe-

2045 4526 2227 4591 ctoris
2256 4526 2340 4587 tui
2372 4524 2623 4600 tabulas;
2657 4526 2883 4604 Moyses
2914 4521 3017 4583 tibi
3070 4536 3197 4596 ero,
3242 4518 3356 4581 etsi
3386 4518 3499 4579 hoc
3528 4519 3697 4579 inso-

2039 4614 2258 4680 lentius
2289 4634 2324 4677 a
2354 4633 2451 4677 me
2479 4612 2704 4676 dictum
2735 4611 2920 4675 videri
2952 4618 3172 4693 queat;
3206 4607 3315 4671 Dei
3360 4608 3547 4688 digito
3580 4624 3699 4668 no--

2040 4724 2176 4769 vum
2210 4704 2566 4783 Decalogum
2590 4702 2938 4779 inscribam;
2969 4698 3455 4783 compendiosam
3489 4696 3700 4761 salutis

371 4812 439 4864 ιι
467 4813 665 4892 lReg.
696 4815 847 4890 xvii,
882 4810 984 4877 £0.
1067 4808 1124 4857 ³⁵
1153 4810 1233 4875 ΙΙΙ
1262 4809 1410 4892 Reg.
1444 4828 1588 4889 xvn,
1632 4810 1734 4876 2f.
1817 4808 1875 4856 ³⁸
1898 4810 1973 4876 ΙΙΙ

2047 4828 2151 4894 Leg.
2185 4830 2347 4895 xvm,
2381 4811 2479 4877 34.
2525 4809 2579 4854 9⁷
2602 4809 2776 4876 Joan.
2808 4827 2932 4882 ιιι.
2968 4808 3069 4873 29.
3110 4805 3166 4850 9⁸
3198 4805 3351 4869 Psal.
3374 4804 3696 4881 xxnx,IO.

385 4925 518 5005 (ὃὸ)
546 4922 561 4945 '
584 4932 719 5005 Εχῳ
747 4936 921 5003 τρεῖς,
954 4929 1072 5005 etc.
1111 4945 1142 4981 ι
1167 4924 1478 4988 Adversus
1527 4921 1967 5005 assulashabeo

270 5003 422 5070 tres
468 5003 851 5087 proluviones
881 5021 909 5087 ;_
937 5026 960 5062 ›
1010 5003 1135 5087 hoc~
1154 5011 1268 5082 est,
1302 5017 1369 5067 ut
1414 5004 1656 5087 exponit
1699 5004 1963 5087 Nicetas,

297 5083 499 5178 «tres
549 5084 832 5178 baptismi
876 5085 1316 5178 demersiones’,
1352 5109 1382 5142 ι
1430 5083 1643 5148 Billius
1678 5105 1693 5145 :
1755 5109 1780 5141 ιι
1818 5083 1969 5147 Tres

292 5168 593 5232 adversus
613 5164 773 5246 ligna
816 5164 1197 5248 proluviones
1216 5166 1433 5230 habeo.
1467 5190 1495 5229 ι

376 5248 537 5331 (δίιλ
593 5250 724 5331 τρὺς
782 5245 1136 5331 πὲρφήεῖις--ο
1205 5249 1490 5331 αὲςχύνηςο
1550 5272 1577 5304 α
1634 5245 1969 5331 Ιίτορὲιθιεε

294 5326 703 5476 ἓέἡῗιιέἰοιιὶε.
744 5352 772 5385 ι
826 5326 1103 5390 Nobilius
1148 5336 1208 5390 et
1239 5326 1537 5407 vulgata:
1578 5352 1602 5386 ι
1638 5326 1971 5410 Prophetas

386 5431 424 5474 a
454 5460 472 5475 .
519 5434 543 5466 ιι

386 5431 472 5475 al.
519 5434 543 5466 ³³

378 5490 522 5575 (55)
577 5483 634 5551 Ὀ
682 5491 866 5571 καιρός
914 5490 1067 5570 Reg.
1114 5489 1178 5567 d,
1213 5492 1241 5549 6
1270 5492 1454 5571 παρὼν
1496 5490 1708 5572 καιρός,
1745 5509 1777 5551 (
1809 5507 1967 5573 prae-

295 5592 447 5638 nens
474 5581 756 5654 tempus:
790 5590 821 5632 )

379 5652 520 5735 (5(5)
554 5649 686 5735 Ῑόο.
721 5651 905 5715 Deest
932 5651 996 5714 in
1026 5651 1219 5735 Begg.
1257 5649 1382 5734 bm,
1415 5653 1521 5734 ph,
1554 5659 1673 5715 etc.

378 5732 521 5818 (57)
557 5734 751 5801 Καλῶς
781 5732 1172 5813 γεγραμμένος.
1203 5756 1234 5791 ε
1266 5732 1455 5800 Recte
1501 5732 1900 5813 conscriptus.
1944 5756 1968 5789 ε

2050 4920 2200 5004 Hinc
2235 4939 2379 4983 sane
2408 4920 2807 5004 colligendum
2840 4912 3699 5004 videtur,autﬁdei_formulam

2053 5022 2123 5066 ex
2146 5003 2377 5083 integro
2408 4993 2834 5083 conscriptam,
2869 5008 2972 5062 ant
2999 4993 3195 5062 sanea
3222 4993 3589 5077 baptizandis
3610 5012 3702 5055 es-

2022 5103 2117 5147 .se
2147 5080 2576 5163 subsignatam.

2136 5164 2260 5244 (58)
2281 5161 2698 5244 θὶετακλίνοιτο.
2734 5161 2903 5244 Bas.,
2936 5161 3185 5244 κλίνοιτο,

2132 5234 2257 5325 (59)
2280 5239 2372 5312 Ὠς
2405 5245 2508 5310 ὅ...
2543 5247 2639 5314 τὴν
2670 5234 2963 5302 τελείωσιν.
2998 5240 3134 5305 Haec
3164 5246 3225 5302 et
3250 5237 3567 5317 interiecta
3586 5234 3698 5297 de-

2052 5337 2191 5389 sunt
2221 5326 2281 5387 in
2309 5325 2455 5406 Reg.
2490 5326 2613 5387 bm.

2138 5406 2267 5487 (60)
2295 5396 2433 5470 Οὕτῖ
2463 5400 2837 5488 χείρονος-δίο
2866 5410 3115 5483 quatuor
3144 5399 3397 5482 Regg.et
3426 5396 3530 5462 Or.
3568 5401 3703 5462 LIn

2052 5489 2149 5550 ed.
2163 5534 2181 5565 ,
2208 5493 2267 5548 οὐ
2295 5491 2565 5569 χείρονος,

2138 5559 2262 5650 (6t)
2291 5559 2400 5650 Επῖ
2429 5567 2551 5648 παρ’
2576 5569 2754 5650 ήμρν.
2784 5561 2884 5626 Sic
2908 5581 3013 5650 sex
3039 5563 3257 5650 Regg.,
3280 5562 3482 5645 plures
3504 5559 3701 5638 Colb.,

2056 5644 2161 5714 Or.
2191 5644 2253 5725 l,
2290 5648 2448 5724 Par.,
2481 5644 2598 5711 etc.
2632 5644 2812 5708 Deest
2837 5645 2926 5702 καί
2951 5644 3010 5705 in
3040 5645 3136 5708 ed.
