4150 6452
433 307 552 377 423

1667 312 1729 377 S.
1774 303 2139 377 GREGORII
2182 306 2571 373 THEOLOGI

3694 308 3813 375 424

399 448 727 512 doctrinam
762 448 1294 531 insculpamﬂuod
1318 450 1368 512 si
1390 468 1500 531 qua
1525 448 1725 511 bellua
1744 445 2050 520 hieretica,

2148 445 2199 502 El.
2242 442 2297 501 δέ
2328 467 2377 502 τι
2427 445 2607 526 θηρίον
2672 445 2939 525 αἱρετικὸν
2979 445 3068 502 καὶ
3126 444 3435 525 ἀλόγιστον,
3485 442 3807 531 κάτωᾲμει-

398 547 457 603 et
486 559 518 603 a
549 540 781 603 ratione
811 557 1016 602 aversa
1056 542 1152 612 sit,
1190 538 1457 601 inferiori
1490 539 1618 600 loco
1668 544 1923 611 maneat;
1957 540 2058 596 aut

398 628 725 709 periculum
760 628 979 702 erit,ne
1011 629 1275 690 veritatis
1300 628 1567 692 doctrina
1598 635 1877 707 tanquam
1913 623 2057 704 lapi-

397 718 573 781 dibus
602 717 906 779 obruatur.
944 718 1256 798 Baptizabo
1293 727 1370 791 te,
1406 717 1650 783 docens.
1706 716 1766 777 in
1815 713 2057 776 nomine

398 809 612 887 Patris,
668 814 727 868 et
775 805 927 881 Filii,
964 818 1020 869 et
1083 806 1338 887 Spiritus
1372 807 1583 868 sancti.
1620 802 1846 867 Nomen
1881 819 2057 884 porro

399 916 583 960 unum
620 898 807 958 tribus
838 916 1182 977 commune,
1215 896 1435 960 Deitas.
1472 895 1800 975 Intelliges,
1833 903 1953 955 tum
1986 909 2057 954 ex

395 985 524 1068 ipsa
547 1005 744 1049 rerum
776 986 998 1066 specie,
1034 996 1153 1047 tum
1188 1006 1256 1048 ex
1291 986 1487 1048 verbis
1520 985 1687 1066 ipsis,
1729 995 1782 1045 te
1816 1001 2055 1043 omnem

401 1076 766 1157 impietatem
800 1076 1148 1155 rejicere,et
1177 1093 1308 1140 cum
1344 1086 1465 1137 tota
1493 1076 1721 1139 Deitatc
1751 1071 2058 1152 conjungi,

400 1164 611 1244 Crede,
636 1165 916 1225 mundum
950 1165 1321 1247 universum,
1352 1173 1468 1227 tam
1504 1165 1604 1245 qui
1636 1162 1821 1225 oculis
1856 1161 2060 1223 cerni-

398 1265 512 1333 tur,
548 1274 720 1335 quam
753 1255 849 1334 qui
896 1256 1203 1317 oculorum
1257 1256 1525 1317 obtutum
1562 1254 1729 1333 fugit,
1765 1272 1797 1313 a
1832 1252 1954 1314 Deo
1986 1270 2055 1313 ex

396 1344 581 1406 nihilo
623 1356 883 1405 creatum
918 1363 1077 1424 esse,
1112 1356 1169 1406 et
1197 1346 1490 1409 Creatoris
1548 1343 1915 1425 providentia
1941 1360 2054 1421 gu-

397 1433 660 1514 bernari,
692 1434 935 1512 iureque
989 1433 1332 1515 aliquando,
1374 1445 1434 1496 ut
1481 1434 1539 1494 in
1574 1434 2051 1514 prmstantiorcm

396 1530 612 1586 statum
640 1523 1011 1587 immutetur.
1046 1524 1261 1605 Crede,
1295 1525 1519 1585 nullam
1556 1523 1692 1583 mali
1729 1520 2051 1584 essentiam

396 1633 549 1693 esse,
583 1631 691 1674 nec
749 1631 1025 1691 regnum.
1083 1623 1181 1675 aut
1234 1612 1510 1694 principii
1539 1630 1773 1691 expers,
1802 1620 1900 1673 aut
1931 1630 1964 1672 a
1990 1628 2057 1673 se

394 1704 523 1784 ipso
565 1702 918 1779 subsistens,
969 1713 1070 1765 aut
1106 1722 1140 1765 a
1172 1703 1291 1767 Deo
1323 1712 1612 1783 creatum,
1647 1703 1750 1763 sed
1789 1711 2054 1763 nostrum

394 1812 543 1873 opus
574 1793 687 1855 hoc
718 1812 851 1855 esse
879 1803 936 1855 et
963 1795 1131 1856 Pravi
1165 1794 1345 1866 illius,
1384 1795 1601 1855 malum
1636 1812 1704 1854 ex
1738 1792 1968 1853 incuria
1998 1800 2057 1853 et
2078 1832 2117 1882 Β

394 1882 672 1944 socordia
703 1882 775 1944 ad
812 1902 919 1944 nos
942 1884 1279 1963 irrepsisse.
1310 1904 1427 1945 non
1454 1893 1651 1946 autem
1684 1902 1718 1944 a
1748 1886 2051 1946 Creatore.

396 1972 609 2043 Crede,
639 1972 747 2035 Dei
771 1970 1012 2046 Filium,
1045 1972 1308 2036 Verbum
1343 1974 1487 2035 illud
1516 1972 1792 2035 omnibus
1823 1971 2056 2033 szeculis

392 2061 897 2143 antiquius,atque
933 2063 1092 2125 circa
1124 2063 1307 2124 ullum
1344 2066 1632 2144 temporis
1664 2062 2049 2143 principium,

394 2150 827 2233 etincorporeo
852 2154 1027 2214 modo
1050 2172 1083 2213 a
1107 2155 1279 2216 Patre
1295 2152 2053 2233 genitum,hunc,inquam,

395 2240 501 2302 Dei
552 2242 787 2314 Filium,
820 2249 1101 2303 extremis
1132 2241 1366 2322 diebus,
1404 2243 1661 2303 hominis
1708 2258 1943 2322 quoque
1976 2239 2053 2300 ﬂ—

398 2330 541 2391 lium
572 2339 670 2393 tua
695 2349 870 2394 causa
894 2331 1110 2392 factum
1135 2350 1289 2407 esse,
1322 2350 1541 2393 arcano
1586 2330 1782 2403 modo,
1820 2349 1890 2392 ac
1924 2329 2057 2391 sine

402 2420 521 2481 ulla
552 2419 843 2501 spurcitie
869 2440 935 2482 ex
963 2421 1205 2500 Virgine
1240 2421 1413 2483 Maria
1459 2439 1837 2502 progressum
1891 2418 2058 2492 (nihil

405 2510 564 2572 enim
595 2528 899 2590 spurcum,
934 2511 1035 2573 ubi
1069 2511 1206 2572 728
1240 2510 1395 2573 Deus
1428 2519 1542 2583 est,
1579 2520 1639 2572 et
1669 2511 1838 2588 cujus
1871 2510 2055 2573 bene-

408 2600 545 2662 ﬁcio
598 2609 656 2661 et
697 2619 879 2681 opera
932 2601 1091 2663 salus
1142 2609 1425 2683 paratur);
1488 2610 1670 2663 totum
1720 2600 2052 2681 hominem,

403 2689 677 2751 eumdem
713 2701 771 2752 et
822 2690 1034 2771 Deum,
1071 2710 1174 2772 pro
1217 2700 1338 2752 toto
1370 2690 1614 2752 homine
1645 2690 1785 2751 laeso
1819 2698 1900 2752 ut.
1941 2697 2059 2752 tota

405 2780 628 2860 peccati
663 2781 1164 2843 condemnatione
1195 2782 1475 2853 rescissa,
1520 2781 1623 2841 tibi
1660 2782 1767 2845 toti
1801 2781 2057 2843 salutem

410 2870 1027 2952 aﬂ'erat;impaticilem
1061 2869 1705 2950 divinitate,patibilem
1742 2878 2062 2951 assumpta:

2141 556 2283 590 νατω
2326 534 2456 615 (62)
2495 555 2509 571 ⁸
2550 538 2585 607 ἥ
2648 534 2972 594 κινδυνεύσει
3041 531 3483 610 λιθοϐολσύμενον
3538 532 3617 608 τῷ
3653 529 3803 608 λόγῳ

2140 628 2238 691 τῆς
2269 623 2548 692 ἀληθείας.
2588 628 2839 684 Βαπτίσω
2889 646 2949 681 σε
3000 625 3341 703 μαθητεύων,
3393 624 3467 689 εἷς
3496 621 3667 699 ὄνομα
3694 626 3806 678 Πα-

2138 715 2287 793 τρὸς,
2337 714 2424 770 καὶ
2486 716 2631 788 Υὶοῦ,
2694 716 2783 773 καὶ
2839 715 2991 794 ἁγίου
3058 715 3384 791 Πνεύματος.
3458 710 3686 788 ’Ὄνομα
3741 708 3798 767 δὲ

2140 806 2316 860 κοινὸν
2352 810 2457 861 τῶν
2510 810 2670 883 τριῶν
2718 804 2772 862 ἕν
2805 804 2953 884 ι63),
2988 807 3022 875 ἡ
3054 806 3273 873 θεότης,
3307 804 3497 881 Γνώσῃ
3542 804 3631 859 καὶ
3675 813 3798 864 τοῖς

2141 895 2396 973 σχήμασι
2446 895 2573 973 (64)
2612 897 2849 958 καὶτοῖς
2896 897 3157 974 ῥήμασιν,
3205 897 3278 959 ὡς
3331 894 3465 961 ὅλην
3495 891 3795 968 ἀποπέμπῃ

2147 986 2241 1053 τὴν
2274 986 2482 1067 ἆθεΐαν,
2547 988 2716 1053 οὕτως
2776 987 2878 1065 ὅλῃ
2921 989 3136 1057 θεότητι
3195 986 3642 1063 συντασσόμενος.
3705 984 3799 1040 Πί-

2145 1096 2317 1152 στευε,
2364 1079 2455 1134 τὸν
2514 1080 2793 1154 σύμπαντα
2845 1077 3079 1154 κόσμον,
3128 1076 3255 1141 ὅσος
3325 1097 3384 1133 τε
3439 1077 3652 1154 ὁρατὸς,
3706 1074 3800 1129 καὶ

2143 1164 2268 1229 ὅσος
2329 1167 2575 1247 ἀόρατος,
2638 1166 2690 1234 ἐξ
2746 1168 2841 1225 οὒκ
2883 1168 3053 1225 ὄντων
3111 1169 3255 1243 παρὰ
3313 1173 3445 1224 Θεοῦ
3475 1166 3791 1244 γενόμενον,

2140 1256 2229 1312 καὶ
2260 1258 2479 1336 προνοίᾳ
2509 1264 2601 1315 τοῦ
2632 1260 2956 1329 ποιήσαντος
2988 1257 3374 1333 διοικούμενον,
3394 1253 3639 1321 δέξασθαι
3668 1251 3795 1332 (65)

2138 1345 2240 1413 τὴν
2284 1348 2358 1411 εἰς
2403 1349 2464 1403 τὸ
2508 1361 2758 1427 κρεῖττον
2803 1346 3130 1425 μεταϐολήν.
3191 1348 3432 1421 Πίστευε,
3484 1345 3562 1421 μὴ
3619 1344 3799 1401 οὖσίαν

2138 1436 2281 1492 εῖναί
2332 1435 2452 1517 (66)
2514 1459 2631 1495 τινα
2684 1445 2778 1495 τοῦ
2836 1444 3030 1515 κακοῦ,
3088 1439 3225 1514 μήτε
3254 1432 3797 1515 βασιλείαν,ἢᾶναρ-

2140 1547 2266 1605 χον,
2316 1525 2352 1594 ἢ
2398 1529 2524 1605 παρ’
2583 1528 2777 1597 ἑαυτῆς
2835 1530 3163 1608 ὑποστᾶσαν,
3245 1527 3281 1595 ἢ
3334 1527 3477 1605 παρὰ
3530 1524 3623 1581 τοῦ
3666 1531 3801 1584 Θεοῦ

2137 1614 2457 1691 γενομένην,
2504 1614 2626 1674 ἀλλ’
2675 1618 2935 1696 ὴμέτερον
2980 1620 3133 1697 ἔργον
3177 1616 3319 1674 εἶναι
3366 1623 3520 1673 τοῦτο
3558 1615 3646 1670 καὶ
3703 1620 3796 1671 τοῦ

2138 1708 2397 1784 πονηροῦ,
2454 1708 2517 1763 ὲκ
2576 1711 2677 1775 σῆς
2747 1706 3062 1787 ἀπροσεξίας
3126 1705 3404 1765 ἐπισελθὸν
3455 1708 3618 1780 ἡμῖν,
3673 1700 3795 1761 ἀλλ’

2139 1796 2261 1875 οὐχὶ
2294 1797 2387 1851 τοῦ
2427 1796 2731 1863 κτίσαντος.
2766 1799 3011 1873 ΙΙίστευε,
3066 1797 3159 1854 τόν
3210 1798 3331 1853 Υἱὸν
3371 1805 3465 1855 τοῦ
3520 1801 3675 1875 Θεοῦ,
3704 1795 3796 1849 τὸν

2139 1884 2467 1962 προαιώνιον
2525 1887 2719 1968 Λόγον,
2777 1888 2869 1944 τὸν
2949 1887 3266 1967 γεννηθέντα
3316 1889 3378 1943 εκ
3447 1888 3539 1941 τοῦ
3595 1885 3799 1963 Πατρὸς

2138 1970 2385 2051 ἀχρόνως
2435 1977 2521 2031 καὶ
2580 1976 2910 2053 ἀσωμάτως,
2967 1983 3155 2034 τοῦτον
3233 1975 3318 2032 ἔπ’
3382 1974 3631 2056 ἐσχάτων
3690 1978 3798 2030 τῶν

2138 2062 2379 2140 ἠμερῳν,
2415 2069 2734 2144 γεγενῆσθαι
2799 2064 2919 2144 (67)
2979 2064 3065 2123 διὰ
3121 2066 3181 2123 σὲ
3230 2068 3318 2123 καὶ
3351 2068 3472 2122 Υἱὸν
3496 2065 3795 2145 ἀνθρώπου,

2140 2149 2201 2207 lx
2241 2156 2341 2219 τῆς
2415 2153 2681 2232 Παρθένου
2738 2154 3065 2234 προελθόντα
3126 2156 3353 2235 Μαρίας,
3416 2154 3655 2232 ἀῤῥήτως
3711 2156 3799 2211 καὶ

2140 2240 2420 2322 ἆρυπάρως
2480 2242 2653 2323 (ούδὶν
2700 2246 2800 2323 γὰρ
2864 2243 3093 2325 ῥυπαρὸν
3145 2245 3206 2301 οὗ
3260 2246 3414 2317 Θεὸς,
3468 2245 3556 2301 καὶ
3616 2240 3687 2298 δι’
3734 2242 3795 2298 οὗ

2140 2335 2377 2412 σωτηρία
2408 2329 2597 2415 [68]),
2671 2333 2794 2392 ὅλον
2828 2335 3125 2416 ἄνθρωπον,
3159 2336 3250 2392 τὸν
3295 2337 3447 2393 αὐτὸν
3492 2334 3579 2391 καὶ
3633 2335 3794 2413 Θεὸν,

2140 2422 2271 2497 ὑπὲρ
2302 2421 2427 2479 ὅλου
2456 2432 2547 2480 τοῦ
2592 2426 2944 2506 πεπονθότος,
2998 2422 3093 2482 ἵνα
3152 2424 3263 2500 ὅλῳ
3292 2447 3374 2483 σοι
3403 2426 3501 2493 τὴν
3530 2423 3798 2493 σωτηρίαν

2141 2512 2461 2591 χαρίσηται,
2496 2512 2621 2571 ὅλον
2666 2514 2729 2571 τὸ
2771 2516 3076 2595 κατάκριμα
3135 2512 3296 2579 λύσας
3341 2518 3439 2580 τῆς
3484 2514 3742 2590 ἁμαρτίας
3777 2529 3795 2547 ⁸

2141 2604 2320 2670 ἀπαθῆ
2362 2603 2601 2685 θεότητι,
2661 2606 2897 2673 παθητὸν
2940 2612 3017 2681 τῷ
3062 2603 3185 2686 (69)
3229 2604 3613 2683 προσλήμματι
3651 2619 3667 2636 ⁸
3707 2624 3800 2659 το-

2142 2699 2329 2749 σοῦτον
2388 2692 2666 2772 ἄνθρωπον
2725 2692 2808 2753 διὰ
2863 2716 2948 2771 σε,
3007 2694 3132 2752 ὅσον
3194 2695 3257 2751 σὺ
3299 2696 3421 2774 γίνῃ
3470 2692 3540 2750 δι’
3594 2695 3802 2751 ἒκεῖνον

2144 2782 2275 2847 Θεός
2307 2801 2321 2818 ⁸
2377 2790 2561 2841 τοῦτον
2604 2784 2736 2862 ὑπὲρ
2773 2790 2880 2842 τῶν
2924 2785 3163 2861 ἀνομιῶν
3205 2784 3373 2865 ἦχθαι
3425 2785 3499 2848 είς
3554 2784 3799 2863 θάνατον,

2144 2873 2507 2953 σταυρωθέντα
2544 2895 2603 2930 τε
2637 2874 2761 2957 (70)
2820 2876 2909 2932 καὶ
2952 2874 3211 2955 ταφέντα,
3267 2874 3391 2932 ὅσον
3422 2874 3648 2931 θανάτου
3676 2876 3804 2952 γεύ-

401 2959 790 3022 humanitatis
813 2963 1068 3038 ratione;
1115 2969 1339 3022 tantum
1401 2960 1702 3022 hominem
1740 2968 1980 3041 propter
2005 2967 2059 3022 te

2148 2966 2357 3037 σασθαι,
2419 2965 2509 3021 καὶ
2568 2965 2871 3043 ἀναστρντα
2919 2966 3232 3044 τριήμερόν,
3298 2962 3672 3032 ἀνεληλυθέναι
3730 2966 3803 3028 εἷς

405 3048 994 3130 eﬂ‘eclum,quantum
1027 3060 1084 3109 tu
1120 3061 1362 3129 propter
1387 3049 1552 3110 illum
1588 3038 1755 3111 Deus
1775 3038 2058 3124 efficeris;

2148 3053 2266 3120 τοὺς
2325 3052 2601 3135 οὒρανοὺς,
2662 3038 2755 3112 ἴνα
2814 3076 2874 3112 σε
2944 3038 3223 3135 συναγαγῃ
3306 3054 3454 3112 κάτω
3509 3057 3750 3131 κείμενον
3784 3074 3799 3089 ⁸

403 3138 562 3199 hunc
596 3148 839 3219 propter
874 3138 1217 3220 iniquitates
1250 3153 1485 3201 nOSIras
1516 3138 1588 3200 ad
1627 3146 1877 3202 mortem
1911 3140 2065 3201 (luc-

403 3228 617 3301 tum,in
630 3246 868 3290 crucem
893 3229 1189 3290 sublatum
1204 3239 1281 3310 ,et
1301 3230 1606 3310 sepultura
1622 3229 1899 3290 allectum
1916 3228 2062 3291 fuis-

404 3319 792 3398 se(hactenus
815 3319 1138 3393 scilicet,ut
1161 3328 1411 3380 mortem
1442 3318 1941 3399 gustaret),tertio
1963 3318 2064 3380 de-

402 3426 562 3469 mum
593 3406 692 3469 die
722 3411 796 3469 ad
828 3408 1005 3470 vitam
1038 3407 1499 3490 rediisse,atque
1533 3411 1593 3471 in
1625 3410 1810 3473 coelos
1844 3428 2059 3471 ascen-

401 3497 585 3571 disse,
615 3505 677 3558 ut
708 3506 765 3560 te
796 3498 962 3560 humi
986 3498 1291 3578 jacenlem
1326 3517 1529 3561 secum
1564 3500 1768 3575 ducat;
1798 3518 1868 3562 ac
1895 3499 2066 3563 deni-

402 3604 518 3669 que
547 3586 871 3666 gloriosum
903 3596 963 3651 et
990 3587 1281 3650 illustrem
1315 3589 1672 3670 rediturum,
1706 3598 1767 3651 ut
1811 3590 1886 3652 de
1917 3591 2064 3653 vivis

400 3696 467 3740 ac
498 3677 747 3740 mortnis
775 3677 1067 3758 judicium
1099 3678 1277 3755 ferat;
1305 3698 1422 3741 non
1459 3680 1583 3760 jam
1618 3679 1783 3741 illum
1816 3680 2061 3762 quidem

399 3784 707 3848 carneum,
756 3787 867 3831 nec
913 3786 1166 3850 corpore
1194 3776 1393 3831 tamen
1430 3777 1774 3851 vacantem,
1812 3768 1917 3831 sed
1950 3789 2061 3831 au-

398 3858 623 3937 gustius
648 3856 1027 3940 divininsque
1077 3877 1294 3940 corpus
1351 3857 1711 3936 habentem;
1766 3857 2065 3941 qualeque

401 3956 530 4027 ipse
554 3948 717 4011 solus
736 3948 896 4011 novit
918 3958 1071 4025 ut,et
1089 3949 1163 4010 ab
1186 3949 1281 4011 his
1303 3949 1399 4032 qai
1430 3967 1566 4011 eum
1593 3948 2062 4031 pupugerunt”,

401 4039 756 4111 videatur,et
791 4042 970 4116 Deus,
1001 4039 1197 4100 omnis
1222 4039 1397 4103 molis
1420 4038 1793 4101 etcrassitiei
1825 4056 2063 4122 expers,

404 4127 861 4191 maneat.Crede
886 4136 1175 4209 praeterea
1208 4128 2058 4210 resurrectionem,judicium,

405 4217 745 4281 mercedem
780 4217 851 4280 ad
870 4219 1093 4298 justam
1116 4219 1223 4283 Dei
1255 4219 1487 4281 lancem
1512 4220 2063 4298 exigendamJlanc

380 4325 581 4391 “porro
611 4307 824 4390 iis,qui
851 4308 1050 4371 animo
1088 4317 1146 4372 et
1177 4318 1377 4374 mente
1411 4310 1651 4391 purgati
1682 4310 1926 4386 fuerint,
1963 4312 2060 4375 lu-

402 4415 534 4461 cem
562 4416 716 4479 esse,
751 4399 863 4460 hoc
890 4401 1218 4475 est,Deum,
1253 4418 1387 4463 sese
1418 4400 1659 4482 cuique,
1686 4418 1793 4481 pro
1826 4402 2061 4483 purita-

482 4515 539 4563 ³9
564 4520 755 4599 Apoc.
787 4534 832 4602 ι,
867 4519 923 4583 ’7.

646 4636 811 4721 Kcin)
841 4639 1098 4721 μεινάτω.
1138 4640 1289 4719 Reg.
1325 4639 1429 4721 ph,
1459 4643 1855 4716 καταμεινάτω.

434 4789 445 4811 .
484 4717 614 4800 (63)
649 4718 877 4811 ηρνομα
894 4717 962 4811 δέ
992 4722 1171 4811 κοινὸν
1199 4717 1304 4779 τῶν
1327 4717 1494 4801 τριῶν
1523 4722 1599 4787 ἓν.
1635 4723 1783 4804 Reg.
1814 4725 2061 4807 Manu,

405 4800 629 4876 ’Ὁνομα
660 4806 765 4856 τῶν
796 4802 979 4880 τριῶν,
1015 4803 1047 4880 ᾗ
1072 4801 1288 4868 θεότης,

489 4879 613 4955 (64)
662 4878 1135 4968 mammona
1177 4881 1351 4968 codd.
1363 4929 1381 4961 ,
1412 4884 1710 4968 πρὶγμασι.
1743 4883 1929 4968 Porro
1958 4905 2066 4968 per

405 4978 615 5025 vocem
647 4962 920 5042 σχήμασι,
952 4959 1372 5045 Gregorius,ut
1394 4959 1626 5045 opinor,
1657 4959 2064 5044 significat-ri-

405 5041 863 5127 tumexternum
878 5058 945 5102 ac
965 5041 1243 5127 baptismi
1264 5041 1825 5127 caeremonias,quas
1848 5049 1935 5110 sic
1953 5048 2066 5111 de-

406 5122 613 5209 scribit
669 5121 969 5209 Hicetas”:
1007 5121 1394 5209 Γυμνούμενος,
1459 5128 1547 5209 καὶ
1600 5121 2066 5209 ἀπο-στρεφόμενος

408 5206 493 5263 ἐπὶ
526 5203 750 5281 δυσμὰς,
782 5207 873 5288 καὶ
902 5204 1014 5288 ἆίνω
1062 5191 1157 5269 τὰς
1209 5191 1404 5287 χεῖρας
1462 5206 1634 5288 ἔχων,
1684 5191 1932 5286 ἀρνίήέεις
1976 5191 2066 5268 τὸν

409 5292 671 5373 Σαλτανᾷνο
879 5284 1249 5373 ὁμολογήσεις
1280 5284 1404 5373 ,άὸι
1476 5284 1648 5373 Θεὸν,
1712 5284 2067 5373 στρεφόμενος

409 5368 538 5450 πρὸς
583 5366 870 5450 ἀνατολὰς,
918 5368 1005 5423 καὶ
1061 5368 1209 5424 κάτω
1238 5369 1335 5450 τὰς
1365 5382 1559 5450 χεῖρας
1588 5366 1826 5450 ἔχιδνα
1850 5366 2065 5434 ’νθειί-

410 5444 521 5505 bus
542 5444 819 5519 nudatus,
855 5463 1225 5534 co_rp_orequ_e
1251 5448 1325 5511 ad
1352 5444 1632 5534 occasum
1643 5444 1962 5534 inversus,
1994 5471 2067 5516 ac

412 5542 624 5611 manus
654 5536 881 5611 erectas
910 5527 1447 5603 habens,Satanam
1478 5530 1803 5611 abjurabis;
1826 5527 2073 5596 rursus-

412 5604 629 5695 que_ad
650 5604 945 5695 orientem
966 5615 1024 5669 te
1045 5617 1422 5695 convertens,
1450 5604 2061 5695 manusque'depres-

407 5683 505 5747 sas
530 5683 781 5762 habens,
816 5684 1000 5747 Deum
1051 5697 1215 5749 tuum
1246 5683 1636 5755 conﬁtebere.
1674 5683 1701 5749 ἱ

491 5766 616 5846 (65)
650 5765 926 5859 Δέξασθαιι.
950 5766 1162 5859 Dillius
1182 5769 1367 5859 legit,
1400 5770 1653 5859 δέξεσθαι.
1688 5775 1797 5859 lta_
1821 5777 2064 5859 scripsit

408 5845 478 5907 ad
496 5843 681 5923 mare.
706 5843 1157 5911 Bas.ed.Placet
1181 5843 1308 5925 haec
1330 5843 1508 5915 lectio
1539 5843 2064 5939 Combeﬁsioﬁuaa

2146 3140 2294 3211 ἥξειν
2351 3165 2408 3200 τε
2442 3143 2558 3223 (71)
2623 3145 2784 3203 πάλιν
2834 3147 2970 3222 μετὰ
3019 3145 3117 3214 τῆς
3148 3144 3354 3211 ἐνδόξου
3385 3145 3542 3202 αὐτοῦ
3598 3166 3803 3225 παρου-

2150 3233 2291 3308 σίας,
2338 3234 2583 3313 κρίνοντά
2613 3242 2814 3307 ζῶντας
2847 3237 2935 3293 καὶ
2982 3235 3193 3315 νεκρούς
3229 3255 3245 3269 ⁸
3303 3234 3399 3292 οὒκ
3443 3234 3523 3291 ἔτι
3553 3235 3651 3312 μὲν
3682 3236 3811 3315 σάρ-

2150 3345 2241 3399 κα,
2304 3323 2401 3379 οὒκ
2456 3324 2742 3402 ἀσώματον
2786 3322 2863 3406 δὲ,
2911 3328 2996 3391 οἷς
3040 3326 3197 3389 αύτὸς
3238 3322 3357 3382 οἶδε
3399 3324 3608 3407 λόγοις,
3628 3327 3808 3382 θεοει-

2147 3410 2393 3493 δεστέρου
2455 3415 2729 3491 σώματος,
2773 3414 2870 3472 ’ίνα
2916 3416 3006 3471 καὶ
3057 3414 3193 3497 ὀφθῇ
3233 3416 3335 3471 ὑπὸ
3390 3418 3499 3472 τῶν
3542 3414 3806 3483 έκκεντη-

2149 3503 2380 3581 σάντων,
2417 3506 2505 3561 καὶ
2535 3505 2690 3583 μείνῃ
2751 3506 2883 3570 Θεὸς
2943 3501 3043 3570 ἔξω
3087 3507 3429 3586 παχύτητος.
3467 3504 3643 3586 Δέχου
3671 3507 3808 3584 πρὸς

2145 3593 2351 3658 τούτοις
2411 3592 2724 3670 ἀνάστασιν,
2774 3594 2970 3675 κρίσιν,
3018 3592 3370 3653 ἀνταπόδοσιν
3421 3608 3540 3661 τοῖς
3575 3594 3809 3661 δικαίοις

2144 3689 2238 3740 τοῦ
2273 3689 2407 3742 Θεοῦ
2438 3688 2726 3761 σταθμοῖς.
2760 3686 2971 3753 Ταύτην
3020 3686 3076 3741 δὲ
3132 3685 3277 3743 εἶναι
3322 3691 3436 3766 φῶς
3493 3698 3611 3751 τοῖς
3638 3707 3809 3744 κεκα-

2145 3775 2429 3851 θαρμένοις
2486 3774 2588 3841 τὴν
2649 3772 2909 3855 διάνοιαν,
2965 3774 3203 3833 τουτέστι
3257 3777 3389 3833 Θεὸν
3436 3774 3704 3855 ὁρώμενόν
3747 3798 3807 3835 τε

2146 3864 2236 3920 καὶ
2277 3864 2702 3943 γινωσκόμενον,
2749 3866 2885 3922 κατᾶ
2928 3865 3029 3933 τὴν
3086 3864 3372 3946 ἀναλογίαν
3414 3869 3515 3934 τῆς
3573 3870 3809 3947 καθαρό-

2146 3975 2337 4031 τητος,
2397 3953 2427 4010 ὃ
2486 3952 2554 4023 δὴ
2615 3956 2704 4013 καὶ
2762 3954 3034 4031 βασιλείαν
3115 3956 3348 4035 οὐρανῶν
3425 3956 3756 4033 ὀνομάζομεν
3788 3972 3805 3987 ⁸

2148 4045 2337 4108 σκότος
2397 4043 2451 4100 δὲ
2496 4058 2615 4109 τοῖς
2645 4043 3015 4125 τυφλώττουσι
3071 4046 3134 4104 τὸ
3163 4046 3508 4125 ἡγεμονικὸν,
3539 4045 3809 4105 τουτέστιν

2147 4131 2494 4213 ἀλλοτρίωτιν
2552 4137 2684 4192 Θεοῦ
2742 4136 2883 4192 κατὰ
2940 4134 3039 4204 τὴν
3092 4133 3378 4214 ἄναλογίαν
3425 4140 3523 4205 τῆς
3575 4134 3809 4194 ἐντεῦθεν

2146 4220 2519 4299 ἀμϐλυωπίας,
2585 4223 2820 4281 Δέκατον
2849 4221 2988 4303 (72),
3059 4224 3280 4305 ἐργάζου
3339 4227 3403 4283 τὸ
3466 4224 3663 4304 ἀγαθὸν
3719 4228 3812 4283 ὶπὶ

2146 4315 2319 4387 τούτῳ
2360 4320 2439 4390 τῷ
2491 4313 2722 4391 θεμελίῳ
2779 4320 2886 4372 τῶν
2962 4314 3248 4396 δογμάτων
3283 4334 3299 4352 ⁸
3358 4313 3568 4397 ὶπειδὴ,
3628 4317 3810 4382 Πίστις

2145 4406 2314 4486 χωρὶς
2370 4402 2540 4483 ἔργων
2583 4406 2764 4484 νεκρὰ,
2807 4407 2883 4470 ὡς
2925 4405 3057 4487 ἔργα
3098 4403 3225 4487 δίχα
3286 4405 3546 4472 πίστεως.
3596 4403 3803 4488 ’Ἔχεις

2145 4645 2378 4739 utique,
2408 4643 2550 4710 licet
2576 4644 2855 4711 codicum
2885 4646 3241 4712 auctoritate
3258 4646 3566 4731 destituta,
3589 4646 3812 4713 melior

2147 4725 2585 4899 “(gypsum
2614 4809 2783 4899 etut.
2816 4805 2917 4873 Sic
2944 4808 3217 4893 plerique
3252 4808 3428 4874 codd.
3464 4808 3532 4873 In
3557 4809 3690 4893 ed.,
3711 4812 3807 4871 εἷο

2149 4912 2251 4971 ναι,
2267 4894 2509 4971 ponitur
2531 4897 2666 4971 post
2694 4900 2885 4952 κακοῦ.

2231 4934 2233 4943 ,
2255 4907 2509 5033 gonlltﬂ'
2531 4907 2666 4971 post
2694 4907 2885 4983 κακοῦ.

2231 4968 2251 5049 (
2278 4968 2863 5067 ,ἸὲοΓεγενῆσθατιε-βις
2894 4971 3100 5067 plures
3145 4970 3332 5067 Regg:
3367 4971 3547 5067 codd.
3579 4970 3810 5067 Sic‘le-

2145 5048 2300 5132 μοι
2325 5048 2651 5134 Nicetes-et
2671 5051 2806 5134 Bill.
2839 5048 3070 5134 ln'ed.,
3104 5048 3473 5134 γεγενηῖἦσθαι,
3526 5077 3556 5112 ε
3602 5060 3810 5119 natum

2148 5146 2371 5215 esse”
2401 5150 2532 5215 quae
2561 5132 2756 5215 lectio
2773 5133 2963 5213 magis
2989 5132 3215 5215 arridet
3246 5132 3639 5215 Combeﬂsio.

2234 5211 2667 5349 gggafmmpla.
2697 5213 2800 5277 Sic
2828 5211 2948 5278 duo
2978 5213 3188 5297 Coisl.,
3226 5225 3341 5280 etc.
3390 5217 3457 5280 In
3510 5214 3647 5283 Par.
3680 5216 3811 5297 ed.,

2148 5313 2441 5435 σωτηδιαν,
2705 5383 2734 5394 -
2845 5375 2858 5388 .

2149 5451 2194 5473 η
2214 5372 2358 5473 ,(6)
2391 5377 2637 5473 ξῙαξθητδγ
2665 5398 2765 5451 τῳ.
2798 5378 2899 5441 Sic
2927 5383 3050 5441 tres
3088 5380 3304 5460 Regg.,
3337 5376 3445 5444 0r.
3500 5379 3561 5462 1,
3589 5378 3806 5445 Comb.

2148 5451 2430 5532 Deest'n‘p
2460 5457 2522 5519 in
2552 5456 2651 5519 ed.

2231 5534 2787 5678 (ggeftaupweiwz
2835 5562 2917 5605 τε.
2980 5537 3080 5603 Sic
3139 5541 3341 5622 plures
3400 5540 3579 5608 codd.
3632 5538 3821 5615 Deest

2144 5634 2590 5848 ζίέἑὶἳέῗίῖςιιν
2619 5720 2702 5763 τε.
2737 5699 2838 5765 Sic
2867 5720 3033 5783 regg.
3092 5701 3219 5783 bm,
3270 5703 3380 5785 pb.
3436 5712 3553 5770 etc.
3588 5704 3657 5809 ιιι¹
3680 5703 3787 5769 ed.
3800 5751 3822 5785 ,

2222 5858 2353 5939 (72)
2389 5859 2648 5927 Δέκατον.
2679 5863 2781 5929 Sic
2812 5864 2992 5929 codd.
3015 5869 3087 5933 In
3118 5868 3260 5932 Par.
3289 5867 3419 5949 ed.,
3452 5866 3661 5929 δεκτόν.
