4150 6396
345 207 465 274 429
1371 217 1654 282 ORATIO
1698 213 1854 283 XLI.
1901 250 1979 265 -
2012 209 2096 282 IN
2141 211 2714 280 PENTECOSTEN.
3635 210 3756 278 330

341 350 662 429 πανήγυρις·
738 362 815 428 τῷ
882 353 936 411 δὲ
1009 359 1304 436 θεραπευτῇ
1340 361 1433 411 τοῦ
1468 353 1640 432 Λόγου
1672 352 1854 431 λόγος,
1908 352 2028 409 καὶλ

2112 359 2294 412 estum
2321 355 2450 436 est:
2482 346 2662 407 Verbi
2696 353 2891 407 autem
2917 346 3162 436 cultori,
3190 359 3498 424 sermo;et
3527 365 3597 408 ex
3625 366 3746 410 ser-

348 437 523 515 λόγων
569 441 704 521 (88)
779 447 806 500 ὃ
857 446 933 520 τῷ
989 435 1158 525 καιρῷ
1220 443 1688 525 προσφορώτατος.
1726 443 1824 500 Καὶ
1855 440 2004 500 οὐδὲν

2112 439 2389 509 nonibus,
2425 435 2497 510 is,
2530 437 2632 517 qui
2678 436 2928 516 tempori
2988 435 3244 498 maxime
3299 437 3596 516 congruit.
3630 436 3754 501 Nec

353 527 520 594 οὕτως
593 534 852 612 εὐφραίνει
919 534 1083 592 καλὸν
1140 541 1245 591 τῶν
1309 533 1614 614 φιλοκάλων
1663 531 1870 606 οὒδένα,
1933 533 2006 594 ὡς

2112 530 2211 590 illa
2245 525 2624 610 pulchritudo
2662 525 2910 606 perinde
2943 525 3411 606 pulchritudinis
3452 534 3754 590 amantem

355 620 416 674 τὸ
475 624 845 701 πανηγυρίζειν
918 631 1290 702 πνευματικῶς
1361 626 1451 681 τὸν
1501 621 1803 702 φιλέορτον,
1867 629 2008 677 Σκο-

2112 619 2448 696 )ὶ›1οςιειι,υι
2471 616 2753 677 festorum
2775 620 3078 679 amantem
3103 614 3430 697 spiritualis
3447 615 3758 679 celebran-

359 714 547 783 πῶμεν
629 709 683 767 δὲ
749 712 936 777 οὕτως’
1029 713 1294 794 Ἐορτάζει
1366 715 1453 770 καὶ
1514 711 1796 792 Ἰουδαῖος,
1873 710 2012 766 ἀλλὰ

2112 709 2315 770 dorum
2347 707 2630 767 festorum
2664 704 2837 768 ratio.
2874 703 2972 768 Sic
3003 714 3200 768 autem
3259 705 3753 769 consideremus:

363 799 498 856 κατὰ
557 803 619 856 τὸ
676 803 918 881 γράμμα⁶
979 806 1072 861 τὸν
1129 807 1229 883 γὰρ
1296 804 1602 879 σωματικὸν
1654 801 1860 858 διώκων
1923 800 2015 857 νό-

2112 797 2308 860 Festos
2339 797 2466 857 dies
2492 794 2732 858 Judaeus
2764 795 2943 856 etiam
2973 796 3117 874 agit,
3149 814 3351 858 verum
3391 797 3558 876 juxta
3589 795 3754 859 litte-

363 911 489 965 μον,
600 891 673 954 εἷς
749 895 840 948 τὸν
921 897 1280 969 πνευματικὸν
1358 893 1520 967 νόμον
1597 891 1690 948 οὒκ
1772 891 2013 971 ἔφθασεν.

367 971 633 1057 Ἐορτᾶζει
692 983 779 1038 καὶ
834 973 1076 1057 ”Ελλην,
1136 983 1273 1040 ἀλλὰ
1332 985 1468 1040 κατὰ
1522 984 1584 1037 τὸ
1639 988 1795 1056 σῶμα
1863 979 2014 1058 (89),

359 1069 446 1124 καὶ
530 1071 650 1133 τοὺς
707 1072 894 1128 ἑαυτοῦ
950 1074 1098 1136 θεούς
1185 1096 1242 1130 τε
1298 1075 1386 1130 καὶ
1501 1071 1780 1147 δαίμονας⁶
1840 1071 1914 1126 ὦν
1973 1079 2019 1132 οἱ

359 1167 457 1233 μὲν
508 1160 604 1214 εἶσὶ
656 1165 838 1217 παθῶν
927 1161 1236 1242 δημιουρφοί
1292 1151 1413 1220 κατ’
1497 1161 1684 1224 αὖτοὺς
1757 1159 2014 1237 ἐκείνους,

361 1250 405 1304 0i
464 1245 516 1302 δὲ
574 1251 635 1304 εκ
689 1254 869 1307 παθτῦν
939 1252 1292 1327 ἐτιμήθησαν,
1377 1251 1474 1307 Διὰ
1544 1250 1699 1308 τοῦτο
1783 1249 2018 1325 ἐμπαθὲς

363 1337 536 1394 alitth
616 1340 704 1395 καὶ
757 1343 816 1396 τὸ
874 1343 1159 1421 ἑορτάζειν·
1217 1343 1293 1397 ἵν’
1341 1345 1378 1418 ᾗ
1408 1342 1541 1416 τιμὴ
1574 1347 1703 1397 Θεοῦ
1756 1341 1818 1396 τὸ
1849 1340 2019 1416 ἀμαρ-

362 1428 559 1502 τάνειν,
617 1432 748 1506 πρὸς
795 1431 854 1486 ὅν
938 1432 1255 1510 καταφεύγει
1312 1433 1373 1487 τὸ
1431 1431 1622 1504 πάθος,
1685 1432 1756 1492 ὡς
1816 1449 2017 1504 σεμνοο

366 1517 605 1595 λόγημα,
671 1511 1017 1598 Ἐορταίζομεν
1079 1521 1198 1599 (90)
1262 1522 1348 1576 καὶ
1375 1523 1565 1594 ἡμεῖς,
1612 1518 1732 1575 ἀλλ’
1765 1521 1837 1582 ὡς
1870 1516 2020 1575 δοκεῖ

369 1613 445 1681 τῷ
503 1609 793 1684 Πνεύματι.
871 1621 1034 1667 Δοκεῖ
1093 1609 1170 1685 δὲ,
1227 1611 1263 1679 ἢ
1322 1611 1572 1688 λέγοντάς
1627 1631 1675 1664 τι
1720 1611 1823 1665 τῶν
1866 1608 2019 1664 δεόν-

2101 905 2227 948 ram
2265 908 2280 962 ;
2312 887 2502 964 legem
2536 883 2696 946 enim
2723 903 3070 966 corpoream
3099 885 3565 960 consectans,ad
3587 888 3765 968 spiri-

2105 977 2324 1038 tualem
2356 974 2545 1054 legem
2587 993 2707 1035 non
2747 975 3037 1054 pervenit.
3075 978 3288 1040 Festos
3343 993 3584 1056 quoque
3632 977 3765 1040 dies

2104 1065 2342 1146 gentilis
2373 1066 2511 1144 agit,
2546 1081 2748 1125 verum
2774 1065 2942 1144 juxta
2975 1084 3213 1147 corpus,
3243 1067 3511 1146 deosque
3532 1083 3675 1128 suos
3702 1076 3761 1130 et

2105 1156 2694 1232 daamones;quorum
2719 1153 2819 1214 alii
2851 1155 3184 1218 vitiosarum
3211 1157 3596 1219 affectionum
3618 1158 3757 1225 effe-

2105 1245 2808 1334 ctoresatquearchitecti
2825 1249 3499 1326 sunt,quemadmodum
3518 1249 3761 1334 ipsimet

2103 1342 2398 1406 asserunt,
2433 1333 2534 1394 alii
2592 1351 2661 1395 ex
2715 1333 2939 1395 vitiosis
2999 1336 3414 1402 affectionibus
3469 1333 3760 1403 honorem

2105 1424 2593 1513 consecutisunt.
2622 1422 3022 1495 Quamobrem
3049 1426 3262 1488 modus
3284 1428 3462 1492 etiam
3490 1431 3616 1513 ille,
3646 1451 3761 1513 quo

2105 1514 2252 1576 festa
2278 1511 2608 1588 celebrant,
2639 1531 2774 1579 cum
2811 1512 3036 1575 vitiosis
3065 1515 3476 1581 affeclionibus
3506 1511 3762 1602 conjun-

2108 1613 2239 1666 ctus
2262 1612 2351 1665 est
2381 1623 2396 1683 ;
2421 1612 2486 1662 ut
2511 1602 2620 1662 hoc
2649 1602 2844 1682 ipsum
2866 1603 3024 1683 quod
3047 1614 3314 1684 peccant,
3343 1607 3406 1669 in
3431 1611 3534 1674 Dei
3566 1611 3761 1673 hono-

369 1718 498 1771 των,
572 1698 607 1766 ἢ
640 1701 988 1778 πράττοντας.
1053 1704 1149 1759 Καὶ
1201 1701 1356 1757 τοῦτό
1440 1701 1549 1757 ἐστι
1603 1701 1665 1756 τὸ
1759 1698 2022 1773 ἑορτάζειν

2112 1712 2233 1755 rem
2279 1692 2468 1766 cedat,
2503 1691 2575 1752 ad
2618 1710 2812 1785 quem
2861 1692 3088 1774 vitium,
3124 1697 3293 1776 quasi
3342 1715 3440 1762 res
3492 1700 3762 1779 quaedam

368 1787 546 1861 ἡμῶν,
609 1793 761 1868 ψυχῇ
819 1813 864 1846 τι
928 1792 1238 1870 θησαυρίσαι
1299 1796 1404 1846 τῶν
1469 1788 1713 1844 ἑστώτων
1745 1789 1832 1844 καὶ
1884 1809 2022 1865 κρα-

2112 1784 2359 1844 honesta
2385 1787 2446 1844 et
2477 1780 2877 1861 praedicanda,
2912 1782 3202 1863 confugit.
3236 1787 3445 1850 Festos
3496 1789 3626 1851 dies
3658 1808 3766 1852 nos

369 1875 658 1952 τουμένων,
733 1879 869 1937 ἀλλὰ
928 1882 1004 1956 μὴ
1063 1883 1168 1937 τῶν
1216 1879 1643 1960 ὑποχωρούντων
1674 1879 1764 1934 καὶ
1820 1875 2025 1951 λυομέ-

369 1989 494 2045 νων,
556 1971 641 2024 καὶ
693 1971 854 2048 μικρὰ
902 1972 1188 2027 σαινόντων
1245 1971 1339 2038 τὴν
1397 1969 1672 2042 αἴσθησιν,
1727 1967 1795 2024 τὰ
1858 1965 2026 2022 πλείω

368 2054 446 2129 δὲ,
496 2055 898 2135 λυμαινομένων
950 2083 1007 2119 τε
1079 2062 1167 2117 ml
1199 2060 1568 2138 βλαπτόντων,
1630 2058 1766 2114 κατά
1818 2078 1879 2135 γε
1935 2058 2025 2112 τὸν

371 2147 501 2221 ἐμὸν
556 2146 740 2227 λόγον.
804 2150 1054 2230 Ἀρκετὸν
1103 2153 1203 2231 γὰρ
1267 2148 1392 2230 (91)
1441 2155 1521 2222 τῷ
1550 2148 1823 2224 σώματιὴ
1868 2147 2027 2202 κακία

374 2235 552 2299 αὐτοῦ.
614 2241 673 2296 Τί
747 2239 800 2296 δὲ
864 2241 947 2298 δεῖ
1013 2247 1082 2319 τῇ
1139 2239 1294 2322 φλογὶ
1347 2239 1591 2301 πλείονος
1648 2236 1806 2312 ὕλης,
1860 2236 1896 2304 ἢ
1952 2241 2029 2308 τῷ

373 2327 541 2401 θηρίῳ
593 2326 970 2408 δαψίλεστέρας
1051 2337 1274 2411 τροφῆς,
1368 2330 1458 2386 ἵνα
1509 2327 1714 2405 μᾶλλον
1800 2325 2026 2382 809mb-

379 2435 532 2472 εκτον
611 2418 830 2494 γένηται
925 2419 1075 2502 (92),
1165 2424 1250 2478 καὶ
1317 2426 1410 2478 τοῦ
1512 2419 1772 2497 λογισμοῦ
1852 2415 2028 2491 βιαιό-

377 2527 528 2585 τερον
564 2529 579 2582 ς

2109 1888 2345 1953 quoque
2377 1870 2694 1948 agitamus,
2728 1889 2937 1932 verum
2975 1881 3038 1933 ut
3084 1874 3334 1952 Spiritui
3383 1887 3614 1955 gratum
3651 1887 3762 1942 est.

2111 1963 2352 2024 Gratum
2378 1969 2469 2022 est
2517 1977 2717 2040 porro,
2751 1979 2877 2022 eam
2919 1982 2952 2023 a
2986 1961 3158 2024 nobis
3191 1966 3482 2028 rationem
3514 1967 3678 2043 iniri,
3706 1978 3768 2031 ut

2112 2071 2344 2126 eorum,
2369 2070 2502 2131 qua:
2524 2051 2598 2111 ad
2629 2051 2843 2113 festum
2883 2055 3202 2136 pertincnt,
3236 2055 3318 2117 vel
3351 2057 3571 2136 aliquid
3597 2057 3765 2122 dica-

2114 2161 2244 2203 mus
2273 2142 2362 2203 vel
2413 2159 2676 2219 agamus.
2711 2137 2832 2203 Nec
2883 2141 3083 2205 feriari
3115 2153 3384 2207 nostrum
3437 2147 3762 2229 quidquam

2114 2239 2202 2293 est
2253 2230 2437 2302 aliud,
2474 2249 2647 2310 quam
2681 2231 2894 2292 animm
2934 2232 3158 2313 aliquid
3216 2253 3422 2297 eorum
3452 2257 3768 2317 aggerere,

2115 2339 2246 2400 qua)
2277 2322 2445 2382 firma
2477 2329 2535 2382 et
2565 2320 2799 2382 stabilia
2827 2329 2987 2397 sunt,
3013 2341 3080 2383 ac
3104 2331 3407 2401 tenentur,
3435 2345 3554 2389 non
3575 2345 3644 2389 ea
3665 2347 3768 2390 au-

2116 2419 2232 2471 tem
2265 2427 2397 2490 qua:
2425 2410 2747 2489 suffugiunt
2776 2419 2835 2471 et
2865 2411 3230 2496 dilabuntur,
3258 2414 3584 2498 leviterque
3616 2417 3766 2479 dun-

2117 2509 2272 2561 taxat
2301 2517 2541 2562 sensum
2568 2500 3155 2581 demulcent,magna
3177 2522 3314 2565 vero
3341 2523 3411 2568 ex
3435 2518 3764 2589 parte,meo

379 2595 620 2675 quidem
647 2598 899 2677 judicio,
937 2609 995 2662 et
1018 2600 1395 2674 labefactant,
1418 2606 1477 2661 et
1511 2616 1721 2660 noxam
1770 2595 2054 2656 inferunt.
2100 2590 2332 2652 Sufﬁcit
2381 2589 2541 2649 enim
2577 2591 2810 2668 corpori
2839 2591 3060 2653 malitia
3093 2610 3198 2654 sua
3222 2592 3298 2658 33.
3339 2595 3491 2668 Quid
3525 2598 3768 2660 flamma

375 2685 665 2764 ampliore
698 2690 940 2751 materia
983 2709 1133 2771 opus
1182 2700 1290 2766 est,
1327 2697 1427 2750 aut
1477 2687 1691 2750 bellua;
1735 2687 1873 2746 752
1905 2679 2200 2763 copiosori
2252 2678 2559 2753 alimento,
2593 2687 2656 2740 ut
2686 2679 3051 2762 effrenatior,
3081 2700 3147 2743 rc
3180 2684 3411 2747 ratione
3445 2685 3769 2748 violentior

374 2772 660 2836 reddatur
681 2775 712 2836 ‘l

458 2863 544 2928 B’.
608 2867 705 2923 Διὰ
762 2877 923 2927 ταῦτα
996 2870 1095 2945 μὲν
1136 2869 1223 2924 οὖν
1256 2869 1566 2947 ἑορταστὲον
1623 2870 2021 2943 πνευματικῶς,

2191 2859 2260 2922 ΙΙ.
2299 2859 2586 2932 Quocirca
2618 2857 2790 2919 nobis
2823 2858 3213 2938 spiritualiter
3255 2862 3594 2925 feriundum
3643 2875 3760 2928 est.

373 2953 553 3034 Ἀρχὴ
609 2955 662 3012 δὲ
709 2964 800 3014 τοῦ
857 2958 1020 3037 λόγου
1096 2957 1303 3036 (ῥητέον
1377 2960 1499 3038 γὰρ,
1589 2960 1674 3015 καὶ
1737 2959 1781 3013 εὶ
1840 2955 2026 3034 μικρόν

2112 2951 2412 3012 Orationis
2446 2966 2623 3029 porro
2655 2948 2978 3039 exordium
3029 2951 3141 3012 erit
3193 2953 3538 3033 hujusmodi
3574 2955 3768 3032 (liceat

375 3066 426 3099 τι
471 3036 994 3122 παρεκϐατικώτερος
1076 3051 1211 3125 ἡμῖν
1271 3050 1298 3104 ὁ
1379 3036 1538 3128 λόγος
1583 3051 1669 3104 καὶ
1725 3046 2028 3127 φιλοπονη-

2116 3041 2273 3102 enim
2333 3039 2471 3100 hinc
2502 3036 2819 3116 auspicari,
2855 3038 3086 3100 etiamsi
3137 3041 3210 3103 ab
3262 3043 3537 3105 instituto
3582 3063 3763 3124 argu-

380 3133 500 3190 τέον
556 3149 672 3200 τοῖς
760 3136 1092 3218 φιλολόγοις,
1179 3137 1254 3194 ἵν’
1312 3139 1490 3218 ὥσπερ
1565 3137 1776 3212 ἢδυσμά
1849 3159 1898 3192 τι
1963 3141 2028 3211 τῇ

2119 3138 2319 3191 mento
2350 3129 2445 3188 hic
2481 3144 2681 3188 sermo
2714 3128 2988 3218 nonnihil
3013 3128 3246 3209 digredi
3279 3132 3566 3211 videatur,
3589 3142 3765 3216 atque

388 3227 680 3304 πανηγύρει
759 3228 1276 3306 συγκαταμίξωμεν)⁶
1360 3230 1466 3297 Τὴν
1531 3226 1796 3304 ὶϐδομάδα
1854 3226 2033 3302 τιμῶ-

391 3334 474 3368 σιν
537 3306 787 3391 Ἐϐραίων
844 3317 1054 3398 παῖδες,
1132 3319 1194 3374 ὲκ
1236 3325 1334 3386 τῆς
1369 3319 1634 3383 Μωυσέως
1693 3316 2026 3396 νομοθεσίας,

388 3402 567 3483 ὥσπερ
625 3408 670 3462 οἱ
725 3409 1065 3486 Πυθαγορικοὶ
1121 3407 1243 3488 (93)
1300 3409 1397 3476 τὴν
1454 3409 1740 3488 τετρακτὺν
1788 3407 2027 3485 ὕστερον,

386 3493 453 3562 ἣν
505 3493 570 3563 δη
627 3495 758 3576 (94)
820 3499 906 3554 καὶ
962 3499 1116 3578 ὅρκον
1147 3499 1486 3566 πεποίηνται·
1535 3499 1622 3554 καὶ
1652 3498 1751 3565 τὴν
1803 3495 2031 3576 ὀγδοάδα

383 3587 470 3640 καὶ
521 3584 799 3660 τριακάδα,
885 3589 932 3644 οἱ
1018 3588 1123 3645 ἀπὸ
1196 3591 1459 3665 Σίμωνος.
1545 3590 1634 3644 καὶ
1693 3587 2027 3664 Μαρκίωνος,

379 3678 468 3737 οἷς
515 3674 579 3743 δὴ
640 3678 728 3735 καὶ
784 3678 1084 3756 ἰσαρίθμους
1140 3679 1294 3744 τινὰς
1357 3679 1560 3742 Αἰῶνας
1621 3677 2028 3753 ἐπονομάζουσι,

378 3765 463 3820 καὶ
521 3773 772 3841 τιμῶσιν.
847 3768 953 3824 Οὐκ
1005 3765 1129 3825 οῖδα
1190 3767 1288 3843 μὲν
1347 3772 1545 3824 οἷστισι
1606 3765 1789 3846 λόγοις
1826 3765 2030 3823 ἀναλο-

378 3854 522 3932 γίας,
588 3855 625 3924 ἢ
685 3857 821 3913 κατὰ
874 3859 988 3914 τίνα
1042 3865 1134 3914 τοῦ
1219 3858 1441 3937 ἀριθμοῦ
1521 3857 1710 3916 τούτου
1782 3855 2028 3934 δύναμιν,

380 3951 576 4020 τιμῶσι
633 3944 679 4001 δ’
760 3947 871 4006 οὖν.
932 3949 1002 4005 Τὸ
1062 3947 1159 4024 μὶν
1232 3946 1523 4028 πρόδηλον,
1583 3946 1663 4003 ὅτι
1709 3945 1762 4003 ἐν
1792 3945 1844 4012 ἔξ
1888 3948 2030 4023 ἡμέ-

388 4054 502 4114 ραις
551 4037 578 4090 ὁ
633 4037 764 4099 Θεὸς
821 4037 920 4105 τὴν
999 4035 1129 4105 ὕλην
1205 4038 1510 4107 ὑποστήσας
1564 4059 1620 4093 τε
1672 4039 1759 4093 καὶ
1808 4038 2032 4116 μορφώ-

393 4147 514 4198 σας,
565 4127 653 4181 καὶ
709 4125 1074 4201 διακοσμήσας
1127 4128 1394 4191 παντοίοις
1454 4125 1619 4184 εἴδεσι
1719 4127 1806 4182 καὶ
1900 4149 2032 4204 συγ-

2118 3221 2179 3282 in
2203 3219 2603 3280 studiosorum
2637 3215 2882 3295 gratiam
2914 3218 3239 3296 elaborare,
3270 3230 3333 3283 ut
3362 3224 3521 3284 velut
3552 3215 3766 3286 condi-

2113 3318 2377 3373 mentum
2396 3305 2693 3388 quoddam
2719 3306 2894 3384 hujus
2917 3308 3034 3370 diei
3057 3309 3415 3375 solemnitati
3439 3312 3770 3378 admiscea-

2116 3401 2271 3480 mus)
2303 3417 2316 3462 :
2354 3396 2770 3477 Septenarium
2805 3416 3144 3474 numerum,
3181 3420 3252 3463 ex
3298 3403 3444 3483 legis
3495 3401 3769 3466 Mosaicaa

2117 3489 2480 3572 praescripto,
2505 3485 2740 3547 Hebraei
2769 3486 2829 3547 in
2853 3486 3078 3550 bonore
3102 3491 3345 3568 habent,
3371 3494 3761 3576 quemadm0~

2119 3583 2259 3642 dum
2295 3587 2501 3659 postea
2534 3577 2878 3656 Pythagorei
2928 3584 3400 3667 quaternarium,
3438 3609 3543 3669 per
3586 3607 3762 3666 quem

2119 3671 2295 3732 etiam
2318 3669 2526 3748 jurare
2557 3677 3033 3745 consueverant;
3067 3680 3244 3752 atque
3284 3682 3653 3743 octonarium
3707 3689 3768 3743 et

2118 3760 2500 3823 tricenarium
2558 3756 2891 3853 Sim_oniani
2962 3776 3031 3820 ac
3105 3765 3487 3851 Marcionitze,
3551 3771 3768 3853 quibus

2117 3853 2296 3913 etiam
2324 3857 2382 3910 et
2405 3866 2605 3928 parem
2631 3848 2895 3908 ZEonum
2924 3867 3240 3913 numerum
3263 3848 3640 3936 assignant-et
3665 3883 3767 3926 co-

2117 3941 2266 4002 lunt.
2316 3939 2388 4000 Et
2445 3936 2714 4017 quidem,
2751 3956 2865 4018 qua
2926 3943 3332 4019 proportionis
3377 3951 3626 4023 ratione,
3669 3966 3770 4016 aut

2117 4039 2364 4112 propter
2387 4046 2560 4108 quam
2589 4027 2765 4106 hujus
2790 4030 3025 4090 numeri
3048 4031 3162 4093 vim
3180 4051 3248 4096 ac
3267 4039 3589 4116 potentiam
3604 4062 3763 4116 ,eum

2118 4122 2179 4184 in
2212 4119 2400 4200 pretio
2443 4117 2720 4196 habeant,
2751 4118 2905 4179 haud
2939 4121 3086 4196 scio,
3122 4123 3228 4184 sed
3261 4135 3458 4191 tamen
3512 4132 3762 4198 habent.

391 4215 632 4295 κρίμασι,
709 4217 795 4271 καὶ
872 4218 962 4272 τόν
1019 4217 1104 4272 νῦν
1187 4219 1457 4297 ὁρώμενον
1542 4223 1728 4274 τοῦτον
1834 4216 2028 4293 κόσμοι

2123 4211 2476 4305 Quanquam
2501 4225 2569 4267 ea
2593 4208 2908 4305 perspicua
2935 4229 3113 4305 causa
3137 4215 3331 4278 afferri
3365 4229 3577 4300 potest,
3605 4227 3762 4305 quod

390 4307 645 4384 ποιήσας,
675 4313 744 4383 τῇ
803 4303 1000 4383 ἑϐδόμῃ
1052 4305 1380 4364 κατέπαυσεν
1416 4305 1535 4386 (95)
1567 4308 1671 4363 ἀπὸ
1711 4313 1822 4362 τῶν
1844 4305 2028 4385 ἔργων,

2125 4318 2259 4362 cum
2282 4297 2439 4390 Deus
2462 4313 2568 4356 sex
2593 4297 2825 4357 dierum
2850 4301 3039 4390 spatio
3067 4297 3767 4390 materiam—produxisset

394 4399 467 4462 ὼς
539 4394 698 4464 δηλοῖ
746 4398 834 4480 καὶ
913 4398 947 4465 ἡ
1002 4403 1095 4454 τοῦ
1156 4394 1428 4454 Σαϐϐάτου
1484 4396 1815 4476 προσηγορία
1879 4395 2028 4476 (96),

2125 4397 2185 4452 et
2213 4387 2613 4480 info‘rmass‘et,
2645 4392 2820 4466 atque
2849 4389 3045 4451 omnis
3091 4395 3330 4470 generis
3358 4387 3678 4480 speciebus
3708 4415 3767 4468 et

394 4488 722 4545 κατάπαυσιν
809 4477 1104 4566 Ἑϐραϊκῶς
1179 4487 1533 4563 σημαίνουσα.
1594 4488 1651 4544 Εἰ
1709 4486 1763 4543 δέ
1815 4510 1895 4552 τις
1959 4475 2028 4544 κα

2126 4475 2642 4557 commistionibus
2680 4488 3062 4571 exornasset,
3117 4475 3523 4571 mundumque
3584 4493 3764 4567 hunc.

390 4576 720 4663 ὑψηλότερος
777 4577 894 4655 περὶ
953 4583 1116 4634 ταῦτα
1169 4575 1353 4654 λόγος,
1444 4576 1599 4636 ἄλλοι
1650 4575 2028 4659 φιλοσοφείτω·

2126 4587 2307 4651 quem
2341 4584 2499 4663 nunc
2529 4566 2853 4649 cernimus,
2888 4570 3255 4663 condidisset
3283 4576 3358 4654 3‘,
3383 4566 3636 4663 septimo
3669 4566 3769 4649 die

390 4691 509 4728 σαν.
588 4658 650 4725 Ἠ
704 4667 839 4744 τιμὴ
896 4665 950 4724 δὲ
1009 4666 1219 4741 αὐτοῖς,
1299 4672 1394 4726 οὐκ
1455 4667 1510 4724 ἐν
1565 4668 1792 4746 ἡμέραις
1844 4657 2028 4745 μόνον,

2126 4662 2217 4756 ab
2244 4657 2529 4756 operibus
2585 4659 2930 4756 conquievit
2954 4657 3029 4739 ³⁵,
3064 4663 3237 4756 velut
3279 4657 3473 4750 ipsum
3527 4693 3767 4756 quoque

391 4761 513 4820 ἄλλα
645 4761 659 4780 \
759 4761 774 4814 ἱ
873 4757 887 4772 9
1079 4759 1093 4776 κ
1262 4757 1275 4778 ν
1517 4756 1530 4779 1
1683 4759 1720 4796 \‘
1825 4756 1850 4794 ςρ
1974 4758 2001 4768 ’ν

495 4783 528 4818 α
575 4781 663 4816 και
731 4779 805 4822 ες
869 4775 1136 4822 ενιαυτους
1177 4761 1462 4838 φθανουσα.
1537 4763 1583 4815 Η
1639 4779 1736 4835 μεθ
1794 4781 1882 4816 ουν
1930 4780 2028 4816 των

2121 4747 2367 4817 Sabbati
2395 4765 2615 4810 nomen
2645 4747 2888 4829 indicat,
2908 4755 3167 4832 quietem
3189 4747 3441 4825 Hebrma
3464 4747 3772 4845 lin-gua'si-

476 4864 530 4908 ³³
553 4863 758 4926 Matth.
791 4878 870 4941 vt,
897 4861 997 4927 34.
1083 4859 1138 4905 ³⁸
1164 4863 1318 4926 Gen.
1353 4879 1397 4939 I,
1432 4861 1462 4924 1
1499 4880 1633 4944 sqq.
1721 4861 1774 4906 3‘
1800 4861 1948 4926 Gen.
1976 4879 2039 4940 ιι,
2061 4861 2121 4924 3.

487 4974 600 5062 (ἓξ)
640 4973 876 5062 Αάγφνο.
896 4968 1109 5062 Sail!»
1137 4970 1322 5062 λέγοςο
1432 5050 1445 5062 .
1714 5051 1749 5062 ._
1940 5055 1971 5062 _

2134 5048 2171 5062 ,.
2210 4966 2426 5062 ςβ³>9ί
2482 4969 2855 5062 WW5“-
2898 4971 3182 5062 Salvos.
3232 4977 3442 5058 Rege.
3494 4989 3773 5062 quatuor.

483 5046 608 5139 (89')
656 5046 802 5112 Κατὰ
830 5054 892 5109 τὸ
921 5046 1366 5139 cmpa._Nicetas
1396 5050 1486 5114 sic
1514 5051 1757 5139 exponit
1790 5075 1804 5112 :
1845 5078 1872 5109 α
1936 5055 2046 5118 Se-
2130 5046 2329 5139 Colln,
2358 5046 2460 5139 0r.
2497 5050 2555 5139 l_,
2588 5051 2914 5139 ctc..De_est
2944 5053 2996 5139 ot
3021 5053 3080 5113 in
3113 5053 3209 5116 ed,

404 5129 666 5225 cundum
690 5150 1011 5225 corporeos
1033 5132 1216 5225 animi
1250 5140 1455 5225 motus
1511 5143 1570 5194 et
1589 5129 1947 5225 voluptates,
1980 5153 2048 5225 ac
2363 5131 2466 5225 [ἑή.
2492 5130 2681 5225 ,Βοοει
2709 5129 2946 5225 ἱηῆΡιεε.
2981 5133 3082 5225 _bm
3115 5133 3304 5225 et_Or.
3328 5146 3399 5225 _l__.

400 5210 1061 5302 secundumobscenos
1092 5213 1337 5302 affectus
1372 5232 1604 5296 eorum,
1639 5210 1750 5302 qui
1785 5214 1859 5278 ab
1904 5215 2048 5302 ipsis
2213 5211 2330 5290 (95)
2353 5210 2725 5302 _Kzté1tauaev.
2765 5211 2951 5290 Regg.
2979 5212 3102 5295 bm,
3139 5216 3238 5295 ph,
3292 5219 3509 5300 aliique
3541 5221 3769 5302 plures,

439 5319 507 5382 ro
529 5297 648 5362 iliis
672 5294 969 5371 coluntur,
1004 5313 1038 5358 a
1068 5294 1244 5357 nobis
1271 5303 1473 5358 autem
1504 5292 1612 5377 pro
1659 5292 2028 5360 daemonibus

2124 5292 2438 5382 καταπαύει.

437 5379 817 5460 abentnmy
953 5369 960 5371 ⁷
1042 5459 1069 5460 7
1239 5455 1254 5460 _
1422 5459 1426 5460 ν
1506 5369 1559 5460 ’ί

2131 5452 2147 5460 _
2371 5369 2435 5429 Ἡ
2487 5379 2581 5429 τοῦ
2631 5369 2904 5460 ξαϐξέτου
2934 5379 3284 5460 προσηγορία,
3323 5404 3348 5436 α
3383 5378 3580 5460 [psum
3616 5381 3774 5446 εει),

475 5462 601 5540 (90)
637 5459 1193 5541 Ἐορτύζομενοᾲιὶοε.
1239 5455 1364 5541 bm,
1412 5459 1764 5538 ἑορτάζωμεν.

2130 5451 2251 5516 bati
2283 5469 2525 5541 nomen.
2577 5477 2603 5507 »
2640 5454 2704 5515 ln
2753 5451 3004 5541 llebraea
3031 5451 3259 5541 lingua‘
3287 5451 3428 5541 naui
3485 5462 3779 5541 significat

476 5533 612 5628 (91")
649 5533 777 5628 Γᾴρ.
811 5541 990 5628 Deest
1124 5533 1406 5628 Beg._ph.
1472 5533 1511 5628 '_
1648 5533 1654 5535 ⁷
1699 5621 1709 5628 _
2137 5560 2166 5594 σ
2201 5535 2479 5628 quievit,»
2509 5549 2580 5594 ex
2609 5551 2724 5614 quo
2756 5533 3058 5600 derivatur
3076 5533 3191 5601 vox
3221 5533 3637 5628 Sabbatum',id
3659 5553 3771 5625 est,

481 5616 610 5705 (92)
643 5616 892 5691 Γΰνηται.
926 5617 1106 5682 Cois].
1141 5623 1170 5680 1
1221 5616 1406 5701 addit,
1466 5621 1526 5676 τὸ
1579 5621 1768 5702 κακόν,
1832 5643 1859 5677 α
1919 5636 2028 5682 ma-

2142 5640 2173 5673 α
2200 5616 2391 5698 quies.
2428 5637 2457 5670 ι
