4150 6430
375 172 487 245 431

1623 174 1686 242 S.
1729 167 2102 241 GBEGORII
2142 168 2530 242 THEOLOGI

3653 170 3777 243 432

372 310 685 392 gniﬁcans.
717 307 889 381 Quod
935 307 983 371 si
1014 306 1175 372 circa
1224 309 1351 373 haec
1379 306 1693 372 sublimior
1738 308 2006 387 quasdam

2094 311 2335 390 ἡμερῶν,
2396 312 2453 368 τὲ
2513 308 2809 387 Σάϐϐατον,
2871 318 3028 370 τοῦτο
3061 308 3223 379 δῆΑοτ
3254 312 3317 368 τὸ
3360 308 3489 390 (97)
3516 316 3767 391 συνεχῶς

374 408 466 463 est
494 400 668 480 ratio,
691 397 793 461 alii
821 417 952 462 eam
977 398 1297 479 explicent.
1321 398 1506 461 Porro
1530 397 1629 466 hic
1649 399 1844 462 honor
1863 396 2018 478 apud

373 508 500 567 eos,
536 508 658 551 non
687 489 750 551 in
780 488 992 552 diebus
1023 497 1251 551 tantum
1284 496 1397 566 est,
1426 487 1531 551 sed
1562 488 1635 550 ad
1658 506 1845 550 annos
1876 506 2021 569 quo-

374 598 490 663 que
506 578 938 661 porrigitur.Ac
959 578 1194 641 dierum
1215 578 1455 659 quidem
1470 576 2039 652 houor,Sabbatum,

2102 399 2227 481 παρ’
2274 404 2455 464 αὐτοῖς
2526 400 2853 477 τιμώμενον⁹
2930 403 3059 458 καθὸ
3120 401 3208 458 καὶ
3236 402 3395 468 ἦτῆς
3426 401 3599 475 ζύμης
3656 400 3762 479 ἄρ-

2103 512 2182 553 σις
2240 491 2533 567 ἰσάριθμος·
2593 492 2628 559 ἡ
2689 488 2744 546 δὲ
2810 497 2916 548 τῶν
2950 490 3105 567 ἐτῶν,
3132 492 3160 545 ὁ
3188 486 3537 566 ζϐδοματικὸς
3572 489 3757 546 ἐνιαυ-

2102 581 2191 645 τὸς
2250 584 2349 645 τῆς
2406 579 2669 660 ἀφέσεως.
2742 581 2839 639 Καὶ
2910 580 3008 636 οὒκ
3078 580 3133 636 ἐν
3219 577 3471 655 ὲόδομὰσι
3560 579 3753 654 μόνον,

2104 668 2238 727 ἄλλα
2304 670 2391 725 καὶ
2448 668 2503 725 ὲν
2566 667 2847 745 ἑϐδομάσιν
2914 666 3239 745 ἑϐδομάδων,
3302 668 3499 745 ὁμοίως
3555 668 3609 725 ’ἐν
3696 690 3755 725 τε

2103 758 2327 837 ἡμέραις
2385 760 2473 815 καὶ
2518 758 2716 821 ἔτεσιν,
2797 761 2858 815 Αἱ
2914 758 3011 833 μὲν
3090 760 3179 815 οὖν
3237 763 3344 815 τῶν
3399 760 3616 834 ἡμερῶν
3672 756 3754 815 ἑϐ-

375 669 586 747 θειδϐς
620 671 733 733 hoc
766 668 1052 743 declarat,
1076 668 1235 750 quod
1262 668 1415 749 apud
1440 668 1605 749 ipsos
1636 668 1695 728 in
1729 675 2019 747 perpetuo

376 761 605 824 honore
629 767 759 835 est;
783 758 877 820 cui
908 758 1085 820 etiam
1107 758 1381 820 fermenti
1403 757 1656 821 sublatio
1672 766 1849 834 atque
1872 756 2018 817 sub-

378 850 560 912 motio
576 848 702 930 pari
718 847 952 910 dierum
972 865 1223 909 numero
1238 845 1682 928 respondet.An
1693 864 1901 908 norum
1922 864 2006 907 au-

2102 845 2325 924 δομάδες
2408 854 2631 927 γεννῶσι
2688 848 2789 915 τὴν
2864 849 3264 928 Πεντηκοστήν,
3337 845 3549 915 κλητὴν
3603 848 3758 926 ἁγίαν

377 948 498 1002 tem
530 939 746 1012 honor,
780 938 1153 1016 septenarius
1188 936 1285 998 ille
1316 936 1690 999 remissionis
1720 953 1910 997 annus
1940 932 2006 998 ³⁷.

2101 934 2227 1015 παρ’
2280 939 2461 1003 αὸτοτς
2524 938 2747 1016 ἡμέραν*
2796 939 2850 993 αἱ
2909 936 2963 993 δὲ
3022 943 3126 993 τῶν
3198 938 3357 1017 ἑτῶν,
3429 938 3520 993 τὸν
3580 934 3760 994 ἰωόυ-

374 1028 498 1093 Nec
520 1044 657 1089 vero
682 1024 743 1086 in
767 1024 1160 1087 hebdomadis
1190 1024 1408 1102 solum,
1431 1025 1536 1086 sed
1563 1025 1738 1087 etiam
1773 1025 1830 1085 in
1863 1023 2006 1085 heb-

2102 1025 2258 1084 1a‘tcv
2314 1024 2436 1105 (98)
2495 1026 2621 1106 παρ’
2676 1029 2858 1091 αὔτοτς
2928 1026 3343 1101 ὀνομαζόμενον,
3406 1027 3606 1101 ὁμοίως
3651 1033 3755 1104 γῆς

375 1116 762 1181 domadarum
786 1112 1204 1189 hebdomadis,
1224 1115 1285 1175 in
1303 1114 1516 1176 diebus
1532 1116 1699 1195 juxta
1721 1123 1895 1196 atque
1920 1134 2006 1176 an-

2102 1137 2159 1171 τε
2220 1114 2405 1196 ἂφεσιν
2505 1114 2728 1195 ἔχοντα,
2813 1117 2901 1171 καὶ
2987 1112 3187 1172 δούλων
3274 1113 3593 1195 ἐλευθερίαν,
3668 1117 3755 1172 καὶ

375 1207 490 1271 nis.
512 1205 826 1269 Enimvero
842 1202 1073 1265 dierum
1095 1203 1501 1266 bebdomades
1517 1203 1911 1267 Pentecosten
1927 1222 2006 1280 pa-

2102 1207 2344 1275 κτήσεων
2413 1205 2635 1273 ὠνητῶν
2691 1205 3063 1285 ἀναχώρησιν.
3139 1208 3445 1284 Καθιεροὺσι
3502 1206 3623 1285 γὰρ,
3698 1210 3759 1265 06

371 1296 558 1378 riunt,
590 1301 858 1357 sanctum
888 1294 1046 1356 diem
1082 1293 1239 1374 apud
1270 1293 1407 1355 illos
1439 1306 1841 1375 nuncupatum
1871 1312 1884 1357 :
1920 1314 2006 1355 an-

2105 1295 2457 1374 γεννημάτων
2518 1292 2644 1375 (99)
2702 1294 2891 1369 μόνον,
2992 1293 3108 1351 οὐδὲ
3208 1294 3572 1373 προτοτόκῶν,
3652 1294 3753 1352 ἀλλ

374 1404 587 1449 norum
644 1392 845 1446 autem
900 1383 1193 1463 septimae,
1249 1382 1546 1446 Jubileum
1595 1403 1816 1447 annum
1869 1385 2006 1445 sicut

2102 1383 2206 1454 ἢδη
2273 1386 2360 1441 καὶ
2424 1386 2638 1462 ἡμερῶν
2696 1385 2784 1440 καὶ
2838 1385 2976 1441 ὶτων
3007 1384 3260 1463 ἀπαρχὰς
3318 1384 3395 1447 τῷ
3426 1391 3543 1459 Θεῷ
3601 1396 3757 1446 τοῦτο

372 1476 493 1559 ipsi
515 1475 849 1548 nominant,
876 1490 1069 1553 aeque,
1086 1481 1209 1535 tum
1231 1480 1407 1535 terrae
1428 1474 1870 1548 remissionem,
1898 1482 2006 1534 tum

2100 1477 2163 1531 τὸ
2208 1473 2385 1552 γένος.
2452 1471 2632 1535 Οὕτως
2703 1475 2731 1529 ὁ
2782 1472 2917 1529 ἔπτὰ
2996 1473 3301 1549 τιμώμενος
3373 1472 3596 1559 άριθμός
3653 1476 3753 1543 τὴν

373 1553 685 1629 servorum
718 1561 1252 1625 manumissionem
1275 1562 1666 1638 obtinentem,
1695 1572 1753 1625 et
1775 1562 2006 1644 praedio-

2101 1564 2265 1639 τιμην
2334 1562 2431 1630 τῆς
2506 1567 2879 1629 Πεντηκοστῆς
2939 1564 3351 1641 σονεισήγαγεν.
3384 1553 3441 1620 Ὀ
3483 1564 3581 1642 γαρ
3615 1565 3747 1621 ἑπτὰ

372 1674 507 1717 rum
533 1665 833 1735 emptores
856 1651 1237 1732 possessione
1260 1672 1367 1713 sua
1389 1652 1681 1716 excedere
1707 1662 2006 1733 cogentem

2102 1656 2188 1710 επὶ
2246 1653 2431 1709 ἑαυτὸν
2528 1653 2920 1727 συντιθέμενος,
2982 1656 3141 1730 γεννᾷ
3216 1654 3307 1707 τὸν
3396 1656 3746 1729 πεντήκοντα,

371 1743 448 1807 ³8.
474 1748 626 1809 Nam
648 1744 771 1804 haec
794 1742 978 1819 natio,
1006 1760 1126 1804 non
1153 1743 1329 1805 modo
1350 1742 1595 1822 frugum
1628 1752 1687 1806 et
1716 1744 2006 1825 primoge-

2105 1748 2229 1819 μιᾶς
2300 1739 2520 1808 δεούσης
2568 1739 2799 1820 ἡμέρας,
2860 1740 2925 1810 ἢν
2985 1740 3045 1797 ἒ(
3097 1748 3188 1798 τοῦ
3250 1740 3541 1817 μέλλοντος
3615 1744 3750 1799 αἶῶ-

374 1836 659 1909 nitorum,
694 1831 800 1895 sed
830 1831 1060 1893 dierum
1096 1831 1277 1893 etiam
1309 1840 1367 1895 et
1396 1850 1689 1896 annorum
1730 1832 2006 1913 primitias

2100 1853 2188 1895 νος
2248 1830 2705 1911 προσειλήφαμεν,
2806 1828 3000 1908 ὀγδόην
3068 1851 3123 1886 τε
3202 1838 3358 1887 οὖσαν
3419 1831 3519 1900 τὴν
3589 1833 3754 1900 αὐτὴν

374 1925 499 1990 Deo
541 1929 870 1986 consecrat.
925 1920 1010 1984 Eo
1042 1922 1201 1983 cultu
1251 1922 1614 1985 venerabilis
1645 1922 2006 2003 septenarius

2100 1923 2188 1978 κιὶ
2248 1921 2489 1997 πρώτην,
2547 1918 2752 1996 μᾶλλον
2808 1916 2863 1975 δὲ
2923 1922 3046 1995 μίαν
3079 1921 3167 1976 καὶ
3226 1919 3587 1982 ἀκατάλυτον.
3656 1923 3755 1980 Δεῖ

374 2030 684 2089 numerus,
717 2010 1099 2073 Pentecostes
1128 2011 1355 2074 cultum
1386 2032 1503 2075 una
1538 2032 1741 2076 secum
1772 2012 2006 2076 invexit.

2100 2012 2200 2090 γὰρ
2246 2010 2423 2067 ἐκεῖσε
2489 2007 2782 2076 καταλῆξαι
2852 2010 2943 2065 τὸν
3046 2009 3267 2069 ὶνταῦθα
3379 2008 3755 2087 Σαϐϐατισμὸν

374 2102 761 2186 Septenarius
786 2101 948 2164 enim
980 2101 1039 2161 in
1071 2101 1335 2182 seipsum
1372 2102 1608 2178 ductus,
1644 2103 2006 2184 quinquage-

2099 2106 2205 2157 τῶν
2277 2104 2496 2180 ψυχῶν,
2554 2101 2627 2162 ὡς
2698 2096 2911 2166 δοθῆναι
2971 2096 3179 2179 μερίδα³
3256 2113 3371 2162 τοῖς
3439 2101 3573 2158 ἑπτὰ
3636 2101 3750 2182 (1),

372 2194 606 2259 narium
645 2192 852 2272 gignit,
885 2209 1004 2252 uno
1049 2190 1147 2253 die
1192 2200 1461 2273 excepto,
1497 2211 1674 2273 quem
1719 2211 1790 2255 ex
1821 2192 2006 2254 futuro

2099 2191 2189 2247 καί
2240 2211 2301 2269 γε
2357 2201 2475 2251 τοϊς
2534 2188 2697 2260 ὀκτὼ,
2764 2188 2937 2251 καθὼς
2981 2187 3086 2257 ἠδη
3119 2190 3257 2253 τινὲς
3287 2194 3395 2246 τῶν
3443 2192 3544 2263 πρὸ
3587 2192 3746 2267 ἡμῶν

374 2284 590 2349 saeculo
603 2281 1337 2362 assumpsimus,octavum
1361 2283 1637 2345 eumdem
1658 2291 1714 2344 et
1732 2283 2006 2363 primum;

2099 2282 2160 2338 τὸ
2204 2278 2603 2355 Σολομώντειον
2647 2274 2725 2351 (2)
2773 2276 3100 2357 ἐξειλήφασι.

371 2376 487 2450 vel,
522 2382 583 2434 ut
602 2371 822 2433 rectius
857 2371 1088 2451 loquar,
1126 2389 1307 2432 unum
1339 2372 1476 2432 733
1502 2380 1561 2434 et
1588 2373 2046 2453 sempiternum.
2080 2368 2205 2433 Illic
2230 2367 2389 2429 enim
2422 2384 2682 2448 prmsens
2702 2368 3037 2429 animarum
3072 2375 3407 2429 nostrarum
3433 2366 3743 2430 Sabbatis-

374 2482 507 2529 mus
528 2462 1024 2525 desinatnecesse
1048 2468 1157 2541 est,
1192 2467 1256 2521 ut
1283 2460 1457 2523 detur
1486 2479 1643 2543 pars,
1679 2462 1799 2524 illis
1830 2470 2084 2541 septem,
2119 2457 2315 2521 etillis
2335 2464 2470 2519 octo
2490 2454 3079 2539 “,quemadmodum
3103 2456 3228 2537 jam
3262 2457 3534 2520 nonnulli
3557 2459 3745 2538 majo-

369 2572 501 2618 rum
536 2560 875 2612 nostrorum
907 2550 1067 2611 hunc
1093 2548 1429 2612 Salomonis
1457 2552 1650 2613 locum
1686 2558 2106 2632 exposuerunt.

448 2639 910 2716 lll.Quanquam
927 2648 1121 2700 autem
1143 2638 1219 2701 de
1239 2641 1564 2721 septenarii
1581 2640 1808 2704 honore
1826 2641 2006 2703 multa

2177 2637 2236 2694 1"
2248 2680 2264 2700 .
2339 2637 2455 2704 Τῆς
2509 2634 2566 2693 δὲ
2596 2645 2691 2695 τοῦ
2746 2632 2837 2716 (3)
2896 2635 3031 2693 ἔπτὰ
3081 2641 3270 2713 τιμῆς,
3322 2635 3499 2695 πολλά
3541 2638 3750 2721 μὲντᾶ

370 2736 485 2797 sint
516 2728 687 2791 nobis
725 2729 1050 2809 Scriptura:
1100 2720 1465 2806 testimOnia,
1498 2749 1684 2813 pauca
1733 2738 1928 2791 tamen
1979 2747 2006 2792 ε

2098 2727 2376 2807 μαρτύρια³
2451 2724 2603 2804 ὀλίγα
2673 2722 2727 2781 δὲ
2778 2724 2839 2781 ἐκ
2887 2724 3103 2783 πολλῶν
3162 2726 3303 2802 ἡμῖν
3360 2726 3599 2800 ἀρκέσει.
3654 2720 3746 2796 'u;

368 2822 567 2885 multis
590 2818 923 2900 producere
947 2818 1090 2881 satis
1121 2819 1254 2882 erit.
1282 2821 1521 2901 Septem
1547 2820 1746 2900 itaque
1772 2818 2006 2899 pretiosi

2097 2817 2227 2874 ἔπτὰ
2281 2819 2364 2895 (4)
2423 2815 2519 2892 μὲν
2605 2815 2975 2891 ὀνομαζόμενα
3054 2815 3203 2891 τίμια
3262 2817 3568 2893 Πνεύματα.
3644 2821 3748 2885 Τὰς

365 2911 619 2995 Spiritus
641 2910 1042 2973 nominantur.
1069 2906 1255 2971 Isaias
1277 2911 1466 2991 enim,
1486 2918 1553 2973 ut
1570 2908 2006 2991 Opinor,Spiri-

2094 2908 2194 2986 γὰρ
2263 2906 2549 2986 ἐνεργείας,
2610 2905 2794 2980 οἶμαι,
2868 2905 2959 2961 106
3039 2905 3373 2987 Πνεύματος,
3463 2909 3745 2983 Πνεύματα

368 2992 459 3065 tus
488 3000 885 3080 operationes,
918 2997 1171 3079 Spiritus
1222 3000 1525 3079 appellare
1567 3000 1718 3061 solet
1746 2998 1828 3057 40.
1867 2997 2006 3058 Elo-

2092 2995 2242 3075 φίλον
2296 3002 2376 3070 τῷ
2406 2992 2607 3067 Ἠσαίᾳ
2661 2992 2871 3053 καλεῖν.
2936 2996 3311 3073 Κεκαθαρμὲνα
3380 2995 3436 3053 δὲ
3470 2998 3535 3055 τὰ
3587 2996 3743 3077 λόγια

258 3094 275 3100 ’
366 3090 505 3173 quia
532 3088 675 3149 item
704 3088 965 3163 Domini,
995 3085 1163 3167 juxta
1192 3086 1500 3169 Davidem,
1525 3088 1823 3169 septulum
1860 3103 2007 3165 pur-

363 3188 495 3260 gata
514 3186 653 3239 sunt
669 3174 745 3239 ‘4.
769 3178 854 3239 Ac
868 3178 1070 3256 justus
1089 3196 1122 3239 a
1142 3178 1602 3239 necessitatibus
1627 3174 2008 3253 sexiesilihe-

363 3278 527 3347 ratur
556 3265 633 3342 δ’,
659 3268 720 3328 in
750 3265 1007 3347 septimo
1040 3276 1237 3329 autem
1274 3285 1349 3327 ne
1381 3266 1621 3347 quidem
1657 3264 2003 3347 percutitur.

362 3357 673 3422 Peccatori
702 3364 923 3429 autem,
950 3374 1069 3416 non
1099 3355 1323 3436 septies
1354 3363 1605 3431 tantum,
1633 3356 1735 3418 sed
1772 3362 2007 3435 septua.

359 3448 486 3528 gies
508 3447 685 3509 etiam
706 3444 928 3526 septies
950 3462 1102 3505 noxa
1122 3444 1446 3506 remittitur
1464 3444 1538 3509 ‘3.
1564 3447 1653 3508 Ac
1671 3462 1907 3507 rursum
1933 3462 2006 3506 ex

358 3537 614 3599 adversa
637 3542 803 3615 parte
830 3532 990 3613 (nam
1015 3533 1409 3614 improbitatis
1431 3552 1667 3615 quoque
1691 3552 1865 3616 pcena
1882 3532 2005 3595 lau-

360 3626 572 3689 dabilis
602 3628 737 3704 est),
771 3623 845 3685 de
897 3620 1040 3685 Cain
1081 3623 1322 3704 quidem
1372 3624 1596 3705 septies
1641 3622 2001 3705 supplicium

358 3716 615 3779 sumitur
643 3716 727 3796 44,
763 3714 873 3775 hoc
906 3722 1022 3794 est,
1053 3712 1328 3775 fraternae
1376 3712 1555 3775 caedis
1587 3712 1659 3776 ab
1690 3731 1761 3776 eo
1815 3730 2004 3793 poena;

355 3806 812 3888 repetuntur;de
830 3802 1089 3865 Lamech
1104 3815 1304 3864 autem
1324 3802 1660 3883 septuagies
1677 3804 1902 3883 septies
1914 3805 1997 3876 45,

357 3897 518 3978 quia,
548 3903 678 3976 post
707 3896 898 3975 legem
932 3903 989 3955 et
1018 3892 1600 3968 condemnationem,
1623 3891 1845 3956 caedem
1871 3911 2001 3972 per-

2091 3091 2183 3142 106
2237 3082 2455 3163 Κυρίου,
2512 3085 2648 3141 κατὰ
2728 3086 2821 3140 τὸν
2898 3082 3080 3164 Δαϐἰδ,
3177 3084 3579 3152 ἑπταπλασίως,
3645 3090 3742 3146 Καὶ

2092 3176 2119 3231 ὁ
2180 3174 2279 3251 μὲν
2333 3171 2559 3250 δίκαιος,
2632 3172 2807 3240 ἰξάκις
2867 3174 2965 3249 μὶν
3024 3172 3117 3253 (5)
3164 3172 3217 3241 ἐξ
3276 3174 3522 3255 ἀναγκῶν
3592 3174 3742 3242 ὶξαι-

2089 3265 2371 3343 ρούμενος,
2444 3262 2498 3319 ὲν
2554 3261 2609 3319 δὲ
2658 3264 2736 3339 τῷ
2792 3261 3004 3341 ἑϐδόμῳ
3051 3262 3190 3341 μηδὲ
3244 3263 3645 3343 πλησσόμενος.
3684 3265 3743 3326 Ὀ

2088 3351 2141 3410 δέ
2226 3353 2566 3434 ἁμαρτωλὸς,
2653 3355 2759 3435 οὐχ
2816 3354 3036 3418 ἑπτάκις
3093 3355 3280 3431 μόνον⁹
3339 3353 3478 3413 ἀλλὰ
3526 3357 3615 3414 καὶ
3645 3354 3740 3413 ἒϐ-

2085 3442 2475 3522 δομηκοντάκις
2562 3444 2697 3502 ἑπτὰ
2801 3444 3268 3525 συγχωρούμενος.
3375 3446 3473 3504 Καὶ
3559 3446 3741 3523 μέντοι

2086 3533 2246 3592 πάλιν
2300 3533 2362 3591 ἐκ
2410 3532 2519 3591 τῶν
2596 3531 2846 3591 ἰναντίων
2920 3531 3199 3613 (ἐπαινετὴ
3255 3534 3356 3615 γὰρ
3410 3536 3499 3593 καὶ
3559 3535 3646 3617 [6]
3704 3540 3742 3608 ἡ

2084 3628 2183 3693 τῆς
2239 3623 2427 3688 κακίας
2456 3622 2727 3705 κόλασις),
2805 3624 2939 3681 Κάΐν
2998 3623 3097 3700 μὲν
3146 3622 3518 3703 ἐκδικούμενος
3564 3627 3736 3687 ἑπτά-

2087 3736 2194 3789 κις,
2267 3712 2507 3771 τουτέστι
2564 3711 2709 3779 δίκας
2809 3714 3256 3791 εἰσπραττόμενος
3315 3719 3417 3783 τῆς
3504 3714 3737 3797 ἀδελφο-

2085 3804 2316 3870 κτονίαςο
2378 3806 2407 3860 ὁ
2466 3802 2519 3860 δὲ
2593 3803 2789 3884 Λάμεχ
2839 3800 3297 3880 ἑϐδομηκοντάκις
3328 3802 3488 3879 ἔπτὰ,
3514 3804 3596 3863 ὅτι
3628 3830 3736 3888 φο-

2085 3894 2200 3957 νεὺς
2256 3895 2325 3961 ἦν
2382 3894 2517 3970 μετὰ
2605 3894 2697 3949 τὸν
2778 3892 2941 3969 νόμον
3010 3894 3099 3951 καὶ
3162 3896 3224 3952 τὸ
3280 3895 3606 3974 κατάκριμα.
3668 3898 3731 3955 Oi

355 3986 623 4070 petravit.
658 3984 882 4046 Eodem
924 3982 1203 4063 pertinet,
1236 3981 1395 4062 quod
1446 3981 1519 4044 de
1551 3982 1745 4061 pravis
1794 3982 1998 4044 vicinis

2090 3980 2135 4038 δὲ
2183 3983 2406 4061 πονηροὶ
2482 3984 2713 4061 γείτονες
2798 3980 3197 4042 ἑπταπλασίονα
3261 3985 3335 4048 είς
3386 3985 3480 4041 τὸν
3530 3984 3733 4044 κόλπον

353 4076 640 4156 scriptum
667 4082 778 4147 est,
799 4090 901 4134 eos
922 4070 1219 4151 septulum
1242 4070 1304 4131 in
1325 4071 1519 4133 sinum
1552 4089 1724 4133 suum
1755 4071 1995 4153 recipe-

352 4184 421 4227 re
448 4165 549 4241 46;
583 4162 740 4244 quod
775 4162 949 4223 etiam
982 4162 1058 4222 de
1088 4169 1316 4241 septem
1345 4161 1640 4224 columnis
1668 4162 1752 4238 47,
1779 4161 1993 4244 quibus

353 4254 671 4335 Sapientiae
701 4252 912 4312 domus
943 4250 1183 4327 nititur;
1209 4251 1366 4332 quod
1398 4250 1472 4313 de
1497 4250 1741 4313 totidem
1776 4251 1989 4328 oculis,

2079 4076 2251 4132 αὐτῶν
2314 4071 2394 4153 (Ἰ)
2462 4070 2951 4150 ἀπολαμϐάνοντες·
3032 4073 3168 4131 ἰπτά
3217 4072 3272 4131 δὲ
3302 4072 3520 4140 στύλοις
3574 4074 3603 4132 δ
3633 4082 3761 4146 τῆς,

2079 4164 2266 4243 Σοφίος
2330 4162 2484 4228 οἶκος
2546 4160 2972 4243 δπερειδόμενος·
3033 4164 3307 4229 τςσούτοις
3392 4163 3447 4221 δὲ
3528 4165 3731 4247 ὀφθαλ-

2078 4264 2205 4328 μοῖς
2256 4254 2285 4309 ὁ
2350 4258 2446 4311 τοῦ
2504 4249 2798 4332 Ζοροϐάϐελ
2858 4250 2998 4318 λίθος
3073 4254 3437 4331 κοσμούμενος
3520 4253 3731 4315 ’Δπτά-

355 4342 567 4426 quibus
595 4339 978 4405 Zorobabelis
1014 4338 1167 4421 lapis
1197 4348 1445 4403 ornatur
1472 4338 1550 4405 ‘3.
1581 4340 1735 4413 Quin
1788 4342 1991 4422 etiam,

2090 4362 2160 4407 ιις
2208 4339 2264 4398 δὲ
2316 4347 2417 4411 τῆς
2471 4341 2675 4422 ἡμέρας
2758 4344 2788 4400 ὁ
2846 4345 2976 4409 Θεὸς
3048 4342 3381 4421 αἱνούμενος.
3460 4346 3558 4404 Καὶ
3618 4347 3728 4424 μὴν

432 4452 487 4498 εδ
517 4451 704 4517 Exod.
738 4468 861 4525 xvr,
894 4450 1005 4533 26.,
1082 4448 1136 4494 37
1165 4450 1353 4533 Levit.
1378 4468 1523 4533 xxv,
1554 4451 1649 4533 4._
1703 4450 1758 4495 ³8
1785 4451 1932 4515 ibid.
1959 4451 1999 4513 8
2027 4468 2199 4533 seqq.
2284 4449 2337 4533 ³9
2364 4448 2676 4533 Ecclerxt,
2702 4453 2804 4533 2.__
2832 4448 2904 4533 3°
2930 4448 3125 4533 Isaxr,
3148 4451 3208 4516 2.
3292 4449 3343 4496 ιι
3376 4451 3535 4533 Psal.
3560 4468 3644 4531 xi,
3670 4458 3731 4521 7.

354 4534 547 4600 4210b
570 4554 624 4615 ν,
662 4535 758 4598 19.
846 4532 1058 4598 Matth.
1088 4548 1253 4610 xvm,
1281 4532 1384 4610 21,
1414 4527 1513 4594 22.2
1598 4531 1655 4617 ﬂ
1684 4536 1835 4599 Gen.
1867 4550 1952 4615 tv,
1983 4534 2006 4599 1

358 4634 441 4699 1x,
474 4625 530 4680 1.
617 4612 672 4658 ‘8
699 4614 875 4677 Zach.
901 4630 984 4689 ιιι,
1010 4612 1071 4676 9.

2115 4527 2215 4597 i5.
2298 4529 2353 4575 ⁸⁵
2381 4530 2528 4594 ibid.
2562 4531 2667 4597 24.
2749 4527 2806 4575 ω
2831 4528 2986 4595 Psal.
3019 4547 3262 4611 LXXVIII,
3289 4533 3393 4599 12.
3475 4531 3529 4577 ⁴τ
3554 4527 3727 4602 Prov.

430 4727 560 4805 (9'7)
592 4732 757 4807 @0610
789 4721 1061 4807 δηλοῖτό.
1094 4720 1242 4784 Tres
1270 4722 1763 4807 Begg..nonnull_i
1792 4723 1992 4807 Colb.,

2090 4721 2199 4807 sint
2224 4719 2482 4804 Spiritus
2514 4740 2532 4799 ;
2576 4739 2735 4807 unus
2758 4720 2920 4786 enim
2942 4721 3311 4807 estASpiritus
3354 4725 3729 4807 sanctusr;sed

352 4801 456 4871 Or;
494 4804 795 4891 1,_Qo_mb.
843 4812 901 4866 et
933 4801 1100 4879 Bas.,
1146 4810 1300 4861 τοῦτο
1332 4801 1397 4872 δὴ
1429 4805 1509 4867 τό..
1538 4804 1640 4867 Sic
1673 4805 1853 4867 etiam
1906 4805 1995 4867 le-
2079 4801 2311 4891 divinas
2342 4820 2553 4875 omnes
2583 4803 2849 4891 actiones
2870 4821 3009 4891 qua
3034 4801 3151 4886 ipsi
3182 4806 3403 4887 insunt,
3446 4801 3730 4891 Spiritus,

352 4896 517 4967 gerat
537 4878 773 4967 'Billius.
988 4965 1005 4967 _
1083 4878 1088 4879 ί
1700 4966 1703 4967 ί
2081 4891 2145 4945 ut
2172 4884 2408 4967 opinor,
2440 4883 2705 4967 appellat
2726 4878 3038 4967 propheta,
3057 4878 3144 4967 -,‘
3490 4878 3525 4889 -.

414 4969 565 5047 .(98)
597 4965 925 5029 Ἰωϐυλατον.
973 4965 1249 5047 Quinque
1277 4967 1497 5045 Regg.,
1530 4966 1873 5035 Ἰωϐηλατον.

2091 4960 2495 5048 ---(⁵ὶ,Ἒέἇκιέ
2518 4960 2640 5048 ἷιέν·
2678 4960 2864 5048 Dimisi
2891 4966 2989 5048 μέ]
3019 4966 3077 5048 in
3109 4960 3267 5048 Reg.
3292 4965 3371 5048 ph
3393 4973 3485 5048 _et
3540 4968 3726 5032 Savil.

433 5044 557 5129 (99)
594 5048 967 5123 Γεννημάτων.
1013 5044 1463 5129 Plut—8873933,
1495 5050 1833 5129 γενημάτῳν.

2090 5044 2299 5129 “ludit
2331 5044 2658 5129 Gregorius
2685 5044 2759 5129 ad
2788 5045 2915 5108 haec
2943 5044 3105 5129 Jobi,
3134 5044 3311 5129 v,19,'
3343 5068 3367 5105 ι
3392 5045 3458 5109 In
3484 5064 3591 5111 sex
3617 5049 3729 5112 tri-

430 5125 511 5204 (t)
541 5125 672 5194 Τοτς
704 5130 860 5210 ἑπτὰ,
894 5135 1007 5210 etc.
1043 5127 1180 5189 Haec
1211 5128 1286 5189 de
1315 5125 1545 5210 Eccles.
1615 5145 1698 5204 ιιι,
1748 5127 1807 5204 2,
1860 5146 1988 5190 mn-
2076 5125 2484 5210 bulationibus
2517 5125 2790 5187 liberavit
2820 5134 2901 5203 te,
2932 5134 2991 5189 et
3010 5126 3073 5189 iu
3105 5126 3358 5209 septima
3382 5146 3503 5191 non
3523 5135 3729 5210 tanget

348 5219 506 5273 tuata
535 5219 671 5271 sunt
696 5228 730 5291 a
758 5207 1136 5291 Gregorio;e_t
1158 5226 1191 5270 a
1221 5208 1992 5291 Patribusexplanata,praa-
2075 5214 2134 5269 te
2158 5207 2404 5291 malum.

349 5292 559 5354 sertim
592 5292 665 5351 ab
695 5284 1036 5367 Ambrosio,
1071 5288 1172 5350 lib.
1208 5306 1247 5351 v
1277 5291 1342 5351 in
1377 5292 1546 5364 Luca,
1580 5284 1632 5351 ὁ.
1676 5306 1759 5352 Vl.
1824 5284 1863 5291 ”
2157 5288 2241 5367 (ὃ)
2264 5290 2369 5369 Γὰρ
2396 5289 2507 5369 καί.
2544 5284 2645 5350 Sic
2674 5293 2930 5369 quatuor
2956 5286 3140 5369 Regg.
3186 5297 3489 5353 ettnovem
3551 5291 3719 5357 Colb.

431 5372 513 5447 (2)
546 5370 963 5446 Σοϐομώντειον.
998 5370 1198 5450 Savil.,
1235 5370 1613 5447 Σολομοντίον,

2090 5370 2253 5431 Deest
2281 5368 2371 5425 καὶ
2403 5368 2463 5429 in
2497 5369 2595 5431 ed.

424 5445 509 5530 (3)
579 5445 697 5518 Ti:
740 5451 793 5506 δὲ
846 5459 947 5511 τἰὖ,
1011 5445 1318 5530 Βθε.’[ιιη
1382 5445 1438 5512 et
1491 5453 1685 5532 Pass.,
1744 5458 1843 5519 τῆς
1895 5455 1993 5529 μὲν

2156 5449 2239 5530 (7)
2275 5452 2477 5532 Αρτὼν.
2512 5448 2782 5532 Deest_in
2807 5446 3086 5532 pluribus
3115 5445 3300 5532 Begg.
3346 5450 3579 5514 Alludit
3648 5455 3722 5517 ad

344 5527 512 5621 06v,“
556 5602 568 5621 ε
684 5612 695 5621 η
796 5612 805 5621 ,
1304 5620 1307 5621 ν
1669 5527 1681 5532 ⁷
1726 5613 1759 5621 η
1804 5614 1836 5621 _
1948 5612 1961 5621 _
2076 5527 3486 5621 haec’psal.i.xxv111,12:«Reddevicinis'nostris
3509 5542 3722 5621 septu-

433 5610 518 5691 (4)
556 5610 647 5675 Ὠς
680 5612 835 5692 ἐπτέι,
869 5622 986 5674 etc.
1026 5635 1050 5665 εί
1082 5610 1154 5673 Ut
1183 5620 1411 5692 septem
1443 5613 1762 5675 venerandi
1800 5612 1989 5692 Spiri-

2090 5610 2237 5687 ilum
2268 5610 2329 5670 in
2359 5611 2492 5679 sinu
2521 5627 2754 5672 eorum.
2789 5631 2818 5671 ι
2900 5616 2905 5621 ’
3024 5616 3029 5619 ’
3580 5610 3623 5626 ““

353 5660 466 5768 ηις),
499 5660 531 5751 ί
570 5660 684 5752 etc.
717 5711 741 5746 ιι
776 5660 905 5751 Non
937 5692 1117 5771 quod,
1143 5713 1168 5751 ι
1203 5660 1395 5772 inrquit
1419 5660 1737 5771 Nicetas,:
1758 5660 1986 5774 septe-ri)
