  <div class='ocr_page' id='page_1' title='image "/cluster/home/n/w/nwhite01/storage/ocr_20150623/36:no.2/coo.31924054869338/226.png"; bbox 0 0 4150 6422; ppageno 0'>
   <div class='ocr_carea' id='block_1_1' title="bbox 397 329 3787 410">
    <p class='ocr_par' dir='ltr' id='par_1_1' title="bbox 397 329 3787 410">
     <span class='ocr_line' id='line_1_1' title="bbox 397 329 3787 410; baseline 0.001 -3"><span class='ocrx_word' id='word_1_1' title='bbox 397 342 517 407; x_wconf 76' lang='grc'><strong>43¹1</strong></span> <span class='ocrx_word' id='word_1_2' title='bbox 1460 341 1746 407; x_wconf 80' lang='lat' dir='ltr'><strong>ORATIO</strong></span> <span class='ocrx_word' id='word_1_3' title='bbox 1786 336 1949 404; x_wconf 82' lang='lat' dir='ltr'><strong>XLI.</strong></span> <span class='ocrx_word' id='word_1_4' title='bbox 1981 367 2059 382; x_wconf 96' lang='lat'><strong>—</strong></span> <span class='ocrx_word' id='word_1_5' title='bbox 2086 329 2169 403; x_wconf 84' lang='lat' dir='ltr'><strong>IN</strong></span> <span class='ocrx_word' id='word_1_6' title='bbox 2212 336 2795 406; x_wconf 83' lang='lat' dir='ltr'><strong>PENTECOSTEN.</strong></span> <span class='ocrx_word' id='word_1_7' title='bbox 3668 342 3787 410; x_wconf 75' lang='lat'><strong>438</strong></span> 
     </span>
    </p>
   </div>
   <div class='ocr_carea' id='block_1_2' title="bbox 395 470 2039 561">
    <p class='ocr_par' dir='ltr' id='par_1_2' title="bbox 395 471 2031 559">
     <span class='ocr_line' id='line_1_2' title="bbox 395 471 2031 559; baseline -0.004 -22"><span class='ocrx_word' id='word_1_8' title='bbox 395 478 651 559; x_wconf 74' lang='grc' dir='ltr'>παρέσται</span> <span class='ocrx_word' id='word_1_9' title='bbox 681 478 1034 559; x_wconf 80' lang='grc' dir='ltr'>δεσποτικῶς,</span> <span class='ocrx_word' id='word_1_10' title='bbox 1104 474 1227 535; x_wconf 82' lang='grc' dir='ltr'>ἀλλ’</span> <span class='ocrx_word' id='word_1_11' title='bbox 1259 477 1318 535; x_wconf 73' lang='grc' dir='ltr'>οὐ</span> <span class='ocrx_word' id='word_1_12' title='bbox 1346 474 1628 559; x_wconf 80' lang='grc' dir='ltr'>δουλικῶς,</span> <span class='ocrx_word' id='word_1_13' title='bbox 1662 474 1779 536; x_wconf 72' lang='grc' dir='ltr'>οὐδὲ</span> <span class='ocrx_word' id='word_1_14' title='bbox 1827 471 2031 548; x_wconf 74' lang='grc' dir='ltr'>ἀναμέ-</span> 
     </span>
    </p>
   </div>
   <div class='ocr_carea' id='block_1_3' title="bbox 2135 470 3794 561">
    <p class='ocr_par' dir='ltr' id='par_1_3' title="bbox 2135 470 3794 561">
     <span class='ocr_line' id='line_1_3' title="bbox 2135 470 3794 561; baseline 0.008 -28"><span class='ocrx_word' id='word_1_15' title='bbox 2135 470 2279 561; x_wconf 68' lang='grc' dir='ltr'>ίίυηι</span> <span class='ocrx_word' id='word_1_16' title='bbox 2300 471 2491 552; x_wconf 92' lang='lat' dir='ltr'><strong>ipsius</strong></span> <span class='ocrx_word' id='word_1_17' title='bbox 2497 474 3108 556; x_wconf 89' lang='lat' dir='ltr'><strong>judiciorum,quibus</strong></span> <span class='ocrx_word' id='word_1_18' title='bbox 3126 493 3225 539; x_wconf 92' lang='lat' dir='ltr'><strong>res</strong></span> <span class='ocrx_word' id='word_1_19' title='bbox 3242 484 3478 541; x_wconf 83' lang='lat' dir='ltr'><strong>nostras</strong></span> <span class='ocrx_word' id='word_1_20' title='bbox 3492 479 3794 561; x_wconf 79' lang='lat' dir='ltr'><strong>sapienter</strong></span> 
     </span>
    </p>
   </div>
   <div class='ocr_carea' id='block_1_4' title="bbox 398 560 2039 651">
    <p class='ocr_par' dir='ltr' id='par_1_4' title="bbox 398 560 2039 650">
     <span class='ocr_line' id='line_1_4' title="bbox 398 560 2039 650; baseline -0.005 -23"><span class='ocrx_word' id='word_1_21' title='bbox 398 594 487 627; x_wconf 87' lang='grc' dir='ltr'><strong>νον</strong></span> <span class='ocrx_word' id='word_1_22' title='bbox 522 568 813 650; x_wconf 73' lang='grc' dir='ltr'><strong>ἐπίταγμα,</strong></span> <span class='ocrx_word' id='word_1_23' title='bbox 844 569 917 633; x_wconf 82' lang='grc' dir='ltr'>ὥς</span> <span class='ocrx_word' id='word_1_24' title='bbox 947 590 1085 634; x_wconf 89' lang='grc' dir='ltr'>τινες</span> <span class='ocrx_word' id='word_1_25' title='bbox 1119 567 1351 626; x_wconf 71' lang='grc' dir='ltr'>οἴονται.</span> <span class='ocrx_word' id='word_1_26' title='bbox 1399 573 1532 624; x_wconf 86' lang='grc' dir='ltr'>Πνεῖ</span> <span class='ocrx_word' id='word_1_27' title='bbox 1574 567 1674 647; x_wconf 81' lang='grc' dir='ltr'><strong>γὰρ</strong></span> <span class='ocrx_word' id='word_1_28' title='bbox 1705 563 1838 623; x_wconf 83' lang='grc' dir='ltr'>ὅπου</span> <span class='ocrx_word' id='word_1_29' title='bbox 1886 560 2039 643; x_wconf 59' lang='grc' dir='ltr'><strong>θείλει1</strong></span> 
     </span>
    </p>
   </div>
   <div class='ocr_carea' id='block_1_5' title="bbox 2135 560 3791 651">
    <p class='ocr_par' dir='ltr' id='par_1_5' title="bbox 2142 560 3791 651">
     <span class='ocr_line' id='line_1_5' title="bbox 2142 560 3791 651; baseline 0.007 -28"><span class='ocrx_word' id='word_1_30' title='bbox 2142 560 2515 644; x_wconf 78' lang='lat' dir='ltr'><strong>moderatur,</strong></span> <span class='ocrx_word' id='word_1_31' title='bbox 2550 570 2640 625; x_wconf 90' lang='lat' dir='ltr'><strong>est</strong></span> <span class='ocrx_word' id='word_1_32' title='bbox 2688 564 2859 627; x_wconf 80' lang='lat' dir='ltr'><strong>ratio.</strong></span> <span class='ocrx_word' id='word_1_33' title='bbox 2900 565 3092 646; x_wconf 83' lang='lat' dir='ltr'><strong>Atque</strong></span> <span class='ocrx_word' id='word_1_34' title='bbox 3147 566 3491 647; x_wconf 84' lang='lat' dir='ltr'><strong>hujusmodi</strong></span> <span class='ocrx_word' id='word_1_35' title='bbox 3549 560 3791 651; x_wconf 87' lang='lat' dir='ltr'><strong>quidem</strong></span> 
     </span>
    </p>
   </div>
   <div class='ocr_carea' id='block_1_6' title="bbox 397 653 2039 741">
    <p class='ocr_par' dir='ltr' id='par_1_6' title="bbox 397 654 2039 741">
     <span class='ocr_line' id='line_1_6' title="bbox 397 654 2039 741; baseline -0.007 -21"><span class='ocrx_word' id='word_1_36' title='bbox 397 660 485 717; x_wconf 86' lang='grc' dir='ltr'><strong>καὶ</strong></span> <span class='ocrx_word' id='word_1_37' title='bbox 529 659 612 741; x_wconf 71' lang='grc' dir='ltr'><strong>ἐφ’</strong></span> <span class='ocrx_word' id='word_1_38' title='bbox 684 657 773 723; x_wconf 63' lang='grc' dir='ltr'><strong>οῧς</strong></span> <span class='ocrx_word' id='word_1_39' title='bbox 835 658 965 738; x_wconf 86' lang='grc'><strong>(35)</strong></span> <span class='ocrx_word' id='word_1_40' title='bbox 1007 657 1282 735; x_wconf 81' lang='grc' dir='ltr'>βούλεται,</span> <span class='ocrx_word' id='word_1_41' title='bbox 1312 658 1401 714; x_wconf 88' lang='grc' dir='ltr'><strong>καὶ</strong></span> <span class='ocrx_word' id='word_1_42' title='bbox 1432 657 1615 733; x_wconf 79' lang='grc' dir='ltr'>ἡνίκα,</span> <span class='ocrx_word' id='word_1_43' title='bbox 1651 656 1739 713; x_wconf 83' lang='grc' dir='ltr'>καὶ</span> <span class='ocrx_word' id='word_1_44' title='bbox 1767 654 1916 717; x_wconf 79' lang='grc' dir='ltr'>ὅσον.</span> <span class='ocrx_word' id='word_1_45' title='bbox 1952 654 2039 712; x_wconf 73' lang='lat' dir='ltr'><strong>Oil-</strong></span> 
     </span>
    </p>
   </div>
   <div class='ocr_carea' id='block_1_7' title="bbox 2135 653 3793 741">
    <p class='ocr_par' dir='ltr' id='par_1_7' title="bbox 2140 653 3793 739">
     <span class='ocr_line' id='line_1_7' title="bbox 2140 653 3793 739; baseline 0.008 -28"><span class='ocrx_word' id='word_1_46' title='bbox 2140 659 2304 728; x_wconf 92' lang='lat' dir='ltr'><strong>sunt,</strong></span> <span class='ocrx_word' id='word_1_47' title='bbox 2339 672 2475 731; x_wconf 83' lang='lat' dir='ltr'><strong>quae</strong></span> <span class='ocrx_word' id='word_1_48' title='bbox 2498 654 2571 715; x_wconf 89' lang='lat' dir='ltr'><strong>ad</strong></span> <span class='ocrx_word' id='word_1_49' title='bbox 2619 653 2919 717; x_wconf 75' lang='lat' dir='ltr'><strong>Christum</strong></span> <span class='ocrx_word' id='word_1_50' title='bbox 2953 655 3300 736; x_wconf 71' lang='lat' dir='ltr'><strong>pertinent;</strong></span> <span class='ocrx_word' id='word_1_51' title='bbox 3334 665 3392 719; x_wconf 91' lang='lat' dir='ltr'><strong>et</strong></span> <span class='ocrx_word' id='word_1_52' title='bbox 3420 675 3556 735; x_wconf 65' lang='lat' dir='ltr'><strong>quae</strong></span> <span class='ocrx_word' id='word_1_53' title='bbox 3586 668 3793 739; x_wconf 91' lang='lat' dir='ltr'><strong>postea</strong></span> 
     </span>
    </p>
   </div>
   <div class='ocr_carea' id='block_1_8' title="bbox 399 741 2039 831">
    <p class='ocr_par' dir='ltr' id='par_1_8' title="bbox 399 741 2039 826">
     <span class='ocr_line' id='line_1_8' title="bbox 399 741 2039 826; baseline 0.001 -20"><span class='ocrx_word' id='word_1_54' title='bbox 399 771 506 814; x_wconf 88' lang='grc' dir='ltr'><strong>τως</strong></span> <span class='ocrx_word' id='word_1_55' title='bbox 580 752 745 825; x_wconf 79' lang='grc' dir='ltr'>ἡμεῖς</span> <span class='ocrx_word' id='word_1_56' title='bbox 796 749 885 806; x_wconf 84' lang='grc' dir='ltr'><strong>καὶ</strong></span> <span class='ocrx_word' id='word_1_57' title='bbox 916 761 1059 805; x_wconf 88' lang='grc' dir='ltr'>νοεῖν</span> <span class='ocrx_word' id='word_1_58' title='bbox 1091 748 1179 805; x_wconf 84' lang='grc' dir='ltr'><strong>καὶ</strong></span> <span class='ocrx_word' id='word_1_59' title='bbox 1208 746 1384 826; x_wconf 80' lang='grc' dir='ltr'>λέγειν</span> <span class='ocrx_word' id='word_1_60' title='bbox 1413 744 1756 823; x_wconf 74' lang='grc' dir='ltr'>ἑμπνεόμεθα</span> <span class='ocrx_word' id='word_1_61' title='bbox 1786 744 1904 823; x_wconf 83' lang='grc' dir='ltr'>περὶ</span> <span class='ocrx_word' id='word_1_62' title='bbox 1927 741 2039 824; x_wconf 58' lang='grc'><strong>(36]</strong></span> 
     </span>
    </p>
   </div>
   <div class='ocr_carea' id='block_1_9' title="bbox 2135 741 3795 831">
    <p class='ocr_par' dir='ltr' id='par_1_9' title="bbox 2139 744 3795 831">
     <span class='ocr_line' id='line_1_9' title="bbox 2139 744 3795 831; baseline 0.007 -29"><span class='ocrx_word' id='word_1_63' title='bbox 2139 751 2493 825; x_wconf 83' lang='lat' dir='ltr'><strong>sequentur,</strong></span> <span class='ocrx_word' id='word_1_64' title='bbox 2514 744 2926 821; x_wconf 81' lang='lat' dir='ltr'><strong>splendidiora</strong></span> <span class='ocrx_word' id='word_1_65' title='bbox 2955 748 3422 827; x_wconf 89' lang='lat' dir='ltr'><strong>conspiciemus,</strong></span> <span class='ocrx_word' id='word_1_66' title='bbox 3445 748 3795 831; x_wconf 87' lang='lat' dir='ltr'><strong>utinamque</strong></span> 
     </span>
    </p>
   </div>
   <div class='ocr_carea' id='block_1_10' title="bbox 400 832 2039 919">
    <p class='ocr_par' dir='ltr' id='par_1_10' title="bbox 400 840 845 914">
     <span class='ocr_line' id='line_1_10' title="bbox 400 840 845 914; baseline 0.004 -19"><span class='ocrx_word' id='word_1_67' title='bbox 400 848 495 896; x_wconf 76' lang='grc' dir='ltr'><strong>τοῦ</strong></span> <span class='ocrx_word' id='word_1_68' title='bbox 516 840 845 914; x_wconf 80' lang='grc' dir='ltr'>Πνεύματος.</span> 
     </span>
    </p>
   </div>
   <div class='ocr_carea' id='block_1_11' title="bbox 2135 832 3796 919">
    <p class='ocr_par' dir='ltr' id='par_1_11' title="bbox 2140 832 3796 919">
     <span class='ocr_line' id='line_1_11' title="bbox 2140 832 3796 919; baseline 0.005 -26"><span class='ocrx_word' id='word_1_69' title='bbox 2140 839 2201 893; x_wconf 91' lang='lat' dir='ltr'><strong>et</strong></span> <span class='ocrx_word' id='word_1_70' title='bbox 2229 832 2340 911; x_wconf 84' lang='lat' dir='ltr'><strong>ipsi</strong></span> <span class='ocrx_word' id='word_1_71' title='bbox 2372 833 2838 914; x_wconf 87' lang='lat' dir='ltr'><strong>conspiciamur.</strong></span> <span class='ocrx_word' id='word_1_72' title='bbox 2864 834 2959 898; x_wconf 86' lang='lat' dir='ltr'><strong>Ad</strong></span> <span class='ocrx_word' id='word_1_73' title='bbox 2989 834 3247 917; x_wconf 91' lang='lat' dir='ltr'><strong>Spiritus</strong></span> <span class='ocrx_word' id='word_1_74' title='bbox 3277 844 3481 900; x_wconf 91' lang='lat' dir='ltr'><strong>autem</strong></span> <span class='ocrx_word' id='word_1_75' title='bbox 3517 838 3796 919; x_wconf 80' lang='lat' dir='ltr'><strong>mysteria</strong></span> 
     </span>
    </p>
   </div>
   <div class='ocr_carea' id='block_1_12' title="bbox 403 919 3799 1010">
    <p class='ocr_par' dir='ltr' id='par_1_12' title="bbox 403 919 3799 1010">
     <span class='ocr_line' id='line_1_12' title="bbox 403 919 3799 1010; baseline 0.001 -20"><span class='ocrx_word' id='word_1_76' title='bbox 403 927 774 1010; x_wconf 77' lang='lat' dir='ltr'><strong>explicanda,</strong></span> <span class='ocrx_word' id='word_1_77' title='bbox 807 925 1071 1009; x_wconf 83' lang='lat' dir='ltr'><strong>Spiritus</strong></span> <span class='ocrx_word' id='word_1_78' title='bbox 1098 925 1227 1008; x_wconf 86' lang='lat' dir='ltr'><strong>ipse</strong></span> <span class='ocrx_word' id='word_1_79' title='bbox 1258 923 1405 987; x_wconf 90' lang='lat' dir='ltr'><strong>mihi</strong></span> <span class='ocrx_word' id='word_1_80' title='bbox 1432 923 1608 1001; x_wconf 83' lang='lat' dir='ltr'><strong>adsit,</strong></span> <span class='ocrx_word' id='word_1_81' title='bbox 1661 929 2004 1010; x_wconf 86' lang='lat' dir='ltr'><strong>tantamque</strong></span> <span class='ocrx_word' id='word_1_82' title='bbox 2052 919 2294 982; x_wconf 88' lang='lat' dir='ltr'><strong>dicendi</strong></span> <span class='ocrx_word' id='word_1_83' title='bbox 2346 922 2684 986; x_wconf 82' lang='lat' dir='ltr'><strong>facultatem</strong></span> <span class='ocrx_word' id='word_1_84' title='bbox 2742 923 2983 1005; x_wconf 86' lang='lat' dir='ltr'><strong>tribuat,</strong></span> <span class='ocrx_word' id='word_1_85' title='bbox 3023 934 3305 1007; x_wconf 84' lang='lat' dir='ltr'><strong>quantum</strong></span> <span class='ocrx_word' id='word_1_86' title='bbox 3357 926 3533 1008; x_wconf 92' lang='lat' dir='ltr'><strong>cupio</strong></span> <span class='ocrx_word' id='word_1_87' title='bbox 3568 949 3581 987; x_wconf 91' lang='lat'><strong>:</strong></span> <span class='ocrx_word' id='word_1_88' title='bbox 3617 933 3721 991; x_wconf 91' lang='lat' dir='ltr'><strong>aut</strong></span> <span class='ocrx_word' id='word_1_89' title='bbox 3747 920 3799 991; x_wconf 74' lang='lat' dir='ltr'><strong>si</strong></span> 
     </span>
    </p>
   </div>
   <div class='ocr_carea' id='block_1_13' title="bbox 402 1009 3795 1098">
    <p class='ocr_par' dir='ltr' id='par_1_13' title="bbox 402 1009 3795 1098">
     <span class='ocr_line' id='line_1_13' title="bbox 402 1009 3795 1098; baseline 0.001 -19"><span class='ocrx_word' id='word_1_90' title='bbox 402 1009 523 1080; x_wconf 91' lang='lat' dir='ltr'><strong>non</strong></span> <span class='ocrx_word' id='word_1_91' title='bbox 555 1009 870 1098; x_wconf 87' lang='lat' dir='ltr'><strong>tantam,at</strong></span> <span class='ocrx_word' id='word_1_92' title='bbox 897 1025 1060 1081; x_wconf 89' lang='lat' dir='ltr'><strong>certe</strong></span> <span class='ocrx_word' id='word_1_93' title='bbox 1091 1034 1227 1098; x_wconf 64' lang='lat' dir='ltr'><strong>quae</strong></span> <span class='ocrx_word' id='word_1_94' title='bbox 1271 1012 1413 1076; x_wconf 83' lang='lat' dir='ltr'><strong>huic</strong></span> <span class='ocrx_word' id='word_1_95' title='bbox 1444 1013 1577 1077; x_wconf 88' lang='lat' dir='ltr'><strong>festi</strong></span> <span class='ocrx_word' id='word_1_96' title='bbox 1608 1009 1943 1076; x_wconf 84' lang='lat' dir='ltr'><strong>celebritati</strong></span> <span class='ocrx_word' id='word_1_97' title='bbox 1973 1028 2079 1093; x_wconf 88' lang='lat' dir='ltr'><strong>par</strong></span> <span class='ocrx_word' id='word_1_98' title='bbox 2111 1012 2206 1071; x_wconf 91' lang='lat' dir='ltr'><strong>sit.</strong></span> <span class='ocrx_word' id='word_1_99' title='bbox 2239 1009 2323 1073; x_wconf 89' lang='lat' dir='ltr'><strong>Ac</strong></span> <span class='ocrx_word' id='word_1_100' title='bbox 2357 1013 2619 1092; x_wconf 88' lang='lat' dir='ltr'><strong>profecto</strong></span> <span class='ocrx_word' id='word_1_101' title='bbox 2659 1012 2851 1077; x_wconf 88' lang='lat' dir='ltr'><strong>aderit</strong></span> <span class='ocrx_word' id='word_1_102' title='bbox 2880 1014 3299 1093; x_wconf 88' lang='lat' dir='ltr'><strong>heriliter,non</strong></span> <span class='ocrx_word' id='word_1_103' title='bbox 3330 1016 3649 1098; x_wconf 84' lang='lat' dir='ltr'><strong>serviliter,</strong></span> <span class='ocrx_word' id='word_1_104' title='bbox 3682 1036 3795 1081; x_wconf 81' lang='lat' dir='ltr'><strong>nec</strong></span> 
     </span>
    </p>
   </div>
   <div class='ocr_carea' id='block_1_14' title="bbox 392 1100 3789 1190">
    <p class='ocr_par' dir='ltr' id='par_1_14' title="bbox 392 1100 3789 1190">
     <span class='ocr_line' id='line_1_14' title="bbox 392 1100 3789 1190; baseline 0.001 -22"><span class='ocrx_word' id='word_1_105' title='bbox 392 1106 626 1187; x_wconf 90' lang='lat' dir='ltr'><strong>jussum</strong></span> <span class='ocrx_word' id='word_1_106' title='bbox 660 1116 837 1190; x_wconf 88' lang='lat' dir='ltr'><strong>atque</strong></span> <span class='ocrx_word' id='word_1_107' title='bbox 860 1105 1205 1187; x_wconf 88' lang='lat' dir='ltr'><strong>imperium,</strong></span> <span class='ocrx_word' id='word_1_108' title='bbox 1239 1111 1306 1166; x_wconf 88' lang='lat' dir='ltr'><strong>ut</strong></span> <span class='ocrx_word' id='word_1_109' title='bbox 1336 1102 1696 1185; x_wconf 85' lang='lat' dir='ltr'><strong>quibusdam</strong></span> <span class='ocrx_word' id='word_1_110' title='bbox 1730 1100 1989 1190; x_wconf 87' lang='lat' dir='ltr'><strong>videtur,</strong></span> <span class='ocrx_word' id='word_1_111' title='bbox 2026 1111 2400 1181; x_wconf 84' lang='lat' dir='ltr'><strong>exspectans.</strong></span> <span class='ocrx_word' id='word_1_112' title='bbox 2434 1103 2633 1184; x_wconf 84' lang='lat' dir='ltr'><strong>Spirat</strong></span> <span class='ocrx_word' id='word_1_113' title='bbox 2661 1105 2818 1165; x_wconf 90' lang='lat' dir='ltr'><strong>enim</strong></span> <span class='ocrx_word' id='word_1_114' title='bbox 2853 1103 2956 1165; x_wconf 91' lang='lat' dir='ltr'><strong>ubi</strong></span> <span class='ocrx_word' id='word_1_115' title='bbox 2986 1105 3129 1180; x_wconf 88' lang='lat' dir='ltr'><strong>vult,</strong></span> <span class='ocrx_word' id='word_1_116' title='bbox 3164 1112 3222 1167; x_wconf 93' lang='lat' dir='ltr'><strong>et</strong></span> <span class='ocrx_word' id='word_1_117' title='bbox 3251 1124 3435 1186; x_wconf 90' lang='lat' dir='ltr'><strong>super</strong></span> <span class='ocrx_word' id='word_1_118' title='bbox 3468 1126 3617 1188; x_wconf 89' lang='lat' dir='ltr'><strong>quos</strong></span> <span class='ocrx_word' id='word_1_119' title='bbox 3648 1107 3789 1185; x_wconf 86' lang='lat' dir='ltr'><strong>vult,</strong></span> 
     </span>
    </p>
   </div>
   <div class='ocr_carea' id='block_1_15' title="bbox 399 1189 3480 1280">
    <p class='ocr_par' dir='ltr' id='par_1_15' title="bbox 399 1189 3480 1280">
     <span class='ocr_line' id='line_1_15' title="bbox 399 1189 3480 1280; baseline 0 -20"><span class='ocrx_word' id='word_1_120' title='bbox 399 1206 457 1260; x_wconf 90' lang='lat' dir='ltr'><strong>et</strong></span> <span class='ocrx_word' id='word_1_121' title='bbox 478 1189 826 1280; x_wconf 77' lang='lat' dir='ltr'><strong>quando,et</strong></span> <span class='ocrx_word' id='word_1_122' title='bbox 854 1204 1168 1279; x_wconf 90' lang='lat' dir='ltr'><strong>quantum.</strong></span> <span class='ocrx_word' id='word_1_123' title='bbox 1199 1192 1283 1256; x_wconf 85' lang='lat' dir='ltr'><strong>Ex</strong></span> <span class='ocrx_word' id='word_1_124' title='bbox 1315 1193 1515 1256; x_wconf 89' lang='lat' dir='ltr'><strong>divino</strong></span> <span class='ocrx_word' id='word_1_125' title='bbox 1548 1191 1722 1258; x_wconf 90' lang='lat' dir='ltr'><strong>nobis</strong></span> <span class='ocrx_word' id='word_1_126' title='bbox 1755 1198 1845 1255; x_wconf 90' lang='lat' dir='ltr'><strong>est</strong></span> <span class='ocrx_word' id='word_1_127' title='bbox 1873 1189 2098 1265; x_wconf 78' lang='lat' dir='ltr'><strong>afﬂatu,</strong></span> <span class='ocrx_word' id='word_1_128' title='bbox 2131 1197 2195 1251; x_wconf 92' lang='lat' dir='ltr'><strong>ut</strong></span> <span class='ocrx_word' id='word_1_129' title='bbox 2224 1190 2311 1253; x_wconf 89' lang='lat' dir='ltr'><strong>sic</strong></span> <span class='ocrx_word' id='word_1_130' title='bbox 2342 1191 2416 1253; x_wconf 92' lang='lat' dir='ltr'><strong>de</strong></span> <span class='ocrx_word' id='word_1_131' title='bbox 2445 1192 2669 1274; x_wconf 90' lang='lat' dir='ltr'><strong>Spiritu</strong></span> <span class='ocrx_word' id='word_1_132' title='bbox 2698 1193 3025 1256; x_wconf 91' lang='lat' dir='ltr'><strong>sentiamus</strong></span> <span class='ocrx_word' id='word_1_133' title='bbox 3054 1203 3113 1257; x_wconf 92' lang='lat' dir='ltr'><strong>et</strong></span> <span class='ocrx_word' id='word_1_134' title='bbox 3142 1195 3480 1273; x_wconf 86' lang='lat' dir='ltr'><strong>loquamur.</strong></span> 
     </span>
    </p>
   </div>
   <div class='ocr_carea' id='block_1_16' title="bbox 475 1281 2039 1365">
    <p class='ocr_par' dir='ltr' id='par_1_16' title="bbox 475 1283 2039 1365">
     <span class='ocr_line' id='line_1_16' title="bbox 475 1283 2039 1365; baseline -0.01 -13"><span class='ocrx_word' id='word_1_135' title='bbox 475 1286 578 1364; x_wconf 68' lang='grc' dir='ltr'><strong>ς’.</strong></span> <span class='ocrx_word' id='word_1_136' title='bbox 630 1290 703 1347; x_wconf 78' lang='grc' dir='ltr'>Τὸ</span> <span class='ocrx_word' id='word_1_137' title='bbox 759 1287 972 1364; x_wconf 76' lang='grc' dir='ltr'>Πνεῦμα</span> <span class='ocrx_word' id='word_1_138' title='bbox 1018 1288 1078 1344; x_wconf 82' lang='grc' dir='ltr'>τὸ</span> <span class='ocrx_word' id='word_1_139' title='bbox 1136 1286 1289 1365; x_wconf 75' lang='grc' dir='ltr'>ἅγιον</span> <span class='ocrx_word' id='word_1_140' title='bbox 1348 1288 1395 1341; x_wconf 76' lang='grc' dir='ltr'>οἱ</span> <span class='ocrx_word' id='word_1_141' title='bbox 1426 1285 1522 1361; x_wconf 73' lang='grc' dir='ltr'>μὲν</span> <span class='ocrx_word' id='word_1_142' title='bbox 1555 1285 1629 1348; x_wconf 84' lang='grc' dir='ltr'><strong>είς</strong></span> <span class='ocrx_word' id='word_1_143' title='bbox 1673 1283 1870 1358; x_wconf 85' lang='grc' dir='ltr'>κτίσμα</span> <span class='ocrx_word' id='word_1_144' title='bbox 1924 1302 2039 1337; x_wconf 85' lang='grc' dir='ltr'>κατ-</span> 
     </span>
    </p>
   </div>
   <div class='ocr_carea' id='block_1_17' title="bbox 2135 1281 3793 1365">
    <p class='ocr_par' dir='ltr' id='par_1_17' title="bbox 2227 1281 3793 1364">
     <span class='ocr_line' id='line_1_17' title="bbox 2227 1281 3793 1364; baseline 0.005 -24"><span class='ocrx_word' id='word_1_145' title='bbox 2227 1282 2266 1340; x_wconf 90' lang='grc'>7</span> <span class='ocrx_word' id='word_1_146' title='bbox 2275 1281 2367 1341; x_wconf 77' lang='lat'><strong>36</strong></span> <span class='ocrx_word' id='word_1_147' title='bbox 2398 1281 2495 1346; x_wconf 91' lang='lat' dir='ltr'><strong>Vl.</strong></span> <span class='ocrx_word' id='word_1_148' title='bbox 2522 1282 2634 1355; x_wconf 84' lang='lat' dir='ltr'><strong>Qui</strong></span> <span class='ocrx_word' id='word_1_149' title='bbox 2657 1282 2940 1364; x_wconf 89' lang='lat' dir='ltr'><strong>Spiritum</strong></span> <span class='ocrx_word' id='word_1_150' title='bbox 2963 1293 3232 1346; x_wconf 91' lang='lat' dir='ltr'><strong>sanctum</strong></span> <span class='ocrx_word' id='word_1_151' title='bbox 3255 1285 3314 1345; x_wconf 91' lang='lat' dir='ltr'><strong>in</strong></span> <span class='ocrx_word' id='word_1_152' title='bbox 3334 1304 3535 1347; x_wconf 88' lang='lat' dir='ltr'><strong>rerum</strong></span> <span class='ocrx_word' id='word_1_153' title='bbox 3560 1293 3793 1349; x_wconf 88' lang='lat' dir='ltr'><strong>creata-</strong></span> 
     </span>
    </p>
   </div>
   <div class='ocr_carea' id='block_1_18' title="bbox 394 1371 2039 1460">
    <p class='ocr_par' dir='ltr' id='par_1_18' title="bbox 394 1371 2039 1460">
     <span class='ocr_line' id='line_1_18' title="bbox 394 1371 2039 1460; baseline -0.006 -23"><span class='ocrx_word' id='word_1_154' title='bbox 394 1380 613 1458; x_wconf 86' lang='grc' dir='ltr'>ἀγοντες</span> <span class='ocrx_word' id='word_1_155' title='bbox 673 1377 826 1460; x_wconf 82' lang='grc'>(37),</span> <span class='ocrx_word' id='word_1_156' title='bbox 886 1375 1146 1458; x_wconf 80' lang='grc' dir='ltr'>ὑϐρισταὶ,</span> <span class='ocrx_word' id='word_1_157' title='bbox 1178 1377 1266 1432; x_wconf 84' lang='grc' dir='ltr'>καὶ</span> <span class='ocrx_word' id='word_1_158' title='bbox 1299 1373 1473 1435; x_wconf 77' lang='grc' dir='ltr'>δοῦλοι</span> <span class='ocrx_word' id='word_1_159' title='bbox 1505 1376 1682 1448; x_wconf 80' lang='grc' dir='ltr'>κακοὶ,</span> <span class='ocrx_word' id='word_1_160' title='bbox 1739 1371 1828 1429; x_wconf 86' lang='lat' dir='ltr'><strong>xui</strong></span> <span class='ocrx_word' id='word_1_161' title='bbox 1876 1376 2039 1428; x_wconf 68' lang='lat' dir='ltr'><strong>xuxd&#39;r</strong></span> 
     </span>
    </p>
   </div>
   <div class='ocr_carea' id='block_1_19' title="bbox 2135 1371 3792 1460">
    <p class='ocr_par' dir='ltr' id='par_1_19' title="bbox 2140 1371 3792 1454">
     <span class='ocr_line' id='line_1_19' title="bbox 2140 1371 3792 1454; baseline 0.005 -23"><span class='ocrx_word' id='word_1_162' title='bbox 2140 1389 2272 1431; x_wconf 91' lang='lat' dir='ltr'><strong>rum</strong></span> <span class='ocrx_word' id='word_1_163' title='bbox 2310 1371 2582 1435; x_wconf 86' lang='lat' dir='ltr'><strong>ordinem</strong></span> <span class='ocrx_word' id='word_1_164' title='bbox 2616 1372 2931 1454; x_wconf 88' lang='lat' dir='ltr'><strong>dejiciunt,</strong></span> <span class='ocrx_word' id='word_1_165' title='bbox 2959 1374 3379 1438; x_wconf 79' lang='lat' dir='ltr'><strong>contumeliosi</strong></span> <span class='ocrx_word' id='word_1_166' title='bbox 3411 1383 3551 1438; x_wconf 91' lang='lat' dir='ltr'><strong>sunt</strong></span> <span class='ocrx_word' id='word_1_167' title='bbox 3571 1385 3627 1438; x_wconf 91' lang='lat' dir='ltr'><strong>et</strong></span> <span class='ocrx_word' id='word_1_168' title='bbox 3652 1376 3792 1439; x_wconf 88' lang='lat' dir='ltr'><strong>mali</strong></span> 
     </span>
    </p>
   </div>
   <div class='ocr_carea' id='block_1_20' title="bbox 399 1461 2039 1548">
    <p class='ocr_par' dir='ltr' id='par_1_20' title="bbox 399 1461 2039 1548">
     <span class='ocr_line' id='line_1_20' title="bbox 399 1461 2039 1548; baseline -0.006 -21"><span class='ocrx_word' id='word_1_169' title='bbox 399 1471 668 1533; x_wconf 81' lang='grc' dir='ltr'>κάκιστοι.</span> <span class='ocrx_word' id='word_1_170' title='bbox 734 1467 948 1527; x_wconf 85' lang='grc' dir='ltr'>Δούλων</span> <span class='ocrx_word' id='word_1_171' title='bbox 998 1469 1100 1548; x_wconf 82' lang='grc' dir='ltr'><strong>γὰρ</strong></span> <span class='ocrx_word' id='word_1_172' title='bbox 1177 1473 1381 1547; x_wconf 84' lang='grc' dir='ltr'>κακῶν,</span> <span class='ocrx_word' id='word_1_173' title='bbox 1446 1465 1658 1543; x_wconf 90' lang='grc' dir='ltr'>ἀθετεῖν</span> <span class='ocrx_word' id='word_1_174' title='bbox 1714 1461 2039 1537; x_wconf 67' lang='grc' dir='ltr'><strong>δεσποτείαν,</strong></span> 
     </span>
    </p>
   </div>
   <div class='ocr_carea' id='block_1_21' title="bbox 2135 1461 3791 1548">
    <p class='ocr_par' dir='ltr' id='par_1_21' title="bbox 2140 1461 3791 1545">
     <span class='ocr_line' id='line_1_21' title="bbox 2140 1461 3791 1545; baseline 0.004 -24"><span class='ocrx_word' id='word_1_175' title='bbox 2140 1461 2321 1539; x_wconf 84' lang='lat' dir='ltr'><strong>servi,</strong></span> <span class='ocrx_word' id='word_1_176' title='bbox 2341 1471 2517 1544; x_wconf 92' lang='lat' dir='ltr'><strong>atque</strong></span> <span class='ocrx_word' id='word_1_177' title='bbox 2540 1462 2688 1525; x_wconf 89' lang='lat' dir='ltr'><strong>adeo</strong></span> <span class='ocrx_word' id='word_1_178' title='bbox 2712 1463 3005 1527; x_wconf 90' lang='lat' dir='ltr'><strong>malorum</strong></span> <span class='ocrx_word' id='word_1_179' title='bbox 3030 1465 3296 1545; x_wconf 88' lang='lat' dir='ltr'><strong>pessimi.</strong></span> <span class='ocrx_word' id='word_1_180' title='bbox 3328 1465 3614 1528; x_wconf 81' lang='lat' dir='ltr'><strong>Malorum</strong></span> <span class='ocrx_word' id='word_1_181' title='bbox 3634 1470 3791 1530; x_wconf 86' lang='lat' dir='ltr'><strong>enim</strong></span> 
     </span>
    </p>
   </div>
   <div class='ocr_carea' id='block_1_22' title="bbox 397 1552 2039 1640">
    <p class='ocr_par' dir='ltr' id='par_1_22' title="bbox 397 1553 2039 1640">
     <span class='ocr_line' id='line_1_22' title="bbox 397 1553 2039 1640; baseline -0.007 -22"><span class='ocrx_word' id='word_1_182' title='bbox 397 1562 485 1619; x_wconf 82' lang='lat' dir='ltr'><strong>xui</strong></span> <span class='ocrx_word' id='word_1_183' title='bbox 541 1560 913 1619; x_wconf 74' lang='grc' dir='ltr'><strong>ἐπανίστασθαι</strong></span> <span class='ocrx_word' id='word_1_184' title='bbox 974 1558 1273 1640; x_wconf 81' lang='grc' dir='ltr'>κυριότητι,</span> <span class='ocrx_word' id='word_1_185' title='bbox 1342 1558 1432 1614; x_wconf 85' lang='grc' dir='ltr'>καὶ</span> <span class='ocrx_word' id='word_1_186' title='bbox 1499 1553 1793 1632; x_wconf 72' lang='grc' dir='ltr'><strong>ὁμόδουλον</strong></span> <span class='ocrx_word' id='word_1_187' title='bbox 1870 1565 2039 1610; x_wconf 54' lang='grc' dir='ltr'>ποιεῖν</span> 
     </span>
    </p>
   </div>
   <div class='ocr_carea' id='block_1_23' title="bbox 2135 1552 3794 1640">
    <p class='ocr_par' dir='ltr' id='par_1_23' title="bbox 2135 1552 3794 1637">
     <span class='ocr_line' id='line_1_23' title="bbox 2135 1552 3794 1637; baseline 0.005 -25"><span class='ocrx_word' id='word_1_188' title='bbox 2135 1568 2445 1614; x_wconf 88' lang='lat' dir='ltr'><strong>servorum</strong></span> <span class='ocrx_word' id='word_1_189' title='bbox 2481 1560 2592 1629; x_wconf 89' lang='lat' dir='ltr'><strong>est,</strong></span> <span class='ocrx_word' id='word_1_190' title='bbox 2620 1552 2940 1634; x_wconf 88' lang='lat' dir='ltr'><strong>imperium</strong></span> <span class='ocrx_word' id='word_1_191' title='bbox 2974 1554 3254 1637; x_wconf 85' lang='lat' dir='ltr'><strong>rejicere,</strong></span> <span class='ocrx_word' id='word_1_192' title='bbox 3280 1563 3338 1617; x_wconf 91' lang='lat' dir='ltr'><strong>et</strong></span> <span class='ocrx_word' id='word_1_193' title='bbox 3367 1556 3657 1620; x_wconf 85' lang='lat' dir='ltr'><strong>adversus</strong></span> <span class='ocrx_word' id='word_1_194' title='bbox 3687 1557 3794 1620; x_wconf 87' lang='lat' dir='ltr'><strong>do—</strong></span> 
     </span>
    </p>
   </div>
   <div class='ocr_carea' id='block_1_24' title="bbox 399 1640 2039 1729">
    <p class='ocr_par' dir='ltr' id='par_1_24' title="bbox 399 1642 2039 1728">
     <span class='ocr_line' id='line_1_24' title="bbox 399 1642 2039 1728; baseline -0.007 -19"><span class='ocrx_word' id='word_1_195' title='bbox 399 1653 607 1716; x_wconf 75' lang='grc' dir='ltr'>ἑαυτοῖς</span> <span class='ocrx_word' id='word_1_196' title='bbox 667 1653 729 1707; x_wconf 82' lang='grc' dir='ltr'>τὸ</span> <span class='ocrx_word' id='word_1_197' title='bbox 796 1649 1087 1728; x_wconf 81' lang='grc' dir='ltr'>ἐλεύθερον,</span> <span class='ocrx_word' id='word_1_198' title='bbox 1145 1652 1204 1707; x_wconf 81' lang='lat' dir='ltr'><strong>Oi</strong></span> <span class='ocrx_word' id='word_1_199' title='bbox 1260 1647 1315 1705; x_wconf 75' lang='grc' dir='ltr'>δὲ</span> <span class='ocrx_word' id='word_1_200' title='bbox 1347 1648 1478 1704; x_wconf 82' lang='grc' dir='ltr'><strong>Θεὸν</strong></span> <span class='ocrx_word' id='word_1_201' title='bbox 1522 1644 1849 1724; x_wconf 82' lang='grc' dir='ltr'>νομίζοντες,</span> <span class='ocrx_word' id='word_1_202' title='bbox 1883 1642 2039 1700; x_wconf 79' lang='grc' dir='ltr'>ἔνθεοι</span> 
     </span>
    </p>
   </div>
   <div class='ocr_carea' id='block_1_25' title="bbox 2135 1640 3791 1729">
    <p class='ocr_par' dir='ltr' id='par_1_25' title="bbox 2135 1640 3791 1729">
     <span class='ocr_line' id='line_1_25' title="bbox 2135 1640 3791 1729; baseline 0.004 -27"><span class='ocrx_word' id='word_1_203' title='bbox 2135 1640 2523 1705; x_wconf 89' lang='lat' dir='ltr'><strong>minationem</strong></span> <span class='ocrx_word' id='word_1_204' title='bbox 2558 1643 2891 1723; x_wconf 85' lang='lat' dir='ltr'><strong>insurgere,</strong></span> <span class='ocrx_word' id='word_1_205' title='bbox 2919 1652 3095 1726; x_wconf 89' lang='lat' dir='ltr'><strong>atque</strong></span> <span class='ocrx_word' id='word_1_206' title='bbox 3126 1644 3210 1726; x_wconf 89' lang='lat' dir='ltr'><strong>id,</strong></span> <span class='ocrx_word' id='word_1_207' title='bbox 3238 1646 3791 1729; x_wconf 88' lang='lat' dir='ltr'><strong>quodliberumest,</strong></span> 
     </span>
    </p>
   </div>
   <div class='ocr_carea' id='block_1_26' title="bbox 399 1730 2039 1821">
    <p class='ocr_par' dir='ltr' id='par_1_26' title="bbox 399 1734 2039 1821">
     <span class='ocr_line' id='line_1_26' title="bbox 399 1734 2039 1821; baseline -0.007 -21"><span class='ocrx_word' id='word_1_208' title='bbox 399 1743 486 1801; x_wconf 83' lang='lat' dir='ltr'><strong>xui</strong></span> <span class='ocrx_word' id='word_1_209' title='bbox 541 1740 775 1821; x_wconf 75' lang='grc' dir='ltr'>λαμπροὶ</span> <span class='ocrx_word' id='word_1_210' title='bbox 823 1741 920 1809; x_wconf 79' lang='grc' dir='ltr'>τὴν</span> <span class='ocrx_word' id='word_1_211' title='bbox 964 1738 1221 1801; x_wconf 81' lang='grc' dir='ltr'>διάνοιαν,</span> <span class='ocrx_word' id='word_1_212' title='bbox 1256 1739 1317 1797; x_wconf 83' lang='lat' dir='ltr'><strong>Oi</strong></span> <span class='ocrx_word' id='word_1_213' title='bbox 1369 1735 1424 1792; x_wconf 83' lang='grc' dir='ltr'>δὲ</span> <span class='ocrx_word' id='word_1_214' title='bbox 1470 1736 1560 1793; x_wconf 88' lang='grc' dir='ltr'><strong>καὶ</strong></span> <span class='ocrx_word' id='word_1_215' title='bbox 1591 1734 1971 1814; x_wconf 80' lang='grc' dir='ltr'>ὀνομάζοντες,</span> <span class='ocrx_word' id='word_1_216' title='bbox 2002 1734 2039 1790; x_wconf 74' lang='grc' dir='ltr'><strong>εί</strong></span> 
     </span>
    </p>
   </div>
   <div class='ocr_carea' id='block_1_27' title="bbox 2135 1730 3792 1821">
    <p class='ocr_par' dir='ltr' id='par_1_27' title="bbox 2135 1730 3792 1821">
     <span class='ocr_line' id='line_1_27' title="bbox 2135 1730 3792 1821; baseline 0.005 -30"><span class='ocrx_word' id='word_1_217' title='bbox 2135 1730 2188 1792; x_wconf 89' lang='lat' dir='ltr'><strong>in</strong></span> <span class='ocrx_word' id='word_1_218' title='bbox 2242 1733 2515 1795; x_wconf 89' lang='lat' dir='ltr'><strong>eamdem</strong></span> <span class='ocrx_word' id='word_1_219' title='bbox 2567 1750 2782 1796; x_wconf 84' lang='lat' dir='ltr'><strong>secum</strong></span> <span class='ocrx_word' id='word_1_220' title='bbox 2832 1734 3139 1796; x_wconf 89' lang='lat' dir='ltr'><strong>servitutis</strong></span> <span class='ocrx_word' id='word_1_221' title='bbox 3183 1738 3438 1798; x_wconf 88' lang='lat' dir='ltr'><strong>classem</strong></span> <span class='ocrx_word' id='word_1_222' title='bbox 3492 1736 3792 1821; x_wconf 50' lang='lat' dir='ltr'><strong>redigere,</strong></span> 
     </span>
    </p>
   </div>
   <div class='ocr_carea' id='block_1_28' title="bbox 400 1816 2039 1911">
    <p class='ocr_par' dir='ltr' id='par_1_28' title="bbox 400 1816 2039 1911">
     <span class='ocr_line' id='line_1_28' title="bbox 400 1816 2039 1911; baseline -0.004 -23"><span class='ocrx_word' id='word_1_223' title='bbox 400 1833 498 1908; x_wconf 78' lang='grc' dir='ltr'>μὲν</span> <span class='ocrx_word' id='word_1_224' title='bbox 548 1816 897 1911; x_wconf 67' lang='grc' dir='ltr'>ενόγνῶμοσιν,</span> <span class='ocrx_word' id='word_1_225' title='bbox 958 1829 1174 1906; x_wconf 79' lang='grc' dir='ltr'>ὑψηλοί’</span> <span class='ocrx_word' id='word_1_226' title='bbox 1210 1831 1254 1885; x_wconf 83' lang='grc' dir='ltr'>εἱ</span> <span class='ocrx_word' id='word_1_227' title='bbox 1284 1826 1338 1883; x_wconf 83' lang='grc' dir='ltr'>δὲ</span> <span class='ocrx_word' id='word_1_228' title='bbox 1367 1839 1662 1900; x_wconf 75' lang='grc' dir='ltr'>ταπεινοῖς,</span> <span class='ocrx_word' id='word_1_229' title='bbox 1695 1826 1789 1882; x_wconf 74' lang='grc' dir='ltr'><strong>οὒκ</strong></span> <span class='ocrx_word' id='word_1_230' title='bbox 1835 1826 2039 1882; x_wconf 71' lang='grc' dir='ltr'>οἰκονο-</span> 
     </span>
    </p>
   </div>
   <div class='ocr_carea' id='block_1_29' title="bbox 2135 1816 3800 1911">
    <p class='ocr_par' dir='ltr' id='par_1_29' title="bbox 2136 1816 3800 1907">
     <span class='ocr_line' id='line_1_29' title="bbox 2136 1816 3800 1907; baseline 0.005 -25"><span class='ocrx_word' id='word_1_231' title='bbox 2136 1822 2249 1895; x_wconf 82' lang='lat' dir='ltr'><strong>Qui</strong></span> <span class='ocrx_word' id='word_1_232' title='bbox 2273 1831 2469 1884; x_wconf 90' lang='lat' dir='ltr'><strong>autem</strong></span> <span class='ocrx_word' id='word_1_233' title='bbox 2506 1824 2705 1886; x_wconf 62' lang='lat' dir='ltr'><strong>Deum</strong></span> <span class='ocrx_word' id='word_1_234' title='bbox 2730 1843 2863 1886; x_wconf 91' lang='lat' dir='ltr'><strong>eum</strong></span> <span class='ocrx_word' id='word_1_235' title='bbox 2888 1833 3158 1902; x_wconf 86' lang='lat' dir='ltr'><strong>censent,</strong></span> <span class='ocrx_word' id='word_1_236' title='bbox 3178 1825 3363 1888; x_wconf 84' lang='lat' dir='ltr'><strong>divini</strong></span> <span class='ocrx_word' id='word_1_237' title='bbox 3390 1826 3657 1907; x_wconf 90' lang='lat' dir='ltr'><strong>profecto</strong></span> <span class='ocrx_word' id='word_1_238' title='bbox 3689 1816 3800 1890; x_wconf 73' lang='lat' dir='ltr'><strong>viri</strong></span> 
     </span>
    </p>
   </div>
   <div class='ocr_carea' id='block_1_30' title="bbox 398 1914 2050 2002">
    <p class='ocr_par' dir='ltr' id='par_1_30' title="bbox 398 1914 2050 2002">
     <span class='ocr_line' id='line_1_30' title="bbox 398 1914 2050 2002; baseline -0.005 -24"><span class='ocrx_word' id='word_1_239' title='bbox 398 1923 566 1998; x_wconf 72' lang='grc' dir='ltr'>μικοί*</span> <span class='ocrx_word' id='word_1_240' title='bbox 615 1920 774 1997; x_wconf 87' lang='grc' dir='ltr'><strong>πηλῷ</strong></span> <span class='ocrx_word' id='word_1_241' title='bbox 831 1922 1162 2002; x_wconf 67' lang='grc' dir='ltr'><strong>μαργαρίτην</strong></span> <span class='ocrx_word' id='word_1_242' title='bbox 1219 1919 1583 1993; x_wconf 78' lang='grc' dir='ltr'>πιστεύοντες,</span> <span class='ocrx_word' id='word_1_243' title='bbox 1616 1917 1704 1973; x_wconf 83' lang='grc' dir='ltr'><strong>καὶ</strong></span> <span class='ocrx_word' id='word_1_244' title='bbox 1752 1914 1891 1992; x_wconf 78' lang='grc' dir='ltr'>ἀκοῇ</span> <span class='ocrx_word' id='word_1_245' title='bbox 1950 1936 2050 1971; x_wconf 77' lang='grc' dir='ltr'><strong>σα-</strong></span> 
     </span>
    </p>
   </div>
   <div class='ocr_carea' id='block_1_31' title="bbox 395 2003 2048 2093">
    <p class='ocr_par' dir='ltr' id='par_1_31' title="bbox 395 2003 2048 2093">
     <span class='ocr_line' id='line_1_31' title="bbox 395 2003 2048 2093; baseline -0.013 -13"><span class='ocrx_word' id='word_1_246' title='bbox 395 2016 491 2091; x_wconf 80' lang='grc' dir='ltr'>θρᾷ</span> <span class='ocrx_word' id='word_1_247' title='bbox 516 2013 744 2090; x_wconf 82' lang='grc' dir='ltr'>βροντῆς</span> <span class='ocrx_word' id='word_1_248' title='bbox 788 2013 955 2093; x_wconf 75' lang='grc' dir='ltr'>ἦχον,</span> <span class='ocrx_word' id='word_1_249' title='bbox 987 2012 1074 2067; x_wconf 83' lang='grc' dir='ltr'><strong>καὶ</strong></span> <span class='ocrx_word' id='word_1_250' title='bbox 1105 2008 1406 2091; x_wconf 75' lang='grc' dir='ltr'>ὀφθαλμοῖς</span> <span class='ocrx_word' id='word_1_251' title='bbox 1438 2004 1836 2086; x_wconf 81' lang='grc' dir='ltr'>ἀσθενεστέροις</span> <span class='ocrx_word' id='word_1_252' title='bbox 1868 2003 2048 2093; x_wconf 72' lang='grc' dir='ltr'>ἥλιον,</span> 
     </span>
    </p>
   </div>
   <div class='ocr_carea' id='block_1_32' title="bbox 392 2092 2045 2183">
    <p class='ocr_par' dir='ltr' id='par_1_32' title="bbox 392 2092 2045 2183">
     <span class='ocr_line' id='line_1_32' title="bbox 392 2092 2045 2183; baseline -0.001 -25"><span class='ocrx_word' id='word_1_253' title='bbox 392 2102 482 2159; x_wconf 85' lang='grc' dir='ltr'><strong>καὶ</strong></span> <span class='ocrx_word' id='word_1_254' title='bbox 535 2102 735 2183; x_wconf 75' lang='grc' dir='ltr'>τροφὴν</span> <span class='ocrx_word' id='word_1_255' title='bbox 792 2092 1009 2180; x_wconf 75' lang='grc' dir='ltr'>στερεὰν</span> <span class='ocrx_word' id='word_1_256' title='bbox 1050 2112 1168 2166; x_wconf 89' lang='grc' dir='ltr'>τοῖς</span> <span class='ocrx_word' id='word_1_257' title='bbox 1211 2099 1288 2157; x_wconf 77' lang='grc' dir='ltr'>ἔτι</span> <span class='ocrx_word' id='word_1_258' title='bbox 1315 2097 1456 2178; x_wconf 88' lang='grc' dir='ltr'>γάλα</span> <span class='ocrx_word' id='word_1_259' title='bbox 1485 2092 2045 2183; x_wconf 82' lang='grc' dir='ltr'>ποτιζομένοις(38)⁶</span> 
     </span>
    </p>
   </div>
   <div class='ocr_carea' id='block_1_33' title="bbox 391 2182 2050 2271">
    <p class='ocr_par' dir='ltr' id='par_1_33' title="bbox 391 2182 2050 2271">
     <span class='ocr_line' id='line_1_33' title="bbox 391 2182 2050 2271; baseline -0.004 -24"><span class='ocrx_word' id='word_1_260' title='bbox 391 2189 534 2248; x_wconf 67' lang='grc' dir='ltr'><strong>δέονΔ</strong></span> <span class='ocrx_word' id='word_1_261' title='bbox 579 2193 716 2250; x_wconf 78' lang='grc' dir='ltr'>κατα</span> <span class='ocrx_word' id='word_1_262' title='bbox 772 2192 961 2271; x_wconf 80' lang='grc' dir='ltr'>μικρὸν</span> <span class='ocrx_word' id='word_1_263' title='bbox 993 2190 1245 2269; x_wconf 78' lang='grc' dir='ltr'>προάγειν</span> <span class='ocrx_word' id='word_1_264' title='bbox 1281 2187 1402 2270; x_wconf 83' lang='grc'><strong>(39)</strong></span> <span class='ocrx_word' id='word_1_265' title='bbox 1435 2187 1623 2252; x_wconf 71' lang='grc' dir='ltr'>αὐτοὺς</span> <span class='ocrx_word' id='word_1_266' title='bbox 1655 2187 1728 2251; x_wconf 81' lang='grc' dir='ltr'><strong>εἰς</strong></span> <span class='ocrx_word' id='word_1_267' title='bbox 1758 2186 1820 2242; x_wconf 85' lang='grc' dir='ltr'>τὸ</span> <span class='ocrx_word' id='word_1_268' title='bbox 1852 2182 2050 2263; x_wconf 76' lang='grc' dir='ltr'>ἔμπρο-</span> 
     </span>
    </p>
   </div>
   <div class='ocr_carea' id='block_1_34' title="bbox 392 2275 2048 2361">
    <p class='ocr_par' dir='ltr' id='par_1_34' title="bbox 392 2275 2048 2361">
     <span class='ocr_line' id='line_1_34' title="bbox 392 2275 2048 2361; baseline -0.001 -23"><span class='ocrx_word' id='word_1_269' title='bbox 392 2284 533 2358; x_wconf 81' lang='grc' dir='ltr'>σθεν,</span> <span class='ocrx_word' id='word_1_270' title='bbox 598 2282 685 2339; x_wconf 86' lang='grc' dir='ltr'><strong>καὶ</strong></span> <span class='ocrx_word' id='word_1_271' title='bbox 751 2278 1087 2361; x_wconf 66' lang='grc' dir='ltr'>προϐιόάζειν</span> <span class='ocrx_word' id='word_1_272' title='bbox 1137 2291 1255 2345; x_wconf 90' lang='grc' dir='ltr'>τοῖς</span> <span class='ocrx_word' id='word_1_273' title='bbox 1326 2276 1709 2356; x_wconf 76' lang='grc' dir='ltr'>ὑψηλοτέροις,</span> <span class='ocrx_word' id='word_1_274' title='bbox 1743 2275 1877 2353; x_wconf 75' lang='grc' dir='ltr'>φωτὶ</span> <span class='ocrx_word' id='word_1_275' title='bbox 1935 2278 2048 2353; x_wconf 78' lang='grc' dir='ltr'><strong>φῶς</strong></span> 
     </span>
    </p>
   </div>
   <div class='ocr_carea' id='block_1_35' title="bbox 394 2361 2042 2452">
    <p class='ocr_par' dir='ltr' id='par_1_35' title="bbox 394 2361 2042 2452">
     <span class='ocr_line' id='line_1_35' title="bbox 394 2361 2042 2452; baseline -0.005 -25"><span class='ocrx_word' id='word_1_276' title='bbox 394 2372 805 2452; x_wconf 68' lang='grc' dir='ltr'>χαριζομένους,</span> <span class='ocrx_word' id='word_1_277' title='bbox 864 2372 952 2429; x_wconf 78' lang='grc' dir='ltr'><strong>καὶ</strong></span> <span class='ocrx_word' id='word_1_278' title='bbox 1023 2369 1247 2443; x_wconf 78' lang='grc' dir='ltr'>ἀληθείᾳ</span> <span class='ocrx_word' id='word_1_279' title='bbox 1313 2368 1706 2449; x_wconf 77' lang='grc' dir='ltr'>πφοξενοῦντας</span> <span class='ocrx_word' id='word_1_280' title='bbox 1766 2361 2042 2433; x_wconf 80' lang='grc' dir='ltr'>ἀλήθειαν·</span> 
     </span>
    </p>
   </div>
   <div class='ocr_carea' id='block_1_36' title="bbox 395 2452 2050 2541">
    <p class='ocr_par' dir='ltr' id='par_1_36' title="bbox 395 2452 2050 2541">
     <span class='ocr_line' id='line_1_36' title="bbox 395 2452 2050 2541; baseline 0.001 -24"><span class='ocrx_word' id='word_1_281' title='bbox 395 2460 474 2518; x_wconf 80' lang='grc' dir='ltr'><strong>διὸ</strong></span> <span class='ocrx_word' id='word_1_282' title='bbox 519 2462 607 2518; x_wconf 83' lang='grc' dir='ltr'><strong>καὶ</strong></span> <span class='ocrx_word' id='word_1_283' title='bbox 637 2461 794 2539; x_wconf 63' lang='grc' dir='ltr'>ἡμεῖς</span> <span class='ocrx_word' id='word_1_284' title='bbox 824 2463 915 2518; x_wconf 83' lang='grc' dir='ltr'>τὸν</span> <span class='ocrx_word' id='word_1_285' title='bbox 958 2460 1277 2541; x_wconf 84' lang='grc' dir='ltr'>τελεώτερον</span> <span class='ocrx_word' id='word_1_286' title='bbox 1309 2460 1442 2523; x_wconf 77' lang='grc' dir='ltr'>τέως</span> <span class='ocrx_word' id='word_1_287' title='bbox 1476 2455 1601 2538; x_wconf 82' lang='grc'><strong>(40)</strong></span> <span class='ocrx_word' id='word_1_288' title='bbox 1636 2454 1854 2536; x_wconf 77' lang='grc' dir='ltr'>ἀφέντες</span> <span class='ocrx_word' id='word_1_289' title='bbox 1888 2452 2050 2533; x_wconf 82' lang='grc' dir='ltr'>λόγον</span> 
     </span>
    </p>
   </div>
   <div class='ocr_carea' id='block_1_37' title="bbox 393 2544 1777 2632">
    <p class='ocr_par' dir='ltr' id='par_1_37' title="bbox 393 2544 1777 2632">
     <span class='ocr_line' id='line_1_37' title="bbox 393 2544 1777 2632; baseline -0.004 -25"><span class='ocrx_word' id='word_1_290' title='bbox 393 2550 569 2629; x_wconf 63' lang='grc' dir='ltr'>(οῧπω</span> <span class='ocrx_word' id='word_1_291' title='bbox 598 2552 697 2631; x_wconf 78' lang='grc' dir='ltr'><strong>γὰρ</strong></span> <span class='ocrx_word' id='word_1_292' title='bbox 727 2550 964 2632; x_wconf 75' lang='grc' dir='ltr'>καιρὸς),</span> <span class='ocrx_word' id='word_1_293' title='bbox 997 2549 1165 2615; x_wconf 64' lang='grc' dir='ltr'>οὕτως</span> <span class='ocrx_word' id='word_1_294' title='bbox 1195 2552 1373 2613; x_wconf 74' lang='grc' dir='ltr'>οὒτοῖς</span> <span class='ocrx_word' id='word_1_295' title='bbox 1405 2544 1777 2619; x_wconf 77' lang='grc' dir='ltr'>διαλεξόμεθα.</span> 
     </span>
    </p>
   </div>
   <div class='ocr_carea' id='block_1_38' title="bbox 2133 1912 3795 1997">
    <p class='ocr_par' dir='ltr' id='par_1_38' title="bbox 2133 1912 3795 1997">
     <span class='ocr_line' id='line_1_38' title="bbox 2133 1912 3795 1997; baseline 0.004 -24"><span class='ocrx_word' id='word_1_296' title='bbox 2133 1920 2300 1993; x_wconf 87' lang='lat' dir='ltr'><strong>sunt,</strong></span> <span class='ocrx_word' id='word_1_297' title='bbox 2328 1931 2397 1975; x_wconf 90' lang='lat' dir='ltr'><strong>ac</strong></span> <span class='ocrx_word' id='word_1_298' title='bbox 2427 1912 2747 1995; x_wconf 90' lang='lat' dir='ltr'><strong>splendido</strong></span> <span class='ocrx_word' id='word_1_299' title='bbox 2779 1915 2975 1975; x_wconf 90' lang='lat' dir='ltr'><strong>animo</strong></span> <span class='ocrx_word' id='word_1_300' title='bbox 3007 1915 3266 1997; x_wconf 69' lang='lat' dir='ltr'><strong>praediti.</strong></span> <span class='ocrx_word' id='word_1_301' title='bbox 3299 1915 3410 1990; x_wconf 91' lang='lat' dir='ltr'><strong>Qui</strong></span> <span class='ocrx_word' id='word_1_302' title='bbox 3434 1936 3575 1979; x_wconf 87' lang='lat' dir='ltr'><strong>vero</strong></span> <span class='ocrx_word' id='word_1_303' title='bbox 3610 1918 3795 1981; x_wconf 90' lang='lat' dir='ltr'><strong>etiam</strong></span> 
     </span>
    </p>
   </div>
   <div class='ocr_carea' id='block_1_39' title="bbox 2134 2002 3791 2087">
    <p class='ocr_par' dir='ltr' id='par_1_39' title="bbox 2134 2002 3791 2087">
     <span class='ocr_line' id='line_1_39' title="bbox 2134 2002 3791 2087; baseline 0.005 -25"><span class='ocrx_word' id='word_1_304' title='bbox 2134 2002 2462 2083; x_wconf 86' lang='lat' dir='ltr'><strong>appellant,</strong></span> <span class='ocrx_word' id='word_1_305' title='bbox 2491 2002 2540 2063; x_wconf 89' lang='lat' dir='ltr'><strong>si</strong></span> <span class='ocrx_word' id='word_1_306' title='bbox 2575 2003 2817 2084; x_wconf 90' lang='lat' dir='ltr'><strong>quidem</strong></span> <span class='ocrx_word' id='word_1_307' title='bbox 2848 2004 3004 2086; x_wconf 89' lang='lat' dir='ltr'><strong>apud</strong></span> <span class='ocrx_word' id='word_1_308' title='bbox 3039 2004 3195 2067; x_wconf 91' lang='lat' dir='ltr'><strong>viros</strong></span> <span class='ocrx_word' id='word_1_309' title='bbox 3227 2006 3471 2087; x_wconf 90' lang='lat' dir='ltr'><strong>probos,</strong></span> <span class='ocrx_word' id='word_1_310' title='bbox 3501 2006 3791 2070; x_wconf 85' lang='lat' dir='ltr'><strong>sublimes</strong></span> 
     </span>
    </p>
   </div>
   <div class='ocr_carea' id='block_1_40' title="bbox 2135 2092 3789 2177">
    <p class='ocr_par' dir='ltr' id='par_1_40' title="bbox 2135 2092 3789 2177">
     <span class='ocr_line' id='line_1_40' title="bbox 2135 2092 3789 2177; baseline 0.003 -22"><span class='ocrx_word' id='word_1_311' title='bbox 2135 2100 2195 2155; x_wconf 88' lang='lat' dir='ltr'><strong>et</strong></span> <span class='ocrx_word' id='word_1_312' title='bbox 2225 2092 2444 2155; x_wconf 84' lang='lat' dir='ltr'><strong>excelsi</strong></span> <span class='ocrx_word' id='word_1_313' title='bbox 2474 2100 2650 2155; x_wconf 92' lang='lat' dir='ltr'><strong>sunt:</strong></span> <span class='ocrx_word' id='word_1_314' title='bbox 2679 2093 2773 2155; x_wconf 91' lang='lat' dir='ltr'><strong>sin</strong></span> <span class='ocrx_word' id='word_1_315' title='bbox 2808 2103 3007 2157; x_wconf 90' lang='lat' dir='ltr'><strong>autem</strong></span> <span class='ocrx_word' id='word_1_316' title='bbox 3046 2096 3202 2177; x_wconf 90' lang='lat' dir='ltr'><strong>apud</strong></span> <span class='ocrx_word' id='word_1_317' title='bbox 3236 2096 3505 2177; x_wconf 89' lang='lat' dir='ltr'><strong>abjectos</strong></span> <span class='ocrx_word' id='word_1_318' title='bbox 3536 2105 3593 2159; x_wconf 93' lang='lat' dir='ltr'><strong>et</strong></span> <span class='ocrx_word' id='word_1_319' title='bbox 3621 2098 3789 2160; x_wconf 89' lang='lat' dir='ltr'><strong>humi</strong></span> 
     </span>
    </p>
   </div>
   <div class='ocr_carea' id='block_1_41' title="bbox 2138 2182 3798 2272">
    <p class='ocr_par' dir='ltr' id='par_1_41' title="bbox 2138 2182 3798 2272">
     <span class='ocr_line' id='line_1_41' title="bbox 2138 2182 3798 2272; baseline 0.005 -30"><span class='ocrx_word' id='word_1_320' title='bbox 2138 2182 2498 2272; x_wconf 87' lang='lat' dir='ltr'><strong>provolutos,</strong></span> <span class='ocrx_word' id='word_1_321' title='bbox 2529 2182 2684 2245; x_wconf 85' lang='lat' dir='ltr'><strong>haud</strong></span> <span class='ocrx_word' id='word_1_322' title='bbox 2708 2185 2851 2247; x_wconf 91' lang='lat' dir='ltr'><strong>satis</strong></span> <span class='ocrx_word' id='word_1_323' title='bbox 2869 2185 3201 2265; x_wconf 87' lang='lat' dir='ltr'><strong>prudenter</strong></span> <span class='ocrx_word' id='word_1_324' title='bbox 3219 2196 3441 2269; x_wconf 83' lang='lat' dir='ltr'><strong>agunt;</strong></span> <span class='ocrx_word' id='word_1_325' title='bbox 3466 2194 3669 2269; x_wconf 90' lang='lat' dir='ltr'><strong>utpote</strong></span> <span class='ocrx_word' id='word_1_326' title='bbox 3693 2190 3798 2272; x_wconf 92' lang='lat' dir='ltr'><strong>qui</strong></span> 
     </span>
    </p>
   </div>
   <div class='ocr_carea' id='block_1_42' title="bbox 2133 2271 3787 2354">
    <p class='ocr_par' dir='ltr' id='par_1_42' title="bbox 2133 2271 3787 2354">
     <span class='ocr_line' id='line_1_42' title="bbox 2133 2271 3787 2354; baseline 0.006 -23"><span class='ocrx_word' id='word_1_327' title='bbox 2133 2271 2260 2333; x_wconf 91' lang='lat' dir='ltr'><strong>luto</strong></span> <span class='ocrx_word' id='word_1_328' title='bbox 2288 2272 2754 2354; x_wconf 89' lang='lat' dir='ltr'><strong>margaritam,et</strong></span> <span class='ocrx_word' id='word_1_329' title='bbox 2780 2274 3099 2340; x_wconf 69' lang='lat' dir='ltr'><strong>imbecilla:</strong></span> <span class='ocrx_word' id='word_1_330' title='bbox 3120 2277 3251 2339; x_wconf 92' lang='lat' dir='ltr'><strong>auri</strong></span> <span class='ocrx_word' id='word_1_331' title='bbox 3273 2278 3520 2340; x_wconf 89' lang='lat' dir='ltr'><strong>tonitrui</strong></span> <span class='ocrx_word' id='word_1_332' title='bbox 3546 2297 3787 2354; x_wconf 91' lang='lat' dir='ltr'><strong>sonum,</strong></span> 
     </span>
    </p>
   </div>
   <div class='ocr_carea' id='block_1_43' title="bbox 2134 2361 3795 2440">
    <p class='ocr_par' dir='ltr' id='par_1_43' title="bbox 2134 2361 3795 2440">
     <span class='ocr_line' id='line_1_43' title="bbox 2134 2361 3795 2440; baseline 0.007 -19"><span class='ocrx_word' id='word_1_333' title='bbox 2134 2368 2193 2422; x_wconf 91' lang='lat' dir='ltr'><strong>et</strong></span> <span class='ocrx_word' id='word_1_334' title='bbox 2221 2361 2413 2423; x_wconf 90' lang='lat' dir='ltr'><strong>solem</strong></span> <span class='ocrx_word' id='word_1_335' title='bbox 2448 2363 2703 2425; x_wconf 92' lang='lat' dir='ltr'><strong>inﬁrmis</strong></span> <span class='ocrx_word' id='word_1_336' title='bbox 2735 2365 2945 2440; x_wconf 91' lang='lat' dir='ltr'><strong>oculis,</strong></span> <span class='ocrx_word' id='word_1_337' title='bbox 2971 2375 3030 2427; x_wconf 89' lang='lat' dir='ltr'><strong>et</strong></span> <span class='ocrx_word' id='word_1_338' title='bbox 3056 2367 3211 2430; x_wconf 91' lang='lat' dir='ltr'><strong>lacte</strong></span> <span class='ocrx_word' id='word_1_339' title='bbox 3254 2369 3449 2431; x_wconf 90' lang='lat' dir='ltr'><strong>adhuc</strong></span> <span class='ocrx_word' id='word_1_340' title='bbox 3481 2368 3795 2433; x_wconf 88' lang='lat' dir='ltr'><strong>utentibus</strong></span> 
     </span>
    </p>
   </div>
   <div class='ocr_carea' id='block_1_44' title="bbox 2136 2450 3793 2540">
    <p class='ocr_par' dir='ltr' id='par_1_44' title="bbox 2136 2450 3793 2540">
     <span class='ocr_line' id='line_1_44' title="bbox 2136 2450 3793 2540; baseline 0.007 -30"><span class='ocrx_word' id='word_1_341' title='bbox 2136 2450 2390 2513; x_wconf 87' lang='lat' dir='ltr'><strong>solidum</strong></span> <span class='ocrx_word' id='word_1_342' title='bbox 2423 2452 2622 2515; x_wconf 81' lang='lat' dir='ltr'><strong>cibum</strong></span> <span class='ocrx_word' id='word_1_343' title='bbox 2657 2455 3071 2533; x_wconf 85' lang='lat' dir='ltr'><strong>committant;</strong></span> <span class='ocrx_word' id='word_1_344' title='bbox 3103 2476 3237 2519; x_wconf 90' lang='lat' dir='ltr'><strong>cum</strong></span> <span class='ocrx_word' id='word_1_345' title='bbox 3268 2476 3372 2521; x_wconf 91' lang='lat' dir='ltr'><strong>eos</strong></span> <span class='ocrx_word' id='word_1_346' title='bbox 3407 2458 3691 2540; x_wconf 88' lang='lat' dir='ltr'><strong>paulatim</strong></span> <span class='ocrx_word' id='word_1_347' title='bbox 3718 2459 3793 2521; x_wconf 91' lang='lat' dir='ltr'><strong>ad</strong></span> 
     </span>
    </p>
   </div>
   <div class='ocr_carea' id='block_1_45' title="bbox 2138 2541 3797 2630">
    <p class='ocr_par' dir='ltr' id='par_1_45' title="bbox 2138 2541 3797 2630">
     <span class='ocr_line' id='line_1_45' title="bbox 2138 2541 3797 2630; baseline 0.005 -28"><span class='ocrx_word' id='word_1_348' title='bbox 2138 2541 2427 2604; x_wconf 90' lang='lat' dir='ltr'><strong>ulteriora</strong></span> <span class='ocrx_word' id='word_1_349' title='bbox 2448 2552 3002 2627; x_wconf 86' lang='lat' dir='ltr'><strong>promovere.atque</strong></span> <span class='ocrx_word' id='word_1_350' title='bbox 3016 2546 3089 2609; x_wconf 92' lang='lat' dir='ltr'><strong>ad</strong></span> <span class='ocrx_word' id='word_1_351' title='bbox 3108 2547 3455 2610; x_wconf 86' lang='lat' dir='ltr'><strong>sublimiora</strong></span> <span class='ocrx_word' id='word_1_352' title='bbox 3463 2550 3797 2630; x_wconf 88' lang='lat' dir='ltr'><strong>provehere</strong></span> 
     </span>
    </p>
   </div>
   <div class='ocr_carea' id='block_1_46' title="bbox 400 2630 3797 2721">
    <p class='ocr_par' dir='ltr' id='par_1_46' title="bbox 400 2630 3797 2721">
     <span class='ocr_line' id='line_1_46' title="bbox 400 2630 3797 2721; baseline -0 -18"><span class='ocrx_word' id='word_1_353' title='bbox 400 2642 736 2715; x_wconf 86' lang='lat' dir='ltr'><strong>conveniat,</strong></span> <span class='ocrx_word' id='word_1_354' title='bbox 773 2630 989 2704; x_wconf 84' lang='lat' dir='ltr'><strong>lumini</strong></span> <span class='ocrx_word' id='word_1_355' title='bbox 1018 2639 1216 2702; x_wconf 90' lang='lat' dir='ltr'><strong>lumen</strong></span> <span class='ocrx_word' id='word_1_356' title='bbox 1247 2637 1580 2719; x_wconf 89' lang='lat' dir='ltr'><strong>largiendo,</strong></span> <span class='ocrx_word' id='word_1_357' title='bbox 1613 2654 1683 2698; x_wconf 89' lang='lat' dir='ltr'><strong>ac</strong></span> <span class='ocrx_word' id='word_1_358' title='bbox 1713 2630 1944 2695; x_wconf 89' lang='lat' dir='ltr'><strong>veritati</strong></span> <span class='ocrx_word' id='word_1_359' title='bbox 1970 2630 2284 2694; x_wconf 88' lang='lat' dir='ltr'><strong>veritatem</strong></span> <span class='ocrx_word' id='word_1_360' title='bbox 2342 2630 2739 2699; x_wconf 79' lang='lat' dir='ltr'><strong>conciliando.</strong></span> <span class='ocrx_word' id='word_1_361' title='bbox 2785 2636 3079 2710; x_wconf 86' lang='lat' dir='ltr'><strong>Quocirca</strong></span> <span class='ocrx_word' id='word_1_362' title='bbox 3106 2658 3216 2700; x_wconf 91' lang='lat' dir='ltr'><strong>nos</strong></span> <span class='ocrx_word' id='word_1_363' title='bbox 3251 2658 3513 2721; x_wconf 91' lang='lat' dir='ltr'><strong>quoque,</strong></span> <span class='ocrx_word' id='word_1_364' title='bbox 3560 2640 3797 2719; x_wconf 79' lang='lat' dir='ltr'><strong>perfec-</strong></span> 
     </span>
    </p>
   </div>
   <div class='ocr_carea' id='block_1_47' title="bbox 399 2721 3790 2811">
    <p class='ocr_par' dir='ltr' id='par_1_47' title="bbox 399 2721 3790 2811">
     <span class='ocr_line' id='line_1_47' title="bbox 399 2721 3790 2811; baseline 0 -20"><span class='ocrx_word' id='word_1_365' title='bbox 399 2729 533 2791; x_wconf 88' lang='lat' dir='ltr'><strong>tiori</strong></span> <span class='ocrx_word' id='word_1_366' title='bbox 564 2729 803 2793; x_wconf 91' lang='lat' dir='ltr'><strong>intcrim</strong></span> <span class='ocrx_word' id='word_1_367' title='bbox 833 2747 1112 2795; x_wconf 84' lang='lat' dir='ltr'><strong>sermone</strong></span> <span class='ocrx_word' id='word_1_368' title='bbox 1142 2729 1322 2793; x_wconf 89' lang='lat' dir='ltr'><strong>misso</strong></span> <span class='ocrx_word' id='word_1_369' title='bbox 1351 2728 1502 2791; x_wconf 92' lang='lat' dir='ltr'><strong>facto</strong></span> <span class='ocrx_word' id='word_1_370' title='bbox 1534 2724 1823 2809; x_wconf 89' lang='lat' dir='ltr'><strong>(nondum</strong></span> <span class='ocrx_word' id='word_1_371' title='bbox 1855 2721 2018 2785; x_wconf 91' lang='lat' dir='ltr'><strong>enim</strong></span> <span class='ocrx_word' id='word_1_372' title='bbox 2050 2730 2285 2803; x_wconf 85' lang='lat' dir='ltr'><strong>tempus</strong></span> <span class='ocrx_word' id='word_1_373' title='bbox 2316 2723 2375 2785; x_wconf 88' lang='lat' dir='ltr'><strong>id</strong></span> <span class='ocrx_word' id='word_1_374' title='bbox 2404 2722 2700 2805; x_wconf 71' lang='lat' dir='ltr'><strong>postulat),</strong></span> <span class='ocrx_word' id='word_1_375' title='bbox 2731 2731 2803 2789; x_wconf 89' lang='lat' dir='ltr'><strong>ad</strong></span> <span class='ocrx_word' id='word_1_376' title='bbox 2848 2728 3007 2790; x_wconf 92' lang='lat' dir='ltr'><strong>hunc</strong></span> <span class='ocrx_word' id='word_1_377' title='bbox 3052 2729 3295 2791; x_wconf 90' lang='lat' dir='ltr'><strong>modum</strong></span> <span class='ocrx_word' id='word_1_378' title='bbox 3328 2748 3462 2792; x_wconf 93' lang='lat' dir='ltr'><strong>cum</strong></span> <span class='ocrx_word' id='word_1_379' title='bbox 3495 2730 3641 2811; x_wconf 88' lang='lat' dir='ltr'><strong>ipsis</strong></span> <span class='ocrx_word' id='word_1_380' title='bbox 3662 2729 3790 2792; x_wconf 89' lang='lat' dir='ltr'><strong>dis-</strong></span> 
     </span>
    </p>
   </div>
   <div class='ocr_carea' id='block_1_48' title="bbox 391 2829 683 2876">
    <p class='ocr_par' dir='ltr' id='par_1_48' title="bbox 391 2829 683 2876">
     <span class='ocr_line' id='line_1_48' title="bbox 391 2829 683 2876; baseline 0.014 -4"><span class='ocrx_word' id='word_1_381' title='bbox 391 2829 683 2876; x_wconf 89' lang='lat' dir='ltr'><strong>seremus.</strong></span> 
     </span>
    </p>
   </div>
   <div class='ocr_carea' id='block_1_49' title="bbox 468 2892 2039 2980">
    <p class='ocr_par' dir='ltr' id='par_1_49' title="bbox 468 2894 2039 2980">
     <span class='ocr_line' id='line_1_49' title="bbox 468 2894 2039 2980; baseline -0.006 -21"><span class='ocrx_word' id='word_1_382' title='bbox 468 2901 553 2962; x_wconf 78' lang='lat' dir='ltr'><strong>Z&#39;.</strong></span> <span class='ocrx_word' id='word_1_383' title='bbox 634 2904 691 2960; x_wconf 79' lang='grc' dir='ltr'>Εἰ</span> <span class='ocrx_word' id='word_1_384' title='bbox 722 2903 822 2980; x_wconf 79' lang='grc' dir='ltr'>μὶν</span> <span class='ocrx_word' id='word_1_385' title='bbox 856 2899 972 2959; x_wconf 69' lang='grc' dir='ltr'>οὐδὲ</span> <span class='ocrx_word' id='word_1_386' title='bbox 1004 2900 1278 2972; x_wconf 74' lang='grc' dir='ltr'>ἂκτιστον,</span> <span class='ocrx_word' id='word_1_387' title='bbox 1323 2900 1370 2957; x_wconf 81' lang='grc' dir='ltr'><em>ὦ</em></span> <span class='ocrx_word' id='word_1_388' title='bbox 1415 2922 1578 2974; x_wconf 84' lang='grc' dir='ltr'>ουτοι,</span> <span class='ocrx_word' id='word_1_389' title='bbox 1630 2894 1953 2975; x_wconf 73' lang='grc' dir='ltr'>ὁμολογεῖτε</span> <span class='ocrx_word' id='word_1_390' title='bbox 1983 2894 2039 2951; x_wconf 75' lang='grc' dir='ltr'>τὸ</span> 
     </span>
    </p>
   </div>
   <div class='ocr_carea' id='block_1_50' title="bbox 2135 2892 3784 2980">
    <p class='ocr_par' dir='ltr' id='par_1_50' title="bbox 2220 2892 3784 2980">
     <span class='ocr_line' id='line_1_50' title="bbox 2220 2892 3784 2980; baseline 0.006 -26"><span class='ocrx_word' id='word_1_391' title='bbox 2220 2892 2344 2959; x_wconf 88' lang='lat' dir='ltr'><strong>VII.</strong></span> <span class='ocrx_word' id='word_1_392' title='bbox 2370 2895 2434 2960; x_wconf 90' lang='lat' dir='ltr'><strong>Si</strong></span> <span class='ocrx_word' id='word_1_393' title='bbox 2458 2897 2725 2980; x_wconf 90' lang='lat' dir='ltr'><strong>quidem,</strong></span> <span class='ocrx_word' id='word_1_394' title='bbox 2750 2917 2784 2961; x_wconf 91' lang='grc' dir='ltr'><strong>ο</strong></span> <span class='ocrx_word' id='word_1_395' title='bbox 2815 2897 2949 2980; x_wconf 86' lang='lat' dir='ltr'><strong>viri,</strong></span> <span class='ocrx_word' id='word_1_396' title='bbox 2980 2917 3090 2961; x_wconf 90' lang='lat' dir='ltr'><strong>nec</strong></span> <span class='ocrx_word' id='word_1_397' title='bbox 3118 2899 3473 2977; x_wconf 91' lang='lat' dir='ltr'><strong>increatum,</strong></span> <span class='ocrx_word' id='word_1_398' title='bbox 3496 2920 3607 2964; x_wconf 90' lang='lat' dir='ltr'><strong>nec</strong></span> <span class='ocrx_word' id='word_1_399' title='bbox 3630 2909 3784 2964; x_wconf 88' lang='lat' dir='ltr'><strong>tem-</strong></span> 
     </span>
    </p>
   </div>
   <div class='ocr_carea' id='block_1_51' title="bbox 387 2984 2039 3073">
    <p class='ocr_par' dir='ltr' id='par_1_51' title="bbox 387 2984 2039 3073">
     <span class='ocr_line' id='line_1_51' title="bbox 387 2984 2039 3073; baseline -0.007 -22"><span class='ocrx_word' id='word_1_400' title='bbox 387 2995 601 3069; x_wconf 74' lang='grc' dir='ltr'>Πνεῦμα</span> <span class='ocrx_word' id='word_1_401' title='bbox 661 2994 722 3049; x_wconf 78' lang='grc' dir='ltr'>τὸ</span> <span class='ocrx_word' id='word_1_402' title='bbox 805 2993 979 3072; x_wconf 79' lang='grc' dir='ltr'>ἅγιον,</span> <span class='ocrx_word' id='word_1_403' title='bbox 1036 2991 1151 3053; x_wconf 72' lang='grc' dir='ltr'>οὐδὲ</span> <span class='ocrx_word' id='word_1_404' title='bbox 1180 2990 1436 3073; x_wconf 74' lang='grc' dir='ltr'>ἄχρονον,</span> <span class='ocrx_word' id='word_1_405' title='bbox 1469 2997 1562 3048; x_wconf 82' lang='grc' dir='ltr'><strong>τοῦ</strong></span> <span class='ocrx_word' id='word_1_406' title='bbox 1607 2988 1846 3047; x_wconf 74' lang='grc' dir='ltr'>ἐναντίου</span> <span class='ocrx_word' id='word_1_407' title='bbox 1876 2984 2039 3042; x_wconf 80' lang='grc' dir='ltr'>πνεύ-</span> 
     </span>
    </p>
   </div>
   <div class='ocr_carea' id='block_1_52' title="bbox 2135 2984 3786 3073">
    <p class='ocr_par' dir='ltr' id='par_1_52' title="bbox 2135 2986 3786 3073">
     <span class='ocr_line' id='line_1_52' title="bbox 2135 2986 3786 3073; baseline 0.007 -29"><span class='ocrx_word' id='word_1_408' title='bbox 2135 2986 2295 3065; x_wconf 90' lang='lat' dir='ltr'><strong>poris</strong></span> <span class='ocrx_word' id='word_1_409' title='bbox 2329 2996 2634 3068; x_wconf 86' lang='lat' dir='ltr'><strong>expertem</strong></span> <span class='ocrx_word' id='word_1_410' title='bbox 2667 2988 2951 3071; x_wconf 90' lang='lat' dir='ltr'><strong>Spiritum</strong></span> <span class='ocrx_word' id='word_1_411' title='bbox 2984 2998 3253 3052; x_wconf 90' lang='lat' dir='ltr'><strong>sanctum</strong></span> <span class='ocrx_word' id='word_1_412' title='bbox 3286 2991 3551 3073; x_wconf 90' lang='lat' dir='ltr'><strong>creditis,</strong></span> <span class='ocrx_word' id='word_1_413' title='bbox 3574 2993 3786 3073; x_wconf 84' lang='lat' dir='ltr'><strong>spiritu</strong></span> 
     </span>
    </p>
   </div>
   <div class='ocr_carea' id='block_1_53' title="bbox 387 3064 2039 3164">
    <p class='ocr_par' dir='ltr' id='par_1_53' title="bbox 387 3064 2039 3164">
     <span class='ocr_line' id='line_1_53' title="bbox 387 3064 2039 3164; baseline -0.005 -25"><span class='ocrx_word' id='word_1_414' title='bbox 387 3064 555 3159; x_wconf 80' lang='grc' dir='ltr'>ματος</span> <span class='ocrx_word' id='word_1_415' title='bbox 609 3090 789 3164; x_wconf 69' lang='grc' dir='ltr'>σαφῶς</span> <span class='ocrx_word' id='word_1_416' title='bbox 918 3064 1177 3163; x_wconf 79' lang='grc' dir='ltr'>ἐνέργεια·</span> <span class='ocrx_word' id='word_1_417' title='bbox 1216 3064 1357 3141; x_wconf 54' lang='grc' dir='ltr'>’δότε</span> <span class='ocrx_word' id='word_1_418' title='bbox 1402 3064 1502 3161; x_wconf 78' lang='grc' dir='ltr'><strong>γὰρ</strong></span> <span class='ocrx_word' id='word_1_419' title='bbox 1562 3085 1640 3154; x_wconf 79' lang='grc' dir='ltr'>τῷ</span> <span class='ocrx_word' id='word_1_420' title='bbox 1682 3076 1831 3151; x_wconf 81' lang='grc' dir='ltr'>ζήλῳ</span> <span class='ocrx_word' id='word_1_421' title='bbox 1879 3098 1926 3132; x_wconf 91' lang='grc' dir='ltr'><strong>τι</strong></span> <span class='ocrx_word' id='word_1_422' title='bbox 1960 3078 2039 3133; x_wconf 83' lang='lat' dir='ltr'><strong>xui</strong></span> 
     </span>
    </p>
   </div>
   <div class='ocr_carea' id='block_1_54' title="bbox 2135 3064 3784 3164">
    <p class='ocr_par' dir='ltr' id='par_1_54' title="bbox 2135 3064 3784 3145">
     <span class='ocr_line' id='line_1_54' title="bbox 2135 3064 3784 3145; baseline 0.005 -8"><span class='ocrx_word' id='word_1_423' title='bbox 2135 3064 2477 3140; x_wconf 79' lang='lat' dir='ltr'><strong>adversario</strong></span> <span class='ocrx_word' id='word_1_424' title='bbox 2503 3079 2661 3141; x_wconf 90' lang='lat' dir='ltr'><strong>haud</strong></span> <span class='ocrx_word' id='word_1_425' title='bbox 2681 3064 2865 3141; x_wconf 41' lang='lat' dir='ltr'><strong>d&#39;ubie</strong></span> <span class='ocrx_word' id='word_1_426' title='bbox 2895 3079 3181 3142; x_wconf 87' lang='lat' dir='ltr'><strong>afflamini</strong></span> <span class='ocrx_word' id='word_1_427' title='bbox 3207 3101 3221 3143; x_wconf 90' lang='lat'>:</span> <span class='ocrx_word' id='word_1_428' title='bbox 3247 3079 3465 3142; x_wconf 89' lang='lat' dir='ltr'><strong>dabitis</strong></span> <span class='ocrx_word' id='word_1_429' title='bbox 3488 3064 3647 3143; x_wconf 81' lang='lat' dir='ltr'><strong>enim</strong></span> <span class='ocrx_word' id='word_1_430' title='bbox 3680 3101 3784 3145; x_wconf 89' lang='lat' dir='ltr'><strong>ve-</strong></span> 
     </span>
    </p>
   </div>
   <div class='ocr_carea' id='block_1_55' title="bbox 388 3166 2045 3254">
    <p class='ocr_par' dir='ltr' id='par_1_55' title="bbox 388 3166 2045 3254">
     <span class='ocr_line' id='line_1_55' title="bbox 388 3166 2045 3254; baseline -0.005 -25"><span class='ocrx_word' id='word_1_431' title='bbox 388 3172 801 3251; x_wconf 77' lang='grc' dir='ltr'>παρατολμῆσαι</span> <span class='ocrx_word' id='word_1_432' title='bbox 851 3174 1065 3254; x_wconf 82' lang='grc' dir='ltr'>μικρόν,</span> <span class='ocrx_word' id='word_1_433' title='bbox 1098 3175 1158 3232; x_wconf 79' lang='lat' dir='ltr'><strong>Ei</strong></span> <span class='ocrx_word' id='word_1_434' title='bbox 1187 3172 1242 3229; x_wconf 78' lang='grc' dir='ltr'>δὲ</span> <span class='ocrx_word' id='word_1_435' title='bbox 1312 3179 1564 3231; x_wconf 76' lang='grc' dir='ltr'>τοσοῦτον</span> <span class='ocrx_word' id='word_1_436' title='bbox 1609 3171 1733 3249; x_wconf 68' lang='grc' dir='ltr'>γοῦν</span> <span class='ocrx_word' id='word_1_437' title='bbox 1757 3166 2045 3246; x_wconf 80' lang='grc' dir='ltr'>ὑγιαίνετε,</span> 
     </span>
    </p>
   </div>
   <div class='ocr_carea' id='block_1_56' title="bbox 394 3254 2049 3345">
    <p class='ocr_par' dir='ltr' id='par_1_56' title="bbox 394 3254 2049 3345">
     <span class='ocr_line' id='line_1_56' title="bbox 394 3254 2049 3345; baseline -0.005 -25"><span class='ocrx_word' id='word_1_438' title='bbox 394 3263 533 3320; x_wconf 81' lang='grc' dir='ltr'>ὥστε</span> <span class='ocrx_word' id='word_1_439' title='bbox 598 3264 697 3331; x_wconf 79' lang='grc' dir='ltr'>τὴν</span> <span class='ocrx_word' id='word_1_440' title='bbox 757 3263 1023 3342; x_wconf 86' lang='grc' dir='ltr'>πρόδηλον</span> <span class='ocrx_word' id='word_1_441' title='bbox 1078 3265 1287 3345; x_wconf 73' lang='grc' dir='ltr'>φεύγειν</span> <span class='ocrx_word' id='word_1_442' title='bbox 1348 3262 1617 3336; x_wconf 75' lang='grc' dir='ltr'>ἀσέϐειαν,</span> <span class='ocrx_word' id='word_1_443' title='bbox 1650 3258 1866 3327; x_wconf 73' lang='grc' dir='ltr'>καὶτῆς</span> <span class='ocrx_word' id='word_1_444' title='bbox 1922 3254 2049 3313; x_wconf 87' lang='grc' dir='ltr'>δου-</span> 
     </span>
    </p>
   </div>
   <div class='ocr_carea' id='block_1_57' title="bbox 395 3346 2049 3433">
    <p class='ocr_par' dir='ltr' id='par_1_57' title="bbox 395 3346 2049 3433">
     <span class='ocr_line' id='line_1_57' title="bbox 395 3346 2049 3433; baseline -0.004 -24"><span class='ocrx_word' id='word_1_445' title='bbox 395 3353 540 3419; x_wconf 89' lang='grc' dir='ltr'>λείας</span> <span class='ocrx_word' id='word_1_446' title='bbox 599 3352 700 3419; x_wconf 77' lang='grc' dir='ltr'><strong>ἓξω</strong></span> <span class='ocrx_word' id='word_1_447' title='bbox 747 3354 944 3411; x_wconf 78' lang='grc' dir='ltr'>τιθέναι</span> <span class='ocrx_word' id='word_1_448' title='bbox 1016 3357 1077 3411; x_wconf 82' lang='grc' dir='ltr'>τὸ</span> <span class='ocrx_word' id='word_1_449' title='bbox 1108 3357 1195 3412; x_wconf 80' lang='grc' dir='ltr'><strong>καὶ</strong></span> <span class='ocrx_word' id='word_1_450' title='bbox 1242 3357 1385 3431; x_wconf 76' lang='grc' dir='ltr'>ἡμᾶς</span> <span class='ocrx_word' id='word_1_451' title='bbox 1424 3352 1553 3433; x_wconf 73' lang='grc'><strong>(41)</strong></span> <span class='ocrx_word' id='word_1_452' title='bbox 1604 3357 1787 3409; x_wconf 80' lang='grc' dir='ltr'>ποιοῦν</span> <span class='ocrx_word' id='word_1_453' title='bbox 1835 3346 2049 3405; x_wconf 77' lang='grc' dir='ltr'>ἐλευθέ-</span> 
     </span>
    </p>
   </div>
   <div class='ocr_carea' id='block_1_58' title="bbox 398 3439 2048 3524">
    <p class='ocr_par' dir='ltr' id='par_1_58' title="bbox 398 3439 2048 3524">
     <span class='ocr_line' id='line_1_58' title="bbox 398 3439 2048 3524; baseline -0.003 -23"><span class='ocrx_word' id='word_1_454' title='bbox 398 3465 539 3524; x_wconf 87' lang='grc' dir='ltr'>ρους,</span> <span class='ocrx_word' id='word_1_455' title='bbox 602 3446 663 3501; x_wconf 85' lang='grc' dir='ltr'>τὸ</span> <span class='ocrx_word' id='word_1_456' title='bbox 694 3444 814 3515; x_wconf 81' lang='grc' dir='ltr'><strong>ἐξῆς</strong></span> <span class='ocrx_word' id='word_1_457' title='bbox 886 3445 1034 3503; x_wconf 73' lang='grc' dir='ltr'>αὐτοὶ</span> <span class='ocrx_word' id='word_1_458' title='bbox 1091 3446 1380 3522; x_wconf 75' lang='grc' dir='ltr'>σκέψασθε,</span> <span class='ocrx_word' id='word_1_459' title='bbox 1414 3445 1548 3522; x_wconf 80' lang='grc' dir='ltr'>μετὰ</span> <span class='ocrx_word' id='word_1_460' title='bbox 1578 3449 1672 3502; x_wconf 82' lang='grc' dir='ltr'><strong>τοῦ</strong></span> <span class='ocrx_word' id='word_1_461' title='bbox 1700 3441 1846 3521; x_wconf 80' lang='grc' dir='ltr'>ἁγίου</span> <span class='ocrx_word' id='word_1_462' title='bbox 1876 3439 2048 3497; x_wconf 82' lang='grc' dir='ltr'>Πνεύ-</span> 
     </span>
    </p>
   </div>
   <div class='ocr_carea' id='block_1_59' title="bbox 316 3532 2045 3616">
    <p class='ocr_par' dir='ltr' id='par_1_59' title="bbox 316 3532 2045 3616">
     <span class='ocr_line' id='line_1_59' title="bbox 316 3532 2045 3616; baseline -0.004 -24"><span class='ocrx_word' id='word_1_463' title='bbox 316 3577 320 3581; x_wconf 64' lang='grc' dir='ltr'><strong>ι</strong></span> <span class='ocrx_word' id='word_1_464' title='bbox 395 3557 586 3611; x_wconf 86' lang='grc' dir='ltr'>ματος,</span> <span class='ocrx_word' id='word_1_465' title='bbox 650 3536 739 3591; x_wconf 83' lang='grc' dir='ltr'><strong>καὶ</strong></span> <span class='ocrx_word' id='word_1_466' title='bbox 807 3536 986 3613; x_wconf 76' lang='grc' dir='ltr'>ᾑιιῶν.</span> <span class='ocrx_word' id='word_1_467' title='bbox 1037 3538 1287 3613; x_wconf 83' lang='grc' dir='ltr'>Πείθομαι</span> <span class='ocrx_word' id='word_1_468' title='bbox 1332 3536 1433 3616; x_wconf 79' lang='grc' dir='ltr'>γὰρ</span> <span class='ocrx_word' id='word_1_469' title='bbox 1476 3539 1657 3598; x_wconf 82' lang='grc' dir='ltr'>ποσῶς</span> <span class='ocrx_word' id='word_1_470' title='bbox 1693 3532 1882 3590; x_wconf 83' lang='grc' dir='ltr'>τούτου</span> <span class='ocrx_word' id='word_1_471' title='bbox 1908 3552 2045 3605; x_wconf 85' lang='grc' dir='ltr'>μετ-</span> 
     </span>
    </p>
   </div>
   <div class='ocr_carea' id='block_1_60' title="bbox 390 3618 2043 3706">
    <p class='ocr_par' dir='ltr' id='par_1_60' title="bbox 390 3618 2043 3706">
     <span class='ocr_line' id='line_1_60' title="bbox 390 3618 2043 3706; baseline -0.001 -23"><span class='ocrx_word' id='word_1_472' title='bbox 390 3627 542 3706; x_wconf 81' lang='grc' dir='ltr'>ἐχειν</span> <span class='ocrx_word' id='word_1_473' title='bbox 582 3628 746 3706; x_wconf 75' lang='grc' dir='ltr'>ὑμᾶς,</span> <span class='ocrx_word' id='word_1_474' title='bbox 777 3631 865 3683; x_wconf 87' lang='grc' dir='ltr'><strong>καὶ</strong></span> <span class='ocrx_word' id='word_1_475' title='bbox 895 3628 967 3693; x_wconf 84' lang='grc' dir='ltr'>ὡς</span> <span class='ocrx_word' id='word_1_476' title='bbox 1000 3628 1211 3693; x_wconf 80' lang='grc' dir='ltr'>οἰκείοις</span> <span class='ocrx_word' id='word_1_477' title='bbox 1256 3625 1360 3695; x_wconf 74' lang='grc' dir='ltr'><strong>ἢδη</strong></span> <span class='ocrx_word' id='word_1_478' title='bbox 1395 3624 1846 3700; x_wconf 69' lang='grc' dir='ltr'>συνδιασκεψομαι</span> <span class='ocrx_word' id='word_1_479' title='bbox 1886 3618 2043 3701; x_wconf 72' lang='grc'><strong>(42).</strong></span> 
     </span>
    </p>
   </div>
   <div class='ocr_carea' id='block_1_61' title="bbox 388 3709 2044 3797">
    <p class='ocr_par' dir='ltr' id='par_1_61' title="bbox 388 3709 2044 3797">
     <span class='ocr_line' id='line_1_61' title="bbox 388 3709 2044 3797; baseline -0.005 -23"><span class='ocrx_word' id='word_1_480' title='bbox 388 3711 472 3774; x_wconf 81' lang='grc' dir='ltr'>’Ἡ</span> <span class='ocrx_word' id='word_1_481' title='bbox 527 3714 646 3775; x_wconf 83' lang='grc' dir='ltr'>δότε</span> <span class='ocrx_word' id='word_1_482' title='bbox 706 3739 797 3792; x_wconf 93' lang='grc' dir='ltr'><strong>μοι</strong></span> <span class='ocrx_word' id='word_1_483' title='bbox 828 3718 888 3773; x_wconf 80' lang='grc' dir='ltr'>τὸ</span> <span class='ocrx_word' id='word_1_484' title='bbox 910 3716 1073 3793; x_wconf 81' lang='grc' dir='ltr'>μέσον</span> <span class='ocrx_word' id='word_1_485' title='bbox 1105 3719 1202 3787; x_wconf 76' lang='grc' dir='ltr'>τῆς</span> <span class='ocrx_word' id='word_1_486' title='bbox 1235 3716 1472 3781; x_wconf 79' lang='grc' dir='ltr'>δουλείας</span> <span class='ocrx_word' id='word_1_487' title='bbox 1520 3712 1675 3797; x_wconf 81' lang='grc'>(43),</span> <span class='ocrx_word' id='word_1_488' title='bbox 1710 3713 1798 3769; x_wconf 89' lang='lat' dir='ltr'><strong>xui</strong></span> <span class='ocrx_word' id='word_1_489' title='bbox 1827 3712 1928 3780; x_wconf 74' lang='grc' dir='ltr'><strong>τῆς</strong></span> <span class='ocrx_word' id='word_1_490' title='bbox 1960 3709 2044 3767; x_wconf 88' lang='grc' dir='ltr'>δε-</span> 
     </span>
    </p>
   </div>
   <div class='ocr_carea' id='block_1_62' title="bbox 384 3801 2043 3887">
    <p class='ocr_par' dir='ltr' id='par_1_62' title="bbox 384 3801 2043 3887">
     <span class='ocr_line' id='line_1_62' title="bbox 384 3801 2043 3887; baseline -0.005 -22"><span class='ocrx_word' id='word_1_491' title='bbox 384 3806 660 3887; x_wconf 82' lang='grc' dir='ltr'>σποτείας,</span> <span class='ocrx_word' id='word_1_492' title='bbox 691 3806 765 3862; x_wconf 79' lang='grc' dir='ltr'>ἵν’</span> <span class='ocrx_word' id='word_1_493' title='bbox 821 3807 939 3864; x_wconf 79' lang='grc' dir='ltr'>ἐκεῖ</span> <span class='ocrx_word' id='word_1_494' title='bbox 995 3808 1071 3865; x_wconf 81' lang='grc' dir='ltr'>θῶ</span> <span class='ocrx_word' id='word_1_495' title='bbox 1123 3808 1224 3876; x_wconf 76' lang='grc' dir='ltr'><strong>τὴν</strong></span> <span class='ocrx_word' id='word_1_496' title='bbox 1256 3806 1403 3873; x_wconf 77' lang='grc' dir='ltr'>ἀξίαν</span> <span class='ocrx_word' id='word_1_497' title='bbox 1465 3809 1560 3864; x_wconf 72' lang='grc' dir='ltr'><strong>τοῦ</strong></span> <span class='ocrx_word' id='word_1_498' title='bbox 1614 3804 1945 3879; x_wconf 81' lang='grc' dir='ltr'>Πνεύματος⁶</span> <span class='ocrx_word' id='word_1_499' title='bbox 2006 3801 2043 3868; x_wconf 72' lang='grc' dir='ltr'>ἦ</span> 
     </span>
    </p>
   </div>
   <div class='ocr_carea' id='block_1_63' title="bbox 382 3890 2040 3979">
    <p class='ocr_par' dir='ltr' id='par_1_63' title="bbox 382 3890 2040 3979">
     <span class='ocr_line' id='line_1_63' title="bbox 382 3890 2040 3979; baseline -0.005 -25"><span class='ocrx_word' id='word_1_500' title='bbox 382 3901 483 3965; x_wconf 78' lang='grc' dir='ltr'>τὴν</span> <span class='ocrx_word' id='word_1_501' title='bbox 544 3895 780 3953; x_wconf 84' lang='grc' dir='ltr'>δουλείαν</span> <span class='ocrx_word' id='word_1_502' title='bbox 839 3898 1144 3979; x_wconf 71' lang='grc' dir='ltr'>φεύγοντες,</span> <span class='ocrx_word' id='word_1_503' title='bbox 1204 3898 1297 3954; x_wconf 76' lang='grc' dir='ltr'>οὒκ</span> <span class='ocrx_word' id='word_1_504' title='bbox 1340 3894 1566 3977; x_wconf 77' lang='grc' dir='ltr'>ἃδηλον,</span> <span class='ocrx_word' id='word_1_505' title='bbox 1599 3893 1718 3951; x_wconf 81' lang='grc' dir='ltr'>ὅποι</span> <span class='ocrx_word' id='word_1_506' title='bbox 1766 3890 1950 3958; x_wconf 79' lang='grc' dir='ltr'>τάξετε</span> <span class='ocrx_word' id='word_1_507' title='bbox 1979 3892 2040 3947; x_wconf 73' lang='grc' dir='ltr'>τὶ</span> 
     </span>
    </p>
   </div>
   <div class='ocr_carea' id='block_1_64' title="bbox 381 3982 2039 4068">
    <p class='ocr_par' dir='ltr' id='par_1_64' title="bbox 381 3982 2039 4068">
     <span class='ocr_line' id='line_1_64' title="bbox 381 3982 2039 4068; baseline -0.012 -12"><span class='ocrx_word' id='word_1_508' title='bbox 381 3988 704 4063; x_wconf 74' lang='grc' dir='ltr'>ζητούμενον</span> <span class='ocrx_word' id='word_1_509' title='bbox 737 3986 897 4068; x_wconf 74' lang='grc'><strong>(44).</strong></span> <span class='ocrx_word' id='word_1_510' title='bbox 934 3986 1102 4045; x_wconf 82' lang='grc' dir='ltr'>Ἀλλὰ</span> <span class='ocrx_word' id='word_1_511' title='bbox 1144 4001 1268 4053; x_wconf 89' lang='grc' dir='ltr'>ταῖς</span> <span class='ocrx_word' id='word_1_512' title='bbox 1299 3985 1595 4051; x_wconf 78' lang='grc' dir='ltr'>συλλαϐαῖς</span> <span class='ocrx_word' id='word_1_513' title='bbox 1642 3982 2039 4065; x_wconf 65' lang='grc' dir='ltr'>δηχεραίνετε,</span> 
     </span>
    </p>
   </div>
   <div class='ocr_carea' id='block_1_65' title="bbox 386 4073 2039 4160">
    <p class='ocr_par' dir='ltr' id='par_1_65' title="bbox 386 4073 2039 4160">
     <span class='ocr_line' id='line_1_65' title="bbox 386 4073 2039 4160; baseline -0.004 -26"><span class='ocrx_word' id='word_1_514' title='bbox 386 4079 473 4135; x_wconf 86' lang='grc' dir='ltr'><strong>καὶ</strong></span> <span class='ocrx_word' id='word_1_515' title='bbox 542 4078 895 4158; x_wconf 86' lang='grc' dir='ltr'>προσπταίετε</span> <span class='ocrx_word' id='word_1_516' title='bbox 936 4085 1006 4157; x_wconf 75' lang='grc' dir='ltr'><strong>τῇ</strong></span> <span class='ocrx_word' id='word_1_517' title='bbox 1078 4084 1254 4160; x_wconf 74' lang='grc' dir='ltr'>φωνῇ,</span> <span class='ocrx_word' id='word_1_518' title='bbox 1309 4081 1396 4137; x_wconf 87' lang='grc' dir='ltr'><strong>καὶ</strong></span> <span class='ocrx_word' id='word_1_519' title='bbox 1451 4076 1589 4144; x_wconf 85' lang='grc' dir='ltr'>λίθος</span> <span class='ocrx_word' id='word_1_520' title='bbox 1621 4073 2039 4155; x_wconf 78' lang='grc' dir='ltr'>προσκόμματος</span> 
     </span>
    </p>
   </div>
   <div class='ocr_carea' id='block_1_66' title="bbox 384 4162 2041 4250">
    <p class='ocr_par' dir='ltr' id='par_1_66' title="bbox 384 4162 2041 4250">
     <span class='ocr_line' id='line_1_66' title="bbox 384 4162 2041 4250; baseline -0.004 -26"><span class='ocrx_word' id='word_1_521' title='bbox 384 4169 519 4245; x_wconf 74' lang='grc' dir='ltr'>ὑμῖν</span> <span class='ocrx_word' id='word_1_522' title='bbox 570 4176 723 4227; x_wconf 75' lang='grc' dir='ltr'>τοῦτο</span> <span class='ocrx_word' id='word_1_523' title='bbox 765 4170 990 4249; x_wconf 82' lang='grc' dir='ltr'>γίνεται,</span> <span class='ocrx_word' id='word_1_524' title='bbox 1053 4171 1141 4227; x_wconf 86' lang='lat' dir='ltr'><strong>xui</strong></span> <span class='ocrx_word' id='word_1_525' title='bbox 1218 4169 1387 4250; x_wconf 80' lang='grc' dir='ltr'>πέτρα</span> <span class='ocrx_word' id='word_1_526' title='bbox 1436 4165 1756 4240; x_wconf 77' lang='grc' dir='ltr'>σκανδάλου,</span> <span class='ocrx_word' id='word_1_527' title='bbox 1791 4162 1905 4220; x_wconf 79' lang='grc' dir='ltr'>ἐπεὶ</span> <span class='ocrx_word' id='word_1_528' title='bbox 1952 4162 2041 4220; x_wconf 84' lang='grc' dir='ltr'>καὶ</span> 
     </span>
    </p>
   </div>
   <div class='ocr_carea' id='block_1_67' title="bbox 386 4253 2038 4341">
    <p class='ocr_par' dir='ltr' id='par_1_67' title="bbox 386 4253 2038 4341">
     <span class='ocr_line' id='line_1_67' title="bbox 386 4253 2038 4341; baseline -0.005 -25"><span class='ocrx_word' id='word_1_529' title='bbox 386 4260 613 4337; x_wconf 78' lang='grc' dir='ltr'>Χριστὸς</span> <span class='ocrx_word' id='word_1_530' title='bbox 676 4261 836 4320; x_wconf 88' lang='grc' dir='ltr'>τισίν.</span> <span class='ocrx_word' id='word_1_531' title='bbox 911 4258 1265 4341; x_wconf 79' lang='grc' dir='ltr'>Ἀνθρώπινον</span> <span class='ocrx_word' id='word_1_532' title='bbox 1340 4262 1401 4317; x_wconf 83' lang='grc' dir='ltr'>τὸ</span> <span class='ocrx_word' id='word_1_533' title='bbox 1473 4259 1664 4321; x_wconf 76' lang='grc' dir='ltr'>πάθος,</span> <span class='ocrx_word' id='word_1_534' title='bbox 1740 4253 2038 4330; x_wconf 77' lang='grc' dir='ltr'>Συμὸῶμεν</span> 
     </span>
    </p>
   </div>
   <div class='ocr_carea' id='block_1_68' title="bbox 385 4342 2037 4428">
    <p class='ocr_par' dir='ltr' id='par_1_68' title="bbox 385 4342 2037 4428">
     <span class='ocr_line' id='line_1_68' title="bbox 385 4342 2037 4428; baseline -0.005 -22"><span class='ocrx_word' id='word_1_535' title='bbox 385 4347 644 4419; x_wconf 72' lang='grc' dir='ltr'>ἀλλήλοις</span> <span class='ocrx_word' id='word_1_536' title='bbox 716 4356 1114 4426; x_wconf 84' lang='grc' dir='ltr'>πνευματικῶς.</span> <span class='ocrx_word' id='word_1_537' title='bbox 1182 4350 1464 4428; x_wconf 86' lang='grc' dir='ltr'>Γενώμεθα</span> <span class='ocrx_word' id='word_1_538' title='bbox 1542 4344 1849 4428; x_wconf 72' lang='grc' dir='ltr'>φιλάδελφοι</span> <span class='ocrx_word' id='word_1_539' title='bbox 1897 4342 2037 4420; x_wconf 80' lang='grc' dir='ltr'><strong>μᾶλ-</strong></span> 
     </span>
    </p>
   </div>
   <div class='ocr_carea' id='block_1_69' title="bbox 2057 4410 2102 4461">
    <p class='ocr_par' dir='ltr' id='par_1_69' title="bbox 2057 4410 2102 4461">
     <span class='ocr_line' id='line_1_69' title="bbox 2057 4410 2102 4461; baseline 0 0"><span class='ocrx_word' id='word_1_540' title='bbox 2057 4410 2102 4461; x_wconf 91' lang='lat' dir='ltr'><strong>D</strong></span> 
     </span>
    </p>
   </div>
   <div class='ocr_carea' id='block_1_70' title="bbox 2133 3166 3786 3252">
    <p class='ocr_par' dir='ltr' id='par_1_70' title="bbox 2133 3166 3786 3252">
     <span class='ocr_line' id='line_1_70' title="bbox 2133 3166 3786 3252; baseline 0.005 -26"><span class='ocrx_word' id='word_1_541' title='bbox 2133 3166 2317 3243; x_wconf 88' lang='lat' dir='ltr'><strong>niam,</strong></span> <span class='ocrx_word' id='word_1_542' title='bbox 2348 3168 2395 3229; x_wconf 92' lang='lat' dir='ltr'><strong>si</strong></span> <span class='ocrx_word' id='word_1_543' title='bbox 2428 3167 2555 3230; x_wconf 90' lang='lat' dir='ltr'><strong>zelo</strong></span> <span class='ocrx_word' id='word_1_544' title='bbox 2589 3178 2949 3252; x_wconf 89' lang='lat' dir='ltr'><strong>commotus,</strong></span> <span class='ocrx_word' id='word_1_545' title='bbox 2973 3171 3241 3251; x_wconf 89' lang='lat' dir='ltr'><strong>asperius</strong></span> <span class='ocrx_word' id='word_1_546' title='bbox 3273 3170 3512 3252; x_wconf 90' lang='lat' dir='ltr'><strong>aliquod</strong></span> <span class='ocrx_word' id='word_1_547' title='bbox 3535 3172 3786 3235; x_wconf 88' lang='lat' dir='ltr'><strong>verbum</strong></span> 
     </span>
    </p>
   </div>
   <div class='ocr_carea' id='block_1_71' title="bbox 2135 3256 3787 3346">
    <p class='ocr_par' dir='ltr' id='par_1_71' title="bbox 2135 3256 3787 3346">
     <span class='ocr_line' id='line_1_71' title="bbox 2135 3256 3787 3346; baseline 0.005 -30"><span class='ocrx_word' id='word_1_548' title='bbox 2135 3256 2601 3333; x_wconf 84' lang='lat' dir='ltr'><strong>extulero.Quod</strong></span> <span class='ocrx_word' id='word_1_549' title='bbox 2622 3259 2675 3323; x_wconf 92' lang='lat' dir='ltr'><strong>si</strong></span> <span class='ocrx_word' id='word_1_550' title='bbox 2696 3260 2985 3323; x_wconf 89' lang='lat' dir='ltr'><strong>hactenus</strong></span> <span class='ocrx_word' id='word_1_551' title='bbox 3008 3261 3218 3325; x_wconf 88' lang='lat' dir='ltr'><strong>saltem</strong></span> <span class='ocrx_word' id='word_1_552' title='bbox 3244 3274 3411 3324; x_wconf 87' lang='lat' dir='ltr'><strong>recte</strong></span> <span class='ocrx_word' id='word_1_553' title='bbox 3431 3263 3689 3346; x_wconf 79' lang='lat' dir='ltr'><strong>sentitis,</strong></span> <span class='ocrx_word' id='word_1_554' title='bbox 3717 3282 3787 3325; x_wconf 92' lang='lat' dir='ltr'><strong>ac</strong></span> 
     </span>
    </p>
   </div>
   <div class='ocr_carea' id='block_1_72' title="bbox 2135 3346 3782 3434">
    <p class='ocr_par' dir='ltr' id='par_1_72' title="bbox 2135 3346 3782 3434">
     <span class='ocr_line' id='line_1_72' title="bbox 2135 3346 3782 3434; baseline 0.004 -26"><span class='ocrx_word' id='word_1_555' title='bbox 2135 3346 2295 3409; x_wconf 90' lang='lat' dir='ltr'><strong>belle</strong></span> <span class='ocrx_word' id='word_1_556' title='bbox 2340 3348 2568 3430; x_wconf 89' lang='lat' dir='ltr'><strong>valetis,</strong></span> <span class='ocrx_word' id='word_1_557' title='bbox 2608 3358 2672 3411; x_wconf 92' lang='lat' dir='ltr'><strong>ut</strong></span> <span class='ocrx_word' id='word_1_558' title='bbox 2723 3350 3093 3413; x_wconf 85' lang='lat' dir='ltr'><strong>manifestam</strong></span> <span class='ocrx_word' id='word_1_559' title='bbox 3126 3350 3492 3433; x_wconf 89' lang='lat' dir='ltr'><strong>impietatem</strong></span> <span class='ocrx_word' id='word_1_560' title='bbox 3524 3353 3782 3434; x_wconf 82' lang='lat' dir='ltr'><strong>fugiatis,</strong></span> 
     </span>
    </p>
   </div>
   <div class='ocr_carea' id='block_1_73' title="bbox 2134 3441 3789 3523">
    <p class='ocr_par' dir='ltr' id='par_1_73' title="bbox 2134 3441 3789 3523">
     <span class='ocr_line' id='line_1_73' title="bbox 2134 3441 3789 3523; baseline 0.003 -23"><span class='ocrx_word' id='word_1_561' title='bbox 2134 3447 2314 3519; x_wconf 90' lang='lat' dir='ltr'><strong>atque</strong></span> <span class='ocrx_word' id='word_1_562' title='bbox 2337 3456 2497 3514; x_wconf 90' lang='lat' dir='ltr'><strong>eum,</strong></span> <span class='ocrx_word' id='word_1_563' title='bbox 2520 3441 2620 3521; x_wconf 91' lang='lat' dir='ltr'><strong>qui</strong></span> <span class='ocrx_word' id='word_1_564' title='bbox 2646 3460 2753 3503; x_wconf 93' lang='lat' dir='ltr'><strong>nos</strong></span> <span class='ocrx_word' id='word_1_565' title='bbox 2776 3460 3015 3523; x_wconf 91' lang='lat' dir='ltr'><strong>quoque</strong></span> <span class='ocrx_word' id='word_1_566' title='bbox 3059 3441 3281 3505; x_wconf 90' lang='lat' dir='ltr'><strong>liberos</strong></span> <span class='ocrx_word' id='word_1_567' title='bbox 3304 3444 3510 3520; x_wconf 82' lang='lat' dir='ltr'><strong>efﬁcit,</strong></span> <span class='ocrx_word' id='word_1_568' title='bbox 3531 3461 3565 3505; x_wconf 92' lang='lat' dir='ltr'><strong>a</strong></span> <span class='ocrx_word' id='word_1_569' title='bbox 3586 3444 3789 3507; x_wconf 91' lang='lat' dir='ltr'><strong>servili</strong></span> 
     </span>
    </p>
   </div>
   <div class='ocr_carea' id='block_1_74' title="bbox 2132 3528 3786 3615">
    <p class='ocr_par' dir='ltr' id='par_1_74' title="bbox 2132 3528 3786 3615">
     <span class='ocr_line' id='line_1_74' title="bbox 2132 3528 3786 3615; baseline 0.004 -24"><span class='ocrx_word' id='word_1_570' title='bbox 2132 3528 2346 3594; x_wconf 90' lang='lat' dir='ltr'><strong>ordine</strong></span> <span class='ocrx_word' id='word_1_571' title='bbox 2391 3531 2683 3606; x_wconf 84' lang='lat' dir='ltr'><strong>eximatis,</strong></span> <span class='ocrx_word' id='word_1_572' title='bbox 2719 3533 2877 3612; x_wconf 91' lang='lat' dir='ltr'><strong>quod</strong></span> <span class='ocrx_word' id='word_1_573' title='bbox 2913 3532 3207 3614; x_wconf 87' lang='lat' dir='ltr'><strong>sequitur,</strong></span> <span class='ocrx_word' id='word_1_574' title='bbox 3240 3553 3359 3595; x_wconf 91' lang='lat' dir='ltr'><strong>una</strong></span> <span class='ocrx_word' id='word_1_575' title='bbox 3387 3552 3525 3596; x_wconf 92' lang='lat' dir='ltr'><strong>cum</strong></span> <span class='ocrx_word' id='word_1_576' title='bbox 3562 3532 3786 3615; x_wconf 89' lang='lat' dir='ltr'><strong>Spiritu</strong></span> 
     </span>
    </p>
   </div>
   <div class='ocr_carea' id='block_1_75' title="bbox 2130 3620 3786 3706">
    <p class='ocr_par' dir='ltr' id='par_1_75' title="bbox 2130 3620 3786 3706">
     <span class='ocr_line' id='line_1_75' title="bbox 2130 3620 3786 3706; baseline 0.004 -25"><span class='ocrx_word' id='word_1_577' title='bbox 2130 3629 2338 3683; x_wconf 85' lang='lat' dir='ltr'><strong>sancto</strong></span> <span class='ocrx_word' id='word_1_578' title='bbox 2363 3639 2429 3684; x_wconf 90' lang='lat' dir='ltr'><strong>ac</strong></span> <span class='ocrx_word' id='word_1_579' title='bbox 2453 3620 2646 3698; x_wconf 91' lang='lat' dir='ltr'><strong>nobis,</strong></span> <span class='ocrx_word' id='word_1_580' title='bbox 2676 3622 3015 3703; x_wconf 85' lang='lat' dir='ltr'><strong>expendite.</strong></span> <span class='ocrx_word' id='word_1_581' title='bbox 3045 3620 3167 3685; x_wconf 87' lang='lat' dir='ltr'><strong>Vos</strong></span> <span class='ocrx_word' id='word_1_582' title='bbox 3184 3624 3405 3706; x_wconf 89' lang='lat' dir='ltr'><strong>quippe</strong></span> <span class='ocrx_word' id='word_1_583' title='bbox 3428 3624 3786 3704; x_wconf 90' lang='lat' dir='ltr'><strong>quadamte-</strong></span> 
     </span>
    </p>
   </div>
   <div class='ocr_carea' id='block_1_76' title="bbox 2130 3711 3792 3797">
    <p class='ocr_par' dir='ltr' id='par_1_76' title="bbox 2130 3711 3792 3797">
     <span class='ocr_line' id='line_1_76' title="bbox 2130 3711 3792 3797; baseline 0.003 -25"><span class='ocrx_word' id='word_1_584' title='bbox 2130 3728 2244 3772; x_wconf 89' lang='lat' dir='ltr'><strong>nus</strong></span> <span class='ocrx_word' id='word_1_585' title='bbox 2297 3711 2484 3792; x_wconf 87' lang='lat' dir='ltr'><strong>ipsius</strong></span> <span class='ocrx_word' id='word_1_586' title='bbox 2536 3712 2857 3794; x_wconf 89' lang='lat' dir='ltr'><strong>participes</strong></span> <span class='ocrx_word' id='word_1_587' title='bbox 2908 3731 3041 3775; x_wconf 91' lang='lat' dir='ltr'><strong>esse</strong></span> <span class='ocrx_word' id='word_1_588' title='bbox 3085 3713 3345 3789; x_wconf 88' lang='lat' dir='ltr'><strong>conﬁdo,</strong></span> <span class='ocrx_word' id='word_1_589' title='bbox 3374 3734 3443 3777; x_wconf 90' lang='lat' dir='ltr'><strong>ac</strong></span> <span class='ocrx_word' id='word_1_590' title='bbox 3473 3716 3597 3797; x_wconf 85' lang='lat' dir='ltr'><strong>jam</strong></span> <span class='ocrx_word' id='word_1_591' title='bbox 3631 3715 3792 3779; x_wconf 89' lang='lat' dir='ltr'><strong>velut</strong></span> 
     </span>
    </p>
   </div>
   <div class='ocr_carea' id='block_1_77' title="bbox 2126 3802 3791 3869">
    <p class='ocr_par' dir='ltr' id='par_1_77' title="bbox 2126 3802 3791 3869">
     <span class='ocr_line' id='line_1_77' title="bbox 2126 3802 3791 3869; baseline 0.004 -7"><span class='ocrx_word' id='word_1_592' title='bbox 2126 3819 2262 3862; x_wconf 90' lang='lat' dir='ltr'><strong>cum</strong></span> <span class='ocrx_word' id='word_1_593' title='bbox 2297 3802 2516 3863; x_wconf 85' lang='lat' dir='ltr'><strong>nostris</strong></span> <span class='ocrx_word' id='word_1_594' title='bbox 2547 3802 2726 3864; x_wconf 91' lang='lat' dir='ltr'><strong>simul</strong></span> <span class='ocrx_word' id='word_1_595' title='bbox 2756 3820 2884 3865; x_wconf 92' lang='lat' dir='ltr'><strong>rem</strong></span> <span class='ocrx_word' id='word_1_596' title='bbox 2914 3802 3331 3868; x_wconf 89' lang='lat' dir='ltr'><strong>considerabo.</strong></span> <span class='ocrx_word' id='word_1_597' title='bbox 3357 3807 3477 3868; x_wconf 88' lang='lat' dir='ltr'><strong>Aut</strong></span> <span class='ocrx_word' id='word_1_598' title='bbox 3506 3804 3654 3868; x_wconf 92' lang='lat' dir='ltr'><strong>mihi</strong></span> <span class='ocrx_word' id='word_1_599' title='bbox 3684 3806 3791 3869; x_wconf 91' lang='lat' dir='ltr'><strong>ali-</strong></span> 
     </span>
    </p>
   </div>
   <div class='ocr_carea' id='block_1_78' title="bbox 2126 3890 3791 3973">
    <p class='ocr_par' dir='ltr' id='par_1_78' title="bbox 2126 3890 3791 3973">
     <span class='ocr_line' id='line_1_78' title="bbox 2126 3890 3791 3973; baseline 0.004 -21"><span class='ocrx_word' id='word_1_600' title='bbox 2126 3890 2293 3973; x_wconf 90' lang='lat' dir='ltr'><strong>quid,</strong></span> <span class='ocrx_word' id='word_1_601' title='bbox 2330 3892 2486 3973; x_wconf 89' lang='lat' dir='ltr'><strong>quod</strong></span> <span class='ocrx_word' id='word_1_602' title='bbox 2524 3892 2684 3954; x_wconf 91' lang='lat' dir='ltr'><strong>inter</strong></span> <span class='ocrx_word' id='word_1_603' title='bbox 2713 3895 3063 3957; x_wconf 87' lang='lat' dir='ltr'><strong>servitutem</strong></span> <span class='ocrx_word' id='word_1_604' title='bbox 3097 3903 3150 3955; x_wconf 91' lang='lat' dir='ltr'><strong>et</strong></span> <span class='ocrx_word' id='word_1_605' title='bbox 3183 3894 3653 3959; x_wconf 88' lang='lat' dir='ltr'><strong>dominationem</strong></span> <span class='ocrx_word' id='word_1_606' title='bbox 3688 3897 3791 3959; x_wconf 84' lang='lat' dir='ltr'><strong>in—</strong></span> 
     </span>
    </p>
   </div>
   <div class='ocr_carea' id='block_1_79' title="bbox 2126 3981 3785 4065">
    <p class='ocr_par' dir='ltr' id='par_1_79' title="bbox 2126 3981 3785 4065">
     <span class='ocr_line' id='line_1_79' title="bbox 2126 3981 3785 4065; baseline 0.005 -23"><span class='ocrx_word' id='word_1_607' title='bbox 2126 3982 2445 4062; x_wconf 90' lang='lat' dir='ltr'><strong>terjectum</strong></span> <span class='ocrx_word' id='word_1_608' title='bbox 2475 3982 2570 4056; x_wconf 86' lang='lat' dir='ltr'><strong>sit,</strong></span> <span class='ocrx_word' id='word_1_609' title='bbox 2598 3983 2758 4065; x_wconf 88' lang='lat' dir='ltr'><strong>date,</strong></span> <span class='ocrx_word' id='word_1_610' title='bbox 2784 3992 2848 4045; x_wconf 92' lang='lat' dir='ltr'><strong>ut</strong></span> <span class='ocrx_word' id='word_1_611' title='bbox 2866 3982 2988 4045; x_wconf 91' lang='lat' dir='ltr'><strong>illic</strong></span> <span class='ocrx_word' id='word_1_612' title='bbox 3013 3981 3273 4065; x_wconf 90' lang='lat' dir='ltr'><strong>Spiritus</strong></span> <span class='ocrx_word' id='word_1_613' title='bbox 3294 3984 3644 4064; x_wconf 85' lang='lat' dir='ltr'><strong>dignitatem</strong></span> <span class='ocrx_word' id='word_1_614' title='bbox 3666 3987 3785 4050; x_wconf 91' lang='lat' dir='ltr'><strong>col-</strong></span> 
     </span>
    </p>
   </div>
   <div class='ocr_carea' id='block_1_80' title="bbox 2125 4070 3785 4160">
    <p class='ocr_par' dir='ltr' id='par_1_80' title="bbox 2125 4070 3785 4160">
     <span class='ocr_line' id='line_1_80' title="bbox 2125 4070 3785 4160; baseline 0.004 -27"><span class='ocrx_word' id='word_1_615' title='bbox 2125 4070 2362 4135; x_wconf 89' lang='lat' dir='ltr'><strong>locem:</strong></span> <span class='ocrx_word' id='word_1_616' title='bbox 2400 4081 2524 4154; x_wconf 81' lang='lat' dir='ltr'><strong>aut,</strong></span> <span class='ocrx_word' id='word_1_617' title='bbox 2559 4092 2694 4134; x_wconf 92' lang='lat' dir='ltr'><strong>cum</strong></span> <span class='ocrx_word' id='word_1_618' title='bbox 2748 4075 3047 4136; x_wconf 88' lang='lat' dir='ltr'><strong>servitutis</strong></span> <span class='ocrx_word' id='word_1_619' title='bbox 3094 4094 3315 4137; x_wconf 91' lang='lat' dir='ltr'><strong>nomen</strong></span> <span class='ocrx_word' id='word_1_620' title='bbox 3366 4075 3630 4160; x_wconf 85' lang='lat' dir='ltr'><strong>fugiatis,</strong></span> <span class='ocrx_word' id='word_1_621' title='bbox 3662 4096 3785 4140; x_wconf 91' lang='lat' dir='ltr'><strong>non</strong></span> 
     </span>
    </p>
   </div>
   <div class='ocr_carea' id='block_1_81' title="bbox 2124 4160 3785 4246">
    <p class='ocr_par' dir='ltr' id='par_1_81' title="bbox 2124 4160 3785 4246">
     <span class='ocr_line' id='line_1_81' title="bbox 2124 4160 3785 4246; baseline 0.004 -23"><span class='ocrx_word' id='word_1_622' title='bbox 2124 4160 2449 4224; x_wconf 86' lang='lat' dir='ltr'><strong>obscurum</strong></span> <span class='ocrx_word' id='word_1_623' title='bbox 2472 4163 2605 4237; x_wconf 88' lang='lat' dir='ltr'><strong>erit,</strong></span> <span class='ocrx_word' id='word_1_624' title='bbox 2634 4182 2754 4241; x_wconf 91' lang='lat' dir='ltr'><strong>quo</strong></span> <span class='ocrx_word' id='word_1_625' title='bbox 2787 4164 2920 4226; x_wconf 94' lang='lat' dir='ltr'><strong>loco</strong></span> <span class='ocrx_word' id='word_1_626' title='bbox 2942 4171 3117 4246; x_wconf 89' lang='lat' dir='ltr'><strong>atque</strong></span> <span class='ocrx_word' id='word_1_627' title='bbox 3149 4165 3361 4228; x_wconf 89' lang='lat' dir='ltr'><strong>ordine</strong></span> <span class='ocrx_word' id='word_1_628' title='bbox 3384 4165 3469 4244; x_wconf 92' lang='lat' dir='ltr'><strong>id,</strong></span> <span class='ocrx_word' id='word_1_629' title='bbox 3493 4166 3653 4246; x_wconf 90' lang='lat' dir='ltr'><strong>quod</strong></span> <span class='ocrx_word' id='word_1_630' title='bbox 3686 4186 3785 4229; x_wconf 85' lang='lat' dir='ltr'><strong>ex-</strong></span> 
     </span>
    </p>
   </div>
   <div class='ocr_carea' id='block_1_82' title="bbox 2124 4250 3783 4341">
    <p class='ocr_par' dir='ltr' id='par_1_82' title="bbox 2124 4250 3783 4341">
     <span class='ocr_line' id='line_1_82' title="bbox 2124 4250 3783 4341; baseline 0.005 -29"><span class='ocrx_word' id='word_1_631' title='bbox 2124 4250 2405 4333; x_wconf 90' lang='lat' dir='ltr'><strong>quiriiur,</strong></span> <span class='ocrx_word' id='word_1_632' title='bbox 2432 4252 2691 4333; x_wconf 91' lang='lat' dir='ltr'><strong>ponetis.</strong></span> <span class='ocrx_word' id='word_1_633' title='bbox 2717 4252 2803 4316; x_wconf 90' lang='lat' dir='ltr'><strong>Ac</strong></span> <span class='ocrx_word' id='word_1_634' title='bbox 2830 4255 3086 4335; x_wconf 80' lang='lat' dir='ltr'><strong>syllabas</strong></span> <span class='ocrx_word' id='word_1_635' title='bbox 3116 4255 3370 4319; x_wconf 88' lang='lat' dir='ltr'><strong>moleste</strong></span> <span class='ocrx_word' id='word_1_636' title='bbox 3391 4257 3580 4334; x_wconf 88' lang='lat' dir='ltr'><strong>fertis,</strong></span> <span class='ocrx_word' id='word_1_637' title='bbox 3604 4265 3783 4341; x_wconf 87' lang='lat' dir='ltr'><strong>atque</strong></span> 
     </span>
    </p>
   </div>
   <div class='ocr_carea' id='block_1_83' title="bbox 2122 4341 3780 4430">
    <p class='ocr_par' dir='ltr' id='par_1_83' title="bbox 2122 4341 3780 4430">
     <span class='ocr_line' id='line_1_83' title="bbox 2122 4341 3780 4430; baseline 0.004 -27"><span class='ocrx_word' id='word_1_638' title='bbox 2122 4343 2193 4405; x_wconf 91' lang='lat' dir='ltr'><strong>ad</strong></span> <span class='ocrx_word' id='word_1_639' title='bbox 2220 4361 2424 4406; x_wconf 91' lang='lat' dir='ltr'><strong>vocem</strong></span> <span class='ocrx_word' id='word_1_640' title='bbox 2449 4341 2807 4423; x_wconf 84' lang='lat' dir='ltr'><strong>impingitis,</strong></span> <span class='ocrx_word' id='word_1_641' title='bbox 2833 4343 3106 4425; x_wconf 87' lang='lat' dir='ltr'><strong>lapisque</strong></span> <span class='ocrx_word' id='word_1_642' title='bbox 3136 4345 3488 4409; x_wconf 73' lang='lat' dir='ltr'><strong>offensionis</strong></span> <span class='ocrx_word' id='word_1_643' title='bbox 3520 4355 3579 4411; x_wconf 89' lang='lat' dir='ltr'><strong>et</strong></span> <span class='ocrx_word' id='word_1_644' title='bbox 3609 4358 3780 4430; x_wconf 91' lang='lat' dir='ltr'><strong>petra</strong></span> 
     </span>
    </p>
   </div>
   <div class='ocr_carea' id='block_1_84' title="bbox 381 4432 2039 4520">
    <p class='ocr_par' dir='ltr' id='par_1_84' title="bbox 381 4434 2034 4520">
     <span class='ocr_line' id='line_1_84' title="bbox 381 4434 2034 4520; baseline -0.006 -19"><span class='ocrx_word' id='word_1_645' title='bbox 381 4436 500 4514; x_wconf 83' lang='grc' dir='ltr'>λον,</span> <span class='ocrx_word' id='word_1_646' title='bbox 560 4438 594 4508; x_wconf 79' lang='grc' dir='ltr'><strong>ἤ</strong></span> <span class='ocrx_word' id='word_1_647' title='bbox 624 4439 887 4520; x_wconf 76' lang='grc' dir='ltr'>φίλαυτοι.</span> <span class='ocrx_word' id='word_1_648' title='bbox 927 4440 1059 4498; x_wconf 89' lang='grc' dir='ltr'>Δότε</span> <span class='ocrx_word' id='word_1_649' title='bbox 1110 4441 1211 4510; x_wconf 75' lang='grc' dir='ltr'>τὴν</span> <span class='ocrx_word' id='word_1_650' title='bbox 1260 4438 1478 4517; x_wconf 83' lang='grc' dir='ltr'>δύναμιν</span> <span class='ocrx_word' id='word_1_651' title='bbox 1506 4443 1605 4506; x_wconf 81' lang='grc' dir='ltr'>τῆς</span> <span class='ocrx_word' id='word_1_652' title='bbox 1634 4435 1910 4515; x_wconf 81' lang='grc' dir='ltr'>θεότητος,</span> <span class='ocrx_word' id='word_1_653' title='bbox 1944 4434 2034 4491; x_wconf 88' lang='grc' dir='ltr'><strong>καὶ</strong></span> 
     </span>
    </p>
   </div>
   <div class='ocr_carea' id='block_1_85' title="bbox 2135 4432 3779 4520">
    <p class='ocr_par' dir='ltr' id='par_1_85' title="bbox 2135 4432 3779 4515">
     <span class='ocr_line' id='line_1_85' title="bbox 2135 4432 3779 4515; baseline 0.004 -21"><span class='ocrx_word' id='word_1_654' title='bbox 2135 4432 2384 4495; x_wconf 77' lang='lat' dir='ltr'><strong>scandali</strong></span> <span class='ocrx_word' id='word_1_655' title='bbox 2422 4433 2535 4495; x_wconf 92' lang='lat' dir='ltr'><strong>hoc</strong></span> <span class='ocrx_word' id='word_1_656' title='bbox 2588 4432 2753 4495; x_wconf 91' lang='lat' dir='ltr'><strong>vobis</strong></span> <span class='ocrx_word' id='word_1_657' title='bbox 2798 4433 3060 4497; x_wconf 84' lang='lat' dir='ltr'><strong>efficitur</strong></span> <span class='ocrx_word' id='word_1_658' title='bbox 3104 4434 3192 4511; x_wconf 80' lang='grc'><strong>66,</strong></span> <span class='ocrx_word' id='word_1_659' title='bbox 3222 4455 3334 4499; x_wconf 89' lang='lat' dir='ltr'><strong>nec</strong></span> <span class='ocrx_word' id='word_1_660' title='bbox 3367 4438 3610 4515; x_wconf 89' lang='lat' dir='ltr'><strong>mirum,</strong></span> <span class='ocrx_word' id='word_1_661' title='bbox 3643 4457 3779 4501; x_wconf 90' lang='lat' dir='ltr'><strong>cum</strong></span> 
     </span>
    </p>
   </div>
   <div class='ocr_carea' id='block_1_86' title="bbox 378 4526 2031 4613">
    <p class='ocr_par' dir='ltr' id='par_1_86' title="bbox 378 4526 2031 4613">
     <span class='ocr_line' id='line_1_86' title="bbox 378 4526 2031 4613; baseline -0.004 -27"><span class='ocrx_word' id='word_1_662' title='bbox 378 4528 617 4605; x_wconf 78' lang='grc' dir='ltr'>δώσομεν</span> <span class='ocrx_word' id='word_1_663' title='bbox 674 4532 804 4608; x_wconf 85' lang='grc' dir='ltr'>ὑμῖν</span> <span class='ocrx_word' id='word_1_664' title='bbox 1034 4536 1134 4599; x_wconf 77' lang='grc' dir='ltr'>τῆς</span> <span class='ocrx_word' id='word_1_665' title='bbox 1164 4531 1345 4611; x_wconf 74' lang='grc' dir='ltr'>φωνῆς</span> <span class='ocrx_word' id='word_1_666' title='bbox 1377 4538 1476 4598; x_wconf 78' lang='grc' dir='ltr'>τὴν</span> <span class='ocrx_word' id='word_1_667' title='bbox 1508 4527 1876 4610; x_wconf 58' lang='grc' dir='ltr'>συγχώρησιν</span> <span class='ocrx_word' id='word_1_668' title='bbox 1906 4526 2031 4601; x_wconf 82' lang='grc' dir='ltr'>ὁμο-</span> 
     </span>
    </p>
   </div>
   <div class='ocr_carea' id='block_1_87' title="bbox 454 4634 1423 4719">
    <p class='ocr_par' dir='ltr' id='par_1_87' title="bbox 454 4634 1423 4719">
     <span class='ocr_line' id='line_1_87' title="bbox 454 4634 1423 4719; baseline 0.001 -19"><span class='ocrx_word' id='word_1_669' title='bbox 454 4634 667 4700; x_wconf 73' lang='lat' dir='ltr'><strong>601sa.</strong></span> <span class='ocrx_word' id='word_1_670' title='bbox 702 4653 825 4715; x_wconf 75' lang='lat' dir='ltr'><strong>vni,</strong></span> <span class='ocrx_word' id='word_1_671' title='bbox 860 4639 963 4719; x_wconf 61' lang='lat' dir='ltr'><strong>lt;</strong></span> <span class='ocrx_word' id='word_1_672' title='bbox 995 4638 1174 4702; x_wconf 80' lang='lat' dir='ltr'><strong>Rom.</strong></span> <span class='ocrx_word' id='word_1_673' title='bbox 1207 4654 1288 4715; x_wconf 77' lang='lat' dir='ltr'><strong>rx,</strong></span> <span class='ocrx_word' id='word_1_674' title='bbox 1324 4636 1423 4701; x_wconf 89' lang='lat'><strong>33.</strong></span> 
     </span>
    </p>
   </div>
   <div class='ocr_carea' id='block_1_88' title="bbox 453 4741 1844 4825">
    <p class='ocr_par' dir='ltr' id='par_1_88' title="bbox 453 4741 1844 4825">
     <span class='ocr_line' id='line_1_88' title="bbox 453 4741 1844 4825; baseline -0.004 -17"><span class='ocrx_word' id='word_1_675' title='bbox 453 4743 585 4825; x_wconf 75' lang='lat'><strong>(35)</strong></span> <span class='ocrx_word' id='word_1_676' title='bbox 620 4744 741 4825; x_wconf 71' lang='grc' dir='ltr'><strong>Ἐφ’</strong></span> <span class='ocrx_word' id='word_1_677' title='bbox 770 4746 880 4810; x_wconf 78' lang='grc' dir='ltr'>οὕς.</span> <span class='ocrx_word' id='word_1_678' title='bbox 915 4743 1063 4822; x_wconf 82' lang='lat' dir='ltr'><strong>Reg.</strong></span> <span class='ocrx_word' id='word_1_679' title='bbox 1096 4745 1159 4809; x_wconf 92' lang='lat' dir='ltr'><strong>d.</strong></span> <span class='ocrx_word' id='word_1_680' title='bbox 1193 4744 1265 4807; x_wconf 89' lang='lat' dir='ltr'><strong>ad</strong></span> <span class='ocrx_word' id='word_1_681' title='bbox 1301 4762 1517 4824; x_wconf 88' lang='lat' dir='ltr'><strong>marg.,</strong></span> <span class='ocrx_word' id='word_1_682' title='bbox 1550 4741 1633 4824; x_wconf 79' lang='grc' dir='ltr'><strong>ἐφ’</strong></span> <span class='ocrx_word' id='word_1_683' title='bbox 1668 4742 1844 4809; x_wconf 76' lang='grc' dir='ltr'>ὅσους.</span> 
     </span>
    </p>
   </div>
   <div class='ocr_carea' id='block_1_89' title="bbox 453 4756 2036 4907">
    <p class='ocr_par' dir='ltr' id='par_1_89' title="bbox 453 4756 2036 4907">
     <span class='ocr_line' id='line_1_89' title="bbox 453 4756 1844 4825; baseline -0.004 -17"><span class='ocrx_word' id='word_1_684' title='bbox 453 4756 561 4822; x_wconf 80' lang='grc'><strong>(35</strong></span> <span class='ocrx_word' id='word_1_685' title='bbox 622 4756 740 4825; x_wconf 80' lang='grc' dir='ltr'><strong>Ἐφ’</strong></span> <span class='ocrx_word' id='word_1_686' title='bbox 770 4756 880 4810; x_wconf 81' lang='grc' dir='ltr'>οὓς.</span> <span class='ocrx_word' id='word_1_687' title='bbox 915 4756 1063 4822; x_wconf 81' lang='lat' dir='ltr'><strong>tteg.</strong></span> <span class='ocrx_word' id='word_1_688' title='bbox 1096 4756 1159 4809; x_wconf 85' lang='lat' dir='ltr'><strong>tl.</strong></span> <span class='ocrx_word' id='word_1_689' title='bbox 1193 4756 1265 4807; x_wconf 90' lang='lat' dir='ltr'><strong>ad</strong></span> <span class='ocrx_word' id='word_1_690' title='bbox 1301 4762 1517 4824; x_wconf 88' lang='lat' dir='ltr'><strong>marg.,</strong></span> <span class='ocrx_word' id='word_1_691' title='bbox 1550 4756 1631 4824; x_wconf 73' lang='grc' dir='ltr'><strong>ἐφ’</strong></span> <span class='ocrx_word' id='word_1_692' title='bbox 1668 4756 1844 4809; x_wconf 75' lang='grc' dir='ltr'>ὅσους.</span> 
     </span>
     <span class='ocr_line' id='line_1_90' title="bbox 453 4756 2036 4907; baseline -0.001 -20"><span class='ocrx_word' id='word_1_693' title='bbox 453 4756 585 4907; x_wconf 57' lang='grc' dir='ltr'><strong>(θεέ</strong></span> <span class='ocrx_word' id='word_1_694' title='bbox 622 4829 768 4901; x_wconf 86' lang='grc' dir='ltr'>Περί.</span> <span class='ocrx_word' id='word_1_695' title='bbox 802 4824 902 4890; x_wconf 88' lang='lat' dir='ltr'><strong>Sic</strong></span> <span class='ocrx_word' id='word_1_696' title='bbox 935 4825 1207 4907; x_wconf 91' lang='lat' dir='ltr'><strong>plerique</strong></span> <span class='ocrx_word' id='word_1_697' title='bbox 1238 4825 1505 4907; x_wconf 87' lang='lat' dir='ltr'><strong>melioris</strong></span> <span class='ocrx_word' id='word_1_698' title='bbox 1556 4831 1713 4907; x_wconf 77' lang='lat' dir='ltr'><strong>notae</strong></span> <span class='ocrx_word' id='word_1_699' title='bbox 1753 4822 1933 4907; x_wconf 66' lang='lat' dir='ltr'><strong>codd,</strong></span> <span class='ocrx_word' id='word_1_700' title='bbox 1969 4826 2036 4888; x_wconf 88' lang='lat' dir='ltr'><strong>In</strong></span> 
     </span>
    </p>
   </div>
   <div class='ocr_carea' id='block_1_90' title="bbox 376 4904 2034 4989">
    <p class='ocr_par' dir='ltr' id='par_1_90' title="bbox 376 4904 2034 4989">
     <span class='ocr_line' id='line_1_91' title="bbox 376 4904 2034 4989; baseline -0.001 -20"><span class='ocrx_word' id='word_1_701' title='bbox 376 4906 508 4969; x_wconf 86' lang='lat' dir='ltr'><strong>Par.</strong></span> <span class='ocrx_word' id='word_1_702' title='bbox 544 4904 668 4989; x_wconf 43' lang='lat' dir='ltr'><strong>ed”</strong></span> <span class='ocrx_word' id='word_1_703' title='bbox 698 4908 865 4989; x_wconf 66' lang='grc' dir='ltr'>παρέ.</span> <span class='ocrx_word' id='word_1_704' title='bbox 905 4904 1068 4989; x_wconf 60' lang='lat' dir='ltr'><strong>(Sic</strong></span> <span class='ocrx_word' id='word_1_705' title='bbox 1097 4904 1231 4988; x_wconf 78' lang='lat' dir='ltr'><strong>nos,</strong></span> <span class='ocrx_word' id='word_1_706' title='bbox 1268 4906 1493 4988; x_wconf 89' lang='lat' dir='ltr'><strong>Spiritu</strong></span> <span class='ocrx_word' id='word_1_707' title='bbox 1515 4904 2034 4986; x_wconf 86' lang='lat' dir='ltr'><strong>afflatl,etcogita-</strong></span> 
     </span>
    </p>
   </div>
   <div class='ocr_carea' id='block_1_91' title="bbox 375 4987 1005 5069">
    <p class='ocr_par' dir='ltr' id='par_1_91' title="bbox 375 4987 1005 5069">
     <span class='ocr_line' id='line_1_92' title="bbox 375 4987 1005 5069; baseline 0.006 -21"><span class='ocrx_word' id='word_1_708' title='bbox 375 5004 508 5069; x_wconf 78' lang='lat' dir='ltr'><strong>mus</strong></span> <span class='ocrx_word' id='word_1_709' title='bbox 536 4995 594 5069; x_wconf 88' lang='lat' dir='ltr'><strong>et</strong></span> <span class='ocrx_word' id='word_1_710' title='bbox 621 4987 943 5069; x_wconf 89' lang='lat' dir='ltr'><strong>loquimur.</strong></span> <span class='ocrx_word' id='word_1_711' title='bbox 978 5012 1005 5043; x_wconf 75' lang='grc' dir='ltr'><strong>ιι</strong></span> 
     </span>
    </p>
   </div>
   <div class='ocr_carea' id='block_1_92' title="bbox 457 5066 2028 5160">
    <p class='ocr_par' dir='ltr' id='par_1_92' title="bbox 457 5066 2028 5160">
     <span class='ocr_line' id='line_1_93' title="bbox 457 5066 2028 5160; baseline -0.004 -30"><span class='ocrx_word' id='word_1_712' title='bbox 646 5066 1005 5160; x_wconf 36' lang='lat' dir='ltr'><strong>uicerim,</strong></span> <span class='ocrx_word' id='word_1_713' title='bbox 1067 5068 1133 5160; x_wconf 74' lang='lat' dir='ltr'><strong>I_t_1</strong></span> <span class='ocrx_word' id='word_1_714' title='bbox 1183 5067 1512 5160; x_wconf 75' lang='lat' dir='ltr'><strong>nonnullis,</strong></span> <span class='ocrx_word' id='word_1_715' title='bbox 1556 5066 2028 5160; x_wconf 49' lang='lat' dir='ltr'><strong>_xu:u6u)t)tovuc.</strong></span> 
     </span>
    </p>
   </div>
   <div class='ocr_carea' id='block_1_93' title="bbox 373 5146 2029 5229">
    <p class='ocr_par' dir='ltr' id='par_1_93' title="bbox 373 5146 2029 5229">
     <span class='ocr_line' id='line_1_94' title="bbox 373 5146 2029 5229; baseline 0.001 -20"><span class='ocrx_word' id='word_1_716' title='bbox 373 5146 457 5229; x_wconf 82' lang='lat' dir='ltr'><strong>Ita</strong></span> <span class='ocrx_word' id='word_1_717' title='bbox 488 5146 632 5212; x_wconf 81' lang='lat' dir='ltr'><strong>olim</strong></span> <span class='ocrx_word' id='word_1_718' title='bbox 655 5146 964 5228; x_wconf 85' lang='lat' dir='ltr'><strong>legebatur</strong></span> <span class='ocrx_word' id='word_1_719' title='bbox 992 5150 1051 5212; x_wconf 91' lang='lat' dir='ltr'><strong>in</strong></span> <span class='ocrx_word' id='word_1_720' title='bbox 1080 5150 1266 5229; x_wconf 82' lang='lat' dir='ltr'><strong>Regg.</strong></span> <span class='ocrx_word' id='word_1_721' title='bbox 1303 5149 1403 5212; x_wconf 92' lang='lat' dir='ltr'><strong>bm</strong></span> <span class='ocrx_word' id='word_1_722' title='bbox 1427 5146 1616 5229; x_wconf 54' lang='lat' dir='ltr'><strong>et&#39;ph.</strong></span> <span class='ocrx_word' id='word_1_723' title='bbox 1653 5150 1770 5213; x_wconf 90' lang='lat' dir='ltr'><strong>Sed</strong></span> <span class='ocrx_word' id='word_1_724' title='bbox 1844 5167 2029 5224; x_wconf 89' lang='lat' dir='ltr'><strong>nunc,</strong></span> 
     </span>
    </p>
   </div>
   <div class='ocr_carea' id='block_1_94' title="bbox 370 5228 1203 5311">
    <p class='ocr_par' dir='ltr' id='par_1_94' title="bbox 370 5228 1203 5311">
     <span class='ocr_line' id='line_1_95' title="bbox 370 5228 1203 5311; baseline 0.006 -21"><span class='ocrx_word' id='word_1_725' title='bbox 370 5228 557 5311; x_wconf 81' lang='lat' dir='ltr'><strong>altera</strong></span> <span class='ocrx_word' id='word_1_726' title='bbox 587 5247 795 5311; x_wconf 81' lang='lat' dir='ltr'><strong>manu,</strong></span> <span class='ocrx_word' id='word_1_727' title='bbox 830 5231 972 5292; x_wconf 88' lang='lat' dir='ltr'><strong>utin</strong></span> <span class='ocrx_word' id='word_1_728' title='bbox 1005 5228 1203 5295; x_wconf 60' lang='lat' dir='ltr'><strong>editis;</strong></span> 
     </span>
    </p>
   </div>
   <div class='ocr_carea' id='block_1_95' title="bbox 449 5309 2024 5395">
    <p class='ocr_par' dir='ltr' id='par_1_95' title="bbox 449 5309 2024 5395">
     <span class='ocr_line' id='line_1_96' title="bbox 449 5309 2024 5395; baseline -0.011 -9"><span class='ocrx_word' id='word_1_729' title='bbox 449 5310 580 5395; x_wconf 80' lang='grc'><strong>(38)</strong></span> <span class='ocrx_word' id='word_1_730' title='bbox 610 5309 753 5368; x_wconf 83' lang='grc' dir='ltr'>Γάλα</span> <span class='ocrx_word' id='word_1_731' title='bbox 782 5309 1177 5388; x_wconf 67' lang='grc' dir='ltr'>ποτιζομένοις.</span> <span class='ocrx_word' id='word_1_732' title='bbox 1230 5312 1297 5376; x_wconf 85' lang='lat' dir='ltr'><strong>In</strong></span> <span class='ocrx_word' id='word_1_733' title='bbox 1331 5312 1715 5395; x_wconf 85' lang='lat' dir='ltr'><strong>quibusdam,</strong></span> <span class='ocrx_word' id='word_1_734' title='bbox 1760 5312 2024 5390; x_wconf 77' lang='grc' dir='ltr'>γαλακτι-</span> 
     </span>
    </p>
   </div>
   <div class='ocr_carea' id='block_1_96' title="bbox 362 5394 634 5465">
    <p class='ocr_par' dir='ltr' id='par_1_96' title="bbox 362 5394 634 5465">
     <span class='ocr_line' id='line_1_97' title="bbox 362 5394 634 5465; baseline -0.004 -14"><span class='ocrx_word' id='word_1_735' title='bbox 362 5394 634 5465; x_wconf 81' lang='grc' dir='ltr'>ζομὲνοις.</span> 
     </span>
    </p>
   </div>
   <div class='ocr_carea' id='block_1_97' title="bbox 428 5418 2023 5556">
    <p class='ocr_par' dir='ltr' id='par_1_97' title="bbox 428 5418 2023 5556">
     <span class='ocr_line' id='line_1_98' title="bbox 428 5418 2023 5556; baseline -0.002 -20"><span class='ocrx_word' id='word_1_736' title='bbox 428 5418 877 5554; x_wconf 48' lang='grc' dir='ltr'>ῐῖἕξῒῖίροάγειν.</span> <span class='ocrx_word' id='word_1_737' title='bbox 952 5472 1053 5537; x_wconf 92' lang='lat' dir='ltr'><strong>Sic</strong></span> <span class='ocrx_word' id='word_1_738' title='bbox 1086 5494 1298 5556; x_wconf 91' lang='lat' dir='ltr'><strong>magno</strong></span> <span class='ocrx_word' id='word_1_739' title='bbox 1330 5491 1627 5538; x_wconf 85' lang='lat' dir='ltr'><strong>consensu</strong></span> <span class='ocrx_word' id='word_1_740' title='bbox 1654 5470 1921 5536; x_wconf 89' lang='lat' dir='ltr'><strong>codices.</strong></span> <span class='ocrx_word' id='word_1_741' title='bbox 1954 5471 2023 5534; x_wconf 87' lang='lat' dir='ltr'><strong>In</strong></span> 
     </span>
    </p>
   </div>
   <div class='ocr_carea' id='block_1_98' title="bbox 358 5553 826 5635">
    <p class='ocr_par' dir='ltr' id='par_1_98' title="bbox 358 5553 826 5635">
     <span class='ocr_line' id='line_1_99' title="bbox 358 5553 826 5635; baseline -0.013 -19"><span class='ocrx_word' id='word_1_742' title='bbox 358 5553 488 5629; x_wconf 89' lang='lat' dir='ltr'><strong>ed.,</strong></span> <span class='ocrx_word' id='word_1_743' title='bbox 513 5553 826 5635; x_wconf 79' lang='grc' dir='ltr'>προσὰγειν,</span> 
     </span>
    </p>
   </div>
   <div class='ocr_carea' id='block_1_99' title="bbox 463 5634 2019 5719">
    <p class='ocr_par' dir='ltr' id='par_1_99' title="bbox 463 5634 2019 5719">
     <span class='ocr_line' id='line_1_100' title="bbox 463 5634 2019 5719; baseline -0.006 -14"><span class='ocrx_word' id='word_1_744' title='bbox 463 5634 567 5719; x_wconf 59' lang='grc'><strong>40(</strong></span> <span class='ocrx_word' id='word_1_745' title='bbox 597 5634 937 5719; x_wconf 58' lang='grc' dir='ltr'>Τέᾈεώτεροχ</span> <span class='ocrx_word' id='word_1_746' title='bbox 984 5636 1139 5705; x_wconf 81' lang='grc' dir='ltr'>τέως.</span> <span class='ocrx_word' id='word_1_747' title='bbox 1200 5636 1302 5702; x_wconf 90' lang='lat' dir='ltr'><strong>Sic</strong></span> <span class='ocrx_word' id='word_1_748' title='bbox 1349 5636 1860 5719; x_wconf 9' lang='lat' dir='ltr'><strong>quinquerltegg”</strong></span> <span class='ocrx_word' id='word_1_749' title='bbox 1913 5652 2019 5698; x_wconf 80' lang='lat' dir='ltr'><strong>sex</strong></span> 
     </span>
    </p>
   </div>
   <div class='ocr_carea' id='block_1_100' title="bbox 367 5712 1710 5795">
    <p class='ocr_par' dir='ltr' id='par_1_100' title="bbox 367 5712 1710 5795">
     <span class='ocr_line' id='line_1_101' title="bbox 367 5712 1710 5795; baseline 0.005 -17"><span class='ocrx_word' id='word_1_750' title='bbox 367 5712 563 5795; x_wconf 86' lang='lat' dir='ltr'><strong>Colb.,</strong></span> <span class='ocrx_word' id='word_1_751' title='bbox 595 5712 700 5780; x_wconf 79' lang='lat' dir='ltr'><strong>Or&#39;.</strong></span> <span class='ocrx_word' id='word_1_752' title='bbox 738 5719 765 5781; x_wconf 88' lang='grc'><strong>1</strong></span> <span class='ocrx_word' id='word_1_753' title='bbox 819 5712 880 5781; x_wconf 80' lang='lat' dir='ltr'><strong>et</strong></span> <span class='ocrx_word' id='word_1_754' title='bbox 902 5716 1070 5781; x_wconf 85' lang='lat' dir='ltr'><strong>Pass.</strong></span> <span class='ocrx_word' id='word_1_755' title='bbox 1107 5720 1286 5784; x_wconf 85' lang='lat' dir='ltr'><strong>Deest</strong></span> <span class='ocrx_word' id='word_1_756' title='bbox 1311 5712 1445 5785; x_wconf 60' lang='lat' dir='ltr'><strong>silc:</strong></span> <span class='ocrx_word' id='word_1_757' title='bbox 1470 5712 1535 5783; x_wconf 76' lang='lat' dir='ltr'><strong>in</strong></span> <span class='ocrx_word' id='word_1_758' title='bbox 1565 5717 1710 5785; x_wconf 87' lang='lat' dir='ltr'><strong>edit.</strong></span> 
     </span>
    </p>
   </div>
   <div class='ocr_carea' id='block_1_101' title="bbox 2114 4521 3778 4605">
    <p class='ocr_par' dir='ltr' id='par_1_101' title="bbox 2114 4521 3778 4605">
     <span class='ocr_line' id='line_1_102' title="bbox 2114 4521 3778 4605; baseline 0.003 -18"><span class='ocrx_word' id='word_1_759' title='bbox 2114 4521 2387 4587; x_wconf 87' lang='lat' dir='ltr'><strong>Christus</strong></span> <span class='ocrx_word' id='word_1_760' title='bbox 2405 4541 2641 4605; x_wconf 83' lang='lat' dir='ltr'><strong>quoque</strong></span> <span class='ocrx_word' id='word_1_761' title='bbox 2656 4525 2959 4589; x_wconf 90' lang='lat' dir='ltr'><strong>nonnullis</strong></span> <span class='ocrx_word' id='word_1_762' title='bbox 2973 4526 3255 4589; x_wconf 79' lang='lat' dir='ltr'><strong>seandalo</strong></span> <span class='ocrx_word' id='word_1_763' title='bbox 3267 4526 3778 4592; x_wconf 69' lang='lat' dir='ltr'><strong>fueritllumanus</strong></span> 
     </span>
    </p>
   </div>
   <div class='ocr_carea' id='block_1_102' title="bbox 2122 4733 3769 4885">
    <p class='ocr_par' dir='ltr' id='par_1_102' title="bbox 2122 4733 3769 4885">
     <span class='ocr_line' id='line_1_103' title="bbox 2122 4733 3769 4885; baseline -0.043 0"><span class='ocrx_word' id='word_1_764' title='bbox 2122 4822 2189 4885; x_wconf 90' lang='lat' dir='ltr'><strong>In</strong></span> <span class='ocrx_word' id='word_1_765' title='bbox 2204 4741 2323 4884; x_wconf 51' lang='grc' dir='ltr'>(ξιξ)</span> <span class='ocrx_word' id='word_1_766' title='bbox 2352 4733 2550 4885; x_wconf 30' lang='grc' dir='ltr'><strong>(ἓξὲξ</strong></span> <span class='ocrx_word' id='word_1_767' title='bbox 2586 4741 2685 4807; x_wconf 61' lang='lat' dir='ltr'><strong>Sic</strong></span> <span class='ocrx_word' id='word_1_768' title='bbox 2716 4743 2975 4809; x_wconf 53' lang='lat' dir='ltr'><strong>metas“</strong></span> <span class='ocrx_word' id='word_1_769' title='bbox 3010 4744 3110 4809; x_wconf 58' lang='lat' dir='ltr'><strong>Si”</strong></span> <span class='ocrx_word' id='word_1_770' title='bbox 3142 4745 3318 4811; x_wconf 63' lang='lat' dir='ltr'><strong>“iam</strong></span> <span class='ocrx_word' id='word_1_771' title='bbox 3349 4746 3492 4829; x_wconf 75' lang='lat' dir='ltr'><strong>legit</strong></span> <span class='ocrx_word' id='word_1_772' title='bbox 3539 4748 3769 4815; x_wconf 80' lang='lat' dir='ltr'><strong>Billius.</strong></span> 
     </span>
    </p>
   </div>
   <div class='ocr_carea' id='block_1_103' title="bbox 2150 4832 2541 4900">
    <p class='ocr_par' dir='ltr' id='par_1_103' title="bbox 2150 4832 2541 4900">
     <span class='ocr_line' id='line_1_104' title="bbox 2150 4832 2541 4900; baseline 0.015 -17"><span class='ocrx_word' id='word_1_773' title='bbox 2150 4840 2189 4883; x_wconf 95' lang='lat' dir='ltr'><strong>n</strong></span> <span class='ocrx_word' id='word_1_774' title='bbox 2222 4832 2348 4900; x_wconf 57' lang='grc' dir='ltr'>εει,</span> <span class='ocrx_word' id='word_1_775' title='bbox 2380 4832 2541 4900; x_wconf 78' lang='grc' dir='ltr'>ὑμᾶς.</span> 
     </span>
    </p>
   </div>
   <div class='ocr_carea' id='block_1_104' title="bbox 2198 4872 3773 4993">
    <p class='ocr_par' dir='ltr' id='par_1_104' title="bbox 2198 4872 3773 4993">
     <span class='ocr_line' id='line_1_105' title="bbox 2198 4872 3773 4993; baseline 0.005 -26"><span class='ocrx_word' id='word_1_776' title='bbox 2198 4872 2856 4993; x_wconf 48' lang='grc' dir='ltr'><strong>(ἧδ’ἐξᾶξκσκέψομαι.</strong></span> <span class='ocrx_word' id='word_1_777' title='bbox 2912 4908 3010 4971; x_wconf 90' lang='lat' dir='ltr'><strong>Sic</strong></span> <span class='ocrx_word' id='word_1_778' title='bbox 3058 4908 3245 4991; x_wconf 87' lang='lat' dir='ltr'><strong>Regg.</strong></span> <span class='ocrx_word' id='word_1_779' title='bbox 3273 4910 3435 4993; x_wconf 86' lang='lat' dir='ltr'><strong>_hm,</strong></span> <span class='ocrx_word' id='word_1_780' title='bbox 3489 4911 3594 4991; x_wconf 87' lang='lat' dir='ltr'><strong>ph,</strong></span> <span class='ocrx_word' id='word_1_781' title='bbox 3656 4914 3773 4975; x_wconf 87' lang='lat' dir='ltr'><strong>Sa-</strong></span> 
     </span>
    </p>
   </div>
   <div class='ocr_carea' id='block_1_105' title="bbox 2112 4982 3766 5068">
    <p class='ocr_par' dir='ltr' id='par_1_105' title="bbox 2112 4982 3766 5068">
     <span class='ocr_line' id='line_1_106' title="bbox 2112 4982 3766 5068; baseline 0.006 -24"><span class='ocrx_word' id='word_1_782' title='bbox 2112 4982 2240 5068; x_wconf 70' lang='lat' dir='ltr'><strong>vil.,</strong></span> <span class='ocrx_word' id='word_1_783' title='bbox 2277 4992 2390 5047; x_wconf 88' lang='lat' dir='ltr'><strong>etc.</strong></span> <span class='ocrx_word' id='word_1_784' title='bbox 2426 4982 3218 5068; x_wconf 16' lang='grc' dir='ltr'>ηοῐῐὶδηήσυνδιασκεψόμεθᾶῗ</span> <span class='ocrx_word' id='word_1_785' title='bbox 3270 4991 3337 5053; x_wconf 84' lang='lat' dir='ltr'><strong>In</strong></span> <span class='ocrx_word' id='word_1_786' title='bbox 3367 4982 3506 5068; x_wconf 53' lang='lat' dir='ltr'><strong>ed.,&#39;</strong></span> <span class='ocrx_word' id='word_1_787' title='bbox 3553 4982 3766 5054; x_wconf 64' lang='grc' dir='ltr'>συνδια-</span> 
     </span>
    </p>
   </div>
   <div class='ocr_carea' id='block_1_106' title="bbox 2113 5064 2771 5140">
    <p class='ocr_par' dir='ltr' id='par_1_106' title="bbox 2113 5064 2771 5140">
     <span class='ocr_line' id='line_1_107' title="bbox 2113 5064 2771 5140; baseline 0.008 -19"><span class='ocrx_word' id='word_1_788' title='bbox 2113 5064 2422 5140; x_wconf 77' lang='grc' dir='ltr'>σκέψωμαι.</span> <span class='ocrx_word' id='word_1_789' title='bbox 2762 5080 2771 5087; x_wconf 71' lang='lat'><strong>‘</strong></span> 
     </span>
    </p>
   </div>
   <div class='ocr_carea' id='block_1_107' title="bbox 2200 5145 3762 5228">
    <p class='ocr_par' dir='ltr' id='par_1_107' title="bbox 2200 5145 3762 5228">
     <span class='ocr_line' id='line_1_108' title="bbox 2200 5145 3762 5228; baseline 0.004 -19"><span class='ocrx_word' id='word_1_790' title='bbox 2200 5145 2324 5226; x_wconf 80' lang='lat'><strong>(43)</strong></span> <span class='ocrx_word' id='word_1_791' title='bbox 2358 5155 2466 5217; x_wconf 81' lang='grc' dir='ltr'><strong>Τῆς</strong></span> <span class='ocrx_word' id='word_1_792' title='bbox 2495 5147 2752 5217; x_wconf 79' lang='grc' dir='ltr'>δουλείας.</span> <span class='ocrx_word' id='word_1_793' title='bbox 2827 5153 3009 5215; x_wconf 90' lang='lat' dir='ltr'><strong>Deest</strong></span> <span class='ocrx_word' id='word_1_794' title='bbox 3036 5159 3155 5228; x_wconf 77' lang='grc' dir='ltr'>τῆς,</span> <span class='ocrx_word' id='word_1_795' title='bbox 3189 5152 3344 5215; x_wconf 90' lang='lat' dir='ltr'><strong>sicut</strong></span> <span class='ocrx_word' id='word_1_796' title='bbox 3375 5161 3433 5216; x_wconf 92' lang='lat' dir='ltr'><strong>et</strong></span> <span class='ocrx_word' id='word_1_797' title='bbox 3457 5172 3592 5215; x_wconf 88' lang='lat' dir='ltr'><strong>mox</strong></span> <span class='ocrx_word' id='word_1_798' title='bbox 3623 5161 3762 5216; x_wconf 89' lang='lat' dir='ltr'><strong>ante</strong></span> 
     </span>
    </p>
   </div>
   <div class='ocr_carea' id='block_1_108' title="bbox 2106 5225 3065 5312">
    <p class='ocr_par' dir='ltr' id='par_1_108' title="bbox 2106 5225 3065 5312">
     <span class='ocr_line' id='line_1_109' title="bbox 2106 5225 3065 5312; baseline 0.016 -29"><span class='ocrx_word' id='word_1_799' title='bbox 2106 5225 2440 5312; x_wconf 65' lang='grc' dir='ltr'>δεσποτείας,</span> <span class='ocrx_word' id='word_1_800' title='bbox 2473 5229 2534 5292; x_wconf 89' lang='lat' dir='ltr'><strong>in</strong></span> <span class='ocrx_word' id='word_1_801' title='bbox 2569 5230 2839 5312; x_wconf 77' lang='lat' dir='ltr'><strong>pluribus</strong></span> <span class='ocrx_word' id='word_1_802' title='bbox 2872 5234 3065 5311; x_wconf 81' lang='lat' dir='ltr'><strong>Begg.</strong></span> 
     </span>
    </p>
   </div>
   <div class='ocr_carea' id='block_1_109' title="bbox 2186 5302 3754 5390">
    <p class='ocr_par' dir='ltr' id='par_1_109' title="bbox 2186 5302 3754 5390">
     <span class='ocr_line' id='line_1_110' title="bbox 2186 5302 3754 5390; baseline 0.001 -21"><span class='ocrx_word' id='word_1_803' title='bbox 2186 5308 2320 5387; x_wconf 64' lang='grc'><strong>(44)</strong></span> <span class='ocrx_word' id='word_1_804' title='bbox 2376 5302 2586 5369; x_wconf 25' lang='lat' dir='ltr'><strong>&quot;Quod</strong></span> <span class='ocrx_word' id='word_1_805' title='bbox 2622 5313 2803 5379; x_wconf 79' lang='grc' dir='ltr'>τὰξετε</span> <span class='ocrx_word' id='word_1_806' title='bbox 2859 5317 2920 5370; x_wconf 84' lang='grc' dir='ltr'>τὸ</span> <span class='ocrx_word' id='word_1_807' title='bbox 2966 5302 3322 5390; x_wconf 60' lang='grc' dir='ltr'>ξῆτούμενον.</span> <span class='ocrx_word' id='word_1_808' title='bbox 3380 5316 3544 5390; x_wconf 86' lang='lat' dir='ltr'><strong>Sav.,</strong></span> <span class='ocrx_word' id='word_1_809' title='bbox 3621 5312 3754 5384; x_wconf 79' lang='grc' dir='ltr'>ὅπη.</span> 
     </span>
    </p>
   </div>
   <div class='ocr_carea' id='block_1_110' title="bbox 2103 5389 3751 5476">
    <p class='ocr_par' dir='ltr' id='par_1_110' title="bbox 2103 5389 3751 5476">
     <span class='ocr_line' id='line_1_111' title="bbox 2103 5389 3751 5476; baseline 0.002 -26"><span class='ocrx_word' id='word_1_810' title='bbox 2103 5389 2286 5476; x_wconf 73' lang='lat' dir='ltr'><strong>Deest</strong></span> <span class='ocrx_word' id='word_1_811' title='bbox 2311 5392 2372 5447; x_wconf 70' lang='grc' dir='ltr'><strong>τό</strong></span> <span class='ocrx_word' id='word_1_812' title='bbox 2406 5391 2467 5453; x_wconf 90' lang='lat' dir='ltr'><strong>in</strong></span> <span class='ocrx_word' id='word_1_813' title='bbox 2495 5391 2674 5476; x_wconf 73' lang='lat' dir='ltr'><strong>Cois].</strong></span> <span class='ocrx_word' id='word_1_814' title='bbox 2708 5399 2769 5457; x_wconf 76' lang='lat' dir='ltr'><strong>l.</strong></span> <span class='ocrx_word' id='word_1_815' title='bbox 2809 5417 2837 5449; x_wconf 78' lang='grc' dir='ltr'>σ</span> <span class='ocrx_word' id='word_1_816' title='bbox 2871 5394 3040 5476; x_wconf 84' lang='lat' dir='ltr'><strong>Quod</strong></span> <span class='ocrx_word' id='word_1_817' title='bbox 3073 5394 3383 5476; x_wconf 64' lang='lat' dir='ltr'><strong>quaeritur,</strong></span> <span class='ocrx_word' id='word_1_818' title='bbox 3418 5416 3447 5457; x_wconf 85' lang='grc'><strong>›</strong></span> <span class='ocrx_word' id='word_1_819' title='bbox 3488 5412 3751 5476; x_wconf 60' lang='lat' dir='ltr'><strong>nempe:</strong></span> 
     </span>
    </p>
   </div>
   <div class='ocr_carea' id='block_1_111' title="bbox 2104 5468 3587 5556">
    <p class='ocr_par' dir='ltr' id='par_1_111' title="bbox 2104 5468 3587 5556">
     <span class='ocr_line' id='line_1_112' title="bbox 2104 5468 3587 5556; baseline 0.012 -25"><span class='ocrx_word' id='word_1_820' title='bbox 2104 5468 2386 5556; x_wconf 78' lang='lat' dir='ltr'><strong>Spiritus,</strong></span> <span class='ocrx_word' id='word_1_821' title='bbox 2411 5493 2451 5556; x_wconf 15' lang='grc' dir='ltr'><strong>Α)</strong></span> <span class='ocrx_word' id='word_1_822' title='bbox 2489 5474 2564 5535; x_wconf 89' lang='lat' dir='ltr'><strong>de</strong></span> <span class='ocrx_word' id='word_1_823' title='bbox 2594 5492 2709 5556; x_wconf 90' lang='lat' dir='ltr'><strong>quo</strong></span> <span class='ocrx_word' id='word_1_824' title='bbox 2744 5475 2992 5555; x_wconf 81' lang='lat' dir='ltr'><strong>quaestio</strong></span> <span class='ocrx_word' id='word_1_825' title='bbox 3024 5468 3154 5556; x_wconf 80' lang='lat' dir='ltr'><strong>est.</strong></span> <span class='ocrx_word' id='word_1_826' title='bbox 3193 5555 3199 5556; x_wconf 16' lang='grc' dir='ltr'>ί</span> <span class='ocrx_word' id='word_1_827' title='bbox 3366 5468 3381 5476; x_wconf 68' lang='grc'><em>’</em></span> <span class='ocrx_word' id='word_1_828' title='bbox 3448 5554 3460 5556; x_wconf 78' lang='lat'><strong><em>_</em></strong></span> <span class='ocrx_word' id='word_1_829' title='bbox 3562 5486 3587 5495; x_wconf 75' lang='grc'><em>”</em></span> 
     </span>
    </p>
   </div>
   <div class='ocr_carea' id='block_1_112' title="bbox 2190 5550 3756 5631">
    <p class='ocr_par' dir='ltr' id='par_1_112' title="bbox 2190 5550 3756 5631">
     <span class='ocr_line' id='line_1_113' title="bbox 2190 5550 3756 5631; baseline 0.002 -17"><span class='ocrx_word' id='word_1_830' title='bbox 2190 5550 2313 5631; x_wconf 74' lang='grc'><strong>(45)</strong></span> <span class='ocrx_word' id='word_1_831' title='bbox 2346 5550 2781 5631; x_wconf 62' lang='grc' dir='ltr'>Δώσομενῖιμτνζ</span> <span class='ocrx_word' id='word_1_832' title='bbox 2818 5563 2921 5618; x_wconf 88' lang='lat' dir='ltr'><strong>etc.</strong></span> <span class='ocrx_word' id='word_1_833' title='bbox 2976 5578 2997 5611; x_wconf 73' lang='grc' dir='ltr'><strong><em>α</em></strong></span> <span class='ocrx_word' id='word_1_834' title='bbox 3054 5555 3345 5619; x_wconf 89' lang='lat' dir='ltr'><strong>Dabimus</strong></span> <span class='ocrx_word' id='word_1_835' title='bbox 3370 5554 3540 5619; x_wconf 85' lang='lat' dir='ltr'><strong>vobis</strong></span> <span class='ocrx_word' id='word_1_836' title='bbox 3594 5556 3756 5619; x_wconf 87' lang='lat' dir='ltr'><strong>vocis</strong></span> 
     </span>
    </p>
   </div>
   <div class='ocr_carea' id='block_1_113' title="bbox 2102 5630 3753 5721">
    <p class='ocr_par' dir='ltr' id='par_1_113' title="bbox 2102 5630 3753 5721">
     <span class='ocr_line' id='line_1_114' title="bbox 2102 5630 3753 5721; baseline 0.005 -30"><span class='ocrx_word' id='word_1_837' title='bbox 2102 5630 2333 5721; x_wconf 67' lang='lat' dir='ltr'><strong>veniam</strong></span> <span class='ocrx_word' id='word_1_838' title='bbox 2363 5654 2378 5711; x_wconf 89' lang='lat'>;</span> <span class='ocrx_word' id='word_1_839' title='bbox 2412 5630 2811 5719; x_wconf 88' lang='lat' dir='ltr'><strong>nequaquam,</strong></span> <span class='ocrx_word' id='word_1_840' title='bbox 2846 5644 2912 5699; x_wconf 92' lang='lat' dir='ltr'><strong>ut</strong></span> <span class='ocrx_word' id='word_1_841' title='bbox 2941 5637 3025 5701; x_wconf 78' lang='lat' dir='ltr'><strong>ait</strong></span> <span class='ocrx_word' id='word_1_842' title='bbox 3053 5637 3318 5721; x_wconf 87' lang='lat' dir='ltr'><strong>Nicetas,</strong></span> <span class='ocrx_word' id='word_1_843' title='bbox 3358 5661 3379 5695; x_wconf 76' lang='grc' dir='ltr'><strong>ε</strong></span> <span class='ocrx_word' id='word_1_844' title='bbox 3420 5656 3553 5702; x_wconf 90' lang='lat' dir='ltr'><strong>eam</strong></span> <span class='ocrx_word' id='word_1_845' title='bbox 3583 5658 3618 5702; x_wconf 77' lang='grc' dir='ltr'><strong>ιι</strong></span> <span class='ocrx_word' id='word_1_846' title='bbox 3645 5656 3753 5699; x_wconf 86' lang='lat' dir='ltr'><strong>vo-</strong></span> 
     </span>
    </p>
   </div>
   <div class='ocr_carea' id='block_1_114' title="bbox 2102 5708 2627 5797">
    <p class='ocr_par' dir='ltr' id='par_1_114' title="bbox 2102 5708 2627 5797">
     <span class='ocr_line' id='line_1_115' title="bbox 2102 5708 2627 5797; baseline 0.01 -24"><span class='ocrx_word' id='word_1_847' title='bbox 2102 5708 2212 5775; x_wconf 79' lang='lat' dir='ltr'><strong>bis&quot;</strong></span> <span class='ocrx_word' id='word_1_848' title='bbox 2232 5708 2558 5797; x_wconf 75' lang='lat' dir='ltr'><strong>exigentes.</strong></span> <span class='ocrx_word' id='word_1_849' title='bbox 2596 5736 2627 5778; x_wconf 84' lang='grc'><strong>›</strong></span> 
     </span>
    </p>
   </div>
   <div class='ocr_carea' id='block_1_115' title="bbox 3476 5039 3495 5070">
    <p class='ocr_par' dir='ltr' id='par_1_115' title="bbox 3476 5039 3495 5070">
     <span class='ocr_line' id='line_1_116' title="bbox 3476 5039 3495 5070; baseline 0 0"><span class='ocrx_word' id='word_1_850' title='bbox 3476 5039 3495 5070; x_wconf 69' lang='grc'><em>3</em></span> 
     </span>
    </p>
   </div>
  </div>
