4150 6438
408 336 529 403 439
1380 370 1389 377 -
1670 340 1733 403 8.
1767 339 2078 404 *GR‘EGO]

2211 338 2593 409 THEOBOGI
3690 342 3813 409 4ιο

411 476 465 539 is
493 474 738 557 quidem
771 478 1037 541 aﬂectns.
1062 476 1288 540 ‘Verum
1319 476 1711 557 spiritualiter
1742 476 1903 538 inter
1958 493 2072 536 nos

2168 480 2422 556 lay-deut:
2486 480 2587 547 τὴν
2658 480 2811 558 φύσιν
2862 482 2916 537 ἐν
2947 480 3132 547 ἄλλαις
3164 496 3390 561 φωναῖς,
3445 484 3539 547 αἷς
3576 482 3808 537 uidenda.

401 566 1068 630 *hancocontroversiam
1100 568 1491 647 transigamus
1516 588 1528 627 :
1557 567 1835 628 fraternae
1868 565 2066 645 potius

2168 566 2357 626 ιᾶλλον
2407 567 2557 647 (45)*
2594 570 2676 625 καὶ
2708 571 2782 631 ὡς
2825 567 3063 635 ἀσθενεῖς
3107 571 3244 646 ὑμᾶς
3275 573 3616 651 ὶατρεὺσομεν
3647 569 3778 645 (47)

414 655 721 720 charitatis
736 657 1209 739 studium,quam
1234 656 1423 720 nostri
1446 674 1709 719 amorem
1741 673 1861 737 pra:
1898 655 2070 716 nobis

2168 656 2299 713 ἔστιν
2356 657 2393 713 οἳ
2423 659 2510 714 καὶ
2541 664 2648 715 τῶν
2677 659 2809 736 πρὸς
2832 656 3029 726 ἡδονὴν
3078 659 3538 739 παρακλέψαντες,
3576 660 3807 739 Αἷσχρὸν

414 745 697 809 iuramus.
733 746 866 808 Vim
897 747 1221 810 divinitatis
1246 766 1313 809 ac
1342 747 1667 828 potentiam
1704 745 1881 807 nobis
1909 745 2067 817 date,

2168 747 2264 822 μὲν
2323 748 2445 825 γὰρ.
2508 748 2752 825 αἰσχρὸν,
2824 750 2911 804 καὶ
2966 748 3158 812 ἱκανῶς
3187 748 3404 827 ἄλογον,
3438 750 3573 805 κατὰ
3621 750 3809 828 ψυχὴν

416 843 596 898 ett-nos
612 835 872 898 vicissim
893 836 1216 899 divinitatis
1234 856 1436 899 vocem
1457 836 1621 898 vobis
1640 836 1865 897 conceil
1882 853 2072 898 emus.

2168 834 2484 913 ἒρῥωμένους
2542 836 2680 916 (48),
2740 836 3175 916 μικρολογεῖσθαι
3208 841 3324 915 περὶ
3368 839 3458 895 τὸν
3488 839 3657 917 ἦχον,
3716 839 3808 894 καὶ

408 925 703 989 'Naturam
734 927 865 989 aliis
898 928 1166 1009 vocibus,
1195 927 1419 1009 quibus
1455 927 1598 1009 plus
1629 929 1762 987 757
1798 925 2076 997 tribuitis,

2168 925 2403 1001 κρύπτειν
2461 926 2553 981 τὸν
2603 928 2891 1004 θησαυρὸν,
2942 926 3120 1005 ὥσπερ
3179 926 3361 993 ἄλλοις
3398 928 3803 1005 βασκαίνοντις,

417 1015 824 1077 conﬁteamini
855 1035 964 1093 ;ac
997 1034 1121 1093 vos,
1147 1024 1209 1077 ut
1232 1016 1505 1077 inﬁrmos
1526 1014 1887 1087 curabimus,
1916 1032 2068 1074 non-

2168 1013 2191 1082 ἣ
2249 1014 2328 1089 μὴ
2388 1012 2509 1095 (49)
2565 1016 2651 1071 καὶ
2708 1016 2807 1083 τὴν
2863 1013 3113 1094 γλῶσσαν
3170 1016 3429 1094 ἁγιάσητε
3477 1014 3801 1077 δεδοικότας·

418 1104 581 1166 nulla
607 1104 781 1166 vobis
806 1113 974 1185 grata
1006 1113 1064 1168 et
1108 1105 1378 1186 jucunda
1425 1106 1810 1168 suﬂ'urantes.
1839 1103 2071 1165 Etenim

2168 1101 2379 1183 ιῖσχιον
2418 1101 2473 1160 δὲ
2504 1106 2639 1179 ἡμῖν
2671 1102 2699 1160 ὅ
2772 1103 3098 1183 ἔγκαλοῦμεν
3155 1110 3368 1178 παθεῖν,
3403 1108 3491 1164 καὶ
3546 1104 3804 1184 μικρολο-

414 1201 590 1275 tnrpe
612 1194 855 1276 quidem
881 1194 1028 1258 illud
1057 1204 1169 1271 est,
1197 1196 1744 1278 turpe,inquam,ac
1766 1193 2072 1275 perabsur-

2168 1193 2271 1272 τίαν
2328 1194 2852 1273 καταγινώσκοντας,
2915 1196 3102 1258 αὖτοὺς
3157 1196 3598 1276 μικρολογεῖσθαι
3684 1198 3809 1275 περὶ

411 1282 575 1355 dum,
605 1299 739 1347 cum
766 1284 966 1348 animo
997 1286 1266 1361 valeatis,
1288 1285 1449 1349 circa
1472 1285 1639 1348 vocis
1671 1304 1883 1345 sonum
1903 1283 2069 1363 jeju-

2168 1283 2219 1339 τὰ
2244 1285 2558 1362 γράμματα.

413 1390 524 1434 nos
553 1381 611 1435 et
641 1373 903 1437 minutos
930 1393 1033 1437 vos
1064 1374 1356 1458 prasbere.
1392 1395 1461 1438 ac
1484 1377 1828 1439 thesaurum
1873 1373 2195 1438 occultare.
2228 1373 2395 1450 quasi
2445 1373 2578 1435 aliis
2629 1391 2765 1435 eum
2797 1372 3155 1447 invidentes,
3210 1382 3311 1437 aut
3340 1381 3701 1446 metuentes,
3734 1393 3811 1436 ne

415 1461 677 1542 linguam
721 1482 957 1547 quoque
983 1475 1237 1528 vestram
1270 1466 1673 1539 sanctiﬁcetis;
1708 1464 1941 1544 turpius
1970 1470 2170 1525 autem
2206 1461 2379 1523 nobis
2410 1472 2523 1537 est,
2556 1463 2769 1527 eodem
2807 1463 2946 1526 vitio
2994 1464 3208 1539 teneri,
3255 1464 3412 1546 quod
3457 1463 3620 1526 vobis
3648 1464 3810 1545 obji-

416 1551 632 1629 cimus,
658 1561 859 1637 atque,
893 1574 1029 1618 cum
1058 1563 1313 1618 vestram
1345 1555 1421 1619 de
1449 1554 1700 1617 minutis
1742 1553 1926 1617 rebus
1954 1551 2394 1614 contentionem
2443 1552 2820 1631 damnemus,
2876 1554 3101 1617 minute
3132 1554 3309 1616 etiam
3342 1553 3416 1615 de
3437 1552 3646 1616 litteris
3675 1553 3809 1619 dis-

410 1650 647 1724 putare.

501 1730 652 1796 Vﬂl.
679 1732 1097 1816 Trinitatem,o
1123 1735 1440 1812 viri,unins
1464 1736 1712 1801 Deitatis
1730 1752 1861 1798 esse
1886 1734 2065 1796 fatea-

2237 1732 2331 1796 H’.
2395 1741 2531 1798 Μιᾶς
2577 1735 2867 1817 Θεότητος,
2897 1738 2943 1791 ὧ
2971 1734 3138 1815 οῦτοι,
3167 1736 3265 1803 τὴν
3298 1733 3492 1812 Τριοὶδα
3524 1732 3807 1814 ὁμολογή-

412 1822 594 1905 mini,
624 1829 750 1905 aut,
787 1824 837 1886 si
887 1825 1074 1906 magis
1105 1828 1322 1908 placet,
1360 1827 1537 1889 unius
1588 1834 1852 1905 naturae;
1889 1832 2064 1905 atque

2168 1845 2300 1903 rure,
2360 1827 2403 1881 si
2461 1823 2514 1881 δὲ
2573 1824 2841 1903 βούλεσθε,
2911 1832 3037 1903 μιᾶς
3096 1826 3327 1904 φύσεωςο
3392 1826 3479 1881 vui
3524 1826 3622 1892 τὴν
3675 1828 3807 1889 θεὸς

416 1915 574 1976 hanc
609 1931 833 1992 vocem,
870 1915 1049 1993 Deus,
1080 1934 1115 1978 a
1141 1916 1366 1998 Spiritu
1405 1915 1579 1978 vobis
1610 1914 2064 1997 postnlabimns.

2168 1915 2333 1992 ρων-ὴν
2420 1916 2564 1994 παρὰ
2622 1923 2715 1973 τοῦ
2778 1917 3083 1991 Ιῐνεύματος
3112 1921 3242 1991 ὑμῖν
3273 1917 3586 1988 αἰτήσομεν.
3639 1915 3808 1972 Δώαει

411 2003 601 2065 ‘Dabit
620 2004 780 2065 enim
807 2005 1071 2084 profecto
1096 2006 1454 2087 secundum,
1474 2006 1573 2088 qui
1597 2006 1851 2087 primum
1880 2003 2067 2079 dedit,

420 2094 601 2173 idque
628 2094 1027 2177 potissimum,
1054 2098 1103 2158 si
1129 2096 1185 2157 id
1212 2096 1288 2161 de
1314 2116 1431 2179 quo
1458 2105 1769 2178 pugnatur,
1793 2096 2071 2177 spiritua-

418 2185 473 2247 is
504 2183 775 2265 quasdam
811 2184 1104 2248 timiditas
1130 2186 1336 2261 fuerit,
1372 2205 1495 2249 non
1528 2190 1729 2249 autem
1779 2185 2076 2248 diabolica

410 2273 749 2338 contentio.
778 2276 996 2356 Atque,
1023 2284 1088 2337 ut
1108 2276 1371 2357 apertius
1390 2282 1448 2339 et
1467 2275 1955 2356 compendiosius
1983 2275 2075 2337 lo-

431 2380 602 2445 quar,
632 2361 719 2425 sic
742 2362 905 2426 inter
925 2384 1032 2427 nos
1048 2384 1314 2446 agamus,
1342 2376 1405 2429 ut
1435 2384 1547 2428 nec
1568 2384 1691 2441 vos,
1717 2364 2080 2428 sublimioris

424 2452 594 2515 vocis
614 2470 932 2529 causa,nos
953 2454 1015 2517 in
1038 2460 1269 2519 crimen
1285 2457 1510 2519 vocetis
1532 2457 1666 2533 (nec
1684 2456 1843 2518 enim
1861 2455 2076 2516 invidia

426 2551 492 2606 et
504 2544 973 2625 reprehensione
987 2547 1175 2628 premi
1190 2545 1722 2627 debethujusmodi
1741 2545 2077 2625 ascensus);

420 2652 542 2696 nec
573 2652 684 2695 nos
717 2633 973 2697 vicissim
1005 2655 1135 2699 eam
1166 2655 1397 2713 vocem,
1424 2638 1594 2717 cujus
1623 2635 1800 2698 modo
1831 2654 2080 2716 capaces

420 2724 589 2805 estis,
627 2722 797 2787 vobis
849 2723 1235 2806 objiciemus,
1269 2725 1532 2809 quandiu
1577 2726 1689 2789 alio
1740 2724 1959 2786 itinere
2004 2724 2076 2785 ad

421 2814 579 2878 idem
599 2814 917 2896 hospitium
943 2816 1379 2881 feremini.Non
1395 2817 1551 2879 enim
1568 2814 1871 2878 victoriam
1891 2813 2077 2877 ambi-

421 2904 675 2978 mus,seil
687 2916 775 2980 ,ut
790 2905 1275 2988 fratres,quorum
1292 2905 1694 2987 disjnnctione
1708 2904 2067 2975 cruciamur,

421 2995 495 3057 ad
523 3012 629 3056 nos
646 2994 1295 3073 redeant,laboramus.
1323 3000 1514 3079 Atque
1544 2997 1671 3058 haec
1696 2994 1768 3055 ad
1791 3013 1895 3056 vos
1915 2994 2073 3056 dicta

421 3084 562 3187 sint,
586 3082 922 3189 apud-quos.
938 3084 1115 3189 vitale
1134 3084 1442 3189 quidpiam
1467 3085 1824 3189 rep-erimus,
1851 3083 2071 3164 quippe
2089 3139 2130 3189 Ο

424 3175 525 3256 qui
545 3190 689 3235 sane
710 3180 888 3254 atque
908 3174 1136 3253 integre
1163 3175 1237 3238 de
1258 3174 1417 3238 Filio
1451 3175 1722 3238 sentiatis
1751 3191 1765 3249 ;
1789 3192 2065 3255 quorum.

422 3280 560 3326 cum
575 3260 753 3325 vitam
774 3262 1027 3327 miriﬁce
1041 3264 1727 3345 probemus,doctrinam
1744 3272 1939 3326 tamen
1955 3282 2071 3324 non

425 3351 591 3414 omni
621 3370 690 3415 ex
721 3366 889 3436 parte
920 3353 1232 3417 laudamus
1266 3373 1282 3431 ;
1333 3355 1437 3435 qui
1483 3374 1619 3418 cum
1651 3374 1743 3435 ea,
1776 3373 1912 3432 quae
1937 3362 2075 3415 sunt

422 3442 708 3525 Spiritus,
733 3441 1023 3521 habeatis,
1049 3446 1339 3527 Spiritum
1372 3465 1610 3528 quoque
1637 3445 1883 3526 insuper
1910 3463 2074 3506 assu-

422 3532 588 3608 mite,
626 3541 690 3594 ut
719 3550 839 3595 non
874 3534 1070 3596 solum
1114 3537 1379 3611 certetis,
1413 3536 1519 3599 sed
1568 3535 1746 3597 etiam
1782 3534 2067 3613 legitime,

417 3641 555 3687 cum
587 3622 730 3684 hinc
759 3640 997 3705 quoque
1035 3639 1275 3687 corona;
1305 3625 1491 3688 decus
1519 3631 1921 3705 comparetur.
1947 3622 2073 3686 Hoc

417 3711 583 3775 vobis
605 3729 840 3775 morum
869 3720 929 3775 et
950 3712 1082 3775 vitae
1115 3714 1428 3793 prmminm
1460 3714 1658 3789 detur,
1691 3721 1756 3774 nt
1787 3713 2069 3794 Spiritum

420 3803 598 3885 plene
622 3801 1009 3885 perfecteqne
1031 3803 1463 3886 conﬁteamini,
1491 3823 1562 3866 ac
1593 3802 1926 3875 nobiscum,
1952 3801 2072 3863 imo

2153 2006 2274 2082 γὰρ,
2310 2004 2365 2060 εὖ
2422 2002 2573 2086 οἶδα,
2608 2008 2635 2062 ὁ
2699 2007 2759 2062 τὸ
2790 2007 3001 2085 πρῶτον
3032 2004 3175 2075 δοὺς,
3211 2007 3298 2062 ναὶ
3330 2008 3391 2063 τὸ
3435 2003 3692 2084 δεύτερον,
3721 2008 3811 2063 καὶ

2157 2092 2413 2175 μάλιστα,
2468 2097 2511 2152 εί
2566 2093 2732 2152 δειλία
2788 2118 2868 2162 τις
2899 2096 2991 2164 εἴη
3050 2096 3406 2169 πνευματικὴ,
3441 2098 3529 2152 καὶ
3578 2096 3656 2169 μὴ
3689 2096 3809 2168 (58)

2158 2182 2402 2249 ἔνστασις
2472 2182 2777 2257 διαϐολική,
2833 2188 2894 2241 τὸ
2950 2186 3289 2265 μαχόμενον.
3321 2183 3457 2243 ’Ἔτι
3488 2185 3809 2266 σαφέστερον

2160 2274 2303 2331 ε’ίπω
2370 2276 2458 2332 καὶ
2489 2279 2902 2355 συντομώτερον.
2946 2278 3095 2347 Μήτε
3124 2277 3280 2351 ὑμεῖς
3311 2276 3439 2355 (51)
3481 2277 3625 2349 ἡμᾶς
3658 2276 3806 2333 εὐθύ-

2160 2386 2284 2431 νητε
2339 2370 2439 2432 τῆς
2495 2364 2830 2446 ὑψηλοτέρας
2887 2372 3073 2448 φωνῆο
3102 2367 3313 2446 (φθὸνος
3343 2368 3441 2444 γὰρ
3472 2364 3637 2428 οιόδεὶς
3670 2366 3804 2421 ἀνα-

2160 2453 2417 2535 ϐάσεως),
2480 2455 2597 2513 οὕτε
2648 2459 2813 2532 ἡμεῖς
2870 2459 2967 2526 τὴν
3002 2458 3223 2525 ἐφικτὴν
3254 2458 3387 2521 τέως
3419 2460 3549 2533 ὑμῖν
3578 2456 3812 2535 ἔγκαλέ-

2163 2567 2328 2620 σομεν
2389 2545 2535 2626 (5Ξ),
2596 2546 2699 2611 ἕως
2757 2544 2818 2602 ἄν
2871 2549 2959 2604 καὶ
2989 2545 3057 2603 δι’
3089 2545 3258 2614 ἄλλης
3290 2546 3413 2605 ὁδοῦ
3440 2548 3572 2623 πρὸς
3604 2548 3665 2602 τὸ
3688 2548 3813 2604 αὐτὸ

2161 2635 2384 2716 φέρησθε
2427 2636 2783 2715 καταγώγιον.
2858 2637 2930 2695 ΟΒ
3003 2638 3101 2717 γὰρ
3185 2638 3399 2706 νικῆσαι
3511 2644 3802 2713 ζητοῦμεν,

2162 2724 2297 2784 ἀλλὰ
2366 2725 2692 2805 προσλαϐεῖν
2747 2724 3027 2809 ἀδελφοὺς,
3058 2730 3135 2784 ὧν
3158 2733 3234 2801 τῷ
3277 2734 3543 2809 χωρισμῷ
3571 2749 3810 2804 σπαρασ-

2160 2816 2381 2893 σόμεθα,
2454 2826 2625 2875 Ταῦτα
2683 2820 2840 2899 ὑμῖν,
2895 2818 3025 2895 παρ’
3092 2818 3181 2880 οἶς
3213 2841 3263 2874 τι
3306 2818 3393 2873 καὶ
3415 2819 3637 2889 ζωτικὸν
3668 2817 3811 2893 εὑρί·

2156 2928 2374 2987 σκομεν,
2434 2919 2553 2971 τοῖς
2613 2910 2730 2985 περὶ
2800 2909 2892 2964 τὸν
2926 2909 3043 2965 Υἱὸν
3074 2909 3416 2986 ὑγιαίνουσιν·
3450 2908 3521 2964 ὧν
3552 2908 3643 2962 τὸν
3692 2906 3807 2983 βίον

2152 2997 2531 3071 θαυμάζοντες,
2591 3000 2685 3055 οὒκ
2742 2996 3062 3073 ἐπαινοῦμεν
3123 2998 3296 3064 πάντη
3348 2996 3465 3077 (53)
3496 2998 3586 3051 τὸν
3617 2994 3799 3070 λόγον*

2153 3088 2201 3141 οἱ
2260 3086 2326 3142 τὰ
2376 3092 2471 3142 τοῦ
2550 3086 2856 3162 Πνεύματος
2902 3085 3146 3167 ἔχοντες,
3180 3088 3267 3143 καὶ
3298 3088 3358 3143 τὸ
3392 3089 3602 3160 Πνεῦμα
3632 3107 3805 3164 προσ-

2157 3172 2365 3253 λάϐετε,
2437 3174 2531 3231 ’ίνα
2580 3175 2657 3249 μὴ
2686 3173 2883 3243 ἀθλῆτε
2927 3176 3112 3256 μόνον,
3148 3175 3285 3232 ἀλλὰ
3317 3177 3403 3232 καὶ
3459 3175 3723 3254 νομίμως,
3758 3174 3810 3239 ἒξ

2154 3266 2213 3324 οὗ
2284 3280 2371 3323 και
2430 3268 2457 3323 ὁ
2488 3266 2768 3346 στέφανος.
2806 3268 2971 3331 Οὗτος
3002 3269 3132 3341 ὑμῖν
3177 3266 3349 3335 δοθείη
3395 3272 3494 3335 τῆς
3542 3265 3810 3329 πολιτείας

2154 3357 2365 3432 μισθὸς,
2427 3354 2759 3435 ὁμολογῆσαι
2814 3358 2877 3413 τὸ
2933 3362 3145 3433 Πνεῦμα
3190 3357 3429 3437 τελείως,
3468 3359 3557 3413 καὶ
3587 3356 3812 3435 κηρύξαι

2154 3447 2246 3504 σὺν
2302 3448 2440 3521 ἡμῖν
2495 3467 2553 3503 τε
2609 3447 2696 3503 xui
2750 3448 2850 3525 πρὸ
2882 3447 3036 3521 ἡμῶν
3067 3447 3191 3504 ὅσον
3221 3446 3384 3514 ἄξιον,
3413 3446 3611 3521 Τολμῶ
3641 3470 3689 3503 τι
3723 3448 3812 3502 καὶ

2155 3542 2342 3611 μεῖζον
2392 3536 2522 3614 ὑπὲρ
2592 3537 2765 3611 ὑμῶν,
2816 3537 2877 3591 τὸ
2934 3546 3041 3618 τοῦ.
3086 3535 3414 3594 Ἀποστὸλου
3472 3536 3808 3617 φθέγξασθαι,

2154 3632 2415 3684 Τοσοῦτον
2466 3626 2616 3701 ὑμῶν
2649 3624 2998 3705 περιέχομαι,
3059 3628 3144 3683 καὶ
3216 3629 3465 3683 τοσοῦτον
3516 3628 3667 3703 ὑμῶν
3728 3628 3811 3681 uin

2156 3714 2346 3791 δοῦμαι
2381 3713 2506 3795 (54)
2532 3716 2632 3783 τὴν
2654 3713 2913 3791 εὔκοσμον
2942 3717 3139 3783 ταύτην
3167 3715 3388 3788 στολὴν,
3420 3721 3510 3772 καὶ
3531 3718 3591 3773 τὸ
3610 3720 3810 3795 χρῶμα

2156 3805 2253 3872 τῆς
2302 3804 2633 3883 ἐγκρατείας,
2692 3806 2781 3861 καὶ
2841 3806 2906 3861 τὰ
2934 3806 3048 3884 ἱερὰ
3095 3813 3262 3863 ταῦτα
3319 3807 3662 3884 συστήματα,
3718 3805 3807 3860 καὶ

419 3892 595 3954 etiam
630 3899 768 3955 ante
801 3911 931 3970 nos,
968 3900 1253 3974 quantum
1301 3912 1533 3974 equum
1568 3900 1678 3967 est,
1717 3891 2071 3973 praedicetis.

2168 3893 2258 3960 τὴν
2317 3893 2519 3969 σεμνὴν
2586 3894 2865 3973 παρθενίαν
2908 3896 2997 3951 καὶ
3049 3895 3326 3975 κάθαρσιν,
3358 3897 3447 3951 καὶ
3475 3896 3575 3961 τὴν
3607 3894 3807 3953 πάνυ·

419 3982 617 4064 Atque
660 3984 840 4045 etiam
874 3983 1066 4063 majus
1097 3983 1381 4065 quiddam
1415 3991 1610 4047 vestra
1640 4000 1819 4043 causa
1848 3980 2071 4055 dicere,

2168 4005 2265 4064 χον
2324 3981 2661 4059 ψαλμῳδίαν,
2735 3984 2823 4039 καὶ
2855 3985 2915 4039 τὸ
2944 3982 3314 4064 φιλόπτωχον,
3347 3985 3434 4040 καὶ
3462 3981 3806 4062 φιλάδελφον,

423 4070 692 4153 illudque
712 4072 988 4154 Apostoli
1012 4073 1288 4154 proloqui
1320 4091 1437 4134 non
1455 4070 1764 4134 dubitabo.
1788 4071 1955 4134 Adeo
1977 4090 2078 4131 vos

2168 4075 2247 4130 καὶ
2318 4072 2612 4154 φιλόξενον,
2673 4072 2810 4130 ὥστε
2865 4074 2953 4129 xui
2982 4073 3215 4149 ἀνάθεμα
3248 4074 3391 4130 εἶναι
3425 4073 3530 4129 ἀπὸ
3560 4079 3809 4151 Χριστοῦ,

422 4159 751 4243 amplector
779 4169 957 4243 atque
977 4163 1295 4224 exosculor
1321 4186 1338 4237 ;
1362 4163 1512 4224 adeo
1545 4161 1898 4224 concinnam
1926 4161 2078 4223 hanc

2168 4165 2250 4220 καὶ
2305 4167 2496 4220 παθεῖν
2551 4186 2623 4239 τι,
2679 4165 2752 4227 ὡς
2812 4163 3152 4242 κατάκριτος,
3229 4161 3488 4244 δέχομαι·
3542 4164 3705 4236 μόνον
3772 4154 3817 4216 εἶ

420 4258 681 4313 vestram
701 4258 759 4313 et
780 4251 1173 4333 compositam
1196 4261 1421 4315 vestem
1446 4259 1817 4326 revereor,et
1837 4261 2078 4313 contra-

2168 4252 2384 4321 σταίητε
2441 4253 2557 4328 μεθ’
2614 4255 2794 4322 ἡμῶν,
2862 4254 2946 4308 καὶ
3000 4253 3155 4321 κοινῆ
3200 4253 3298 4320 τὴν
3329 4250 3524 4331 Τριάδι
3576 4249 3820 4317 δοξάσαι-

424 4346 583 4404 ctum
602 4357 674 4403 ex
691 4341 1059 4406 continentia
1084 4362 1154 4406 co
1168 4344 1666 4425 lorem,etsacros
1685 4342 1794 4403 bos
1811 4350 2078 4414 ccetus,et

2170 4365 2287 4418 μεν.
2354 4343 2476 4422 Περὶ
2546 4343 2645 4419 γὰρ
2695 4347 2802 4397 τῶν
2857 4339 3058 4413 ἄλλων,
3090 4343 3141 4400 τί
3172 4342 3283 4422 χρὴ
3315 4344 3403 4397 καὶ
3452 4339 3581 4421 (55)
3612 4340 3820 4421 λέγειν,

422 4430 823 4494 venerandam
839 4432 1238 4512 virginitatem
1252 4452 1322 4495 ac
1337 4431 1838 4514 purgationem,et
1853 4440 2077 4502 noctes,

2171 4434 2354 4512 σαφῶς
2420 4432 2751 4499 τεθνηκότων
2814 4429 2926 4511 (οῦς
2975 4439 3197 4510 Χριστοῦ
3227 4435 3392 4507 μάνου
3585 4430 3819 4509 ἐγεῖραι,

425 4521 644 4604 quasin
665 4522 1028 4604 psalmorum
1047 4522 1324 4585 cautione
1338 4522 1649 4584 insomnes
1669 4518 2083 4602 transigitis,et

515 4670 671 4752 (46)Δ
702 4675 803 4752 λῖς
835 4671 1064 4752 αἰδεῖσθε
1094 4670 1325 4746 μᾶλλον.
1363 4693 1392 4727 α
1426 4668 1651 4743 Quibus
1682 4667 1815 4752 plus
1860 4667 2080 4752 tribni-

432 4751 510 4814 tis
525 4748 560 4833 :;
599 4748 628 4809 »⁷
661 4750 718 4812 id
748 4758 861 4822 est,
897 4750 1090 4833 inquit
1119 4752 1382 4832 Nicetas,
1416 4776 1440 4808 ιι
1472 4768 1617 4833 quas
1646 4748 1832 4828 magis
1886 4749 2080 4812 hono-

432 4831 577 4896 ratis
602 4848 670 4893 ac
701 4830 1097 4897 veneramini.
1136 4857 1161 4891 ι

513 4912 635 4993 (47)
661 4911 1049 4993 ’[ατρεύσομεν.
1089 4938 1117 4970 α
1148 4912 1527 4989 Curabimns,
1570 4937 1590 4970 ο
1615 4928 1784 4973 more
1814 4910 2083 4993 medico-

433 5010 592 5085 rum,
618 4992 728 5075 qni
755 4993 960 5085 dulcia
989 4993 1257 5085 quaedam
1283 4993 1619 5085 indulgent,
1639 4992 1859 5072 utugri
1885 4992 2084 5085 medi-

436 5072 672 5137 camina
699 5072 1037 5152 admittant,
1072 5074 1360 5138 nonnulla
1414 5072 1590 5138 etiam
1664 5085 1829 5151 grata
1882 5072 2082 5135 furtim

434 5154 815 5235 elargientes.

518 5236 638 5316 (48)
667 5239 815 5319 lius?!
872 5238 1057 5319 ψυχὴν
1106 5236 1454 5319 ἐρῤιυμένους.
1482 5235 1622 5299 Bill.
1662 5253 1695 5319 ζΔ
1717 5259 1743 5289 κ
1778 5254 1912 5296 cum
1951 5235 2085 5319 ani-

437 5314 539 5398 mo
566 5316 791 5398 optime
821 5314 1284 5382 valeatisJ'Non
1317 5326 1480 5380 certe
1516 5338 1544 5378 (
1575 5314 1800 5397 optime
1838 5341 1856 5371 ι
1888 5315 2085 5378 animo

435 5396 712 5482 valebant
737 5417 886 5479 quos
911 5398 1235 5482 alloquitur
1262 5398 1604 5482 Gregorius.

698 5479 713 5501 ’
843 5482 945 5557 μή.
979 5476 1140 5558 Sa'v.,
1176 5483 1220 5537 εί
1252 5482 1355 5557 μή.
1384 5476 1555 5556 'Mox,
1617 5477 1938 5543 δεδοικότος.
1983 5476 2085 5539 Sic

438 5556 707 5621 coddiln
750 5556 886 5623 Par.
912 5561 1036 5638 ed.,
1069 5556 1365 5621 δεδοικότα.

523 5638 636 5722 (5Q)
671 5641 769 5722 Καὶ
800 5636 1036 5722 μήληδίο
1068 5642 1272 5722 plures
1302 5642 1487 5721 Regg.
1521 5648 1580 5704 et
1610 5639 1806 5722 Colb.,
1858 5636 1965 5702 Or.
2018 5638 2083 5720 1,

523 5660 636 5711 (0U)
671 5660 769 5697 ut
800 5660 904 5715 μη.
938 5660 1036 5703 διο

433 5722 549 5781 etc.
586 5719 654 5779 In
685 5717 816 5798 ed.,
846 5718 981 5778 ἀλλὰ
1006 5660 1109 5799 μινῇ

2162 4531 2257 4580 τοῦ
2311 4523 2695 4592 ζωοποιοῦντος
2747 4521 2868 4582 τοὺς
2914 4522 3127 4600 νεκροὺς
3218 4520 3319 4601 (57
3367 4521 3508 4577 κατὰ
3538 4521 3633 4589 τὴν
3664 4522 3825 4580 αὐτοῦ

2243 4666 2370 4749 (5))
2410 4656 2629 4749 ’Υμετςι
2656 4670 2833 4728 Deest
2862 4668 2919 4729 in
2938 4665 3212 4749 pluribus
3245 4666 3434 4745 Regg.
3468 4673 3527 4730 et
3557 4664 3821 4741 Colb.,in

2166 4745 2360 4814 Coisl.
2388 4753 2439 4826 1,
2475 4745 2579 4811 0r.
2610 4748 2667 4808 1‘
2703 4755 2816 4811 etc.

2249 4829 2383 4908 (52)
2413 4827 2830 4908 Ἐγκαλέσομεν.
2865 4827 3008 4908 Reg.
3044 4827 3168 4905 bm,
3201 4827 3599 4907 ἐγκαλέσωμεν.

2276 4831 2353 4889 52
2413 4831 2830 4908 Ἐγκαλέσομεν.
2866 4831 3008 4908 Reg.
3045 4831 3168 4905 bm,
3201 4831 3599 4907 ἐγκαλέσωμεν.

2275 4831 2383 4990 53)
2425 4908 2630 4977 Πάντη.
2666 4910 2844 4973 Deest
2883 4909 2943 4990 in
2978 4912 3163 4988 Regg.
3213 4908 3336 4989 bm,
3367 4908 3467 4990 ph,
3504 4916 3619 4990 etc.

2275 4909 2376 4990 53)
2425 4909 2630 4977 Πέντη.
2666 4910 2844 4973 Deest
2883 4909 2943 4970 in
2978 4912 3163 4988 Regg.
3213 4909 3336 4989 bm,
3367 4909 3467 4989 ph,
3504 4916 3619 4970 etc.

2252 4909 2659 5072 EbrilTosoGtov
2689 4993 2836 5065 ὑμῶν
2868 4989 3137 5072 amo-3pm.
3200 4988 3671 5072 Macedonianos
3730 4988 3823 5050 hic

2171 5068 2515 5153 alloquitur,
2550 5069 2654 5152 qui
2684 5089 2912 5153 revera,
2937 5070 3078 5133 licet
3107 5071 3182 5133 de
3212 5068 3435 5153 Spiritu
3470 5078 3672 5153 sancto
3705 5086 3821 5134 non

2169 5148 2331 5214 recte
2344 5148 2658 5224 sentirent,
2670 5148 2928 5232 plurima
2952 5159 3147 5213 tamen
3182 5148 3822 5232 modestiaa,abstincn-

2174 5233 2291 5314 tiae,
2324 5232 2626 5294 charitatis
2654 5231 3027 5313 aliarumque
3072 5233 3354 5294 virtutum
3410 5231 3680 5313 (xeinpla
3710 5233 3823 5291 da-

2173 5312 2377 5473 Μῗῗίέ)
2415 5396 2534 5452 Καὶ.
2568 5394 2750 5456 Deest
2780 5392 2839 5456 in
2875 5395 3064 5473 Regg.
3100 5392 3224 5472 bm,
3262 5393 3364 5473 ph.

2275 5396 2377 5473 55)
2415 5396 2534 5452 Καὶ.
2568 5396 2750 5456 Deest
2780 5396 2839 5456 in
2875 5396 3064 5473 Regg.
3100 5396 3224 5472 bm,
3262 5396 3364 5471 ph.

2248 5396 2381 5555 £56)
2411 5476 2607 5534 Μάνου.
2641 5474 2742 5538 Sic
2770 5477 2952 5554 Regg.
2990 5477 3111 5555 bm,
3142 5474 3241 5554 ph,
3268 5472 3491 5555 aliique
3524 5471 3821 5554 plures.ln

2171 5555 2953 5717 edié'56;:iivexpooc._3ic
2991 5642 3245 5717 quatuor
3300 5638 3513 5717 Begg"
3570 5644 3826 5716 quatuor

2169 5714 2365 5796 Colb.,
2398 5715 2507 5781 Or.
2536 5716 2593 5796 1,
2626 5714 2787 5780 Pass.
2823 5714 3153 5783 Deest-:06:
3175 5714 3239 5782 in
3269 5714 3413 5780 edit;
