  <div class='ocr_page' id='page_1' title='image "/cluster/home/n/w/nwhite01/storage/ocr_20150623/36:no.2/coo.31924054869338/229.png"; bbox 0 0 4150 6394; ppageno 0'>
   <div class='ocr_carea' id='block_1_1' title="bbox 450 305 568 372">
    <p class='ocr_par' dir='ltr' id='par_1_1' title="bbox 450 305 568 372">
     <span class='ocr_line' id='line_1_1' title="bbox 450 305 568 372; baseline 0 -1"><span class='ocrx_word' id='word_1_1' title='bbox 450 305 568 372; x_wconf 77' lang='grc'><strong>443</strong></span> 
     </span>
    </p>
   </div>
   <div class='ocr_carea' id='block_1_2' title="bbox 456 436 2088 525">
    <p class='ocr_par' dir='ltr' id='par_1_2' title="bbox 456 436 2088 525">
     <span class='ocr_line' id='line_1_2' title="bbox 456 436 2088 525; baseline -0.004 -19"><span class='ocrx_word' id='word_1_2' title='bbox 456 454 678 519; x_wconf 88' lang='lat' dir='ltr'><strong>metue,</strong></span> <span class='ocrx_word' id='word_1_3' title='bbox 716 450 919 525; x_wconf 80' lang='lat' dir='ltr'><strong>utpote</strong></span> <span class='ocrx_word' id='word_1_4' title='bbox 954 460 1091 522; x_wconf 75' lang='lat' dir='ltr'><strong>qua:</strong></span> <span class='ocrx_word' id='word_1_5' title='bbox 1149 461 1283 505; x_wconf 90' lang='lat' dir='ltr'><strong>cum</strong></span> <span class='ocrx_word' id='word_1_6' title='bbox 1344 443 1481 523; x_wconf 98' lang='lat' dir='ltr'><strong>igne</strong></span> <span class='ocrx_word' id='word_1_7' title='bbox 1539 447 1887 523; x_wconf 83' lang='lat' dir='ltr'><strong>appareant.</strong></span> <span class='ocrx_word' id='word_1_8' title='bbox 1922 436 2088 501; x_wconf 75' lang='grc' dir='ltr'><strong>Ηοάἰι</strong></span> 
     </span>
    </p>
   </div>
   <div class='ocr_carea' id='block_1_3' title="bbox 2196 436 2867 525">
    <p class='ocr_par' dir='ltr' id='par_1_3' title="bbox 2196 441 2867 521">
     <span class='ocr_line' id='line_1_3' title="bbox 2196 441 2867 521; baseline 0.003 -24"><span class='ocrx_word' id='word_1_9' title='bbox 2196 442 2331 519; x_wconf 78' lang='grc' dir='ltr'>μετᾶ</span> <span class='ocrx_word' id='word_1_10' title='bbox 2383 442 2544 519; x_wconf 75' lang='grc' dir='ltr'>πυρὸς</span> <span class='ocrx_word' id='word_1_11' title='bbox 2597 441 2867 521; x_wconf 69' lang='grc' dir='ltr'>ὁρωμένας</span> 
     </span>
    </p>
   </div>
   <div class='ocr_carea' id='block_1_4' title="bbox 454 528 2107 611">
    <p class='ocr_par' dir='ltr' id='par_1_4' title="bbox 454 528 2107 611">
     <span class='ocr_line' id='line_1_4' title="bbox 454 528 2107 611; baseline -0.004 -15"><span class='ocrx_word' id='word_1_12' title='bbox 454 533 781 597; x_wconf 74' lang='lat' dir='ltr'><strong>doceamus</strong></span> <span class='ocrx_word' id='word_1_13' title='bbox 813 554 828 611; x_wconf 89' lang='lat'><strong>;</strong></span> <span class='ocrx_word' id='word_1_14' title='bbox 855 551 987 597; x_wconf 91' lang='lat' dir='ltr'><strong>cras</strong></span> <span class='ocrx_word' id='word_1_15' title='bbox 1015 543 1228 611; x_wconf 86' lang='lat' dir='ltr'><strong>argute</strong></span> <span class='ocrx_word' id='word_1_16' title='bbox 1260 540 1319 593; x_wconf 90' lang='lat' dir='ltr'><strong>et</strong></span> <span class='ocrx_word' id='word_1_17' title='bbox 1347 531 1665 594; x_wconf 86' lang='lat' dir='ltr'><strong>artiﬁciose</strong></span> <span class='ocrx_word' id='word_1_18' title='bbox 1714 528 2107 591; x_wconf 78' lang='lat' dir='ltr'><strong>disseremus.</strong></span> 
     </span>
    </p>
   </div>
   <div class='ocr_carea' id='block_1_5' title="bbox 1692 299 2601 391">
    <p class='ocr_par' dir='ltr' id='par_1_5' title="bbox 1692 299 2601 391">
     <span class='ocr_line' id='line_1_5' title="bbox 1692 299 2601 391; baseline -0.002 -24"><span class='ocrx_word' id='word_1_19' title='bbox 1692 304 1755 367; x_wconf 82' lang='lat' dir='ltr'><strong>S.</strong></span> <span class='ocrx_word' id='word_1_20' title='bbox 1801 301 2171 368; x_wconf 78' lang='lat' dir='ltr'><strong>GREGORII</strong></span> <span class='ocrx_word' id='word_1_21' title='bbox 2216 299 2601 391; x_wconf 75' lang='lat' dir='ltr'><strong>THEOLOGI</strong></span> 
     </span>
    </p>
   </div>
   <div class='ocr_carea' id='block_1_6' title="bbox 3736 300 3855 367">
    <p class='ocr_par' dir='ltr' id='par_1_6' title="bbox 3736 300 3855 367">
     <span class='ocr_line' id='line_1_6' title="bbox 3736 300 3855 367; baseline -0.034 0"><span class='ocrx_word' id='word_1_22' title='bbox 3736 300 3855 367; x_wconf 74' lang='grc'><strong>444</strong></span> 
     </span>
    </p>
   </div>
   <div class='ocr_carea' id='block_1_7' title="bbox 2957 440 3851 523">
    <p class='ocr_par' dir='ltr' id='par_1_7' title="bbox 2957 440 3851 523">
     <span class='ocr_line' id='line_1_7' title="bbox 2957 440 3851 523; baseline -0.007 -20"><span class='ocrx_word' id='word_1_23' title='bbox 2957 442 3099 520; x_wconf 77' lang='grc'><strong>(64).</strong></span> <span class='ocrx_word' id='word_1_24' title='bbox 3178 444 3423 523; x_wconf 75' lang='grc' dir='ltr'>Σήμερον</span> <span class='ocrx_word' id='word_1_25' title='bbox 3503 440 3851 521; x_wconf 77' lang='grc' dir='ltr'>ὁογματίσω-</span> 
     </span>
    </p>
   </div>
   <div class='ocr_carea' id='block_1_8' title="bbox 2198 529 3845 612">
    <p class='ocr_par' dir='ltr' id='par_1_8' title="bbox 2198 529 3845 612">
     <span class='ocr_line' id='line_1_8' title="bbox 2198 529 3845 612; baseline 0.001 -25"><span class='ocrx_word' id='word_1_26' title='bbox 2198 552 2294 607; x_wconf 88' lang='grc' dir='ltr'><strong>μεν</strong></span> <span class='ocrx_word' id='word_1_27' title='bbox 2334 529 2483 611; x_wconf 84' lang='grc'>(65),</span> <span class='ocrx_word' id='word_1_28' title='bbox 2518 529 2692 610; x_wconf 70' lang='grc' dir='ltr'>αὔριον</span> <span class='ocrx_word' id='word_1_29' title='bbox 2725 530 3211 612; x_wconf 63' lang='grc' dir='ltr'>τεχνολογήσωμεν</span> <span class='ocrx_word' id='word_1_30' title='bbox 3243 548 3258 565; x_wconf 89' lang='grc'>⁶</span> <span class='ocrx_word' id='word_1_31' title='bbox 3312 534 3545 609; x_wconf 77' lang='grc' dir='ltr'>σήμερον</span> <span class='ocrx_word' id='word_1_32' title='bbox 3576 532 3845 610; x_wconf 73' lang='grc' dir='ltr'>ἒορτάσω·</span> 
     </span>
    </p>
   </div>
   <div class='ocr_carea' id='block_1_9' title="bbox 452 617 2088 703">
    <p class='ocr_par' dir='ltr' id='par_1_9' title="bbox 452 617 2088 702">
     <span class='ocr_line' id='line_1_9' title="bbox 452 617 2088 702; baseline -0.006 -15"><span class='ocrx_word' id='word_1_33' title='bbox 452 623 643 688; x_wconf 82' lang='lat' dir='ltr'><strong>Hodie</strong></span> <span class='ocrx_word' id='word_1_34' title='bbox 672 624 888 686; x_wconf 82' lang='lat' dir='ltr'><strong>festum</strong></span> <span class='ocrx_word' id='word_1_35' title='bbox 921 641 1189 702; x_wconf 84' lang='lat' dir='ltr'><strong>agamus;</strong></span> <span class='ocrx_word' id='word_1_36' title='bbox 1224 639 1356 684; x_wconf 90' lang='lat' dir='ltr'><strong>cras</strong></span> <span class='ocrx_word' id='word_1_37' title='bbox 1388 621 1709 683; x_wconf 76' lang='lat' dir='ltr'><strong>inhoneste</strong></span> <span class='ocrx_word' id='word_1_38' title='bbox 1742 626 1799 680; x_wconf 92' lang='lat' dir='ltr'><strong>et</strong></span> <span class='ocrx_word' id='word_1_39' title='bbox 1827 617 2088 681; x_wconf 70' lang='lat' dir='ltr'><strong>indecort</strong></span> 
     </span>
    </p>
   </div>
   <div class='ocr_carea' id='block_1_10' title="bbox 2196 617 3849 703">
    <p class='ocr_par' dir='ltr' id='par_1_10' title="bbox 2196 621 3849 703">
     <span class='ocr_line' id='line_1_10' title="bbox 2196 621 3849 703; baseline 0.002 -27"><span class='ocrx_word' id='word_1_40' title='bbox 2196 642 2315 697; x_wconf 83' lang='grc' dir='ltr'>μεν,</span> <span class='ocrx_word' id='word_1_41' title='bbox 2351 621 2525 700; x_wconf 74' lang='grc' dir='ltr'>αὔριον</span> <span class='ocrx_word' id='word_1_42' title='bbox 2555 621 3059 702; x_wconf 72' lang='grc' dir='ltr'>ἀσχημονήσωμεν.</span> <span class='ocrx_word' id='word_1_43' title='bbox 3096 633 3271 683; x_wconf 82' lang='grc' dir='ltr'>Ταῦτα</span> <span class='ocrx_word' id='word_1_44' title='bbox 3323 625 3618 703; x_wconf 78' lang='grc' dir='ltr'>μυετικῶς,</span> <span class='ocrx_word' id='word_1_45' title='bbox 3666 621 3849 679; x_wconf 69' lang='grc' dir='ltr'>ἐκεῖνα</span> 
     </span>
    </p>
   </div>
   <div class='ocr_carea' id='block_1_11' title="bbox 452 708 2088 794">
    <p class='ocr_par' dir='ltr' id='par_1_11' title="bbox 452 708 2088 794">
     <span class='ocr_line' id='line_1_11' title="bbox 452 708 2088 794; baseline -0.004 -19"><span class='ocrx_word' id='word_1_46' title='bbox 452 732 562 776; x_wconf 91' lang='lat' dir='ltr'><strong>nos</strong></span> <span class='ocrx_word' id='word_1_47' title='bbox 580 712 1023 793; x_wconf 78' lang='lat' dir='ltr'><strong>geremus.Haec</strong></span> <span class='ocrx_word' id='word_1_48' title='bbox 1057 711 1327 794; x_wconf 82' lang='lat' dir='ltr'><strong>mystice,</strong></span> <span class='ocrx_word' id='word_1_49' title='bbox 1363 710 1465 773; x_wconf 85' lang='lat' dir='ltr'><strong>illa</strong></span> <span class='ocrx_word' id='word_1_50' title='bbox 1499 708 1813 787; x_wconf 85' lang='lat' dir='ltr'><strong>theatrlce;</strong></span> <span class='ocrx_word' id='word_1_51' title='bbox 1844 708 1973 771; x_wconf 66' lang='lat' dir='ltr'><strong>haec</strong></span> <span class='ocrx_word' id='word_1_52' title='bbox 2004 726 2088 770; x_wconf 90' lang='lat' dir='ltr'><strong>ec-</strong></span> 
     </span>
    </p>
   </div>
   <div class='ocr_carea' id='block_1_12' title="bbox 2196 708 3848 794">
    <p class='ocr_par' dir='ltr' id='par_1_12' title="bbox 2196 710 3848 793">
     <span class='ocr_line' id='line_1_12' title="bbox 2196 710 3848 793; baseline 0.001 -27"><span class='ocrx_word' id='word_1_53' title='bbox 2196 714 2480 790; x_wconf 83' lang='grc' dir='ltr'>θεατρικῶς</span> <span class='ocrx_word' id='word_1_54' title='bbox 2516 732 2528 744; x_wconf 93' lang='grc'><strong>·</strong></span> <span class='ocrx_word' id='word_1_55' title='bbox 2584 713 2749 768; x_wconf 80' lang='grc' dir='ltr'><strong>ταῦτα</strong></span> <span class='ocrx_word' id='word_1_56' title='bbox 2792 726 2915 774; x_wconf 75' lang='grc' dir='ltr'>ταῖς</span> <span class='ocrx_word' id='word_1_57' title='bbox 2978 710 3310 793; x_wconf 76' lang='grc' dir='ltr'>ἐκκλησίαις,</span> <span class='ocrx_word' id='word_1_58' title='bbox 3345 713 3530 770; x_wconf 73' lang='grc' dir='ltr'>ἐκεῖνα</span> <span class='ocrx_word' id='word_1_59' title='bbox 3566 726 3682 778; x_wconf 71' lang='grc' dir='ltr'>ταῖς</span> <span class='ocrx_word' id='word_1_60' title='bbox 3714 712 3848 790; x_wconf 85' lang='grc' dir='ltr'>ἆγο-</span> 
     </span>
    </p>
   </div>
   <div class='ocr_carea' id='block_1_13' title="bbox 451 796 2088 885">
    <p class='ocr_par' dir='ltr' id='par_1_13' title="bbox 451 796 2088 885">
     <span class='ocr_line' id='line_1_13' title="bbox 451 796 2088 885; baseline -0.005 -19"><span class='ocrx_word' id='word_1_61' title='bbox 451 803 676 885; x_wconf 77' lang='lat' dir='ltr'><strong>clesiis,</strong></span> <span class='ocrx_word' id='word_1_62' title='bbox 710 803 813 865; x_wconf 90' lang='lat' dir='ltr'><strong>illa</strong></span> <span class='ocrx_word' id='word_1_63' title='bbox 839 803 993 874; x_wconf 82' lang='lat' dir='ltr'><strong>foro;</strong></span> <span class='ocrx_word' id='word_1_64' title='bbox 1025 802 1151 864; x_wconf 71' lang='lat' dir='ltr'><strong>haec</strong></span> <span class='ocrx_word' id='word_1_65' title='bbox 1171 800 1417 876; x_wconf 88' lang='lat' dir='ltr'><strong>sobriis,</strong></span> <span class='ocrx_word' id='word_1_66' title='bbox 1451 800 1551 862; x_wconf 89' lang='lat' dir='ltr'><strong>illa</strong></span> <span class='ocrx_word' id='word_1_67' title='bbox 1585 797 1959 873; x_wconf 85' lang='lat' dir='ltr'><strong>tumulentis;</strong></span> <span class='ocrx_word' id='word_1_68' title='bbox 1986 796 2088 859; x_wconf 61' lang='lat' dir='ltr'><strong>haec</strong></span> 
     </span>
    </p>
   </div>
   <div class='ocr_carea' id='block_1_14' title="bbox 2196 796 3838 885">
    <p class='ocr_par' dir='ltr' id='par_1_14' title="bbox 2196 803 3838 882">
     <span class='ocr_line' id='line_1_14' title="bbox 2196 803 3838 882; baseline 0 -25"><span class='ocrx_word' id='word_1_69' title='bbox 2196 805 2315 880; x_wconf 81' lang='grc' dir='ltr'>ραῖς</span> <span class='ocrx_word' id='word_1_70' title='bbox 2350 818 2365 832; x_wconf 84' lang='grc'><em>’</em></span> <span class='ocrx_word' id='word_1_71' title='bbox 2414 808 2580 858; x_wconf 76' lang='grc' dir='ltr'>ταῦτα</span> <span class='ocrx_word' id='word_1_72' title='bbox 2622 814 2740 867; x_wconf 77' lang='grc' dir='ltr'>τοῖς</span> <span class='ocrx_word' id='word_1_73' title='bbox 2797 803 3078 882; x_wconf 70' lang='grc' dir='ltr'>νήφουσιν,</span> <span class='ocrx_word' id='word_1_74' title='bbox 3132 803 3313 860; x_wconf 73' lang='grc' dir='ltr'>ἐκεῖνα</span> <span class='ocrx_word' id='word_1_75' title='bbox 3365 816 3481 869; x_wconf 75' lang='grc' dir='ltr'>τοϊς</span> <span class='ocrx_word' id='word_1_76' title='bbox 3513 804 3790 879; x_wconf 78' lang='grc' dir='ltr'><strong>μεθύουσιν</strong></span> <span class='ocrx_word' id='word_1_77' title='bbox 3823 815 3838 832; x_wconf 90' lang='grc'>⁶</span> 
     </span>
    </p>
   </div>
   <div class='ocr_carea' id='block_1_15' title="bbox 450 887 2111 971">
    <p class='ocr_par' dir='ltr' id='par_1_15' title="bbox 450 887 2111 971">
     <span class='ocr_line' id='line_1_15' title="bbox 450 887 2111 971; baseline -0.005 -16"><span class='ocrx_word' id='word_1_78' title='bbox 450 894 610 956; x_wconf 91' lang='lat' dir='ltr'><strong>serio</strong></span> <span class='ocrx_word' id='word_1_79' title='bbox 640 895 939 971; x_wconf 75' lang='lat' dir='ltr'><strong>agentium</strong></span> <span class='ocrx_word' id='word_1_80' title='bbox 967 891 1235 967; x_wconf 86' lang='lat' dir='ltr'><strong>sunt,illa</strong></span> <span class='ocrx_word' id='word_1_81' title='bbox 1267 891 1553 952; x_wconf 90' lang='lat' dir='ltr'><strong>adversus</strong></span> <span class='ocrx_word' id='word_1_82' title='bbox 1585 887 1876 969; x_wconf 82' lang='lat' dir='ltr'><strong>Spiritum</strong></span> <span class='ocrx_word' id='word_1_83' title='bbox 1902 888 2111 949; x_wconf 85' lang='lat' dir='ltr'><strong>luden-</strong></span> 
     </span>
    </p>
   </div>
   <div class='ocr_carea' id='block_1_16' title="bbox 453 977 2103 1063">
    <p class='ocr_par' dir='ltr' id='par_1_16' title="bbox 453 977 2103 1063">
     <span class='ocr_line' id='line_1_16' title="bbox 453 977 2103 1063; baseline -0.004 -20"><span class='ocrx_word' id='word_1_84' title='bbox 453 981 1022 1063; x_wconf 87' lang='lat' dir='ltr'><strong>tium.Posteaquam</strong></span> <span class='ocrx_word' id='word_1_85' title='bbox 1056 988 1254 1043; x_wconf 89' lang='lat' dir='ltr'><strong>autem</strong></span> <span class='ocrx_word' id='word_1_86' title='bbox 1288 978 1482 1041; x_wconf 91' lang='lat' dir='ltr'><strong>aliena</strong></span> <span class='ocrx_word' id='word_1_87' title='bbox 1515 977 1945 1051; x_wconf 87' lang='lat' dir='ltr'><strong>submovimus,</strong></span> <span class='ocrx_word' id='word_1_88' title='bbox 1974 994 2103 1056; x_wconf 87' lang='lat' dir='ltr'><strong>age,</strong></span> 
     </span>
    </p>
   </div>
   <div class='ocr_carea' id='block_1_17' title="bbox 449 1080 1131 1151">
    <p class='ocr_par' dir='ltr' id='par_1_17' title="bbox 449 1080 1131 1151">
     <span class='ocr_line' id='line_1_17' title="bbox 449 1080 1131 1151; baseline -0.003 -18"><span class='ocrx_word' id='word_1_89' title='bbox 449 1080 653 1134; x_wconf 86' lang='lat' dir='ltr'><strong>nostra</strong></span> <span class='ocrx_word' id='word_1_90' title='bbox 682 1088 1131 1151; x_wconf 88' lang='lat' dir='ltr'><strong>componamus.</strong></span> 
     </span>
    </p>
   </div>
   <div class='ocr_carea' id='block_1_18' title="bbox 529 1154 2099 1239">
    <p class='ocr_par' dir='ltr' id='par_1_18' title="bbox 529 1154 2099 1239">
     <span class='ocr_line' id='line_1_18' title="bbox 529 1154 2099 1239; baseline -0.005 -16"><span class='ocrx_word' id='word_1_91' title='bbox 529 1160 627 1224; x_wconf 84' lang='lat' dir='ltr'><strong>XI.</strong></span> <span class='ocrx_word' id='word_1_92' title='bbox 662 1161 928 1225; x_wconf 89' lang='lat' dir='ltr'><strong>Primum</strong></span> <span class='ocrx_word' id='word_1_93' title='bbox 950 1158 1129 1239; x_wconf 83' lang='lat' dir='ltr'><strong>igitur</strong></span> <span class='ocrx_word' id='word_1_94' title='bbox 1149 1158 1406 1239; x_wconf 91' lang='lat' dir='ltr'><strong>Spiritus</strong></span> <span class='ocrx_word' id='word_1_95' title='bbox 1431 1165 1670 1221; x_wconf 92' lang='lat' dir='ltr'><strong>sanctus</strong></span> <span class='ocrx_word' id='word_1_96' title='bbox 1701 1158 1761 1220; x_wconf 93' lang='lat' dir='ltr'><strong>in</strong></span> <span class='ocrx_word' id='word_1_97' title='bbox 1792 1154 2099 1239; x_wconf 83' lang='lat' dir='ltr'><strong>angelicis,</strong></span> 
     </span>
    </p>
   </div>
   <div class='ocr_carea' id='block_1_19' title="bbox 442 1246 2101 1329">
    <p class='ocr_par' dir='ltr' id='par_1_19' title="bbox 442 1246 2101 1329">
     <span class='ocr_line' id='line_1_19' title="bbox 442 1246 2101 1329; baseline -0.004 -18"><span class='ocrx_word' id='word_1_98' title='bbox 442 1257 499 1311; x_wconf 89' lang='lat' dir='ltr'><strong>et</strong></span> <span class='ocrx_word' id='word_1_99' title='bbox 530 1248 874 1311; x_wconf 57' lang='lat' dir='ltr'><strong>caelestibus</strong></span> <span class='ocrx_word' id='word_1_100' title='bbox 904 1247 1243 1323; x_wconf 84' lang='lat' dir='ltr'><strong>virtutibus,</strong></span> <span class='ocrx_word' id='word_1_101' title='bbox 1296 1248 1515 1327; x_wconf 90' lang='lat' dir='ltr'><strong>iisque,</strong></span> <span class='ocrx_word' id='word_1_102' title='bbox 1571 1267 1701 1329; x_wconf 84' lang='lat' dir='ltr'><strong>quae</strong></span> <span class='ocrx_word' id='word_1_103' title='bbox 1732 1257 1863 1329; x_wconf 91' lang='lat' dir='ltr'><strong>post</strong></span> <span class='ocrx_word' id='word_1_104' title='bbox 1912 1246 2101 1310; x_wconf 88' lang='lat' dir='ltr'><strong>Deum</strong></span> 
     </span>
    </p>
   </div>
   <div class='ocr_carea' id='block_1_20' title="bbox 439 1337 2101 1421">
    <p class='ocr_par' dir='ltr' id='par_1_20' title="bbox 439 1337 2101 1421">
     <span class='ocr_line' id='line_1_20' title="bbox 439 1337 2101 1421; baseline -0.006 -16"><span class='ocrx_word' id='word_1_105' title='bbox 439 1339 648 1421; x_wconf 65' lang='lat' dir='ltr'><strong>prima:</strong></span> <span class='ocrx_word' id='word_1_106' title='bbox 667 1348 1099 1420; x_wconf 86' lang='lat' dir='ltr'><strong>sunt,eumque</strong></span> <span class='ocrx_word' id='word_1_107' title='bbox 1118 1337 1539 1419; x_wconf 82' lang='lat' dir='ltr'><strong>circumstant,</strong></span> <span class='ocrx_word' id='word_1_108' title='bbox 1571 1339 1684 1400; x_wconf 90' lang='lat' dir='ltr'><strong>vim</strong></span> <span class='ocrx_word' id='word_1_109' title='bbox 1716 1357 1883 1400; x_wconf 90' lang='lat' dir='ltr'><strong>suam</strong></span> <span class='ocrx_word' id='word_1_110' title='bbox 1919 1352 2101 1399; x_wconf 87' lang='lat' dir='ltr'><strong>exer-</strong></span> 
     </span>
    </p>
   </div>
   <div class='ocr_carea' id='block_1_21' title="bbox 438 1426 2097 1510">
    <p class='ocr_par' dir='ltr' id='par_1_21' title="bbox 438 1426 2097 1510">
     <span class='ocr_line' id='line_1_21' title="bbox 438 1426 2097 1510; baseline -0.004 -19"><span class='ocrx_word' id='word_1_111' title='bbox 438 1428 844 1510; x_wconf 87' lang='lat' dir='ltr'><strong>cebat.Neque</strong></span> <span class='ocrx_word' id='word_1_112' title='bbox 877 1429 1036 1490; x_wconf 90' lang='lat' dir='ltr'><strong>enim</strong></span> <span class='ocrx_word' id='word_1_113' title='bbox 1062 1426 1302 1489; x_wconf 89' lang='lat' dir='ltr'><strong>aliunde</strong></span> <span class='ocrx_word' id='word_1_114' title='bbox 1348 1428 1775 1507; x_wconf 80' lang='lat' dir='ltr'><strong>perfectionem</strong></span> <span class='ocrx_word' id='word_1_115' title='bbox 1809 1435 1868 1489; x_wconf 91' lang='lat' dir='ltr'><strong>et</strong></span> <span class='ocrx_word' id='word_1_116' title='bbox 1896 1426 2097 1508; x_wconf 86' lang='lat' dir='ltr'><strong>splen-</strong></span> 
     </span>
    </p>
   </div>
   <div class='ocr_carea' id='block_1_22' title="bbox 436 1516 2097 1599">
    <p class='ocr_par' dir='ltr' id='par_1_22' title="bbox 436 1516 2097 1599">
     <span class='ocr_line' id='line_1_22' title="bbox 436 1516 2097 1599; baseline -0.004 -18"><span class='ocrx_word' id='word_1_117' title='bbox 436 1518 651 1581; x_wconf 89' lang='lat' dir='ltr'><strong>dorem</strong></span> <span class='ocrx_word' id='word_1_118' title='bbox 688 1517 1126 1599; x_wconf 88' lang='lat' dir='ltr'><strong>hahent,idque</strong></span> <span class='ocrx_word' id='word_1_119' title='bbox 1159 1524 1541 1598; x_wconf 54' lang='lat' dir='ltr'><strong>praeterea,ut</strong></span> <span class='ocrx_word' id='word_1_120' title='bbox 1561 1516 1635 1579; x_wconf 91' lang='lat' dir='ltr'><strong>ad</strong></span> <span class='ocrx_word' id='word_1_121' title='bbox 1668 1517 1887 1578; x_wconf 90' lang='lat' dir='ltr'><strong>malum</strong></span> <span class='ocrx_word' id='word_1_122' title='bbox 1918 1532 2097 1595; x_wconf 69' lang='lat' dir='ltr'><strong>aegre,</strong></span> 
     </span>
    </p>
   </div>
   <div class='ocr_carea' id='block_1_23' title="bbox 441 1606 2097 1689">
    <p class='ocr_par' dir='ltr' id='par_1_23' title="bbox 441 1606 2097 1689">
     <span class='ocr_line' id='line_1_23' title="bbox 441 1606 2097 1689; baseline -0.003 -21"><span class='ocrx_word' id='word_1_123' title='bbox 441 1609 530 1671; x_wconf 87' lang='lat' dir='ltr'><strong>vel</strong></span> <span class='ocrx_word' id='word_1_124' title='bbox 565 1608 728 1670; x_wconf 91' lang='lat' dir='ltr'><strong>nullo</strong></span> <span class='ocrx_word' id='word_1_125' title='bbox 788 1626 1031 1688; x_wconf 87' lang='lat' dir='ltr'><strong>prorsus</strong></span> <span class='ocrx_word' id='word_1_126' title='bbox 1093 1606 1268 1668; x_wconf 93' lang='lat' dir='ltr'><strong>modo</strong></span> <span class='ocrx_word' id='word_1_127' title='bbox 1329 1606 1552 1668; x_wconf 83' lang='lat' dir='ltr'><strong>moveri</strong></span> <span class='ocrx_word' id='word_1_128' title='bbox 1583 1616 1825 1689; x_wconf 83' lang='lat' dir='ltr'><strong>queant,</strong></span> <span class='ocrx_word' id='word_1_129' title='bbox 1859 1623 2033 1686; x_wconf 90' lang='lat' dir='ltr'><strong>quam</strong></span> <span class='ocrx_word' id='word_1_130' title='bbox 2065 1623 2097 1663; x_wconf 92' lang='lat' dir='ltr'><strong>a</strong></span> 
     </span>
    </p>
   </div>
   <div class='ocr_carea' id='block_1_24' title="bbox 436 1693 2094 1780">
    <p class='ocr_par' dir='ltr' id='par_1_24' title="bbox 436 1693 2094 1780">
     <span class='ocr_line' id='line_1_24' title="bbox 436 1693 2094 1780; baseline -0.005 -18"><span class='ocrx_word' id='word_1_131' title='bbox 436 1698 660 1780; x_wconf 84' lang='lat' dir='ltr'><strong>Spiritu</strong></span> <span class='ocrx_word' id='word_1_132' title='bbox 693 1706 922 1766; x_wconf 87' lang='lat' dir='ltr'><strong>sancto.</strong></span> <span class='ocrx_word' id='word_1_133' title='bbox 956 1696 1186 1759; x_wconf 86' lang='lat' dir='ltr'><strong>Deinde</strong></span> <span class='ocrx_word' id='word_1_134' title='bbox 1216 1696 1278 1757; x_wconf 92' lang='lat' dir='ltr'><strong>in</strong></span> <span class='ocrx_word' id='word_1_135' title='bbox 1337 1694 1611 1758; x_wconf 84' lang='lat' dir='ltr'><strong>Patribus</strong></span> <span class='ocrx_word' id='word_1_136' title='bbox 1675 1706 1732 1757; x_wconf 90' lang='lat' dir='ltr'><strong>et</strong></span> <span class='ocrx_word' id='word_1_137' title='bbox 1764 1693 2094 1778; x_wconf 76' lang='lat' dir='ltr'><strong>prophetis,</strong></span> 
     </span>
    </p>
   </div>
   <div class='ocr_carea' id='block_1_25' title="bbox 2191 888 3843 970">
    <p class='ocr_par' dir='ltr' id='par_1_25' title="bbox 2191 888 3843 970">
     <span class='ocr_line' id='line_1_25' title="bbox 2191 888 3843 970; baseline 0.003 -24"><span class='ocrx_word' id='word_1_138' title='bbox 2191 897 2357 947; x_wconf 80' lang='grc' dir='ltr'>ταῦτα</span> <span class='ocrx_word' id='word_1_139' title='bbox 2406 888 2833 970; x_wconf 76' lang='grc' dir='ltr'>σπουδαζόντων,</span> <span class='ocrx_word' id='word_1_140' title='bbox 2922 892 3105 950; x_wconf 70' lang='grc' dir='ltr'>ἐκεῖνα</span> <span class='ocrx_word' id='word_1_141' title='bbox 3174 892 3470 964; x_wconf 71' lang='grc' dir='ltr'>παιζόντων</span> <span class='ocrx_word' id='word_1_142' title='bbox 3538 893 3676 949; x_wconf 77' lang='grc' dir='ltr'>κατὰ</span> <span class='ocrx_word' id='word_1_143' title='bbox 3753 900 3843 951; x_wconf 83' lang='grc' dir='ltr'>τοῦ</span> 
     </span>
    </p>
   </div>
   <div class='ocr_carea' id='block_1_26' title="bbox 2192 978 3840 1063">
    <p class='ocr_par' dir='ltr' id='par_1_26' title="bbox 2192 978 3840 1063">
     <span class='ocr_line' id='line_1_26' title="bbox 2192 978 3840 1063; baseline 0.001 -27"><span class='ocrx_word' id='word_1_144' title='bbox 2192 981 2519 1055; x_wconf 78' lang='grc' dir='ltr'>Πνεύματος.</span> <span class='ocrx_word' id='word_1_145' title='bbox 2585 978 2734 1039; x_wconf 77' lang='grc' dir='ltr'>Ἐπεὶ</span> <span class='ocrx_word' id='word_1_146' title='bbox 2790 981 2844 1037; x_wconf 78' lang='grc' dir='ltr'><strong>δὲ</strong></span> <span class='ocrx_word' id='word_1_147' title='bbox 2904 982 3379 1060; x_wconf 80' lang='grc' dir='ltr'>ἀπεσκευασάμεθα</span> <span class='ocrx_word' id='word_1_148' title='bbox 3429 985 3490 1040; x_wconf 81' lang='grc' dir='ltr'><strong>τὸ</strong></span> <span class='ocrx_word' id='word_1_149' title='bbox 3539 980 3840 1063; x_wconf 71' lang='grc' dir='ltr'>ἀλλότριον,</span> 
     </span>
    </p>
   </div>
   <div class='ocr_carea' id='block_1_27' title="bbox 2189 1068 3328 1153">
    <p class='ocr_par' dir='ltr' id='par_1_27' title="bbox 2189 1068 3328 1153">
     <span class='ocr_line' id='line_1_27' title="bbox 2189 1068 3328 1153; baseline 0.009 -28"><span class='ocrx_word' id='word_1_150' title='bbox 2189 1068 2311 1149; x_wconf 83' lang='grc' dir='ltr'>φέρε</span> <span class='ocrx_word' id='word_1_151' title='bbox 2320 1070 2773 1153; x_wconf 21' lang='grc' dir='ltr'>,ῌκαταρτίσωμεν</span> <span class='ocrx_word' id='word_1_152' title='bbox 2804 1071 2923 1149; x_wconf 79' lang='grc'><strong>(66)</strong></span> <span class='ocrx_word' id='word_1_153' title='bbox 2953 1074 3013 1129; x_wconf 78' lang='grc' dir='ltr'>τὸ</span> <span class='ocrx_word' id='word_1_154' title='bbox 3044 1072 3328 1153; x_wconf 70' lang='grc' dir='ltr'>ὴμὲτερον.</span> 
     </span>
    </p>
   </div>
   <div class='ocr_carea' id='block_1_28' title="bbox 2270 1150 3841 1243">
    <p class='ocr_par' dir='ltr' id='par_1_28' title="bbox 2270 1150 3841 1243">
     <span class='ocr_line' id='line_1_28' title="bbox 2270 1150 3841 1243; baseline 0.003 -28"><span class='ocrx_word' id='word_1_155' title='bbox 2270 1150 2379 1219; x_wconf 67' lang='grc' dir='ltr'><strong>Μ’.</strong></span> <span class='ocrx_word' id='word_1_156' title='bbox 2408 1167 2571 1219; x_wconf 80' lang='grc' dir='ltr'>Τοῦτο</span> <span class='ocrx_word' id='word_1_157' title='bbox 2601 1159 2834 1239; x_wconf 68' lang='grc' dir='ltr'>ἐνήργει,</span> <span class='ocrx_word' id='word_1_158' title='bbox 2870 1162 3124 1242; x_wconf 86' lang='grc' dir='ltr'>πρότερον</span> <span class='ocrx_word' id='word_1_159' title='bbox 3157 1150 3257 1239; x_wconf 62' lang='grc' dir='ltr'>μέν</span> <span class='ocrx_word' id='word_1_160' title='bbox 3290 1162 3344 1219; x_wconf 81' lang='grc' dir='ltr'>ἐν</span> <span class='ocrx_word' id='word_1_161' title='bbox 3370 1176 3499 1227; x_wconf 73' lang='grc' dir='ltr'>ταῖς</span> <span class='ocrx_word' id='word_1_162' title='bbox 3522 1160 3841 1243; x_wconf 75' lang='grc' dir='ltr'>ἀγγελικαῐς</span> 
     </span>
    </p>
   </div>
   <div class='ocr_carea' id='block_1_29' title="bbox 2185 1250 3844 1333">
    <p class='ocr_par' dir='ltr' id='par_1_29' title="bbox 2185 1250 3844 1333">
     <span class='ocr_line' id='line_1_29' title="bbox 2185 1250 3844 1333; baseline 0.002 -28"><span class='ocrx_word' id='word_1_163' title='bbox 2185 1250 2273 1306; x_wconf 83' lang='grc' dir='ltr'><strong>καὶ</strong></span> <span class='ocrx_word' id='word_1_164' title='bbox 2331 1253 2588 1330; x_wconf 73' lang='grc' dir='ltr'>οὐρανίοις</span> <span class='ocrx_word' id='word_1_165' title='bbox 2645 1251 2761 1323; x_wconf 86' lang='grc'><strong>(67)</strong></span> <span class='ocrx_word' id='word_1_166' title='bbox 2804 1250 3077 1333; x_wconf 73' lang='grc' dir='ltr'>δυνάμεσι,</span> <span class='ocrx_word' id='word_1_167' title='bbox 3127 1255 3213 1310; x_wconf 83' lang='grc' dir='ltr'><strong>καὶ</strong></span> <span class='ocrx_word' id='word_1_168' title='bbox 3280 1252 3400 1311; x_wconf 80' lang='grc' dir='ltr'>ὅσαι</span> <span class='ocrx_word' id='word_1_169' title='bbox 3444 1256 3648 1325; x_wconf 75' lang='grc' dir='ltr'>πρῶται</span> <span class='ocrx_word' id='word_1_170' title='bbox 3707 1253 3844 1329; x_wconf 72' lang='grc' dir='ltr'>μετὰ</span> 
     </span>
    </p>
   </div>
   <div class='ocr_carea' id='block_1_30' title="bbox 2186 1341 3838 1422">
    <p class='ocr_par' dir='ltr' id='par_1_30' title="bbox 2186 1341 3838 1422">
     <span class='ocr_line' id='line_1_30' title="bbox 2186 1341 3838 1422; baseline 0.002 -27"><span class='ocrx_word' id='word_1_171' title='bbox 2186 1341 2340 1420; x_wconf 82' lang='grc' dir='ltr'>Θεὸν,</span> <span class='ocrx_word' id='word_1_172' title='bbox 2401 1342 2488 1397; x_wconf 82' lang='grc' dir='ltr'><strong>καὶ</strong></span> <span class='ocrx_word' id='word_1_173' title='bbox 2546 1342 2663 1419; x_wconf 84' lang='grc' dir='ltr'>περὶ</span> <span class='ocrx_word' id='word_1_174' title='bbox 2724 1342 2879 1404; x_wconf 80' lang='grc' dir='ltr'>Θεόν,</span> <span class='ocrx_word' id='word_1_175' title='bbox 2927 1343 2998 1400; x_wconf 70' lang='grc' dir='ltr'>Οὔ</span> <span class='ocrx_word' id='word_1_176' title='bbox 3050 1343 3150 1422; x_wconf 79' lang='grc' dir='ltr'><strong>γὰρ</strong></span> <span class='ocrx_word' id='word_1_177' title='bbox 3203 1343 3389 1403; x_wconf 75' lang='grc' dir='ltr'>ἄλοθεν</span> <span class='ocrx_word' id='word_1_178' title='bbox 3444 1347 3632 1407; x_wconf 71' lang='grc' dir='ltr'>αὖταϊς</span> <span class='ocrx_word' id='word_1_179' title='bbox 3680 1346 3713 1411; x_wconf 77' lang='grc' dir='ltr'>ἡ</span> <span class='ocrx_word' id='word_1_180' title='bbox 3744 1364 3838 1399; x_wconf 85' lang='grc' dir='ltr'>τε-</span> 
     </span>
    </p>
   </div>
   <div class='ocr_carea' id='block_1_31' title="bbox 2183 1427 3833 1515">
    <p class='ocr_par' dir='ltr' id='par_1_31' title="bbox 2183 1427 3833 1515">
     <span class='ocr_line' id='line_1_31' title="bbox 2183 1427 3833 1515; baseline 0.003 -31"><span class='ocrx_word' id='word_1_181' title='bbox 2183 1427 2394 1494; x_wconf 86' lang='grc' dir='ltr'>λείωσις</span> <span class='ocrx_word' id='word_1_182' title='bbox 2426 1431 2515 1487; x_wconf 82' lang='grc' dir='ltr'><strong>καὶ</strong></span> <span class='ocrx_word' id='word_1_183' title='bbox 2544 1432 2578 1498; x_wconf 73' lang='grc' dir='ltr'><strong>ἦ</strong></span> <span class='ocrx_word' id='word_1_184' title='bbox 2630 1429 2925 1508; x_wconf 78' lang='grc' dir='ltr'>ἔλλαμψις,</span> <span class='ocrx_word' id='word_1_185' title='bbox 2987 1434 3074 1490; x_wconf 79' lang='grc' dir='ltr'><strong>καὶ</strong></span> <span class='ocrx_word' id='word_1_186' title='bbox 3119 1435 3179 1490; x_wconf 78' lang='grc' dir='ltr'>τὸ</span> <span class='ocrx_word' id='word_1_187' title='bbox 3236 1436 3369 1515; x_wconf 81' lang='grc' dir='ltr'>πρὸς</span> <span class='ocrx_word' id='word_1_188' title='bbox 3428 1436 3615 1491; x_wconf 88' lang='grc' dir='ltr'>κακίαν</span> <span class='ocrx_word' id='word_1_189' title='bbox 3657 1432 3833 1489; x_wconf 79' lang='grc' dir='ltr'>δυσκί-</span> 
     </span>
    </p>
   </div>
   <div class='ocr_carea' id='block_1_32' title="bbox 2184 1520 3834 1604">
    <p class='ocr_par' dir='ltr' id='par_1_32' title="bbox 2184 1520 3834 1604">
     <span class='ocr_line' id='line_1_32' title="bbox 2184 1520 3834 1604; baseline 0.005 -29"><span class='ocrx_word' id='word_1_190' title='bbox 2184 1542 2369 1597; x_wconf 80' lang='grc' dir='ltr'>νητον,</span> <span class='ocrx_word' id='word_1_191' title='bbox 2414 1520 2449 1589; x_wconf 73' lang='grc' dir='ltr'>ἢ</span> <span class='ocrx_word' id='word_1_192' title='bbox 2508 1520 2779 1595; x_wconf 80' lang='grc' dir='ltr'>ἀκίνητον,</span> <span class='ocrx_word' id='word_1_193' title='bbox 2842 1524 2878 1591; x_wconf 78' lang='grc' dir='ltr'>ἢ</span> <span class='ocrx_word' id='word_1_194' title='bbox 2945 1525 3090 1604; x_wconf 76' lang='grc' dir='ltr'>παρὰ</span> <span class='ocrx_word' id='word_1_195' title='bbox 3154 1534 3247 1584; x_wconf 81' lang='grc' dir='ltr'>τοῦ</span> <span class='ocrx_word' id='word_1_196' title='bbox 3305 1525 3455 1603; x_wconf 80' lang='grc' dir='ltr'>ἁγίου</span> <span class='ocrx_word' id='word_1_197' title='bbox 3505 1524 3834 1599; x_wconf 81' lang='grc' dir='ltr'>Πνεύματος.</span> 
     </span>
    </p>
   </div>
   <div class='ocr_carea' id='block_1_33' title="bbox 2185 1606 3836 1693">
    <p class='ocr_par' dir='ltr' id='par_1_33' title="bbox 2185 1606 3836 1693">
     <span class='ocr_line' id='line_1_33' title="bbox 2185 1606 3836 1693; baseline 0 -26"><span class='ocrx_word' id='word_1_198' title='bbox 2185 1606 2423 1667; x_wconf 79' lang='grc' dir='ltr'>’Ἔπειτα</span> <span class='ocrx_word' id='word_1_199' title='bbox 2470 1612 2525 1665; x_wconf 71' lang='grc' dir='ltr'>ἐν</span> <span class='ocrx_word' id='word_1_200' title='bbox 2564 1624 2682 1675; x_wconf 75' lang='grc' dir='ltr'>τοῖς</span> <span class='ocrx_word' id='word_1_201' title='bbox 2744 1615 3005 1693; x_wconf 73' lang='grc' dir='ltr'>Πατράσι,</span> <span class='ocrx_word' id='word_1_202' title='bbox 3053 1614 3141 1670; x_wconf 85' lang='grc' dir='ltr'><strong>καὶ</strong></span> <span class='ocrx_word' id='word_1_203' title='bbox 3173 1614 3228 1669; x_wconf 81' lang='grc' dir='ltr'>ἐν</span> <span class='ocrx_word' id='word_1_204' title='bbox 3261 1627 3380 1680; x_wconf 73' lang='grc' dir='ltr'>τοῖς</span> <span class='ocrx_word' id='word_1_205' title='bbox 3410 1614 3728 1693; x_wconf 75' lang='grc' dir='ltr'>προφήταις,</span> <span class='ocrx_word' id='word_1_206' title='bbox 3760 1617 3836 1669; x_wconf 82' lang='grc' dir='ltr'>ὧν</span> 
     </span>
    </p>
   </div>
   <div class='ocr_carea' id='block_1_34' title="bbox 2183 1699 3836 1782">
    <p class='ocr_par' dir='ltr' id='par_1_34' title="bbox 2183 1699 3836 1782">
     <span class='ocr_line' id='line_1_34' title="bbox 2183 1699 3836 1782; baseline 0.002 -26"><span class='ocrx_word' id='word_1_207' title='bbox 2183 1701 2230 1756; x_wconf 83' lang='grc' dir='ltr'><strong>οί</strong></span> <span class='ocrx_word' id='word_1_208' title='bbox 2261 1701 2359 1775; x_wconf 81' lang='grc' dir='ltr'>μὲν</span> <span class='ocrx_word' id='word_1_209' title='bbox 2390 1699 2790 1780; x_wconf 73' lang='grc' dir='ltr'>ἐφαντάσθησαν</span> <span class='ocrx_word' id='word_1_210' title='bbox 2852 1704 3009 1775; x_wconf 78' lang='grc' dir='ltr'>Θεὸν,</span> <span class='ocrx_word' id='word_1_211' title='bbox 3049 1704 3082 1772; x_wconf 70' lang='grc' dir='ltr'><strong>ἢ</strong></span> <span class='ocrx_word' id='word_1_212' title='bbox 3136 1702 3398 1782; x_wconf 76' lang='grc' dir='ltr'>ἔγνωσαν,</span> <span class='ocrx_word' id='word_1_213' title='bbox 3442 1706 3487 1759; x_wconf 77' lang='grc' dir='ltr'>οἱ</span> <span class='ocrx_word' id='word_1_214' title='bbox 3530 1700 3584 1779; x_wconf 69' lang='grc' dir='ltr'><strong>δὲ</strong></span> <span class='ocrx_word' id='word_1_215' title='bbox 3633 1704 3721 1759; x_wconf 84' lang='grc' dir='ltr'>καὶ</span> <span class='ocrx_word' id='word_1_216' title='bbox 3774 1705 3836 1759; x_wconf 85' lang='grc' dir='ltr'>τὸ</span> 
     </span>
    </p>
   </div>
   <div class='ocr_carea' id='block_1_35' title="bbox 438 1784 2088 1871">
    <p class='ocr_par' dir='ltr' id='par_1_35' title="bbox 438 1784 2088 1871">
     <span class='ocr_line' id='line_1_35' title="bbox 438 1784 2088 1871; baseline -0.004 -20"><span class='ocrx_word' id='word_1_217' title='bbox 438 1806 691 1871; x_wconf 88' lang='lat' dir='ltr'><strong>quorum</strong></span> <span class='ocrx_word' id='word_1_218' title='bbox 718 1787 820 1849; x_wconf 86' lang='lat' dir='ltr'><strong>alii</strong></span> <span class='ocrx_word' id='word_1_219' title='bbox 847 1788 1037 1851; x_wconf 90' lang='lat' dir='ltr'><strong>Deum</strong></span> <span class='ocrx_word' id='word_1_220' title='bbox 1063 1805 1167 1867; x_wconf 93' lang='lat' dir='ltr'><strong>per</strong></span> <span class='ocrx_word' id='word_1_221' title='bbox 1189 1784 1511 1866; x_wconf 87' lang='lat' dir='ltr'><strong>imaginem</strong></span> <span class='ocrx_word' id='word_1_222' title='bbox 1533 1787 1834 1862; x_wconf 87' lang='lat' dir='ltr'><strong>viderunt,</strong></span> <span class='ocrx_word' id='word_1_223' title='bbox 1861 1794 1961 1848; x_wconf 80' lang='lat' dir='ltr'><strong>aut</strong></span> <span class='ocrx_word' id='word_1_224' title='bbox 1990 1803 2088 1847; x_wconf 85' lang='lat' dir='ltr'><strong>co-</strong></span> 
     </span>
    </p>
   </div>
   <div class='ocr_carea' id='block_1_36' title="bbox 2196 1784 3839 1871">
    <p class='ocr_par' dir='ltr' id='par_1_36' title="bbox 2196 1787 3839 1869">
     <span class='ocr_line' id='line_1_36' title="bbox 2196 1787 3839 1869; baseline 0.001 -23"><span class='ocrx_word' id='word_1_225' title='bbox 2196 1787 2381 1846; x_wconf 69' lang='grc' dir='ltr'>ιὲλΑον</span> <span class='ocrx_word' id='word_1_226' title='bbox 2413 1790 2757 1869; x_wconf 78' lang='grc' dir='ltr'>προέγνωσαν</span> <span class='ocrx_word' id='word_1_227' title='bbox 2783 1792 3106 1867; x_wconf 78' lang='grc' dir='ltr'>τυπούμενοι</span> <span class='ocrx_word' id='word_1_228' title='bbox 3171 1801 3247 1868; x_wconf 84' lang='grc' dir='ltr'>τῷ</span> <span class='ocrx_word' id='word_1_229' title='bbox 3291 1795 3555 1867; x_wconf 80' lang='grc' dir='ltr'>Πνεύματι</span> <span class='ocrx_word' id='word_1_230' title='bbox 3597 1793 3659 1848; x_wconf 69' lang='grc' dir='ltr'>τὸ</span> <span class='ocrx_word' id='word_1_231' title='bbox 3701 1792 3839 1869; x_wconf 82' lang='grc' dir='ltr'>ἠγε-</span> 
     </span>
    </p>
   </div>
   <div class='ocr_carea' id='block_1_37' title="bbox 439 1874 2096 1959">
    <p class='ocr_par' dir='ltr' id='par_1_37' title="bbox 439 1874 2096 1959">
     <span class='ocr_line' id='line_1_37' title="bbox 439 1874 2096 1959; baseline -0.003 -19"><span class='ocrx_word' id='word_1_232' title='bbox 439 1884 793 1959; x_wconf 85' lang='lat' dir='ltr'><strong>gnoverunt,</strong></span> <span class='ocrx_word' id='word_1_233' title='bbox 824 1878 924 1940; x_wconf 90' lang='lat' dir='ltr'><strong>alii</strong></span> <span class='ocrx_word' id='word_1_234' title='bbox 948 1885 1142 1939; x_wconf 88' lang='lat' dir='ltr'><strong>autem</strong></span> <span class='ocrx_word' id='word_1_235' title='bbox 1190 1876 1370 1938; x_wconf 86' lang='lat' dir='ltr'><strong>etiam</strong></span> <span class='ocrx_word' id='word_1_236' title='bbox 1406 1893 1504 1939; x_wconf 88' lang='lat' dir='ltr'><strong>res</strong></span> <span class='ocrx_word' id='word_1_237' title='bbox 1529 1877 1755 1939; x_wconf 83' lang='lat' dir='ltr'><strong>futuras</strong></span> <span class='ocrx_word' id='word_1_238' title='bbox 1781 1874 2096 1958; x_wconf 83' lang='lat' dir='ltr'><strong>praescive-</strong></span> 
     </span>
    </p>
   </div>
   <div class='ocr_carea' id='block_1_38' title="bbox 440 1966 2095 2050">
    <p class='ocr_par' dir='ltr' id='par_1_38' title="bbox 440 1966 2095 2050">
     <span class='ocr_line' id='line_1_38' title="bbox 440 1966 2095 2050; baseline -0.005 -19"><span class='ocrx_word' id='word_1_239' title='bbox 440 1976 602 2049; x_wconf 87' lang='lat' dir='ltr'><strong>runt,</strong></span> <span class='ocrx_word' id='word_1_240' title='bbox 637 1969 993 2050; x_wconf 87' lang='lat' dir='ltr'><strong>impressam</strong></span> <span class='ocrx_word' id='word_1_241' title='bbox 1022 1966 1312 2029; x_wconf 89' lang='lat' dir='ltr'><strong>nimirum</strong></span> <span class='ocrx_word' id='word_1_242' title='bbox 1350 1984 1459 2048; x_wconf 89' lang='lat' dir='ltr'><strong>per</strong></span> <span class='ocrx_word' id='word_1_243' title='bbox 1504 1966 1791 2048; x_wconf 88' lang='lat' dir='ltr'><strong>Spiritum</strong></span> <span class='ocrx_word' id='word_1_244' title='bbox 1825 1972 2095 2029; x_wconf 90' lang='lat' dir='ltr'><strong>sanctum</strong></span> 
     </span>
    </p>
   </div>
   <div class='ocr_carea' id='block_1_39' title="bbox 442 2051 2099 2139">
    <p class='ocr_par' dir='ltr' id='par_1_39' title="bbox 442 2051 2099 2139">
     <span class='ocr_line' id='line_1_39' title="bbox 442 2051 2099 2139; baseline -0.004 -21"><span class='ocrx_word' id='word_1_245' title='bbox 442 2058 773 2139; x_wconf 85' lang='lat' dir='ltr'><strong>principem</strong></span> <span class='ocrx_word' id='word_1_246' title='bbox 805 2056 999 2121; x_wconf 87' lang='lat' dir='ltr'><strong>animi</strong></span> <span class='ocrx_word' id='word_1_247' title='bbox 1027 2066 1253 2139; x_wconf 84' lang='lat' dir='ltr'><strong>partem</strong></span> <span class='ocrx_word' id='word_1_248' title='bbox 1281 2056 1593 2133; x_wconf 83' lang='lat' dir='ltr'><strong>habentes,</strong></span> <span class='ocrx_word' id='word_1_249' title='bbox 1625 2068 1680 2118; x_wconf 91' lang='lat' dir='ltr'><strong>et</strong></span> <span class='ocrx_word' id='word_1_250' title='bbox 1721 2076 1855 2119; x_wconf 85' lang='lat' dir='ltr'><strong>cum</strong></span> <span class='ocrx_word' id='word_1_251' title='bbox 1883 2051 2099 2117; x_wconf 81' lang='lat' dir='ltr'><strong>futuris</strong></span> 
     </span>
    </p>
   </div>
   <div class='ocr_carea' id='block_1_40' title="bbox 438 2140 2097 2227">
    <p class='ocr_par' dir='ltr' id='par_1_40' title="bbox 438 2140 2097 2227">
     <span class='ocr_line' id='line_1_40' title="bbox 438 2140 2097 2227; baseline -0.004 -20"><span class='ocrx_word' id='word_1_252' title='bbox 438 2155 715 2227; x_wconf 90' lang='lat' dir='ltr'><strong>tanquam</strong></span> <span class='ocrx_word' id='word_1_253' title='bbox 747 2166 881 2209; x_wconf 92' lang='lat' dir='ltr'><strong>cum</strong></span> <span class='ocrx_word' id='word_1_254' title='bbox 910 2144 1307 2227; x_wconf 80' lang='lat' dir='ltr'><strong>praesentibus</strong></span> <span class='ocrx_word' id='word_1_255' title='bbox 1364 2154 1695 2208; x_wconf 87' lang='lat' dir='ltr'><strong>versantes.</strong></span> <span class='ocrx_word' id='word_1_256' title='bbox 1742 2140 2097 2223; x_wconf 63' lang='lat' dir='ltr'><strong>Huiusmodi</strong></span> 
     </span>
    </p>
   </div>
   <div class='ocr_carea' id='block_1_41' title="bbox 439 2230 2094 2318">
    <p class='ocr_par' dir='ltr' id='par_1_41' title="bbox 439 2230 2094 2318">
     <span class='ocr_line' id='line_1_41' title="bbox 439 2230 2094 2318; baseline -0.004 -21"><span class='ocrx_word' id='word_1_257' title='bbox 439 2235 662 2318; x_wconf 87' lang='lat' dir='ltr'><strong>quippe</strong></span> <span class='ocrx_word' id='word_1_258' title='bbox 684 2236 944 2318; x_wconf 90' lang='lat' dir='ltr'><strong>Spiritus</strong></span> <span class='ocrx_word' id='word_1_259' title='bbox 967 2237 1050 2297; x_wconf 80' lang='lat' dir='ltr'><strong>vis</strong></span> <span class='ocrx_word' id='word_1_260' title='bbox 1072 2253 1138 2297; x_wconf 90' lang='lat' dir='ltr'><strong>ac</strong></span> <span class='ocrx_word' id='word_1_261' title='bbox 1186 2236 1444 2316; x_wconf 86' lang='lat' dir='ltr'><strong>potentia</strong></span> <span class='ocrx_word' id='word_1_262' title='bbox 1470 2245 1580 2297; x_wconf 89' lang='lat' dir='ltr'><strong>est.</strong></span> <span class='ocrx_word' id='word_1_263' title='bbox 1610 2234 1761 2298; x_wconf 88' lang='lat' dir='ltr'><strong>Tum</strong></span> <span class='ocrx_word' id='word_1_264' title='bbox 1789 2236 1847 2296; x_wconf 90' lang='lat' dir='ltr'><strong>in</strong></span> <span class='ocrx_word' id='word_1_265' title='bbox 1875 2230 2094 2296; x_wconf 86' lang='lat' dir='ltr'><strong>Christi</strong></span> 
     </span>
    </p>
   </div>
   <div class='ocr_carea' id='block_1_42' title="bbox 437 2323 2093 2407">
    <p class='ocr_par' dir='ltr' id='par_1_42' title="bbox 437 2323 2093 2407">
     <span class='ocr_line' id='line_1_42' title="bbox 437 2323 2093 2407; baseline -0.005 -18"><span class='ocrx_word' id='word_1_266' title='bbox 437 2325 753 2406; x_wconf 78' lang='lat' dir='ltr'><strong>discipulis</strong></span> <span class='ocrx_word' id='word_1_267' title='bbox 782 2325 1105 2407; x_wconf 88' lang='lat' dir='ltr'><strong>(Christum</strong></span> <span class='ocrx_word' id='word_1_268' title='bbox 1130 2326 1289 2387; x_wconf 91' lang='lat' dir='ltr'><strong>enim</strong></span> <span class='ocrx_word' id='word_1_269' title='bbox 1312 2325 1724 2406; x_wconf 67' lang='lat' dir='ltr'><strong>praetermitto,</strong></span> <span class='ocrx_word' id='word_1_270' title='bbox 1748 2325 1845 2387; x_wconf 91' lang='lat' dir='ltr'><strong>cui</strong></span> <span class='ocrx_word' id='word_1_271' title='bbox 1867 2323 2093 2394; x_wconf 85' lang='lat' dir='ltr'><strong>aderat,</strong></span> 
     </span>
    </p>
   </div>
   <div class='ocr_carea' id='block_1_43' title="bbox 435 2414 2095 2497">
    <p class='ocr_par' dir='ltr' id='par_1_43' title="bbox 435 2414 2095 2497">
     <span class='ocr_line' id='line_1_43' title="bbox 435 2414 2095 2497; baseline -0.001 -21"><span class='ocrx_word' id='word_1_272' title='bbox 435 2433 555 2477; x_wconf 90' lang='lat' dir='ltr'><strong>non</strong></span> <span class='ocrx_word' id='word_1_273' title='bbox 588 2423 652 2476; x_wconf 92' lang='lat' dir='ltr'><strong>ut</strong></span> <span class='ocrx_word' id='word_1_274' title='bbox 673 2433 952 2496; x_wconf 83' lang='lat' dir='ltr'><strong>cperans,</strong></span> <span class='ocrx_word' id='word_1_275' title='bbox 978 2414 1081 2476; x_wconf 87' lang='lat' dir='ltr'><strong>sed</strong></span> <span class='ocrx_word' id='word_1_276' title='bbox 1116 2423 1180 2476; x_wconf 93' lang='lat' dir='ltr'><strong>ut</strong></span> <span class='ocrx_word' id='word_1_277' title='bbox 1206 2414 1497 2497; x_wconf 60' lang='lat' dir='ltr'><strong>aequalem</strong></span> <span class='ocrx_word' id='word_1_278' title='bbox 1523 2415 1869 2494; x_wconf 88' lang='lat' dir='ltr'><strong>comitans);</strong></span> <span class='ocrx_word' id='word_1_279' title='bbox 1902 2415 2095 2494; x_wconf 89' lang='lat' dir='ltr'><strong>iisque</strong></span> 
     </span>
    </p>
   </div>
   <div class='ocr_carea' id='block_1_44' title="bbox 436 2503 2094 2586">
    <p class='ocr_par' dir='ltr' id='par_1_44' title="bbox 436 2503 2094 2586">
     <span class='ocr_line' id='line_1_44' title="bbox 436 2503 2094 2586; baseline 0 -20"><span class='ocrx_word' id='word_1_280' title='bbox 436 2503 939 2586; x_wconf 82' lang='lat' dir='ltr'><strong>trifariam.prout</strong></span> <span class='ocrx_word' id='word_1_281' title='bbox 970 2506 1235 2585; x_wconf 90' lang='lat' dir='ltr'><strong>ipsorum</strong></span> <span class='ocrx_word' id='word_1_282' title='bbox 1273 2512 1478 2584; x_wconf 92' lang='lat' dir='ltr'><strong>captus</strong></span> <span class='ocrx_word' id='word_1_283' title='bbox 1508 2504 1759 2581; x_wconf 79' lang='lat' dir='ltr'><strong>ferebat,</strong></span> <span class='ocrx_word' id='word_1_284' title='bbox 1785 2504 2094 2585; x_wconf 84' lang='lat' dir='ltr'><strong>tribusque</strong></span> 
     </span>
    </p>
   </div>
   <div class='ocr_carea' id='block_1_45' title="bbox 435 2592 2097 2675">
    <p class='ocr_par' dir='ltr' id='par_1_45' title="bbox 435 2592 2097 2675">
     <span class='ocr_line' id='line_1_45' title="bbox 435 2592 2097 2675; baseline -0.001 -20"><span class='ocrx_word' id='word_1_285' title='bbox 435 2593 804 2675; x_wconf 83' lang='lat' dir='ltr'><strong>temporibus</strong></span> <span class='ocrx_word' id='word_1_286' title='bbox 840 2612 855 2657; x_wconf 90' lang='lat'>:</span> <span class='ocrx_word' id='word_1_287' title='bbox 892 2612 1133 2674; x_wconf 91' lang='lat' dir='ltr'><strong>nempe,</strong></span> <span class='ocrx_word' id='word_1_288' title='bbox 1169 2604 1487 2675; x_wconf 90' lang='lat' dir='ltr'><strong>antequam</strong></span> <span class='ocrx_word' id='word_1_289' title='bbox 1521 2592 1793 2657; x_wconf 87' lang='lat' dir='ltr'><strong>Christus</strong></span> <span class='ocrx_word' id='word_1_290' title='bbox 1821 2612 1929 2675; x_wconf 90' lang='lat' dir='ltr'><strong>per</strong></span> <span class='ocrx_word' id='word_1_291' title='bbox 1958 2593 2097 2655; x_wconf 80' lang='lat' dir='ltr'><strong>Pas-</strong></span> 
     </span>
    </p>
   </div>
   <div class='ocr_carea' id='block_1_46' title="bbox 432 2682 2093 2765">
    <p class='ocr_par' dir='ltr' id='par_1_46' title="bbox 432 2682 2093 2765">
     <span class='ocr_line' id='line_1_46' title="bbox 432 2682 2093 2765; baseline -0.001 -19"><span class='ocrx_word' id='word_1_292' title='bbox 432 2684 663 2746; x_wconf 81' lang='lat' dir='ltr'><strong>sionem</strong></span> <span class='ocrx_word' id='word_1_293' title='bbox 698 2682 1066 2764; x_wconf 81' lang='lat' dir='ltr'><strong>gloriﬁcatus</strong></span> <span class='ocrx_word' id='word_1_294' title='bbox 1094 2692 1250 2746; x_wconf 91' lang='lat' dir='ltr'><strong>esset</strong></span> <span class='ocrx_word' id='word_1_295' title='bbox 1291 2733 1305 2747; x_wconf 92' lang='lat'><strong>.</strong></span> <span class='ocrx_word' id='word_1_296' title='bbox 1329 2692 1644 2764; x_wconf 87' lang='lat' dir='ltr'><strong>postquam</strong></span> <span class='ocrx_word' id='word_1_297' title='bbox 1674 2702 1781 2765; x_wconf 90' lang='lat' dir='ltr'><strong>per</strong></span> <span class='ocrx_word' id='word_1_298' title='bbox 1803 2684 2093 2745; x_wconf 80' lang='lat' dir='ltr'><strong>Resurre-</strong></span> 
     </span>
    </p>
   </div>
   <div class='ocr_carea' id='block_1_47' title="bbox 2183 1881 3844 1960">
    <p class='ocr_par' dir='ltr' id='par_1_47' title="bbox 2183 1881 3844 1960">
     <span class='ocr_line' id='line_1_47' title="bbox 2183 1881 3844 1960; baseline 0.001 -25"><span class='ocrx_word' id='word_1_299' title='bbox 2183 1881 2428 1955; x_wconf 77' lang='grc' dir='ltr'>μονικὸν,</span> <span class='ocrx_word' id='word_1_300' title='bbox 2461 1881 2550 1936; x_wconf 82' lang='grc' dir='ltr'><strong>καὶ</strong></span> <span class='ocrx_word' id='word_1_301' title='bbox 2581 1882 2654 1943; x_wconf 81' lang='grc' dir='ltr'>ὼς</span> <span class='ocrx_word' id='word_1_302' title='bbox 2700 1892 2929 1960; x_wconf 78' lang='grc' dir='ltr'>παροῦσι</span> <span class='ocrx_word' id='word_1_303' title='bbox 2964 1883 3208 1946; x_wconf 86' lang='grc' dir='ltr'>συνόντες</span> <span class='ocrx_word' id='word_1_304' title='bbox 3239 1897 3359 1948; x_wconf 75' lang='grc' dir='ltr'>τοῖς</span> <span class='ocrx_word' id='word_1_305' title='bbox 3390 1882 3696 1956; x_wconf 70' lang='grc' dir='ltr'>ὲσομένοις.</span> <span class='ocrx_word' id='word_1_306' title='bbox 3725 1893 3844 1941; x_wconf 88' lang='grc' dir='ltr'>Τοι-</span> 
     </span>
    </p>
   </div>
   <div class='ocr_carea' id='block_1_48' title="bbox 2182 1962 3840 2049">
    <p class='ocr_par' dir='ltr' id='par_1_48' title="bbox 2182 1962 3840 2049">
     <span class='ocr_line' id='line_1_48' title="bbox 2182 1962 3840 2049; baseline 0.002 -24"><span class='ocrx_word' id='word_1_307' title='bbox 2182 1970 2315 2036; x_wconf 81' lang='grc' dir='ltr'>αύτη</span> <span class='ocrx_word' id='word_1_308' title='bbox 2345 1971 2445 2049; x_wconf 69' lang='grc' dir='ltr'><strong>γὰρ</strong></span> <span class='ocrx_word' id='word_1_309' title='bbox 2475 1972 2509 2039; x_wconf 76' lang='grc' dir='ltr'>ἡ</span> <span class='ocrx_word' id='word_1_310' title='bbox 2544 1978 2637 2028; x_wconf 78' lang='grc' dir='ltr'>τοῦ</span> <span class='ocrx_word' id='word_1_311' title='bbox 2698 1970 3003 2047; x_wconf 80' lang='grc' dir='ltr'>[Ινεόματος</span> <span class='ocrx_word' id='word_1_312' title='bbox 3059 1971 3303 2049; x_wconf 81' lang='grc' dir='ltr'>δύναμις.</span> <span class='ocrx_word' id='word_1_313' title='bbox 3352 1962 3594 2031; x_wconf 72' lang='grc' dir='ltr'>’Ἐπειτα</span> <span class='ocrx_word' id='word_1_314' title='bbox 3623 1972 3679 2029; x_wconf 70' lang='grc' dir='ltr'>ἐν</span> <span class='ocrx_word' id='word_1_315' title='bbox 3721 1985 3840 2035; x_wconf 82' lang='grc' dir='ltr'>τοῖς</span> 
     </span>
    </p>
   </div>
   <div class='ocr_carea' id='block_1_49' title="bbox 2181 2060 3838 2144">
    <p class='ocr_par' dir='ltr' id='par_1_49' title="bbox 2181 2060 3838 2144">
     <span class='ocr_line' id='line_1_49' title="bbox 2181 2060 3838 2144; baseline -0.001 -27"><span class='ocrx_word' id='word_1_316' title='bbox 2181 2066 2408 2131; x_wconf 78' lang='grc' dir='ltr'>Χριστοῦ</span> <span class='ocrx_word' id='word_1_317' title='bbox 2437 2063 2705 2135; x_wconf 73' lang='grc' dir='ltr'><strong>μαθηταῖς</strong></span> <span class='ocrx_word' id='word_1_318' title='bbox 2744 2060 2840 2141; x_wconf 79' lang='grc' dir='ltr'><strong>(ἐῶ</strong></span> <span class='ocrx_word' id='word_1_319' title='bbox 2890 2064 2989 2142; x_wconf 83' lang='grc' dir='ltr'><strong>γὰρ</strong></span> <span class='ocrx_word' id='word_1_320' title='bbox 3040 2066 3265 2141; x_wconf 82' lang='grc' dir='ltr'>Χριστὸν</span> <span class='ocrx_word' id='word_1_321' title='bbox 3315 2065 3511 2144; x_wconf 76' lang='grc' dir='ltr'>εἰπεῖν,</span> <span class='ocrx_word' id='word_1_322' title='bbox 3564 2064 3610 2138; x_wconf 85' lang='grc' dir='ltr'>ᾧ</span> <span class='ocrx_word' id='word_1_323' title='bbox 3639 2065 3838 2142; x_wconf 71' lang='grc' dir='ltr'>παρῆν,</span> 
     </span>
    </p>
   </div>
   <div class='ocr_carea' id='block_1_50' title="bbox 2184 2149 3833 2233">
    <p class='ocr_par' dir='ltr' id='par_1_50' title="bbox 2184 2149 3833 2233">
     <span class='ocr_line' id='line_1_50' title="bbox 2184 2149 3833 2233; baseline 0.001 -28"><span class='ocrx_word' id='word_1_324' title='bbox 2184 2150 2279 2227; x_wconf 71' lang='grc' dir='ltr'>οὖγ</span> <span class='ocrx_word' id='word_1_325' title='bbox 2318 2150 2390 2211; x_wconf 84' lang='grc' dir='ltr'>ὡς</span> <span class='ocrx_word' id='word_1_326' title='bbox 2422 2152 2687 2229; x_wconf 72' lang='grc' dir='ltr'>ἓνεργοῦν,</span> <span class='ocrx_word' id='word_1_327' title='bbox 2734 2149 2857 2207; x_wconf 72' lang='grc' dir='ltr'>ἀλλ’</span> <span class='ocrx_word' id='word_1_328' title='bbox 2887 2154 2961 2217; x_wconf 80' lang='grc' dir='ltr'>ὡς</span> <span class='ocrx_word' id='word_1_329' title='bbox 2990 2152 3233 2229; x_wconf 76' lang='grc' dir='ltr'>ὁμοτίμῳ</span> <span class='ocrx_word' id='word_1_330' title='bbox 3282 2159 3782 2233; x_wconf 67' lang='grc' dir='ltr'>συμπαρομαρτῶν)</span> <span class='ocrx_word' id='word_1_331' title='bbox 3819 2168 3833 2181; x_wconf 88' lang='lat'><strong>&#39;</strong></span> 
     </span>
    </p>
   </div>
   <div class='ocr_carea' id='block_1_51' title="bbox 2178 2239 3839 2324">
    <p class='ocr_par' dir='ltr' id='par_1_51' title="bbox 2178 2239 3839 2324">
     <span class='ocr_line' id='line_1_51' title="bbox 2178 2239 3839 2324; baseline 0.002 -31"><span class='ocrx_word' id='word_1_332' title='bbox 2178 2239 2265 2295; x_wconf 78' lang='grc' dir='ltr'><strong>καὶ</strong></span> <span class='ocrx_word' id='word_1_333' title='bbox 2293 2239 2497 2305; x_wconf 81' lang='grc' dir='ltr'>τούτοις</span> <span class='ocrx_word' id='word_1_334' title='bbox 2525 2242 2781 2321; x_wconf 81' lang='grc' dir='ltr'>τρισσῶς,</span> <span class='ocrx_word' id='word_1_335' title='bbox 2806 2241 2924 2297; x_wconf 77' lang='grc' dir='ltr'>καθ’</span> <span class='ocrx_word' id='word_1_336' title='bbox 2943 2240 3066 2299; x_wconf 79' lang='grc' dir='ltr'>ὅσον</span> <span class='ocrx_word' id='word_1_337' title='bbox 3093 2243 3205 2300; x_wconf 76' lang='grc' dir='ltr'>οἷοί</span> <span class='ocrx_word' id='word_1_338' title='bbox 3233 2264 3290 2299; x_wconf 75' lang='grc' dir='ltr'><strong>τε</strong></span> <span class='ocrx_word' id='word_1_339' title='bbox 3314 2246 3452 2311; x_wconf 74' lang='grc' dir='ltr'>ἦσαν</span> <span class='ocrx_word' id='word_1_340' title='bbox 3483 2243 3719 2324; x_wconf 76' lang='grc' dir='ltr'>χωρεῖν,</span> <span class='ocrx_word' id='word_1_341' title='bbox 3752 2244 3839 2299; x_wconf 85' lang='grc' dir='ltr'><strong>καὶ</strong></span> 
     </span>
    </p>
   </div>
   <div class='ocr_carea' id='block_1_52' title="bbox 2178 2329 3835 2413">
    <p class='ocr_par' dir='ltr' id='par_1_52' title="bbox 2178 2329 3835 2413">
     <span class='ocr_line' id='line_1_52' title="bbox 2178 2329 3835 2413; baseline 0.003 -30"><span class='ocrx_word' id='word_1_342' title='bbox 2178 2350 2313 2385; x_wconf 85' lang='grc' dir='ltr'>κατα</span> <span class='ocrx_word' id='word_1_343' title='bbox 2337 2330 2552 2407; x_wconf 78' lang='grc' dir='ltr'>κα·ροὺς</span> <span class='ocrx_word' id='word_1_344' title='bbox 2584 2343 2759 2406; x_wconf 51' lang='grc' dir='ltr'>τρεῖς</span> <span class='ocrx_word' id='word_1_345' title='bbox 2800 2332 2919 2409; x_wconf 86' lang='grc' dir='ltr'>πρὶν</span> <span class='ocrx_word' id='word_1_346' title='bbox 2951 2329 3266 2399; x_wconf 79' lang='grc' dir='ltr'>δοξασθῆναι</span> <span class='ocrx_word' id='word_1_347' title='bbox 3286 2335 3509 2413; x_wconf 79' lang='grc' dir='ltr'>Χριστὸν</span> <span class='ocrx_word' id='word_1_348' title='bbox 3530 2338 3605 2407; x_wconf 84' lang='grc' dir='ltr'>τῷ</span> <span class='ocrx_word' id='word_1_349' title='bbox 3627 2332 3785 2389; x_wconf 82' lang='grc' dir='ltr'>Πάθει</span> <span class='ocrx_word' id='word_1_350' title='bbox 3820 2350 3835 2365; x_wconf 91' lang='grc'><strong>·</strong></span> 
     </span>
    </p>
   </div>
   <div class='ocr_carea' id='block_1_53' title="bbox 2178 2417 3841 2500">
    <p class='ocr_par' dir='ltr' id='par_1_53' title="bbox 2178 2417 3841 2500">
     <span class='ocr_line' id='line_1_53' title="bbox 2178 2417 3841 2500; baseline 0.004 -27"><span class='ocrx_word' id='word_1_351' title='bbox 2178 2419 2313 2494; x_wconf 77' lang='grc' dir='ltr'>μετὰ</span> <span class='ocrx_word' id='word_1_352' title='bbox 2344 2419 2405 2474; x_wconf 80' lang='grc' dir='ltr'><strong>τὸ</strong></span> <span class='ocrx_word' id='word_1_353' title='bbox 2431 2417 2743 2486; x_wconf 77' lang='grc' dir='ltr'>ὁοξασθῆναι</span> <span class='ocrx_word' id='word_1_354' title='bbox 2775 2428 2842 2497; x_wconf 80' lang='grc' dir='ltr'><strong>τῇ</strong></span> <span class='ocrx_word' id='word_1_355' title='bbox 2866 2421 3181 2479; x_wconf 81' lang='grc' dir='ltr'>Ἀναστάσει</span> <span class='ocrx_word' id='word_1_356' title='bbox 3210 2422 3359 2500; x_wconf 81' lang='grc'><strong>(68)’</strong></span> <span class='ocrx_word' id='word_1_357' title='bbox 3387 2424 3522 2499; x_wconf 83' lang='grc' dir='ltr'>μετὰ</span> <span class='ocrx_word' id='word_1_358' title='bbox 3542 2424 3639 2493; x_wconf 76' lang='grc' dir='ltr'>τὴν</span> <span class='ocrx_word' id='word_1_359' title='bbox 3659 2424 3733 2487; x_wconf 85' lang='grc' dir='ltr'>εἷς</span> <span class='ocrx_word' id='word_1_360' title='bbox 3755 2424 3841 2480; x_wconf 76' lang='grc' dir='ltr'><strong>οὗ·</strong></span> 
     </span>
    </p>
   </div>
   <div class='ocr_carea' id='block_1_54' title="bbox 2178 2506 3834 2594">
    <p class='ocr_par' dir='ltr' id='par_1_54' title="bbox 2178 2506 3834 2594">
     <span class='ocr_line' id='line_1_54' title="bbox 2178 2506 3834 2594; baseline 0.004 -29"><span class='ocrx_word' id='word_1_361' title='bbox 2178 2509 2365 2587; x_wconf 84' lang='grc' dir='ltr'>ρανοὺς</span> <span class='ocrx_word' id='word_1_362' title='bbox 2398 2506 2708 2587; x_wconf 72' lang='grc' dir='ltr'>Ἀνάϐασιν,</span> <span class='ocrx_word' id='word_1_363' title='bbox 2742 2511 2777 2578; x_wconf 79' lang='grc' dir='ltr'><strong>ἢ</strong></span> <span class='ocrx_word' id='word_1_364' title='bbox 2808 2510 3265 2587; x_wconf 78' lang='grc' dir='ltr'>ἆποκατάστασιν,</span> <span class='ocrx_word' id='word_1_365' title='bbox 3294 2513 3329 2581; x_wconf 75' lang='grc' dir='ltr'>ἢ</span> <span class='ocrx_word' id='word_1_366' title='bbox 3360 2512 3388 2569; x_wconf 81' lang='grc' dir='ltr'>ὅ</span> <span class='ocrx_word' id='word_1_367' title='bbox 3412 2535 3463 2569; x_wconf 92' lang='grc' dir='ltr'><strong>τι</strong></span> <span class='ocrx_word' id='word_1_368' title='bbox 3494 2514 3606 2594; x_wconf 80' lang='grc' dir='ltr'><strong>χρὴ</strong></span> <span class='ocrx_word' id='word_1_369' title='bbox 3635 2511 3834 2591; x_wconf 80' lang='grc' dir='ltr'>λέγειν.</span> 
     </span>
    </p>
   </div>
   <div class='ocr_carea' id='block_1_55' title="bbox 2180 2596 3839 2682">
    <p class='ocr_par' dir='ltr' id='par_1_55' title="bbox 2180 2596 3839 2682">
     <span class='ocr_line' id='line_1_55' title="bbox 2180 2596 3839 2682; baseline 0.002 -29"><span class='ocrx_word' id='word_1_370' title='bbox 2180 2596 2357 2663; x_wconf 78' lang='grc' dir='ltr'><strong>Δηλοῖ</strong></span> <span class='ocrx_word' id='word_1_371' title='bbox 2386 2596 2440 2654; x_wconf 73' lang='grc' dir='ltr'><strong>δὲ</strong></span> <span class='ocrx_word' id='word_1_372' title='bbox 2497 2600 2531 2665; x_wconf 77' lang='grc' dir='ltr'><strong>ἡ</strong></span> <span class='ocrx_word' id='word_1_373' title='bbox 2578 2599 2766 2673; x_wconf 81' lang='grc' dir='ltr'>πρώτη</span> <span class='ocrx_word' id='word_1_374' title='bbox 2810 2606 2916 2657; x_wconf 83' lang='grc' dir='ltr'>τῶν</span> <span class='ocrx_word' id='word_1_375' title='bbox 2961 2603 3156 2682; x_wconf 84' lang='grc' dir='ltr'>νόσων,</span> <span class='ocrx_word' id='word_1_376' title='bbox 3202 2604 3291 2659; x_wconf 85' lang='grc' dir='ltr'><strong>καὶ</strong></span> <span class='ocrx_word' id='word_1_377' title='bbox 3320 2605 3354 2671; x_wconf 80' lang='grc' dir='ltr'>ἡ</span> <span class='ocrx_word' id='word_1_378' title='bbox 3386 2606 3491 2659; x_wconf 78' lang='grc' dir='ltr'>τῶν</span> <span class='ocrx_word' id='word_1_379' title='bbox 3521 2604 3839 2679; x_wconf 81' lang='grc' dir='ltr'>πνευμάτων</span> 
     </span>
    </p>
   </div>
   <div class='ocr_carea' id='block_1_56' title="bbox 2175 2689 3836 2772">
    <p class='ocr_par' dir='ltr' id='par_1_56' title="bbox 2175 2689 3836 2772">
     <span class='ocr_line' id='line_1_56' title="bbox 2175 2689 3836 2772; baseline 0.002 -28"><span class='ocrx_word' id='word_1_380' title='bbox 2175 2690 2451 2767; x_wconf 73' lang='grc' dir='ltr'>κάθαρσις,</span> <span class='ocrx_word' id='word_1_381' title='bbox 2518 2689 2613 2745; x_wconf 73' lang='grc' dir='ltr'>οὐκ</span> <span class='ocrx_word' id='word_1_382' title='bbox 2670 2689 2791 2746; x_wconf 76' lang='grc' dir='ltr'>ἄνευ</span> <span class='ocrx_word' id='word_1_383' title='bbox 2867 2692 3175 2767; x_wconf 81' lang='grc' dir='ltr'>Πνεύματος</span> <span class='ocrx_word' id='word_1_384' title='bbox 3238 2690 3445 2760; x_wconf 78' lang='grc' dir='ltr'>δηλαδὴ</span> <span class='ocrx_word' id='word_1_385' title='bbox 3523 2692 3787 2772; x_wconf 79' lang='grc' dir='ltr'>γενομένη</span> <span class='ocrx_word' id='word_1_386' title='bbox 3822 2712 3836 2726; x_wconf 81' lang='lat'><strong><em>°</em></strong></span> 
     </span>
    </p>
   </div>
   <div class='ocr_carea' id='block_1_57' title="bbox 432 2772 2088 2865">
    <p class='ocr_par' dir='ltr' id='par_1_57' title="bbox 432 2772 2088 2865">
     <span class='ocr_line' id='line_1_57' title="bbox 432 2772 2088 2865; baseline 0 -29"><span class='ocrx_word' id='word_1_387' title='bbox 432 2775 693 2865; x_wconf 88' lang='lat' dir='ltr'><strong>ctionem</strong></span> <span class='ocrx_word' id='word_1_388' title='bbox 726 2773 1095 2865; x_wconf 82' lang='lat' dir='ltr'><strong>gloriﬁcatus</strong></span> <span class='ocrx_word' id='word_1_389' title='bbox 1126 2773 1273 2865; x_wconf 80' lang='lat' dir='ltr'><strong>fuit:</strong></span> <span class='ocrx_word' id='word_1_390' title='bbox 1308 2791 1377 2835; x_wconf 90' lang='lat' dir='ltr'><strong>ac</strong></span> <span class='ocrx_word' id='word_1_391' title='bbox 1411 2772 1674 2865; x_wconf 87' lang='lat' dir='ltr'><strong>denique</strong></span> <span class='ocrx_word' id='word_1_392' title='bbox 1701 2782 1830 2865; x_wconf 90' lang='lat' dir='ltr'><strong>post</strong></span> <span class='ocrx_word' id='word_1_393' title='bbox 1858 2775 1986 2855; x_wconf 87' lang='lat' dir='ltr'><strong>ejus</strong></span> <span class='ocrx_word' id='word_1_394' title='bbox 2019 2774 2088 2836; x_wconf 91' lang='lat' dir='ltr'><strong>ad</strong></span> 
     </span>
    </p>
   </div>
   <div class='ocr_carea' id='block_1_58' title="bbox 2196 2772 3839 2865">
    <p class='ocr_par' dir='ltr' id='par_1_58' title="bbox 2196 2778 3839 2865">
     <span class='ocr_line' id='line_1_58' title="bbox 2196 2778 3839 2865; baseline 0.004 -32"><span class='ocrx_word' id='word_1_395' title='bbox 2196 2778 2263 2834; x_wconf 86' lang='grc' dir='ltr'><strong>ιαὶ</strong></span> <span class='ocrx_word' id='word_1_396' title='bbox 2306 2779 2369 2833; x_wconf 86' lang='grc' dir='ltr'>τὸ</span> <span class='ocrx_word' id='word_1_397' title='bbox 2402 2779 2539 2852; x_wconf 82' lang='grc' dir='ltr'>μετὰ</span> <span class='ocrx_word' id='word_1_398' title='bbox 2582 2779 2681 2846; x_wconf 81' lang='grc' dir='ltr'><strong>τὴν</strong></span> <span class='ocrx_word' id='word_1_399' title='bbox 2739 2780 3043 2857; x_wconf 73' lang='grc' dir='ltr'>οἰκονομίαν</span> <span class='ocrx_word' id='word_1_400' title='bbox 3099 2781 3373 2861; x_wconf 69' lang='grc' dir='ltr'>ἐφόσημα,</span> <span class='ocrx_word' id='word_1_401' title='bbox 3425 2786 3603 2865; x_wconf 71' lang='grc' dir='ltr'>σαφῶς</span> <span class='ocrx_word' id='word_1_402' title='bbox 3633 2783 3692 2839; x_wconf 87' lang='grc' dir='ltr'>ὃν</span> <span class='ocrx_word' id='word_1_403' title='bbox 3737 2782 3839 2858; x_wconf 82' lang='grc' dir='ltr'><strong>’έμ-</strong></span> 
     </span>
    </p>
   </div>
   <div class='ocr_carea' id='block_1_59' title="bbox 430 2863 2088 2952">
    <p class='ocr_par' dir='ltr' id='par_1_59' title="bbox 430 2863 2088 2945">
     <span class='ocr_line' id='line_1_59' title="bbox 430 2863 2088 2945; baseline -0.001 -18"><span class='ocrx_word' id='word_1_404' title='bbox 430 2864 617 2928; x_wconf 75' lang='grc' dir='ltr'>εωιοε</span> <span class='ocrx_word' id='word_1_405' title='bbox 642 2863 1100 2938; x_wconf 81' lang='lat' dir='ltr'><strong>Ascensionem,</strong></span> <span class='ocrx_word' id='word_1_406' title='bbox 1129 2863 1253 2925; x_wconf 89' lang='lat' dir='ltr'><strong>sive</strong></span> <span class='ocrx_word' id='word_1_407' title='bbox 1278 2863 1747 2939; x_wconf 89' lang='lat' dir='ltr'><strong>restitutionem,</strong></span> <span class='ocrx_word' id='word_1_408' title='bbox 1787 2864 1908 2925; x_wconf 85' lang='lat' dir='ltr'><strong>sive</strong></span> <span class='ocrx_word' id='word_1_409' title='bbox 1936 2884 2088 2945; x_wconf 89' lang='lat' dir='ltr'><strong>quo-</strong></span> 
     </span>
    </p>
   </div>
   <div class='ocr_carea' id='block_1_60' title="bbox 2196 2863 3841 2952">
    <p class='ocr_par' dir='ltr' id='par_1_60' title="bbox 2196 2863 3841 2952">
     <span class='ocr_line' id='line_1_60' title="bbox 2196 2863 3841 2952; baseline 0.002 -29"><span class='ocrx_word' id='word_1_410' title='bbox 2196 2890 2394 2933; x_wconf 78' lang='grc' dir='ltr'>τνευσις</span> <span class='ocrx_word' id='word_1_411' title='bbox 2426 2868 2666 2947; x_wconf 84' lang='grc' dir='ltr'>θειότερα</span> <span class='ocrx_word' id='word_1_412' title='bbox 2700 2886 2715 2902; x_wconf 81' lang='grc'><strong><em>⁸</em></strong></span> <span class='ocrx_word' id='word_1_413' title='bbox 2778 2872 2867 2929; x_wconf 84' lang='grc' dir='ltr'>καὶ</span> <span class='ocrx_word' id='word_1_414' title='bbox 2928 2874 2955 2928; x_wconf 82' lang='grc' dir='ltr'>ὁ</span> <span class='ocrx_word' id='word_1_415' title='bbox 3022 2879 3113 2929; x_wconf 81' lang='grc' dir='ltr'>νῦν</span> <span class='ocrx_word' id='word_1_416' title='bbox 3168 2874 3433 2949; x_wconf 81' lang='grc' dir='ltr'>μερισμὸς</span> <span class='ocrx_word' id='word_1_417' title='bbox 3477 2863 3583 2931; x_wconf 75' lang='grc' dir='ltr'><strong>τῶν</strong></span> <span class='ocrx_word' id='word_1_418' title='bbox 3613 2873 3841 2952; x_wconf 86' lang='grc' dir='ltr'>πυρίνων</span> 
     </span>
    </p>
   </div>
   <div class='ocr_carea' id='block_1_61' title="bbox 431 2952 2088 3049">
    <p class='ocr_par' dir='ltr' id='par_1_61' title="bbox 431 2952 2088 3035">
     <span class='ocr_line' id='line_1_61' title="bbox 431 2952 2088 3035; baseline -0.001 -20"><span class='ocrx_word' id='word_1_419' title='bbox 431 2971 670 3035; x_wconf 90' lang='lat' dir='ltr'><strong>cunque</strong></span> <span class='ocrx_word' id='word_1_420' title='bbox 701 2953 818 3015; x_wconf 88' lang='lat' dir='ltr'><strong>alio</strong></span> <span class='ocrx_word' id='word_1_421' title='bbox 843 2955 1087 3015; x_wconf 88' lang='lat' dir='ltr'><strong>nomine</strong></span> <span class='ocrx_word' id='word_1_422' title='bbox 1109 2971 1209 3014; x_wconf 92' lang='lat' dir='ltr'><strong>res</strong></span> <span class='ocrx_word' id='word_1_423' title='bbox 1238 2972 1308 3015; x_wconf 87' lang='lat' dir='ltr'><strong>ea</strong></span> <span class='ocrx_word' id='word_1_424' title='bbox 1338 2953 1413 3014; x_wconf 89' lang='lat' dir='ltr'><strong>sit</strong></span> <span class='ocrx_word' id='word_1_425' title='bbox 1442 2952 1825 3033; x_wconf 83' lang='lat' dir='ltr'><strong>appellanda.</strong></span> <span class='ocrx_word' id='word_1_426' title='bbox 1846 2954 1972 3016; x_wconf 82' lang='lat' dir='ltr'><strong>Hoc</strong></span> <span class='ocrx_word' id='word_1_427' title='bbox 1991 2972 2088 3014; x_wconf 90' lang='lat' dir='ltr'><strong>au-</strong></span> 
     </span>
    </p>
   </div>
   <div class='ocr_carea' id='block_1_62' title="bbox 2196 2952 3843 3049">
    <p class='ocr_par' dir='ltr' id='par_1_62' title="bbox 2196 2956 3843 3049">
     <span class='ocr_line' id='line_1_62' title="bbox 2196 2956 3843 3049; baseline 0.003 -36"><span class='ocrx_word' id='word_1_428' title='bbox 2196 2956 2465 3049; x_wconf 57' lang='lat' dir='ltr'><strong>{lwo’atbv,</strong></span> <span class='ocrx_word' id='word_1_429' title='bbox 2521 2958 2683 3049; x_wconf 15' lang='lat' dir='ltr'><strong>8);th</strong></span> <span class='ocrx_word' id='word_1_430' title='bbox 2738 2962 3167 3041; x_wconf 83' lang='grc' dir='ltr'>πανηγυρίζομεν</span> <span class='ocrx_word' id='word_1_431' title='bbox 3226 2962 3378 3041; x_wconf 85' lang='grc'>(69),</span> <span class='ocrx_word' id='word_1_432' title='bbox 3429 2961 3596 3021; x_wconf 77' lang='grc' dir='ltr'>Ἀλλὰ</span> <span class='ocrx_word' id='word_1_433' title='bbox 3637 2964 3699 3019; x_wconf 85' lang='grc' dir='ltr'>τὸ</span> <span class='ocrx_word' id='word_1_434' title='bbox 3742 2965 3843 3039; x_wconf 78' lang='grc' dir='ltr'>μὲν</span> 
     </span>
    </p>
   </div>
   <div class='ocr_carea' id='block_1_63' title="bbox 435 3042 2088 3131">
    <p class='ocr_par' dir='ltr' id='par_1_63' title="bbox 435 3042 2088 3124">
     <span class='ocr_line' id='line_1_63' title="bbox 435 3042 2088 3124; baseline -0.001 -19"><span class='ocrx_word' id='word_1_435' title='bbox 435 3052 554 3105; x_wconf 90' lang='lat' dir='ltr'><strong>tem</strong></span> <span class='ocrx_word' id='word_1_436' title='bbox 591 3043 910 3124; x_wconf 86' lang='lat' dir='ltr'><strong>perspicue</strong></span> <span class='ocrx_word' id='word_1_437' title='bbox 934 3042 1350 3123; x_wconf 85' lang='lat' dir='ltr'><strong>ostendit,tum</strong></span> <span class='ocrx_word' id='word_1_438' title='bbox 1384 3043 1578 3123; x_wconf 90' lang='lat' dir='ltr'><strong>prima</strong></span> <span class='ocrx_word' id='word_1_439' title='bbox 1608 3044 1707 3104; x_wconf 91' lang='lat' dir='ltr'><strong>illa</strong></span> <span class='ocrx_word' id='word_1_440' title='bbox 1742 3043 2088 3105; x_wconf 88' lang='lat' dir='ltr'><strong>morborum</strong></span> 
     </span>
    </p>
   </div>
   <div class='ocr_carea' id='block_1_64' title="bbox 2196 3042 3840 3131">
    <p class='ocr_par' dir='ltr' id='par_1_64' title="bbox 2196 3047 3840 3131">
     <span class='ocr_line' id='line_1_64' title="bbox 2196 3047 3840 3131; baseline 0.003 -27"><span class='ocrx_word' id='word_1_441' title='bbox 2196 3054 2410 3128; x_wconf 82' lang='grc' dir='ltr'>τρῶτον,</span> <span class='ocrx_word' id='word_1_442' title='bbox 2446 3047 2693 3123; x_wconf 82' lang='grc' dir='ltr'>ἀμυδρῶς</span> <span class='ocrx_word' id='word_1_443' title='bbox 2723 3067 2738 3082; x_wconf 87' lang='grc'>⁶</span> <span class='ocrx_word' id='word_1_444' title='bbox 2791 3053 2854 3108; x_wconf 83' lang='grc' dir='ltr'>τὸ</span> <span class='ocrx_word' id='word_1_445' title='bbox 2884 3050 2937 3108; x_wconf 77' lang='grc' dir='ltr'><strong>δὲ</strong></span> <span class='ocrx_word' id='word_1_446' title='bbox 2992 3050 3255 3131; x_wconf 77' lang='grc' dir='ltr'>δεύτερον,</span> <span class='ocrx_word' id='word_1_447' title='bbox 3312 3052 3673 3130; x_wconf 69' lang='grc' dir='ltr'>ἐκωπώτερον</span> <span class='ocrx_word' id='word_1_448' title='bbox 3703 3068 3717 3081; x_wconf 82' lang='grc'><strong><em>⁸</em></strong></span> <span class='ocrx_word' id='word_1_449' title='bbox 3776 3055 3840 3109; x_wconf 82' lang='grc' dir='ltr'>τὸ</span> 
     </span>
    </p>
   </div>
   <div class='ocr_carea' id='block_1_65' title="bbox 434 3132 2088 3224">
    <p class='ocr_par' dir='ltr' id='par_1_65' title="bbox 434 3132 2088 3224">
     <span class='ocr_line' id='line_1_65' title="bbox 434 3132 2088 3224; baseline -0.001 -29"><span class='ocrx_word' id='word_1_450' title='bbox 434 3133 880 3224; x_wconf 80' lang='lat' dir='ltr'><strong>spirituumque</strong></span> <span class='ocrx_word' id='word_1_451' title='bbox 934 3132 1236 3224; x_wconf 83' lang='lat' dir='ltr'><strong>depulsio,</strong></span> <span class='ocrx_word' id='word_1_452' title='bbox 1271 3153 1404 3214; x_wconf 59' lang='lat' dir='ltr'><strong>quae</strong></span> <span class='ocrx_word' id='word_1_453' title='bbox 1460 3134 1691 3196; x_wconf 87' lang='lat' dir='ltr'><strong>scilicet</strong></span> <span class='ocrx_word' id='word_1_454' title='bbox 1721 3152 1839 3196; x_wconf 92' lang='lat' dir='ltr'><strong>non</strong></span> <span class='ocrx_word' id='word_1_455' title='bbox 1867 3132 2088 3214; x_wconf 85' lang='lat' dir='ltr'><strong>absque</strong></span> 
     </span>
    </p>
   </div>
   <div class='ocr_carea' id='block_1_66' title="bbox 2196 3132 3833 3224">
    <p class='ocr_par' dir='ltr' id='par_1_66' title="bbox 2196 3136 3833 3224">
     <span class='ocr_line' id='line_1_66' title="bbox 2196 3136 3833 3224; baseline 0.008 -34"><span class='ocrx_word' id='word_1_456' title='bbox 2196 3136 2230 3191; x_wconf 52' lang='lat'><strong>:2.</strong></span> <span class='ocrx_word' id='word_1_457' title='bbox 2287 3144 2396 3211; x_wconf 80' lang='grc' dir='ltr'>νῦν,</span> <span class='ocrx_word' id='word_1_458' title='bbox 2432 3137 2775 3219; x_wconf 89' lang='grc' dir='ltr'>τελεώτερον,</span> <span class='ocrx_word' id='word_1_459' title='bbox 2814 3145 2910 3201; x_wconf 68' lang='grc' dir='ltr'><strong>οὒκ</strong></span> <span class='ocrx_word' id='word_1_460' title='bbox 2957 3143 3035 3199; x_wconf 86' lang='grc' dir='ltr'>ἐτι</span> <span class='ocrx_word' id='word_1_461' title='bbox 3094 3142 3335 3223; x_wconf 70' lang='grc' dir='ltr'>ἐνεργείᾳ</span> <span class='ocrx_word' id='word_1_462' title='bbox 3364 3144 3557 3224; x_wconf 83' lang='grc' dir='ltr'>παρὸν,</span> <span class='ocrx_word' id='word_1_463' title='bbox 3592 3145 3665 3207; x_wconf 81' lang='grc' dir='ltr'><strong>ὡς</strong></span> <span class='ocrx_word' id='word_1_464' title='bbox 3713 3141 3833 3223; x_wconf 85' lang='grc'><strong>(70)</strong></span> 
     </span>
    </p>
   </div>
   <div class='ocr_carea' id='block_1_67' title="bbox 432 3222 2088 3312">
    <p class='ocr_par' dir='ltr' id='par_1_67' title="bbox 432 3222 2088 3305">
     <span class='ocr_line' id='line_1_67' title="bbox 432 3222 2088 3305; baseline -0.003 -17"><span class='ocrx_word' id='word_1_465' title='bbox 432 3224 694 3305; x_wconf 91' lang='lat' dir='ltr'><strong>Spiritus</strong></span> <span class='ocrx_word' id='word_1_466' title='bbox 717 3222 965 3285; x_wconf 89' lang='lat' dir='ltr'><strong>numine</strong></span> <span class='ocrx_word' id='word_1_467' title='bbox 988 3223 1190 3305; x_wconf 81' lang='lat' dir='ltr'><strong>ﬁebat;</strong></span> <span class='ocrx_word' id='word_1_468' title='bbox 1217 3237 1343 3285; x_wconf 90' lang='lat' dir='ltr'><strong>tum</strong></span> <span class='ocrx_word' id='word_1_469' title='bbox 1367 3224 1468 3285; x_wconf 89' lang='lat' dir='ltr'><strong>illa</strong></span> <span class='ocrx_word' id='word_1_470' title='bbox 1484 3235 1617 3304; x_wconf 89' lang='lat' dir='ltr'><strong>post</strong></span> <span class='ocrx_word' id='word_1_471' title='bbox 1641 3224 1979 3287; x_wconf 84' lang='lat' dir='ltr'><strong>confectum</strong></span> <span class='ocrx_word' id='word_1_472' title='bbox 2000 3242 2088 3284; x_wconf 89' lang='lat' dir='ltr'><strong>sa-</strong></span> 
     </span>
    </p>
   </div>
   <div class='ocr_carea' id='block_1_68' title="bbox 2196 3222 3837 3312">
    <p class='ocr_par' dir='ltr' id='par_1_68' title="bbox 2196 3222 3837 3312">
     <span class='ocr_line' id='line_1_68' title="bbox 2196 3222 3837 3312; baseline 0.004 -30"><span class='ocrx_word' id='word_1_473' title='bbox 2196 3226 2451 3306; x_wconf 83' lang='grc' dir='ltr'>τρότερον,</span> <span class='ocrx_word' id='word_1_474' title='bbox 2489 3229 2756 3295; x_wconf 68' lang='grc' dir='ltr'>οὖσιωδῶς</span> <span class='ocrx_word' id='word_1_475' title='bbox 2789 3230 2865 3303; x_wconf 79' lang='grc' dir='ltr'>δὲ,</span> <span class='ocrx_word' id='word_1_476' title='bbox 2900 3234 2975 3298; x_wconf 84' lang='grc' dir='ltr'>ὡς</span> <span class='ocrx_word' id='word_1_477' title='bbox 3023 3235 3086 3289; x_wconf 79' lang='grc' dir='ltr'>ἄν</span> <span class='ocrx_word' id='word_1_478' title='bbox 3147 3222 3296 3290; x_wconf 76' lang='grc' dir='ltr'>εἴποι</span> <span class='ocrx_word' id='word_1_479' title='bbox 3350 3255 3457 3305; x_wconf 82' lang='grc' dir='ltr'>τις,</span> <span class='ocrx_word' id='word_1_480' title='bbox 3510 3222 3837 3312; x_wconf 57' lang='grc' dir='ltr'>συγγινόμεέ-</span> 
     </span>
    </p>
   </div>
   <div class='ocr_carea' id='block_1_69' title="bbox 433 3312 2088 3403">
    <p class='ocr_par' dir='ltr' id='par_1_69' title="bbox 433 3312 2088 3403">
     <span class='ocr_line' id='line_1_69' title="bbox 433 3312 2088 3403; baseline 0.001 -30"><span class='ocrx_word' id='word_1_481' title='bbox 433 3313 573 3375; x_wconf 88' lang='lat' dir='ltr'><strong>Iutis</strong></span> <span class='ocrx_word' id='word_1_482' title='bbox 587 3323 809 3403; x_wconf 71' lang='lat' dir='ltr'><strong>nostrae</strong></span> <span class='ocrx_word' id='word_1_483' title='bbox 825 3314 962 3374; x_wconf 77' lang='lat'><strong>740</strong></span> <span class='ocrx_word' id='word_1_484' title='bbox 977 3314 1277 3394; x_wconf 88' lang='lat' dir='ltr'><strong>negotium</strong></span> <span class='ocrx_word' id='word_1_485' title='bbox 1294 3312 2088 3403; x_wconf 65' lang='lat' dir='ltr'><strong>insufﬂatio,quaadivinioris</strong></span> 
     </span>
    </p>
   </div>
   <div class='ocr_carea' id='block_1_70' title="bbox 2196 3312 3840 3403">
    <p class='ocr_par' dir='ltr' id='par_1_70' title="bbox 2196 3315 3840 3403">
     <span class='ocr_line' id='line_1_70' title="bbox 2196 3315 3840 3403; baseline 0.005 -31"><span class='ocrx_word' id='word_1_486' title='bbox 2196 3315 2265 3372; x_wconf 65' lang='grc' dir='ltr'>νόν</span> <span class='ocrx_word' id='word_1_487' title='bbox 2322 3338 2379 3371; x_wconf 86' lang='grc' dir='ltr'><strong>τε</strong></span> <span class='ocrx_word' id='word_1_488' title='bbox 2439 3319 2527 3374; x_wconf 83' lang='grc' dir='ltr'><strong>καὶ</strong></span> <span class='ocrx_word' id='word_1_489' title='bbox 2572 3320 3119 3399; x_wconf 86' lang='grc' dir='ltr'>συμπολιτευόμενον.</span> <span class='ocrx_word' id='word_1_490' title='bbox 3202 3321 3466 3402; x_wconf 84' lang='grc' dir='ltr'>’¹Επρεπε</span> <span class='ocrx_word' id='word_1_491' title='bbox 3543 3324 3669 3403; x_wconf 76' lang='grc' dir='ltr'>γὰρ,</span> <span class='ocrx_word' id='word_1_492' title='bbox 3716 3325 3840 3381; x_wconf 82' lang='grc' dir='ltr'><strong>Υἱοῡ</strong></span> 
     </span>
    </p>
   </div>
   <div class='ocr_carea' id='block_1_71' title="bbox 437 3401 2088 3492">
    <p class='ocr_par' dir='ltr' id='par_1_71' title="bbox 437 3401 2088 3485">
     <span class='ocr_line' id='line_1_71' title="bbox 437 3401 2088 3485; baseline -0.002 -20"><span class='ocrx_word' id='word_1_493' title='bbox 437 3402 836 3485; x_wconf 88' lang='lat' dir='ltr'><strong>proculdubio</strong></span> <span class='ocrx_word' id='word_1_494' title='bbox 869 3403 1282 3485; x_wconf 88' lang='lat' dir='ltr'><strong>inspirationis</strong></span> <span class='ocrx_word' id='word_1_495' title='bbox 1315 3403 1623 3485; x_wconf 88' lang='lat' dir='ltr'><strong>specimen</strong></span> <span class='ocrx_word' id='word_1_496' title='bbox 1654 3401 1934 3475; x_wconf 89' lang='lat' dir='ltr'><strong>habebat;</strong></span> <span class='ocrx_word' id='word_1_497' title='bbox 1968 3410 2088 3463; x_wconf 92' lang='lat' dir='ltr'><strong>tum</strong></span> 
     </span>
    </p>
   </div>
   <div class='ocr_carea' id='block_1_72' title="bbox 2196 3401 3836 3492">
    <p class='ocr_par' dir='ltr' id='par_1_72' title="bbox 2196 3404 3836 3492">
     <span class='ocr_line' id='line_1_72' title="bbox 2196 3404 3836 3492; baseline 0.007 -34"><span class='ocrx_word' id='word_1_498' title='bbox 2196 3404 2497 3479; x_wconf 64' lang='grc' dir='ltr'>ῖωματικῶς</span> <span class='ocrx_word' id='word_1_499' title='bbox 2556 3407 2691 3483; x_wconf 69' lang='grc' dir='ltr'>ἡμῖν</span> <span class='ocrx_word' id='word_1_500' title='bbox 2739 3409 3127 3485; x_wconf 72' lang='grc' dir='ltr'>ὁμιλήσαντος,</span> <span class='ocrx_word' id='word_1_501' title='bbox 3161 3414 3248 3468; x_wconf 86' lang='grc' dir='ltr'><strong>καὶ</strong></span> <span class='ocrx_word' id='word_1_502' title='bbox 3279 3413 3414 3471; x_wconf 76' lang='grc' dir='ltr'>αὐτὸ</span> <span class='ocrx_word' id='word_1_503' title='bbox 3464 3411 3691 3492; x_wconf 71' lang='grc' dir='ltr'>φανῆναι</span> <span class='ocrx_word' id='word_1_504' title='bbox 3721 3436 3836 3469; x_wconf 89' lang='grc' dir='ltr'>σω-</span> 
     </span>
    </p>
   </div>
   <div class='ocr_carea' id='block_1_73' title="bbox 435 3492 2088 3578">
    <p class='ocr_par' dir='ltr' id='par_1_73' title="bbox 435 3492 2088 3574">
     <span class='ocr_line' id='line_1_73' title="bbox 435 3492 2088 3574; baseline -0.001 -20"><span class='ocrx_word' id='word_1_505' title='bbox 435 3501 742 3574; x_wconf 89' lang='lat' dir='ltr'><strong>postremo</strong></span> <span class='ocrx_word' id='word_1_506' title='bbox 775 3511 1040 3574; x_wconf 71' lang='lat' dir='ltr'><strong>praesens</strong></span> <span class='ocrx_word' id='word_1_507' title='bbox 1072 3495 1199 3555; x_wconf 63' lang='lat' dir='ltr'><strong>haec</strong></span> <span class='ocrx_word' id='word_1_508' title='bbox 1235 3493 1548 3572; x_wconf 72' lang='lat' dir='ltr'><strong>ignearum</strong></span> <span class='ocrx_word' id='word_1_509' title='bbox 1576 3493 1916 3572; x_wconf 87' lang='lat' dir='ltr'><strong>linguarum</strong></span> <span class='ocrx_word' id='word_1_510' title='bbox 1948 3492 2088 3553; x_wconf 88' lang='lat' dir='ltr'><strong>divi-</strong></span> 
     </span>
    </p>
   </div>
   <div class='ocr_carea' id='block_1_74' title="bbox 2196 3492 3831 3578">
    <p class='ocr_par' dir='ltr' id='par_1_74' title="bbox 2196 3498 3831 3578">
     <span class='ocr_line' id='line_1_74' title="bbox 2196 3498 3831 3578; baseline 0.01 -30"><span class='ocrx_word' id='word_1_511' title='bbox 2196 3500 2414 3557; x_wconf 85' lang='grc' dir='ltr'>ιατικῶς</span> <span class='ocrx_word' id='word_1_512' title='bbox 2448 3510 2461 3524; x_wconf 85' lang='grc'><strong><em>⁸</em></strong></span> <span class='ocrx_word' id='word_1_513' title='bbox 2516 3498 2603 3552; x_wconf 86' lang='grc' dir='ltr'><strong>καὶ</strong></span> <span class='ocrx_word' id='word_1_514' title='bbox 2677 3502 2904 3578; x_wconf 76' lang='grc' dir='ltr'>Χριστοῦ</span> <span class='ocrx_word' id='word_1_515' title='bbox 2960 3523 3090 3578; x_wconf 83' lang='grc' dir='ltr'>προς</span> <span class='ocrx_word' id='word_1_516' title='bbox 3169 3502 3354 3558; x_wconf 78' lang='grc' dir='ltr'>ἑαυτὸν</span> <span class='ocrx_word' id='word_1_517' title='bbox 3429 3501 3831 3575; x_wconf 78' lang='grc' dir='ltr'>ἐπανελθόντος,</span> 
     </span>
    </p>
   </div>
   <div class='ocr_carea' id='block_1_75' title="bbox 428 3580 2088 3672">
    <p class='ocr_par' dir='ltr' id='par_1_75' title="bbox 428 3580 2086 3663">
     <span class='ocr_line' id='line_1_75' title="bbox 428 3580 2086 3663; baseline -0.001 -19"><span class='ocrx_word' id='word_1_518' title='bbox 428 3582 726 3663; x_wconf 87' lang='lat' dir='ltr'><strong>sio,quam</strong></span> <span class='ocrx_word' id='word_1_519' title='bbox 753 3584 936 3647; x_wconf 90' lang='lat' dir='ltr'><strong>etiam</strong></span> <span class='ocrx_word' id='word_1_520' title='bbox 969 3582 1221 3646; x_wconf 89' lang='lat' dir='ltr'><strong>solemni</strong></span> <span class='ocrx_word' id='word_1_521' title='bbox 1254 3584 1400 3646; x_wconf 81' lang='lat' dir='ltr'><strong>festo</strong></span> <span class='ocrx_word' id='word_1_522' title='bbox 1432 3584 1827 3647; x_wconf 86' lang='lat' dir='ltr'><strong>celebramus.</strong></span> <span class='ocrx_word' id='word_1_523' title='bbox 1864 3580 2086 3645; x_wconf 82' lang='lat' dir='ltr'><strong>Verum</strong></span> 
     </span>
    </p>
   </div>
   <div class='ocr_carea' id='block_1_76' title="bbox 2196 3580 3831 3672">
    <p class='ocr_par' dir='ltr' id='par_1_76' title="bbox 2198 3588 3831 3672">
     <span class='ocr_line' id='line_1_76' title="bbox 2198 3588 3831 3672; baseline 0.006 -33"><span class='ocrx_word' id='word_1_524' title='bbox 2198 3596 2349 3640; x_wconf 76' lang='grc' dir='ltr'>κεῖνο</span> <span class='ocrx_word' id='word_1_525' title='bbox 2394 3588 2524 3655; x_wconf 83' lang='grc' dir='ltr'>πρὸς</span> <span class='ocrx_word' id='word_1_526' title='bbox 2566 3590 2710 3665; x_wconf 72' lang='grc' dir='ltr'>ἡμᾶς</span> <span class='ocrx_word' id='word_1_527' title='bbox 2752 3589 3031 3647; x_wconf 81' lang='grc' dir='ltr'>κατελθεῖν</span> <span class='ocrx_word' id='word_1_528' title='bbox 3068 3606 3081 3621; x_wconf 91' lang='grc'><strong>·</strong></span> <span class='ocrx_word' id='word_1_529' title='bbox 3133 3590 3429 3672; x_wconf 81' lang='grc' dir='ltr'>ἐρχόμενον</span> <span class='ocrx_word' id='word_1_530' title='bbox 3474 3591 3571 3668; x_wconf 75' lang='grc' dir='ltr'>μὲν</span> <span class='ocrx_word' id='word_1_531' title='bbox 3601 3593 3674 3655; x_wconf 81' lang='grc' dir='ltr'>ὡς</span> <span class='ocrx_word' id='word_1_532' title='bbox 3723 3593 3831 3650; x_wconf 79' lang='grc' dir='ltr'><strong>Κύ-</strong></span> 
     </span>
    </p>
   </div>
   <div class='ocr_carea' id='block_1_77' title="bbox 433 3672 2088 3764">
    <p class='ocr_par' dir='ltr' id='par_1_77' title="bbox 433 3672 2088 3756">
     <span class='ocr_line' id='line_1_77' title="bbox 433 3672 2088 3756; baseline 0.001 -22"><span class='ocrx_word' id='word_1_533' title='bbox 433 3673 625 3753; x_wconf 84' lang='lat' dir='ltr'><strong>primo</strong></span> <span class='ocrx_word' id='word_1_534' title='bbox 653 3673 922 3756; x_wconf 89' lang='lat' dir='ltr'><strong>quidem,</strong></span> <span class='ocrx_word' id='word_1_535' title='bbox 951 3672 1231 3747; x_wconf 89' lang='lat' dir='ltr'><strong>obscure;</strong></span> <span class='ocrx_word' id='word_1_536' title='bbox 1264 3673 1507 3745; x_wconf 87' lang='lat' dir='ltr'><strong>deinde.</strong></span> <span class='ocrx_word' id='word_1_537' title='bbox 1543 3674 1904 3755; x_wconf 85' lang='lat' dir='ltr'><strong>expressius;</strong></span> <span class='ocrx_word' id='word_1_538' title='bbox 1932 3691 2088 3735; x_wconf 88' lang='lat' dir='ltr'><strong>nunc</strong></span> 
     </span>
    </p>
   </div>
   <div class='ocr_carea' id='block_1_78' title="bbox 2196 3672 3834 3764">
    <p class='ocr_par' dir='ltr' id='par_1_78' title="bbox 2196 3680 3834 3764">
     <span class='ocr_line' id='line_1_78' title="bbox 2196 3680 3834 3764; baseline 0.005 -30"><span class='ocrx_word' id='word_1_539' title='bbox 2196 3699 2307 3752; x_wconf 71' lang='grc' dir='ltr'>νιον,</span> <span class='ocrx_word' id='word_1_540' title='bbox 2340 3680 2690 3757; x_wconf 84' lang='grc' dir='ltr'>πεμπόμενον</span> <span class='ocrx_word' id='word_1_541' title='bbox 2720 3681 2773 3739; x_wconf 70' lang='grc' dir='ltr'><strong>δὲ</strong></span> <span class='ocrx_word' id='word_1_542' title='bbox 2818 3686 2892 3749; x_wconf 85' lang='grc' dir='ltr'>ὡς</span> <span class='ocrx_word' id='word_1_543' title='bbox 2941 3688 3035 3743; x_wconf 72' lang='grc' dir='ltr'>οὐκ</span> <span class='ocrx_word' id='word_1_544' title='bbox 3078 3684 3336 3742; x_wconf 79' lang='grc' dir='ltr'>ἀντίθεον.</span> <span class='ocrx_word' id='word_1_545' title='bbox 3381 3685 3439 3741; x_wconf 75' lang='lat' dir='ltr'><strong>Al</strong></span> <span class='ocrx_word' id='word_1_546' title='bbox 3497 3685 3597 3764; x_wconf 78' lang='grc' dir='ltr'>γὰρ</span> <span class='ocrx_word' id='word_1_547' title='bbox 3649 3695 3834 3743; x_wconf 88' lang='grc' dir='ltr'>τοιαῦ-</span> 
     </span>
    </p>
   </div>
   <div class='ocr_carea' id='block_1_79' title="bbox 428 3763 2088 3855">
    <p class='ocr_par' dir='ltr' id='par_1_79' title="bbox 428 3763 2086 3855">
     <span class='ocr_line' id='line_1_79' title="bbox 428 3763 2086 3855; baseline 0.001 -30"><span class='ocrx_word' id='word_1_548' title='bbox 428 3779 595 3855; x_wconf 84' lang='lat' dir='ltr'><strong>vero,</strong></span> <span class='ocrx_word' id='word_1_549' title='bbox 623 3763 967 3855; x_wconf 82' lang='lat' dir='ltr'><strong>perfectius,</strong></span> <span class='ocrx_word' id='word_1_550' title='bbox 1006 3771 1210 3855; x_wconf 85' lang='lat' dir='ltr'><strong>utpote</strong></span> <span class='ocrx_word' id='word_1_551' title='bbox 1262 3765 1359 3845; x_wconf 90' lang='lat' dir='ltr'><strong>qui</strong></span> <span class='ocrx_word' id='word_1_552' title='bbox 1384 3854 1387 3855; x_wconf 13' lang='grc' dir='ltr'><em>ν</em></span> <span class='ocrx_word' id='word_1_553' title='bbox 1410 3771 1527 3827; x_wconf 89' lang='lat' dir='ltr'><strong>no‘n</strong></span> <span class='ocrx_word' id='word_1_554' title='bbox 1552 3764 2086 3855; x_wconf 67' lang='lat' dir='ltr'><strong>jam__operatio_ne</strong></span> 
     </span>
    </p>
   </div>
   <div class='ocr_carea' id='block_1_80' title="bbox 2196 3763 3834 3855">
    <p class='ocr_par' dir='ltr' id='par_1_80' title="bbox 2196 3763 3834 3855">
     <span class='ocr_line' id='line_1_80' title="bbox 2196 3763 3834 3855; baseline 0.015 -48"><span class='ocrx_word' id='word_1_555' title='bbox 2196 3790 2254 3823; x_wconf 66' lang='grc' dir='ltr'><strong>αι</strong></span> <span class='ocrx_word' id='word_1_556' title='bbox 2314 3771 2482 3848; x_wconf 71' lang='grc' dir='ltr'>φωναὶ</span> <span class='ocrx_word' id='word_1_557' title='bbox 2531 3772 2637 3853; x_wconf 56' lang='grc' dir='ltr'>οὔχ</span> <span class='ocrx_word' id='word_1_558' title='bbox 2677 3774 2841 3841; x_wconf 79' lang='grc' dir='ltr'><strong>ἦττον</strong></span> <span class='ocrx_word' id='word_1_559' title='bbox 2898 3775 2997 3841; x_wconf 79' lang='grc' dir='ltr'><strong>τὴν</strong></span> <span class='ocrx_word' id='word_1_560' title='bbox 3052 3776 3307 3850; x_wconf 84' lang='grc' dir='ltr'>ὁμόνοιαν</span> <span class='ocrx_word' id='word_1_561' title='bbox 3360 3763 3638 3850; x_wconf 73' lang='grc' dir='ltr'>δηλοῦσιν,</span> <span class='ocrx_word' id='word_1_562' title='bbox 3667 3775 3700 3842; x_wconf 75' lang='grc' dir='ltr'><strong>ἢ</strong></span> <span class='ocrx_word' id='word_1_563' title='bbox 3730 3777 3834 3855; x_wconf 67' lang='grc' dir='ltr'><strong>φύ-</strong></span> 
     </span>
    </p>
   </div>
   <div class='ocr_carea' id='block_1_81' title="bbox 428 3852 2088 3942">
    <p class='ocr_par' dir='ltr' id='par_1_81' title="bbox 428 3852 2084 3935">
     <span class='ocr_line' id='line_1_81' title="bbox 428 3852 2084 3935; baseline 0 -20"><span class='ocrx_word' id='word_1_564' title='bbox 428 3852 556 3915; x_wconf 88' lang='lat' dir='ltr'><strong>sola</strong></span> <span class='ocrx_word' id='word_1_565' title='bbox 581 3872 844 3935; x_wconf 67' lang='lat' dir='ltr'><strong>praesens</strong></span> <span class='ocrx_word' id='word_1_566' title='bbox 878 3853 977 3933; x_wconf 90' lang='lat' dir='ltr'><strong>sit,</strong></span> <span class='ocrx_word' id='word_1_567' title='bbox 1004 3862 1065 3914; x_wconf 91' lang='lat' dir='ltr'><strong>ut</strong></span> <span class='ocrx_word' id='word_1_568' title='bbox 1096 3853 1396 3933; x_wconf 86' lang='lat' dir='ltr'><strong>prius,sed</strong></span> <span class='ocrx_word' id='word_1_569' title='bbox 1431 3852 1758 3919; x_wconf 83' lang='lat' dir='ltr'><strong>essentiali.</strong></span> <span class='ocrx_word' id='word_1_570' title='bbox 1782 3862 1847 3916; x_wconf 93' lang='lat' dir='ltr'><strong>ut</strong></span> <span class='ocrx_word' id='word_1_571' title='bbox 1882 3854 1969 3915; x_wconf 88' lang='lat' dir='ltr'><strong>sic</strong></span> <span class='ocrx_word' id='word_1_572' title='bbox 2002 3853 2084 3915; x_wconf 81' lang='lat' dir='ltr'><strong>lo-</strong></span> 
     </span>
    </p>
   </div>
   <div class='ocr_carea' id='block_1_82' title="bbox 2196 3852 2805 3942">
    <p class='ocr_par' dir='ltr' id='par_1_82' title="bbox 2196 3852 2805 3942">
     <span class='ocr_line' id='line_1_82' title="bbox 2196 3852 2805 3942; baseline 0 -20"><span class='ocrx_word' id='word_1_573' title='bbox 2196 3879 2279 3922; x_wconf 79' lang='grc' dir='ltr'><strong>ἐις</strong></span> <span class='ocrx_word' id='word_1_574' title='bbox 2312 3860 2435 3938; x_wconf 84' lang='grc'><strong>(71)</strong></span> <span class='ocrx_word' id='word_1_575' title='bbox 2465 3852 2805 3942; x_wconf 69' lang='grc' dir='ltr'>χωρίζουσιν,</span> 
     </span>
    </p>
   </div>
   <div class='ocr_carea' id='block_1_83' title="bbox 428 3942 3831 4030">
    <p class='ocr_par' dir='ltr' id='par_1_83' title="bbox 428 3942 3831 4030">
     <span class='ocr_line' id='line_1_83' title="bbox 428 3942 3831 4030; baseline 0.004 -26"><span class='ocrx_word' id='word_1_576' title='bbox 428 3961 597 4025; x_wconf 88' lang='lat' dir='ltr'><strong>quar,</strong></span> <span class='ocrx_word' id='word_1_577' title='bbox 633 3943 808 4006; x_wconf 92' lang='lat' dir='ltr'><strong>modo</strong></span> <span class='ocrx_word' id='word_1_578' title='bbox 838 3943 1015 4006; x_wconf 90' lang='lat' dir='ltr'><strong>adsit.</strong></span> <span class='ocrx_word' id='word_1_579' title='bbox 1045 3942 1339 4024; x_wconf 89' lang='lat' dir='ltr'><strong>simulque</strong></span> <span class='ocrx_word' id='word_1_580' title='bbox 1368 3953 1663 4007; x_wconf 85' lang='lat' dir='ltr'><strong>versetur.</strong></span> <span class='ocrx_word' id='word_1_581' title='bbox 1695 3942 1840 4005; x_wconf 88' lang='lat' dir='ltr'><strong>Nam</strong></span> <span class='ocrx_word' id='word_1_582' title='bbox 1892 3962 2026 4005; x_wconf 92' lang='lat' dir='ltr'><strong>cum</strong></span> <span class='ocrx_word' id='word_1_583' title='bbox 2079 3944 2265 4008; x_wconf 90' lang='lat' dir='ltr'><strong>Filius</strong></span> <span class='ocrx_word' id='word_1_584' title='bbox 2293 3966 2643 4030; x_wconf 89' lang='lat' dir='ltr'><strong>corpoream</strong></span> <span class='ocrx_word' id='word_1_585' title='bbox 2695 3954 3008 4018; x_wconf 88' lang='lat' dir='ltr'><strong>nobiscum</strong></span> <span class='ocrx_word' id='word_1_586' title='bbox 3039 3953 3538 4018; x_wconf 88' lang='lat' dir='ltr'><strong>consuetudinem</strong></span> <span class='ocrx_word' id='word_1_587' title='bbox 3582 3956 3831 4018; x_wconf 80' lang='lat' dir='ltr'><strong>habuis-</strong></span> 
     </span>
    </p>
   </div>
   <div class='ocr_carea' id='block_1_84' title="bbox 425 4033 3825 4119">
    <p class='ocr_par' dir='ltr' id='par_1_84' title="bbox 425 4033 3825 4119">
     <span class='ocr_line' id='line_1_84' title="bbox 425 4033 3825 4119; baseline 0.005 -27"><span class='ocrx_word' id='word_1_588' title='bbox 425 4041 537 4101; x_wconf 89' lang='lat' dir='ltr'><strong>set,</strong></span> <span class='ocrx_word' id='word_1_589' title='bbox 599 4033 891 4114; x_wconf 90' lang='lat' dir='ltr'><strong>Spiritum</strong></span> <span class='ocrx_word' id='word_1_590' title='bbox 954 4051 1193 4114; x_wconf 85' lang='lat' dir='ltr'><strong>quoque</strong></span> <span class='ocrx_word' id='word_1_591' title='bbox 1244 4052 1531 4114; x_wconf 90' lang='lat' dir='ltr'><strong>corporeo</strong></span> <span class='ocrx_word' id='word_1_592' title='bbox 1576 4033 1757 4095; x_wconf 89' lang='lat' dir='ltr'><strong>modo</strong></span> <span class='ocrx_word' id='word_1_593' title='bbox 1815 4034 1983 4095; x_wconf 88' lang='lat' dir='ltr'><strong>cerni</strong></span> <span class='ocrx_word' id='word_1_594' title='bbox 2034 4037 2449 4113; x_wconf 83' lang='lat' dir='ltr'><strong>conveniebat;</strong></span> <span class='ocrx_word' id='word_1_595' title='bbox 2486 4048 2704 4105; x_wconf 86' lang='lat' dir='ltr'><strong>etcum</strong></span> <span class='ocrx_word' id='word_1_596' title='bbox 2759 4043 3034 4108; x_wconf 86' lang='lat' dir='ltr'><strong>Christus</strong></span> <span class='ocrx_word' id='word_1_597' title='bbox 3065 4044 3139 4108; x_wconf 92' lang='lat' dir='ltr'><strong>ad</strong></span> <span class='ocrx_word' id='word_1_598' title='bbox 3171 4063 3304 4107; x_wconf 78' lang='lat' dir='ltr'><strong>sese</strong></span> <span class='ocrx_word' id='word_1_599' title='bbox 3332 4062 3615 4108; x_wconf 89' lang='lat' dir='ltr'><strong>reversus</strong></span> <span class='ocrx_word' id='word_1_600' title='bbox 3646 4053 3825 4119; x_wconf 86' lang='lat' dir='ltr'><strong>esset,</strong></span> 
     </span>
    </p>
   </div>
   <div class='ocr_carea' id='block_1_85' title="bbox 426 4122 3828 4218">
    <p class='ocr_par' dir='ltr' id='par_1_85' title="bbox 426 4122 3828 4218">
     <span class='ocr_line' id='line_1_85' title="bbox 426 4122 3828 4218; baseline 0.005 -36"><span class='ocrx_word' id='word_1_601' title='bbox 426 4140 566 4183; x_wconf 87' lang='lat' dir='ltr'><strong>eum</strong></span> <span class='ocrx_word' id='word_1_602' title='bbox 599 4122 671 4183; x_wconf 89' lang='lat' dir='ltr'><strong>ad</strong></span> <span class='ocrx_word' id='word_1_603' title='bbox 706 4122 1211 4218; x_wconf 79' lang='lat' dir='ltr'><strong>nosdescendere</strong></span> <span class='ocrx_word' id='word_1_604' title='bbox 1240 4132 1299 4184; x_wconf 90' lang='lat' dir='ltr'><strong>et</strong></span> <span class='ocrx_word' id='word_1_605' title='bbox 1328 4123 1574 4218; x_wconf 61' lang='lat' dir='ltr'><strong>quidem</strong></span> <span class='ocrx_word' id='word_1_606' title='bbox 1604 4124 1703 4218; x_wconf 78' lang='lat' dir='ltr'><strong>ita,</strong></span> <span class='ocrx_word' id='word_1_607' title='bbox 1740 4130 1802 4218; x_wconf 78' lang='lat' dir='ltr'><strong>ut</strong></span> <span class='ocrx_word' id='word_1_608' title='bbox 1833 4131 1912 4200; x_wconf 92' lang='lat' dir='ltr'><strong>et,</strong></span> <span class='ocrx_word' id='word_1_609' title='bbox 1949 4131 2233 4218; x_wconf 75' lang='lat' dir='ltr'><strong>tanquam</strong></span> <span class='ocrx_word' id='word_1_610' title='bbox 2284 4129 2596 4214; x_wconf 86' lang='lat' dir='ltr'><strong>Dominus,</strong></span> <span class='ocrx_word' id='word_1_611' title='bbox 2646 4134 2901 4216; x_wconf 88' lang='lat' dir='ltr'><strong>veniret,</strong></span> <span class='ocrx_word' id='word_1_612' title='bbox 2954 4145 3037 4212; x_wconf 91' lang='lat' dir='ltr'><strong>et,</strong></span> <span class='ocrx_word' id='word_1_613' title='bbox 3098 4144 3376 4215; x_wconf 89' lang='lat' dir='ltr'><strong>tanquam</strong></span> <span class='ocrx_word' id='word_1_614' title='bbox 3426 4137 3551 4199; x_wconf 87' lang='lat' dir='ltr'><strong>Deo</strong></span> <span class='ocrx_word' id='word_1_615' title='bbox 3596 4155 3828 4218; x_wconf 84' lang='lat' dir='ltr'><strong>nequa-</strong></span> 
     </span>
    </p>
   </div>
   <div class='ocr_carea' id='block_1_86' title="bbox 424 4211 3831 4305">
    <p class='ocr_par' dir='ltr' id='par_1_86' title="bbox 424 4211 3831 4305">
     <span class='ocr_line' id='line_1_86' title="bbox 424 4211 3831 4305; baseline 0.006 -34"><span class='ocrx_word' id='word_1_616' title='bbox 424 4213 970 4305; x_wconf 34' lang='lat' dir='ltr'><strong>quamﬂoppositus,</strong></span> <span class='ocrx_word' id='word_1_617' title='bbox 1003 4211 1366 4277; x_wconf 90' lang='lat' dir='ltr'><strong>mitteretur.</strong></span> <span class='ocrx_word' id='word_1_618' title='bbox 1402 4212 1638 4276; x_wconf 91' lang='lat' dir='ltr'><strong>Etenim</strong></span> <span class='ocrx_word' id='word_1_619' title='bbox 1666 4212 2013 4293; x_wconf 84' lang='lat' dir='ltr'><strong>hujusmodi</strong></span> <span class='ocrx_word' id='word_1_620' title='bbox 2047 4233 2220 4278; x_wconf 91' lang='lat' dir='ltr'><strong>voces</strong></span> <span class='ocrx_word' id='word_1_621' title='bbox 2270 4237 2388 4281; x_wconf 91' lang='lat' dir='ltr'><strong>non</strong></span> <span class='ocrx_word' id='word_1_622' title='bbox 2419 4211 2619 4284; x_wconf 85' lang='lat' dir='ltr'><strong>minus</strong></span> <span class='ocrx_word' id='word_1_623' title='bbox 2648 4211 3035 4289; x_wconf 82' lang='lat' dir='ltr'><strong>concordiam</strong></span> <span class='ocrx_word' id='word_1_624' title='bbox 3083 4211 3411 4300; x_wconf 79' lang='lat' dir='ltr'><strong>declarant,</strong></span> <span class='ocrx_word' id='word_1_625' title='bbox 3440 4245 3620 4305; x_wconf 77' lang='lat' dir='ltr'><strong>quam</strong></span> <span class='ocrx_word' id='word_1_626' title='bbox 3652 4211 3831 4291; x_wconf 69' lang='lat' dir='ltr'><strong>natu-</strong></span> 
     </span>
    </p>
   </div>
   <div class='ocr_carea' id='block_1_87' title="bbox 419 4300 941 4365">
    <p class='ocr_par' dir='ltr' id='par_1_87' title="bbox 419 4300 941 4365">
     <span class='ocr_line' id='line_1_87' title="bbox 419 4300 941 4365; baseline 0.004 -2"><span class='ocrx_word' id='word_1_627' title='bbox 419 4318 548 4363; x_wconf 84' lang='lat' dir='ltr'><strong>ram</strong></span> <span class='ocrx_word' id='word_1_628' title='bbox 580 4300 941 4365; x_wconf 82' lang='lat' dir='ltr'><strong>distrahunt.</strong></span> 
     </span>
    </p>
   </div>
   <div class='ocr_carea' id='block_1_88' title="bbox 504 4388 2088 4488">
    <p class='ocr_par' dir='ltr' id='par_1_88' title="bbox 504 4388 2081 4488">
     <span class='ocr_line' id='line_1_88' title="bbox 504 4388 2081 4488; baseline 0.001 -35"><span class='ocrx_word' id='word_1_629' title='bbox 504 4388 635 4488; x_wconf 79' lang='lat' dir='ltr'><strong>XII.</strong></span> <span class='ocrx_word' id='word_1_630' title='bbox 669 4390 918 4488; x_wconf 75' lang='lat' dir='ltr'><strong>Idcirco,</strong></span> <span class='ocrx_word' id='word_1_631' title='bbox 955 4392 1414 4488; x_wconf 76' lang='lat' dir='ltr'><strong>postChristum</strong></span> <span class='ocrx_word' id='word_1_632' title='bbox 1441 4391 1685 4475; x_wconf 89' lang='lat' dir='ltr'><strong>quidem</strong></span> <span class='ocrx_word' id='word_1_633' title='bbox 1714 4391 1965 4488; x_wconf 82' lang='lat' dir='ltr'><strong>accedit,</strong></span> <span class='ocrx_word' id='word_1_634' title='bbox 2009 4412 2081 4488; x_wconf 82' lang='lat' dir='ltr'><strong>ne</strong></span> 
     </span>
    </p>
   </div>
   <div class='ocr_carea' id='block_1_89' title="bbox 2196 4388 3826 4488">
    <p class='ocr_par' dir='ltr' id='par_1_89' title="bbox 2248 4398 3826 4488">
     <span class='ocr_line' id='line_1_89' title="bbox 2248 4398 3826 4488; baseline 0.007 -33"><span class='ocrx_word' id='word_1_635' title='bbox 2248 4398 2359 4463; x_wconf 77' lang='grc' dir='ltr'>ω’,</span> <span class='ocrx_word' id='word_1_636' title='bbox 2412 4405 2509 4460; x_wconf 79' lang='grc' dir='ltr'><strong>Διὰ</strong></span> <span class='ocrx_word' id='word_1_637' title='bbox 2552 4413 2731 4483; x_wconf 79' lang='grc' dir='ltr'>τοῦτο,</span> <span class='ocrx_word' id='word_1_638' title='bbox 2767 4408 2903 4483; x_wconf 87' lang='grc' dir='ltr'>μετὰ</span> <span class='ocrx_word' id='word_1_639' title='bbox 2952 4408 3179 4487; x_wconf 76' lang='grc' dir='ltr'>Χριστὸν</span> <span class='ocrx_word' id='word_1_640' title='bbox 3222 4408 3345 4484; x_wconf 80' lang='grc' dir='ltr'>μὲν,</span> <span class='ocrx_word' id='word_1_641' title='bbox 3392 4407 3487 4465; x_wconf 68' lang='grc' dir='ltr'><strong>ἵνα</strong></span> <span class='ocrx_word' id='word_1_642' title='bbox 3530 4407 3826 4488; x_wconf 82' lang='grc' dir='ltr'>Παράκλη-</span> 
     </span>
    </p>
   </div>
   <div class='ocr_carea' id='block_1_90' title="bbox 421 4480 2079 4556">
    <p class='ocr_par' dir='ltr' id='par_1_90' title="bbox 421 4480 2079 4556">
     <span class='ocr_line' id='line_1_90' title="bbox 421 4480 2079 4556; baseline 0.001 -13"><span class='ocrx_word' id='word_1_643' title='bbox 421 4480 759 4544; x_wconf 86' lang='lat' dir='ltr'><strong>Paracletus</strong></span> <span class='ocrx_word' id='word_1_644' title='bbox 781 4483 955 4545; x_wconf 88' lang='lat' dir='ltr'><strong>nobis</strong></span> <span class='ocrx_word' id='word_1_645' title='bbox 976 4483 1152 4547; x_wconf 88' lang='lat' dir='ltr'><strong>desit:</strong></span> <span class='ocrx_word' id='word_1_646' title='bbox 1178 4484 1354 4547; x_wconf 79' lang='lat' dir='ltr'><strong>Alius</strong></span> <span class='ocrx_word' id='word_1_647' title='bbox 1382 4493 1606 4556; x_wconf 89' lang='lat' dir='ltr'><strong>autem,</strong></span> <span class='ocrx_word' id='word_1_648' title='bbox 1643 4490 1705 4544; x_wconf 91' lang='lat' dir='ltr'><strong>ut</strong></span> <span class='ocrx_word' id='word_1_649' title='bbox 1738 4490 1796 4545; x_wconf 92' lang='lat' dir='ltr'><strong>tu</strong></span> <span class='ocrx_word' id='word_1_650' title='bbox 1830 4483 2079 4545; x_wconf 90' lang='lat' dir='ltr'><strong>honoris</strong></span> 
     </span>
    </p>
   </div>
   <div class='ocr_carea' id='block_1_91' title="bbox 420 4571 2075 4655">
    <p class='ocr_par' dir='ltr' id='par_1_91' title="bbox 420 4571 2075 4655">
     <span class='ocr_line' id='line_1_91' title="bbox 420 4571 2075 4655; baseline 0.001 -22"><span class='ocrx_word' id='word_1_651' title='bbox 420 4573 818 4653; x_wconf 86' lang='lat' dir='ltr'><strong>aequalitatem</strong></span> <span class='ocrx_word' id='word_1_652' title='bbox 843 4572 1090 4652; x_wconf 88' lang='lat' dir='ltr'><strong>cogites.</strong></span> <span class='ocrx_word' id='word_1_653' title='bbox 1115 4573 1282 4646; x_wconf 86' lang='lat' dir='ltr'><strong>Quod</strong></span> <span class='ocrx_word' id='word_1_654' title='bbox 1317 4573 1476 4636; x_wconf 88' lang='lat' dir='ltr'><strong>enim</strong></span> <span class='ocrx_word' id='word_1_655' title='bbox 1510 4575 1615 4653; x_wconf 87' lang='lat' dir='ltr'><strong>ait,</strong></span> <span class='ocrx_word' id='word_1_656' title='bbox 1649 4573 1834 4647; x_wconf 72' lang='lat' dir='ltr'><strong>alius,</strong></span> <span class='ocrx_word' id='word_1_657' title='bbox 1868 4571 2075 4655; x_wconf 89' lang='lat' dir='ltr'><strong>alium,</strong></span> 
     </span>
    </p>
   </div>
   <div class='ocr_carea' id='block_1_92' title="bbox 503 4671 2080 4761">
    <p class='ocr_par' dir='ltr' id='par_1_92' title="bbox 503 4671 2080 4761">
     <span class='ocr_line' id='line_1_92' title="bbox 503 4671 2080 4761; baseline -0.006 -15"><span class='ocrx_word' id='word_1_658' title='bbox 503 4682 633 4761; x_wconf 72' lang='grc'><strong>(64)</strong></span> <span class='ocrx_word' id='word_1_659' title='bbox 670 4671 992 4761; x_wconf 52' lang='grc' dir='ltr'>Ὀρωμένας</span> <span class='ocrx_word' id='word_1_660' title='bbox 1032 4680 1197 4746; x_wconf 89' lang='lat' dir='ltr'><strong>Unus</strong></span> <span class='ocrx_word' id='word_1_661' title='bbox 1247 4680 1444 4750; x_wconf 66' lang='lat' dir='ltr'><strong>C0&#39;b.,</strong></span> <span class='ocrx_word' id='word_1_662' title='bbox 1496 4681 1836 4759; x_wconf 81' lang='grc' dir='ltr'>ὁρμωμένας,</span> <span class='ocrx_word' id='word_1_663' title='bbox 1898 4702 1921 4737; x_wconf 76' lang='grc' dir='ltr'><strong>α</strong></span> <span class='ocrx_word' id='word_1_664' title='bbox 1970 4680 2080 4745; x_wconf 86' lang='lat' dir='ltr'><strong>Ut-</strong></span> 
     </span>
    </p>
   </div>
   <div class='ocr_carea' id='block_1_93' title="bbox 425 4759 2080 4844">
    <p class='ocr_par' dir='ltr' id='par_1_93' title="bbox 425 4759 2080 4844">
     <span class='ocr_line' id='line_1_93' title="bbox 425 4759 2080 4844; baseline 0 -21"><span class='ocrx_word' id='word_1_665' title='bbox 425 4759 563 4844; x_wconf 83' lang='lat' dir='ltr'><strong>pote</strong></span> <span class='ocrx_word' id='word_1_666' title='bbox 592 4759 726 4823; x_wconf 88' lang='lat' dir='ltr'><strong>cum</strong></span> <span class='ocrx_word' id='word_1_667' title='bbox 756 4759 898 4842; x_wconf 83' lang='lat' dir='ltr'><strong>igne</strong></span> <span class='ocrx_word' id='word_1_668' title='bbox 930 4763 1256 4844; x_wconf 84' lang='lat' dir='ltr'><strong>prolapsas.</strong></span> <span class='ocrx_word' id='word_1_669' title='bbox 1293 4785 1323 4825; x_wconf 72' lang='grc' dir='ltr'><strong><em>ι</em></strong></span> <span class='ocrx_word' id='word_1_670' title='bbox 1366 4762 1497 4826; x_wconf 87' lang='lat' dir='ltr'><strong>Bill.</strong></span> <span class='ocrx_word' id='word_1_671' title='bbox 1532 4761 1641 4825; x_wconf 68' lang='lat' dir='ltr'><strong>«Ut</strong></span> <span class='ocrx_word' id='word_1_672' title='bbox 1671 4779 1805 4839; x_wconf 64' lang='lat' dir='ltr'><strong>qua;</strong></span> <span class='ocrx_word' id='word_1_673' title='bbox 1835 4762 2080 4843; x_wconf 88' lang='lat' dir='ltr'><strong>conspi-</strong></span> 
     </span>
    </p>
   </div>
   <div class='ocr_carea' id='block_1_94' title="bbox 423 4843 741 4906">
    <p class='ocr_par' dir='ltr' id='par_1_94' title="bbox 423 4843 741 4906">
     <span class='ocr_line' id='line_1_94' title="bbox 423 4843 741 4906; baseline -0.019 0"><span class='ocrx_word' id='word_1_674' title='bbox 423 4843 677 4906; x_wconf 87' lang='lat' dir='ltr'><strong>ciantur.</strong></span> <span class='ocrx_word' id='word_1_675' title='bbox 718 4864 741 4899; x_wconf 73' lang='grc' dir='ltr'><strong>ι</strong></span> 
     </span>
    </p>
   </div>
   <div class='ocr_carea' id='block_1_95' title="bbox 500 4921 2078 5004">
    <p class='ocr_par' dir='ltr' id='par_1_95' title="bbox 500 4921 2078 5004">
     <span class='ocr_line' id='line_1_95' title="bbox 500 4921 2078 5004; baseline -0.002 -14"><span class='ocrx_word' id='word_1_676' title='bbox 500 4923 616 4994; x_wconf 77' lang='grc'><strong>(65)</strong></span> <span class='ocrx_word' id='word_1_677' title='bbox 652 4926 1091 5000; x_wconf 79' lang='grc' dir='ltr'>Δογματὶσωμεν.</span> <span class='ocrx_word' id='word_1_678' title='bbox 1131 4924 1334 4986; x_wconf 89' lang='lat' dir='ltr'><strong>BiIIius</strong></span> <span class='ocrx_word' id='word_1_679' title='bbox 1366 4924 1427 4987; x_wconf 92' lang='lat' dir='ltr'><strong>in</strong></span> <span class='ocrx_word' id='word_1_680' title='bbox 1460 4924 1651 5004; x_wconf 89' lang='lat' dir='ltr'><strong>prima</strong></span> <span class='ocrx_word' id='word_1_681' title='bbox 1686 4921 1783 4986; x_wconf 90' lang='lat' dir='ltr'><strong>ed.</strong></span> <span class='ocrx_word' id='word_1_682' title='bbox 1824 4947 1850 4977; x_wconf 76' lang='grc' dir='ltr'><strong>α</strong></span> <span class='ocrx_word' id='word_1_683' title='bbox 1886 4921 2078 5004; x_wconf 82' lang='lat' dir='ltr'><strong>Hodie</strong></span> 
     </span>
    </p>
   </div>
   <div class='ocr_carea' id='block_1_96' title="bbox 424 5003 2080 5086">
    <p class='ocr_par' dir='ltr' id='par_1_96' title="bbox 424 5003 2080 5086">
     <span class='ocr_line' id='line_1_96' title="bbox 424 5003 2080 5086; baseline -0.001 -18"><span class='ocrx_word' id='word_1_684' title='bbox 424 5004 563 5068; x_wconf 81' lang='lat' dir='ltr'><strong>fidei</strong></span> <span class='ocrx_word' id='word_1_685' title='bbox 592 5004 869 5086; x_wconf 81' lang='lat' dir='ltr'><strong>dogmata</strong></span> <span class='ocrx_word' id='word_1_686' title='bbox 891 5024 1313 5086; x_wconf 89' lang='lat' dir='ltr'><strong>proponamus.</strong></span> <span class='ocrx_word' id='word_1_687' title='bbox 1357 5030 1379 5062; x_wconf 70' lang='grc' dir='ltr'><strong>ι</strong></span> <span class='ocrx_word' id='word_1_688' title='bbox 1409 5003 1472 5068; x_wconf 90' lang='lat' dir='ltr'><strong>Id</strong></span> <span class='ocrx_word' id='word_1_689' title='bbox 1498 5013 1683 5086; x_wconf 87' lang='lat' dir='ltr'><strong>est,ut</strong></span> <span class='ocrx_word' id='word_1_690' title='bbox 1704 5004 1951 5083; x_wconf 88' lang='lat' dir='ltr'><strong>exponit</strong></span> <span class='ocrx_word' id='word_1_691' title='bbox 1973 5003 2080 5066; x_wconf 89' lang='lat' dir='ltr'><strong>Ni-</strong></span> 
     </span>
    </p>
   </div>
   <div class='ocr_carea' id='block_1_97' title="bbox 421 5084 2079 5169">
    <p class='ocr_par' dir='ltr' id='par_1_97' title="bbox 421 5084 2079 5169">
     <span class='ocr_line' id='line_1_97' title="bbox 421 5084 2079 5169; baseline -0.003 -20"><span class='ocrx_word' id='word_1_692' title='bbox 421 5096 605 5169; x_wconf 82' lang='lat' dir='ltr'><strong>cetas,</strong></span> <span class='ocrx_word' id='word_1_693' title='bbox 645 5110 672 5141; x_wconf 75' lang='grc' dir='ltr'><strong>α</strong></span> <span class='ocrx_word' id='word_1_694' title='bbox 703 5084 960 5169; x_wconf 71' lang='lat' dir='ltr'><strong>fideliter</strong></span> <span class='ocrx_word' id='word_1_695' title='bbox 988 5084 1259 5169; x_wconf 86' lang='lat' dir='ltr'><strong>doctrina</strong></span> <span class='ocrx_word' id='word_1_696' title='bbox 1280 5087 1355 5149; x_wconf 92' lang='lat' dir='ltr'><strong>de</strong></span> <span class='ocrx_word' id='word_1_697' title='bbox 1377 5084 1605 5169; x_wconf 89' lang='lat' dir='ltr'><strong>Spiritu</strong></span> <span class='ocrx_word' id='word_1_698' title='bbox 1635 5092 1866 5166; x_wconf 91' lang='lat' dir='ltr'><strong>sancto,</strong></span> <span class='ocrx_word' id='word_1_699' title='bbox 1901 5103 2079 5169; x_wconf 78' lang='lat' dir='ltr'><strong>quam</strong></span> 
     </span>
    </p>
   </div>
   <div class='ocr_carea' id='block_1_98' title="bbox 418 5165 2074 5247">
    <p class='ocr_par' dir='ltr' id='par_1_98' title="bbox 418 5165 2074 5247">
     <span class='ocr_line' id='line_1_98' title="bbox 418 5165 2074 5247; baseline -0.001 -17"><span class='ocrx_word' id='word_1_700' title='bbox 418 5167 727 5247; x_wconf 89' lang='lat' dir='ltr'><strong>Scriptura</strong></span> <span class='ocrx_word' id='word_1_701' title='bbox 760 5165 934 5227; x_wconf 89' lang='lat' dir='ltr'><strong>nobis</strong></span> <span class='ocrx_word' id='word_1_702' title='bbox 966 5167 1162 5241; x_wconf 72' lang='lat' dir='ltr'><strong>oﬂ‘crt,</strong></span> <span class='ocrx_word' id='word_1_703' title='bbox 1193 5165 1473 5241; x_wconf 72' lang='lat' dir='ltr'><strong>utamur;</strong></span> <span class='ocrx_word' id='word_1_704' title='bbox 1501 5185 1631 5229; x_wconf 90' lang='lat' dir='ltr'><strong>cras</strong></span> <span class='ocrx_word' id='word_1_705' title='bbox 1664 5165 1860 5228; x_wconf 88' lang='lat' dir='ltr'><strong>autem</strong></span> <span class='ocrx_word' id='word_1_706' title='bbox 1881 5166 2074 5228; x_wconf 83' lang='lat' dir='ltr'><strong>artiﬁ-</strong></span> 
     </span>
    </p>
   </div>
   <div class='ocr_carea' id='block_1_99' title="bbox 419 5247 2075 5322">
    <p class='ocr_par' dir='ltr' id='par_1_99' title="bbox 419 5247 2075 5322">
     <span class='ocr_line' id='line_1_99' title="bbox 419 5247 2075 5322; baseline -0.001 -12"><span class='ocrx_word' id='word_1_707' title='bbox 419 5248 581 5310; x_wconf 89' lang='lat' dir='ltr'><strong>ciose</strong></span> <span class='ocrx_word' id='word_1_708' title='bbox 604 5247 1057 5322; x_wconf 88' lang='lat' dir='ltr'><strong>disseremus,et</strong></span> <span class='ocrx_word' id='word_1_709' title='bbox 1090 5248 1165 5309; x_wconf 90' lang='lat' dir='ltr'><strong>ab</strong></span> <span class='ocrx_word' id='word_1_710' title='bbox 1198 5250 1450 5311; x_wconf 90' lang='lat' dir='ltr'><strong>honesto</strong></span> <span class='ocrx_word' id='word_1_711' title='bbox 1483 5254 1544 5309; x_wconf 87' lang='lat' dir='ltr'><strong>et</strong></span> <span class='ocrx_word' id='word_1_712' title='bbox 1570 5249 1791 5310; x_wconf 90' lang='lat' dir='ltr'><strong>decoro</strong></span> <span class='ocrx_word' id='word_1_713' title='bbox 1817 5247 2075 5308; x_wconf 88' lang='lat' dir='ltr'><strong>recede-</strong></span> 
     </span>
    </p>
   </div>
   <div class='ocr_carea' id='block_1_100' title="bbox 422 5326 2073 5421">
    <p class='ocr_par' dir='ltr' id='par_1_100' title="bbox 422 5326 2073 5421">
     <span class='ocr_line' id='line_1_100' title="bbox 422 5326 2073 5421; baseline 0.001 -32"><span class='ocrx_word' id='word_1_714' title='bbox 422 5347 576 5421; x_wconf 74' lang='lat' dir='ltr'><strong>mus;</strong></span> <span class='ocrx_word' id='word_1_715' title='bbox 679 5336 1004 5421; x_wconf 84' lang='lat' dir='ltr'><strong>est,argut_e</strong></span> <span class='ocrx_word' id='word_1_716' title='bbox 1027 5337 1086 5421; x_wconf 82' lang='lat' dir='ltr'><strong>et_</strong></span> <span class='ocrx_word' id='word_1_717' title='bbox 1108 5329 1527 5421; x_wconf 79' lang='lat' dir='ltr'><strong>sophistice,el</strong></span> <span class='ocrx_word' id='word_1_718' title='bbox 1551 5326 1965 5421; x_wconf 32' lang='lat' dir='ltr'><strong>eat-dialecticae</strong></span> <span class='ocrx_word' id='word_1_719' title='bbox 1982 5346 2073 5390; x_wconf 89' lang='lat' dir='ltr'><strong>ar-</strong></span> 
     </span>
    </p>
   </div>
   <div class='ocr_carea' id='block_1_101' title="bbox 422 5406 2064 5486">
    <p class='ocr_par' dir='ltr' id='par_1_101' title="bbox 422 5406 2064 5486">
     <span class='ocr_line' id='line_1_101' title="bbox 422 5406 2064 5486; baseline 0 -18"><span class='ocrx_word' id='word_1_720' title='bbox 422 5407 496 5468; x_wconf 88' lang='lat' dir='ltr'><strong>tis</strong></span> <span class='ocrx_word' id='word_1_721' title='bbox 522 5406 746 5486; x_wconf 79' lang='lat' dir='ltr'><strong>Iegibus</strong></span> <span class='ocrx_word' id='word_1_722' title='bbox 769 5418 826 5469; x_wconf 91' lang='lat' dir='ltr'><strong>et</strong></span> <span class='ocrx_word' id='word_1_723' title='bbox 845 5406 1128 5471; x_wconf 89' lang='lat' dir='ltr'><strong>methodo</strong></span> <span class='ocrx_word' id='word_1_724' title='bbox 1141 5406 1604 5486; x_wconf 84' lang='lat' dir='ltr'><strong>disputationem</strong></span> <span class='ocrx_word' id='word_1_725' title='bbox 1623 5410 2064 5471; x_wconf 70' lang='lat' dir='ltr'><strong>instituemus.)</strong></span> 
     </span>
    </p>
   </div>
   <div class='ocr_carea' id='block_1_102' title="bbox 422 5485 2066 5568">
    <p class='ocr_par' dir='ltr' id='par_1_102' title="bbox 422 5485 2066 5568">
     <span class='ocr_line' id='line_1_102' title="bbox 422 5485 2066 5568; baseline 0.001 -19"><span class='ocrx_word' id='word_1_726' title='bbox 422 5487 601 5549; x_wconf 84' lang='lat' dir='ltr'><strong>Addit</strong></span> <span class='ocrx_word' id='word_1_727' title='bbox 626 5485 862 5550; x_wconf 84' lang='lat' dir='ltr'><strong>Nicetas</strong></span> <span class='ocrx_word' id='word_1_728' title='bbox 889 5511 902 5552; x_wconf 93' lang='lat'><strong>:</strong></span> <span class='ocrx_word' id='word_1_729' title='bbox 930 5489 1100 5552; x_wconf 86' lang='lat' dir='ltr'><strong>«Haec</strong></span> <span class='ocrx_word' id='word_1_730' title='bbox 1130 5485 1373 5568; x_wconf 66' lang='lat' dir='ltr'><strong>verba,»</strong></span> <span class='ocrx_word' id='word_1_731' title='bbox 1410 5493 1737 5554; x_wconf 87' lang='lat' dir='ltr'><strong>doceamus</strong></span> <span class='ocrx_word' id='word_1_732' title='bbox 1766 5497 1824 5550; x_wconf 90' lang='lat' dir='ltr'><strong>et</strong></span> <span class='ocrx_word' id='word_1_733' title='bbox 1852 5488 2066 5551; x_wconf 82' lang='lat' dir='ltr'><strong>festum</strong></span> 
     </span>
    </p>
   </div>
   <div class='ocr_carea' id='block_1_103' title="bbox 419 5570 2061 5648">
    <p class='ocr_par' dir='ltr' id='par_1_103' title="bbox 419 5570 2061 5648">
     <span class='ocr_line' id='line_1_103' title="bbox 419 5570 2061 5648; baseline 0 -20"><span class='ocrx_word' id='word_1_734' title='bbox 419 5570 1294 5648; x_wconf 79' lang='lat' dir='ltr'><strong>aga_mus,«consulendianimo</strong></span> <span class='ocrx_word' id='word_1_735' title='bbox 1319 5572 1624 5648; x_wconf 83' lang='lat' dir='ltr'><strong>dicuntur;</strong></span> <span class='ocrx_word' id='word_1_736' title='bbox 1651 5572 1776 5632; x_wconf 79' lang='lat' dir='ltr'><strong>haec</strong></span> <span class='ocrx_word' id='word_1_737' title='bbox 1800 5578 2061 5645; x_wconf 62' lang='lat' dir='ltr'><strong>autem,»</strong></span> 
     </span>
    </p>
   </div>
   <div class='ocr_carea' id='block_1_104' title="bbox 419 5646 2069 5715">
    <p class='ocr_par' dir='ltr' id='par_1_104' title="bbox 419 5646 2069 5715">
     <span class='ocr_line' id='line_1_104' title="bbox 419 5646 2069 5715; baseline 0.003 -6"><span class='ocrx_word' id='word_1_738' title='bbox 419 5646 740 5710; x_wconf 86' lang='lat' dir='ltr'><strong>artiﬁciose</strong></span> <span class='ocrx_word' id='word_1_739' title='bbox 761 5648 1125 5713; x_wconf 86' lang='lat' dir='ltr'><strong>disseremus</strong></span> <span class='ocrx_word' id='word_1_740' title='bbox 1144 5662 1201 5714; x_wconf 89' lang='lat' dir='ltr'><strong>et</strong></span> <span class='ocrx_word' id='word_1_741' title='bbox 1220 5652 1294 5715; x_wconf 88' lang='lat' dir='ltr'><strong>ab</strong></span> <span class='ocrx_word' id='word_1_742' title='bbox 1316 5653 1567 5715; x_wconf 91' lang='lat' dir='ltr'><strong>honesto</strong></span> <span class='ocrx_word' id='word_1_743' title='bbox 1588 5646 1647 5714; x_wconf 87' lang='lat' dir='ltr'><strong>et</strong></span> <span class='ocrx_word' id='word_1_744' title='bbox 1662 5652 1881 5713; x_wconf 90' lang='lat' dir='ltr'><strong>decoro</strong></span> <span class='ocrx_word' id='word_1_745' title='bbox 1904 5669 2069 5714; x_wconf 84' lang='lat' dir='ltr'><strong>rece-</strong></span> 
     </span>
    </p>
   </div>
   <div class='ocr_carea' id='block_1_105' title="bbox 420 5728 2133 5825">
    <p class='ocr_par' dir='ltr' id='par_1_105' title="bbox 420 5728 2133 5825">
     <span class='ocr_line' id='line_1_105' title="bbox 420 5728 2133 5825; baseline 0.003 -35"><span class='ocrx_word' id='word_1_746' title='bbox 420 5728 655 5802; x_wconf 88' lang='lat' dir='ltr'><strong>demus,</strong></span> <span class='ocrx_word' id='word_1_747' title='bbox 695 5750 719 5785; x_wconf 74' lang='grc' dir='ltr'><strong>ε</strong></span> <span class='ocrx_word' id='word_1_748' title='bbox 752 5731 1690 5825; x_wconf 37' lang='grc' dir='ltr'>εμηίίξτοηὶοε·Ιοίιιιεῃ-ῐίεβιᾳιιε</span> <span class='ocrx_word' id='word_1_749' title='bbox 1721 5731 2064 5825; x_wconf 58' lang='lat' dir='ltr'><strong>huiusmodi</strong></span> <span class='ocrx_word' id='word_1_750' title='bbox 2123 5776 2133 5783; x_wconf 85' lang='lat'><strong>-</strong></span> 
     </span>
    </p>
   </div>
   <div class='ocr_carea' id='block_1_106' title="bbox 418 5809 2062 5893">
    <p class='ocr_par' dir='ltr' id='par_1_106' title="bbox 418 5809 2062 5893">
     <span class='ocr_line' id='line_1_106' title="bbox 418 5809 2062 5893; baseline 0.004 -22"><span class='ocrx_word' id='word_1_751' title='bbox 418 5823 518 5872; x_wconf 86' lang='lat' dir='ltr'><strong>res</strong></span> <span class='ocrx_word' id='word_1_752' title='bbox 528 5809 1056 5893; x_wconf 82' lang='lat' dir='ltr'><strong>aversantis.Unde</strong></span> <span class='ocrx_word' id='word_1_753' title='bbox 1074 5821 1132 5893; x_wconf 85' lang='lat' dir='ltr'><strong>et</strong></span> <span class='ocrx_word' id='word_1_754' title='bbox 1152 5809 1555 5893; x_wconf 74' lang='lat' dir='ltr'><strong>tnpitudinein</strong></span> <span class='ocrx_word' id='word_1_755' title='bbox 1579 5809 1638 5875; x_wconf 76' lang='lat' dir='ltr'><strong>et</strong></span> <span class='ocrx_word' id='word_1_756' title='bbox 1654 5809 2062 5893; x_wconf 80' lang='lat' dir='ltr'><strong>temulentiam</strong></span> 
     </span>
    </p>
   </div>
   <div class='ocr_carea' id='block_1_107' title="bbox 420 5892 1915 5977">
    <p class='ocr_par' dir='ltr' id='par_1_107' title="bbox 420 5892 1915 5977">
     <span class='ocr_line' id='line_1_107' title="bbox 420 5892 1915 5977; baseline -0.001 -24"><span class='ocrx_word' id='word_1_757' title='bbox 420 5905 524 5953; x_wconf 79' lang='lat' dir='ltr'><strong>eas</strong></span> <span class='ocrx_word' id='word_1_758' title='bbox 549 5896 742 5971; x_wconf 78' lang='lat' dir='ltr'><strong>vocat,</strong></span> <span class='ocrx_word' id='word_1_759' title='bbox 776 5897 955 5974; x_wconf 83' lang='lat' dir='ltr'><strong>atque</strong></span> <span class='ocrx_word' id='word_1_760' title='bbox 982 5892 1058 5957; x_wconf 86' lang='lat' dir='ltr'><strong>ad</strong></span> <span class='ocrx_word' id='word_1_761' title='bbox 1079 5892 1271 5959; x_wconf 78' lang='lat' dir='ltr'><strong>forum</strong></span> <span class='ocrx_word' id='word_1_762' title='bbox 1296 5900 1358 5959; x_wconf 82' lang='lat' dir='ltr'><strong>et</strong></span> <span class='ocrx_word' id='word_1_763' title='bbox 1374 5896 1604 5960; x_wconf 76' lang='lat' dir='ltr'><strong>theatra</strong></span> <span class='ocrx_word' id='word_1_764' title='bbox 1628 5892 1849 5977; x_wconf 80' lang='lat' dir='ltr'><strong>rejicit.</strong></span> <span class='ocrx_word' id='word_1_765' title='bbox 1886 5917 1915 5952; x_wconf 75' lang='grc' dir='ltr'><strong>ι</strong></span> 
     </span>
    </p>
   </div>
   <div class='ocr_carea' id='block_1_108' title="bbox 2161 4490 3827 4577">
    <p class='ocr_par' dir='ltr' id='par_1_108' title="bbox 2161 4490 3827 4577">
     <span class='ocr_line' id='line_1_108' title="bbox 2161 4490 3827 4577; baseline 0.002 -25"><span class='ocrx_word' id='word_1_766' title='bbox 2161 4507 2252 4552; x_wconf 80' lang='grc' dir='ltr'><strong>τος</strong></span> <span class='ocrx_word' id='word_1_767' title='bbox 2282 4490 2420 4565; x_wconf 75' lang='grc' dir='ltr'>ἡμῖν</span> <span class='ocrx_word' id='word_1_768' title='bbox 2455 4496 2533 4569; x_wconf 73' lang='grc' dir='ltr'>μὴ</span> <span class='ocrx_word' id='word_1_769' title='bbox 2566 4495 2724 4573; x_wconf 76' lang='grc' dir='ltr'>λείπῃ</span> <span class='ocrx_word' id='word_1_770' title='bbox 2757 4516 2771 4531; x_wconf 86' lang='grc'><strong>·</strong></span> <span class='ocrx_word' id='word_1_771' title='bbox 2838 4497 3056 4563; x_wconf 59' lang='grc' dir='ltr'>’Ἄλλος</span> <span class='ocrx_word' id='word_1_772' title='bbox 3116 4496 3197 4577; x_wconf 80' lang='grc' dir='ltr'>δὲ,</span> <span class='ocrx_word' id='word_1_773' title='bbox 3255 4498 3349 4555; x_wconf 77' lang='grc' dir='ltr'>’ίνα</span> <span class='ocrx_word' id='word_1_774' title='bbox 3387 4498 3450 4553; x_wconf 83' lang='grc' dir='ltr'>σὺ</span> <span class='ocrx_word' id='word_1_775' title='bbox 3494 4500 3593 4566; x_wconf 76' lang='grc' dir='ltr'><strong>τὴν</strong></span> <span class='ocrx_word' id='word_1_776' title='bbox 3638 4501 3827 4574; x_wconf 79' lang='grc' dir='ltr'>ὁμοτιο</span> 
     </span>
    </p>
   </div>
   <div class='ocr_carea' id='block_1_109' title="bbox 2162 4579 3826 4677">
    <p class='ocr_par' dir='ltr' id='par_1_109' title="bbox 2162 4579 3826 4677">
     <span class='ocr_line' id='line_1_109' title="bbox 2162 4579 3826 4677; baseline 0.011 -43"><span class='ocrx_word' id='word_1_777' title='bbox 2162 4579 2287 4653; x_wconf 86' lang='grc' dir='ltr'>μίαν</span> <span class='ocrx_word' id='word_1_778' title='bbox 2331 4582 2451 4664; x_wconf 70' lang='grc'>(72)</span> <span class='ocrx_word' id='word_1_779' title='bbox 2486 4584 2805 4665; x_wconf 73' lang='grc' dir='ltr'>ἑνθυμηθῇς.</span> <span class='ocrx_word' id='word_1_780' title='bbox 2842 4590 2911 4647; x_wconf 84' lang='grc' dir='ltr'><strong>Τὸ</strong></span> <span class='ocrx_word' id='word_1_781' title='bbox 2941 4589 3064 4669; x_wconf 84' lang='grc' dir='ltr'>γὰρ,</span> <span class='ocrx_word' id='word_1_782' title='bbox 3098 4587 3286 4670; x_wconf 77' lang='grc' dir='ltr'>ἄλλος,</span> <span class='ocrx_word' id='word_1_783' title='bbox 3320 4586 3483 4652; x_wconf 79' lang='grc' dir='ltr'>ἄλλος</span> <span class='ocrx_word' id='word_1_784' title='bbox 3535 4592 3655 4654; x_wconf 75' lang='grc' dir='ltr'>οἷος</span> <span class='ocrx_word' id='word_1_785' title='bbox 3692 4586 3826 4677; x_wconf 87' lang='grc'><strong>(73)</strong></span> 
     </span>
    </p>
   </div>
   <div class='ocr_carea' id='block_1_110' title="bbox 2250 4686 3817 4775">
    <p class='ocr_par' dir='ltr' id='par_1_110' title="bbox 2250 4686 3817 4775">
     <span class='ocr_line' id='line_1_110' title="bbox 2250 4686 3817 4775; baseline 0.005 -28"><span class='ocrx_word' id='word_1_786' title='bbox 2250 4686 2370 4769; x_wconf 79' lang='grc'><strong>(66)</strong></span> <span class='ocrx_word' id='word_1_787' title='bbox 2407 4694 2842 4775; x_wconf 78' lang='grc' dir='ltr'>Καταρτίσωμεν,</span> <span class='ocrx_word' id='word_1_788' title='bbox 2883 4718 2910 4748; x_wconf 74' lang='grc' dir='ltr'><strong>α</strong></span> <span class='ocrx_word' id='word_1_789' title='bbox 2939 4692 3440 4775; x_wconf 80' lang='lat' dir='ltr'><strong>Componamus.»</strong></span> <span class='ocrx_word' id='word_1_790' title='bbox 3476 4693 3573 4757; x_wconf 89' lang='lat' dir='ltr'><strong>Sic</strong></span> <span class='ocrx_word' id='word_1_791' title='bbox 3605 4713 3817 4775; x_wconf 85' lang='lat' dir='ltr'><strong>magno</strong></span> 
     </span>
    </p>
   </div>
   <div class='ocr_carea' id='block_1_111' title="bbox 2165 4773 3807 4855">
    <p class='ocr_par' dir='ltr' id='par_1_111' title="bbox 2165 4773 3807 4855">
     <span class='ocr_line' id='line_1_111' title="bbox 2165 4773 3807 4855; baseline 0.002 -26"><span class='ocrx_word' id='word_1_792' title='bbox 2165 4786 2465 4855; x_wconf 78' lang='lat' dir='ltr'><strong>consensu</strong></span> <span class='ocrx_word' id='word_1_793' title='bbox 2488 4773 2662 4836; x_wconf 90' lang='lat' dir='ltr'><strong>codd.</strong></span> <span class='ocrx_word' id='word_1_794' title='bbox 2675 4775 2739 4837; x_wconf 89' lang='lat' dir='ltr'><strong>In</strong></span> <span class='ocrx_word' id='word_1_795' title='bbox 2762 4775 2835 4837; x_wconf 92' lang='lat' dir='ltr'><strong>ed</strong></span> <span class='ocrx_word' id='word_1_796' title='bbox 2849 4826 2862 4837; x_wconf 93' lang='lat'><strong>.</strong></span> <span class='ocrx_word' id='word_1_797' title='bbox 2874 4773 3331 4855; x_wconf 70' lang='grc' dir='ltr'>,καταρτῦσωμεν,</span> <span class='ocrx_word' id='word_1_798' title='bbox 3346 4773 3762 4839; x_wconf 73' lang='lat' dir='ltr'><strong>«instruamus.</strong></span> <span class='ocrx_word' id='word_1_799' title='bbox 3779 4801 3807 4833; x_wconf 75' lang='grc' dir='ltr'><strong>ι</strong></span> 
     </span>
    </p>
   </div>
   <div class='ocr_carea' id='block_1_112' title="bbox 2242 4850 3815 4987">
    <p class='ocr_par' dir='ltr' id='par_1_112' title="bbox 2242 4850 3815 4987">
     <span class='ocr_line' id='line_1_112' title="bbox 2242 4850 3815 4987; baseline -0.01 -55"><span class='ocrx_word' id='word_1_800' title='bbox 2242 4850 2377 4987; x_wconf 45' lang='grc' dir='ltr'><strong>ςίξςιε)</strong></span> <span class='ocrx_word' id='word_1_801' title='bbox 2410 4856 2704 4933; x_wconf 69' lang='grc' dir='ltr'>Οὖρανίοις.</span> <span class='ocrx_word' id='word_1_802' title='bbox 2739 4856 2925 4937; x_wconf 81' lang='lat' dir='ltr'><strong>Begg.</strong></span> <span class='ocrx_word' id='word_1_803' title='bbox 2961 4850 3086 4933; x_wconf 74' lang='lat' dir='ltr'><strong>bm,</strong></span> <span class='ocrx_word' id='word_1_804' title='bbox 3125 4856 3229 4938; x_wconf 83' lang='lat' dir='ltr'><strong>ph,</strong></span> <span class='ocrx_word' id='word_1_805' title='bbox 3253 4850 3354 4919; x_wconf 62' lang='lat' dir='ltr'><strong>0i.</strong></span> <span class='ocrx_word' id='word_1_806' title='bbox 3385 4857 3443 4931; x_wconf 76' lang='grc' dir='ltr'><strong>ι,</strong></span> <span class='ocrx_word' id='word_1_807' title='bbox 3477 4856 3690 4934; x_wconf 83' lang='lat' dir='ltr'><strong>Savil.,</strong></span> <span class='ocrx_word' id='word_1_808' title='bbox 3722 4861 3815 4916; x_wconf 71' lang='grc' dir='ltr'><strong>οὖ-</strong></span> 
     </span>
    </p>
   </div>
   <div class='ocr_carea' id='block_1_113' title="bbox 2161 4952 2383 5007">
    <p class='ocr_par' dir='ltr' id='par_1_113' title="bbox 2161 4952 2383 5007">
     <span class='ocr_line' id='line_1_113' title="bbox 2161 4952 2383 5007; baseline 0.009 -20"><span class='ocrx_word' id='word_1_809' title='bbox 2161 4952 2383 5007; x_wconf 82' lang='grc' dir='ltr'>ρανιαις,</span> 
     </span>
    </p>
   </div>
   <div class='ocr_carea' id='block_1_114' title="bbox 2246 5014 3817 5101">
    <p class='ocr_par' dir='ltr' id='par_1_114' title="bbox 2246 5014 3817 5101">
     <span class='ocr_line' id='line_1_114' title="bbox 2246 5014 3817 5101; baseline 0.003 -23"><span class='ocrx_word' id='word_1_810' title='bbox 2246 5014 2452 5101; x_wconf 61' lang='lat' dir='ltr'><strong>(_6_8)’t‘ﬁ</strong></span> <span class='ocrx_word' id='word_1_811' title='bbox 2470 5014 2912 5101; x_wconf 46' lang='lat' dir='ltr'><strong>’szgiaeuSic</strong></span> <span class='ocrx_word' id='word_1_812' title='bbox 2928 5017 3338 5101; x_wconf 80' lang='lat' dir='ltr'><strong>pluresRegg.</strong></span> <span class='ocrx_word' id='word_1_813' title='bbox 3354 5037 3590 5101; x_wconf 86' lang='lat' dir='ltr'><strong>,novem</strong></span> <span class='ocrx_word' id='word_1_814' title='bbox 3615 5019 3817 5099; x_wconf 90' lang='lat' dir='ltr'><strong>Colb.,</strong></span> 
     </span>
    </p>
   </div>
   <div class='ocr_carea' id='block_1_115' title="bbox 2163 5088 3115 5175">
    <p class='ocr_par' dir='ltr' id='par_1_115' title="bbox 2163 5088 3115 5175">
     <span class='ocr_line' id='line_1_115' title="bbox 2163 5088 3115 5175; baseline 0.009 -22"><span class='ocrx_word' id='word_1_815' title='bbox 2163 5088 2357 5158; x_wconf 58' lang='lat' dir='ltr'><strong>Coisl.</strong></span> <span class='ocrx_word' id='word_1_816' title='bbox 2387 5088 2441 5173; x_wconf 75' lang='lat' dir='ltr'><strong>I,</strong></span> <span class='ocrx_word' id='word_1_817' title='bbox 2475 5102 2593 5161; x_wconf 88' lang='lat' dir='ltr'><strong>etc.</strong></span> <span class='ocrx_word' id='word_1_818' title='bbox 2630 5100 2807 5162; x_wconf 87' lang='lat' dir='ltr'><strong>Deest</strong></span> <span class='ocrx_word' id='word_1_819' title='bbox 2827 5107 2895 5175; x_wconf 69' lang='grc' dir='ltr'><strong>τῇ</strong></span> <span class='ocrx_word' id='word_1_820' title='bbox 2926 5088 2984 5160; x_wconf 76' lang='lat' dir='ltr'><strong>in</strong></span> <span class='ocrx_word' id='word_1_821' title='bbox 3018 5098 3115 5162; x_wconf 90' lang='lat' dir='ltr'><strong>ed.</strong></span> 
     </span>
    </p>
   </div>
   <div class='ocr_carea' id='block_1_116' title="bbox 2241 5176 3815 5260">
    <p class='ocr_par' dir='ltr' id='par_1_116' title="bbox 2241 5176 3815 5260">
     <span class='ocr_line' id='line_1_116' title="bbox 2241 5176 3815 5260; baseline 0.003 -24"><span class='ocrx_word' id='word_1_822' title='bbox 2394 5177 2472 5236; x_wconf 83' lang='grc' dir='ltr'><strong>’Ὀ</strong></span> <span class='ocrx_word' id='word_1_823' title='bbox 2532 5181 2620 5260; x_wconf 62' lang='grc' dir='ltr'><strong>καὶ</strong></span> <span class='ocrx_word' id='word_1_824' title='bbox 2659 5190 3105 5260; x_wconf 77' lang='grc' dir='ltr'>πανηγυριζομεν.</span> <span class='ocrx_word' id='word_1_825' title='bbox 3161 5177 3264 5244; x_wconf 83' lang='grc' dir='ltr'><strong>ΟΓ.</strong></span> <span class='ocrx_word' id='word_1_826' title='bbox 3325 5182 3380 5256; x_wconf 83' lang='grc'>1,</span> <span class='ocrx_word' id='word_1_827' title='bbox 3412 5186 3457 5258; x_wconf 83' lang='grc' dir='ltr'>ᾧ</span> <span class='ocrx_word' id='word_1_828' title='bbox 3485 5183 3576 5240; x_wconf 75' lang='grc' dir='ltr'><strong>κἰὶ</strong></span> <span class='ocrx_word' id='word_1_829' title='bbox 3632 5207 3815 5253; x_wconf 81' lang='grc' dir='ltr'>πανη-</span> 
     </span>
    </p>
   </div>
   <div class='ocr_carea' id='block_1_117' title="bbox 2160 5257 3809 5335">
    <p class='ocr_par' dir='ltr' id='par_1_117' title="bbox 2160 5257 3809 5335">
     <span class='ocr_line' id='line_1_117' title="bbox 2160 5257 3809 5335; baseline 0.005 -22"><span class='ocrx_word' id='word_1_830' title='bbox 2160 5257 2458 5335; x_wconf 84' lang='grc' dir='ltr'>γυρίζομεν.</span> <span class='ocrx_word' id='word_1_831' title='bbox 2498 5258 2635 5321; x_wconf 71' lang='lat' dir='ltr'><strong>«Cui</strong></span> <span class='ocrx_word' id='word_1_832' title='bbox 2668 5257 2841 5322; x_wconf 79' lang='lat' dir='ltr'><strong>etiam</strong></span> <span class='ocrx_word' id='word_1_833' title='bbox 2875 5260 3090 5323; x_wconf 85' lang='lat' dir='ltr'><strong>festum</strong></span> <span class='ocrx_word' id='word_1_834' title='bbox 3122 5262 3282 5324; x_wconf 88' lang='lat' dir='ltr'><strong>diem</strong></span> <span class='ocrx_word' id='word_1_835' title='bbox 3316 5257 3809 5327; x_wconf 69' lang='lat' dir='ltr'><strong>consecremus.»</strong></span> 
     </span>
    </p>
   </div>
   <div class='ocr_carea' id='block_1_118' title="bbox 2240 5338 3061 5416">
    <p class='ocr_par' dir='ltr' id='par_1_118' title="bbox 2240 5338 3061 5416">
     <span class='ocr_line' id='line_1_118' title="bbox 2240 5338 3061 5416; baseline -0.002 -9"><span class='ocrx_word' id='word_1_836' title='bbox 2240 5338 2362 5411; x_wconf 78' lang='lat'><strong>(70)</strong></span> <span class='ocrx_word' id='word_1_837' title='bbox 2401 5339 2519 5404; x_wconf 65' lang='grc' dir='ltr'><strong>Ὦς.</strong></span> <span class='ocrx_word' id='word_1_838' title='bbox 2555 5341 2718 5405; x_wconf 87' lang='lat' dir='ltr'><strong>Pass.</strong></span> <span class='ocrx_word' id='word_1_839' title='bbox 2753 5341 2944 5416; x_wconf 85' lang='lat' dir='ltr'><strong>addit,</strong></span> <span class='ocrx_word' id='word_1_840' title='bbox 2978 5344 3061 5405; x_wconf 88' lang='grc' dir='ltr'>τό.</span> 
     </span>
    </p>
   </div>
   <div class='ocr_carea' id='block_1_119' title="bbox 2231 5419 3807 5504">
    <p class='ocr_par' dir='ltr' id='par_1_119' title="bbox 2231 5419 3807 5504">
     <span class='ocr_line' id='line_1_119' title="bbox 2231 5419 3807 5504; baseline 0.004 -22"><span class='ocrx_word' id='word_1_841' title='bbox 2231 5419 2352 5494; x_wconf 77' lang='lat'><strong>(7|)</strong></span> <span class='ocrx_word' id='word_1_842' title='bbox 2383 5422 2600 5504; x_wconf 78' lang='grc' dir='ltr'>Φύσεις.</span> <span class='ocrx_word' id='word_1_843' title='bbox 2636 5421 2733 5487; x_wconf 90' lang='lat' dir='ltr'><strong>Sic</strong></span> <span class='ocrx_word' id='word_1_844' title='bbox 2765 5422 2968 5504; x_wconf 86' lang='lat' dir='ltr'><strong>plures</strong></span> <span class='ocrx_word' id='word_1_845' title='bbox 2998 5422 3211 5504; x_wconf 86' lang='lat' dir='ltr'><strong>Regg.,</strong></span> <span class='ocrx_word' id='word_1_846' title='bbox 3238 5432 3372 5486; x_wconf 92' lang='lat' dir='ltr'><strong>octo</strong></span> <span class='ocrx_word' id='word_1_847' title='bbox 3403 5424 3601 5499; x_wconf 89' lang='lat' dir='ltr'><strong>Colb.,</strong></span> <span class='ocrx_word' id='word_1_848' title='bbox 3628 5427 3807 5491; x_wconf 89' lang='lat' dir='ltr'><strong>Coisl.</strong></span> 
     </span>
    </p>
   </div>
   <div class='ocr_carea' id='block_1_120' title="bbox 2154 5497 2839 5586">
    <p class='ocr_par' dir='ltr' id='par_1_120' title="bbox 2154 5497 2839 5586">
     <span class='ocr_line' id='line_1_120' title="bbox 2154 5497 2839 5586; baseline 0.015 -29"><span class='ocrx_word' id='word_1_849' title='bbox 2154 5497 2211 5569; x_wconf 66' lang='grc'>2,</span> <span class='ocrx_word' id='word_1_850' title='bbox 2246 5504 2471 5586; x_wconf 68' lang='lat' dir='ltr'><strong>etc._1n</strong></span> <span class='ocrx_word' id='word_1_851' title='bbox 2501 5502 2628 5574; x_wconf 81' lang='lat' dir='ltr'><strong>ed.,</strong></span> <span class='ocrx_word' id='word_1_852' title='bbox 2660 5497 2839 5586; x_wconf 47' lang='grc' dir='ltr'>φύσιν.</span> 
     </span>
    </p>
   </div>
   <div class='ocr_carea' id='block_1_121' title="bbox 2237 5578 3808 5667">
    <p class='ocr_par' dir='ltr' id='par_1_121' title="bbox 2237 5578 3808 5667">
     <span class='ocr_line' id='line_1_121' title="bbox 2237 5578 3808 5667; baseline 0.003 -24"><span class='ocrx_word' id='word_1_853' title='bbox 2237 5578 2355 5667; x_wconf 71' lang='lat'><strong>(72)</strong></span> <span class='ocrx_word' id='word_1_854' title='bbox 2389 5578 2726 5667; x_wconf 62' lang='grc' dir='ltr'>Ὀμοτιμίαῖι.</span> <span class='ocrx_word' id='word_1_855' title='bbox 2762 5584 3039 5667; x_wconf 86' lang='lat' dir='ltr'><strong>Quinque</strong></span> <span class='ocrx_word' id='word_1_856' title='bbox 3094 5587 3311 5666; x_wconf 81' lang='lat' dir='ltr'><strong>Regg.,</strong></span> <span class='ocrx_word' id='word_1_857' title='bbox 3362 5586 3570 5649; x_wconf 90' lang='lat' dir='ltr'><strong>decem</strong></span> <span class='ocrx_word' id='word_1_858' title='bbox 3606 5587 3808 5664; x_wconf 83' lang='lat' dir='ltr'><strong>Colb.,</strong></span> 
     </span>
    </p>
   </div>
   <div class='ocr_carea' id='block_1_122' title="bbox 2151 5665 2613 5738">
    <p class='ocr_par' dir='ltr' id='par_1_122' title="bbox 2151 5665 2613 5738">
     <span class='ocr_line' id='line_1_122' title="bbox 2151 5665 2613 5738; baseline -0.004 -17"><span class='ocrx_word' id='word_1_859' title='bbox 2151 5665 2260 5722; x_wconf 91' lang='lat' dir='ltr'><strong>etc.</strong></span> <span class='ocrx_word' id='word_1_860' title='bbox 2280 5708 2294 5728; x_wconf 87' lang='lat'><strong>,</strong></span> <span class='ocrx_word' id='word_1_861' title='bbox 2322 5665 2583 5738; x_wconf 81' lang='grc' dir='ltr'>ἰσοτιμίαν</span> <span class='ocrx_word' id='word_1_862' title='bbox 2597 5708 2613 5726; x_wconf 86' lang='grc'><strong>.</strong></span> 
     </span>
    </p>
   </div>
   <div class='ocr_carea' id='block_1_123' title="bbox 2232 5741 3810 5834">
    <p class='ocr_par' dir='ltr' id='par_1_123' title="bbox 2232 5741 3810 5834">
     <span class='ocr_line' id='line_1_123' title="bbox 2232 5741 3810 5834; baseline 0.007 -31"><span class='ocrx_word' id='word_1_863' title='bbox 2232 5741 2608 5834; x_wconf 33' lang='grc' dir='ltr'><strong>(7ζ3)-’¹ιξ.λλος</strong></span> <span class='ocrx_word' id='word_1_864' title='bbox 2642 5746 2787 5834; x_wconf 54' lang='grc' dir='ltr'>οἷοὲ</span> <span class='ocrx_word' id='word_1_865' title='bbox 2823 5743 3086 5834; x_wconf 74' lang='lat' dir='ltr'><strong>«A_Iiu_m,</strong></span> <span class='ocrx_word' id='word_1_866' title='bbox 3118 5746 3312 5834; x_wconf 68' lang='lat' dir='ltr'><strong>qualis</strong></span> <span class='ocrx_word' id='word_1_867' title='bbox 3332 5765 3446 5834; x_wconf 78' lang='lat' dir='ltr'><strong>ego</strong></span> <span class='ocrx_word' id='word_1_868' title='bbox 3477 5767 3678 5834; x_wconf 73' lang='lat' dir='ltr'><strong>sum.)</strong></span> <span class='ocrx_word' id='word_1_869' title='bbox 3711 5748 3810 5816; x_wconf 93' lang='lat' dir='ltr'><strong>Sic</strong></span> 
     </span>
    </p>
   </div>
   <div class='ocr_carea' id='block_1_124' title="bbox 2144 5820 3534 5904">
    <p class='ocr_par' dir='ltr' id='par_1_124' title="bbox 2144 5820 3534 5904">
     <span class='ocr_line' id='line_1_124' title="bbox 2144 5820 3534 5904; baseline 0.007 -18"><span class='ocrx_word' id='word_1_870' title='bbox 2144 5820 2417 5904; x_wconf 58' lang='lat' dir='ltr'><strong>Coisl.],</strong></span> <span class='ocrx_word' id='word_1_871' title='bbox 2441 5822 2632 5889; x_wconf 83' lang='lat' dir='ltr'><strong>Nicct.</strong></span> <span class='ocrx_word' id='word_1_872' title='bbox 2661 5833 2721 5890; x_wconf 91' lang='lat' dir='ltr'><strong>et</strong></span> <span class='ocrx_word' id='word_1_873' title='bbox 2740 5826 2952 5892; x_wconf 89' lang='lat' dir='ltr'><strong>Comb.</strong></span> <span class='ocrx_word' id='word_1_874' title='bbox 2983 5820 3163 5892; x_wconf 76' lang='lat' dir='ltr'><strong>Deest</strong></span> <span class='ocrx_word' id='word_1_875' title='bbox 3191 5829 3308 5895; x_wconf 77' lang='grc' dir='ltr'>οἷος</span> <span class='ocrx_word' id='word_1_876' title='bbox 3340 5820 3402 5891; x_wconf 70' lang='lat' dir='ltr'><strong>in</strong></span> <span class='ocrx_word' id='word_1_877' title='bbox 3433 5829 3534 5896; x_wconf 85' lang='lat' dir='ltr'><strong>ed.</strong></span> 
     </span>
    </p>
   </div>
  </div>
