4150 6390
440 380 562 445 445

1451 382 1731 450 ORATIO
1774 385 1930 447 XLI.
1983 415 2060 426 —
2105 382 2185 445 IN
2232 381 2804 446 PENTECOSTEN.

3711 377 3830 441 446

440 515 574 595 ἐγὼ,
637 521 967 583 καθίσταται.
1017 523 1180 579 Τοῦτο
1232 521 1285 577 δὲ
1346 519 1772 593 συνδεσποτείας,
1825 517 1943 574 ἀλλ’
2006 517 2063 573 οὗ

2159 516 2380 592 .qualis
2415 535 2524 596 ego
2557 535 2714 593 sum,
2748 516 3075 580 constituit.
3109 519 3235 580 Hoc
3266 533 3440 598 porro
3471 532 3690 578 nomen
3722 532 3828 593 pa-

441 605 655 680 ἀτιμίας
715 608 906 681 ὄνομα.
961 613 1033 670 Τὸ
1078 613 1200 690 γὰρ,
1251 611 1435 692 ἄλλος,
1485 614 1578 669 οὒκ
1631 612 1721 666 ἓπὶ
1777 615 1882 665 τῶν
1927 608 2096 666 ἄλλο·

2183 622 2311 666 rem
2337 605 2574 687 imperii
2599 606 2847 688 gradum
2873 607 3248 683 indicat,non
3269 605 3684 687 ignominiam.
3704 603 3828 666 Vox

440 697 625 778 τρίων,
657 697 778 755 ἀλλ’
808 701 895 758 ἐπὶ
951 708 1058 759 τῶν
1118 703 1415 779 ὁμοοδσίων
1467 699 1592 759 οἶδα
1651 698 1961 779 λεγόμενον.
2007 696 2063 755 Ἐ

2183 696 2367 776 enim,
2401 698 2594 771 alius,
2630 717 2750 759 non
2797 697 2872 760 de
2903 697 3137 772 alienis,
3170 696 3275 759 sed
3330 696 3406 757 de
3455 696 3546 769 iis,
3577 712 3826 777 quorum

439 787 712 866 γλῶσσαι)
741 789 820 868 δὲ,
855 789 939 847 διὰ
969 792 1064 859 τὴν
1118 793 1250 870 πρὸς
1311 793 1402 848 τὸν
1435 790 1606 868 Λόγον
1639 790 1919 851 οίκείωσιν,
1982 795 2094 844 Πυ-

441 877 609 953 ρίναις
642 879 722 954 δὲ,
759 887 909 951 ζητῶ
938 881 1164 961 πότερον
1223 879 1308 938 διὰ
1363 882 1462 946 τὴν
1517 877 1768 958 κάθαρσιν
1799 876 1937 948 (οἶδε
1992 878 2092 956 γὰρ

441 967 470 1021 ὁ
514 965 674 1044 λόγος
725 970 884 1044 ἡμῶν
941 972 1027 1027 καὶ
1080 978 1181 1048 πῦρ
1239 971 1615 1049 καθαρτήριον,
1685 970 1755 1034 ὡς
1803 966 2091 1048 πανταχό-

437 1059 523 1112 θεν
570 1056 694 1136 [74]
757 1060 1103 1136 βουλομένοις
1161 1061 1391 1140 ὑπάρχει
1449 1060 1668 1135 μαθεῖν)
1703 1075 1716 1089 ⁸
1777 1057 1806 1125 ἥ
1864 1056 1948 1115 διὰ
1991 1058 2090 1125 τὴν

441 1147 643 1210 οὐσίαν,
680 1153 787 1228 Πῦρ
819 1150 918 1229 γὰρ
975 1152 1003 1205 ὁ
1064 1151 1192 1213 Θεὸς
1231 1151 1412 1228 ἡμῶν,
1458 1151 1547 1205 καὶ
1576 1156 1678 1229 πῦρ
1706 1147 2088 1206 καταναλίσκον

431 1235 532 1303 τῆν
576 1241 902 1317 μοχθηρίαν,
955 1239 1050 1297 κᾶν
1108 1239 1269 1298 πάλιν
1326 1239 1629 1316 ἀγανακτῇς
1690 1244 1766 1312 τῷ
1823 1240 2090 1314 ὁμοουσίῳ

434 1330 968 1409 στενοχωρούμενος,
1017 1329 1400 1406 Μεριζομέναις
1449 1327 1526 1409 δέ,
1577 1327 1662 1384 διὰ
1710 1331 1771 1385 τὸ
1815 1335 1920 1386 τῶν
1972 1352 2086 1409 χα-

431 1418 704 1492 ρισμάτων
759 1417 1007 1500 διάφορον
1041 1439 1060 1458 ⁶
1113 1418 1490 1495 καθεζομέναις
1549 1416 1626 1491 δὲ,
1657 1416 1740 1474 διὰ
1770 1421 1830 1476 τὸ
1864 1417 2082 1496 βασιλι-

428 1507 546 1587 κὸν,
589 1509 676 1564 καὶ
706 1509 804 1578 τὴν
837 1510 890 1568 ἒν
921 1525 1038 1576 τοῖς
1074 1509 1198 1590 (75)
1246 1511 1424 1592 ἁγίοις.
1461 1509 1754 1566 ἀνάπαυσιν
1792 1524 1806 1540 ⁶
1840 1510 1954 1566 ἐπεὶ
1996 1510 2084 1565 καὶ

427 1603 558 1653 Θεοῦ
589 1599 770 1668 θρόνος
803 1601 866 1657 τὰ
925 1598 1210 1680 χερουϐίμ.
1281 1599 1371 1656 Ἐν
1422 1601 1644 1679 ὑπερῴῳ
1672 1597 1750 1680 δὲ,
1787 1600 1854 1680 (εί
1899 1601 1975 1676 μή
2006 1606 2084 1674 τῷ

425 1688 827 1767 περιεργότερος
861 1694 1000 1748 εἶναι
1031 1689 1171 1748 δοκίυ
1222 1698 1316 1748 τοῦ
1372 1689 1627 1765 δέοντος),
1676 1688 1760 1747 διὰ
1801 1691 1900 1758 τὴν
1948 1690 2082 1746 ἀνά-

424 1773 576 1834 ϐασιν
607 1786 713 1834 τῶν
756 1777 1070 1862 δεξομένων,
1107 1783 1192 1838 καὶ
1234 1782 1333 1849 τὴν
1378 1779 1615 1861 χαμόθεν
1667 1779 1884 1860 ἔπαρσιν
1919 1796 1932 1810 ·
1970 1781 2085 1842 ἐπεὶ

2181 784 2390 847 eadem
2414 786 2745 849 substantia
2773 801 2888 864 est,
2918 795 3257 869 usurpatur.
3285 789 3411 850 1am
3444 803 3586 847 vero
3616 784 3677 845 in
3709 783 3828 845 lin-

2178 876 2307 955 guis
2366 887 2634 957 apparet,
2673 887 2912 960 propter
2970 878 3381 957 cognationem
3445 895 3600 951 eam,
3651 892 3826 954 quam

2175 986 2310 1028 cum
2340 967 2534 1029 Verbo
2560 968 2762 1031 habet.
2787 971 2906 1032 Cur
2921 977 3116 1031 autem
3143 969 3202 1028 in
3237 966 3453 1046 linguis
3486 964 3677 1045 igneis
3713 963 3778 1014 69
3798 965 3826 1023 ?

2173 1059 2384 1120 Utrum
2410 1068 2652 1139 propter
2681 1060 3091 1141 purgationem
3124 1058 3299 1138 (ignis
3330 1064 3526 1118 autem
3561 1073 3826 1136 purgan-

2175 1147 2248 1210 tis
2280 1148 2589 1229 Scriptura
2623 1150 2914 1225 meminit,
2948 1147 3452 1230 quemadmodum
3500 1144 3684 1207 cuivis
3727 1144 3824 1204 di-

2172 1256 2343 1300 scere
2363 1246 2700 1320 promptum
2731 1240 2843 1320 est)
2868 1257 2884 1315 ;
2910 1258 2983 1301 an
3013 1256 3153 1300 vero
3176 1246 3416 1319 propter
3448 1234 3768 1298 essentiam
3794 1242 3821 1298 ?

2172 1330 2331 1392 Deus
2358 1326 2515 1388 enim
2543 1336 2745 1389 noster
2766 1327 2918 1408 ignis
2943 1337 3032 1390 est
3053 1328 3139 1407 70,
3165 1336 3222 1388 et
3244 1325 3484 1407 quidem
3518 1324 3670 1403 ignis
3701 1324 3822 1384 im-

2169 1416 2526 1497 probitatem
2576 1416 2923 1494 absumens,
2958 1416 3344 1479 discrucieris
3393 1431 3625 1476 rursum
3676 1413 3820 1474 licet

2169 1515 2414 1588 propter
2455 1506 3025 1570 consubstantialem
3071 1507 3132 1568 in
3171 1503 3473 1584 angustias
3514 1502 3814 1565 redactus.

2165 1596 2357 1676 Atque
2390 1597 2450 1657 in
2481 1595 2811 1676 dispertitis
2840 1596 3078 1679 quidem
3113 1594 3331 1676 linguis
3361 1601 3606 1675 apparet
3630 1593 3710 1667 Ἡ,
3737 1591 3812 1654 ob

2166 1686 2487 1766 gratiarum
2553 1685 2953 1748 diversitatem
3000 1707 3016 1760 ;
3074 1684 3418 1747 sedentibus
3474 1690 3672 1744 autem
3731 1682 3814 1756 72,

2168 1783 2414 1858 propter
2439 1795 2626 1856 regm
2648 1777 2950 1855 dignitatis
2973 1775 3413 1855 excellentiam,
3440 1773 3687 1853 ejusque
3709 1791 3814 1834 su-

422 1868 511 1924 καὶ
569 1867 718 1926 ὕδασι
790 1870 945 1938 θείοις
1029 1871 1243 1951 ὑπερῷα
1300 1894 1419 1927 τινα
1490 1871 1822 1948 στεγάζεται,
1885 1870 1951 1927 δι’
2004 1873 2063 1928 6'»

2167 1885 2275 1949 per
2297 1875 2535 1928 sanctos
2559 1869 2865 1945 requiem;
2889 1866 3372 1948 quandoquidem
3399 1866 3554 1927 Deus
3577 1882 3818 1943 quoque

419 1959 667 2034 ὑμνεῖται
728 1967 882 2027 Θεὸς.
959 1961 1065 2021 Καὶ
1127 1963 1332 2030 Ἰησοῦς
1415 1960 1572 2025 αὐτὸς
1627 1961 1680 2016 ἒν
1722 1963 1946 2038 ὑπερῴῳ
1985 1969 2078 2019 τοῦ

418 2051 711 2128 μυστηρίου
771 2066 1021 2108 κοινωνεῖ
1063 2065 1184 2114 τοῖς
1233 2053 1299 2109 τὰ
1344 2049 1650 2129 ὑψηλότερα
1705 2050 2073 2134 τελουμένοις,

414 2137 507 2193 ’ίνα
567 2138 746 2198 έκεῖνο
808 2139 1170 2223 παραδειχθῇ,
1205 2141 1375 2198 ὅτιτὸ
1433 2141 1534 2217 μέν
1579 2164 1628 2197 τι
1656 2140 1949 2210 καταϐῆναι
1993 2142 2077 2200 δεῖ

412 2229 544 2284 Θεὸν
602 2231 732 2310 πρὸς
794 2234 961 2312 ἡμᾶς,
1015 2234 1043 2288 ὃ
1092 2234 1180 2289 καὶ
1224 2231 1480 2312 πρότερον
1536 2231 1620 2288 ἐπὶ
1653 2232 1918 2300 Μωυσέως
1951 2233 2074 2292 οἶδα

409 2320 722 2395 γενόμενον,
782 2323 846 2378 τὸ
906 2321 960 2378 δὲ
1018 2324 1162 2399 ἡμᾶς
1230 2319 1518 2397 ἀναϐῆναι,
1575 2324 1662 2379 καὶ
1722 2323 1861 2380 οὕτω
1915 2324 2070 2402 γενέσ-

414 2412 532 2464 σθαι
592 2410 722 2487 (76)
751 2413 1028 2494 κοινωνίαν
1081 2421 1214 2472 Θεοῦ
1270 2414 1400 2490 πρὸς
1431 2412 1757 2494 ἀνθρώπους,
1793 2419 1892 2480 τῆς
1925 2413 2069 2480 ἀξίας

412 2500 840 2577 συγκιρναμένης
901 2492 1061 2567 ’Ἕως
1120 2501 1166 2558 δ’
1223 2501 1284 2558 ἂν
1352 2503 1599 2580 ἑκάτερον
1655 2492 1750 2559 επὶ.
1785 2505 1880 2573 τῆς
1940 2504 2068 2570 ἰδίας

407 2587 573 2665 μένῃ,
631 2590 693 2644 τὸ
752 2592 852 2666 μὲν
907 2598 1185 2670 περιωπῆς
1244 2591 1394 2670 (ἵἾ),
1448 2593 1510 2649 τὸ
1561 2591 1616 2648 δὲ
1668 2595 2063 2670 ταπεινώσεως,

415 2675 643 2751 ἄμικτος
674 2680 709 2748 ἡ
771 2679 1064 2758 ἁγαθότης,
1127 2684 1214 2740 καὶ
1260 2684 1322 2738 τὸ
1370 2681 1737 2762 φιλάνθρωπον
1767 2683 2066 2752 ἀκοινώνηο

406 2786 498 2821 τον
537 2781 551 2796 ⁸
585 2768 675 2824 καὶ
707 2769 898 2848 χάσμα
941 2770 1070 2849 (78)
1137 2771 1189 2828 ἐν
1250 2772 1398 2848 μέσῳ
1446 2771 1584 2850 μέγα
1616 2773 1703 2828 καὶ
1761 2770 2064 2848 ἂδιάϐατον,

403 2854 461 2909 ὠ
494 2858 585 2912 τὸν
619 2857 873 2916 πλούσιον
932 2869 1028 2919 τοῦ
1057 2861 1298 2941 Λαζάρου
1326 2862 1512 2938 μόνον,
1575 2863 1663 2918 καὶ
1702 2869 1807 2920 τῶν
1839 2863 2068 2942 ὀρεκτῶν

405 2941 655 3023 Ἀϐραὰμ
687 2947 903 3006 κόλπων
936 2948 1194 3030 διεῖργον,
1246 2952 1346 3018 τῆν
1389 2949 1447 3007 δὲ
1489 2952 1751 3031 γεννητὴν
1786 2941 1942 3032 φάσιν
1972 2952 2062 3010 καὶ

399 3033 646 3110 ῥέουσαν,
677 3043 773 3106 τῆς
805 3039 1067 3118 ἆγενῆτου
1103 3040 1227 3122 (79)
1262 3043 1348 3098 καὶ
1380 3041 1684 3109 ἑστηκυίας.

2161 1977 2267 2038 pro
2284 1958 2501 2019 throno
2523 1957 2889 2019 cherubinos
2909 1957 3086 2019 habet
3101 1958 3257 2020 πλη
3277 1954 3585 2018 ccenoculo
3598 1971 3735 2014 vero
3753 1954 3816 2003 Ἡ

2165 2047 2303 2124 (nisi
2352 2046 2504 2111 forte
2559 2047 2815 2109 curiosis
2862 2067 3039 2125 quam
3089 2065 3194 2128 par
3241 2046 3338 2122 sit,
3373 2045 3482 2107 ista
3531 2044 3812 2125 persequi

2158 2138 2416 2220 videor),
2446 2147 2689 2218 propter
2719 2155 2926 2199 eorum
2961 2139 3058 2220 qui
3091 2137 3395 2217 accepturi
3422 2142 3579 2210 sunt,
3605 2153 3814 2196 ascen-

2159 2229 2417 2299 sionem,
2458 2241 2638 2309 atque
2701 2248 2733 2290 a
2797 2236 2954 2289 terra
3017 2227 3507 2290 subvectionem:
3556 2243 3691 2286 nam
3753 2233 3811 2286 et

2157 2319 2461 2383 caenacula
2482 2318 2749 2400 quaedam
2775 2319 2989 2380 divinis
3012 2319 3203 2398 aquis,
3228 2338 3258 2377 a
3285 2315 3500 2398 quibus
3522 2314 3630 2377 Dei
3656 2333 3809 2395 quo-

2157 2429 2272 2492 que
2313 2409 2522 2471 laudes
2555 2408 2958 2484 celebrantur,
2985 2409 3096 2486 tegi
3133 2407 3464 2468 audivimus
3491 2406 3573 2468 75.
3611 2407 3806 2485 Atque

2154 2502 2283 2583 ipse
2302 2503 2639 2581 Jesus,cum
2670 2498 3123 2562 sublimioribus
3145 2497 3325 2560 rebus
3348 2496 3679 2576 discipulos
3700 2494 3809 2556 ini-

2153 2593 2350 2667 tiaret,
2387 2589 2728 2670 mysterium
2763 2587 2907 2670 ipsis
2941 2588 3001 2650 in
3054 2588 3362 2652 ccenaculo
3409 2585 3672 2666 impertit
3719 2584 3803 2658 73,

2152 2691 2215 2742 ut
2232 2682 2374 2744 illud
2399 2681 2788 2755 indicetur,et
2806 2683 2990 2744 Deum
3017 2681 3088 2740 ad
3104 2698 3212 2739 nos
3235 2677 3608 2739 descendere
3632 2694 3808 2756 opor-

2155 2782 2301 2848 tere,
2331 2771 2839 2852 quemadmodum
2876 2769 3016 2831 olim
3042 2769 3101 2830 in
3128 2771 3329 2849 Moyse
3349 2767 3671 2844 contigisse
3693 2766 3804 2826 sci-

2155 2882 2287 2925 mus
2321 2864 2406 2938 77,
2445 2869 2502 2924 et
2547 2879 2654 2923 nos
2684 2861 2756 2923 ad
2808 2879 2942 2922 eum
2986 2859 3336 2940 ascendere,
3375 2856 3583 2935 sicque
3613 2855 3799 2917 Deum

2148 2972 2284 3018 cum
2316 2951 2662 3016 hominibus
2714 2950 3079 3013 consortium
3133 2949 3310 3026 inire,
3347 2949 3472 3009 ’141
3514 2945 3803 3024 dignitate

2145 3042 2480 3108 commista.
2532 3040 2810 3114 Quandiu
2859 3048 3057 3102 autem
3114 3048 3367 3120 uterque
3419 3039 3482 3099 in
3537 3034 3801 3118 propriis

400 3125 706 3223 manserit,
747 3128 1166 3223 Deusscilicet
1197 3130 1256 3191 in
1290 3149 1396 3192 sua
1427 3132 1693 3212 specula,
1730 3140 1787 3195 et
1818 3133 1994 3195 homo
2028 3133 2087 3195 in
2120 3133 2454 3197 humilitate
2489 3150 2615 3206 sua,
2656 3150 2771 3192 nec
2807 3129 3038 3191 bonitas
3071 3129 3442 3204 miscebitur,
3477 3146 3590 3189 nee
3619 3125 3796 3187 beni-

400 3215 594 3290 gnitas
628 3218 1190 3301 communicabitur;
1225 3220 1330 3281 sed
1363 3221 1477 3282 erit
1511 3240 1782 3301 magnam
1822 3232 1879 3284 et
1910 3222 2324 3287 inextricabile
2357 3224 2538 3286 chaos
2586 3222 2966 3300 interjectum
3012 3221 3097 3295 78,
3145 3239 3264 3281 non
3319 3219 3496 3280 modo
3556 3215 3799 3278 divitem

398 3321 434 3363 a
458 3305 705 3382 Lazaro,
738 3315 799 3369 et
826 3312 1195 3388 expectendo
1228 3311 1328 3374 illo
1352 3311 1605 3374 Abrahae
1641 3314 1771 3375 sinu
1804 3313 2120 3390 dirimens,
2149 3334 2351 3378 verum
2380 3315 2555 3377 etiam
2591 3320 2958 3395 procreatam
2989 3318 3047 3373 et
3067 3311 3282 3372 ﬂuxam
3307 3315 3489 3388 atque
3515 3308 3797 3370 caducam

395 3401 695 3470 naturam,
731 3395 807 3460 ab
839 3397 1102 3462 increata
1135 3409 1194 3463 et
1223 3401 1448 3466 stabili.

476 3488 581 3543 II".
617 3490 781 3545 Τοῦτο
813 3488 1086 3571 ἐκηρύχθη
1120 3492 1217 3568 μὲν
1247 3494 1349 3549 ὑπὸ
1379 3501 1486 3550 τῶν
1530 3501 1844 3574 προφητῶν,
1896 3498 1967 3560 ὡς
2002 3498 2054 3553 ἐν

2220 3493 2376 3558 XIII.
2416 3495 2522 3557 Hic
2555 3512 2588 3555 a
2623 3493 2932 3574 prophetis
2983 3492 3224 3574 quidem
3279 3490 3634 3573 praedicatus
3682 3493 3793 3565 est,

391 3584 468 3650 τῷ
511 3576 666 3656 (80),
725 3585 940 3655 Πνεῦμα
988 3583 1172 3650 Κυρίου
1230 3581 1313 3640 ἔπ’
1377 3584 1471 3661 ἐμέ
1519 3583 1638 3659 (81)
1675 3605 1686 3617 ’
1744 3587 1855 3667 xui,
1888 3584 2052 3644 Ἀνα-

390 3667 650 3724 παύσεται
709 3667 794 3726 ἐπ’
843 3669 1001 3727 αὐτὸν
1060 3673 1193 3731 ἐπτᾶ
1253 3673 1538 3749 Πνεόματα
1575 3694 1588 3710 ³
1662 3676 1771 3751 καὶ,
1839 3674 2047 3744 Κατέϐη

391 3763 604 3834 Πνεῦμα
665 3759 854 3838 Κυρίου
908 3760 1058 3840 (82),
1117 3764 1206 3819 καὶ
1265 3761 1546 3842 ὡδήγησεν
1631 3767 1819 3830 αὺτούς
1858 3783 1872 3798 ⁸
1933 3769 2043 3846 καὶ,

387 3850 614 3925 Πνεῦμα
673 3849 988 3925 ἐπισαήμης
1041 3852 1327 3929 ἑμπλῆσαν
1387 3854 1649 3924 Βεσελεῆλ
1696 3859 1786 3914 τὸν
1820 3857 2046 3938 ἀρχιτέ-

388 3959 553 3995 κτονα
608 3940 705 4007 τῆς
778 3947 985 4010 σκηνῆς
1023 3958 1036 3972 ⁸
1125 3947 1235 4019 xui,
1304 3951 1517 4020 Πνεῦμα
1574 3944 1994 4026 παροξυνόμενον
2029 3967 2043 3982 ο

387 4029 497 4101 καὶ,
560 4036 774 4114 Πνεῦμα
833 4030 1016 4112 ἐξᾶραν
1066 4025 1248 4091 Ἠλίαν
1303 4035 1358 4092 έν
1416 4025 1776 4114 ἅρματι,νκαὶ
1820 4041 2045 4108 ζητηθέν

387 4120 535 4196 παρὰ
609 4111 908 4179 Ἐλισσαίου
979 4120 1257 4184 διπλάσιον
1292 4141 1307 4158 ⁸
1367 4129 1479 4198 καὶ,
1546 4129 1804 4193 πνεύματι
1866 4127 2047 4205 ἀγαθῷ

388 4210 480 4264 καὶ
509 4210 821 4288 ἡγεμονικῷ
876 4211 1035 4270 Δαϐὶδ
1079 4213 1437 4295 ὃδηγούμενός
1482 4237 1538 4272 τε
1581 4217 1668 4272 καὶ
1722 4218 2048 4296 στηριζόμε-

388 4320 502 4362 νος.
558 4298 902 4381 Ἐπηγγέλθη
962 4301 1036 4359 δὲ⁴
1086 4305 1187 4361 ὑπὸ
1240 4306 1338 4380 μὲν
1396 4304 1558 4374 ἰωὰλ
1608 4306 1885 4385 πρότερον·
1950 4316 2046 4372 Καὶ

393 4387 546 4445 ἔσται
592 4389 646 4445 ἐν
698 4407 817 4456 ταῖς
904 4394 1164 4476 ἐσχάταις
1242 4396 1490 4476 ἡμέραις,
1553 4395 1853 4476 λέγοντος⁹
1914 4395 2043 4454 Ἐκ-

2135 3584 2643 3668 quemadmodum
2701 3603 2774 3646 ex
2829 3583 2922 3645 his
2989 3583 3315 3664 Scriptura;
3370 3583 3516 3642 locis
3588 3585 3794 3661 patet:

2133 3676 2410 3755 Spiritus
2431 3675 2680 3736 Domini
2701 3692 2881 3755 super
2901 3693 2996 3736 me
3013 3674 3096 3732 79:
3116 3673 3595 3754 et,Requiescent
3616 3685 3797 3750 super

2131 3784 2266 3828 eum
2301 3765 2574 3845 Spiritus
2602 3772 2818 3843 septem
2842 3765 2905 3814 80
2933 3783 2946 3826 :
2975 3763 3140 3838 item,
3171 3763 3491 3826 Descendit
3522 3761 3796 3841 Spiritus

2134 3856 2402 3936 Domini,
2425 3862 2482 3917 et
2499 3855 2755 3917 deduxit
2779 3873 2878 3917 eos
2897 3855 2952 3904 8l
2987 3875 3000 3915 :
3033 3854 3104 3915 ad
3137 3855 3286 3926 haec,
3315 3852 3568 3932 Spiritus
3592 3850 3792 3911 scien-

2131 3947 2231 4009 tiae
2251 3963 2284 4006 a
2307 3963 2426 4026 quo
2444 3944 2740 4019 Beseleel,
2763 3945 3136 4007 tabernaculi
3164 3944 3550 4015 architectus,
3573 3940 3791 4017 imple-

2132 4043 2226 4097 tus
2257 4044 2346 4096 est
2378 4035 2476 4097 89:
2513 4053 2581 4096 ac
2625 4042 2937 4116 praeterea,
2977 4035 3237 4117 Spiritus
3287 4033 3358 4094 ad
3414 4030 3790 4093 iracundiam

2131 4143 2238 4206 pro
2250 4133 2485 4186 vocatus
2503 4126 2602 4187 ‘33:
2631 4126 3163 4207 insuper,Spiritus
3181 4125 3282 4206 qui
3312 4123 3495 4188 Eliam
3523 4124 3580 4181 in
3609 4139 3790 4182 curru

2133 4213 2364 4288 extulit,
2392 4233 2460 4275 ac
2478 4215 2696 4295 duplex
2717 4215 2789 4276 ab
2819 4216 3015 4278 Eliseo
3039 4217 3374 4298 postulatus
3400 4222 3487 4274 est
3505 4213 3602 4271 85:
3639 4210 3794 4272 adde

2131 4303 2406 4385 spiritum
2442 4304 2661 4365 bonum
2698 4315 2750 4365 et
2785 4307 3175 4387 principalem
3209 4307 3294 4380 85,
3323 4324 3439 4387 quo
3462 4303 3641 4366 David
3679 4302 3790 4364 de-

2131 4391 2366 4454 ducitur
2390 4401 2447 4455 et
2473 4395 3238 4458 conﬁrmatur.Promissus
3262 4405 3460 4457 autem
3478 4402 3599 4461 est;
3627 4393 3793 4474 prius

384 4482 502 4560 χεῶ
563 4481 669 4538 ἀπὸ
723 4490 814 4541 τοῦ
902 4486 1210 4562 Πνεύματὸς
1290 4509 1392 4563 μου
1471 4487 1555 4544 ἐπὶ
1619 4493 1793 4543 πᾶσαν
1875 4488 2046 4565 σάρκα

2159 4483 2370 4566 [υἰιιεηι
2402 4503 2434 4545 a
2462 4483 2630 4546 Joele
2661 4484 2754 4546 his
2783 4484 2985 4547 verbis
3016 4493 3225 4547 utente
3252 4506 3266 4546 :
3300 4486 3384 4548 Et
3416 4488 3541 4548 erit
3573 4487 3640 4547 in
3675 4502 3791 4547 n0-

457 4587 522 4674 φ
548 4588 680 4652 Act.
710 4594 998 4674 11,375qq.
1085 4594 1147 4645 70
1171 4596 1346 4659 Deut.
1379 4612 1461 4674 iv,
1495 4595 1593 4660 24.
1678 4595 1727 4639 τί
1765 4595 1903 4658 Act.
1940 4612 2004 4668 ll,
2047 4591 2108 4653 3.
2192 4589 2418 4674 "ibid.

1442 4672 1504 4726 76
1533 4679 1673 4740 Luc.
1704 4694 1854 4757 xxn,
1880 4676 1958 4740 ΞΘ
1987 4694 2063 4756 sq

2209 4672 2268 4722 ’Π
2305 4673 2494 4757 Exod.
2525 4691 2610 4750 Ill,
2646 4675 2704 4738 2.
2791 4675 2968 4738 73Luc
2997 4691 3124 4747 xvr,
3157 4673 3258 4738 26.
3345 4672 3688 4757 7915a.t.xx,
3731 4677 3784 4738 1.

375 4667 429 4755 II
457 4670 604 4755 Beg.
639 4667 806 4755 xviii,
841 4667 1106 4755 3331a.
1135 4694 1220 4752 ix,
1253 4677 1353 4739 37.

2508 4592 2688 4655 7315a
2750 4611 2970 4669 xxxv",
3062 4593 3154 4656 16.
3241 4593 3303 4643 74
3373 4592 3501 4654 Act.
3567 4610 3608 4666 1,
3697 4593 3788 4658 I3.

372 4751 778 4838 §01sa.xr,2.
861 4751 1388 4835 unum”.
1473 4751 2228 4836 83Exod.xxxv,30'sqq.
2316 4753 2720 4837 83Isa.1.xut,
2762 4759 2855 4822 10.
2940 4757 3004 4807 8‘
3036 4759 3112 4822 IV
3192 4760 3336 4836 Reg.
3407 4774 3468 4827 ιι.
3547 4756 3584 4818 9
3655 4751 3784 4838 sqq.

374 4832 533 4895 Psal.
567 4853 622 4917 ι,
658 4832 751 4899 14.

456 4966 586 5047 (74)
622 4971 991 5056 ῌανταχόθεν.
1055 4973 1243 5053 Regg.
1297 4971 1422 5051 bm,
1458 4975 1559 5056 ph,
1599 4974 1811 5038 decem
1843 4972 2042 5053 Colb.,

377 5049 496 5131 etc,
509 5095 530 5131 ,
558 5049 925 5131 πολλαχόθεν,

458 5128 578 5215 (ῖξ)
615 5131 703 5189 Ἐν
727 5128 869 5215 ἑοῖ-ς.
904 5131 1049 5213 Reg.
1096 5135 1173 5215 ph
1209 5145 1269 5198 et
1295 5154 1400 5198 sex
1427 5136 1627 5212 Colb.,
1659 5138 1743 5195 ἐπὶ
1773 5151 1917 5202 τοῖς.

453 5209 585 5290 (76)
625 5215 721 5270 Καὶ
766 5213 928 5298 οὕτω-
963 5209 1230 5298 γενέσθαι,
1292 5225 1409 5278 elc.
1461 5209 1656 5280 NiceI.
1720 5227 2037 5298 Συγκιρνω-

371 5293 533 5375 μένου
566 5302 656 5350 τοῦ
699 5294 836 5350 θείου
870 5295 1173 5370 ἀξιώματος
1205 5293 1273 5375 τῇ
1321 5298 1554 5372 εὖτελείᾳ
1592 5321 1604 5335 ⁸
1642 5293 1859 5360 Divina
1897 5293 2034 5359 ina-

375 5374 580 5463 iestate
611 5393 675 5436 se
700 5382 922 5463 nostra;
945 5375 1154 5463 vilitati
1185 5374 1678 5463 cummiscenten
1713 5378 1844 5440 Non
1881 5378 2040 5463 bene

421 5453 601 5546 illius:
618 5456 878 5546 {sicque
898 5457 1344 5546 interpeumnet
1369 5459 1645 5546 homines
1672 5459 2037 5522 consortium

368 5535 532 5610 iniri,
568 5537 882 5617 utriusque
913 5537 1192 5601 videlicet
1221 5538 1507 5618 dignitate
1541 5543 1694 5602 inter
1744 5559 1809 5602 se
1863 5559 2036 5602 com-

368 5618 567 5701 mista;
593 5643 625 5701 3
661 5618 828 5700 quasi
859 5619 1072 5701 aliqua
1104 5627 1264 5682 esset
1315 5620 1577 5684 hominis
1612 5621 1872 5701 dignitas
1904 5639 2041 5684 cum

365 5700 490 5763 Deo
515 5699 755 5762 collata.

447 5778 582 5860 (77)
619 5782 930 5861 [Ιεριωπῆς.
970 5782 1068 5846 Sic
1092 5781 1228 5846 Bas.
1263 5782 1360 5846 ed.
1413 5791 1470 5847 et
1500 5781 1721 5848 Comb.
1758 5781 1902 5860 Alii,
1936 5805 2040 5840 πε-

367 5863 587 5941 ριοπῆς,
625 5862 802 5927 male.
841 5861 1016 5927 EDIT.

2218 4970 2341 5050 ('78)
2376 4973 2593 5054 ᾊάσμα,
2629 4980 2743 5035 etc.
2788 4974 3280 5054 «Vorago,hiatus
3308 4993 3559 5054 magnus
3592 4981 3651 5036 et
3682 4975 3789 5034 im-

2131 5052 2798 5148 permeabilis.rPlures
2819 5052 3059 5117 codices
3074 5055 3188 5116 hoc
3212 5052 3430 5117 ordine
3451 5055 3790 5135 leguntzqni-

2128 5155 2238 5209 σμα
2269 5137 2408 5213 μέγα
2432 5138 2486 5191 ἓν
2518 5137 2686 5210 μέση),

2214 5214 2336 5292 (79)
2372 5218 2686 5298 Ιῖενηῖὴν...
2745 5219 3027 5297 ἀγενήτου.
3091 5215 3190 5280 Sic
3242 5216 3514 5298 plerique
3545 5214 3788 5295 optimm

2127 5303 2285 5377 nota:
2311 5296 2463 5377 codd
2520 5295 2584 5357 In
2616 5297 2742 5368 ed.,
2771 5295 3114 5377 γεννητὴν...
3152 5295 3469 5376 ἀγεννήτου,

2207 5376 2328 5459 (80)
2366 5375 2540 5459 ’ucév
2571 5388 2678 5459 τῷἒ
2697 5375 2796 5440 Sic
2824 5375 3500 5459 Regg.etColb.plures.
3537 5379 3603 5440 In
3638 5395 3785 5438 non-

2125 5455 2326 5526 nullis,
2357 5460 2430 5539 ᾡς
2461 5458 2515 5514 ἓν
2547 5461 2627 5522 τό,
2659 5457 2720 5539 [in
2754 5459 2879 5539 ed.,
2914 5455 3014 5523 ἕως
3045 5461 3099 5517 ἐν

2210 5539 2337 5616 (81)
2369 5537 2484 5595 Ἐπ’
2520 5539 2636 5608 ἐμέ.
2670 5537 2954 5601 Nonnulli
2982 5541 3158 5603 codd.
3195 5539 3452 5614 addunt,
3488 5540 3548 5597 οὗ
3578 5541 3784 5599 είίεκεν

2123 5618 2313 5762 ἓχῆιρέ
2346 5641 2436 5694 με.
2477 5617 2832 5700 «Propterea
2865 5621 3032 5682 unxit
3064 5620 3332 5698 me,nSic
3357 5621 3536 5683 etiam
3561 5621 3786 5701 legerat

2175 5718 2190 5760 I
2249 5717 2366 5760 ius.

2175 5717 2366 5760 Imus.

2157 5782 2338 5918 ί(82)
2377 5787 2589 5860 Πνεῦμα
2621 5783 2830 5864 Κυρίου.
2891 5782 2958 5847 In
3020 5783 3412 5867 quibusdam,
3471 5785 3612 5866 παρὰ
3671 5793 3781 5848 Κυ-

2174 5884 2260 5918 ου.

2123 5883 2234 5942 ριου
2244 5906 2260 5924 .
