4150 6394
503 300 622 367 459
1749 312 1814 380 8.
1858 310 2113 378 GREGO

2203 312 2229 377 Ι
2274 313 2657 382 THEOLOGI
3768 312 3894 387 460

500 444 658 537 apud
682 446 983 537 quosjheec
1003 444 1261 537 habetur
1278 446 1494 537 oratio.
1514 444 1637 509 Vos
1658 446 1815 537 enim
1844 447 1991 508 mihi
2015 447 2113 509 esti

2203 449 2521 530 ιμάρτυρες,
2580 451 2669 507 καὶ
2729 472 3052 531 καυχησεως
3138 451 3420 537 στέφανος,
3477 454 3569 511 ἵνα
3624 450 3889 529 τολμήσω

502 534 798 609 defensio,
827 544 884 597 et
907 544 1110 611 testes,
1137 544 1195 597 et
1214 536 1416 616 gloriae
1441 554 1659 600 corona
1680 536 1757 618 ‘5,
1784 543 1849 599 ut
1871 556 1980 617 ego
2005 556 2113 619 quo

2229 538 2381 617 κάγώ
2440 562 2489 596 τι
2546 546 2652 596 τῶν
2725 540 2819 597 τοῦ
2878 541 3209 600 Ἀποστόλου
3248 534 3681 604 νεανιεύσασθαι
3737 540 3886 621 (27).

501 647 619 710 que
652 645 721 688 ex
756 624 1015 706 Apostoli
1044 626 1241 687 verbis
1270 625 1495 707 aliquid
1527 626 1808 689 audacter
1835 646 2113 708 usurpem

2230 636 2396 687 Τοῦτο
2452 630 2515 685 τὸ
2573 631 2821 705 ποίμνιον
2878 630 2968 705 ἦν,
3004 630 3091 688 ὅτε
3121 633 3312 711 μικρόν
3336 655 3395 691 τε
3437 635 3525 691 καὶ
3577 630 3761 695 ἀτελὲς
3790 630 3881 704 ἦν,

497 718 608 784 Hic
639 734 779 798 grex
812 715 1061 801 exiguus
1104 716 1403 796 quondam
1455 724 1580 778 erat
1628 726 1685 779 et
1735 717 2113 795 imperfectus

2231 716 2356 776 ὅσον
2407 718 2493 776 ἐπὶ
2550 734 2668 783 τοῖς
2737 719 3055 801 ὁρωμένοις,
3107 723 3197 779 καὶ
3246 722 3362 779 οὐδὲ
3417 724 3686 799 ποίμνιον,
3747 718 3887 776 ἀλλὰ

497 814 785 890 quantum
812 800 1055 885 quidem
1078 804 1382 865 oculorum
1415 821 1597 866 sensu
1614 804 1871 884 judicari
1894 813 2113 887 poterat

2231 809 2468 885 ποίμνης
2502 831 2551 866 τι
2579 811 2769 890 μικρὸν
2803 808 2988 891 ἴχνος,
3089 810 3360 889 λείψανον,
3386 814 3705 871 ἀσύντακτον
3736 808 3883 884 (28),

495 917 565 961 ac
588 916 662 960 ne
687 913 829 976 grex
848 892 1116 974 quidem,
1143 892 1247 955 sed
1286 910 1531 973 parvum
1556 894 1855 975 quoddam
1884 904 1939 957 et
1971 904 2111 957 tenu

2232 899 2323 955 καὶ
2380 899 2765 974 ἀνεπίσκοπον,
2831 900 2917 955 καὶ
2960 900 3231 981 ἀόριστον,
3286 904 3424 979 μήτε
3476 904 3646 977 νομὴν
3677 900 3884 958 ίλευθέο

493 986 693 1067 gregis
704 982 1638 1072 vestigium,autreliquiae.incom
1648 984 2113 1066 positus.pastori

2229 1010 2324 1065 ραν
2370 986 2526 1069 ἔχον,
2593 990 2731 1065 μήτε
2792 986 2997 1069 μάνδρᾳ
3065 993 3474 1072 περιεχόμενον,
3533 990 3883 1067 πλανώμενον

492 1096 728 1150 carens,
762 1072 945 1135 nullis
973 1072 1243 1133 terminis
1270 1071 1560 1147 inclusus,
1586 1092 1699 1135 nec
1730 1075 1935 1155 pascui
1964 1072 2113 1135 liber

2227 1079 2283 1135 ἑν
2328 1078 2497 1159 ὄρεσι,
2563 1080 2654 1135 καὶ
2697 1076 2983 1146 σπηλαίοις
3036 1082 3124 1137 καὶ
3209 1071 3336 1146 ταῖς
3382 1082 3544 1145 ὀπαῖς
3593 1086 3692 1148 τῆς
3750 1084 3878 1158 γῆς,

481 1172 583 1252 jus
616 1164 868 1244 habens,
895 1180 1006 1252 nec
1037 1160 1205 1223 caula
1236 1162 1488 1237 cinctus,
1521 1162 1809 1225 oberrans
1839 1164 1901 1225 in
1929 1166 2110 1225 monti

2228 1166 2359 1224 ἄλλο
2389 1167 2447 1223 ἀ)
2460 1166 2636 1247 λαχοῦ
2702 1164 3095 1243 διεσπαρμένον
3133 1192 3190 1226 τε
3232 1173 3320 1228 καὶ
3365 1170 3743 1250 διεῤῥιμμίνον,
3805 1170 3882 1226 ὡς

488 1251 624 1339 bus,
650 1256 713 1317 in
737 1251 1045 1336 speluncis
1069 1259 1129 1313 et
1158 1253 1426 1313 cavernis
1450 1260 1626 1315 terra:
1645 1252 1721 1331 ‘7,
1747 1254 1865 1316 huc
1888 1253 2029 1319 illuc
2051 1253 2110 1315 di

2223 1258 2448 1316 ἕκαστον
2506 1257 2670 1337 ἔτυχε
2719 1257 3057 1333 σκεπόμενον
3118 1257 3264 1340 (29),
3321 1261 3355 1329 ἢ
3413 1260 3725 1336 νεμόμενον.
3791 1258 3882 1316 καὶ

486 1364 733 1431 spersns
764 1356 945 1421 atque
978 1341 1289 1431 disjectus,
1326 1360 1523 1419 eoque
1566 1342 1864 1418 redactus,
1901 1351 1985 1423 ut,
2018 1362 2113 1421 qui

2221 1345 2538 1405 διακλέπτον
2593 1348 2947 1425 ἀγαπητικιῖκ
2992 1345 3113 1424 (30)
3170 1349 3271 1416 τὴν
3334 1350 3521 1409 ἑαυτοῦ
3562 1350 3825 1429 σωτηρίαν
3859 1368 3878 1385 ο

486 1429 789 1522 quamque
815 1451 982 1495 ovem
1004 1449 1136 1492 sors
1157 1429 1844 1512 tulisset,contegeretur
1858 1451 1927 1495 ac
1947 1435 2113 1513 pabu

2224 1438 2346 1495 οἷον
2402 1437 2579 1494 ἐκεῖνο
2628 1438 2691 1492 τὸ
2745 1457 3015 1518 ποιμνιον,
3079 1439 3107 1493 ὃ
3155 1435 3370 1504 λέοντες
3422 1438 3644 1519 ὶξῶσαν,
3676 1439 3711 1507 ἢ
3740 1437 3879 1510 ζάλη

487 1521 741 1599 laretur,
777 1521 1188 1606 praeclareque
1235 1539 1438 1583 secum
1469 1522 1558 1601 agi
1590 1523 1860 1594 duceret,
1897 1523 1947 1584 si
1978 1523 2113 1585 salu

2224 1525 2482 1600 διέλυσεν,
2528 1526 2565 1594 ἢ
2613 1526 2933 1582 σκοτόκαινα
2986 1524 3319 1585 διεσκέδασεν
3353 1543 3368 1559 ⁹
3407 1529 3435 1584 ὃ
3481 1529 3729 1607 θρηνοῦσι
3780 1530 3881 1605 μὲν

486 1627 608 1682 tem
635 1634 800 1678 suam
834 1612 1210 1691 subriperet;
1246 1630 1365 1673 non
1398 1629 1571 1673 secus
1602 1612 1875 1675 videlicet
1906 1632 1975 1675 ac
2000 1632 2113 1692 gre:

2225 1617 2494 1696 προφῆται
2555 1612 2699 1697 (31),
2745 1628 2865 1681 τοῖς
2909 1622 3003 1673 τοῦ
3049 1615 3266 1696 Ἰσραὴλ
3327 1618 3703 1691 ἀπεικάζοντες
3763 1618 3877 1676 πεί-

483 1708 610 1785 ille,
636 1723 817 1784 quem
848 1702 1055 1764 leones
1079 1699 1571 1780 expulerunt,aut
1594 1710 1916 1783 tempestas
1936 1703 2113 1767 disse]

2225 1711 2363 1779 θεσι,
2424 1703 2850 1784 παραδεδομένου
2910 1704 3033 1785 (32)
3089 1720 3207 1772 τοῖς
3265 1709 3462 1766 ἔθνεσιν
3498 1724 3512 1739 ⁸
3573 1708 3876 1789 ἐθρηνήσα-

482 1798 587 1879 vit,
621 1805 721 1858 aut
750 1792 937 1871 caligo
991 1790 1338 1870 dissipavit;
1373 1809 1554 1867 quem
1608 1800 1666 1853 et
1696 1794 1998 1873 propheta:
2046 1794 2113 1855 lu'

2226 1820 2323 1875 μεν
2354 1796 2475 1866 (33)
2518 1794 2573 1852 δὲ
2618 1797 2705 1852 καὶ
2757 1794 2947 1870 ἡμεῖς,
3002 1793 3083 1875 ἐφ’
3131 1796 3258 1853 ὅσον
3284 1801 3490 1878 θρήνων
3547 1798 3877 1878 ἐπράττομεν

483 1884 860 1969 gent,populi
885 1880 1191 1943 Israelitici
1213 1879 1494 1959 gentibus
1521 1881 1717 1942 traditi
1739 1882 2133 1944 calamitatem

481 1975 950 2045 adumbrantes;
988 1980 1049 2033 et
1081 1989 1189 2031 nos
1221 1969 1402 2033 etiam
1439 1970 1717 2047 luximus,
1748 1972 2009 2053 quandiu
2036 1972 2133 2035 lu-

479 2078 685 2132 ctuoso
721 2071 875 2127 statu
904 2080 1003 2123 res
1036 2068 1253 2122 nostrae
1282 2060 1546 2123 fuerunt.
1578 2059 1723 2123 Nam
1754 2061 1867 2141 ipsi
1896 2082 2134 2143 quoque

479 2175 689 2220 revera
718 2152 951 2235 expulsi
983 2150 1312 2232 etprojecti
1342 2149 1588 2229 fuimus,
1609 2160 1786 2232 atque
1815 2152 1877 2213 in
1901 2163 2133 2216 montes

482 2264 693 2309 omnes
724 2254 783 2307 et
811 2242 994 2304 colles
1051 2239 1126 2302 ob
1158 2241 1407 2320 pastoris
1436 2239 1699 2321 inopiam
1731 2241 1983 2322 dispersi
2015 2266 2029 2318 ;
2062 2263 2132 2307 ac

480 2337 611 2400 dira
632 2333 902 2417 quaedam
928 2338 1253 2411 tempestas
1284 2330 1611 2393 Ecclesiam
1645 2329 1877 2407 invasit,
1912 2341 1970 2394 et
1999 2334 2131 2395 hor-

479 2427 684 2490 rendae
714 2424 929 2487 bellua;
959 2421 1019 2483 in
1055 2438 1162 2481 nos
1203 2420 1487 2501 impetum
1542 2420 1837 2498 fecerunt,
1874 2442 2007 2503 quin
2056 2442 2131 2485 ne

476 2536 636 2579 nunc
668 2514 938 2594 quidem,
971 2510 1210 2572 reddita
1247 2510 1589 2585 serenitate,
1625 2510 1801 2572 uobis
1832 2522 2083 2593 parcunt
2111 2535 2127 2589 ;

476 2625 705 2682 verum,
735 2625 851 2686 qua
876 2611 1015 2664 sunt
1045 2599 1440 2682 impudentia,
1470 2599 1840 2681 potentiores
1862 2602 2036 2664 etiam
2063 2612 2123 2665 et

472 2700 820 2769 atrociores,
856 2710 1031 2775 quam
1060 2699 1295 2771 tempus
1326 2689 1495 2765 ferat,
1524 2708 1589 2752 se
1620 2690 1919 2774 praebent;
1946 2700 2120 2775 atque

476 2788 661 2851 tristis
682 2784 949 2869 quaedam
969 2781 1160 2859 caligo
1181 2788 1399 2843 cuncta
1422 2780 1733 2862 occupavit
1752 2790 1806 2844 et
1833 2784 2113 2858 contexit,

2219 1886 2361 1955 ἄξια.
2396 1891 2484 1959 Τῷ
2541 1886 2651 1942 ὄντι
2710 1884 2809 1964 γὰρ
2856 1886 2944 1941 καὶ
2993 1888 3159 1961 ἡμεῖς
3189 1885 3497 1963 ὶξώσθημεν
3538 1890 3627 1946 καὶ
3654 1887 3872 1967 άπεῤῥί-

2218 1997 2421 2057 φημεν,
2480 1976 2569 2031 καὶ
2620 1974 2705 2031 ἐπὶ
2757 1978 2864 2030 πᾶν
2911 1972 3032 2051 ὅρος
3090 1976 3181 2033 καὶ
3241 1978 3427 2053 βουνὸν
3482 1975 3871 2054 διεσπάρημεν,

2218 2068 2291 2130 ὡς
2320 2068 2375 2122 ὲν
2406 2065 2601 2145 ἐρημίᾳ
2630 2062 2883 2138 ποιμένος
2910 2064 3030 2140 (34)
3058 2082 3076 2103 ⁸
3134 2068 3223 2122 καὶ
3270 2068 3503 2144 πονηρός
3536 2089 3621 2130 τις
3654 2070 3874 2147 χειμὼν

2216 2155 2452 2235 κατέσχε
2508 2154 2607 2220 τὴν
2660 2150 3009 2227 Ἐκκλησίαν,
3083 2157 3172 2211 καὶ
3230 2154 3386 2212 δεινοὶ
3447 2155 3604 2234 θῆρες
3663 2157 3868 2214 ἐπιπε-

2214 2247 2515 2323 πτώκασιν,
2549 2245 2595 2300 οἱ
2628 2240 2763 2317 μηδὲ
2798 2251 2884 2301 νῦν
2917 2243 3049 2317 μετά
3078 2243 3176 2298 τσλν
3236 2244 3430 2318 αἰθρίαν
3485 2247 3641 2321 ἡμῶν
3672 2244 3859 2327 φειδό-

2215 2356 2366 2411 μενοι
2403 2353 2420 2370 ⁶
2481 2329 2602 2389 ἀλλ’
2635 2331 3107 2410 ἀναισχυντοῦντες
3136 2331 3250 2408 (35)
3282 2334 3450 2409 εἶναι,
3500 2336 3589 2391 καὶ
3618 2342 3712 2392 τοῦ
3740 2358 3873 2393 και-

2214 2432 2306 2505 ροῦ
2378 2422 2776 2501 δυνατώτεροι,
2866 2421 2952 2478 καὶ
3009 2424 3295 2500 σκυθρωπὴ
3379 2445 3460 2487 τις
3542 2425 3873 2500 σκοτόμαινα

2213 2512 2441 2572 ἰπέλαϐε
2472 2512 2643 2569 πάντα
2693 2511 2783 2566 καὶ
2842 2510 3195 2587 συνεκάλυψε,
3248 2511 3385 2569 πολὺ
3418 2514 3515 2580 τῆς
3543 2514 3736 2581 ἐνάτης
3763 2521 3867 2571 τῶν

2206 2603 2505 2682 Αἰγυπτίων
2568 2600 2788 2680 πληγῆς
2846 2600 3127 2681 βαρυτέρα,
3188 2608 3282 2659 τοῦ
3338 2601 3665 2683 ψηλαφητοῦ
3722 2603 3863 2684 λέγω

2204 2692 2454 2772 σκότους,
2485 2690 2574 2769 ὑφ’
2620 2689 2680 2746 οὗ
2729 2690 2921 2765 μικροῦ
2966 2687 3081 2746 δεῖν
3112 2688 3250 2767 μηδὲ
3286 2689 3559 2763 ἀλλήλους
3583 2690 3713 2749 ἰδεῖν
3741 2691 3863 2749 ἔδυ-

2202 2787 2440 2858 νήθημεν
2470 2779 2611 2854 (36).

473 2878 663 2941 multo
692 2867 834 2939 sane
860 2892 1017 2935 nona
1058 2870 1160 2932 illa
1190 2869 1597 2950 Egyptiorum
1631 2871 1801 2952 plaga
1830 2873 1909 2946 ‘8,
1942 2874 2054 2936 hoc
2087 2884 2199 2957 est,
2229 2869 2626 2956 palpabilihus
2651 2867 2942 2945 tenebris,
2973 2869 3232 2949 gravior,
3276 2888 3398 2952 pm
3422 2889 3536 2953 qua
3563 2889 3714 2952 pene
3744 2890 3856 2934 nec

470 2968 571 3031 alii
601 2966 751 3027 alios
779 2964 980 3024 videre
1013 2959 1339 3041 potuimus.

556 3055 698 3116 750
751 3052 853 3117 IlI.
911 3057 1128 3127 Atque,
1182 3059 1246 3110 ut
1303 3047 1552 3130 aliquid,
1614 3050 1770 3132 quod
1832 3051 2113 3131 majorem

2289 3043 2372 3115 [⁸⁸.
2413 3053 2536 3127 Καὶ,
2569 3047 2647 3105 ’ἶν’
2680 3049 2823 3105 εἴπω
2851 3070 2903 3105 τι
2948 3049 3381 3129 συμπαθέα-τερον
3418 3047 3556 3124 (37),
3590 3051 3662 3113 ὡς
3694 3052 3848 3129 πατρὶ

473 3140 1057 3209 commiserationem
1085 3138 1373 3212 redoleat,
1399 3138 1615 3209 dicam,
1647 3159 1717 3202 eo
1744 3140 1994 3217 scilieet,
2019 3142 2122 3223 qui

473 3255 583 3297 nos
618 3232 853 3313 afﬂixit,
889 3239 1166 3310 tanquam
1214 3236 1484 3306 parente,
1520 3228 1744 3293 fretus:
1800 3230 2122 3293 Abraham

471 3325 729 3388 nescivit
758 3340 889 3401 nos,
922 3329 977 3381 et
1012 3319 1201 3381 Israel
1224 3320 1533 3397 ignoravit
1565 3337 1675 3381 nos
1702 3338 1715 3382 :
1745 3328 1805 3381 at
1836 3328 1900 3382 tu
1933 3322 2123 3383 Pater

468 3424 679 3478 noster
725 3431 784 3475 es
808 3410 899 3471 ‘9:
948 3409 1006 3469 in
1040 3418 1096 3469 te
1126 3409 1329 3472 oculos
1360 3409 1713 3489 conjicimus
1742 3430 1758 3485 ;
1793 3419 2008 3491 praeter
2064 3419 2121 3473 te

471 3505 650 3567 alium
694 3521 815 3563 non
870 3499 1183 3575 novimus;
1245 3516 1462 3559 nomen
1524 3510 1687 3561 tuum
1743 3501 2111 3563 invooamus.

467 3596 800 3673 Pr0pterea
815 3605 1058 3651 causam
1074 3588 1271 3650 dicam
1284 3586 1495 3667 ,inquit
1512 3587 2120 3665 Jeremias,cozterum

467 3684 700 3746 iudicia
720 3681 941 3761 loquar
961 3678 1045 3740 ad
1067 3683 1123 3739 te
1139 3675 1281 3740 9°.F
1283 3680 1403 3739 acti
1418 3696 1634 3740 sumus
1647 3686 1716 3741 ut
1734 3698 1771 3741 (ι
1787 3682 2115 3761 principio,

466 3792 599 3837 cum
620 3790 739 3835 non
763 3778 1104 3849 imperares
1123 3765 1442 3844 nobis",et
1460 3768 1680 3830 oblitus
1699 3789 1763 3831 es
1778 3770 2117 3832 testamenti

466 3864 655 3928 sancti
703 3862 809 3936 tui,
835 3879 904 3921 ac
954 3857 1345 3919 misecordias
1387 3866 1515 3919 tuas
1565 3858 1735 3921 uobis
1785 3859 2112 3925 occlusisti.

463 3957 787 4035 Propterea
810 3946 1192 4029 opprobrium
1213 3947 1349 4007 facti
1366 3966 1571 4009 sumus
1588 3948 1804 4010 dilecto
1825 3957 1956 4021 tuo;
1978 3968 2109 4027 nos,

463 4045 730 4123 inquam,
767 4036 1073 4099 Trinitatis
1130 4040 1498 4117 adoratores,
1535 4038 1781 4117 perfecti
1832 4038 2114 4118 perfecta

461 4129 783 4197 divinitatis
814 4128 1065 4189 clientes
1099 4138 1155 4188 et
1188 4128 1527 4209 supplices;
1572 4148 1681 4190 nec
1725 4147 1794 4190 eo
1846 4130 2111 4193 audacia.I

458 4226 935 4304 prorumpentes,
957 4223 1021 4275 ut
1040 4215 1368 4296 quidquam
1397 4234 1772 4299 eorum,qua3
1795 4236 1974 4298 supra
1999 4237 2110 4281 nos

456 4318 617 4385 sunt,
644 4308 717 4370 ad
754 4326 859 4369 nos
901 4307 1283 4368 detrahamus
1328 4316 1385 4368 et
1429 4308 1826 4389 dejiciamus;
1862 4326 1974 4369 nec
2024 4308 2107 4370 ita

2205 3147 2282 3218 τῷ
2354 3137 2755 3221 παραδεδωκότι
2825 3136 3089 3217 θαῤῥτζσας
3126 3156 3139 3170 ⁸
3245 3138 3488 3219 Ἀϐραάμ
3554 3137 3654 3197 αὖκ
3719 3138 3855 3218 ἔγνω

2203 3235 2373 3310 ἡμᾶς,
2441 3232 2529 3289 καί
2586 3227 2803 3309 Ἰσραὴλ
2884 3231 2979 3287 οὐκ
3050 3229 3258 3309 ὲπέγνω
3330 3232 3476 3306 ἡμᾶς
3507 3260 3531 3274 ο
3592 3227 3727 3285 ἀλλὰ
3800 3230 3863 3286 σὺ

2205 3323 2389 3402 Πατὴρ
2446 3320 2605 3397 ἡμῶν
2644 3318 2699 3375 εἶ
2727 3334 2740 3349 ⁸
2798 3320 2887 3376 καὶ
2932 3319 3065 3398 πρὸς
3122 3318 3182 3375 σὲ
3242 3318 3510 3397 βλέπομεν
3541 3337 3556 3353 ⁸
3587 3319 3740 3383 haec
3770 3328 3865 3379 σοῦ

2204 3412 2365 3470 ἄλλον
2424 3415 2520 3470 οὒκ
2562 3407 2787 3486 οἴδαμεν
2818 3426 2833 3441 ⁶
2881 3410 2944 3465 τὸ
2988 3407 3159 3485 ὄνομά
3200 3431 3295 3467 σου
3353 3409 3706 3485 ὀνομάζομεν,
3764 3410 3862 3466 Διά

2200 3510 2358 3561 τοῦτο
2412 3499 2851 3579 ἀπολογήσομαι,
2926 3496 3069 3568 πλὴν
3134 3499 3364 3579 κρίματα
3451 3496 3675 3569 λαλήσω
3729 3500 3860 3579 πρὸς

2203 3594 2290 3673 σὲ,
2335 3591 2495 3673 φησὶν
2559 3580 2834 3670 Ἱερεμίας,
2897 3587 3186 3669 ἐγενόμεθα
3255 3590 3329 3652 ὣς
3398 3589 3461 3644 τὸ
3503 3587 3601 3645 ἀπ’
3658 3588 3859 3669 ἀρχῆς,

2203 3684 2293 3739 ὅτε
2352 3681 2447 3737 οὒκ
2490 3679 2649 3758 ἧρξας
2691 3682 2869 3756 ἡμῶν,
2932 3680 3021 3737 καὶ
3079 3678 3337 3741 ἐπελάθου
3394 3676 3659 3748 διαθήκης
3705 3678 3858 3757 ἁγίας

2200 3794 2319 3847 σου,
2350 3771 2438 3827 καὶ
2468 3767 2787 3833 ἀπέκλεισας
2841 3768 2934 3849 ἀφ’
2975 3770 3131 3844 ἡμῶν
3184 3769 3250 3827 τὰ
3279 3766 3409 3836 ἐλίη
3609 3789 3723 3828 σου.
3761 3769 3860 3825 Διὰ

2197 3867 2353 3918 τοῦτο
2380 3860 2711 3939 εγενήθημεν
2769 3854 2969 3925 ὄνειδος
3029 3865 3107 3933 τῷ
3167 3857 3433 3937 ἀγαπητῷ
3497 3877 3614 3931 σου,
3663 3858 3713 3915 οἰ
3757 3860 3859 3927 τῆς

2198 3948 2417 4030 Τριάδος
2474 3949 2863 4027 προσκυνητηὶ,
2927 3950 2974 4003 oi
3031 3945 3226 4004 τέλειοι
3287 3947 3386 4013 τῆς
3440 3943 3647 4011 τελείας
3675 3946 3861 4015 θεότη-

2194 4061 2286 4103 τος
2342 4038 2645 4119 πρόσφδγες
2680 4055 2694 4071 ⁸
2728 4038 2817 4094 καὶ
2850 4037 2931 4113 μὴ
2980 4035 3287 4113 τολμῶντες
3340 4058 3390 4093 τι
3420 4035 3528 4093 τῶν
3556 4036 3686 4117 ὑπὲρ
3713 4037 3857 4112 ἡμᾶς

2196 4131 2271 4195 εἰς
2328 4131 2472 4205 ἡμᾶς
2516 4128 2770 4207 κατάγειν
2992 4143 3008 4158 ⁸
3057 4125 3196 4205 μηδὲ
3252 4133 3506 4185 τοσοῦτον
3551 4125 3855 4206 ἑπαίρεσθαι

2192 4220 2330 4277 κατὰ
2371 4219 2466 4284 τὰς
2524 4218 2709 4282 ἀθέους
2751 4215 3001 4296 γλώσσας
3059 4218 3147 4274 καὶ
3196 4217 3524 4296 θεομάχους,
3566 4214 3705 4272 ὥστε
3749 4216 3852 4282 τὴν

2191 4308 2497 4367 δεσποτείαν
2549 4320 2729 4365 ποιεῖν
2789 4303 3079 4383 ὁμόδουλον
3114 4326 3129 4342 ’
3164 4303 3303 4364 ἀλλά
3347 4302 3713 4384 παρεδόθημεν
3746 4304 3851 4373 δη-

455 4382 698 4482 superbi
728 4406 787 4459 et
815 4404 1181 4475 arrogantes,
1216 4405 1304 4471 ut,
1338 4382 1522 4473 quod'
1555 4398 1753 4475 impias
1791 4382 2008 4476 linguae
2035 4416 2105 4461 ac

2203 4397 2326 4467 \aBi;
2380 4394 2467 4453 διὰ
2522 4397 2616 4461 τὰς
2649 4382 2973 4475 άλλαςνμο)
3000 4394 3260 4476 ἁμαρτίας
3289 4382 3469 4471 ἡμῶν,
3518 4396 3607 4453 καὶ
3654 4396 3717 4453 τὸ
3766 4396 3848 4473 μὴ

539 4508 594 4551 ⁸⁸
620 4508 646 4569 Ι
674 4505 892 4591 Thess.
926 4522 989 4585 ιι,
1028 4508 1120 4567 19.
1210 4502 1262 4546 ¹⁷
1292 4503 1476 4568 Hebr.
1510 4524 1590 4582 xi,
1625 4505 1725 4567 38.
1816 4504 2062 4572 18Exod.
2094 4527 2113 4572 i

2203 4507 2283 4571 ll.
2366 4501 2423 4548 ¹⁹
2449 4504 2560 4570 Isa.
2621 4521 2781 4584 LXIII,
2836 4503 2934 4570 16.
3018 4502 3564 4586 itlleren1.xu,t.
3650 4501 3846 4569 “In.

457 4606 628 4664 Lxm,
664 4589 761 4649 19.

696 4693 1133 4778 βεανξεῦσασθαι.
1194 4688 1295 4753 Or.
1360 4690 1419 4769 2,
1455 4692 1869 4774 παῤῥησιᾶσθαι,
1906 4719 1934 4751 α
1968 4712 2105 4759 cum

446 4772 667 4842 ﬁducia
696 4772 879 4854 loqui.
918 4797 945 4827 »

527 4859 646 4933 (98)
675 4852 1052 4915 ἰκσῦντακτον.
1087 4853 1238 4933 Reg.
1274 4852 1375 4933 ph,
1408 4854 1725 4917 ἀσύνακτον.

527 4938 650 5019 ((29)
672 4938 1041 5020 1τιλκιῗπόμξνον.
1082 4956 1109 4987 α
1137 4932 1641 5020 gentegeretur._n
1679 4934 1779 5000 Sic
1809 4939 1958 5020 Reg.
1995 4939 2096 5020 ph,

442 5010 639 5084 Coisl.
664 5016 723 5090 2,
749 5010 869 5078 Or.
891 5013 953 5089 2,
989 5010 1376 5097 θιο.-Νἰεοιε”ε
1402 5016 1665 5097 exponit,
1710 5010 2097 5097 κρυπτόμενον,

447 5127 468 5158 ε
508 5097 1003 5163 absconderetur.
1045 5118 1067 5153 η
1107 5093 1173 5155 In
1196 5096 1323 5176 ed.,
1353 5093 2102 5180 axowéoépsvbv,quod'venit

435 5183 571 5246 Bill.
609 5202 622 5239 :
667 5203 688 5234 (ι
726 5185 1055 5256 regeretur.
1098 5198 1120 5231 ι

520 5258 1041 5339 (ΒΟγἿΔιακλὲπτον
1099 5257 1473 5339 ἀγαπητικῶς.
1534 5256 1631 5320 Sic
1688 5279 1841 5323 unus
1898 5261 2096 5335 COIb.,

437 5337 649 5419 Gabr.,
684 5338 893 5403 Comb.
950 5337 1050 5421 Sic
1084 5337 1264 5399 etiam
1315 5340 1548 5401 videtur
1579 5341 1798 5421 legisse
1827 5341 2087 5405 Nicetas.

434 5423 617 5487 Deest
638 5418 994 5497 νάγαπητικῶς
1018 5418 1086 5497 in
1118 5424 1214 5480 ed.

523 5502 645 5581 (31)
684 5496 975 5579 Προφῆται.
1006 5496 1071 5558 ln
1106 5516 1275 5561 sacro
1306 5508 1462 5562 textu
1494 5499 1710 5563 Ezech.
1754 5519 1951 5580 xxxiv,
1985 5501 2083 5579 12,

436 5584 709 5657 ποιμένες,
749 5602 778 5638 ι
813 5586 1101 5658 pastores.
1137 5604 1163 5635 »

515 5654 635 5743 (ἷξε)
671 5654 1118 5743 Παραδεδομένου.
1180 5654 1278 5720 Sic
1340 5660 1541 5740 plures
1600 5662 1775 5725 codd.
1835 5663 1899 5726 In
1950 5666 2073 5743 ed.,

430 5740 892 5823 παραδεχομένου.
1138 5752 1144 5757 ”

515 5817 1100 5905 (33)”Εθρηνήσαμεν.
1158 5817 1259 5880 Sic
1306 5817 1411 5885 Or.
1461 5823 1500 5883 ‘2
1531 5831 1591 5887 et
1619 5824 1830 5889 Comb.
1867 5825 1932 5889 In
1962 5827 2089 5909 ed.,

2190 4697 2601 4778 iopqvct'napsv.

2273 4776 2401 4859 (34)
2437 4770 2532 4842 Ὦς
2589 4780 2646 4835 iv
2704 4776 2926 4859 ἐρημία,
2954 4775 3232 4859 ποιμένος.
3278 4772 3409 4859 0r,_
3430 4774 3491 4848 Ξ,
3521 4773 3603 4859 ὥς.
3623 4770 3678 4828 ἂν
3706 4770 3842 4852 ἔρη-

2188 4851 2293 4935 μίςί
2326 4851 2602 4935 ποιμένες,
2644 4878 2669 4915 ι
2707 4851 2879 4934 quasi
2911 4856 2974 4918 in
3030 4851 3296 4920 vastitate
3351 4851 3607 4936 dispersi
3637 4851 3843 4936 pasto-

2454 5018 2986 5110 ’Avatoy_u_vroﬁvtec_.
3048 5016 3156 5110 Ηὶιξ
3210 5014 3550 5110 signiﬁcare
3603 5015 3846 5110 videtur

2185 5095 2507 5180 Gregorius
2521 5095 2937 5165 haereticorum
2953 5095 3388 5181 impudentiam
3401 5098 3475 5161 ad
3491 5095 3556 5160 id
3574 5098 3845 5181 audaciae

2184 5176 2556 5263 prorupisse,
2588 5189 2675 5254 ut,
2710 5199 2785 5243 ne
2806 5176 3107 5263 quidem'a
3138 5181 3234 5262 pio
3254 5178 3617 5257 imperatore
3646 5176 3839 5242 Theo-

2182 5262 2385 5342 dosio,
2404 5263 2717 5343 comprimi
2750 5262 2956 5343 possit.

2172 5337 2380 5479 011533)
2417 5337 2800 5465 Ἐδυνήθημεῖι.
2856 5341 3005 5406 Tres
3050 5341 3220 5406 Colb.
3271 5350 3332 5405 et
3364 5337 3597 5414 Comb.,
3630 5337 3835 5413 ἠδυνή-

2418 5505 2879 5583 Συμπαθέστερον.
2927 5503 3089 5581 Pan,
3148 5504 3571 5583 συντομώτερον,
3610 5525 3638 5558 α
3680 5498 3831 5565 bro-

2170 5599 2392 5828 “213.8;
2412 5667 2487 5723 Τὰ
2517 5666 2670 5735 ἐλέη.
2708 5668 2772 5729 ln
2798 5668 3127 5750 nonnullis,
3151 5670 3212 5725 τὸ
3260 5664 3429 5730 ἔλεος.

2248 5746 2350 5827 (39
2414 5746 2801 5828 saeptam
2834 5748 3218 5828 quibusdam,
3249 5768 3429 5827 γαταγ‹

2248 5746 2375 5831 (3.9)
2414 5746 2801 5831 {Summam
2834 5746 3218 5831 quibusdem,
3237 5756 3597 5831 ,κοιταιηίσιγστῖ⁸

2264 5823 2390 5911 (49)
2420 5823 2664 5893 ’⁷Αλλὶις.
2701 5827 2767 5891 ln
2798 5823 3130 5907 nonnullis,
3164 5823 3675 5911 πὸλλάς,⁷«ιῐιυ1ιε.
3707 5848 3733 5888 ο
