4150 6404
408 229 519 294 471

1629 229 1691 292 S.
1739 221 2108 291 GREGORII
2149 222 2536 290 THEOLOGI

3686 210 3816 276 472

411 360 880 426 existimandum
914 369 1007 427 est
1041 364 1242 443 (liceat
1286 363 1433 427 mihi
1481 377 1718 443 quoque
1766 378 1874 441 per
1919 379 2022 424 vos
2071 362 2347 425 nonnihil
2377 363 2492 424 hoc
2522 362 2765 424 nomine
2799 360 3082 440 gloriari),
3131 358 3385 440 aliquam
3417 356 3532 435 ipsi
3562 367 3821 432 quoque

413 460 643 535 partem
676 451 794 529 his,
820 471 951 534 quae
975 453 1212 535 videtis,
1249 452 1632 516 contulimus.

493 540 594 603 XI.
629 542 798 604 Tolle
839 529 956 622 per
1011 529 1323 605 circuitum
1380 540 1580 604 oculos
1634 547 1787 620 tuos,
1837 539 1975 600 756
2005 548 2060 601 et

2227 541 2342 601 IA'.
2395 535 2552 619 Ἀρον
2601 539 2783 615 κύκλῳ
2825 539 2944 604 τοὺς
2990 537 3288 619 ὀφθαλμοὺς
3363 558 3478 614 σου,
3545 533 3635 622 καί
3695 529 3814 609 ἴδε,

411 631 573 712 vide,
607 631 875 713 quisquis
922 650 1008 709 es,
1042 632 1145 713 qui
1173 631 1459 695 doctrinae
1486 638 1699 692 nostra:
1750 649 2060 692 censuram

2147 637 2250 696 πᾶς
2310 634 2338 688 ὁ
2369 636 2475 688 τῶν
2515 631 2661 707 ἐμῶν
2691 629 2866 708 λόγων
2913 629 3219 698 ἐξεταστής,
3270 625 3394 684 ’Ἴδε
3425 625 3516 681 τὸν
3545 620 3816 698 στέφανον

416 711 750 784 facis.Vide
763 711 984 784 textam
1017 711 1172 784 hanc
1201 722 1402 800 gloria:
1425 738 1730 800 coronam,
1759 739 1864 799 pro
1897 738 2062 781 mer-

2148 722 2237 776 τὶν
2269 719 2540 777 πλακέντα
2571 725 2669 787 τῆς
2702 718 2880 795 δόξης,
2915 718 3030 774 ἀντὶ
3059 721 3164 773 τῶν
3227 719 3506 792 μισθωτῶν
3535 711 3816 800 Ἐφραὶμ,

418 811 678 874 ceuariis
718 810 1027 890 prraim,
1071 818 1130 873 et
1159 830 1379 873 corona
1408 809 1787 872 contumeliae
1813 809 1888 871 ⁷⁸.
1915 808 2064 870 Vide

417 900 900 982 presbyterorum
933 899 1501 980 c0ncilium,canitie
1525 907 1583 961 et
1613 899 1930 979 prudentia
1961 918 2062 959 or-

419 998 719 1067 natorum,
751 989 1138 1052 diaconorum
1189 988 1567 1064 modestiam,
1603 1007 1720 1049 non
1757 989 1960 1067 procul
1993 987 2064 1048 ab

413 1079 624 1142 eodem
639 1077 862 1158 Spiritu
876 1077 1564 1154 remotorum,lectorum
1581 1077 2063 1158 concinnitatem,

417 1167 610 1249 plebis
634 1167 904 1230 discendi
935 1167 1221 1242 studium,
1257 1177 1376 1229 tam
1411 1169 1468 1230 in
1499 1167 1844 1248 viris,quam
1884 1167 1940 1228 in
1973 1168 2065 1228 fe—

415 1255 856 1336 minis,virtutis
887 1257 1120 1320 honore
1153 1257 1419 1338 paribus:
1439 1276 1509 1319 ac
1538 1275 1746 1318 rursus
1779 1258 2061 1330 virorum,

413 1351 529 1407 tam
561 1344 624 1406 in
658 1345 1238 1426 philosophis,quam
1271 1347 1334 1408 in
1367 1345 2062 1427 simplicioribus,0mni-

2148 811 2238 864 καὶ
2292 816 2385 864 τοῦ
2433 808 2693 885 στεφάνου
2725 807 2848 878 (97)
2891 809 2992 874 τῆς
3035 803 3254 885 ὕϐρεως,
3286 803 3412 862 ³¹ιδε
3441 797 3818 880 πρεσϐυτέρων

2149 895 2434 975 συνέδριον,
2469 897 2631 969 πολιᾷ
2685 898 2773 954 καὶ
2835 895 3038 953 συνέσει
3099 893 3470 969 τετιμημένων
3505 888 3647 959 (98),
3683 887 3815 942 δια-

2148 986 2322 1043 κόνων
2373 985 2639 1062 εὐταξίαν,
2707 989 2768 1045 οὗ
2827 984 3005 1064 πόῤῥω
3088 993 3178 1044 τεῦ
3247 985 3402 1041 αὐτοῦ
3475 979 3816 1054 Πνεύματος,

2150 1076 2510 1154 ἆναγνωστῶν
2572 1076 2884 1154 εύκοσμίαν,
2945 1071 3075 1132 λαοῦ
3129 1073 3497 1154 φιλομάθειαν,
3575 1067 3698 1124 ὅσον
3755 1064 3816 1120 ἐν

2149 1165 2419 1245 ἀνδράσιν,
2453 1164 2578 1222 ὅσον
2625 1163 2679 1220 ἐν
2710 1163 2934 1244 γυναιξὶ,
2965 1164 3066 1232 τήν
3120 1163 3311 1242 ἀρετὴν
3339 1161 3618 1234 ὁμοτίμοις
3655 1177 3669 1191 ·
3720 1155 3813 1209 καὶ

2150 1253 2376 1336 ἀνδρῶν,
2437 1254 2562 1311 ὅσον
2609 1254 2664 1310 ἐν
2718 1253 3055 1334 φιλοσόφοις,
3115 1255 3238 1310 ὅσον
3297 1251 3350 1307 ἐν
3402 1246 3815 1336 ἁπλουστέροις,

2148 1351 2278 1402 πᾶσι
2324 1335 2514 1425 σοφοῖς
2545 1345 2610 1401 τὰ
2650 1347 2773 1401 θεῖα
2801 1360 2816 1376 ⁶
2851 1342 2977 1400 ὅσον
3016 1343 3071 1399 ἐν
3105 1340 3389 1422 ἄρχουσιν,
3433 1340 3557 1396 ὅσον
3603 1336 3657 1392 ἐν
3708 1335 3817 1425 ἀρ-

2148 1423 2426 1515 χομένοις,
2489 1435 2707 1490 ἐνταῦθα
2766 1439 2897 1489 πᾶσι
2956 1431 3136 1496 καλῶς
3185 1430 3532 1511 ἀρχομένοις·
3581 1428 3704 1482 ὅσον
3757 1423 3817 1515 ἐν

2151 1509 2522 1602 στρατιώταις,
2586 1522 2714 1579 ὅσον
2763 1521 2820 1578 ἐν
2864 1523 3150 1601 εὖγενέσιν,
3213 1509 3336 1577 ὅσον
3395 1518 3448 1574 ἐν
3503 1516 3682 1595 λόγοις
3725 1509 3819 1569 καὶ

3589 1605 3816 1683 ἡμέροις

3683 1714 3815 1750 πααι

413 1431 526 1494 bus
555 1433 890 1496 divinarum
920 1453 1123 1498 rerum
1157 1435 1451 1515 sapientia
1491 1435 1795 1516 praeditis;
1834 1445 1951 1496 tam
2006 1437 2065 1496 in

416 1523 919 1604 prmfectis,quam
943 1525 1006 1586 in
1039 1524 1316 1600 subditis,
1351 1525 1449 1586 hic
1477 1525 1756 1587 videlicet
1787 1525 2067 1586 omnibus

411 1620 579 1676 recte
609 1611 936 1692 subjectis;
965 1623 1082 1676 tam
1115 1615 1176 1676 in
1209 1614 1527 1694 militibus,
1559 1633 1736 1694 quam
1764 1615 1822 1674 in
1857 1615 2065 1675 nohili-

2151 1616 2269 1692 περὶ
2352 1613 2568 1691 λόγους,
2662 1618 2792 1668 πᾶσι
2883 1614 3013 1668 Θεοῦ
3096 1611 3485 1689 στρατιώταις,

418 1701 554 1777 bus,
589 1720 659 1764 ac
693 1703 975 1765 studiosis
1007 1713 1063 1766 et
1095 1704 1391 1778 litteratis,
1425 1703 1708 1765 omnibus
1738 1704 1843 1765 Dei
1876 1705 2065 1766 militi-

2154 1702 2323 1760 τᾶλλα
2382 1702 2522 1776 (99),
2584 1699 2905 1775 πολεμικοῖς
2947 1701 3078 1779 ὑπὲρ
3141 1699 3442 1772 Ηνεύματοῖ
3509 1695 3623 1776 (1),

422 1795 774 1872 διιε,οωιειέ
797 1793 1038 1872 quidem
1063 1793 1314 1874 placidis
1337 1803 1395 1858 et
1414 1793 1761 1872 mansuetis,
1795 1813 1898 1874 pro
1928 1794 2064 1874 Spi-

2150 1794 2250 1860 τὴν
2310 1793 2420 1850 ἄνω
2477 1795 2671 1868 τιμῶσι
2735 1789 3034 1867 σύγκλητον
3096 1791 3192 1862 (είς
3235 1788 3301 1856 ἢν
3359 1789 3418 1842 οὗ
3475 1788 3536 1843 τὸ
3594 1785 3818 1864 γράμμα

415 1881 533 1943 ritu
546 1890 744 1943 autem
762 1882 1082 1957 bellicosis,
1105 1883 1385 1945 omnibus
1401 1883 1772 1963 superiorem
1794 1894 2064 1944 senatum

2151 1884 2350 1961 εἰσάγει
2381 1884 2442 1939 τὸ
2473 1885 2656 1961 πεζὸν,
2690 1880 2827 1937 ἀλλὰ
2885 1882 2946 1936 τὸ
2999 1887 3290 1951 ζωοποιοῦν
3350 1877 3612 1954 Πνεῦμα),
3649 1875 3819 1931 ἅπασι

428 1975 656 2034 honore
687 1971 1085 2033 efﬁcientibus
1115 1973 1212 2049 (ad
1239 1991 1417 2052 quem
1444 1991 1561 2033 non
1593 1972 1723 2033 vilis
1754 1980 1810 2034 et
1838 1973 2065 2052 abjecta

2152 1972 2354 2052 λογίοις
2411 1975 2484 2038 ὡς
2535 1971 2769 2051 ἀληθῶς,
2837 1971 2924 2026 καὶ
2973 1977 3065 2027 τοῦ
3117 1968 3264 2031 ὄντος
3319 1974 3490 2045 Λογου
3551 1971 3818 2042 θεραπευ-

420 2059 753 2132 littera,sed
784 2061 1084 2123 viviﬁcans
1108 2060 1367 2142 Spiritus
1384 2061 1608 2124 aditum
1633 2062 2065 2142 aperit),omni-

2153 2076 2274 2126 ταῖς
2309 2079 2325 2097 ⁶
2358 2063 2447 2118 καὶ
2501 2059 2790 2140 γυναικῶν,
2840 2058 2964 2114 ὅσον
3020 2059 3122 2115 ὑπὸ
3151 2059 3332 2135 ζυγὸν,
3380 2062 3495 2129 Θεῷ
3528 2054 3733 2130 μᾶλλον
3781 2053 3817 2120 ἢ

425 2148 536 2212 bus
567 2167 712 2214 vere
743 2151 934 2215 doctis
965 2160 1026 2214 et
1055 2153 1326 2228 eruditis,
1386 2171 1453 2214 ac
1484 2151 1662 2215 Verbi
1700 2154 2065 2227 cultoribus;

2159 2153 2311 2228 σαρκὶ
2367 2148 2733 2225 συνδεδεμένον
2799 2146 2905 2222 (2),
2959 2146 3084 2202 ὅσον
3144 2144 3331 2223 ἄζυγον
3381 2148 3468 2200 καὶ
3523 2143 3818 2222 ἐλεύθερον,

419 2247 549 2302 tum
581 2241 760 2302 etiam
804 2240 1066 2315 feminis,
1100 2249 1216 2303 tam
1256 2259 1389 2321 quae
1439 2241 1498 2302 in
1550 2243 2065 2323 matrimoniijugo

2162 2247 2277 2313 Θεῷ
2304 2241 2365 2296 τὺ
2393 2246 2500 2296 πᾶν
2542 2238 2931 2315 καθιερωμένον
2966 2255 2984 2270 ⁶
3036 2235 3160 2292 ὅσον
3212 2235 3266 2291 ἐν
3289 2233 3450 2307 νέοις,
3485 2233 3689 2323 ὅσονέν
3720 2233 3822 2310 γέ·-

418 2331 543 2393 Deo
577 2329 764 2408 magis
793 2348 972 2407 quam
1017 2331 1181 2393 carnl
1211 2331 1476 2394 astricta)
1537 2339 1700 2406 sunt,
1734 2351 1908 2411 quam
1937 2322 2065 2410 qua

2161 2353 2361 2412 ρουσιν,
2388 2331 2463 2385 ῶν
2494 2331 2555 2386 τὸ
2583 2328 2680 2404 μὲν
2711 2329 2795 2384 ἐπὶ
2849 2332 3018 2405 γῆρας
3069 2325 3246 2389 καλῶς
3293 2323 3482 2404 ὁδεύει,
3513 2326 3575 2381 τὸ
3607 2322 3661 2379 δὲ
3691 2323 3822 2412 βιά-

421 2418 762 2499 nuptiarum
792 2428 1066 2500 expertes
1095 2429 1154 2483 et
1179 2420 1535 2496 liberae,Deo
1566 2440 1674 2483 sua
1705 2423 1903 2484 omnia
1939 2442 2065 2484 cont

2160 2411 2303 2491 ζεται
2348 2431 2530 2496 μεῖναι
2592 2417 2874 2493 ἀθάνατον,
2941 2429 3069 2482 ταῖς
3121 2414 3382 2491 κρείττοσι
3430 2415 3536 2471 τῶν
3596 2411 3826 2470 ἐλπίδων

419 2515 780 2592 sacrarunt;
817 2528 887 2572 ac
920 2510 1181 2588 denique
1210 2520 1324 2572 tam
1359 2511 1418 2572 in
1448 2511 1790 2592 juvenibus,
1814 2531 1990 2593 quam
2015 2513 2065 2574 in

2162 2511 2629 2584 ἀνακαινούμενον.

418 2597 692 2673 senibus,
721 2618 975 2680 quorum
1012 2600 1108 2662 alii
1139 2600 1212 2662 ad
1243 2591 1614 2662 senectutem
1650 2591 1933 2682 praeclare
1964 2603 2340 2679 gradiuntur,
2387 2597 2489 2659 alii
2537 2597 2650 2658 vim
2700 2594 3055 2658 adhibentes
3085 2592 3159 2656 ad
3192 2591 3662 2674 comparandum
3697 2591 3824 2653 im-

419 2688 862 2764 mortalitatem,
890 2706 999 2769 per
1029 2691 1312 2752 meliores
1340 2709 1479 2771 spes
1509 2690 1708 2752 animo
1741 2703 2058 2772 conceptas
2099 2694 2486 2755 renovantur.

497 2776 624 2842 Xll.
649 2779 836 2858 Hujus
869 2797 1109 2842 coronae
1136 2780 1323 2858 (quod
1349 2779 1718 2857 loquor,non
1738 2771 2065 2842 secundum

2239 2779 2352 2844 ω’,
2400 2778 2600 2838 Τούτου
2655 2783 2746 2834 τοῦ
2803 2775 3062 2856 στεφάνου
3110 2772 3162 2854 (ὃ
3219 2771 3390 2847 λαλῶ,
3425 2775 3485 2829 0-3
3537 2773 3672 2832 κατὰ
3707 2774 3820 2831 Κύ-

418 2869 743 2931 Dominum
776 2870 1014 2947 loquor,
1050 2870 1157 2932 sed
1203 2879 1401 2931 tamen
1446 2869 1708 2951 loquar),
1747 2870 2065 2932 textoribus

2158 2894 2271 2951 ριον
2302 2868 2476 2939 λαλῶ,
2511 2865 2735 2938 λαλήσω
2766 2865 2820 2922 δὲ
2853 2862 3026 2944 ὅμως)
3059 2863 3210 2942 κάγώ
3239 2885 3290 2920 τι
3334 2863 3694 2951 συνεϐαλόμην
3729 2863 3819 2941 (3)

417 2957 694 3021 nonnihil
719 2961 848 3038 ipse
879 2977 1121 3040 quoque
1153 2957 1504 3038 adjumento
1538 2955 1878 3021 fui.Horum
1903 2959 2065 3037 quis-

2157 2950 2275 3024 τοῖς
2326 2957 2604 3020 πλέκουσι,
2666 2956 2877 3014 Τούτων
2950 2976 3032 3016 τις
3091 2954 3177 3009 καὶ
3257 2958 3363 3009 τῶν
3419 2953 3557 3028 ἐμῶν
3634 2950 3813 3029 λόγων

419 3046 577 3127 piam
597 3064 944 3110 sermonum
971 3067 1216 3128 quoque
1245 3057 1588 3109 nostrorum
1622 3068 1773 3129 opus
1806 3063 1922 3120 est;
1956 3067 2065 3110 non

2159 3049 2336 3128 ἔργον,
2400 3047 2504 3126 οὐχ
2563 3045 2653 3108 οὒς
2710 3044 3019 3124 ἐῤῥίψαμεν,
3053 3041 3200 3152 ’,ἀλλ’
3223 3043 3364 3152 606;,
3396 3043 3757 3120 ἠγαπήσαμεν
3792 3056 3807 3070 ·

419 3153 626 3198 eorum
661 3153 812 3218 quos
843 3147 1074 3198 temere
1095 3136 1476 3217 jactavimus,
1512 3136 1642 3217 sed,
1675 3156 1826 3214 quos
1870 3155 2065 3200 amore

2161 3136 2278 3196 οὐδὲ
2309 3139 2416 3193 τῶν
2467 3141 2752 3215 πορνικῶν,
2801 3135 2873 3199 ὥς
2931 3156 3012 3197 τις
3053 3132 3156 3213 ἔφη
3218 3129 3470 3211 διασύρων
3529 3133 3674 3207 ἡμᾶς
3707 3137 3819 3186 τῶν

419 3225 717 3306 complexi
744 3243 995 3301 sumus;
1027 3244 1140 3288 nec
1194 3226 1672 3288 meretriciorum
1725 3233 1807 3299 (ut
1835 3227 2065 3308 quidam

2160 3227 2370 3305 πύρνων
2413 3226 2502 3282 καὶ
2533 3223 2596 3282 λό
2613 3246 2694 3302 γον
2755 3225 2845 3282 καὶ
2888 3223 3109 3303 τρόπον,
3163 3220 3301 3279 ἀλλὰ
3331 3224 3418 3278 καὶ
3459 3220 3576 3278 λίαν
3604 3222 3824 3301 σωφρό-

420 3331 530 3377 nos
545 3315 942 3396 proscindens
961 3315 1793 3397 dixit,bomo,etsermone,et
1809 3317 2065 3379 moribus

2161 3341 2290 3381 νων,
2352 3316 2564 3374 Τούτων
2609 3313 2686 3378 τίς
2743 3315 2830 3370 καὶ
2880 3320 2973 3370 τοῦ
3029 3312 3161 3389 ἐμοῦ
3236 3311 3538 3388 Πνεύματος
3581 3311 3826 3390 γέννημα

420 3404 1043 3486 meretriciis),verum
1063 3405 1390 3467 admodum
1418 3405 1595 3467 etiam
1620 3407 1882 3485 gravium
1899 3416 1957 3469 et
1973 3428 2065 3489 pu-

2162 3409 2250 3465 καὶ
2307 3407 2534 3486 καρπὸς,
2592 3406 2664 3470 ὡς
2693 3410 2881 3482 γεννᾷν
2925 3400 3041 3459 οἶδε
3102 3408 3311 3477 Πνεῦμα
3367 3403 3490 3465 τοὺς
3520 3402 3825 3458 ἀπανισταο

419 3494 712 3556 dicorum.
767 3493 995 3557 Horum
1029 3494 1329 3575 quispiam
1379 3494 1497 3556 mei
1549 3515 1791 3573 quoque
1822 3494 2065 3577 Spiritu:

2165 3497 2353 3575 μένους
2389 3495 2638 3572 σώματος
2669 3493 2774 3570 (4).
2801 3493 3234 3572 Μαρτυρήσουσιν
3263 3490 3370 3568 (5),
3405 3491 3462 3547 εὖ
3493 3490 3599 3548 οἷδ’
3624 3491 3825 3570 ὅτι,καὶ

417 3584 571 3647 fetus
600 3603 671 3646 ac
698 3583 927 3646 fructus
959 3591 1079 3659 est,
1103 3582 1618 3665 quemadmodum
1669 3586 1926 3664 Spiritus
1951 3604 2065 3662 eos,

2163 3589 2308 3663 ὑμῶν
2337 3607 2383 3642 οι
2417 3584 2771 3663 εὐγνώμονες,
2829 3583 2864 3650 ἢ
2908 3583 3000 3639 καὶ
3033 3581 3254 3653 πάντες,
3315 3580 3430 3637 ἐπεὶ
3490 3581 3580 3637 καὶ
3622 3582 3824 3644 πάντας

418 3674 520 3754 qui
549 3672 819 3736 animum
854 3692 889 3735 a
917 3691 1172 3754 corpore
1226 3673 1627 3748 abduxerunt,
1661 3674 1904 3753 gignere
1933 3695 2065 3739 con-

2166 3677 2584 3756 ἐγεωργήσαμεν
2617 3690 2632 3705 ⁸
2674 3675 2761 3730 καὶ
2793 3674 3008 3751 μισθὸς,
3064 3673 3099 3738 ἡ
3134 3669 3396 3749 ὁμολογία
3425 3671 3590 3746 μόνη.
3625 3673 3698 3730 Οὗ
3728 3673 3826 3750 γὰρ

420 3764 635 3826 suevit.
669 3760 864 3842 Hujus
894 3763 985 3825 rei
1039 3781 1158 3825 non
1192 3762 1401 3824 dubito
1435 3762 1580 3844 quin
1614 3763 2065 3826 candidissimo:

2167 3767 2299 3824 ἄλλο
2351 3789 2401 3822 τι
2448 3765 2826 3844 ἐπιζητοῦμεν,
2872 3762 2908 3831 ἢ
2983 3761 3323 3835 ἐζητήσαμεν
3383 3761 3488 3839 (ὃ).
3554 3758 3825 3838 ’Ἃμισθος

421 3871 696 3933 quosque
723 3862 988 3917 vestrum
1022 3859 1208 3915 testes
1239 3851 1558 3914 habiturus
1587 3853 1726 3928 sim,
1781 3861 1880 3914 aut
1903 3856 2065 3916 etiam

2162 3859 2263 3938 γὰρ
2325 3859 2354 3924 ἧ
2401 3855 2593 3935 ἁρετὴ,
2642 3855 2736 3910 ἵνα
2789 3856 2879 3911 καὶ
2939 3853 3104 3933 ἀρετὴ
3155 3851 3330 3928 μείνῃ,
3381 3853 3514 3930 πρὸς
3570 3853 3634 3909 τὸ
3663 3853 3826 3908 καλὸν

421 3941 1365 4025 omnes,quandoquidemlabore
1388 3953 1594 4004 nostro
1621 3960 1833 4004 omnes
1859 3945 2065 4007 excult.

2160 3947 2324 4025 μόνον
2357 3945 2646 4024 βλέπουσα.

423 4033 564 4098 estis
595 4053 610 4091 :
645 4042 706 4095 et
734 4030 1044 4114 Trinitatis
1071 4030 1394 4112 confessio,
1427 4031 1554 4094 sola
1587 4039 1674 4094 est
1706 4051 1962 4109 merces,
1996 4055 2176 4117 quam
2206 4055 2240 4099 a
2263 4034 2433 4097 vobis
2464 4040 2699 4114 expeto.
2733 4035 2869 4098 Non
2917 4029 3077 4094 enim
3108 4028 3267 4092 aliud
3299 4029 3626 4111 quidquam
3657 4049 3824 4113 quae-

419 4124 638 4201 rimus,
669 4129 771 4183 aut
798 4119 1207 4198 quaesivimus.
1240 4117 1536 4183 Virtutem
1587 4121 1748 4184 enim
1779 4125 2075 4187 mercedis
2108 4132 2416 4209 expertem
2449 4141 2584 4186 esse
2615 4129 2873 4204 Oportet,
2905 4129 2969 4182 ut
2996 4120 3180 4181 virtus
3231 4130 3487 4196 maneat,
3523 4120 3672 4182 nihil
3702 4121 3825 4184 sibi

422 4220 640 4296 praeter
669 4210 892 4272 bonum
916 4211 1106 4290 ipsum
1140 4228 1502 4291 proponens.

505 4298 872 4367 Xlll.Vultis
893 4298 1221 4380 juvenilius
1239 4300 1465 4377 aliquid
1497 4299 1881 4381 adjiciamus?
1900 4303 2065 4364 Vide-

2249 4294 2352 4368 ΙΓ’,
2394 4301 2649 4361 Βούλεσθε
2679 4302 2994 4380 προσθῶμεν
3044 4304 3123 4377 (7)
3153 4323 3204 4357 τι
3263 4301 3350 4356 καὶ
3389 4301 3774 4382 νεανικώτερον
3812 4321 3829 4383 ;

429 4393 586 4456 tisne
608 4390 984 4454 adversaries
1017 4389 1250 4469 linguas
1301 4389 1437 4450 757
1463 4389 1871 4472 mitescentes,
1907 4401 2065 4470 atque

2169 4397 2356 4474 Ὀρᾶτε
2437 4394 2532 4456 τὰς
2616 4391 2853 4454 ἐναντίας
2943 4389 3192 4470 γλώσσας
3273 4393 3665 4472 ἡμερυυμένας,
3741 4393 3836 4450 καὶ

429 4500 558 4560 eos,
595 4481 697 4562 qui
745 4479 1046 4542 Divinitati
1107 4479 1331 4541 bellum
1385 4480 1746 4557 indixerunt,
1785 4481 1931 4542 nihil
1959 4483 2065 4562 jan

2169 4485 2288 4547 τοὺς
2355 4482 2568 4550 θεύτητι
2625 4479 2993 4557 πολεμοῦντας
3055 4483 3191 4555 ἡμῖν
3253 4480 3673 4559 ἡσυχάζοντας;
3736 4484 3835 4541 Καὶ

428 4572 744 4636 turbarum
768 4569 944 4632 nobis
990 4568 1388 4631 lacessentes?
1422 4568 1485 4632 ld
1532 4589 1773 4651 quoque
1803 4571 2061 4650 Spiritus

2169 4583 2323 4634 τοῦτο
2381 4580 2473 4632 τοῦ
2515 4573 2846 4648 Πνεύματος,
2905 4571 2994 4626 καὶ
3053 4571 3211 4627 τοῦτο
3267 4574 3370 4636 τῆς
3421 4571 3681 4650 γεωργίας
3725 4577 3828 4638 τῆς

433 4662 496 4724 id
522 4677 767 4742 quoque
798 4658 1180 4738 agricultura;
1213 4666 1429 4720 nostra;
1460 4665 1572 4722 est.
1607 4662 1741 4722 Non
1766 4661 1924 4721 enim
1957 4660 2065 4722 sint

2172 4662 2458 4742 ἡμετέρας,
2494 4666 2566 4721 Οὐ
2620 4662 2721 4739 γὰρ
2779 4659 3106 4723 ἀπαιδεύτως
3161 4657 3505 4735 παιδεύομεν,
3551 4658 3666 4719 οὐδὲ
3712 4674 3832 4725 ταῖς

434 4749 752 4831 disciplina
772 4747 1206 4823 docemus,nec
1235 4749 1616 4812 adversarios
1635 4749 2018 4813 contumeliis
2035 4770 2065 4813 e

2174 4750 2352 4834 ὕϐρεσι
2380 4750 2673 4830 βάλλομεν,
2727 4747 2858 4827 ὅπερ
2907 4751 3207 4830 πάσχουσιν
3258 4751 3305 4805 οἱ
3357 4748 3572 4824 πολλοὶ,
3626 4749 3704 4826 μὴ
3751 4755 3831 4822 τῷ

518 4898 953 4974 731sa.xxvm,
987 4904 1050 4963 4.

527 5021 653 5104 (97)
678 5029 789 5104 Τοῦ
812 5023 1090 5104 στεφάνου.
1152 5025 1336 5104 B_as,,_
1374 5023 1495 5104 τοὺς
1529 5025 1841 5103 στεφάνους.
1877 5024 2065 5087 Alludi

2178 5025 2586 5103 συνδεδεμένων.

443 5099 768 5184 Gregorius
819 5099 1275 5185 adbac‘verba
1311 5099 1477 5185 Isaias
1531 5099 1742 5185 xxvm,
1794 5105 1818 5165 1
1864 5127 1876 5163 :
1921 5129 1943 5162 α
1997 5105 2065 5167 νε

2263 5105 2351 5185 (3)
2377 5099 2779 5183 Συνεϐαλόμην.
2814 5104 3078 5180 Tillem.,
3113 5102 3503 5182 συνελαϐόμην,

443 5181 680 5269 coronae
711 5183 993 5269 superbia
1021 5181 1207 5269 ebriis
1233 5181 1538 5269 prraim.
1573 5206 1608 5269 ιζ
1719 5181 1737 5269 ξ

2260 5181 2347 5269 (4)
2381 5181 2663 5264 Σώματοςζ
2702 5188 2768 5250 In
2799 5186 3182 5269 quibusdam,
3218 5195 3310 5269 τοῦ
3339 5187 3612 5257 σώματος.

526 5266 647 5347 (98)
679 5263 1085 5342 Τετῖμημένων.
1163 5263 1268 5327 Or.
1337 5265 1376 5322 2
1435 5270 1495 5326 et
1565 5263 1804 5341 Comb.,
1865 5288 2065 5342 τετιμη

2259 5263 2348 5347 (5)
2385 5263 2836 5347 Μαρτυρήσουσιλ,
2901 5268 2958 5325 εὖ
3020 5263 3177 5347 οἶδα.-
3239 5264 3338 5328 Sic
3397 5269 3597 5347 plures
3649 5265 3837 5330 codd.

527 5318 646 5347 \""I
690 5318 1085 5342 ""|“'Ir"""'
1171 5318 1268 5327 ν-·
1339 5318 1375 5322 -
1439 5318 1493 5326 ν-
1573 5318 1804 5341 *ν“···”·)
1879 5318 2057 5342 "nr"-

441 5345 624 5434 μέιεν)
666 5353 1178 5434 ἐζΨδωΞη-ὶ..
1256 5423 1270 5434 .
1372 5422 1387 5434 .

2179 5318 2882 5434 Αιῇςξμῖιξὲιῖῥῇἕῷἓζξζᾷη
2903 5318 3187 5434 pluribus
3217 5318 3596 5434 εἶὲεἶωτᾶξὸὲῐ
3623 5318 3706 5410 εξξ

527 5393 1208 5508 ὡδίτὲλλαῖἳὲζόοὶειτ
1247 5423 1305 5497 1,
1337 5422 1387 5478 τ’
1432 5420 1606 5508 ἄλλα..

2179 5393 2782 5508 ““’ὶὲ)⁸ῖὲῗ;ξῖξηέξοῖζὲζ.’
2810 5393 2882 5490 ἰέ
2907 5393 3697 5507 ἕὸὶᾎέἧῖεζῖτῖἑξηζξέξξιέξζ

522 5502 604 5591 )
630 5502 970 5591 Πνεύματος.
1005 5503 1170 5591 Reg;
1195 5502 1322 5577 bm,
1352 5508 1445 5558 τοῦ
1476 5505 1808 5591 μνεύματος,
1833 5585 1855 5591 _
2023 5584 2036 5591 -

2259 5502 2342 5589 (‘7)
2369 5502 2709 5591 Πρωθῶμεν.
2740 5507 2889 5591 Reg.
2920 5509 3044 5590 bm,
3075 5511 3313 5589 προσθῶ.

522 5522 571 5581 (1
639 5522 970 5580 ιινευματος.
1009 5522 1098 5567 ne
1145 5551 1159 5566 .
1195 5522 1322 5577 Dm,
1352 5524 1445 5558 του
1476 5522 1808 5580 ιινευματος,

522 5522 604 5664 (2)
664 5582 1060 5658 Συνδεδεμένον.
1101 5522 1212 5647 ἓὶϐ
1267 5582 1540 5648 nonnulli
1597 5583 1774 5652 codd.
1830 5585 1898 5652 In
1966 5584 2092 5664 ed.,

2326 5109 2351 5350 ξ
