4150 6392
343 272 464 339 473

1367 276 1648 346 ORATIO
1690 274 1878 341 XLII.
1926 309 2001 321 —
2049 273 2472 337 SUPREMUM
2519 278 2744 341 VALE.

3633 266 3753 332 474

346 416 496 497 λόγῳ
538 419 869 503 μαχόμενοι,
897 434 1018 488 τοῖς
1075 420 1132 478 δέ
1187 418 1427 498 λέγουσι,
1481 419 1570 474 καὶ
1610 416 1709 485 τὴν
1739 414 2011 472 ἀσθένειαν

2115 405 2383 469 :onviciis
2414 406 2793 489 incessimus,
2828 403 3340 503 quemadmodum
3375 401 3645 503 plerique
3663 398 3752 459 fa-

349 506 499 565 ἔστιν
557 508 646 569 ὅτι
672 512 779 567 τῶν
836 511 1109 590 λογισμῶν
1159 522 1283 572 ταῖς
1313 507 1489 588 ὕϐρεσι
1520 503 2004 586 συγκαλύπτοντες⁶

349 597 531 679 ὥσπερ
561 601 654 663 τὰς
704 602 902 668 σηπίας
962 599 1123 678 λόγος
1154 598 1308 674 ἐμεῖν
1364 599 1427 654 τὸ
1493 595 1659 673 μέλαν
1709 595 1806 674 πρὸ
1877 594 2009 649 ἐαυ-

350 694 485 770 τῶν,
515 690 609 746 ’ίνα
664 691 785 754 τοὺς
835 691 1151 769 θηρεύοντας
1212 687 1562 769 διαφύγωσιν,
1595 686 1631 755 ἢ
1676 692 1753 761 τῷ
1808 683 2011 740 λανθα-

355 798 465 834 νειν
490 780 791 858 θηράσωσιν
818 778 927 853 (8),
962 777 1131 836 Ἀλλὰ
1186 780 1248 835 τὸ
1306 778 1427 856 περὶ
1484 775 1707 856 Χριστοῦ
1747 772 2012 847 πολεμεῖν

356 865 652 944 δείκνυμεν,
706 868 762 925 ἐν
811 877 889 945 τῷ
948 869 1218 949 μάχεσθαι
1261 868 1398 925 κατὰ
1441 866 1687 943 Χριστὸν,
1738 864 1828 919 τὸν
1872 864 2013 939 εἰρη-

356 956 502 1014 νικόν
553 979 610 1015 τε
665 961 752 1017 καὶ
806 964 998 1039 πρᾶον,
1029 958 1117 1014 καὶ
1172 959 1266 1021 τὰς
1301 955 1565 1020 ἀσθενείας
1593 955 1751 1031 ἡμῶν
1803 951 2012 1029 βαστάο

360 1070 549 1112 σαντα,
606 1047 736 1107 Οὔτε
791 1049 1130 1128 εἷρηνεύομεν
1184 1047 1321 1105 κατᾶ
1365 1054 1457 1103 τοῦ
1508 1045 1670 1124 λόγου
1717 1044 1817 1110 τῆς
1874 1042 2008 1109 ἄλη·-

359 1137 521 1203 θείας.
575 1138 813 1219 ὑφιέντες
869 1160 920 1195 τι
973 1136 1058 1194 διὰ
1100 1136 1253 1203 δόξαν
1311 1136 1623 1200 ἐπιεικείαςο
1678 1137 1739 1193 οὐ
1780 1134 1881 1212 γὰρ
1911 1153 2012 1189 καυ

360 1232 469 1293 κῶς
526 1229 587 1285 τὸ
636 1226 798 1286 καλὸν
865 1228 1181 1305 θηρεύομενο
1246 1227 1334 1283 καὶ
1385 1225 1719 1305 εἷρηνεύομεν
1779 1222 2014 1297 ἐννόμως

361 1316 688 1395 μαχόμενοι,
752 1318 843 1374 καὶ
914 1314 1052 1373 εἵσω
1109 1316 1214 1373 τῶν
1242 1314 1519 1395 ἡμετέρων
1567 1313 1704 1394 ὅρων
1762 1311 1869 1393 (9),
1928 1312 2016 1367 καὶ

362 1405 596 1463 κανόνων
652 1416 746 1466 τοῦ
798 1406 1132 1481 Πνεύματος.
1199 1404 1320 1482 Περὶ
1350 1403 1446 1479 μέν
1476 1402 1567 1460 οὖν
1622 1402 1823 1460 τούτων
1880 1400 2018 1458 οὕτω

364 1495 632 1575 γινώσκω,
698 1497 784 1553 καὶ
846 1496 1009 1571 νόμον
1071 1496 1253 1571 τίθημι
1280 1500 1410 1550 πᾶσι
1440 1506 1560 1557 τοῖς
1582 1497 1776 1573 ψυχῶν
1805 1492 2018 1548 οἰκονό·

364 1606 510 1664 μοις,
570 1586 658 1641 καὶ
706 1593 799 1643 τοῦ
831 1584 991 1663 λόγου
1041 1586 1265 1664 ταμίαις
1334 1582 1483 1663 (10)·
1520 1585 1659 1659 μήτε
1694 1589 1771 1655 τῷ
1801 1579 2019 1664 σκληρλῷ

2092 495 2407 576 ciunt,n0n
2427 515 2563 559 cum
2589 497 3013 571 sermone,sed
3044 512 3179 556 cum
3205 488 3584 572 loquentibus
3604 505 3755 549 con-

2093 584 2388 666 ﬁigentes,
2420 604 2488 648 ac
2518 587 2813 648 rationem
2834 593 2894 647 et
2912 590 3405 663 argumentorum
3434 576 3753 641 inﬁrmita-

2094 679 2214 736 tem
2249 674 2587 738 maledictis
2620 675 2921 738 interdum
2958 679 3337 751 obtegentes;
3362 688 3481 731 non
3502 666 3758 730 aliterac

2094 765 2291 844 sepias
2323 772 2723 827 atramentum
2759 773 2897 828 ante
2928 782 2995 826 se
3026 778 3268 825 movere
3288 762 3546 829 aiuntut
3570 756 3757 836 pisca-

2097 862 2257 915 tores
2284 854 2592 935 eﬂ‘ugiant,
2615 862 2716 917 aut
2745 855 2890 936 ipsa;
2915 850 3155 915 latendo
3189 857 3503 912 venentur.
3527 844 3751 936 Verum

2097 961 2206 1005 nos
2237 961 2342 1025 pro
2375 933 2608 1006 Christe
2638 933 2861 1006 bellum
2893 961 3106 1022 gerere
3128 941 3241 1004 hoc
3262 946 3607 1018 argumento
3633 933 3752 1025 pla-

2097 1052 2240 1096 num
2274 1033 2546 1111 facimus,
2580 1035 2740 1116 quod
2777 1034 3111 1097 secundum
3146 1027 3576 1109 Christum,qui
3597 1024 3755 1103 mitis

2096 1141 2165 1185 ac
2214 1131 2457 1203 pacatus
2489 1130 2577 1185 est
2614 1122 2689 1200 π,
2726 1131 2903 1203 atque
2946 1120 3325 1184 inﬁrmitates
3353 1124 3583 1179 nostras
3608 1131 3753 1203 por-

2104 1202 2341 1281 tavit“,
2382 1212 2759 1277 dimicamus.
2787 1202 2907 1275 Nec
2938 1211 3122 1284 enim,
3157 1227 3311 1270 verae
3339 1206 3625 1269 doctrina;
3645 1202 3751 1264 de-

2102 1301 2413 1376 trimento,
2448 1303 2577 1383 paci
2607 1304 2939 1376 studemus,
2976 1300 3245 1363 nonnihil
3278 1297 3756 1368 remittentes,ut

2100 1390 2396 1454 facilitatis
2451 1401 2513 1454 et
2563 1392 3032 1455 mansuetudinis
3095 1391 3312 1452 famam
3367 1385 3750 1466 colligamus;

2102 1498 2222 1542 non
2252 1482 2412 1542 enim
2465 1481 2624 1562 quod
2673 1482 2896 1544 bonum
2931 1489 3019 1544 est
3053 1480 3207 1540 male
3257 1491 3664 1556 aucupamur:
3698 1479 3758 1532 et

2102 1588 2338 1633 rursum
2376 1590 2581 1651 pacem
2613 1572 2890 1652 colimus,
2924 1570 3187 1650 legitime
3212 1575 3560 1648 pugnantes,
3582 1572 3757 1643 atque

360 1656 669 1744 1pziuvsw,
724 1667 863 1739 μήτε
911 1656 995 1740 ίτῷ
1052 1656 1450 1739 ὑτέεσταλμένῴ
1504 1656 1862 1743 κατεπαίρειν⁶
1897 1656 2018 1717 ἀλλ’

2115 1660 2266 1722 intra
2295 1660 2515 1723 limites
2549 1670 2784 1723 nostros
2828 1661 3205 1742 Spiritusque
3232 1656 3500 1736 regulam
3527 1658 3758 1744 nosmet

363 1734 616 1833 εὖλόγους
653 1734 810 1812 ⁷εἶναι
865 1734 983 1834 περὶ
1042 1756 1133 1811 τὸν
1175 1734 1359 1832 λόγον,
1407 1734 1682 1832 μηδετέρῳ
1726 1734 1786 1809 τὸ
1829 1752 2019 1830 μέτρον

2115 1752 2602 1814 continentesAc
2632 1751 2706 1812 de
2737 1751 2829 1812 his
2856 1734 3217 1829 quidem-ita
3245 1734 3465 1818 sentio,
3484 1740 3757 1834 cunctis-

364 1841 793 1920 ὑπερϐαίνοντας.

2101 1858 2217 1922 que
2249 1842 2580 1904 animarum
2614 1840 3126 1923 dispensatoribus
3156 1848 3452 1917 rectaeque
3476 1832 3763 1895 doctrinae

366 1931 606 1994 arbitris
636 1933 829 2011 legem
868 1940 1086 2009 statuo;
1122 1940 1184 1995 ut
1215 1951 1324 1995 nec
1352 1951 1459 2014 per
1487 1930 1765 1994 duritiam
1800 1928 2109 1993 hominum
2143 1932 2377 1993 animus
2410 1940 2782 2012 exasperent,
2820 1951 2931 1994 nec
2958 1949 3065 2012 per
3084 1926 3546 1993 submissionem
3578 1924 3766 1985 elatos

375 2030 433 2084 et
465 2022 795 2086 insolentes
848 2021 1131 2102 efﬁciant;
1165 2023 1271 2086 sed
1304 2031 1368 2086 ut
1396 2022 1729 2106 prudenter
1758 2030 1817 2085 et
1846 2019 2118 2084 consulte
2142 2038 2201 2083 1n
2229 2022 2368 2084 ﬁdei
2400 2041 2575 2085 causa
2601 2041 2664 2084 se
2694 2031 2923 2102 gerant,
2968 2041 3078 2084 nec
3111 2021 3174 2082 in
3217 2021 3427 2081 horum
3471 2014 3759 2077 alterutro

372 2112 850 2176 mediocritatem
883 2114 1189 2176 excedant.

450 2202 565 2264 Μ’.
602 2214 699 2262 Δεῖ
728 2203 783 2261 δὲ
813 2202 948 2268 ἴσως
978 2209 1225 2262 ποθοῦσιν
1253 2207 1382 2279 ὑμῖν
1415 2206 1501 2260 καὶ
1533 2206 1624 2261 τόν
1654 2204 1751 2272 τῆς
1793 2204 2021 2264 πίστεως

367 2296 531 2363 αὐτῆς
603 2291 957 2360 ἐπιδείξασθαι
1005 2293 1189 2374 λόγον,
1261 2295 1381 2363 ⁴ὶὶτις
1426 2293 1558 2351 ποτέ
1620 2294 1760 2350 ἐσνιν
1812 2294 1847 2360 ἡ
1904 2290 2021 2350 καθ’

369 2385 534 2460 ἡμᾶς,
609 2381 752 2463 Ἐγώ
795 2405 852 2440 τε
914 2386 1014 2463 γᾶρ
1059 2386 1454 2462 ἁγιασθήσομαι
1510 2390 1588 2457 τῷ
1653 2396 1874 2463 συνεχεῖ
1921 2388 2019 2448 τῆς

372 2475 617 2549 μνήμης·
650 2473 678 2529 ὅ
707 2495 765 2530 τε
796 2477 924 2539 λαὸς
957 2474 1109 2539 οὗτος
1139 2476 1417 2553 ὀνήσεται,
1448 2474 1675 2553 χαίρων,
1711 2472 1867 2553 εἴπερ
1897 2475 1943 2549 (1
1965 2473 2020 2543 1)

371 2561 519 2636 ἄλλῳ
564 2564 687 2641 τινὶ,
750 2576 869 2627 τοῖς
921 2567 1176 2627 τοιούτοις
1232 2563 1441 2643 λόγοις⁸
1484 2563 1571 2619 καὶ
1600 2564 1755 2638 ὑμεῖς
1788 2562 2024 2641 ἐπιγνώ-

374 2656 547 2726 σεσθε,
621 2654 661 2707 ei
721 2654 799 2729 μὴ
858 2654 1035 2729 ματη)
1102 2656 1429 2736 φθονοιόμεθα
1459 2652 1699 2729 (1⁸2),τῆ
1729 2652 2022 2732 φανερώσει

372 2747 472 2809 τῆς
520 2739 791 2816 ἀληθείας,
866 2755 984 2807 τοῖς
1014 2742 1112 2818 μέν
1142 2742 1530 2822 ἁμιλλώμενοι,
1556 2743 1677 2807 τοὺς
1713 2740 1767 2797 δὲ
1805 2742 2025 2821 φθάνον-

370 2852 458 2895 τες
493 2830 644 2911 (l3).
680 2827 900 2911 ’Ὥσπερ
944 2833 1045 2910 γὰρ
1093 2832 1199 2889 τῶν
1258 2832 1493 2912 βρυχίων
1522 2832 1642 2907 tu.)
1670 2830 1895 2904 ὑδάτων,
1957 2831 2025 2888 τὰ

372 2920 471 2997 μέν
528 2921 586 2977 ὲν
639 2922 786 2999 βάθει
854 2923 1141 3000 κρύπτεται
1203 2921 1504 3001 παντελῶς,
1554 2923 1621 2981 τὰ
1670 2920 1725 2978 δέ
1770 2921 2023 3001 πεφλάζει

2185 2203 2343 2264 XIV.
2374 2200 2489 2264 Sed
2513 2203 2636 2282 jam
2669 2202 2920 2264 fortasse
2949 2219 3147 2283 operae
3172 2197 3427 2282 pretium
3454 2203 3545 2257 est
3568 2191 3759 2283 ipsius

2103 2310 2338 2373 quoque
2370 2292 2509 2354 ﬁdei
2539 2292 2895 2366 doctrinam,
2944 2282 3315 2373 quaecunque
3367 2284 3607 2348 tandem
3658 2282 3761 2345 illa

2103 2382 2257 2461 apud
2290 2400 2399 2443 nos
2427 2390 2547 2463 est,
2582 2381 2965 2463 cupientibus
2997 2380 3168 2443 vobis
3200 2373 3669 2447 indicarc.Nam,
3703 2381 3764 2434 et

2105 2470 2234 2551 ipse
2260 2489 2368 2552 per
2397 2472 2985 2533 commemorationis
3013 2470 3421 2533 assiduitatem
3448 2464 3763 2526 sanctitate
3854 2514 3857 2515 ν

2106 2560 2420 2624 alliciamet
2452 2561 2707 2642 p0pulus
2758 2561 2854 2623 hic
2884 2561 3198 2623 utilitatem
3231 2562 3655 2638 consequetur,
3691 2571 3762 2614 ex

2108 2650 2450 2731 hujusmodi
2484 2650 2891 2724 sermonibus,
2925 2651 2976 2713 si
3009 2668 3125 2733 qua
3153 2649 3266 2711 alia
3315 2666 3384 2709 ex
3414 2666 3503 2720 re,
3544 2642 3761 2705 miriﬁ-

2108 2758 2238 2801 cam
2273 2739 2633 2821 voluptatem
2656 2740 2901 2820 capiens
2928 2757 2942 2802 :
2980 2748 3038 2802 et
3065 2757 3167 2801 vos
3186 2734 3623 2818 agnoscetis,an
3641 2750 3761 2793 non

2108 2830 2322 2891 frustra
2359 2830 2536 2892 nobis
2568 2829 2927 2905 invideatur,
2966 2831 3108 2892 dum
3141 2828 3201 2889 in
3223 2822 3651 2889 manifestanda
3672 2839 3765 2883 ve-

2108 2918 2305 3000 ritate,
2365 2919 2504 2981 illos
2552 2918 2792 2999 quidem
2844 2935 3104 2996 aequare,
3139 2918 3286 2979 alios
3316 2934 3455 2978 vero
3484 2922 3762 2975 antever-

371 3002 871 3083 στινοχωροόμενα,
944 3004 1031 3060 καὶ
1093 3004 1193 3070 τὴν
1243 3002 1455 3083 ’ἐκρηξιν
1526 3003 1869 3082 ὑπισχνεῖταὶ
1928 3006 2024 3079 μὶν

2115 3018 2235 3071 tere
2260 3009 2683 3071 contendimus
2740 3008 3251 3084 Quemadmodum
3275 3005 3438 3070 enim
3464 3003 3766 3096 subterra-

367 3104 491 3156 ταῖς
546 3092 761 3163 ἀκοαῖς,
813 3092 995 3168 μέλλει
1031 3091 1085 3149 δὲ
1142 3092 1243 3167 ἔτι,
1304 3093 1370 3148 τὰ
1398 3090 1451 3148 δὲ
1483 3093 1570 3149 καὶ
1616 3090 2018 3171 ἀναῤῥηγνυται·

374 3180 516 3238 οὕτω
575 3183 663 3238 καὶ
720 3186 827 3237 τῶν
870 3181 1297 3263 φιλοσοφούντων
1329 3181 1452 3262 (15)
1486 3184 1603 3256 περὶ
1634 3180 1788 3252 Θεοῦ,
1824 3181 1917 3239 ’ἕνα
1950 3182 2028 3258 μὴ

373 3269 519 3348 λέγω
574 3270 694 3335 τοὺς
765 3270 1041 3333 παντελῶς
1074 3270 1414 3351 ἀγνώμονας,
1450 3272 1497 3327 0i
1528 3270 1625 3346 μὲν
1657 3271 1832 3337 πάντη
1894 3272 1990 3350 κρύ
2010 3305 2025 3316 -

376 3380 494 3441 φιον
549 3360 638 3415 καὶ
706 3357 1063 3419 λανθάνουσαν
1092 3359 1310 3439 ἔχουσιν
1361 3360 1415 3416 ἐν
1484 3359 1697 3425 ’ἑαυτοῖς
1756 3360 1874 3435 (16)
1924 3363 2024 3429 τὴν

374 3447 665 3507 εὐσέϐειαν·
719 3452 768 3505 οἱ
811 3446 867 3505 δὲ
893 3455 992 3517 τῆς
1016 3448 1205 3513 ὠδῖνος
1238 3449 1419 3529 ἐγγὺς,
1455 3449 1569 3507 ὅσοι
1602 3452 1660 3507 τὸ
1688 3450 1787 3526 μὲν
1838 3450 2026 3515 ἀσεϐὲς

374 3561 647 3621 φευγουσι,
709 3540 771 3597 τὸ
800 3536 855 3595 δὲ
916 3537 1127 3605 εὐσεϐὲς
1186 3541 1245 3597 οὐ
1276 3538 1750 3618 παῤῥησιοίζονται,
1799 3541 1912 3597 εἳτε
1942 3543 2026 3599 οἰ-

371 3630 598 3705 κονομίᾳ
646 3630 747 3686 τινὶ
798 3630 1073 3709 χρώμενοι
1131 3630 1250 3708 περὶ
1304 3631 1396 3686 τὸν
1448 3627 1634 3708 λόγον,
1695 3628 1808 3687 εἴτε
1864 3628 2029 3704 δειλίᾳ

371 3720 504 3800 πρὸς
567 3721 723 3776 τοῦτο
783 3721 1224 3801 καταφεύγουσιν
1288 3717 1425 3775 ἀλλὰ
1483 3719 1584 3786 τὴν
1636 3719 1734 3795 μὲν
1796 3717 2029 3779 διάνοιαν

372 3809 719 3887 ὑγιαίνουσιν,
773 3808 848 3873 ὥς
907 3832 1056 3891 φασι,
1100 3812 1187 3867 τὸν
1260 3808 1392 3865 λαὸν
1458 3806 1514 3863 δὲ
1563 3808 1667 3888 οὔχ
1706 3810 2026 3893 ὑγιάζυυσιν,

374 3901 557 3975 ὥσπερ
614 3898 817 3956 ἑαυτῶν
903 3898 999 3955 οὒκ
1041 3898 1220 3957 ἄλλων
1284 3900 1604 3978 προστασίαν
1657 3899 2030 3980 ἐγχειρισθέν-

375 4002 486 4054 τες⁶
522 3991 570 4045 οἱ
601 3987 656 4044 δὲ
716 3990 804 4045 καὶ
861 3986 1235 4064 δημοσιεύουσι
1293 3991 1386 4045 τὸν
1434 3990 1718 4065 θησαυρὸν,
1783 3992 1842 4047 οὗ
1901 3990 2027 4048 015'-

376 4099 564 4156 γοντες
622 4078 720 4145 τὴν
777 4076 943 4135 ὠδῖνα
994 4084 1093 4147 τῆς
1117 4075 1405 4158 εὐσεϐείας,
1437 4075 1554 4133 οὔδε
1582 4080 1645 4135 τὸ
1688 4078 1840 4153 μόνοι
1870 4080 2035 4152 σώζει

379 4170 495 4224 σθαι
541 4167 806 4246 σωτηρίαν
862 4168 1183 4247 νυμίζοντες,
1244 4169 1288 4223 εἰ
1350 4167 1429 4241 μὴ
1460 4168 1547 4223 καὶ
1575 4164 1758 4233 ἄλλοις
1780 4170 1841 4224 τὸ
1871 4169 2034 4227 καλὸν

2115 3114 2245 3159 nea:
2285 3116 2474 3178 aquae,
2526 3098 2735 3178 partim
2794 3098 2855 3158 in
2911 3097 3030 3159 imo
3085 3115 3328 3178 prorsus
3366 3093 3762 3163 occultantur;

2114 3186 2325 3267 partim
2355 3186 2415 3249 in
2449 3188 2753 3264 angustias
2776 3188 3032 3249 redactae
3064 3186 3385 3261 ebulliunt,
3418 3192 3597 3264 atque
3629 3199 3767 3243 eru-

2115 3275 2376 3356 ptionem
2403 3277 2649 3359 jamjam
2675 3278 2919 3355 quidem
2944 3277 3186 3339 auribus
3208 3275 3767 3356 pollicentur,caate-

2113 3384 2243 3427 rum
2302 3367 2497 3429 adhuc
2542 3376 2870 3443 morantur;
2923 3371 3138 3448 partim
3197 3367 3456 3447 denique
3491 3365 3549 3424 in
3582 3361 3763 3423 altum

2112 3457 2535 3538 erumpuntzad
2572 3458 2851 3519 eumdem
2890 3457 3131 3519 modum
3157 3474 3391 3531 eorum,
3415 3453 3516 3535 qui
3538 3454 3614 3515 de
3643 3450 3764 3513 Deo

2113 3546 2611 3627 philosophantur
2658 3551 2752 3622 (ut
2798 3566 2925 3623 eos,
2959 3547 3061 3627 qui
3110 3549 3353 3609 omnino
3409 3539 3671 3624 improbi
3701 3559 3770 3602 ac

2115 3635 2326 3717 perﬁdi
2359 3645 2520 3716 sunt,
2557 3637 2772 3698 missos
2804 3638 3041 3718 faciam)
3078 3637 3179 3699 alii
3211 3636 3471 3699 abditam
3517 3630 3768 3695 omnino

2112 3735 2287 3807 atque
2327 3726 2620 3789 occultam
2654 3726 2767 3789 sibi
2800 3727 2944 3807 ipsis
2974 3727 3253 3808 pietatem
3304 3726 3558 3799 habent;
3603 3720 3705 3783 alii
3736 3737 3769 3783 a

2116 3824 2320 3895 partus
2339 3816 2648 3878 doloribus
2668 3836 2785 3878 non
2810 3817 2984 3897 longe
3010 3817 3246 3891 absunt,
3278 3815 3317 3877 ii
3352 3809 3770 3891 nimirum,qui

2114 3904 2484 3986 impietatem
2509 3906 2647 3967 758
2665 3906 2909 3989 quidem
2936 3906 3302 3987 fugiunt,sed
3329 3905 3602 3985 pietatem
3626 3900 3772 3962 Iibe-

2114 4014 2180 4057 ro
2203 4004 2385 4073 atque
2429 3996 2726 4078 intrepido
2762 3997 2962 4059 animo
2990 3997 3237 4058 minime
3275 3994 3619 4076 praedicant,
3646 3989 3771 4051 sive

2116 4086 2362 4148 consilio
2396 4088 2653 4168 quodam
2689 4088 2748 4148 in
2783 4087 2920 4149 ﬁdei
2953 4088 3226 4150 doctrina
3256 4091 3516 4158 utentes,
3541 4081 3666 4143 sive
3688 4078 3766 4142 ob

2118 4184 2340 4236 metum
2388 4185 2564 4257 atque
2606 4178 2897 4257 ignaviam
2951 4197 3022 4241 eo
3072 4177 3526 4256 confugientes;
3564 4189 3769 4234 verum

380 4254 774 4337 ὑπερϐλύσειεν.
839 4256 963 4313 Μεθ’
1042 4261 1117 4314 ὧν
1171 4259 1279 4336 ἒγὼ
1363 4256 1678 4331 ταττοίιιην,
1742 4261 1777 4329 ἥ
1837 4258 2024 4325 οἵτινες

2118 4264 2317 4325 animo
2349 4254 2592 4346 quidem
2635 4254 2704 4328 vet
2752 4275 2951 4329 mente
3002 4267 3129 4329 sani
3163 4254 3324 4342 sunt,
3358 4272 3421 4325 ut
3449 4263 3769 4335 afﬁrmant,

378 4334 500 4425 μετὀ
569 4348 701 4435 ἒμοῠ
752 4346 848 4415 τὴν
889 4345 1057 4415 καλὴν
1099 4334 1303 4423 τόλμαν
1376 4344 1686 4421 τολμῶντες
1744 4346 2024 4428 ὁμολογεῖν

2120 4334 2400 4417 caeterum
2426 4354 2622 4435 plebis
2643 4355 2880 4418 sanitati
2898 4356 3146 4418 minime
3177 4334 3772 4432 consulunt,perinde

382 4436 485 4504 τὴν
514 4433 802 4499 εὖσέϐείαν,
820 4498 825 4499 γ

2120 4452 2298 4525 atque
2333 4446 2441 4527 ipsi
2464 4464 2621 4521 sese,
2658 4465 2775 4507 non
2800 4446 2942 4508 item
2976 4448 3146 4525 alios,
3181 4464 3303 4507 suaa
3337 4461 3493 4505 cura:
3536 4460 3605 4503 ac
3632 4440 3775 4501 ﬁdei

382 4523 742 4617 commissos
761 4524 1041 4605 habeant;
1073 4524 1171 4587 alii
1203 4542 1345 4587 vero
1379 4523 1723 4617 thesaurum
1756 4544 1992 4617 quoque
2018 4532 2079 4595 in
2114 4523 2378 4595 medium
2415 4536 2749 4616 proferunt.
2786 4536 3019 4617 pietatis
3052 4523 3261 4607 fetum,
3316 4532 3771 4614 parturientium

385 4614 600 4687 instar.
634 4614 898 4678 relinel'e
928 4622 1323 4698 nequeuutes,
1379 4631 1515 4689 nec,
1569 4613 1727 4693 quod
1773 4614 1885 4676 soli
1936 4617 2051 4700 ipsi
2096 4622 2345 4685 salutem
2406 4613 2868 4707 consequantur,
2917 4627 3165 4690 salutem
3203 4613 3628 4692 existimantes,
3665 4618 3779 4680 nisi

462 4736 528 4787 74
555 4736 764 4798 Matth.
799 4736 1008 4812 31,?9.
1096 4735 1287 4800 7515a.
1319 4751 1448 4810 LIII,
1480 4733 1542 4797 4.

466 4841 693 4941 (8)-’ὶΗ
753 4866 828 4933 τῷ
903 4858 1179 4917 λανθάνειν
1217 4857 1575 4941 θηράσωσιν.
1606 4875 1663 4941 ἰι
1726 4855 1865 4941 Aut_
1899 4856 2045 4941 ipsa

391 4934 634 5004 latendo
663 4946 982 5015 venentur;
1018 4964 1044 4997 η
1081 4960 1151 5002 ac
1180 4939 1233 5004 si
1263 4934 1459 5019 escam
1490 4934 1750 5019 rapiant,
1775 4938 1867 4998 cui
1899 4934 2045 5019 ipsae

385 5027 598 5084 venatu
647 5019 1033 5086 insidiantur.
1082 5020 1291 5085 Billius
1336 5016 1503 5099 legit,
1537 5015 1615 5099 10
1646 5015 1943 5099 λανθάνειν,
1975 5039 2043 5083 ac

386 5099 583 5183 reddit
614 5116 628 5162 :
672 5123 698 5155 α
732 5110 835 5162 aut
865 5110 1254 5183 conspectum
1304 5096 1422 5162 sui'
1445 5096 1533 5160 eis
1597 5096 2038 5182 (piscatoribus)

390 5181 664 5245 eripiant.
700 5201 729 5241 ›

470 5199 797 5341 igllaaiipziv.
834 5261 1048 5324 Plures
1087 5260 1291 5337 codd.,
1324 5262 1525 5341 νάιὲων·
1564 5257 1631 5341 1}!
1658 5257 2033 5341 quibusdam,

386 5337 544 5425 ὅρων,
574 5337 895 5425 καῖ’νόμων,
929 5345 1016 5400 καὶ
1044 5344 1304 5405 κανόνων,
1345 5365 1373 5397 ι
1405 5339 1568 5403 Intra
1589 5337 1829 5421 limites,
1863 5348 1922 5403 et
1948 5343 2038 5404 le-

387 5422 511 5505 ges,
545 5432 606 5486 et
636 5422 899 5504 regulas.

471 5497 591 5587 (ῘΟ)
624 5497 800 5587 ᾼόγου
828 5506 1068 5587 ταμίαις.
1107 5525 1132 5562 ι
1170 5501 1352 5566 Verbi
1400 5497 1709 5587 ministris,
1746 5522 1770 5557 ο
1827 5500 2043 5583 quibus

388 5580 1022 5666 erogandae'doctrinza
1051 5602 1270 5649 munus
1297 5580 1694 5666 commissuru-
1723 5587 1839 5642 est.

467 5659 539 5747 (Ῐ)
578 5665 768 5749 Εἴπερ.
804 5664 930 5736 Duo
962 5669 1145 5752 Regg.
1176 5673 1238 5732 et
1279 5671 1403 5731 tres
1432 5660 1630 5740 Colb.,
1662 5659 1819 5743 ἤπερ.

2208 4864 2329 4948 (1
2364 4867 2698 4941 Φθονούμεθα
2732 4866 2882 4948 Beg.
2921 4865 3043 4939 bm,
3076 4868 3451 4948 ἑφθονούμεθα.

2212 4943 2338 5025 (13)
2373 4948 2690 5009 Φθάνοντες.
2725 4943 2928 5021 0:32,
2976 4943 3286 5025 φθάνοντας.

2212 4973 2315 5025 uo
2373 4973 2690 5009 ψσανοντες.
2725 4973 2829 5020 ur,
2866 4973 2928 5021 Ζ,
3013 4973 3286 5009 οανοντας.

2206 5028 2223 5106 (
2378 5025 2715 5112 Βρυχίωνᾷη
2749 4973 3133 5112 quibusdam,
3164 5026 3523 5112 ὑποϐρυχίων.
3763 5100 3775 5112 ⁸

2209 5104 2333 5184 (15)
2361 5104 2823 5193 (ξίλδέῖφούντῳν.
2868 5105 3004 5170 Haec
3025 5104 3579 5193 Aexponit‘i‘licet'ls,
3612 5104 3779 5193 quasi

2124 5186 2201 5248 de
2231 5187 2509 5250 omnibus
2542 5184 2603 5248 in
2635 5187 2977 5250 universum
3011 5184 3367 5251 Christianis
3413 5205 3448 5246 a
3497 5184 3779 5261 Gregorio

2123 5267 2305 5349 dicta.
2340 5268 2563 5333 Verum
2596 5268 2673 5349 de
2704 5268 3036 5348 pastoribus
3066 5287 3134 5349 ac
3163 5265 3459 5349 praefectis
3488 5262 3776 5349 ecclesia—

2126 5348 2294 5430 sticis
2326 5356 2567 5430 tantum~
2587 5342 2744 5409 dicta
2774 5366 2905 5409 esse
2929 5342 3433 5430 liquido'coustat,
3467 5352 3532 5406 et
3561 5342 3779 5426 cuique

2127 5428 2347 5509 legenti
2374 5428 2900 5509 rmanifestumgest.

2163 5502 2336 5651 ait”)
2370 5508 2457 5570 Ἐν
2491 5512 2729 5575 ἐλυτοϊς.
2764 5507 2860 5573 Sic
2892 5506 3179 5593 permulti
3210 5505 3387 5575 codd.
3423 5505 3601 5570 Deest
3630 5503 3685 5560 ἒν
3718 5502 3783 5568 in

2205 5608 2225 5651 ι
2257 5638 2273 5651 .

2126 5598 2273 5654 Odit.
