4150 6388
300 269 427 336 477

1313 273 1597 337 ORATIO
1638 272 1829 336 XLII.
1873 305 1951 318 —
1994 268 2421 337 SUPREMUM
2467 274 2692 338 VALE.

3585 276 3705 344 478

294 402 439 485 ἔχει,
486 403 554 462 -ἕν
597 426 656 463 τε
697 404 918 481 ὀνόμασι
950 407 1041 464 καὶ
1069 407 1375 486 πράγμασιν
1414 403 1592 487 (οἶδας
1624 408 1651 464 ὁ
1681 406 1943 484 μυηθείς)·

2063 411 2221 480 :tum,
2251 406 2517 488 ejusdem
2545 406 2891 471 substantia
2926 415 2985 469 et
3014 408 3256 488 gloria;
3301 409 3360 472 in
3395 411 3611 492 quibus
3640 420 3702 474 et

291 493 514 575 ἄρνησις
572 492 632 550 ὅν
691 494 896 577 ἆθεῖας,
958 497 1046 553 καὶ
1077 494 1338 575 ὁμολογία
1378 497 1654 571 θεότητος,
1691 500 1779 555 καὶ
1814 498 1954 557 οὕτω

288 585 734 663 καταρτιζόμεθα⁶
789 584 851 643 τὸ
909 585 1007 659 μὲν
1067 583 1147 659 ἔν,
1179 584 1247 661 τῇ
1277 586 1425 659 οὐσίᾳ
1454 584 1831 664 γινώσκοντες,
1865 579 1955 643 καὶ

294 680 373 749 τῷ
442 673 711 752 ἀμερίστῳ
782 677 881 743 τῆς
938 675 1371 755 προσκυνήσεως
1445 676 1512 733 τὰ
1566 673 1619 731 δὲ
1679 677 1953 751 τρία,ταϊς

292 763 673 839 ὒποστάσεσιν,
734 762 914 821 εἴτουν
971 767 1303 844 προσώποις,
1338 766 1366 820 ὃ
1435 787 1542 822 τισι
1573 764 1748 846 φίλον,
1805 767 1955 836 Μηδὲ

296 853 396 932 γὰρ
448 854 496 909 οἱ
566 855 687 932 περὶ
770 860 934 910 ταῦτα
964 860 1394 935 ζυγομαχοῦντες
1448 853 1952 935 ἄσχημονείτωσαν,

297 942 481 1022 ὥσπερ
529 942 585 998 ἐν
618 939 750 1022 (27)
821 942 1042 1018 ὀνόμασι
1074 943 1327 1018 κειμένης
1348 944 1489 1019 ἡμῖν
1519 949 1621 1012 τῆς
1666 944 1953 1025 εὐσεϐείας,

299 1030 420 1088 ἀλλ’
495 1033 589 1088 οὒκ
659 1031 715 1089 ἐν
776 1032 1074 1111 πράγμασι.
1134 1034 1195 1091 Τί
1259 1033 1361 1112 γάρ
1414 1056 1544 1113 φατε
1576 1036 1621 1090 οἱ
1668 1036 1764 1097 τὰς
1810 1048 1957 1114 τρεῖς

297 1121 616 1185 ὑποστάσεις
672 1122 1001 1203 εἰσφέροντες
1036 1142 1051 1203 ς
1117 1123 1194 1198 μὴ
1228 1136 1376 1201 τρεῖς
1409 1122 1587 1187 οὐσίας
1638 1123 1959 1201 ὑπολαμϐά-

277 1233 477 1278 νοντες
532 1220 691 1272 τοῦτο
752 1211 951 1291 λέγετε
975 1211 1144 1293 (‘28);
1203 1212 1352 1291 Μέγα
1427 1211 1557 1286 οἶδ’,
1609 1212 1689 1270 ὅτι
1736 1215 1955 1291 βοήσετε

293 1302 435 1359 χυτὰ
481 1308 587 1358 τῶν
658 1302 825 1367 οὕτως
873 1301 1251 1382 ὑπειληφότων
1308 1300 1454 1381 (29).
1512 1303 1647 1360 Μίαν
1700 1306 1800 1384 γὰρ
1872 1305 1960 1362 καὶ

297 1391 396 1459 τὴν
459 1391 627 1459 αὐτὴν
683 1396 789 1447 τῶν
811 1398 971 1471 τριῶν
999 1389 1340 1469 δογματίζετε
1398 1393 1460 1450 Τί
1487 1389 1566 1449 δαὶ
1600 1395 1646 1450 οἱ
1688 1395 1754 1450 τὰ
1797 1394 1960 1474 πρόσ-

291 1502 420 1538 ωπα
455 1499 472 1561 ;
508 1480 585 1556 μὴ
634 1480 710 1553 ἔν,
772 1480 894 1537 οἷόν
961 1503 1011 1537 τι
1086 1480 1355 1556 σύνθετον,
1414 1479 1808 1554 ἀναπλάσσετε,
1871 1484 1957 1540 καὶ

286 1571 667 1649 τριπρόσωπον
695 1567 848 1650 (30),
920 1569 956 1638 ἢ
985 1570 1436 1649 ἀνθρωπόμορφον
1469 1568 1607 1631 ὅλως
1644 1589 1659 1645 ς
1696 1571 1952 1651 ’¹Λπαγε,

292 1660 383 1717 καὶ
443 1661 601 1735 ὑμεῖς
664 1657 1032 1735 ἂντιὸοήσετε,
1102 1659 1239 1735 μηδὲ
1294 1660 1607 1739 πρόσωπον,
1641 1660 1669 1717 ὅ
1724 1663 1775 1718 τί
1828 1662 2019 1751 ποτέΒ

293 1748 462 1805 ἔστιν.
522 1747 633 1805 ἴδοι
691 1756 844 1805 Θεοῦ-
881 1747 938 1805 ὅς
972 1748 1140 1805 οὕτως
1173 1748 1314 1805 ἕνει-
1350 1750 1411 1805 Τί
1444 1749 1533 1805 οὖν
1575 1751 1712 1805 ἡμῖν
1740 1754 1792 1805 αἱ
1821 1753 1837 1805 ί

324 1770 462 1823 στιν,
522 1751 633 1806 ἴδοι
691 1756 845 1829 Θεοῦ,
881 1751 938 1812 ὅς
972 1751 1140 1813 οὕτως
1173 1751 1314 1830 ἔχει,
1350 1751 1411 1808 Τί
1444 1751 1533 1806 οὖν
1575 1751 1712 1825 ἡμῖν
1740 1754 1792 1808 αἱ
1821 1753 1955 1808 ὑπο-

2039 494 2332 577 baptismo
2365 516 2471 559 sua
2501 497 2788 579 profectio
2813 506 3062 571 constat,
3086 505 3202 560 tam
3238 498 3299 562 in
3334 501 3701 577 nominibus,

2042 602 2218 666 quam
2278 586 2341 647 in
2383 586 2562 649 rebus
2619 587 2774 667 (haec
2825 606 2944 649 non
2993 588 3258 669 ignoras,
3309 588 3579 671 quisquis
3626 609 3697 653 eo

2039 674 2329 737 initiatius
2361 677 2479 757 es);
2514 676 2737 759 quippe
2761 678 2918 759 quod
2951 677 3275 759 impietatis
3298 677 3617 760 abjuratio,
3643 686 3701 741 et

2041 763 2360 827 divinitatis
2381 766 2680 829 confessio
2711 767 2996 845 sit,atque
3019 768 3099 829 ita
3132 768 3694 847 perﬁcimur;unum

2040 853 2282 935 quidem
2316 855 2510 935 quoad
2546 856 2869 918 essentiam
2911 876 2979 919 ac
3026 857 3334 919 divisionis
3365 858 3562 920 omnis
3592 877 3688 922 ex-

2043 948 2271 1022 pertem
2308 943 2739 1022 adorationem,
2766 945 3111 1020 credentes;
3149 947 3258 1009 tria
3281 955 3701 1028 autem,quan-

2043 1040 2165 1093 tum
2200 1032 2270 1095 ad
2306 1032 2671 1116 liypostases,
2699 1038 2819 1097 sive
2852 1054 3159 1115 personas,
3191 1045 3252 1097 ut
3278 1036 3551 1098 nonnulli
3575 1056 3702 1100 ma-

2044 1122 2838 1206 lunt.Desinantenim,quid
2860 1124 2932 1187 de
2956 1125 3291 1188 hisinterse
3304 1126 3695 1204 contendunt,

2043 1212 2583 1293 ineptire,perinde
2615 1234 2681 1276 ac
2708 1215 2756 1276 si
2788 1216 2924 1277 ﬁdei
2958 1224 3174 1278 nostrae
3205 1215 3392 1294 pietas
3412 1215 3471 1277 in
3500 1216 3698 1278 nomi-

2044 1302 2242 1385 nibus,
2279 1322 2397 1365 non
2425 1304 2486 1365 in
2517 1304 2723 1379 rebus,
2749 1305 3057 1367 consistat.
3089 1304 3244 1380 Quid
3278 1305 3437 1368 enim
3472 1306 3693 1383 dicitis,

2044 1392 2145 1473 qui
2172 1399 2293 1453 tres
2314 1392 2674 1472 hypostases
2697 1393 2951 1458 aifertis?
2969 1394 3057 1455 An
3082 1394 3194 1456 hoc
3211 1413 3280 1456 eo
3305 1394 3694 1477 dicitis,quod

2040 1488 2161 1544 tres
2192 1483 2479 1544 essentias
2512 1484 2893 1547 existimetis?
2939 1487 3073 1547 Non
3107 1492 3197 1545 est
3226 1485 3385 1564 apud
3438 1503 3532 1546 me
3580 1485 3698 1546 du-

2041 1571 2228 1651 bium,
2273 1573 2414 1654 quin
2460 1574 2745 1636 adversus
2782 1592 2907 1656 eos,
2941 1574 3041 1655 qui
3073 1573 3154 1635 ita
3186 1574 3549 1646 existimant,
3600 1574 3694 1635 in-

2040 1669 2280 1741 gentem
2312 1663 2633 1724 clamorem
2674 1663 2985 1726 excitaturi
3019 1664 3170 1725 sitis.
3207 1662 3394 1725 Unam
3447 1663 3608 1725 enim
3644 1670 3701 1724 et

2042 1751 2312 1813 eamdem
2364 1753 2575 1814 horum
2612 1753 2785 1815 trium
2805 1752 3124 1815 essentiam
3150 1752 3699 1834 proﬁtemini.Quid

293 1838 513 1898 στάσεις
571 1836 873 1915 βούλονται,
932 1839 967 1904 ἢ
1026 1840 1155 1914 ὑμῖν
1199 1841 1265 1894 τα
1296 1836 1427 1918 (31)
1460 1839 1748 1917 πρόσωπας
1785 1861 1957 1916 προσ-

2063 1859 2168 1921 ros,
2203 1841 2301 1922 qui
2328 1860 2613 1921 personas
2645 1841 2875 1905 dicitis?
2902 1841 3053 1904 Num
3086 1862 3296 1918 unum,
3331 1842 3489 1904 velut
3519 1841 3698 1925 quid-

297 1929 565 2007 ερήσομαι
598 1928 722 2007 γάρ.
801 1929 873 1987 Τὸ
900 1930 1017 2007 τρία
1100 1928 1243 1985 εἶναι
1273 1929 1339 1985 τὰ
1370 1925 1735 2007 διαιρούμενα,
1773 1931 1833 1987 οὒ
1857 1928 1959 2011 φό-

2063 1930 2179 1994 lam
2238 1934 2652 2013 compositum,
2706 1932 2905 1995 animo
2940 1933 3185 2013 ﬁngitis,
3234 1952 3305 1995 ac
3342 1940 3462 1996 tres
3492 1932 3697 2008 facies,

290 2039 470 2097 σεσιν,
531 2015 653 2075 ἀλλ’
697 2016 975 2086 ἰδιότησιν.
1038 2018 1322 2097 ’Υπὲρευγε
1375 2018 1517 2095 (32)·
1555 2024 1676 2082 Πῶς
1707 2016 1769 2073 ἄν
1821 2041 1959 2083 τινες

2063 2028 2150 2083 tut
2180 2020 2500 2083 humanam
2526 2021 2771 2083 omnino
2795 2020 3047 2083 formam
3082 2021 3339 2085 habens?
3369 2020 3563 2085 Absit!
3587 2020 3702 2102 ipsi

286 2120 651 2189 συμφρονοῖεν
714 2105 830 2179 (33)
858 2105 1061 2182 μᾶλλον
1112 2109 1201 2165 καὶ
1250 2109 1312 2164 τὸ
1355 2108 1483 2164 αὗτὸ
1513 2105 1742 2186 λέγοιεν,
1858 2108 1955 2165 08-

2063 2128 2280 2191 luoque
2304 2111 2853 2186 inclamabitis,nec
2886 2112 3097 2174 faciem
3128 2111 3371 2192 quidem
3397 2111 3525 2185 Dei,
3554 2130 3707 2192 qua-

277 2220 399 2262 τως
422 2188 689 2278 ἔχοντες,
750 2197 848 2254 κᾶν
877 2210 1001 2264 ταῖς
1037 2195 1328 2261 συλλαϐαῖς
1360 2195 1674 2276 διαφέρωσιν
1713 2217 1729 2274 ;
1770 2188 1953 2278 Ὀρᾶτε

2063 2188 2277 2280 Ξυηᾲυε
2312 2202 2551 2264 tandem
2578 2201 2678 2263 illa
2710 2214 3095 2283 est,unquam
3132 2188 3233 2262 ille
3264 2188 3592 2282 videat,qui
3625 2200 3706 2262 ita

283 2302 413 2353 οῖος
467 2287 577 2368 ἐγὼ
606 2286 929 2356 διαλλακτὴς
999 2290 1154 2363 ὑμῖν,
1200 2289 1330 2364 πρὸς
1388 2288 1480 2344 τὸν
1523 2294 1642 2345 νοῦν
1672 2286 1815 2367 ἄγων
1847 2289 1953 2346 ἀπὸ

2063 2289 2246 2351 sentit.
2285 2291 2438 2364 Quid
2489 2291 2692 2374 igitur,
2730 2299 2793 2353 ut
2832 2291 3206 2371 interrogare
3238 2308 3503 2372 pergam,
3534 2289 3699 2351 vobis

284 2388 387 2438 τοῦ
415 2378 753 2457 γράμματος,
787 2376 967 2456 ὥσπερ
997 2378 1098 2446 τὴν
1129 2376 1368 2434 Παλαιὰν
1394 2381 1482 2434 καὶ
1510 2378 1608 2444 τὴν
1642 2377 1803 2439 Νέαν,

2063 2386 2385 2458 typostases
2416 2382 2647 2461 volunt,
2680 2389 2785 2444 aut
2816 2381 2986 2443 vobis
3039 2399 3311 2463 personas
3333 2387 3360 2443 ?
3408 2378 3701 2441 Nimirum

294 2466 412 2529 tria
441 2484 600 2541 esse,
638 2484 775 2548 quae
796 2465 1157 2541 dividantur,
1191 2484 1308 2527 non
1343 2465 1593 2539 naturis,
1628 2465 1735 2530 sed
1762 2464 2243 2547 proprietatibus.
2281 2470 2537 2551 Optime.
2573 2472 2667 2534 An
2716 2470 2845 2532 ﬁeri
2895 2477 3114 2551 potest,
3148 2478 3209 2530 ut
3242 2470 3481 2551 quidam
3516 2469 3705 2549 magis

294 2556 460 2618 inter
484 2572 551 2617 se
580 2554 967 2633 concordent,
1002 2563 1179 2636 atque
1200 2554 1357 2616 idem
1382 2555 1600 2629 dicant,
1638 2574 1814 2637 quam
1842 2573 1977 2617 cum
2030 2554 2110 2618 ita
2150 2559 2432 2629 sentiunt,
2472 2561 2703 2621 tametsi
2745 2558 2967 2640 alioqui
3029 2558 3269 2641 syllabis
3311 2558 3704 2638 discrepent?

301 2644 523 2711 Videte
546 2644 782 2725 qualem
813 2643 981 2706 vobis
1011 2644 1451 2726 paciﬁcatorem
1487 2661 1581 2706 me
1615 2643 1933 2725 praebeam,
1964 2662 1999 2706 a
2031 2644 2227 2708 littera
2274 2648 2347 2711 ad
2396 2656 2656 2711 mentem
2713 2646 3051 2729 traducens,
3114 2646 3616 2730 quemadmodum
3649 2645 3702 2709 si

300 2734 446 2817 quis
466 2732 654 2798 Vetus
675 2732 1122 2797 Testamentum
1148 2742 1206 2797 et
1238 2732 1460 2795 Novum
1494 2742 1811 2816 componat
1839 2742 1900 2797 et
1931 2737 2229 2799 conciliet.

379 2821 481 2886 lZ'.
532 2823 685 2882 Ἀλλ’
719 2825 996 2884 ἐπανιτέον
1054 2847 1144 2902 μοι
1172 2824 1333 2881 πάλιν
1363 2826 1492 2905 πρὸς
1528 2823 1647 2905 (34)
1677 2827 1769 2882 τὸν
1801 2827 1954 2885 αὒνὸν

2120 2832 2258 2892 760
2304 2830 2487 2895 XVII.
2546 2830 2663 2895 Sed
2736 2850 2850 2904 eo,
2908 2830 3068 2892 unde
3130 2829 3386 2911 digressi
3443 2847 3699 2910 sumus,

285 2914 477 2995 λόγον.
553 2915 624 2974 Τὸ
682 2915 781 2990 μὲν
840 2916 929 2973 οὖν
958 2914 1273 2995 ἀγέννητον,
1307 2917 1394 2971 καὶ
1448 2916 1510 2972 τὸ
1558 2915 1837 2994 γεννητόν,
1865 2915 1955 2972 καὶ

2063 2920 2417 2983 'edeundum
2447 2932 2559 2987 est.
2620 2920 2923 3002 Ingenitus
2963 2920 3230 3003 quidem,
3260 2930 3318 2981 et
3352 2918 3611 3000 genitus,
3645 2928 3703 2980 et

281 3006 351 3063 τὸ
412 3004 736 3083 ἑκπορευτὸν
793 3003 1031 3085 λεγέσθω
1088 3026 1146 3061 τε
1177 3006 1263 3061 καὶ
1320 3006 1556 3077 νοείσθω,
1611 3004 1665 3060 εἴ
1694 3026 1773 3078 τῳ
1804 3003 1955 3086 φίλον

2063 3012 2394 3082 irocedens,
2429 3012 2706 3074 dicantur
2760 3031 2903 3074 sane
2947 3018 3007 3073 et
3036 3010 3463 3087 intelligantur,
3513 3008 3564 3071 si
3608 3009 3704 3071 cui

283 3093 646 3172 δημιουργεῖν
744 3095 1004 3170 ὀνόματα’
1063 3095 1122 3151 οὗ
1204 3094 1304 3173 γὰρ
1364 3092 1628 3169 δείσομεν,
1691 3095 1768 3169 μή
1824 3115 1954 3151 ποτε

2063 3102 2283 3163 nomina
2315 3103 2540 3183 ﬁngere
2572 3102 2905 3165 libeatznon
2940 3100 3098 3162 enim
3132 3099 3579 3181 verebimur,ne
3606 3117 3701 3173 ea,

289 3184 483 3253 νοῆται
517 3183 642 3263 (35)
714 3188 1034 3274 σωματικῶς
1088 3185 1155 3241 τὰ
1212 3184 1473 3260 ἀσώματα
1525 3182 1672 3263 (36),
1705 3182 1836 3274 ᾇπερ
1859 3183 1952 3240 δο-

2063 3211 2171 3273 luaa
2202 3182 2453 3274 corpore
2488 3201 3023 3272 carent,corporeo
3059 3189 3234 3251 modo
3267 3189 3700 3269 intelligantur,

289 3285 385 3331 κεῖ
433 3286 555 3339 τοῖς
585 3273 945 3355 ὲπηρεασταῖς
981 3273 1106 3355 (37)
1136 3275 1415 3342 θεότητος.
1470 3276 1678 3350 Κτίσμα
1712 3272 1793 3354 δὲ,
1828 3282 1960 3333 Θεοῦ

2063 3272 2544 3363 μιθῐῐιεάίηοῑίυιη
2588 3283 2659 3345 iis
2684 3284 2901 3365 placet,
2933 3281 3035 3363 qui
3087 3279 3298 3343 Deitati
3346 3278 3703 3341 calumniam

295 3362 402 3439 μὶν
454 3360 712 3442 λεγέσθω·
776 3364 914 3443 μέγα
984 3366 1088 3444 γὰρ
1150 3364 1287 3438 ὴμῖν
1368 3365 1457 3421 καὶ
1499 3371 1675 3421 τοῦτο·
1714 3365 1844 3427 Θεὸς
1876 3362 1956 3443 δὲ,

2065 3360 2330 3435 inferunt.
2356 3373 2428 3433 At
2462 3360 2757 3452 creatura,
2793 3360 2901 3433 Dei
2932 3360 3174 3452 quidem
3210 3367 3465 3443 dicatur;
3486 3386 3621 3429 nam
3646 3368 3701 3428 id

298 3450 593 3530 μηδαμῶς.
626 3452 711 3510 ’Ἦ
766 3454 888 3511 τότε
919 3450 1130 3528 δέξομαι
1162 3455 1361 3528 κτίσμα
1416 3454 1565 3512 εἶναι
1616 3455 1771 3528 Θεὸν,
1834 3451 1960 3511 ὅταν

2063 3478 2282 3542 ιυοίιυθ
2310 3461 2484 3524 nobis
2505 3450 2766 3541 amplum
2802 3469 2859 3522 et
2890 3450 3291 3522 honoriﬁcum
3316 3464 3405 3519 est
3420 3457 3707 3520 estzDeus

2042 3558 2261 3626 autem,
2301 3550 2973 3632 nequaquam.Alioqui,
2998 3556 3120 3609 tum
3154 3546 3343 3609 Deum
3372 3554 3705 3608 creaturam

2047 3657 2179 3700 esse
2223 3640 2555 3717 admittam,
2610 3659 2743 3701 cum
2804 3642 2931 3719 ipse
2980 3655 3219 3719 quoque
3265 3635 3504 3717 proprie
3546 3634 3709 3697 Deus

298 3724 363 3781 οῦ
417 3725 575 3785 θεῶν.
631 3724 690 3781 Εἰ
746 3724 941 3800 κτίσμα
999 3722 1076 3791 δὲ,
1105 3725 1165 3781 οὗ
1197 3724 1351 3789 Θεός’
1389 3723 1584 3801 ἤρξατο
1623 3724 1718 3803 γὰρ
1763 3746 1958 3803 χρονι-

2063 3729 2233 3792 ὐθι-ο.
2262 3731 2359 3793 Sio
2392 3730 2550 3793 enim
2584 3749 2648 3792 se
2677 3748 2775 3791 res
2806 3729 3086 3792 babet.Si
3112 3728 3269 3790 Deus
3296 3736 3407 3803 est,
3435 3733 3708 3788 creatura

294 3815 432 3875 κῶς.
494 3812 580 3871 ⁹¹Ο
606 3811 662 3869 δὲ
718 3813 935 3893 ἤρξατο,
1000 3811 1066 3881 ἧν
1123 3811 1210 3871 ὅτε
1242 3813 1337 3870 οῦκ
1366 3812 1431 3881 ἧν
1464 3811 1610 3892 (38).
1645 3813 1718 3871 Οὗ
1747 3811 1803 3869 δὲ
1835 3835 1960 3893 πρε-

2063 3839 2163 3882 non
2196 3828 2311 3894 est;
2347 3830 2623 3883 creatura
2654 3820 2812 3881 enim
2842 3818 3154 3881 nobiscum
3188 3821 3302 3897 est,
3337 3816 3439 3895 qui
3470 3815 3553 3877 dii
3587 3834 3705 3877 non

294 3900 548 3981 σϐύτερον
581 3905 642 3959 τὸ
674 3906 767 3962 οὐκ
811 3903 899 3983 ἦν,
934 3910 1092 3960 τοῦσο
1124 3903 1182 3960 οὗ
1218 3906 1409 3984 κυρίως
1441 3902 1521 3965 ὅν.
1558 3905 1629 3961 Τὸ
1661 3901 1715 3958 δὲ
1750 3904 1827 3977 μὴ
1857 3927 1958 3960 κυ-

2063 3930 2250 3973 ιυῐηυε
2279 3910 2339 3974 Si
2370 3919 2566 3972 autem
2601 3918 2872 3972 creatura
2901 3910 3225 3989 est,utique
3257 3910 3414 3969 Deus
3448 3924 3564 3968 non
3587 3913 3704 3980 est;

294 3992 422 4073 ρίως
476 3991 558 4066 ὄν,
612 3998 725 4058 πῶς
786 3992 971 4073 Θεός;
1040 3991 1169 4051 Οὔτε
1228 3995 1316 4050 οὖν
1348 3994 1549 4068 κτίσμα
1607 3999 1713 4067 τῷν
1772 3993 1954 4072 τριῶν,

2063 3999 2332 4083 ,emporis
2358 4002 2515 4063 enim
2550 4002 2786 4062 ratione
2814 4008 3010 4062 ortum
3046 3997 3271 4060 habuit.
3309 3995 3478 4068 Quod
3504 4003 3704 4055 autem

327 4079 407 4139 63‘
467 4079 492 4101 ”
530 4098 547 4116 θ
625 4082 654 4137 ὑ
796 4082 824 4137 ὅ
956 4083 968 4103 ’
1456 4081 1471 4102 ⁹
1587 4082 1603 4100 ‘
1752 4081 1764 4101 '
1935 4100 1953 4118 ο

296 4104 326 4139 ο
393 4103 417 4136 ε
469 4103 523 4136 εν
595 4103 623 4137 0
656 4103 735 4156 τε,
880 4104 1067 4139 τουτου
1124 4095 1343 4162 χεῖρον,
1401 4080 1449 4137 δι
1515 4081 1611 4157 ἔμε
1641 4103 1928 4159 γενομενον

2063 4079 2240 4153 πιώνη
2268 4089 2496 4170 habuit,
2531 4089 2849 4171 aliquando
2875 4108 2994 4151 non
3027 4085 3353 4161 erat.Quod
3391 4103 3526 4146 vero
3562 4085 3620 4145 in
3639 4101 3710 4146 ea

294 4172 392 4232 ἵνα
449 4171 526 4245 μὴ
573 4171 768 4245 κτίσμα
829 4171 865 4247 ᾗ
923 4171 1106 4247 μόνον,
1144 4170 1281 4228 ἀλλὰ
1310 4171 1399 4227 καί
1425 4173 1581 4245 ἡμῶν
1612 4170 1948 4245 ἀτιμότερον,

2063 4199 2217 4242 :ausa
2258 4188 2370 4261 est,
2403 4189 2464 4242 ut
2494 4181 2576 4252 id,
2610 4170 2767 4261 quod
2816 4199 2931 4241 non
2983 4187 3133 4256 erat,
3171 4197 3242 4240 eo
3276 4175 3572 4257 antiquius
3605 4173 3702 4248 sit,

298 4264 358 4320 Εἱ
433 4261 534 4339 γὰρ
585 4261 694 4339 ἐγὼ
723 4261 821 4336 μὲν
852 4262 924 4327 είς
956 4259 1107 4326 δόξαν
1152 4267 1307 4333 Θεοῦ,
1340 4267 1496 4316 τοῦτο
1527 4258 1580 4315 δὲ
1608 4259 1737 4337 (39)
1749 4258 1832 4352 ⁸’δι’
1857 4260 1952 4337 ἐμὲ

2063 4290 2153 4333 ιοο
2186 4258 2755 4352 εθτιεξρτορι-ἰθήοη
2782 4268 3067 4341 est.Quod
3097 4280 3297 4330 autem
3323 4265 3562 4346 proprie
3589 4283 3709 4325 non

297 4351 364 4431 (ἦ
430 4351 669 4431 πυράγρα
880 4348 965 4407 διὰ
1021 4351 1121 4419 τὴν
1152 4350 1381 4427 ἅμαξαν,
1418 4351 1453 4419 ἡ
1488 4352 1516 4405 ὁ
1548 4350 1712 4422 πρίων
1743 4347 1827 4406 διὰ
1856 4353 1956 4419 τὴν

2063 4369 2151 4434 est,
2187 4380 2304 4443 quo
2333 4347 2574 4422 tandem
2601 4358 2778 4421 modo
2809 4358 2965 4421 Deus
2998 4376 3130 4419 esse
3158 4359 3374 4438 queat?
3406 4354 3559 4433 Ergo
3588 4370 3701 4443 nec

298 4440 509 4522 θύραν)’
571 4448 701 4499 νικῶ
865 4442 1023 4515 αἰτίᾳ.
1070 4439 1243 4500 ’Ὂσω
1304 4441 1403 4521 γὰρ
1459 4440 1768 4515 κτισμάτων
1828 4443 1957 4506 Θεὸς

2063 4439 2365 4534 luidquam
2420 4452 2629 4512 horum
2665 4448 2843 4511 trium
2896 4456 3169 4511 creatura
3216 4454 3327 4519 est;
3378 4463 3510 4523 nec,
3544 4442 3707 4525 quod

300 3543 458 3622 κάγὼ
513 3543 750 3621 γένωμαι
781 3543 968 3624 κυρίως
1031 3544 1183 3609 Θεός.
1247 3540 1422 3622 ’Ἔχει
1473 3546 1572 3622 γὰρ
1632 3544 1822 3609 οὕτως,
1902 3546 1960 3601 Εἰ

300 3632 404 3709 μὲν
460 3634 610 3705 Θεὸν,
676 3636 736 3693 οὗ
784 3634 1001 3710 κτίσμα⁶
1067 3633 1182 3710 μεθ’
1204 3635 1361 3709 ἡμῶν
1391 3633 1491 3713 γὰρ
1521 3636 1582 3690 τὸ
1603 3634 1821 3722 κτίσμα,
1855 3638 1960 3689 τῶν

390 4574 520 4657 (27)
550 4566 563 4589 '
590 4588 770 4659 Ωσπερ
817 4578 872 4635 ὲν
925 4575 1030 4659 Sio,
1049 4575 1168 4639 duo
1214 4578 1430 4655 Regg.,
1462 4575 1582 4638 duo
1622 4572 1826 4650 Coisl.,
1863 4574 1966 4640 Or.

302 4655 367 4734 2,
392 4655 510 4722 élc.
539 4660 605 4721 ln
634 4655 761 4733 ed.,
796 4658 975 4738 ὥσπερ
999 4656 1083 4738 ἄν.

378 4737 508 4820 (28)
534 4747 697 4820 Τοῦτο
726 4738 930 4817 λέγετε.
948 4735 1062 4820 ’δίο
1086 4738 1291 4820 plum
1320 4739 1506 4820 Regg.
1537 4745 1595 4799 et
1625 4735 1825 4820 _Colb.,
1848 4736 1968 4800 duo

297 4817 524 4901 Coisl.,
555 4819 740 4901 Gabr.
762 4828 820 4882 et
851 4819 1070 4901 Camb:
1098 4818 1273 4901 Deest
1293 4826 1450 4877 τοῦτο
1481 4817 1542 4901 in
1570 4817 1667 4879 ed.

576 4894 1004 4981 ἰ’πειληφότων.
1036 4899 1183 4981 Ῑξθς.
1217 4899 1342 4981 bm,
1374 4898 1803 4981 συνειλπιλφότωδἶ

392 4978 522 5059 (30)
546 4977 955 5060 Τριπρόσωπον.
994 5001 1023 5041 ι
1056 4977 1203 5043 Tres
1233 4980 1416 5042 factes
1448 4977 1697 5041 habens.
1728 5004 1753 5035 ι
1792 4977 1971 5060 Ludit

307 5056 709 5150 Gregoriushin
722 5060 1194 5150 aaquiyosatione
1217 5060 1405 5150 Graeci
1424 5060 1790 5135 nominis,eo
1809 5059 1969 5150 quod

309 5140 599 5282 ἓρόσωπον
616 5139 820 5203 (ἆταιεό
844 5140 1091 5204 «faciem
1114 5142 1369 5205 simulet
1387 5158 1705 5223 personam
1736 5165 1761 5198 ι
1791 5139 1971 5220 signi-

355 5229 472 5282 cet.

355 5229 472 5283 εει.

375 5309 488 5404 ,(31
501 5293 595 5415 )¹”
692 5313 828 5415 ἓμξν
848 5312 935 5375 τά.
956 5310 1072 5415 ἓίε
1103 5310 1430 5415 t‘res’Regg.
1444 5317 1517 5415 ξι
1538 5309 1655 5372 duo
1684 5308 1975 5376 Coisl.Sic

310 5390 490 5455 etiam
523 5391 669 5471 legit
688 5390 922 5458 Billius.
955 5391 1137 5457 Deest
1156 5396 1285 5469 ὑμῖν
1308 5390 1371 5453 in
1402 5390 1500 5454 ed.

344 5472 512 5579 “(3'22
548 5473 923 5579 inﬁgam.-
943 5474 1147 5579 p'lures
1164 5476 1427 5577 liegget
1447 5470 1744 5536 Colb.duo
1759 5470 1968 5547 Coisl.,

304 5559 420 5617 etc.
448 5552 513 5617 In
545 5552 649 5617 ed.
677 5552 1103 5637 diVisim,'bnép
1133 5552 1285 5637 εὗγιξ
1308 5552 1326 5555 “

305 5711 347 5727 ,,
388 5633 1072 5727 {3_3)A30_tfvpovo_uv._Sic
1095 5636 1246 5727 Reg.
1296 5634 1400 5717 ph,
1440 5631 1708 5715 quinque
1765 5630 1964 5727 Golb‘”

388 5657 510 5727 suo)
541 5657 932 5718 zupcppovouv.
964 5657 1065 5703 διο
1095 5657 1182 5700 ne
1230 5684 1246 5701 .
1296 5657 1400 5717 pn,
1440 5657 1708 5715 qumque
1765 5657 1964 5708 norm,

302 5711 487 5780 Consl.
513 5714 576 5793 2,
605 5716 774 5800 Bas.,
805 5716 1017 5782 Comb.
1051 5721 1122 5785 ln
1144 5657 1274 5801 ed.,
1296 5711 1968 5799 σωφρονοῖεν,ιωοάοειε

2055 4590 2121 4634 se
2150 4585 2384 4652 gerant.
2425 4599 2450 4629 ι,

2139 4650 2276 4735 (34)
2309 4658 2468 4734 Πρός.
2517 4657 2662 4731 Reg.
2700 4650 2825 4726 bm,
2851 4651 2958 4735 ἐπί.

2139 4731 2267 4808 (353
2299 4731 2527 4803 Νοῆται.
2559 4738 2627 4799 In
2660 4731 2990 4812 nonnullis,
3026 4732 3206 4799 νοῆτε.

2142 4814 2267 4908 (3ῥ)
2302 4816 2613 4908 Ἀσιόματα.
2644 4840 2677 4908 3
2712 4807 3152 4908 incorporea._n
3218 4811 3315 4908 Sic
3351 4807 3707 4908 (ἰυοίέοξειη

2058 4891 2174 4957 etc.
2209 4891 2304 4959 Sic
2338 4891 2513 4959 etiam
2546 4896 2685 4976 legit
2714 4894 2827 4976 Bill
2886 4891 2950 4976 et
2985 4893 3062 4953 ita
3093 4892 3418 4976 legendum
3451 4906 3526 4950 ex
3554 4891 3708 4953 Gre-

2057 4977 2206 5059 gorii
2238 4996 2445 5059 scopo.
2480 4973 2765 5040 Mendose
2796 4974 2857 5036 in
2882 4973 3008 5053 ed.,
3040 4973 3286 5049 σώματα,
3327 4997 3351 5025 (ι
3390 4987 3704 5050 corpora,»

2056 5057 2188 5140 vel,_
2211 5084 2237 5112 α
2272 5057 2504 5140 eaquae
2534 5062 3174 5140 corporeAconstant.)

2140 5131 2264 5219 ('37)
2298 5131 2720 5219 Ἐτὲηρεκσταές.
2776 5133 2872 5200 Sic
2922 5136 3073 5213 Reg.
3125 5133 3251 5213 bm,
3315 5139 3429 5194 etc.
3481 5131 3550 5193 In
3580 5132 3703 5210 ed.,

2058 5218 2411 5298 ἓπήρεαταῖς.

2140 5308 2260 5387 138)
2294 5300 2390 5369 Ἠν
2420 5310 2508 5367 ὅτε
2539 5310 2633 5368 οὒκ
2660 5311 2747 5379 ἦν.
2788 5327 2818 5368 ‹
2842 5306 2983 5369 Erat
3011 5321 3147 5367 cum
3187 5320 3306 5364 non
3339 5309 3485 5363 erat.
3516 5326 3542 5357 ι)
3577 5301 3707 5362 Iro-

2060 5390 2195 5453 nice
2226 5390 2476 5453 dictum.

2136 5470 2265 5551 (39)
2293 5476 2455 5531 T0520
2484 5470 2558 5530 δέ.
2588 5470 2684 5534 Sic
2715 5467 2862 5549 Reg.
2897 5467 2998 5548 ph,
3035 5465 3141 5531 Or.
3188 5462 3251 5545 2,
3284 5468 3399 5524 etc.
3446 5460 3629 5549 Deest
3657 5459 3712 5518 δέ

2051 5552 2113 5615 in
2146 5552 2243 5617 ed.

2131 5633 2260 5716 (40)
2294 5634 2563 5716 Πυράγρα.
2617 5629 2687 5694 In
2737 5626 3067 5709 nonnullis,
3123 5627 3366 5707 περίγρα,
3412 5641 3483 5686 ex
3533 5620 3713 5687 verbo
