4150 6424
404 328 522 397 495

1662 327 1726 391 S.
1771 320 2143 392 GREGOBII
2183 324 2572 393 THEOLOGI

3691 331 3830 397 496

406 484 613 530 verum
646 463 821 527 etiam
870 462 1011 539 illis,
1048 460 1265 544 quibus
1310 460 1428 523 vita
1456 467 1545 525 est
1585 460 1803 530 oratio.
1836 460 2034 541 quippi

2144 459 2259 529 περὶ
2301 459 2526 532 τούτων,
2560 459 2674 532 καὶ,
2726 459 2801 523 ὡς
2834 459 3061 533 ἑμαυτδν
3110 459 3299 537 πείθω,
3334 460 3452 518 λίαν
3700 470 3828 525 Οὐκ

409 558 587 618 etiam
623 556 683 617 in
737 554 793 616 id
826 572 1013 615 unum
1065 568 1309 634 operam
1360 570 1522 613 suam
1577 551 2034 630 contulerunt,u

2154 546 2275 604 οἶδα
2309 546 2389 628 δὲ,
2422 550 2494 610 εἷς
2530 550 2557 604 ὃ
2600 571 2653 605 τι
2687 546 2750 603 ἂν
2782 546 2915 603 ἄλλο
2956 548 3271 628 χρησαίμην
3304 565 3421 617 τοῖς
3476 551 3683 631 λόγοις,
3732 559 3829 630 μὴ

408 641 756 724 hujusmodi
788 640 1178 721 argumentis,
1215 639 1474 702 nominis
1504 640 1594 701 sui
1638 639 1851 701 famam
1903 638 2065 701 cele-

409 734 605 796 brent.
642 732 764 794 Hac
796 731 871 792 de
901 750 967 792 re
992 730 1233 809 quidem
1268 728 1352 790 sic
1387 729 1686 803 existimo,
1722 740 1801 801 et,
1831 738 1895 789 ut
1919 727 2064 789 mibi

408 822 762 905 persuadeo,
796 818 1115 881 admodum
1154 827 1335 881 recte.
1373 820 1662 881 Caeterum
1690 816 1912 890 nescio,
1948 834 2062 896 qua

406 914 648 975 tandem
681 910 794 973 alia
822 910 883 970 in
905 927 971 970 re
1004 906 1382 968 sermonibus
1427 907 1513 967 uti
1544 926 1784 988 queam,
1820 906 1871 967 si
1902 925 2060 967 nunc

404 1003 481 1064 iis
503 1002 749 1064 minime
767 1018 915 1061 usus
938 998 1106 1059 fuero
1133 1015 1150 1072 ;
1176 1004 1277 1057 aut
1298 997 1438 1076 quid
1472 996 1600 1076 ipse
1622 997 1842 1073 gratius
1863 996 2059 1058 facere

402 1092 648 1175 possim.
678 1090 765 1154 vel
790 1089 955 1163 mibi,
990 1088 1078 1147 vel
1102 1086 1175 1147 iis
1189 1086 1292 1167 qui
1314 1086 1594 1148 virtutem
1618 1086 1900 1147 laudibus
1922 1087 2060 1149 effe.

398 1191 560 1257 runt,
578 1181 665 1243 vel
687 1179 832 1261 ipsis
854 1177 1115 1258 denique
1146 1176 1556 1257 sermonibus,
1583 1195 1760 1257 quam
1794 1176 1841 1238 si
1881 1176 2059 1257 hujus

402 1271 511 1333 viri
541 1270 749 1332 laudes
780 1268 1122 1349 praedicem.
1172 1264 1257 1327 Ita
1297 1266 1455 1327 enim
1492 1284 1587 1326 me
1631 1266 1889 1346 primum
1932 1267 2059 1347 ipse

400 1362 563 1425 velut
583 1378 701 1423 aere
720 1357 974 1440 quodam
997 1356 1191 1418 alieno
1215 1362 1523 1435 utcunque
1550 1355 1909 1419 liberavero.
1936 1355 2056 1418 De-

2150 646 2241 695 νῦν
2272 638 2620 716 χρησάμενος
2657 653 2672 668 ⁸
2706 638 2743 703 ἦ
2774 636 2802 692 ὅ
2826 637 2877 693 τί
2898 636 3024 694 ποτ’
3048 635 3109 693 ἂν
3142 635 3347 711 μᾶλλον
3378 639 3414 708 ἢ
3446 639 3568 718 (28)
3594 642 3831 719 ἰμαυτῷ

2152 729 2513 804 χαρισαίμην,
2566 728 2603 795 ἢ
2660 739 2779 789 τοῖς
2824 726 3018 805 ἀρετῆς
3267 727 3593 806 ἐπαινέταις,
3626 732 3827 800 ἢτοτς

2144 814 2325 894 λόγοις
2382 817 2590 897 αὐτοῖς,
2636 816 2672 885 ἢ
2725 818 2815 872 τὸν
2867 815 3027 895 ἄνδρα
3078 826 3262 875 τοῦτον
3303 820 3597 896 θαυμάσας.
3651 823 3825 899 Ἐμοί

2142 927 2199 961 τε
2229 908 2325 985 γὰρ
2360 906 2505 964 ἔσται
2537 905 2693 964 τοῦτο
2726 904 2890 986 χρέος
2940 907 3136 970 ἱκανῶς
3182 906 3599 986 ἀφωσιωμένων.
3636 913 3813 991 Χρέος

2143 992 2221 1076 δὲ,
2269 995 2425 1076 εἴπερ
2472 995 2604 1053 ἄλλο
2648 1019 2726 1070 τι,
2758 1008 2876 1057 τοῖς
2928 994 3148 1073 ἀγαθοῖς
3190 997 3256 1054 τά
3301 1019 3349 1053 τε
3387 997 3522 1056 ἄλλα
3554 1004 3641 1058 καὶ
3681 1006 3812 1081 περὶ

2144 1088 2235 1143 τὸν
2284 1085 2471 1166 λόγον,
2503 1085 2536 1142 ὅ
2561 1084 2748 1164 λὸγος.
2804 1083 3059 1148 Ἐκείνοις
3090 1084 3141 1142 θ’
3170 1084 3282 1162 ἅμα
3327 1089 3425 1163 μὲν
3480 1086 3645 1160 ἡδονὴ
3700 1093 3809 1173 γέ-

2146 1199 2311 1254 νοιτο,
2343 1179 2430 1234 καὶ
2460 1176 2573 1252 ἅμα
2602 1173 2939 1256 παράκλησις
2999 1176 3073 1240 εἰς
3102 1175 3320 1257 ἀρετὴν,
3372 1181 3402 1236 ὁ
3448 1178 3631 1261 λόγος.
3725 1194 3807 1239 Ων

2143 1268 2243 1347 γὰρ
2292 1269 2412 1332 τοὺς
2470 1266 2715 1330 ἰπαίνοδς
2760 1263 2893 1345 (30)
2922 1262 3073 1344 οἶδ»,
3104 1267 3302 1322 τούτων
3358 1270 3540 1348 σαφῶς
3586 1275 3804 1339 καὶτὰς

2144 1355 2404 1421 ἑπιδόσεις
2442 1376 2458 1393 ·
2520 1355 2603 1413 ἐπ’
2662 1354 2874 1418 οὐδενὸς
2927 1354 3016 1411 οὖν
3063 1355 3170 1411 τῶν
3226 1358 3499 1433 ἁπάντωδ,
3533 1365 3628 1420 οὒκ
3656 1361 3804 1421 ’ἐστιν

2140 1445 2225 1526 ιφ’
2281 1446 2390 1520 ὅτῳ
2443 1446 2567 1526 οὐχὶ
2618 1450 2723 1500 τῶν
2779 1445 3048 1502 ἁπάντων.
3116 1454 3242 1509 Τοῖς
3299 1469 3357 1503 τε
3395 1447 3577 1528 λόγοις
3610 1453 3799 1520 αὐτοῖς

398 1451 574 1515 betur
617 1450 862 1530 quippe,
884 1457 948 1509 ut
987 1446 1039 1507 si
1083 1445 1225 1527 quid
1272 1445 1454 1526 aliud,
1488 1444 1654 1521 viris,
1680 1466 1812 1507 cum
1849 1456 2059 1508 caetera

396 1541 673 1621 egregiis,
702 1546 824 1600 tum
857 1538 918 1597 in
946 1536 1204 1597 dicendo
1236 1534 1517 1615 copiosis.
1550 1536 1763 1598 oratio.
1802 1537 2031 1598 Deinde

2143 1537 2515 1618 ἀμφοτέρωθεν
2582 1534 2645 1591 ἂν
2728 1533 2849 1614 ἔχοι
2908 1536 2970 1590 τὸ
3019 1540 3241 1614 πρᾶγμα
3314 1537 3516 1604 καλῶς,
3580 1545 3635 1599 Εἰ
3693 1547 3798 1622 μὲν

394 1633 529 1694 illos
571 1628 772 1709 simul,
801 1636 858 1688 et
898 1628 1195 1707 voluptate
1234 1624 1450 1685 afﬁciet
1492 1624 1587 1686 hic
1629 1644 1852 1699 sermo,
1882 1636 1939 1685 el
1982 1646 2034 1687 at

2141 1628 2299 1706 ἐγγὺς
2332 1625 2529 1683 ἔλθοιεν
2572 1624 2668 1692 τῆς
2715 1624 2884 1697 ἀξίας,
2944 1624 3043 1691 τὴν
3094 1625 3295 1681 ἑαυτῶν
3352 1627 3795 1710 ἐπιδεδειγμένοις

391 1723 630 1787 virtutis
650 1719 907 1781 studium
935 1714 1360 1779 exstimulabit.
1388 1714 1646 1787 Quarum
1670 1716 1827 1777 enim
1853 1736 2034 1778 rerun

2142 1720 2358 1794 δύναμιν
2395 1732 2411 1747 ⁶
2469 1717 2511 1771 εἰ
2542 1712 2596 1770 δὲ
2628 1713 2884 1771 πλεῖστον
2932 1713 3303 1795 ἀπολειφθεῖεν
3348 1720 3398 1790 (ὃ
3428 1727 3572 1779 πᾶσα
3602 1729 3795 1782 παθεῖν

391 1813 600 1877 laudes
626 1811 784 1883 novi,
803 1828 1007 1870 earum
1031 1825 1273 1888 quoque
1297 1806 1451 1869 haud
1484 1806 1663 1867 dubie
1686 1807 2034 1869 increment:

2140 1810 2347 1887 ἀνάγκη
2409 1820 2526 1869 τοῖς
2588 1805 2791 1861 ἐκεῖνον
2852 1803 3318 1886 ἐγκωμιάζουσιν),
3376 1808 3514 1890 ἔργῳ
3551 1811 3793 1883 δεδηλω-

393 1904 708 1985 explorata
738 1898 965 1980 habeo;
996 1916 1108 1959 nec
1130 1896 1455 1977 quidquam
1482 1896 1727 1957 omnino
1756 1906 1867 1977 est,
1894 1916 2034 1973 quat

2136 1900 2255 1957 κόσι
2298 1898 2398 1965 τὴν
2442 1898 2632 1969 ἧτταν,
2695 1896 2782 1985 καὶ
2838 1896 2899 1950 τὸ
2947 1908 3191 1972 κρεῖττον
3236 1896 3355 1973 (31)
3399 1900 3434 1968 ἢ
3466 1905 3602 1959 κατὰ
3632 1903 3795 1985 λόγηυ

393 1984 513 2056 non
538 1992 653 2057 hac
673 1990 908 2053 ratione
931 1994 1236 2066 augeatur.
1259 1988 1598 2060 Postremo,
1629 1987 1786 2066 quod
1818 1987 1887 2047 ad
1916 2006 2034 2048 ser-

2133 1988 2347 2064 δύναμιν
2379 1986 2522 2043 εἶναι
2553 1986 2643 2042 τὸν
2676 1984 3100 2061 εὐφημούμενον.

392 2100 602 2145 mones
634 2080 865 2153 attinet,
897 2075 1120 2138 utrovis
1151 2076 1329 2137 modo
1362 2093 1461 2136 res
1486 2076 1769 2155 praeclare
1792 2095 1857 2137 se
1883 2077 2160 2143 habitura
2177 2086 2289 2141 est.
2324 2074 2471 2138 Nam
2499 2074 2549 2136 si
2574 2081 2646 2135 ad
2680 2072 2867 2164 ipsius
2898 2072 3244 2151 dignitatem
3268 2085 3324 2137 et
3358 2078 3632 2143 meritum
3658 2102 3797 2164 pro-

390 2173 525 2254 pius
554 2166 1062 2239 accesserint,vim
1098 2183 1263 2226 suam
1300 2173 1355 2226 et
1388 2165 1517 2254 771
1560 2165 1895 2227 facultatem
1931 2168 2270 2250 ostendem;
2305 2167 2399 2228 sin
2431 2172 2628 2227 autem
2662 2162 2735 2224 ab
2768 2162 2935 2254 illius
2953 2164 3474 2247 praestantialonge
3494 2162 3798 2243 abfuerint

390 2252 569 2342 (quod
599 2259 842 2321 omnino
876 2257 971 2333 iis,
1006 2254 1105 2336 qui
1156 2274 1289 2316 eum
1346 2253 1591 2316 laudare
1622 2255 2008 2329 instituerint,
2052 2260 2334 2320 accidere
2366 2270 2614 2318 necesse
2658 2260 2794 2330 est),
2824 2271 2891 2314 re
2920 2252 3048 2333 ipsa
3077 2270 3142 2315 se
3164 2255 3549 2322 succubuisse
3578 2261 3789 2328 decla-

390 2350 630 2425 rabunt,
658 2365 917 2427 eumque
941 2345 1016 2406 de
1047 2346 1216 2424 cujus
1246 2343 1524 2405 laudibus
1554 2344 1766 2423 agitur,
1803 2364 2040 2407 omnem
2076 2348 2193 2411 vim
2225 2345 2511 2442 orationis
2539 2360 2847 2425 superare.

471 2438 611 2501 Haec
642 2437 880 2519 quidem
911 2444 1071 2510 sunt,
1096 2453 1227 2515 qua:
1270 2451 1368 2497 me
1409 2434 1481 2495 ad
1514 2434 1858 2509 dicendum,
1885 2444 1942 2496 et
1970 2437 2042 2497 ad

390 2528 838 2611 suscipiendum
883 2527 997 2588 hoc
1038 2534 1339 2587 certamen
1378 2524 1765 2605 impulerunt.
1791 2525 1958 2598 Quod
1992 2528 2042 2588 si

388 2620 573 2683 multo
596 2618 812 2690 serius,
842 2634 1017 2697 quam
1050 2623 1287 2697 tempus
1319 2615 1674 2696 postulabat,
1699 2635 1767 2679 ac
1802 2626 1930 2697 post
1960 2625 2043 2679 tot

385 2712 559 2782 alios,
594 2708 696 2788 qui
724 2726 822 2769 res
854 2707 1009 2768 illius
1041 2706 1310 2787 privatim
1356 2706 1717 2786 publiceque
1768 2706 2040 2769 laudibus

387 2798 789 2879 ornarunt,ad
818 2798 930 2859 hoc
954 2816 1170 2858 munus
1195 2797 1441 2868 accessi,
1472 2797 1699 2859 nemini
1723 2797 1937 2859 mirum
1962 2799 2040 2860 vi-

385 2892 617 2953 deatur.
643 2892 869 2954 Verum
892 2887 1159 2967 ignoscat
1180 2888 1348 2967 mihi,
1373 2887 1573 2961 velim,
1593 2886 1792 2948 divina
1813 2889 2032 2962 anima,

387 2981 680 3057 mihique,
703 2987 759 3039 et
788 2986 1037 3051 nunc,et
1070 2985 1205 3037 ante
1235 2977 1592 3038 veneranda.
1630 2976 2035 3049 Quemadmo-

2211 2438 2299 2500 Br.
2338 2427 2416 2494 ’Ἄ
2472 2436 2568 2512 μὲν
2630 2434 2721 2491 οὗτ
2751 2432 3010 2500 πεποίηκέ
3038 2457 3129 2509 μοι
3174 2437 3265 2491 τὸν
3305 2435 3487 2517 λόγον,
3538 2445 3623 2501 καὶ
3652 2444 3720 2502 δι’
3751 2446 3788 2504 ἃ

2126 2530 2215 2585 τὸν
2274 2527 2458 2606 ἀγῶνα
2505 2532 2691 2581 τοῦτον
2749 2522 3146 2603 ἐνεστησάμην,
3193 2528 3358 2581 ταότά
3403 2526 3568 2593 ἐστιν,
3619 2536 3675 2592 Εἰ
3727 2534 3783 2592 δὲ

2125 2626 2373 2675 τοσοῦτον
2417 2617 2707 2685 ἀπήντηκα
2763 2615 2857 2669 τοῦ
2928 2621 3111 2691 καιροῦ
3167 2612 3430 2693 δευτέρος,
3494 2623 3584 2678 καὶ
3649 2627 3785 2699 μετὰ

2125 2710 2404 2771 τοσούτους
2451 2705 2757 2778 ἐπαινέτας,
2814 2700 2916 2776 ἰδίᾳ
2971 2724 3028 2759 τε
3073 2706 3160 2760 καὶ
3193 2704 3423 2782 δημοσίᾳ
3481 2712 3546 2765 τὰ
3584 2712 3785 2773 ἐκείνου

2124 2808 2479 2874 σεμνύναντας
2525 2794 2673 2875 (39),
2720 2791 2906 2869 μηδεὶς
2962 2795 3295 2871 θαυμαζέτω.
3371 2798 3537 2857 Ἀλλὰ
3586 2825 3771 2882 συγγι-

2122 2888 2372 2945 νωσκέτω
2403 2887 2499 2962 μὲν
2556 2888 2591 2952 ἡ
2652 2886 2763 2941 θεία
2815 2886 2850 2951 ἡ
2896 2884 3077 2964 ψυχὴ,
3141 2888 3229 2942 καὶ
3262 2886 3413 2943 πάντ’
3441 2892 3555 2963 ἐμοὶ
3606 2892 3769 2950 σεϐα-

2120 2979 2249 3053 σμία
2279 2978 2367 3033 καὶ
2426 2982 2516 3031 νῦν
2559 2977 2647 3030 καὶ
2690 2975 2968 3053 πρότερον.
3031 2976 3249 3040 Πάντως
3300 2975 3352 3031 δὲ
3392 2979 3465 3040 ὡς
3506 2980 3599 3035 σὺν
3630 2982 3765 3057 ἡμῖν

387 3070 527 3132 dum
559 3078 756 3131 autem
790 3066 1057 3146 omnino,
1094 3085 1227 3129 cum
1258 3066 1413 3146 apud
1446 3086 1556 3128 nos
1585 3073 1811 3146 ageret,
1850 3067 2034 3129 multa

2133 3068 2217 3141 ὒν,
2276 3066 2588 3143 ὶπηνώρθου
2644 3062 2821 3121 πολλὰ
2863 3070 2971 3119 τῶν
3028 3064 3195 3139 ἐμῶν,
3237 3064 3341 3142 ὅρῳ
3385 3088 3441 3122 τε
3471 3068 3644 3147 φιλίας
3676 3074 3765 3129 καὶ

386 3177 521 3221 mea
543 3166 737 3219 errata
769 3174 872 3239 pro
904 3155 1180 3217 amicitiae
1206 3153 1341 3234 jure
1371 3174 1438 3216 ac
1476 3155 1867 3235 praestantiori
1910 3156 2037 3235 lege

385 3247 722 3326 corrigebat
760 3254 896 3319 (non
931 3246 1090 3306 enim
1116 3244 1318 3307 dicere
1348 3262 1579 3317 vercor,
1617 3246 1772 3325 quod
1809 3247 2039 3307 cunctis

387 3345 545 3400 esset
574 3337 669 3398 lex
693 3342 751 3396 et
775 3353 983 3396 norma
1025 3333 1278 3414 virtutis)
1308 3353 1323 3415 ;
1360 3334 1446 3394 sic
1479 3353 1636 3395 nunc
1658 3353 1895 3415 quoque
1937 3354 2035 3397 su-

387 3446 496 3509 pra
522 3446 630 3488 nos
675 3426 931 3508 positus,
968 3424 1202 3486 facilem
1244 3443 1309 3485 se
1362 3424 1505 3486 mihi
1555 3443 1624 3486 ac
1673 3424 2036 3488 exorabilem

386 3516 698 3598 praebebit.
745 3514 1060 3594 lgnoscant
1090 3515 1291 3588 etiam,
1328 3532 1552 3594 quaeso,
1588 3514 1928 3596 quicunque
1971 3536 2043 3579 ex

382 3606 550 3667 vobis
578 3605 969 3668 ferventiores
992 3604 1149 3663 illius
1174 3602 1511 3665 laudatores
1534 3612 1671 3665 sunt
1697 3621 1712 3679 ;
1738 3604 1787 3665 si
1818 3606 1915 3685 qui
1950 3614 2038 3667 ta-

386 3714 524 3758 men
553 3695 806 3757 aliialiis
839 3693 1227 3755 ferventiores
1255 3701 1410 3765 sunt,
1438 3711 1506 3753 ac
1540 3712 1657 3754 non
1683 3693 1878 3773 potius
1916 3715 2040 3756 om-

387 3804 494 3847 nes
517 3787 627 3846 hac
651 3803 769 3845 una
799 3784 858 3844 in
898 3802 983 3853 re,
1014 3783 1128 3843 hoc
1153 3791 1263 3845 est.
1290 3782 1349 3842 in
1380 3783 1567 3862 ipsius
1600 3783 1775 3845 laude
1801 3790 1861 3845 et
1885 3803 2038 3865 pra;-

385 3875 710 3955 dicatione,
746 3891 922 3953 pares
953 3890 1182 3934 sumus.
1219 3873 1347 3934 Non
1383 3872 1543 3932 enim
1577 3873 1935 3952 negligentia
1982 3883 2040 3936 et

383 3974 730 4045 contemptu
754 3963 1016 4026 ofﬁcium
1038 3962 1528 4042 prietermisimus
1555 3984 1571 4039 ;
1595 3963 1747 4025 absit
1769 3965 1953 4039 enim,
1976 3974 2038 4027 ut

381 4056 797 4127 autvirtutem,
818 4061 917 4113 aut
939 4052 1213 4114 amicitize
1234 4051 1497 4113 officium
1534 4072 1721 4134 usque
1742 4054 1891 4117 adeo
1923 4076 2034 4119 ne-

380 4145 811 4223 gligamus,nec
831 4142 990 4222 quod
1016 4142 1129 4203 hoc
1153 4140 1505 4202 laudationis
1527 4161 1740 4205 munus
1758 4146 2031 4227 cuiquam

382 4232 483 4294 alii
508 4229 728 4312 potius,
751 4249 928 4307 quam
962 4229 1133 4292 nobis
1156 4230 1475 4293 convenire
1496 4231 1879 4295 arbitremur.
1911 4236 2029 4298 Sed

379 4322 665 4405 primum,
696 4329 755 4381 ut
800 4338 1003 4383 verum
1047 4321 1253 4395 fatear,
1288 4317 1629 4383 sermonem
1664 4323 1888 4387 habere
1918 4327 2032 4388 de-

2121 3156 2270 3231 νόμῳ
2342 3155 2599 3234 κρείττονι
2676 3152 2759 3233 (οὗ
2815 3154 2915 3230 γὰρ
2974 3156 3293 3233 αἱσχύνομαι
3358 3164 3512 3214 τοῦτο
3564 3158 3766 3239 λέγειν,

2122 3244 2201 3301 ὅτι
2233 3247 2323 3301 καὶ
2354 3252 2484 3301 πᾶσι
2518 3244 2681 3319 νόμος
2711 3244 2779 3309 ἦν
2810 3242 3033 3321 ἀρετῆς)
3066 3265 3078 3278 ·
3115 3244 3255 3301 οὕτω
3308 3248 3396 3303 καὶ
3443 3248 3573 3327 ὒπέρ
3626 3252 3769 3326 ἡμᾶς

2121 3334 2436 3413 γενόμενος,
2471 3334 2803 3412 συγγνώμων
2848 3331 2997 3391 ἔσται
3042 3347 3162 3398 τοῖς
3205 3336 3513 3417 ἡμετέροις,
3570 3346 3773 3420 Συτγι-

2124 3424 2473 3481 νωσκὲτωσαν
2504 3421 2675 3480 δὲκαὶ
2708 3425 2853 3499 ὅμῶν
2908 3422 3021 3479 ὅσοι
3081 3428 3387 3505 θερμότεροι
3446 3430 3541 3484 τοῦ
3595 3428 3778 3511 ἀνδρὸς

2124 3512 2397 3571 ἐπαινέται
2435 3531 2449 3546 ⁸
2497 3513 2652 3593 εἴπερ
2696 3534 2775 3576 τις
2837 3512 2981 3569 ἐστιν
3042 3511 3207 3570 ἄλλου
3259 3514 3387 3587 (33)
3441 3520 3780 3602 θερμότερος,

2124 3604 2264 3663 ἀλλὰ
2317 3605 2396 3681 μὴ
2456 3612 2613 3661 τουτο
2657 3604 2818 3680 μόνον
2866 3605 3060 3668 πάντες
3117 3604 3371 3682 ὁμότιμοι
3432 3608 3532 3675 τὴν
3564 3617 3655 3667 τοῦ
3683 3610 3783 3666 ἆν-

2124 3693 2245 3774 δρὸς
2305 3693 2595 3774 εὐφημίαν.
2629 3698 2701 3753 Οὐ
2751 3693 2851 3773 γὰρ
2887 3693 3141 3772 ὀλιγωρίᾳ
3195 3692 3323 3774 (34)
3348 3698 3411 3753 τὸ
3441 3698 3580 3762 εἰκὸς
3612 3698 3785 3757 ἐνελί-

2121 3806 2294 3861 πομεν
2347 3785 2465 3861 (35)
2501 3801 2515 3814 ·
2577 3786 2652 3861 μή
2698 3804 2829 3841 ποτε
2859 3790 3111 3840 τοσοῦτον
3155 3783 3527 3862 ἂμελήσαιμεν
3557 3788 3713 3871 (36),
3748 3790 3785 3859 ἢ

2122 3873 2344 3953 ἀρετῆς,
2377 3874 2413 3943 ἢ
2444 3880 2540 3931 τοῦ
2585 3871 2801 3954 φιλικοῦ
2829 3874 3159 3943 καθήκοντος
3192 3894 3205 3908 ·
3270 3874 3385 3932 οὐδὲ
3431 3884 3507 3952 τῷ
3553 3883 3781 3955 νομίζειν

2122 3964 2303 4031 ἄλλοις
2349 3962 2553 4041 μᾶλλον
2600 3965 2757 4040 ἡμῶν
2816 3964 3109 4044 προσήκειν
3163 3964 3257 4020 τὸν
3312 3968 3550 4030 ἔπαινον.
3612 3967 3781 4027 Ἀλλὰ

2119 4061 2334 4136 πρῶτον
2378 4054 2479 4130 μὲν
2522 4054 2724 4111 ὤκνουν
2770 4053 2861 4109 τὸν
2904 4052 3091 4133 λόγον,
3125 4054 3390 4133 εἰρήσεται
3452 4058 3552 4136 γὰρ
3607 4058 3784 4128 τᾶλην.

2118 4147 2229 4219 θὲς,
2258 4145 2439 4224 ὥσπερ
2496 4146 2544 4202 οἱ
2604 4157 2721 4209 τοῖς
2772 4146 2938 4222 ἱεροῖς
2998 4140 3125 4223 (37)
3154 4145 3492 4228 προσιόντες,
3526 4150 3644 4227 πρὶν
3672 4172 3780 4207 κα-

2118 4242 2370 4317 θαρθῆναι
2451 4238 2540 4293 καὶ
2624 4236 2806 4317 φωνὴν
2866 4236 2953 4291 καὶ
3022 4233 3277 4294 διάνοιαν.
3357 4235 3619 4321 ”Επειτα,
3681 4241 3777 4299 οὐκ

2119 4327 2441 4407 ἀγνοοῦντας
2499 4326 2622 4407 μὲν,
2678 4327 2980 4402 ὑπομνήσω
3037 4322 3083 4381 δ’
3145 4326 3234 4383 οὖν
3289 4326 3459 4410 ὅμως,
3534 4330 3609 4387 ὧν
3666 4353 3773 4407 μι-

380 4410 728 4487 trectabam,
754 4410 1256 4492 quemadmodum
1279 4410 1379 4491 qui
1402 4411 1473 4472 ad
1507 4430 1673 4474 sacra
1704 4416 2026 4493 accedunt,

2133 4417 2240 4483 ταξὺ
2275 4416 2404 4496 (38)
2442 4419 2561 4494 περὶ
2603 4417 2696 4473 τὸν
2741 4414 2918 4484 ἀληθῆ
2948 4413 3110 4494 λόγον
3168 4416 3525 4498 ἠσχολήμεθα
3577 4419 3768 4479 κινδυ-

376 4502 723 4583 priusquam
800 4520 1005 4563 vocem
1092 4502 1477 4581 animumque
1540 4520 2021 4583 perpurgassem.

456 4610 829 4691 (98)_M&)t)tov
880 4609 937 4677 ἦ.
983 4609 1084 4671 Sic
1127 4611 1277 4687 Reg.
1329 4608 1454 4689 bm,
1503 4610 1604 4690 ph,
1664 4613 1857 4691 Pass.,
1903 4627 2019 4683 etc.

372 4691 555 4755 Deest
576 4689 610 4757 ἦ
636 4690 695 4750 in
722 4689 820 4752 ed.

454 4770 861 4851 (QQL’Apstﬁc.
897 4768 1133 4851 Comb.,
1166 4776 1263 4838 τῆς
1294 4770 1507 4851 ἀρετῆςἼ

455 4846 809 4936 (30)*ιξνγξρ
834 4852 961 4936 τοὺς
987 4846 1399 4936 ἐπαίνουςηθῐο.
1445 4849 1713 4936 Obscura
1757 4857 2021 4936 profecto

370 4932 687 5013 sententia.
732 4931 1185 5013 Hancihicetas
1229 4931 1314 4993 sic
1356 4933 1601 5013 exponit
1632 4953 1648 4999 :
1678 4961 1703 4993 ιι
1752 4931 2012 5010 Quarum

368 5031 574 5098 rerum
609 5012 816 5073 laudes
849 5012 1359 5098 celebr_antur,eas
1381 5012 1618 5095 quoque
1632 5036 2013 5098 progressum

369 5103 429 5156 et
455 5095 892 5156 incrementum
938 5093 1212 5175 accipere
1269 5093 1650 5175 compertum
1698 5093 1914 5164 habeo.
1948 5100 2012 5164 ln

365 5177 528 5237 nulla
559 5175 735 5253 igitur
764 5193 829 5235 re
863 5193 930 5234 ex
963 5174 1237 5260 omnibus
1268 5174 1441 5260 aliter
1467 5177 1703 5260 accidit,
1738 5183 1878 5260 quin
1914 5182 2012 5243 in-

364 5266 835 5343 creiiientuin,eit
866 5274 936 5315 eo
969 5256 1773 5343 quod_laudetur,accipiat.£
1800 5261 2005 5343 Conji—

363 5338 553 5422 cimus
587 5335 943 5422 Gregorium
982 5336 1079 5395 hic
1133 5335 1420 5422 indicare,
1460 5335 1637 5422 quod,
1674 5360 1790 5420 quo
1824 5335 2006 5422 magis

362 5420 705 5504 quidquam,
738 5419 863 5477 sive
894 5415 1254 5504 virtus,_sive
1297 5415 1523 5492 vitium,
1569 5415 1833 5504 sive-alia
1881 5415 2001 5504 rés,

360 5496 651 5563 laudatur,
686 5516 755 5557 eo
789 5498 973 5573 magis
1004 5496 1194 5575 ipsius
1224 5516 1393 5557 amor
1450 5507 1508 5557 et
1548 5499 1909 5562 desiderium
1944 5496 2001 5566 in

361 5577 698 5638 auditorum
753 5576 965 5636 animis
1011 5578 1301 5653 inligatur.
1348 5577 1511 5639 Unde
1540 5583 1864 5657 generatim
1902 5583 1996 5643 di-

356 5657 803 5733 cendum,quod
828 5657 1114 5738 quidquid
1146 5658 1434 5731 laudatur,
1471 5660 1597 5738 ipsa
1629 5660 1992 5738 laudatione,

354 5739 727 5798 incrementa
756 5737 1027 5816 accipere
1056 5756 1301 5798 necesse
1333 5739 1432 5802 sit.

429 5817 545 5891 (31)
596 5827 869 5903 [ξρετττον.
925 5816 1107 5894 Regg.
1141 5836 1198 5896 a,
1223 5837 1275 5889 ιε,
1311 5819 1371 5893 d,
1412 5836 1515 5880 sex
1547 5821 1741 5896 Colb.,
1777 5822 1982 5903 Chrys.

343 5908 456 5962 etc.
473 5948 487 5971 ,
520 5899 760 5977 κρείττω.

2100 5045 2199 5101 μεν

2088 5264 2258 5345 Apud
2280 5260 2289 5264 ⁷
2315 5260 2673 5345 Orientales,
2706 5262 2779 5322 ad
2820 5280 3124 5323 sacrarum

2088 5343 2284 5407 fontes
2317 5343 2618 5429 etphialae
2650 5350 2864 5423 praesto
2898 5350 3089 5422 erant,
3115 5351 3180 5404 ut
3214 5343 3572 5410 accedentes
3601 5343 3746 5429 pos;

2088 5435 2222 5487 sent
2251 5424 2462 5501 sordes
2494 5432 2830 5501 extergere.

2109 4510 2356 4585 νεύοντα,
2385 4505 2564 4574 καλῶς
2618 4506 2943 4587 βιασθέντες,
3006 4505 3095 4562 καὶ
3145 4508 3283 4564 κατὰ
3313 4510 3444 4565 Θεὸν
3474 4508 3609 4575 ἴσως
3667 4511 3763 4571 ἔκ-

2189 4616 2313 4700 (3⁸2)
2371 4617 2765 4693 Σεμνύναντας.
2814 4612 2961 4694 Reg.
2993 4630 3029 4675 a
3056 4622 3117 4677 et
3173 4613 3406 4693 Comb.,
3469 4620 3759 4696 σεμνύνον-

2100 4722 2224 4764 τας.

2184 4777 2315 4861 (33)
2349 4770 2559 4861 Ὗᾼλλο.
2593 4774 2830 4861 Comb.,
2861 4776 3027 4861 ᾅλλος
3060 4774 3273 4861 ἄλλου..

2348 4859 2658 4939 Ὀλιγωρίᾳ.
2679 4857 2747 4919 ln
2769 4857 3154 5002 guibusdam,
3187 4860 3433 4938 ῥᾳθυμίᾳ.

2185 4943 2307 5002 (35)
2338 4940 2706 5002 Ἐνελίπομεν.
2815 4942 2869 5001 ic
2925 4937 3029 5002 Or.
3078 4940 3141 5002 2.
3174 4942 3243 5002 In
3299 4940 3428 5002 ed..

2185 4937 2307 5023 (35)
2338 4937 2706 5016 Ἐνελίπομεν.
2769 4937 2869 5002 Sic
2925 4937 3029 5003 Or.
3078 4940 3141 5003 2.
3174 4937 3243 5003 In
3299 4940 3428 5018 ed.,
3479 4940 3755 5002 ὶνελείπο-

2181 5071 2310 5186 (36)
2341 5098 2763 5186 ’ᾼμελήσαιμεν.
2800 5100 3040 5186 Rege,
3069 5100 3479 5186 ᾇμελησαίμην,

2179 5179 2300 5277 (Βῖ)
2318 5183 2777 5277 rpi'totcjeporc,
2812 5204 2839 5235 α
2873 5179 2985 5252 Qui
3015 5179 3087 5242 ad
3122 5183 3341 5277 templa
3370 5183 3688 5277 accedunt.
3716 5211 3741 5245 ι

3275 5283 3395 5348 tum
3456 5275 3744 5348 porticus,

2173 5507 2290 5587 (38)
2324 5500 2420 5589 τιὶν
2454 5500 2689 5589 (reniti.
2716 5503 2918 5589 Schol.
2952 5504 3154 5589 ’(Εοικε
3212 5508 3303 5564 τὸν
3358 5511 3592 5589 παρόντα
3642 5508 3743 5567 λό-

2086 5608 2225 5667 γον,
2243 5587 2386 5667 μοτὰ
2415 5588 2475 5642 τὸ
2506 5586 2784 5667 κατελθεῖν
2816 5586 2924 5667 ἀπὸ
2952 5587 3050 5654 τῆν
3106 5586 3743 5667 Κωνσταντινουπόλεως,

2084 5664 2456 5752 ἐκδεδωκὲναν
2495 5689 2523 5721 α
2550 5666 2804 5752 Yidetur
2846 5666 3001 5752 hanc
3032 5665 3397 5752 orationem,
3434 5664 3747 5752 postquam

2078 5744 2653 5826 Constantinopolim
2689 5746 2951 5827 reliquit,
2983 5746 3265 5809 edidisse.
3308 5771 3337 5809 »
