  <div class='ocr_page' id='page_1' title='image "/cluster/home/n/w/nwhite01/storage/ocr_20150623/36:no.2/coo.31924054869338/256.png"; bbox 0 0 4150 6420; ppageno 0'>
   <div class='ocr_carea' id='block_1_1' title="bbox 342 268 455 336">
    <p class='ocr_par' dir='ltr' id='par_1_1' title="bbox 342 268 455 336">
     <span class='ocr_line' id='line_1_1' title="bbox 342 268 455 336; baseline 0 -2"><span class='ocrx_word' id='word_1_1' title='bbox 342 268 455 336; x_wconf 76' lang='lat'><strong>497</strong></span> 
     </span>
    </p>
   </div>
   <div class='ocr_carea' id='block_1_2' title="bbox 1126 276 2919 349">
    <p class='ocr_par' dir='ltr' id='par_1_2' title="bbox 1126 276 2919 349">
     <span class='ocr_line' id='line_1_2' title="bbox 1126 276 2919 349; baseline 0.003 -6"><span class='ocrx_word' id='word_1_2' title='bbox 1126 280 1407 344; x_wconf 85' lang='lat' dir='ltr'><strong>ORATIO</strong></span> <span class='ocrx_word' id='word_1_3' title='bbox 1449 280 1669 348; x_wconf 85' lang='lat' dir='ltr'><strong>XLIII.</strong></span> <span class='ocrx_word' id='word_1_4' title='bbox 1711 314 1789 326; x_wconf 92' lang='lat'><strong>—</strong></span> <span class='ocrx_word' id='word_1_5' title='bbox 1830 276 1913 345; x_wconf 90' lang='lat' dir='ltr'>IN</span> <span class='ocrx_word' id='word_1_6' title='bbox 1955 278 2271 344; x_wconf 81' lang='lat' dir='ltr'><strong>LAUDEM</strong></span> <span class='ocrx_word' id='word_1_7' title='bbox 2315 276 2592 343; x_wconf 88' lang='lat' dir='ltr'>BASILII</span> <span class='ocrx_word' id='word_1_8' title='bbox 2637 280 2919 349; x_wconf 53' lang='lat' dir='ltr'><strong>MAGNI:</strong></span> 
     </span>
    </p>
   </div>
   <div class='ocr_carea' id='block_1_3' title="bbox 3601 282 3720 347">
    <p class='ocr_par' dir='ltr' id='par_1_3' title="bbox 3601 282 3720 347">
     <span class='ocr_line' id='line_1_3' title="bbox 3601 282 3720 347; baseline 0.017 -2"><span class='ocrx_word' id='word_1_9' title='bbox 3601 282 3720 347; x_wconf 79' lang='lat'><strong>498</strong></span> 
     </span>
    </p>
   </div>
   <div class='ocr_carea' id='block_1_4' title="bbox 337 398 1982 493">
    <p class='ocr_par' dir='ltr' id='par_1_4' title="bbox 337 398 1982 493">
     <span class='ocr_line' id='line_1_4' title="bbox 337 398 1982 493; baseline 0.003 -26"><span class='ocrx_word' id='word_1_10' title='bbox 337 405 504 484; x_wconf 76' lang='grc' dir='ltr'>δημοι</span> <span class='ocrx_word' id='word_1_11' title='bbox 565 398 871 493; x_wconf 78' lang='grc' dir='ltr'>γεγονότες,</span> <span class='ocrx_word' id='word_1_12' title='bbox 932 415 1020 470; x_wconf 86' lang='grc' dir='ltr'><strong>καὶ</strong></span> <span class='ocrx_word' id='word_1_13' title='bbox 1072 411 1179 470; x_wconf 71' lang='grc' dir='ltr'>οὐδ’</span> <span class='ocrx_word' id='word_1_14' title='bbox 1237 414 1344 471; x_wconf 82' lang='grc' dir='ltr'>ἀπὸ</span> <span class='ocrx_word' id='word_1_15' title='bbox 1401 414 1622 493; x_wconf 83' lang='grc' dir='ltr'><strong>γνώμης</strong></span> <span class='ocrx_word' id='word_1_16' title='bbox 1676 414 1859 490; x_wconf 72' lang='grc' dir='ltr'>ἐκείνῳ</span> <span class='ocrx_word' id='word_1_17' title='bbox 1920 421 1982 490; x_wconf 69' lang='grc' dir='ltr'>τᾷ</span> 
     </span>
    </p>
   </div>
   <div class='ocr_carea' id='block_1_5' title="bbox 2076 398 3742 493">
    <p class='ocr_par' dir='ltr' id='par_1_5' title="bbox 2084 410 3742 493">
     <span class='ocr_line' id='line_1_5' title="bbox 2084 410 3742 493; baseline 0.004 -18"><span class='ocrx_word' id='word_1_18' title='bbox 2084 410 2338 487; x_wconf 89' lang='lat' dir='ltr'><strong>Deinde,</strong></span> <span class='ocrx_word' id='word_1_19' title='bbox 2366 413 2600 477; x_wconf 82' lang='lat' dir='ltr'><strong>tametsi</strong></span> <span class='ocrx_word' id='word_1_20' title='bbox 2624 412 2784 475; x_wconf 88' lang='lat' dir='ltr'><strong>enim</strong></span> <span class='ocrx_word' id='word_1_21' title='bbox 2819 412 2877 475; x_wconf 88' lang='lat' dir='ltr'><strong>id</strong></span> <span class='ocrx_word' id='word_1_22' title='bbox 2908 432 3028 476; x_wconf 91' lang='lat' dir='ltr'><strong>non</strong></span> <span class='ocrx_word' id='word_1_23' title='bbox 3068 414 3382 493; x_wconf 84' lang='lat' dir='ltr'><strong>ignoretis,</strong></span> <span class='ocrx_word' id='word_1_24' title='bbox 3414 416 3475 477; x_wconf 92' lang='lat' dir='ltr'><strong>in</strong></span> <span class='ocrx_word' id='word_1_25' title='bbox 3508 435 3742 481; x_wconf 88' lang='lat' dir='ltr'><strong>memo-</strong></span> 
     </span>
    </p>
   </div>
   <div class='ocr_carea' id='block_1_6' title="bbox 331 501 1996 586">
    <p class='ocr_par' dir='ltr' id='par_1_6' title="bbox 331 501 1996 586">
     <span class='ocr_line' id='line_1_6' title="bbox 331 501 1996 586; baseline 0.004 -31"><span class='ocrx_word' id='word_1_26' title='bbox 331 501 560 575; x_wconf 86' lang='grc' dir='ltr'>γενναίῳ</span> <span class='ocrx_word' id='word_1_27' title='bbox 614 509 711 571; x_wconf 78' lang='grc' dir='ltr'><strong>τῆς</strong></span> <span class='ocrx_word' id='word_1_28' title='bbox 788 504 1038 573; x_wconf 78' lang='grc' dir='ltr'><strong>ἀληθείας</strong></span> <span class='ocrx_word' id='word_1_29' title='bbox 1093 504 1391 583; x_wconf 78' lang='grc' dir='ltr'>ἀγωνιστῇ,</span> <span class='ocrx_word' id='word_1_30' title='bbox 1464 507 1551 561; x_wconf 81' lang='grc' dir='ltr'><strong>καὶ</strong></span> <span class='ocrx_word' id='word_1_31' title='bbox 1596 503 1764 581; x_wconf 77' lang='grc' dir='ltr'>μηδὲν</span> <span class='ocrx_word' id='word_1_32' title='bbox 1818 506 1996 586; x_wconf 72' lang='grc' dir='ltr'>ἕτερον</span> 
     </span>
    </p>
   </div>
   <div class='ocr_carea' id='block_1_7' title="bbox 330 588 1998 672">
    <p class='ocr_par' dir='ltr' id='par_1_7' title="bbox 330 588 1998 672">
     <span class='ocr_line' id='line_1_7' title="bbox 330 588 1998 672; baseline 0.004 -28"><span class='ocrx_word' id='word_1_33' title='bbox 330 588 752 668; x_wconf 70' lang='grc' dir='ltr'><strong>ἀναπνεύσαντι,</strong></span> <span class='ocrx_word' id='word_1_34' title='bbox 800 593 882 651; x_wconf 74' lang='grc' dir='ltr'><strong>ὅτι</strong></span> <span class='ocrx_word' id='word_1_35' title='bbox 916 594 992 668; x_wconf 78' lang='grc' dir='ltr'>μὴ</span> <span class='ocrx_word' id='word_1_36' title='bbox 1024 592 1187 672; x_wconf 86' lang='grc' dir='ltr'>λόγον</span> <span class='ocrx_word' id='word_1_37' title='bbox 1232 592 1424 662; x_wconf 73' lang='grc' dir='ltr'>εὐσεϐῆ</span> <span class='ocrx_word' id='word_1_38' title='bbox 1468 596 1557 653; x_wconf 85' lang='grc' dir='ltr'><strong>καὶ</strong></span> <span class='ocrx_word' id='word_1_39' title='bbox 1605 596 1811 672; x_wconf 89' lang='grc' dir='ltr'>κόσμου</span> <span class='ocrx_word' id='word_1_40' title='bbox 1868 619 1998 653; x_wconf 84' lang='grc' dir='ltr'>παν-</span> 
     </span>
    </p>
   </div>
   <div class='ocr_carea' id='block_1_8' title="bbox 328 681 1997 765">
    <p class='ocr_par' dir='ltr' id='par_1_8' title="bbox 328 681 1997 765">
     <span class='ocr_line' id='line_1_8' title="bbox 328 681 1997 765; baseline 0.004 -30"><span class='ocrx_word' id='word_1_41' title='bbox 328 681 422 738; x_wconf 77' lang='grc' dir='ltr'><strong>τὸς</strong></span> <span class='ocrx_word' id='word_1_42' title='bbox 484 684 777 760; x_wconf 70' lang='grc' dir='ltr'>σώτῆριον.</span> <span class='ocrx_word' id='word_1_43' title='bbox 836 685 912 743; x_wconf 82' lang='grc' dir='ltr'><strong>Τὰ</strong></span> <span class='ocrx_word' id='word_1_44' title='bbox 956 684 1056 763; x_wconf 80' lang='grc' dir='ltr'><strong>γὰρ</strong></span> <span class='ocrx_word' id='word_1_45' title='bbox 1087 692 1180 742; x_wconf 81' lang='grc' dir='ltr'>τοῦ</span> <span class='ocrx_word' id='word_1_46' title='bbox 1223 685 1473 758; x_wconf 85' lang='grc' dir='ltr'>σώματος</span> <span class='ocrx_word' id='word_1_47' title='bbox 1532 685 1667 751; x_wconf 80' lang='grc' dir='ltr'>’ίσως</span> <span class='ocrx_word' id='word_1_48' title='bbox 1719 683 1837 742; x_wconf 68' lang='grc' dir='ltr'>οὐδὲ</span> <span class='ocrx_word' id='word_1_49' title='bbox 1866 684 1997 765; x_wconf 80' lang='grc' dir='ltr'>θαῤ-</span> 
     </span>
    </p>
   </div>
   <div class='ocr_carea' id='block_1_9' title="bbox 328 770 1993 853">
    <p class='ocr_par' dir='ltr' id='par_1_9' title="bbox 328 770 1993 853">
     <span class='ocr_line' id='line_1_9' title="bbox 328 770 1993 853; baseline 0.002 -25"><span class='ocrx_word' id='word_1_50' title='bbox 328 770 492 847; x_wconf 74' lang='grc' dir='ltr'>ῥῆσαι</span> <span class='ocrx_word' id='word_1_51' title='bbox 554 775 664 853; x_wconf 81' lang='grc' dir='ltr'>χρὴ</span> <span class='ocrx_word' id='word_1_52' title='bbox 713 772 891 852; x_wconf 84' lang='grc' dir='ltr'>λέγειν</span> <span class='ocrx_word' id='word_1_53' title='bbox 952 771 1093 852; x_wconf 76' lang='grc' dir='ltr'>ἀνδρὶ</span> <span class='ocrx_word' id='word_1_54' title='bbox 1152 776 1377 849; x_wconf 76' lang='grc' dir='ltr'>γενναίῳ</span> <span class='ocrx_word' id='word_1_55' title='bbox 1418 775 1507 830; x_wconf 84' lang='grc' dir='ltr'><strong>καὶ</strong></span> <span class='ocrx_word' id='word_1_56' title='bbox 1548 775 1677 853; x_wconf 74' lang='grc' dir='ltr'>ὑπὲρ</span> <span class='ocrx_word' id='word_1_57' title='bbox 1723 776 1783 831; x_wconf 72' lang='grc' dir='ltr'><strong>τὸ</strong></span> <span class='ocrx_word' id='word_1_58' title='bbox 1814 778 1993 851; x_wconf 82' lang='grc' dir='ltr'>σῶμα,</span> 
     </span>
    </p>
   </div>
   <div class='ocr_carea' id='block_1_10' title="bbox 330 860 1997 942">
    <p class='ocr_par' dir='ltr' id='par_1_10' title="bbox 330 860 1997 942">
     <span class='ocr_line' id='line_1_10' title="bbox 330 860 1997 942; baseline 0.003 -27"><span class='ocrx_word' id='word_1_59' title='bbox 330 861 451 936; x_wconf 85' lang='grc' dir='ltr'>πρὶν</span> <span class='ocrx_word' id='word_1_60' title='bbox 494 861 693 919; x_wconf 72' lang='grc' dir='ltr'>ἐνθένδε</span> <span class='ocrx_word' id='word_1_61' title='bbox 748 867 1055 939; x_wconf 81' lang='grc' dir='ltr'>μεταναστῇ</span> <span class='ocrx_word' id='word_1_62' title='bbox 1088 860 1238 942; x_wconf 83' lang='grc'>(39),</span> <span class='ocrx_word' id='word_1_63' title='bbox 1294 864 1383 920; x_wconf 82' lang='grc' dir='ltr'><strong>καὶ</strong></span> <span class='ocrx_word' id='word_1_64' title='bbox 1434 861 1599 939; x_wconf 78' lang='grc' dir='ltr'>μηδὲν</span> <span class='ocrx_word' id='word_1_65' title='bbox 1632 863 1860 929; x_wconf 77' lang='grc' dir='ltr'><strong>ἀξιοῦντι</strong></span> <span class='ocrx_word' id='word_1_66' title='bbox 1891 870 1997 920; x_wconf 81' lang='grc' dir='ltr'>τῶν</span> 
     </span>
    </p>
   </div>
   <div class='ocr_carea' id='block_1_11' title="bbox 334 950 1999 1033">
    <p class='ocr_par' dir='ltr' id='par_1_11' title="bbox 334 950 1999 1033">
     <span class='ocr_line' id='line_1_11' title="bbox 334 950 1999 1033; baseline 0.004 -29"><span class='ocrx_word' id='word_1_67' title='bbox 334 950 433 1018; x_wconf 83' lang='grc' dir='ltr'><strong>τῆς</strong></span> <span class='ocrx_word' id='word_1_68' title='bbox 492 956 678 1033; x_wconf 76' lang='grc' dir='ltr'>ψυχῆς</span> <span class='ocrx_word' id='word_1_69' title='bbox 710 952 892 1010; x_wconf 75' lang='grc' dir='ltr'>καλῶν</span> <span class='ocrx_word' id='word_1_70' title='bbox 921 954 1022 1010; x_wconf 78' lang='grc' dir='ltr'><strong>ὑπὸ</strong></span> <span class='ocrx_word' id='word_1_71' title='bbox 1072 962 1167 1012; x_wconf 78' lang='grc' dir='ltr'><strong>τοῦ</strong></span> <span class='ocrx_word' id='word_1_72' title='bbox 1223 951 1420 1028; x_wconf 80' lang='grc' dir='ltr'>δεσμοῦ</span> <span class='ocrx_word' id='word_1_73' title='bbox 1466 952 1592 1033; x_wconf 82' lang='grc'>(40)</span> <span class='ocrx_word' id='word_1_74' title='bbox 1621 952 1999 1030; x_wconf 77' lang='grc' dir='ltr'>παραϐλάπτε·</span> 
     </span>
    </p>
   </div>
   <div class='ocr_carea' id='block_1_12' title="bbox 337 1042 1997 1122">
    <p class='ocr_par' dir='ltr' id='par_1_12' title="bbox 337 1042 1997 1122">
     <span class='ocr_line' id='line_1_12' title="bbox 337 1042 1997 1122; baseline 0.004 -27"><span class='ocrx_word' id='word_1_75' title='bbox 337 1042 480 1104; x_wconf 84' lang='grc' dir='ltr'>σθαι.</span> <span class='ocrx_word' id='word_1_76' title='bbox 543 1045 619 1101; x_wconf 82' lang='grc' dir='ltr'>Τὰ</span> <span class='ocrx_word' id='word_1_77' title='bbox 670 1043 768 1118; x_wconf 80' lang='grc' dir='ltr'>μὲν</span> <span class='ocrx_word' id='word_1_78' title='bbox 813 1042 879 1110; x_wconf 77' lang='grc' dir='ltr'><strong>δὴ</strong></span> <span class='ocrx_word' id='word_1_79' title='bbox 930 1046 1030 1111; x_wconf 74' lang='grc' dir='ltr'><strong>τῆς</strong></span> <span class='ocrx_word' id='word_1_80' title='bbox 1076 1042 1367 1122; x_wconf 80' lang='grc' dir='ltr'>ἀπολογίας</span> <span class='ocrx_word' id='word_1_81' title='bbox 1400 1043 1619 1101; x_wconf 71' lang='grc' dir='ltr'>ἐνταῦθα</span> <span class='ocrx_word' id='word_1_82' title='bbox 1648 1044 1861 1105; x_wconf 77' lang='grc' dir='ltr'>κείσθω.</span> <span class='ocrx_word' id='word_1_83' title='bbox 1900 1046 1997 1103; x_wconf 77' lang='grc' dir='ltr'>Καὶ</span> 
     </span>
    </p>
   </div>
   <div class='ocr_carea' id='block_1_13' title="bbox 336 1130 1990 1213">
    <p class='ocr_par' dir='ltr' id='par_1_13' title="bbox 336 1130 1990 1213">
     <span class='ocr_line' id='line_1_13' title="bbox 336 1130 1990 1213; baseline 0.003 -28"><span class='ocrx_word' id='word_1_84' title='bbox 336 1130 438 1207; x_wconf 74' lang='grc' dir='ltr'><strong>γὰρ</strong></span> <span class='ocrx_word' id='word_1_85' title='bbox 496 1131 609 1189; x_wconf 72' lang='grc' dir='ltr'>οὐδὲ</span> <span class='ocrx_word' id='word_1_86' title='bbox 670 1133 1001 1213; x_wconf 72' lang='grc' dir='ltr'>μακροτέρας</span> <span class='ocrx_word' id='word_1_87' title='bbox 1082 1133 1241 1209; x_wconf 77' lang='grc' dir='ltr'>οἶμαι</span> <span class='ocrx_word' id='word_1_88' title='bbox 1307 1134 1507 1202; x_wconf 81' lang='grc' dir='ltr'>ταύτης</span> <span class='ocrx_word' id='word_1_89' title='bbox 1566 1132 1776 1204; x_wconf 77' lang='grc' dir='ltr'>δεήσειν</span> <span class='ocrx_word' id='word_1_90' title='bbox 1837 1133 1990 1211; x_wconf 67' lang='grc' dir='ltr'>ἡμῖν,</span> 
     </span>
    </p>
   </div>
   <div class='ocr_carea' id='block_1_14' title="bbox 335 1221 1992 1302">
    <p class='ocr_par' dir='ltr' id='par_1_14' title="bbox 335 1221 1992 1302">
     <span class='ocr_line' id='line_1_14' title="bbox 335 1221 1992 1302; baseline 0.003 -27"><span class='ocrx_word' id='word_1_91' title='bbox 335 1222 466 1298; x_wconf 79' lang='grc' dir='ltr'>πρὸς</span> <span class='ocrx_word' id='word_1_92' title='bbox 498 1223 705 1278; x_wconf 74' lang='grc' dir='ltr'>ὲκετνόν</span> <span class='ocrx_word' id='word_1_93' title='bbox 749 1246 809 1302; x_wconf 90' lang='grc' dir='ltr'><strong>γε</strong></span> <span class='ocrx_word' id='word_1_94' title='bbox 855 1221 1194 1299; x_wconf 79' lang='grc' dir='ltr'>ποιουμένοις</span> <span class='ocrx_word' id='word_1_95' title='bbox 1248 1224 1339 1281; x_wconf 79' lang='grc' dir='ltr'><strong>τὸν</strong></span> <span class='ocrx_word' id='word_1_96' title='bbox 1371 1221 1532 1302; x_wconf 74' lang='grc' dir='ltr'>λόγον</span> <span class='ocrx_word' id='word_1_97' title='bbox 1565 1224 1718 1302; x_wconf 80' lang='grc'>(41),</span> <span class='ocrx_word' id='word_1_98' title='bbox 1753 1225 1840 1281; x_wconf 86' lang='grc' dir='ltr'>καὶ</span> <span class='ocrx_word' id='word_1_99' title='bbox 1872 1225 1992 1289; x_wconf 81' lang='grc' dir='ltr'>τοὺς</span> 
     </span>
    </p>
   </div>
   <div class='ocr_carea' id='block_1_15' title="bbox 335 1308 1994 1392">
    <p class='ocr_par' dir='ltr' id='par_1_15' title="bbox 335 1308 1994 1392">
     <span class='ocr_line' id='line_1_15' title="bbox 335 1308 1994 1392; baseline 0.002 -27"><span class='ocrx_word' id='word_1_100' title='bbox 335 1308 534 1377; x_wconf 78' lang='grc' dir='ltr'>εἰδότας</span> <span class='ocrx_word' id='word_1_101' title='bbox 571 1318 752 1391; x_wconf 76' lang='grc' dir='ltr'>σαφῶς</span> <span class='ocrx_word' id='word_1_102' title='bbox 788 1314 851 1369; x_wconf 80' lang='grc' dir='ltr'><strong>τά</strong></span> <span class='ocrx_word' id='word_1_103' title='bbox 884 1316 1143 1392; x_wconf 71' lang='grc' dir='ltr'>ἡμὲτερα.</span> <span class='ocrx_word' id='word_1_104' title='bbox 1172 1310 1331 1380; x_wconf 82' lang='grc' dir='ltr'>’Ἤδη</span> <span class='ocrx_word' id='word_1_105' title='bbox 1384 1310 1438 1368; x_wconf 79' lang='grc' dir='ltr'>δὲ</span> <span class='ocrx_word' id='word_1_106' title='bbox 1498 1314 1628 1390; x_wconf 79' lang='grc' dir='ltr'>πρὸς</span> <span class='ocrx_word' id='word_1_107' title='bbox 1662 1313 1828 1381; x_wconf 68' lang='grc' dir='ltr'>αὐτὴν</span> <span class='ocrx_word' id='word_1_108' title='bbox 1858 1315 1994 1389; x_wconf 72' lang='grc' dir='ltr'>ἡμῖν</span> 
     </span>
    </p>
   </div>
   <div class='ocr_carea' id='block_1_16' title="bbox 331 1400 1995 1483">
    <p class='ocr_par' dir='ltr' id='par_1_16' title="bbox 331 1400 1995 1483">
     <span class='ocr_line' id='line_1_16' title="bbox 331 1400 1995 1483; baseline 0.002 -28"><span class='ocrx_word' id='word_1_109' title='bbox 331 1400 470 1457; x_wconf 79' lang='grc' dir='ltr'>ἰτέον</span> <span class='ocrx_word' id='word_1_110' title='bbox 519 1409 617 1469; x_wconf 74' lang='grc' dir='ltr'>τὴν</span> <span class='ocrx_word' id='word_1_111' title='bbox 661 1401 953 1483; x_wconf 74' lang='grc' dir='ltr'>εὖφημίαν,</span> <span class='ocrx_word' id='word_1_112' title='bbox 1002 1404 1161 1462; x_wconf 77' lang='grc' dir='ltr'>αὐτὸν</span> <span class='ocrx_word' id='word_1_113' title='bbox 1204 1401 1668 1480; x_wconf 78' lang='grc' dir='ltr'>προστησαμένοις</span> <span class='ocrx_word' id='word_1_114' title='bbox 1724 1401 1854 1482; x_wconf 70' lang='grc'>(42)</span> <span class='ocrx_word' id='word_1_115' title='bbox 1899 1406 1995 1460; x_wconf 81' lang='grc' dir='ltr'>τοῦ</span> 
     </span>
    </p>
   </div>
   <div class='ocr_carea' id='block_1_17' title="bbox 332 1488 1992 1571">
    <p class='ocr_par' dir='ltr' id='par_1_17' title="bbox 332 1488 1992 1571">
     <span class='ocr_line' id='line_1_17' title="bbox 332 1488 1992 1571; baseline 0.002 -25"><span class='ocrx_word' id='word_1_116' title='bbox 332 1491 493 1568; x_wconf 84' lang='grc' dir='ltr'>λόγου</span> <span class='ocrx_word' id='word_1_117' title='bbox 526 1493 615 1547; x_wconf 82' lang='grc' dir='ltr'>τὸν</span> <span class='ocrx_word' id='word_1_118' title='bbox 650 1492 853 1552; x_wconf 79' lang='grc' dir='ltr'>ἐκείνου</span> <span class='ocrx_word' id='word_1_119' title='bbox 886 1494 1016 1549; x_wconf 89' lang='grc' dir='ltr'>Θεόν</span> <span class='ocrx_word' id='word_1_120' title='bbox 1050 1509 1065 1524; x_wconf 84' lang='grc'><strong>⁹</strong></span> <span class='ocrx_word' id='word_1_121' title='bbox 1096 1492 1173 1568; x_wconf 65' lang='grc' dir='ltr'>μὴ</span> <span class='ocrx_word' id='word_1_122' title='bbox 1206 1489 1511 1567; x_wconf 78' lang='grc' dir='ltr'>καθυϐρίσαι</span> <span class='ocrx_word' id='word_1_123' title='bbox 1564 1493 1654 1548; x_wconf 70' lang='grc' dir='ltr'>τὶν</span> <span class='ocrx_word' id='word_1_124' title='bbox 1686 1488 1845 1571; x_wconf 75' lang='grc' dir='ltr'>ἄνδρα</span> <span class='ocrx_word' id='word_1_125' title='bbox 1875 1506 1992 1556; x_wconf 76' lang='grc' dir='ltr'>τοῖς</span> 
     </span>
    </p>
   </div>
   <div class='ocr_carea' id='block_1_18' title="bbox 330 1578 1989 1662">
    <p class='ocr_par' dir='ltr' id='par_1_18' title="bbox 330 1578 1989 1662">
     <span class='ocr_line' id='line_1_18' title="bbox 330 1578 1989 1662; baseline 0.002 -27"><span class='ocrx_word' id='word_1_126' title='bbox 330 1578 650 1657; x_wconf 81' lang='grc' dir='ltr'>ἐγκωμίοις,</span> <span class='ocrx_word' id='word_1_127' title='bbox 714 1582 853 1658; x_wconf 79' lang='grc' dir='ltr'>μηδὲ</span> <span class='ocrx_word' id='word_1_128' title='bbox 910 1582 1046 1640; x_wconf 80' lang='grc' dir='ltr'>πολὺ</span> <span class='ocrx_word' id='word_1_129' title='bbox 1090 1579 1332 1662; x_wconf 84' lang='grc' dir='ltr'>δεύτερον</span> <span class='ocrx_word' id='word_1_130' title='bbox 1390 1583 1497 1637; x_wconf 81' lang='grc' dir='ltr'><strong>τῶν</strong></span> <span class='ocrx_word' id='word_1_131' title='bbox 1554 1579 1731 1638; x_wconf 74' lang='grc' dir='ltr'>ἄλλων</span> <span class='ocrx_word' id='word_1_132' title='bbox 1790 1581 1989 1639; x_wconf 75' lang='grc' dir='ltr'>ἐλθεῖν·</span> 
     </span>
    </p>
   </div>
   <div class='ocr_carea' id='block_1_19' title="bbox 329 1669 1992 1752">
    <p class='ocr_par' dir='ltr' id='par_1_19' title="bbox 329 1669 1992 1752">
     <span class='ocr_line' id='line_1_19' title="bbox 329 1669 1992 1752; baseline 0.003 -28"><span class='ocrx_word' id='word_1_133' title='bbox 329 1669 428 1725; x_wconf 72' lang='grc' dir='ltr'><strong>κᾶν</strong></span> <span class='ocrx_word' id='word_1_134' title='bbox 480 1672 683 1731; x_wconf 64' lang='grc' dir='ltr'>ἐκείνου</span> <span class='ocrx_word' id='word_1_135' title='bbox 765 1675 964 1735; x_wconf 83' lang='grc' dir='ltr'>πάντες</span> <span class='ocrx_word' id='word_1_136' title='bbox 1050 1672 1171 1730; x_wconf 73' lang='grc' dir='ltr'>ἴσον</span> <span class='ocrx_word' id='word_1_137' title='bbox 1255 1673 1699 1747; x_wconf 82' lang='grc' dir='ltr'>ἀπολειπώμεθα,</span> <span class='ocrx_word' id='word_1_138' title='bbox 1756 1673 1992 1752; x_wconf 84' lang='grc' dir='ltr'>καθάπερ</span> 
     </span>
    </p>
   </div>
   <div class='ocr_carea' id='block_1_20' title="bbox 333 1762 1990 1845">
    <p class='ocr_par' dir='ltr' id='par_1_20' title="bbox 333 1762 1990 1845">
     <span class='ocr_line' id='line_1_20' title="bbox 333 1762 1990 1845; baseline 0.002 -29"><span class='ocrx_word' id='word_1_139' title='bbox 333 1764 552 1839; x_wconf 76' lang='grc' dir='ltr'>ούρανοῦ</span> <span class='ocrx_word' id='word_1_140' title='bbox 612 1766 701 1819; x_wconf 86' lang='grc' dir='ltr'><strong>καὶ</strong></span> <span class='ocrx_word' id='word_1_141' title='bbox 752 1763 986 1833; x_wconf 74' lang='grc' dir='ltr'>ἡλιακῆς</span> <span class='ocrx_word' id='word_1_142' title='bbox 1044 1763 1293 1845; x_wconf 77' lang='grc' dir='ltr'>ἀκτῖνος,</span> <span class='ocrx_word' id='word_1_143' title='bbox 1340 1765 1388 1819; x_wconf 70' lang='grc' dir='ltr'>οἱ</span> <span class='ocrx_word' id='word_1_144' title='bbox 1432 1764 1565 1843; x_wconf 81' lang='grc' dir='ltr'>πρὸς</span> <span class='ocrx_word' id='word_1_145' title='bbox 1596 1763 1726 1820; x_wconf 79' lang='grc' dir='ltr'>αύτὰ</span> <span class='ocrx_word' id='word_1_146' title='bbox 1756 1762 1990 1840; x_wconf 85' lang='grc' dir='ltr'>βλέπον-</span> 
     </span>
    </p>
   </div>
   <div class='ocr_carea' id='block_1_21' title="bbox 332 1871 443 1912">
    <p class='ocr_par' dir='ltr' id='par_1_21' title="bbox 332 1871 443 1912">
     <span class='ocr_line' id='line_1_21' title="bbox 332 1871 443 1912; baseline -0.009 0"><span class='ocrx_word' id='word_1_147' title='bbox 332 1871 443 1912; x_wconf 81' lang='grc' dir='ltr'>τες.</span> 
     </span>
    </p>
   </div>
   <div class='ocr_carea' id='block_1_22' title="bbox 2079 502 3741 586">
    <p class='ocr_par' dir='ltr' id='par_1_22' title="bbox 2079 502 3741 586">
     <span class='ocr_line' id='line_1_22' title="bbox 2079 502 3741 586; baseline 0.004 -23"><span class='ocrx_word' id='word_1_148' title='bbox 2079 504 2225 563; x_wconf 87' lang='lat' dir='ltr'><strong>riam</strong></span> <span class='ocrx_word' id='word_1_149' title='bbox 2260 512 2459 566; x_wconf 89' lang='lat' dir='ltr'><strong>tamen</strong></span> <span class='ocrx_word' id='word_1_150' title='bbox 2485 502 2650 564; x_wconf 89' lang='lat' dir='ltr'><strong>vobis</strong></span> <span class='ocrx_word' id='word_1_151' title='bbox 2670 503 2989 579; x_wconf 87' lang='lat' dir='ltr'><strong>revocabo,</strong></span> <span class='ocrx_word' id='word_1_152' title='bbox 3014 504 3075 565; x_wconf 92' lang='lat' dir='ltr'><strong>in</strong></span> <span class='ocrx_word' id='word_1_153' title='bbox 3097 523 3252 566; x_wconf 70' lang='lat' dir='ltr'><strong>verae</strong></span> <span class='ocrx_word' id='word_1_154' title='bbox 3272 504 3561 567; x_wconf 66' lang='lat' dir='ltr'><strong>doctrinae</strong></span> <span class='ocrx_word' id='word_1_155' title='bbox 3584 508 3741 586; x_wconf 89' lang='lat' dir='ltr'><strong>peri-</strong></span> 
     </span>
    </p>
   </div>
   <div class='ocr_carea' id='block_1_23' title="bbox 2082 591 3740 675">
    <p class='ocr_par' dir='ltr' id='par_1_23' title="bbox 2082 591 3740 675">
     <span class='ocr_line' id='line_1_23' title="bbox 2082 591 3740 675; baseline 0.003 -22"><span class='ocrx_word' id='word_1_156' title='bbox 2082 591 2339 654; x_wconf 89' lang='lat' dir='ltr'><strong>clitantis</strong></span> <span class='ocrx_word' id='word_1_157' title='bbox 2369 592 2606 671; x_wconf 87' lang='lat' dir='ltr'><strong>negotio</strong></span> <span class='ocrx_word' id='word_1_158' title='bbox 2648 593 2883 655; x_wconf 78' lang='lat' dir='ltr'><strong>interim</strong></span> <span class='ocrx_word' id='word_1_159' title='bbox 2916 593 3189 673; x_wconf 86' lang='lat' dir='ltr'><strong>occupati</strong></span> <span class='ocrx_word' id='word_1_160' title='bbox 3221 593 3465 666; x_wconf 83' lang='lat' dir='ltr'><strong>fuimus,</strong></span> <span class='ocrx_word' id='word_1_161' title='bbox 3493 596 3740 675; x_wconf 85' lang='lat' dir='ltr'><strong>pulchre</strong></span> 
     </span>
    </p>
   </div>
   <div class='ocr_carea' id='block_1_24' title="bbox 2080 681 3744 763">
    <p class='ocr_par' dir='ltr' id='par_1_24' title="bbox 2080 681 3744 763">
     <span class='ocr_line' id='line_1_24' title="bbox 2080 681 3744 763; baseline 0.002 -19"><span class='ocrx_word' id='word_1_162' title='bbox 2080 684 2292 763; x_wconf 90' lang='lat' dir='ltr'><strong>coacti,</strong></span> <span class='ocrx_word' id='word_1_163' title='bbox 2322 700 2433 743; x_wconf 91' lang='lat' dir='ltr'><strong>nec</strong></span> <span class='ocrx_word' id='word_1_164' title='bbox 2460 682 2591 743; x_wconf 89' lang='lat' dir='ltr'><strong>sine</strong></span> <span class='ocrx_word' id='word_1_165' title='bbox 2622 681 2731 745; x_wconf 89' lang='lat' dir='ltr'><strong>Dei</strong></span> <span class='ocrx_word' id='word_1_166' title='bbox 2762 682 3013 744; x_wconf 91' lang='lat' dir='ltr'><strong>numine</strong></span> <span class='ocrx_word' id='word_1_167' title='bbox 3036 683 3287 744; x_wconf 82' lang='lat' dir='ltr'><strong>fortasse</strong></span> <span class='ocrx_word' id='word_1_168' title='bbox 3318 702 3569 763; x_wconf 82' lang='lat' dir='ltr'><strong>peregre</strong></span> <span class='ocrx_word' id='word_1_169' title='bbox 3597 703 3744 763; x_wconf 89' lang='lat' dir='ltr'><strong>pro-</strong></span> 
     </span>
    </p>
   </div>
   <div class='ocr_carea' id='block_1_25' title="bbox 2082 770 3745 852">
    <p class='ocr_par' dir='ltr' id='par_1_25' title="bbox 2082 770 3745 852">
     <span class='ocr_line' id='line_1_25' title="bbox 2082 770 3745 852; baseline 0.004 -21"><span class='ocrx_word' id='word_1_170' title='bbox 2082 770 2242 852; x_wconf 90' lang='lat' dir='ltr'><strong>fecti,</strong></span> <span class='ocrx_word' id='word_1_171' title='bbox 2278 790 2390 833; x_wconf 92' lang='lat' dir='ltr'><strong>nec</strong></span> <span class='ocrx_word' id='word_1_172' title='bbox 2424 779 2641 851; x_wconf 59' lang='lat' dir='ltr'><strong>prater</strong></span> <span class='ocrx_word' id='word_1_173' title='bbox 2675 772 3035 834; x_wconf 86' lang='lat' dir='ltr'><strong>voluntatem</strong></span> <span class='ocrx_word' id='word_1_174' title='bbox 3083 789 3152 835; x_wconf 84' lang='lat' dir='ltr'><strong>ac</strong></span> <span class='ocrx_word' id='word_1_175' title='bbox 3184 773 3502 834; x_wconf 86' lang='lat' dir='ltr'><strong>consilium</strong></span> <span class='ocrx_word' id='word_1_176' title='bbox 3536 774 3745 837; x_wconf 85' lang='lat' dir='ltr'><strong>eximii</strong></span> 
     </span>
    </p>
   </div>
   <div class='ocr_carea' id='block_1_26' title="bbox 2080 860 3737 945">
    <p class='ocr_par' dir='ltr' id='par_1_26' title="bbox 2080 860 3737 945">
     <span class='ocr_line' id='line_1_26' title="bbox 2080 860 3737 945; baseline 0.004 -24"><span class='ocrx_word' id='word_1_177' title='bbox 2080 860 2244 923; x_wconf 92' lang='lat' dir='ltr'><strong>illius</strong></span> <span class='ocrx_word' id='word_1_178' title='bbox 2279 860 2545 922; x_wconf 88' lang='lat' dir='ltr'><strong>veritatis</strong></span> <span class='ocrx_word' id='word_1_179' title='bbox 2579 860 3060 941; x_wconf 86' lang='lat' dir='ltr'><strong>prepugnatoris,</strong></span> <span class='ocrx_word' id='word_1_180' title='bbox 3097 862 3320 942; x_wconf 89' lang='lat' dir='ltr'><strong>quique</strong></span> <span class='ocrx_word' id='word_1_181' title='bbox 3361 863 3442 924; x_wconf 92' lang='lat' dir='ltr'><strong>nil</strong></span> <span class='ocrx_word' id='word_1_182' title='bbox 3474 883 3737 945; x_wconf 82' lang='lat' dir='ltr'><strong>unquam</strong></span> 
     </span>
    </p>
   </div>
   <div class='ocr_carea' id='block_1_27' title="bbox 2078 950 3739 1032">
    <p class='ocr_par' dir='ltr' id='par_1_27' title="bbox 2078 950 3739 1032">
     <span class='ocr_line' id='line_1_27' title="bbox 2078 950 3739 1032; baseline 0.003 -20"><span class='ocrx_word' id='word_1_183' title='bbox 2078 950 2239 1012; x_wconf 89' lang='lat' dir='ltr'><strong>aliud</strong></span> <span class='ocrx_word' id='word_1_184' title='bbox 2258 969 2436 1032; x_wconf 87' lang='lat' dir='ltr'><strong>quam</strong></span> <span class='ocrx_word' id='word_1_185' title='bbox 2458 950 2611 1030; x_wconf 86' lang='lat' dir='ltr'><strong>piam</strong></span> <span class='ocrx_word' id='word_1_186' title='bbox 2628 950 2878 1028; x_wconf 90' lang='lat' dir='ltr'><strong>orbique</strong></span> <span class='ocrx_word' id='word_1_187' title='bbox 2892 953 3169 1013; x_wconf 85' lang='lat' dir='ltr'><strong>universo</strong></span> <span class='ocrx_word' id='word_1_188' title='bbox 3183 956 3262 1014; x_wconf 82' lang='lat' dir='ltr'><strong>sa.’</strong></span> <span class='ocrx_word' id='word_1_189' title='bbox 3276 960 3500 1014; x_wconf 87' lang='lat' dir='ltr'><strong>utarem</strong></span> <span class='ocrx_word' id='word_1_190' title='bbox 3518 954 3739 1017; x_wconf 90' lang='lat' dir='ltr'><strong>doctri-</strong></span> 
     </span>
    </p>
   </div>
   <div class='ocr_carea' id='block_1_28' title="bbox 2081 1038 3739 1121">
    <p class='ocr_par' dir='ltr' id='par_1_28' title="bbox 2081 1038 3739 1121">
     <span class='ocr_line' id='line_1_28' title="bbox 2081 1038 3739 1121; baseline 0.004 -21"><span class='ocrx_word' id='word_1_191' title='bbox 2081 1059 2217 1101; x_wconf 71' lang='lat' dir='ltr'><strong>nam</strong></span> <span class='ocrx_word' id='word_1_192' title='bbox 2250 1041 2516 1121; x_wconf 90' lang='lat' dir='ltr'><strong>spiravit.</strong></span> <span class='ocrx_word' id='word_1_193' title='bbox 2551 1038 2699 1101; x_wconf 87' lang='lat' dir='ltr'><strong>Nam</strong></span> <span class='ocrx_word' id='word_1_194' title='bbox 2734 1040 2807 1101; x_wconf 91' lang='lat' dir='ltr'><strong>de</strong></span> <span class='ocrx_word' id='word_1_195' title='bbox 2848 1041 3117 1121; x_wconf 90' lang='lat' dir='ltr'><strong>corporis</strong></span> <span class='ocrx_word' id='word_1_196' title='bbox 3162 1042 3282 1103; x_wconf 92' lang='lat' dir='ltr'><strong>mei</strong></span> <span class='ocrx_word' id='word_1_197' title='bbox 3325 1042 3739 1107; x_wconf 88' lang='lat' dir='ltr'><strong>imbecillitate</strong></span> 
     </span>
    </p>
   </div>
   <div class='ocr_carea' id='block_1_29' title="bbox 2081 1129 3732 1216">
    <p class='ocr_par' dir='ltr' id='par_1_29' title="bbox 2081 1129 3732 1216">
     <span class='ocr_line' id='line_1_29' title="bbox 2081 1129 3732 1216; baseline 0.004 -27"><span class='ocrx_word' id='word_1_198' title='bbox 2081 1129 2277 1191; x_wconf 81' lang='lat' dir='ltr'><strong>forsan</strong></span> <span class='ocrx_word' id='word_1_199' title='bbox 2304 1148 2378 1191; x_wconf 89' lang='lat' dir='ltr'><strong>ne</strong></span> <span class='ocrx_word' id='word_1_200' title='bbox 2405 1148 2745 1191; x_wconf 91' lang='lat' dir='ltr'><strong>sermonem</strong></span> <span class='ocrx_word' id='word_1_201' title='bbox 2763 1129 3004 1211; x_wconf 88' lang='lat' dir='ltr'><strong>quidem</strong></span> <span class='ocrx_word' id='word_1_202' title='bbox 3030 1130 3224 1192; x_wconf 89' lang='lat' dir='ltr'><strong>facere</strong></span> <span class='ocrx_word' id='word_1_203' title='bbox 3252 1130 3595 1195; x_wconf 89' lang='lat' dir='ltr'><strong>audendum</strong></span> <span class='ocrx_word' id='word_1_204' title='bbox 3622 1142 3732 1216; x_wconf 91' lang='lat' dir='ltr'><strong>est,</strong></span> 
     </span>
    </p>
   </div>
   <div class='ocr_carea' id='block_1_30' title="bbox 2078 1219 3731 1303">
    <p class='ocr_par' dir='ltr' id='par_1_30' title="bbox 2078 1219 3731 1303">
     <span class='ocr_line' id='line_1_30' title="bbox 2078 1219 3731 1303; baseline 0.002 -23"><span class='ocrx_word' id='word_1_205' title='bbox 2078 1219 2150 1280; x_wconf 60' lang='lat' dir='ltr'><strong>all</strong></span> <span class='ocrx_word' id='word_1_206' title='bbox 2181 1227 2491 1281; x_wconf 89' lang='lat' dir='ltr'><strong>strenuum</strong></span> <span class='ocrx_word' id='word_1_207' title='bbox 2526 1220 2743 1297; x_wconf 90' lang='lat' dir='ltr'><strong>virum,</strong></span> <span class='ocrx_word' id='word_1_208' title='bbox 2772 1238 3167 1298; x_wconf 88' lang='lat' dir='ltr'><strong>corporeque,</strong></span> <span class='ocrx_word' id='word_1_209' title='bbox 3198 1223 3382 1283; x_wconf 90' lang='lat' dir='ltr'><strong>etiam</strong></span> <span class='ocrx_word' id='word_1_210' title='bbox 3417 1230 3731 1303; x_wconf 84' lang='lat' dir='ltr'><strong>antequam</strong></span> 
     </span>
    </p>
   </div>
   <div class='ocr_carea' id='block_1_31' title="bbox 2079 1307 3729 1390">
    <p class='ocr_par' dir='ltr' id='par_1_31' title="bbox 2079 1307 3729 1390">
     <span class='ocr_line' id='line_1_31' title="bbox 2079 1307 3729 1390; baseline 0.002 -21"><span class='ocrx_word' id='word_1_211' title='bbox 2079 1309 2218 1371; x_wconf 89' lang='lat' dir='ltr'><strong>hinc</strong></span> <span class='ocrx_word' id='word_1_212' title='bbox 2263 1308 2565 1389; x_wconf 80' lang='lat' dir='ltr'><strong>migraret,</strong></span> <span class='ocrx_word' id='word_1_213' title='bbox 2602 1307 3038 1385; x_wconf 80' lang='lat' dir='ltr'><strong>sublimiorem,</strong></span> <span class='ocrx_word' id='word_1_214' title='bbox 3073 1328 3141 1370; x_wconf 89' lang='lat' dir='ltr'><strong>ac</strong></span> <span class='ocrx_word' id='word_1_215' title='bbox 3172 1310 3315 1371; x_wconf 91' lang='lat' dir='ltr'><strong>illud</strong></span> <span class='ocrx_word' id='word_1_216' title='bbox 3342 1321 3729 1390; x_wconf 90' lang='lat' dir='ltr'><strong>asserentem,</strong></span> 
     </span>
    </p>
   </div>
   <div class='ocr_carea' id='block_1_32' title="bbox 2079 1398 3737 1482">
    <p class='ocr_par' dir='ltr' id='par_1_32' title="bbox 2079 1398 3737 1482">
     <span class='ocr_line' id='line_1_32' title="bbox 2079 1398 3737 1482; baseline 0.003 -23"><span class='ocrx_word' id='word_1_217' title='bbox 2079 1400 2228 1460; x_wconf 88' lang='lat' dir='ltr'><strong>nihil</strong></span> <span class='ocrx_word' id='word_1_218' title='bbox 2255 1418 2321 1461; x_wconf 84' lang='lat' dir='ltr'><strong>ex</strong></span> <span class='ocrx_word' id='word_1_219' title='bbox 2346 1398 2559 1460; x_wconf 76' lang='lat' dir='ltr'><strong>animae</strong></span> <span class='ocrx_word' id='word_1_220' title='bbox 2583 1398 2756 1459; x_wconf 92' lang='lat' dir='ltr'><strong>bonis</strong></span> <span class='ocrx_word' id='word_1_221' title='bbox 2780 1416 2812 1458; x_wconf 91' lang='lat' dir='ltr'><strong>a</strong></span> <span class='ocrx_word' id='word_1_222' title='bbox 2837 1398 3069 1460; x_wconf 88' lang='lat' dir='ltr'><strong>vinculo</strong></span> <span class='ocrx_word' id='word_1_223' title='bbox 3097 1398 3400 1479; x_wconf 89' lang='lat' dir='ltr'><strong>impediri.</strong></span> <span class='ocrx_word' id='word_1_224' title='bbox 3422 1400 3615 1482; x_wconf 85' lang='lat' dir='ltr'><strong>Atque</strong></span> <span class='ocrx_word' id='word_1_225' title='bbox 3638 1402 3737 1465; x_wconf 88' lang='lat' dir='ltr'><strong>hic</strong></span> 
     </span>
    </p>
   </div>
   <div class='ocr_carea' id='block_1_33' title="bbox 2078 1487 3732 1571">
    <p class='ocr_par' dir='ltr' id='par_1_33' title="bbox 2078 1487 3732 1571">
     <span class='ocr_line' id='line_1_33' title="bbox 2078 1487 3732 1571; baseline 0.002 -21"><span class='ocrx_word' id='word_1_226' title='bbox 2078 1489 2385 1550; x_wconf 79' lang='lat' dir='ltr'><strong>excusatio</strong></span> <span class='ocrx_word' id='word_1_227' title='bbox 2416 1505 2618 1550; x_wconf 70' lang='lat' dir='ltr'><strong>nosura</strong></span> <span class='ocrx_word' id='word_1_228' title='bbox 2641 1489 2819 1549; x_wconf 87' lang='lat' dir='ltr'><strong>ﬁnem</strong></span> <span class='ocrx_word' id='word_1_229' title='bbox 2845 1488 3083 1552; x_wconf 84' lang='lat' dir='ltr'><strong>habeat.</strong></span> <span class='ocrx_word' id='word_1_230' title='bbox 3102 1487 3308 1570; x_wconf 90' lang='lat' dir='ltr'><strong>Neque</strong></span> <span class='ocrx_word' id='word_1_231' title='bbox 3325 1491 3481 1553; x_wconf 81' lang='lat' dir='ltr'><strong>enim</strong></span> <span class='ocrx_word' id='word_1_232' title='bbox 3506 1490 3732 1571; x_wconf 88' lang='lat' dir='ltr'><strong>longio-</strong></span> 
     </span>
    </p>
   </div>
   <div class='ocr_carea' id='block_1_34' title="bbox 2078 1576 3733 1659">
    <p class='ocr_par' dir='ltr' id='par_1_34' title="bbox 2078 1576 3733 1659">
     <span class='ocr_line' id='line_1_34' title="bbox 2078 1576 3733 1659; baseline 0.004 -21"><span class='ocrx_word' id='word_1_233' title='bbox 2078 1596 2143 1639; x_wconf 90' lang='lat' dir='ltr'><strong>re</strong></span> <span class='ocrx_word' id='word_1_234' title='bbox 2169 1579 2281 1640; x_wconf 89' lang='lat' dir='ltr'><strong>alia</strong></span> <span class='ocrx_word' id='word_1_235' title='bbox 2307 1578 2450 1639; x_wconf 90' lang='lat' dir='ltr'><strong>mihi</strong></span> <span class='ocrx_word' id='word_1_236' title='bbox 2484 1597 2633 1659; x_wconf 83' lang='lat' dir='ltr'><strong>opus</strong></span> <span class='ocrx_word' id='word_1_237' title='bbox 2664 1578 2791 1639; x_wconf 92' lang='lat' dir='ltr'><strong>fore</strong></span> <span class='ocrx_word' id='word_1_238' title='bbox 2822 1576 3106 1659; x_wconf 83' lang='lat' dir='ltr'><strong>arbitror,</strong></span> <span class='ocrx_word' id='word_1_239' title='bbox 3133 1598 3265 1640; x_wconf 91' lang='lat' dir='ltr'><strong>cum</strong></span> <span class='ocrx_word' id='word_1_240' title='bbox 3300 1580 3410 1639; x_wconf 93' lang='lat' dir='ltr'><strong>sim</strong></span> <span class='ocrx_word' id='word_1_241' title='bbox 3443 1580 3733 1644; x_wconf 83' lang='lat' dir='ltr'><strong>duntaxat</strong></span> 
     </span>
    </p>
   </div>
   <div class='ocr_carea' id='block_1_35' title="bbox 2075 1666 3730 1751">
    <p class='ocr_par' dir='ltr' id='par_1_35' title="bbox 2075 1666 3730 1751">
     <span class='ocr_line' id='line_1_35' title="bbox 2075 1666 3730 1751; baseline 0.003 -21"><span class='ocrx_word' id='word_1_242' title='bbox 2075 1669 2229 1749; x_wconf 89' lang='lat' dir='ltr'><strong>apud</strong></span> <span class='ocrx_word' id='word_1_243' title='bbox 2278 1688 2437 1743; x_wconf 91' lang='lat' dir='ltr'><strong>eum,</strong></span> <span class='ocrx_word' id='word_1_244' title='bbox 2473 1677 2849 1748; x_wconf 89' lang='lat' dir='ltr'><strong>ceterosque,</strong></span> <span class='ocrx_word' id='word_1_245' title='bbox 2884 1666 3101 1748; x_wconf 90' lang='lat' dir='ltr'><strong>quibus</strong></span> <span class='ocrx_word' id='word_1_246' title='bbox 3150 1687 3249 1731; x_wconf 91' lang='lat' dir='ltr'><strong>res</strong></span> <span class='ocrx_word' id='word_1_247' title='bbox 3280 1677 3497 1730; x_wconf 65' lang='lat' dir='ltr'><strong>nostra:</strong></span> <span class='ocrx_word' id='word_1_248' title='bbox 3547 1671 3730 1751; x_wconf 90' lang='lat' dir='ltr'><strong>probe</strong></span> 
     </span>
    </p>
   </div>
   <div class='ocr_carea' id='block_1_36' title="bbox 2074 1758 3731 1839">
    <p class='ocr_par' dir='ltr' id='par_1_36' title="bbox 2074 1758 3731 1839">
     <span class='ocr_line' id='line_1_36' title="bbox 2074 1758 3731 1839; baseline 0.003 -20"><span class='ocrx_word' id='word_1_249' title='bbox 2074 1758 2323 1838; x_wconf 69' lang='lat' dir='ltr'><strong>cognitae</strong></span> <span class='ocrx_word' id='word_1_250' title='bbox 2348 1768 2484 1819; x_wconf 89' lang='lat' dir='ltr'><strong>sunt</strong></span> <span class='ocrx_word' id='word_1_251' title='bbox 2506 1767 2564 1820; x_wconf 89' lang='lat' dir='ltr'><strong>et</strong></span> <span class='ocrx_word' id='word_1_252' title='bbox 2586 1758 2930 1839; x_wconf 65' lang='lat' dir='ltr'><strong>exploratae,</strong></span> <span class='ocrx_word' id='word_1_253' title='bbox 2957 1758 3285 1821; x_wconf 90' lang='lat' dir='ltr'><strong>locuturus.</strong></span> <span class='ocrx_word' id='word_1_254' title='bbox 3311 1760 3433 1821; x_wconf 86' lang='lat' dir='ltr'><strong>.lam</strong></span> <span class='ocrx_word' id='word_1_255' title='bbox 3457 1759 3636 1839; x_wconf 86' lang='lat' dir='ltr'><strong>igitur</strong></span> <span class='ocrx_word' id='word_1_256' title='bbox 3654 1763 3731 1824; x_wconf 88' lang='lat' dir='ltr'><strong>ad</strong></span> 
     </span>
    </p>
   </div>
   <div class='ocr_carea' id='block_1_37' title="bbox 2074 1846 3727 1924">
    <p class='ocr_par' dir='ltr' id='par_1_37' title="bbox 2074 1846 3727 1924">
     <span class='ocr_line' id='line_1_37' title="bbox 2074 1846 3727 1924; baseline 0.004 -14"><span class='ocrx_word' id='word_1_257' title='bbox 2074 1848 2474 1910; x_wconf 87' lang='lat' dir='ltr'><strong>laudationem</strong></span> <span class='ocrx_word' id='word_1_258' title='bbox 2519 1847 2692 1909; x_wconf 92' lang='lat' dir='ltr'><strong>nobis</strong></span> <span class='ocrx_word' id='word_1_259' title='bbox 2743 1846 3159 1910; x_wconf 87' lang='lat' dir='ltr'><strong>accedendum</strong></span> <span class='ocrx_word' id='word_1_260' title='bbox 3221 1850 3356 1909; x_wconf 76' lang='lat'><strong>772</strong></span> <span class='ocrx_word' id='word_1_261' title='bbox 3418 1859 3530 1924; x_wconf 80' lang='lat' dir='ltr'><strong>est,</strong></span> <span class='ocrx_word' id='word_1_262' title='bbox 3566 1848 3727 1915; x_wconf 91' lang='lat' dir='ltr'><strong>illius</strong></span> 
     </span>
    </p>
   </div>
   <div class='ocr_carea' id='block_1_38' title="bbox 336 1935 3731 2023">
    <p class='ocr_par' dir='ltr' id='par_1_38' title="bbox 336 1935 3731 2023">
     <span class='ocr_line' id='line_1_38' title="bbox 336 1935 3731 2023; baseline -0.001 -24"><span class='ocrx_word' id='word_1_263' title='bbox 336 1939 521 2000; x_wconf 88' lang='lat' dir='ltr'><strong>Deum</strong></span> <span class='ocrx_word' id='word_1_264' title='bbox 556 1940 807 2002; x_wconf 89' lang='lat' dir='ltr'><strong>orationi</strong></span> <span class='ocrx_word' id='word_1_265' title='bbox 836 1947 1057 2003; x_wconf 71' lang='lat' dir='ltr'><strong>nostrae</strong></span> <span class='ocrx_word' id='word_1_266' title='bbox 1085 1939 1574 2023; x_wconf 73' lang='lat' dir='ltr'><strong>praeﬁcientibus;</strong></span> <span class='ocrx_word' id='word_1_267' title='bbox 1611 1958 1685 2004; x_wconf 91' lang='lat' dir='ltr'><strong>ne</strong></span> <span class='ocrx_word' id='word_1_268' title='bbox 1717 1941 1941 2002; x_wconf 90' lang='lat' dir='ltr'><strong>nostris</strong></span> <span class='ocrx_word' id='word_1_269' title='bbox 1972 1937 2245 2002; x_wconf 90' lang='lat' dir='ltr'><strong>laudibus</strong></span> <span class='ocrx_word' id='word_1_270' title='bbox 2277 1939 2413 2000; x_wconf 91' lang='lat' dir='ltr'><strong>huic</strong></span> <span class='ocrx_word' id='word_1_271' title='bbox 2444 1937 2574 1999; x_wconf 88' lang='lat' dir='ltr'><strong>viro</strong></span> <span class='ocrx_word' id='word_1_272' title='bbox 2596 1936 2858 1998; x_wconf 90' lang='lat' dir='ltr'><strong>dedecus</strong></span> <span class='ocrx_word' id='word_1_273' title='bbox 2893 1935 3241 2013; x_wconf 82' lang='lat' dir='ltr'><strong>inferamus,</strong></span> <span class='ocrx_word' id='word_1_274' title='bbox 3274 1938 3346 1999; x_wconf 91' lang='lat' dir='ltr'><strong>ab</strong></span> <span class='ocrx_word' id='word_1_275' title='bbox 3378 1938 3592 2019; x_wconf 88' lang='lat' dir='ltr'><strong>iisque,</strong></span> <span class='ocrx_word' id='word_1_276' title='bbox 3626 1935 3731 2021; x_wconf 90' lang='lat' dir='ltr'><strong>qui</strong></span> 
     </span>
    </p>
   </div>
   <div class='ocr_carea' id='block_1_39' title="bbox 325 2027 3727 2110">
    <p class='ocr_par' dir='ltr' id='par_1_39' title="bbox 325 2027 3727 2110">
     <span class='ocr_line' id='line_1_39' title="bbox 325 2027 3727 2110; baseline 0.001 -22"><span class='ocrx_word' id='word_1_277' title='bbox 325 2029 452 2109; x_wconf 87' lang='lat' dir='ltr'><strong>jam</strong></span> <span class='ocrx_word' id='word_1_278' title='bbox 485 2028 542 2089; x_wconf 91' lang='lat' dir='ltr'><strong>in</strong></span> <span class='ocrx_word' id='word_1_279' title='bbox 577 2029 687 2091; x_wconf 90' lang='lat' dir='ltr'><strong>hoc</strong></span> <span class='ocrx_word' id='word_1_280' title='bbox 721 2039 1070 2109; x_wconf 86' lang='lat' dir='ltr'><strong>argumento</strong></span> <span class='ocrx_word' id='word_1_281' title='bbox 1099 2031 1316 2094; x_wconf 87' lang='lat' dir='ltr'><strong>versati</strong></span> <span class='ocrx_word' id='word_1_282' title='bbox 1356 2038 1515 2105; x_wconf 90' lang='lat' dir='ltr'><strong>sunt,</strong></span> <span class='ocrx_word' id='word_1_283' title='bbox 1552 2030 1728 2110; x_wconf 92' lang='lat' dir='ltr'><strong>longo</strong></span> <span class='ocrx_word' id='word_1_284' title='bbox 1758 2030 2071 2092; x_wconf 82' lang='lat' dir='ltr'><strong>intervallo</strong></span> <span class='ocrx_word' id='word_1_285' title='bbox 2111 2036 2558 2108; x_wconf 63' lang='lat' dir='ltr'><strong>prmtereamur;</strong></span> <span class='ocrx_word' id='word_1_286' title='bbox 2607 2045 2940 2107; x_wconf 91' lang='lat' dir='ltr'><strong>quanquam</strong></span> <span class='ocrx_word' id='word_1_287' title='bbox 2994 2027 3241 2089; x_wconf 81' lang='lat' dir='ltr'><strong>fortasse</strong></span> <span class='ocrx_word' id='word_1_288' title='bbox 3282 2046 3490 2089; x_wconf 90' lang='lat' dir='ltr'><strong>omnes</strong></span> <span class='ocrx_word' id='word_1_289' title='bbox 3520 2028 3594 2090; x_wconf 88' lang='lat' dir='ltr'><strong>ab</strong></span> <span class='ocrx_word' id='word_1_290' title='bbox 3626 2029 3727 2092; x_wconf 92' lang='lat' dir='ltr'><strong>illo</strong></span> 
     </span>
    </p>
   </div>
   <div class='ocr_carea' id='block_1_40' title="bbox 331 2115 3124 2201">
    <p class='ocr_par' dir='ltr' id='par_1_40' title="bbox 331 2115 3124 2201">
     <span class='ocr_line' id='line_1_40' title="bbox 331 2115 3124 2201; baseline 0 -24"><span class='ocrx_word' id='word_1_291' title='bbox 331 2117 454 2197; x_wconf 88' lang='lat' dir='ltr'><strong>pari</strong></span> <span class='ocrx_word' id='word_1_292' title='bbox 487 2117 795 2182; x_wconf 91' lang='lat' dir='ltr'><strong>intervallo</strong></span> <span class='ocrx_word' id='word_1_293' title='bbox 828 2119 1142 2201; x_wconf 92' lang='lat' dir='ltr'><strong>distemus,</strong></span> <span class='ocrx_word' id='word_1_294' title='bbox 1177 2139 1297 2182; x_wconf 91' lang='lat' dir='ltr'><strong>non</strong></span> <span class='ocrx_word' id='word_1_295' title='bbox 1328 2138 1504 2183; x_wconf 88' lang='lat' dir='ltr'><strong>secus</strong></span> <span class='ocrx_word' id='word_1_296' title='bbox 1525 2128 1701 2201; x_wconf 89' lang='lat' dir='ltr'><strong>atque</strong></span> <span class='ocrx_word' id='word_1_297' title='bbox 1731 2141 1762 2180; x_wconf 88' lang='lat' dir='ltr'><strong>a</strong></span> <span class='ocrx_word' id='word_1_298' title='bbox 1794 2119 1946 2184; x_wconf 63' lang='lat' dir='ltr'><strong>caelo</strong></span> <span class='ocrx_word' id='word_1_299' title='bbox 1972 2117 2233 2198; x_wconf 74' lang='lat' dir='ltr'><strong>solisque.</strong></span> <span class='ocrx_word' id='word_1_300' title='bbox 2266 2117 2471 2192; x_wconf 88' lang='lat' dir='ltr'><strong>radiis,</strong></span> <span class='ocrx_word' id='word_1_301' title='bbox 2506 2115 2609 2197; x_wconf 79' lang='lat' dir='ltr'><strong>qui</strong></span> <span class='ocrx_word' id='word_1_302' title='bbox 2640 2134 2709 2177; x_wconf 89' lang='lat' dir='ltr'><strong>ea</strong></span> <span class='ocrx_word' id='word_1_303' title='bbox 2742 2124 3124 2178; x_wconf 87' lang='lat' dir='ltr'><strong>contuentur.</strong></span> 
     </span>
    </p>
   </div>
   <div class='ocr_carea' id='block_1_41' title="bbox 411 2206 1988 2290">
    <p class='ocr_par' dir='ltr' id='par_1_41' title="bbox 411 2206 1988 2290">
     <span class='ocr_line' id='line_1_41' title="bbox 411 2206 1988 2290; baseline 0.001 -26"><span class='ocrx_word' id='word_1_304' title='bbox 411 2207 499 2271; x_wconf 90' lang='grc' dir='ltr'><strong>Γ¹.</strong></span> <span class='ocrx_word' id='word_1_305' title='bbox 532 2206 597 2269; x_wconf 76' lang='grc' dir='ltr'>Εἰ</span> <span class='ocrx_word' id='word_1_306' title='bbox 643 2211 742 2284; x_wconf 78' lang='grc' dir='ltr'>μὲν</span> <span class='ocrx_word' id='word_1_307' title='bbox 774 2213 863 2266; x_wconf 70' lang='grc' dir='ltr'><strong>οὖν</strong></span> <span class='ocrx_word' id='word_1_308' title='bbox 908 2209 1087 2288; x_wconf 84' lang='grc' dir='ltr'>ἐώρων</span> <span class='ocrx_word' id='word_1_309' title='bbox 1132 2212 1291 2268; x_wconf 70' lang='grc' dir='ltr'>αὐτὸν</span> <span class='ocrx_word' id='word_1_310' title='bbox 1336 2211 1477 2290; x_wconf 87' lang='grc' dir='ltr'>γένει</span> <span class='ocrx_word' id='word_1_311' title='bbox 1528 2212 1764 2276; x_wconf 74' lang='grc' dir='ltr'>καὶτοῖς</span> <span class='ocrx_word' id='word_1_312' title='bbox 1796 2210 1855 2267; x_wconf 77' lang='grc' dir='ltr'>ἐκ</span> <span class='ocrx_word' id='word_1_313' title='bbox 1891 2209 1988 2289; x_wconf 85' lang='grc' dir='ltr'>γέ-</span> 
     </span>
    </p>
   </div>
   <div class='ocr_carea' id='block_1_42' title="bbox 327 2298 1989 2382">
    <p class='ocr_par' dir='ltr' id='par_1_42' title="bbox 327 2298 1989 2382">
     <span class='ocr_line' id='line_1_42' title="bbox 327 2298 1989 2382; baseline 0.003 -29"><span class='ocrx_word' id='word_1_314' title='bbox 327 2320 446 2360; x_wconf 72' lang='grc' dir='ltr'>νους</span> <span class='ocrx_word' id='word_1_315' title='bbox 504 2298 976 2379; x_wconf 77' lang='grc' dir='ltr'>φιλοτιμούμενον,</span> <span class='ocrx_word' id='word_1_316' title='bbox 1038 2299 1073 2368; x_wconf 74' lang='grc' dir='ltr'><strong>ἥ</strong></span> <span class='ocrx_word' id='word_1_317' title='bbox 1132 2324 1233 2358; x_wconf 82' lang='grc' dir='ltr'>τινι</span> <span class='ocrx_word' id='word_1_318' title='bbox 1292 2307 1399 2357; x_wconf 83' lang='grc' dir='ltr'>τῶν</span> <span class='ocrx_word' id='word_1_319' title='bbox 1452 2307 1660 2382; x_wconf 80' lang='grc' dir='ltr'>μικρῶν</span> <span class='ocrx_word' id='word_1_320' title='bbox 1704 2299 1870 2380; x_wconf 74' lang='grc' dir='ltr'>ὅλως,</span> <span class='ocrx_word' id='word_1_321' title='bbox 1902 2302 1989 2358; x_wconf 85' lang='grc' dir='ltr'><strong>καὶ</strong></span> 
     </span>
    </p>
   </div>
   <div class='ocr_carea' id='block_1_43' title="bbox 326 2389 1988 2470">
    <p class='ocr_par' dir='ltr' id='par_1_43' title="bbox 326 2389 1988 2470">
     <span class='ocr_line' id='line_1_43' title="bbox 326 2389 1988 2470; baseline 0.002 -26"><span class='ocrx_word' id='word_1_322' title='bbox 326 2390 415 2445; x_wconf 71' lang='grc' dir='ltr'><strong>οἷς</strong></span> <span class='ocrx_word' id='word_1_323' title='bbox 448 2392 495 2444; x_wconf 74' lang='grc' dir='ltr'>οἱ</span> <span class='ocrx_word' id='word_1_324' title='bbox 529 2392 707 2469; x_wconf 83' lang='grc' dir='ltr'>χαμαὶ</span> <span class='ocrx_word' id='word_1_325' title='bbox 741 2389 1033 2467; x_wconf 83' lang='grc' dir='ltr'>βλέποντες</span> <span class='ocrx_word' id='word_1_326' title='bbox 1072 2390 1222 2470; x_wconf 79' lang='grc'>(43),</span> <span class='ocrx_word' id='word_1_327' title='bbox 1279 2390 1442 2456; x_wconf 78' lang='grc' dir='ltr'>ἄλλος</span> <span class='ocrx_word' id='word_1_328' title='bbox 1477 2390 1540 2448; x_wconf 78' lang='grc' dir='ltr'><strong>ἂν</strong></span> <span class='ocrx_word' id='word_1_329' title='bbox 1595 2391 1787 2470; x_wconf 75' lang='grc' dir='ltr'>ἡρώων</span> <span class='ocrx_word' id='word_1_330' title='bbox 1836 2390 1988 2469; x_wconf 81' lang='grc' dir='ltr'>ὤφθη</span> 
     </span>
    </p>
   </div>
   <div class='ocr_carea' id='block_1_44' title="bbox 327 2473 1991 2562">
    <p class='ocr_par' dir='ltr' id='par_1_44' title="bbox 327 2473 1991 2562">
     <span class='ocr_line' id='line_1_44' title="bbox 327 2473 1991 2562; baseline 0.001 -29"><span class='ocrx_word' id='word_1_331' title='bbox 327 2477 651 2557; x_wconf 78' lang='grc' dir='ltr'>κατάλογος.</span> <span class='ocrx_word' id='word_1_332' title='bbox 678 2473 835 2538; x_wconf 72' lang='grc' dir='ltr'>’Ὅσα</span> <span class='ocrx_word' id='word_1_333' title='bbox 864 2487 971 2536; x_wconf 82' lang='grc' dir='ltr'><strong>τῶν</strong></span> <span class='ocrx_word' id='word_1_334' title='bbox 1000 2482 1129 2561; x_wconf 75' lang='grc' dir='ltr'>ὑπὲρ</span> <span class='ocrx_word' id='word_1_335' title='bbox 1159 2482 1365 2538; x_wconf 71' lang='grc' dir='ltr'>ἐκεῖνον</span> <span class='ocrx_word' id='word_1_336' title='bbox 1395 2495 1515 2543; x_wconf 77' lang='grc' dir='ltr'>τοῖς</span> <span class='ocrx_word' id='word_1_337' title='bbox 1552 2480 1772 2562; x_wconf 76' lang='grc' dir='ltr'>χρόνοις</span> <span class='ocrx_word' id='word_1_338' title='bbox 1803 2481 1991 2553; x_wconf 62' lang='grc' dir='ltr'>ἐκείνῳ</span> 
     </span>
    </p>
   </div>
   <div class='ocr_carea' id='block_1_45' title="bbox 330 2568 1987 2650">
    <p class='ocr_par' dir='ltr' id='par_1_45' title="bbox 330 2568 1987 2650">
     <span class='ocr_line' id='line_1_45' title="bbox 330 2568 1987 2650; baseline 0 -25"><span class='ocrx_word' id='word_1_339' title='bbox 330 2584 749 2646; x_wconf 59' lang='grc' dir='ltr'>συνεισενεγκεῖν</span> <span class='ocrx_word' id='word_1_340' title='bbox 778 2568 903 2649; x_wconf 80' lang='grc'><strong>(44)</strong></span> <span class='ocrx_word' id='word_1_341' title='bbox 950 2568 1219 2650; x_wconf 65' lang='grc' dir='ltr'>εἴχομενι</span> <span class='ocrx_word' id='word_1_342' title='bbox 1286 2571 1381 2627; x_wconf 82' lang='grc' dir='ltr'><strong>Καὶ</strong></span> <span class='ocrx_word' id='word_1_343' title='bbox 1434 2568 1539 2627; x_wconf 77' lang='grc' dir='ltr'>οὐδ’</span> <span class='ocrx_word' id='word_1_344' title='bbox 1596 2572 1657 2625; x_wconf 83' lang='grc' dir='ltr'><strong>ἀν</strong></span> <span class='ocrx_word' id='word_1_345' title='bbox 1689 2583 1811 2632; x_wconf 81' lang='grc' dir='ltr'>ταῖς</span> <span class='ocrx_word' id='word_1_346' title='bbox 1842 2570 1987 2625; x_wconf 69' lang='grc' dir='ltr'>ἱστον</span> 
     </span>
    </p>
   </div>
   <div class='ocr_carea' id='block_1_46' title="bbox 331 2656 1989 2739">
    <p class='ocr_par' dir='ltr' id='par_1_46' title="bbox 331 2656 1989 2739">
     <span class='ocr_line' id='line_1_46' title="bbox 331 2656 1989 2739; baseline 0.003 -29"><span class='ocrx_word' id='word_1_347' title='bbox 331 2656 466 2733; x_wconf 83' lang='grc' dir='ltr'>ρίαις</span> <span class='ocrx_word' id='word_1_348' title='bbox 517 2660 835 2733; x_wconf 75' lang='grc' dir='ltr'>παρήκαμεν</span> <span class='ocrx_word' id='word_1_349' title='bbox 894 2657 1043 2739; x_wconf 75' lang='grc' dir='ltr'>ἔχειν</span> <span class='ocrx_word' id='word_1_350' title='bbox 1096 2680 1146 2716; x_wconf 90' lang='grc' dir='ltr'><strong>τι</strong></span> <span class='ocrx_word' id='word_1_351' title='bbox 1208 2658 1369 2716; x_wconf 72' lang='grc' dir='ltr'>πλέον</span> <span class='ocrx_word' id='word_1_352' title='bbox 1421 2664 1577 2734; x_wconf 72' lang='grc' dir='ltr'>ἡμῶν</span> <span class='ocrx_word' id='word_1_353' title='bbox 1612 2675 1626 2689; x_wconf 84' lang='grc'><strong>⁹</strong></span> <span class='ocrx_word' id='word_1_354' title='bbox 1691 2657 1869 2716; x_wconf 71' lang='grc' dir='ltr'>ἐκεῖνό</span> <span class='ocrx_word' id='word_1_355' title='bbox 1928 2680 1989 2737; x_wconf 88' lang='grc' dir='ltr'><strong>γε</strong></span> 
     </span>
    </p>
   </div>
   <div class='ocr_carea' id='block_1_47' title="bbox 333 2745 1990 2829">
    <p class='ocr_par' dir='ltr' id='par_1_47' title="bbox 333 2745 1990 2829">
     <span class='ocr_line' id='line_1_47' title="bbox 333 2745 1990 2829; baseline 0.002 -28"><span class='ocrx_word' id='word_1_356' title='bbox 333 2745 497 2803; x_wconf 84' lang='grc' dir='ltr'>πλέον</span> <span class='ocrx_word' id='word_1_357' title='bbox 541 2745 763 2827; x_wconf 70' lang='grc' dir='ltr'>ἔχοντες</span> <span class='ocrx_word' id='word_1_358' title='bbox 814 2748 1053 2829; x_wconf 82' lang='grc' dir='ltr'>πάντως,</span> <span class='ocrx_word' id='word_1_359' title='bbox 1114 2750 1175 2804; x_wconf 84' lang='grc' dir='ltr'>τὸ</span> <span class='ocrx_word' id='word_1_360' title='bbox 1230 2750 1307 2824; x_wconf 77' lang='grc' dir='ltr'><strong>μὴ</strong></span> <span class='ocrx_word' id='word_1_361' title='bbox 1363 2747 1667 2823; x_wconf 75' lang='grc' dir='ltr'>πλάσμασι,</span> <span class='ocrx_word' id='word_1_362' title='bbox 1713 2746 1853 2823; x_wconf 81' lang='grc' dir='ltr'>μηδὲ</span> <span class='ocrx_word' id='word_1_363' title='bbox 1895 2749 1990 2823; x_wconf 88' lang='grc' dir='ltr'>μύ-</span> 
     </span>
    </p>
   </div>
   <div class='ocr_carea' id='block_1_48' title="bbox 332 2836 1990 2917">
    <p class='ocr_par' dir='ltr' id='par_1_48' title="bbox 332 2836 1990 2917">
     <span class='ocr_line' id='line_1_48' title="bbox 332 2836 1990 2917; baseline 0.002 -26"><span class='ocrx_word' id='word_1_364' title='bbox 332 2839 466 2907; x_wconf 88' lang='grc' dir='ltr'>θοις,</span> <span class='ocrx_word' id='word_1_365' title='bbox 517 2841 699 2901; x_wconf 68' lang='grc' dir='ltr'>αὐτοῖς</span> <span class='ocrx_word' id='word_1_366' title='bbox 782 2837 837 2893; x_wconf 80' lang='grc' dir='ltr'>δὲ</span> <span class='ocrx_word' id='word_1_367' title='bbox 893 2842 1014 2902; x_wconf 88' lang='grc' dir='ltr'>τοῖς</span> <span class='ocrx_word' id='word_1_368' title='bbox 1060 2839 1340 2917; x_wconf 77' lang='grc' dir='ltr'>πράγμασι</span> <span class='ocrx_word' id='word_1_369' title='bbox 1397 2836 1837 2917; x_wconf 84' lang='grc' dir='ltr'>κολλωπίζεσθαι,</span> <span class='ocrx_word' id='word_1_370' title='bbox 1901 2838 1990 2894; x_wconf 81' lang='grc' dir='ltr'><strong>καὶ</strong></span> 
     </span>
    </p>
   </div>
   <div class='ocr_carea' id='block_1_49' title="bbox 330 2925 1989 3009">
    <p class='ocr_par' dir='ltr' id='par_1_49' title="bbox 330 2925 1989 3009">
     <span class='ocr_line' id='line_1_49' title="bbox 330 2925 1989 3009; baseline -0.001 -26"><span class='ocrx_word' id='word_1_371' title='bbox 330 2927 407 2983; x_wconf 84' lang='grc' dir='ltr'>ὧν</span> <span class='ocrx_word' id='word_1_372' title='bbox 437 2925 628 2984; x_wconf 61' lang='grc' dir='ltr'>πολλοὶ</span> <span class='ocrx_word' id='word_1_373' title='bbox 675 2929 954 3008; x_wconf 82' lang='grc' dir='ltr'>μάρτυρες,</span> <span class='ocrx_word' id='word_1_374' title='bbox 1021 2928 1204 2985; x_wconf 85' lang='grc' dir='ltr'>Πολλὰ</span> <span class='ocrx_word' id='word_1_375' title='bbox 1258 2929 1357 3005; x_wconf 83' lang='grc' dir='ltr'>μὲν</span> <span class='ocrx_word' id='word_1_376' title='bbox 1411 2928 1510 3009; x_wconf 83' lang='grc' dir='ltr'><strong>γὰρ</strong></span> <span class='ocrx_word' id='word_1_377' title='bbox 1540 2931 1567 2984; x_wconf 85' lang='grc' dir='ltr'>ὁ</span> <span class='ocrx_word' id='word_1_378' title='bbox 1601 2929 1800 2992; x_wconf 87' lang='grc' dir='ltr'>Πόντος</span> <span class='ocrx_word' id='word_1_379' title='bbox 1854 2929 1989 3002; x_wconf 73' lang='grc' dir='ltr'>ἡμῖν</span> 
     </span>
    </p>
   </div>
   <div class='ocr_carea' id='block_1_50' title="bbox 2161 2205 3728 2288">
    <p class='ocr_par' dir='ltr' id='par_1_50' title="bbox 2161 2205 3728 2288">
     <span class='ocr_line' id='line_1_50' title="bbox 2161 2205 3728 2288; baseline 0.001 -19"><span class='ocrx_word' id='word_1_380' title='bbox 2161 2206 2259 2269; x_wconf 88' lang='lat' dir='ltr'><strong>lIl.</strong></span> <span class='ocrx_word' id='word_1_381' title='bbox 2285 2206 2598 2267; x_wconf 87' lang='lat' dir='ltr'><strong>Enimvero</strong></span> <span class='ocrx_word' id='word_1_382' title='bbox 2617 2205 2667 2267; x_wconf 92' lang='lat' dir='ltr'><strong>si</strong></span> <span class='ocrx_word' id='word_1_383' title='bbox 2688 2224 2821 2267; x_wconf 90' lang='lat' dir='ltr'><strong>eum</strong></span> <span class='ocrx_word' id='word_1_384' title='bbox 2849 2224 3167 2285; x_wconf 81' lang='lat' dir='ltr'><strong>genere,ac</strong></span> <span class='ocrx_word' id='word_1_385' title='bbox 3186 2206 3424 2286; x_wconf 83' lang='lat' dir='ltr'><strong>generis</strong></span> <span class='ocrx_word' id='word_1_386' title='bbox 3447 2207 3728 2288; x_wconf 89' lang='lat' dir='ltr'><strong>splendo-</strong></span> 
     </span>
    </p>
   </div>
   <div class='ocr_carea' id='block_1_51' title="bbox 2074 2295 3723 2379">
    <p class='ocr_par' dir='ltr' id='par_1_51' title="bbox 2074 2295 3723 2379">
     <span class='ocr_line' id='line_1_51' title="bbox 2074 2295 3723 2379; baseline 0.001 -22"><span class='ocrx_word' id='word_1_387' title='bbox 2074 2315 2139 2357; x_wconf 89' lang='lat' dir='ltr'><strong>re</strong></span> <span class='ocrx_word' id='word_1_388' title='bbox 2158 2296 2397 2376; x_wconf 88' lang='lat' dir='ltr'><strong>gloriari</strong></span> <span class='ocrx_word' id='word_1_389' title='bbox 2418 2296 2852 2376; x_wconf 89' lang='lat' dir='ltr'><strong>perspicerem,</strong></span> <span class='ocrx_word' id='word_1_390' title='bbox 2874 2303 2974 2355; x_wconf 88' lang='lat' dir='ltr'><strong>aut</strong></span> <span class='ocrx_word' id='word_1_391' title='bbox 2998 2295 3113 2357; x_wconf 89' lang='lat' dir='ltr'><strong>ulla</strong></span> <span class='ocrx_word' id='word_1_392' title='bbox 3137 2315 3202 2358; x_wconf 89' lang='lat' dir='ltr'><strong>re</strong></span> <span class='ocrx_word' id='word_1_393' title='bbox 3226 2315 3296 2358; x_wconf 85' lang='lat' dir='ltr'><strong>ex</strong></span> <span class='ocrx_word' id='word_1_394' title='bbox 3317 2297 3410 2377; x_wconf 90' lang='lat' dir='ltr'><strong>iis,</strong></span> <span class='ocrx_word' id='word_1_395' title='bbox 3440 2316 3569 2379; x_wconf 72' lang='lat' dir='ltr'><strong>quae</strong></span> <span class='ocrx_word' id='word_1_396' title='bbox 3591 2318 3723 2360; x_wconf 89' lang='lat' dir='ltr'><strong>om-</strong></span> 
     </span>
    </p>
   </div>
   <div class='ocr_carea' id='block_1_52' title="bbox 2075 2384 3724 2467">
    <p class='ocr_par' dir='ltr' id='par_1_52' title="bbox 2075 2384 3724 2467">
     <span class='ocr_line' id='line_1_52' title="bbox 2075 2384 3724 2467; baseline 0.004 -21"><span class='ocrx_word' id='word_1_397' title='bbox 2075 2386 2215 2446; x_wconf 94' lang='lat' dir='ltr'><strong>nino</strong></span> <span class='ocrx_word' id='word_1_398' title='bbox 2249 2404 2443 2466; x_wconf 71' lang='lat' dir='ltr'><strong>parvae</strong></span> <span class='ocrx_word' id='word_1_399' title='bbox 2476 2394 2634 2461; x_wconf 91' lang='lat' dir='ltr'><strong>sunt,</strong></span> <span class='ocrx_word' id='word_1_400' title='bbox 2672 2394 2729 2446; x_wconf 89' lang='lat' dir='ltr'><strong>et</strong></span> <span class='ocrx_word' id='word_1_401' title='bbox 2778 2384 2995 2465; x_wconf 90' lang='lat' dir='ltr'><strong>quibus</strong></span> <span class='ocrx_word' id='word_1_402' title='bbox 3025 2385 3090 2466; x_wconf 92' lang='lat' dir='ltr'><strong>ii,</strong></span> <span class='ocrx_word' id='word_1_403' title='bbox 3124 2385 3225 2467; x_wconf 91' lang='lat' dir='ltr'><strong>qui</strong></span> <span class='ocrx_word' id='word_1_404' title='bbox 3274 2387 3442 2447; x_wconf 90' lang='lat' dir='ltr'><strong>humi</strong></span> <span class='ocrx_word' id='word_1_405' title='bbox 3496 2388 3724 2451; x_wconf 86' lang='lat' dir='ltr'><strong>deﬁxos</strong></span> 
     </span>
    </p>
   </div>
   <div class='ocr_carea' id='block_1_53' title="bbox 2073 2474 3723 2555">
    <p class='ocr_par' dir='ltr' id='par_1_53' title="bbox 2073 2474 3723 2555">
     <span class='ocr_line' id='line_1_53' title="bbox 2073 2474 3723 2555; baseline 0.003 -20"><span class='ocrx_word' id='word_1_406' title='bbox 2073 2475 2279 2536; x_wconf 90' lang='lat' dir='ltr'><strong>oculos</strong></span> <span class='ocrx_word' id='word_1_407' title='bbox 2311 2474 2551 2549; x_wconf 90' lang='lat' dir='ltr'><strong>habent,</strong></span> <span class='ocrx_word' id='word_1_408' title='bbox 2592 2474 2792 2536; x_wconf 76' lang='lat' dir='ltr'><strong>efferri</strong></span> <span class='ocrx_word' id='word_1_409' title='bbox 2823 2475 3208 2555; x_wconf 87' lang='lat' dir='ltr'><strong>solent,alius</strong></span> <span class='ocrx_word' id='word_1_410' title='bbox 3237 2476 3441 2555; x_wconf 90' lang='lat' dir='ltr'><strong>utique</strong></span> <span class='ocrx_word' id='word_1_411' title='bbox 3473 2478 3723 2540; x_wconf 90' lang='lat' dir='ltr'><strong>heroum</strong></span> 
     </span>
    </p>
   </div>
   <div class='ocr_carea' id='block_1_54' title="bbox 2072 2563 3723 2645">
    <p class='ocr_par' dir='ltr' id='par_1_54' title="bbox 2072 2563 3723 2645">
     <span class='ocr_line' id='line_1_54' title="bbox 2072 2563 3723 2645; baseline 0.002 -19"><span class='ocrx_word' id='word_1_412' title='bbox 2072 2565 2370 2643; x_wconf 85' lang='lat' dir='ltr'><strong>catalogus</strong></span> <span class='ocrx_word' id='word_1_413' title='bbox 2400 2572 2733 2644; x_wconf 89' lang='lat' dir='ltr'><strong>appareret.</strong></span> <span class='ocrx_word' id='word_1_414' title='bbox 2768 2563 3001 2636; x_wconf 88' lang='lat' dir='ltr'><strong>Quanta</strong></span> <span class='ocrx_word' id='word_1_415' title='bbox 3031 2584 3065 2625; x_wconf 91' lang='lat' dir='ltr'><strong>a</strong></span> <span class='ocrx_word' id='word_1_416' title='bbox 3098 2564 3425 2645; x_wconf 88' lang='lat' dir='ltr'><strong>majoribus</strong></span> <span class='ocrx_word' id='word_1_417' title='bbox 3460 2566 3618 2629; x_wconf 92' lang='lat' dir='ltr'><strong>illius</strong></span> <span class='ocrx_word' id='word_1_418' title='bbox 3649 2572 3723 2630; x_wconf 88' lang='lat' dir='ltr'><strong>ad</strong></span> 
     </span>
    </p>
   </div>
   <div class='ocr_carea' id='block_1_55' title="bbox 2074 2652 3725 2735">
    <p class='ocr_par' dir='ltr' id='par_1_55' title="bbox 2074 2652 3725 2735">
     <span class='ocr_line' id='line_1_55' title="bbox 2074 2652 3725 2735; baseline 0.003 -20"><span class='ocrx_word' id='word_1_419' title='bbox 2074 2673 2209 2715; x_wconf 90' lang='lat' dir='ltr'><strong>eum</strong></span> <span class='ocrx_word' id='word_1_420' title='bbox 2240 2655 2572 2715; x_wconf 88' lang='lat' dir='ltr'><strong>ornandum</strong></span> <span class='ocrx_word' id='word_1_421' title='bbox 2606 2654 2878 2734; x_wconf 90' lang='lat' dir='ltr'><strong>accipere</strong></span> <span class='ocrx_word' id='word_1_422' title='bbox 2907 2673 3226 2735; x_wconf 89' lang='lat' dir='ltr'><strong>possemus</strong></span> <span class='ocrx_word' id='word_1_423' title='bbox 3250 2663 3262 2718; x_wconf 73' lang='grc' dir='ltr'><strong>ι</strong></span> <span class='ocrx_word' id='word_1_424' title='bbox 3290 2652 3413 2718; x_wconf 90' lang='lat' dir='ltr'><strong>Nec</strong></span> <span class='ocrx_word' id='word_1_425' title='bbox 3460 2656 3725 2720; x_wconf 89' lang='lat' dir='ltr'><strong>historiis</strong></span> 
     </span>
    </p>
   </div>
   <div class='ocr_carea' id='block_1_56' title="bbox 2071 2743 3724 2825">
    <p class='ocr_par' dir='ltr' id='par_1_56' title="bbox 2071 2743 3724 2825">
     <span class='ocr_line' id='line_1_56' title="bbox 2071 2743 3724 2825; baseline 0.002 -20"><span class='ocrx_word' id='word_1_426' title='bbox 2071 2745 2311 2825; x_wconf 91' lang='lat' dir='ltr'><strong>quidem</strong></span> <span class='ocrx_word' id='word_1_427' title='bbox 2334 2743 2655 2824; x_wconf 89' lang='lat' dir='ltr'><strong>quidquam</strong></span> <span class='ocrx_word' id='word_1_428' title='bbox 2681 2745 2791 2806; x_wconf 89' lang='lat' dir='ltr'><strong>hac</strong></span> <span class='ocrx_word' id='word_1_429' title='bbox 2816 2753 2980 2824; x_wconf 89' lang='lat' dir='ltr'><strong>parte</strong></span> <span class='ocrx_word' id='word_1_430' title='bbox 3007 2745 3362 2807; x_wconf 89' lang='lat' dir='ltr'><strong>cederemus</strong></span> <span class='ocrx_word' id='word_1_431' title='bbox 3386 2769 3403 2824; x_wconf 79' lang='lat'><strong>-,</strong></span> <span class='ocrx_word' id='word_1_432' title='bbox 3431 2747 3544 2808; x_wconf 89' lang='lat' dir='ltr'><strong>hoc</strong></span> <span class='ocrx_word' id='word_1_433' title='bbox 3563 2757 3724 2810; x_wconf 92' lang='lat' dir='ltr'><strong>certe</strong></span> 
     </span>
    </p>
   </div>
   <div class='ocr_carea' id='block_1_57' title="bbox 2073 2834 3717 2915">
    <p class='ocr_par' dir='ltr' id='par_1_57' title="bbox 2073 2834 3717 2915">
     <span class='ocr_line' id='line_1_57' title="bbox 2073 2834 3717 2915; baseline 0.003 -21"><span class='ocrx_word' id='word_1_434' title='bbox 2073 2835 2315 2897; x_wconf 89' lang='lat' dir='ltr'><strong>nomine</strong></span> <span class='ocrx_word' id='word_1_435' title='bbox 2347 2834 2691 2914; x_wconf 83' lang='lat' dir='ltr'><strong>superiores</strong></span> <span class='ocrx_word' id='word_1_436' title='bbox 2723 2834 2928 2911; x_wconf 89' lang='lat' dir='ltr'><strong>futuri,</strong></span> <span class='ocrx_word' id='word_1_437' title='bbox 2961 2834 3117 2915; x_wconf 91' lang='lat' dir='ltr'><strong>quod</strong></span> <span class='ocrx_word' id='word_1_438' title='bbox 3150 2855 3267 2897; x_wconf 92' lang='lat' dir='ltr'><strong>non</strong></span> <span class='ocrx_word' id='word_1_439' title='bbox 3290 2836 3717 2899; x_wconf 86' lang='lat' dir='ltr'><strong>commentitiis</strong></span> 
     </span>
    </p>
   </div>
   <div class='ocr_carea' id='block_1_58' title="bbox 2074 2924 3720 3008">
    <p class='ocr_par' dir='ltr' id='par_1_58' title="bbox 2074 2924 3720 3008">
     <span class='ocr_line' id='line_1_58' title="bbox 2074 2924 3720 3008; baseline 0.002 -22"><span class='ocrx_word' id='word_1_440' title='bbox 2074 2925 2344 3006; x_wconf 90' lang='lat' dir='ltr'><strong>ﬁctisque</strong></span> <span class='ocrx_word' id='word_1_441' title='bbox 2386 2924 2853 3000; x_wconf 88' lang='lat' dir='ltr'><strong>narrationibus,</strong></span> <span class='ocrx_word' id='word_1_442' title='bbox 2884 2925 2987 2986; x_wconf 92' lang='lat' dir='ltr'><strong>sed</strong></span> <span class='ocrx_word' id='word_1_443' title='bbox 3040 2924 3218 2986; x_wconf 84' lang='lat' dir='ltr'><strong>rebus</strong></span> <span class='ocrx_word' id='word_1_444' title='bbox 3267 2925 3437 3005; x_wconf 90' lang='lat' dir='ltr'><strong>ipsis,</strong></span> <span class='ocrx_word' id='word_1_445' title='bbox 3472 2946 3720 3008; x_wconf 88' lang='lat' dir='ltr'><strong>quarum</strong></span> 
     </span>
    </p>
   </div>
   <div class='ocr_carea' id='block_1_59' title="bbox 322 3013 1982 3097">
    <p class='ocr_par' dir='ltr' id='par_1_59' title="bbox 322 3015 1982 3097">
     <span class='ocr_line' id='line_1_59' title="bbox 322 3015 1982 3097; baseline 0.001 -27"><span class='ocrx_word' id='word_1_446' title='bbox 322 3015 384 3070; x_wconf 70' lang='grc' dir='ltr'>ἐκ</span> <span class='ocrx_word' id='word_1_447' title='bbox 445 3020 539 3073; x_wconf 77' lang='grc' dir='ltr'>τοῦ</span> <span class='ocrx_word' id='word_1_448' title='bbox 574 3020 773 3095; x_wconf 74' lang='grc' dir='ltr'>πατρὸς</span> <span class='ocrx_word' id='word_1_449' title='bbox 835 3016 1121 3096; x_wconf 76' lang='grc' dir='ltr'>προϐάλλει</span> <span class='ocrx_word' id='word_1_450' title='bbox 1175 3020 1241 3075; x_wconf 73' lang='grc' dir='ltr'><strong>τὰ</strong></span> <span class='ocrx_word' id='word_1_451' title='bbox 1291 3018 1626 3097; x_wconf 70' lang='grc' dir='ltr'>διηγήματα,</span> <span class='ocrx_word' id='word_1_452' title='bbox 1660 3018 1749 3073; x_wconf 84' lang='grc' dir='ltr'><strong>καὶ</strong></span> <span class='ocrx_word' id='word_1_453' title='bbox 1780 3015 1982 3080; x_wconf 76' lang='grc' dir='ltr'>ούδενὸς</span> 
     </span>
    </p>
   </div>
   <div class='ocr_carea' id='block_1_60' title="bbox 2076 3013 3719 3097">
    <p class='ocr_par' dir='ltr' id='par_1_60' title="bbox 2076 3015 3719 3089">
     <span class='ocr_line' id='line_1_60' title="bbox 2076 3015 3719 3089; baseline 0.003 -15"><span class='ocrx_word' id='word_1_454' title='bbox 2076 3015 2244 3075; x_wconf 89' lang='lat' dir='ltr'><strong>multi</strong></span> <span class='ocrx_word' id='word_1_455' title='bbox 2269 3021 2449 3077; x_wconf 87' lang='lat' dir='ltr'><strong>testes</strong></span> <span class='ocrx_word' id='word_1_456' title='bbox 2498 3022 2661 3089; x_wconf 90' lang='lat' dir='ltr'><strong>sunt,</strong></span> <span class='ocrx_word' id='word_1_457' title='bbox 2698 3033 3073 3078; x_wconf 90' lang='lat' dir='ltr'><strong>ornaremur.</strong></span> <span class='ocrx_word' id='word_1_458' title='bbox 3102 3016 3286 3078; x_wconf 87' lang='lat' dir='ltr'><strong>Multa</strong></span> <span class='ocrx_word' id='word_1_459' title='bbox 3340 3019 3499 3077; x_wconf 90' lang='lat' dir='ltr'><strong>enim</strong></span> <span class='ocrx_word' id='word_1_460' title='bbox 3546 3016 3719 3079; x_wconf 90' lang='lat' dir='ltr'><strong>nobis</strong></span> 
     </span>
    </p>
   </div>
   <div class='ocr_carea' id='block_1_61' title="bbox 316 3105 1987 3189">
    <p class='ocr_par' dir='ltr' id='par_1_61' title="bbox 316 3105 1987 3189">
     <span class='ocr_line' id='line_1_61' title="bbox 316 3105 1987 3189; baseline 0.002 -29"><span class='ocrx_word' id='word_1_461' title='bbox 316 3105 539 3162; x_wconf 72' lang='grc' dir='ltr'>ἐλάττω</span> <span class='ocrx_word' id='word_1_462' title='bbox 594 3113 701 3162; x_wconf 80' lang='grc' dir='ltr'>τῶν</span> <span class='ocrx_word' id='word_1_463' title='bbox 759 3108 926 3165; x_wconf 72' lang='grc' dir='ltr'>πάλαι</span> <span class='ocrx_word' id='word_1_464' title='bbox 986 3111 1105 3189; x_wconf 84' lang='grc' dir='ltr'>περὶ</span> <span class='ocrx_word' id='word_1_465' title='bbox 1163 3111 1319 3167; x_wconf 68' lang='grc' dir='ltr'>αὐτὸν</span> <span class='ocrx_word' id='word_1_466' title='bbox 1379 3108 1687 3183; x_wconf 79' lang='grc' dir='ltr'>θαυμάτων,</span> <span class='ocrx_word' id='word_1_467' title='bbox 1740 3108 1813 3163; x_wconf 82' lang='grc' dir='ltr'>ὧν</span> <span class='ocrx_word' id='word_1_468' title='bbox 1845 3106 1987 3177; x_wconf 59' lang='grc' dir='ltr'>πλήν·</span> 
     </span>
    </p>
   </div>
   <div class='ocr_carea' id='block_1_62' title="bbox 334 3193 1985 3278">
    <p class='ocr_par' dir='ltr' id='par_1_62' title="bbox 334 3193 1985 3278">
     <span class='ocr_line' id='line_1_62' title="bbox 334 3193 1985 3278; baseline -0.003 -22"><span class='ocrx_word' id='word_1_469' title='bbox 334 3216 430 3271; x_wconf 82' lang='grc' dir='ltr'><strong>ρης</strong></span> <span class='ocrx_word' id='word_1_470' title='bbox 477 3194 605 3274; x_wconf 79' lang='grc'><strong>(45)</strong></span> <span class='ocrx_word' id='word_1_471' title='bbox 638 3202 782 3253; x_wconf 81' lang='grc' dir='ltr'>πᾶσα</span> <span class='ocrx_word' id='word_1_472' title='bbox 819 3198 1097 3278; x_wconf 75' lang='grc' dir='ltr'>συγγραφὴ</span> <span class='ocrx_word' id='word_1_473' title='bbox 1122 3220 1180 3254; x_wconf 89' lang='grc' dir='ltr'><strong>τε</strong></span> <span class='ocrx_word' id='word_1_474' title='bbox 1208 3200 1295 3254; x_wconf 84' lang='grc' dir='ltr'><strong>καὶ</strong></span> <span class='ocrx_word' id='word_1_475' title='bbox 1330 3198 1544 3263; x_wconf 85' lang='grc' dir='ltr'>ποίησις</span> <span class='ocrx_word' id='word_1_476' title='bbox 1579 3213 1591 3227; x_wconf 77' lang='grc'><strong>⁸</strong></span> <span class='ocrx_word' id='word_1_477' title='bbox 1635 3194 1809 3253; x_wconf 82' lang='grc' dir='ltr'>πολλὰ</span> <span class='ocrx_word' id='word_1_478' title='bbox 1841 3193 1895 3251; x_wconf 72' lang='grc' dir='ltr'>δὲ</span> <span class='ocrx_word' id='word_1_479' title='bbox 1925 3197 1985 3252; x_wconf 79' lang='grc' dir='ltr'>τὸ</span> 
     </span>
    </p>
   </div>
   <div class='ocr_carea' id='block_1_63' title="bbox 328 3283 1986 3365">
    <p class='ocr_par' dir='ltr' id='par_1_63' title="bbox 328 3283 1986 3365">
     <span class='ocr_line' id='line_1_63' title="bbox 328 3283 1986 3365; baseline 0.001 -26"><span class='ocrx_word' id='word_1_480' title='bbox 328 3285 459 3357; x_wconf 75' lang='grc' dir='ltr'>ἐμὸν</span> <span class='ocrx_word' id='word_1_481' title='bbox 490 3283 679 3365; x_wconf 73' lang='grc' dir='ltr'>ἔδαφος</span> <span class='ocrx_word' id='word_1_482' title='bbox 710 3292 887 3361; x_wconf 74' lang='grc' dir='ltr'>τοῦτο,</span> <span class='ocrx_word' id='word_1_483' title='bbox 946 3289 991 3344; x_wconf 81' lang='grc' dir='ltr'>οἱ</span> <span class='ocrx_word' id='word_1_484' title='bbox 1046 3290 1227 3363; x_wconf 85' lang='grc' dir='ltr'>σεμνοὶ</span> <span class='ocrx_word' id='word_1_485' title='bbox 1275 3285 1651 3360; x_wconf 81' lang='grc' dir='ltr'>Καππαδόκαι,</span> <span class='ocrx_word' id='word_1_486' title='bbox 1706 3287 1765 3342; x_wconf 84' lang='grc' dir='ltr'>τὸ</span> <span class='ocrx_word' id='word_1_487' title='bbox 1821 3284 1986 3363; x_wconf 71' lang='grc' dir='ltr'>μηδὲν</span> 
     </span>
    </p>
   </div>
   <div class='ocr_carea' id='block_1_64' title="bbox 326 3374 1985 3457">
    <p class='ocr_par' dir='ltr' id='par_1_64' title="bbox 326 3374 1985 3457">
     <span class='ocr_line' id='line_1_64' title="bbox 326 3374 1985 3457; baseline 0.003 -28"><span class='ocrx_word' id='word_1_488' title='bbox 326 3374 495 3441; x_wconf 80' lang='grc' dir='ltr'>ἧττον</span> <span class='ocrx_word' id='word_1_489' title='bbox 550 3376 904 3454; x_wconf 75' lang='grc' dir='ltr'>κουροτρόφον</span> <span class='ocrx_word' id='word_1_490' title='bbox 957 3377 1113 3457; x_wconf 75' lang='grc'>(46),</span> <span class='ocrx_word' id='word_1_491' title='bbox 1169 3378 1202 3446; x_wconf 73' lang='grc' dir='ltr'><strong>ἢ</strong></span> <span class='ocrx_word' id='word_1_492' title='bbox 1254 3378 1506 3440; x_wconf 71' lang='grc' dir='ltr'>εὕϊππον,</span> <span class='ocrx_word' id='word_1_493' title='bbox 1566 3376 1735 3435; x_wconf 81' lang='grc' dir='ltr'>’Ὅθεν</span> <span class='ocrx_word' id='word_1_494' title='bbox 1765 3380 1842 3448; x_wconf 85' lang='grc' dir='ltr'><strong>τῷ</strong></span> <span class='ocrx_word' id='word_1_495' title='bbox 1886 3398 1985 3434; x_wconf 87' lang='grc' dir='ltr'>πα-</span> 
     </span>
    </p>
   </div>
   <div class='ocr_carea' id='block_1_65' title="bbox 330 3464 1982 3546">
    <p class='ocr_par' dir='ltr' id='par_1_65' title="bbox 330 3464 1982 3546">
     <span class='ocr_line' id='line_1_65' title="bbox 330 3464 1982 3546; baseline 0.001 -28"><span class='ocrx_word' id='word_1_496' title='bbox 330 3464 487 3541; x_wconf 78' lang='grc' dir='ltr'>τρῴῳ</span> <span class='ocrx_word' id='word_1_497' title='bbox 515 3464 657 3541; x_wconf 91' lang='grc' dir='ltr'>γένει</span> <span class='ocrx_word' id='word_1_498' title='bbox 688 3465 748 3521; x_wconf 82' lang='grc' dir='ltr'>τὸ</span> <span class='ocrx_word' id='word_1_499' title='bbox 781 3472 1030 3546; x_wconf 82' lang='grc' dir='ltr'>μητρῷον</span> <span class='ocrx_word' id='word_1_500' title='bbox 1060 3469 1225 3542; x_wconf 75' lang='grc' dir='ltr'>ἡμεῖς</span> <span class='ocrx_word' id='word_1_501' title='bbox 1279 3466 1694 3546; x_wconf 75' lang='grc' dir='ltr'>ἀντανίσχομεν.</span> <span class='ocrx_word' id='word_1_502' title='bbox 1734 3472 1982 3543; x_wconf 84' lang='grc' dir='ltr'>Στρατη-</span> 
     </span>
    </p>
   </div>
   <div class='ocr_carea' id='block_1_66' title="bbox 329 3553 1985 3636">
    <p class='ocr_par' dir='ltr' id='par_1_66' title="bbox 329 3553 1985 3636">
     <span class='ocr_line' id='line_1_66' title="bbox 329 3553 1985 3636; baseline 0.001 -28"><span class='ocrx_word' id='word_1_503' title='bbox 329 3554 436 3631; x_wconf 82' lang='grc' dir='ltr'>γίαι</span> <span class='ocrx_word' id='word_1_504' title='bbox 502 3575 560 3609; x_wconf 80' lang='grc' dir='ltr'><strong>τε</strong></span> <span class='ocrx_word' id='word_1_505' title='bbox 621 3556 711 3611; x_wconf 83' lang='grc' dir='ltr'>καί</span> <span class='ocrx_word' id='word_1_506' title='bbox 764 3553 1127 3636; x_wconf 84' lang='grc' dir='ltr'>δημαγωγίαι,</span> <span class='ocrx_word' id='word_1_507' title='bbox 1182 3558 1268 3613; x_wconf 85' lang='grc' dir='ltr'>καὶ</span> <span class='ocrx_word' id='word_1_508' title='bbox 1326 3556 1516 3634; x_wconf 76' lang='grc' dir='ltr'>κράτος</span> <span class='ocrx_word' id='word_1_509' title='bbox 1575 3557 1630 3611; x_wconf 84' lang='grc' dir='ltr'>ἐν</span> <span class='ocrx_word' id='word_1_510' title='bbox 1701 3554 1985 3633; x_wconf 82' lang='grc' dir='ltr'>βασιλείοις</span> 
     </span>
    </p>
   </div>
   <div class='ocr_carea' id='block_1_67' title="bbox 327 3641 1986 3727">
    <p class='ocr_par' dir='ltr' id='par_1_67' title="bbox 327 3641 1986 3727">
     <span class='ocr_line' id='line_1_67' title="bbox 327 3641 1986 3727; baseline 0.001 -28"><span class='ocrx_word' id='word_1_511' title='bbox 327 3641 521 3706; x_wconf 73' lang='grc' dir='ltr'>αὒλαϊς</span> <span class='ocrx_word' id='word_1_512' title='bbox 555 3659 569 3673; x_wconf 85' lang='grc'><strong><em>⁸</em></strong></span> <span class='ocrx_word' id='word_1_513' title='bbox 621 3642 698 3701; x_wconf 83' lang='grc' dir='ltr'>ἔτι</span> <span class='ocrx_word' id='word_1_514' title='bbox 729 3643 809 3720; x_wconf 81' lang='grc' dir='ltr'>δὲ,</span> <span class='ocrx_word' id='word_1_515' title='bbox 843 3647 1160 3726; x_wconf 81' lang='grc' dir='ltr'>περιουσίαι,</span> <span class='ocrx_word' id='word_1_516' title='bbox 1195 3648 1283 3702; x_wconf 82' lang='grc' dir='ltr'><strong>καὶ</strong></span> <span class='ocrx_word' id='word_1_517' title='bbox 1315 3647 1511 3725; x_wconf 85' lang='grc' dir='ltr'>θρόνων</span> <span class='ocrx_word' id='word_1_518' title='bbox 1541 3644 1676 3727; x_wconf 65' lang='grc' dir='ltr'>ὄψῃ,</span> <span class='ocrx_word' id='word_1_519' title='bbox 1710 3646 1799 3702; x_wconf 86' lang='grc' dir='ltr'><strong>καὶ</strong></span> <span class='ocrx_word' id='word_1_520' title='bbox 1835 3645 1986 3720; x_wconf 86' lang='grc' dir='ltr'>τιμαὶ</span> 
     </span>
    </p>
   </div>
   <div class='ocr_carea' id='block_1_68' title="bbox 317 3731 1978 3815">
    <p class='ocr_par' dir='ltr' id='par_1_68' title="bbox 317 3731 1978 3815">
     <span class='ocr_line' id='line_1_68' title="bbox 317 3731 1978 3815; baseline 0.001 -27"><span class='ocrx_word' id='word_1_521' title='bbox 317 3731 600 3809; x_wconf 81' lang='grc' dir='ltr'>δημόσιαι,</span> <span class='ocrx_word' id='word_1_522' title='bbox 638 3736 746 3815; x_wconf 18' lang='grc' dir='ltr'>καὶ,</span> <span class='ocrx_word' id='word_1_523' title='bbox 771 3734 948 3815; x_wconf 88' lang='grc' dir='ltr'>λόγων</span> <span class='ocrx_word' id='word_1_524' title='bbox 1008 3736 1410 3813; x_wconf 85' lang='grc' dir='ltr'>λαμπόότητες,</span> <span class='ocrx_word' id='word_1_525' title='bbox 1446 3738 1626 3811; x_wconf 85' lang='grc' dir='ltr'>τίνων,</span> <span class='ocrx_word' id='word_1_526' title='bbox 1674 3737 1709 3804; x_wconf 74' lang='grc' dir='ltr'><strong>ἢ</strong></span> <span class='ocrx_word' id='word_1_527' title='bbox 1740 3734 1978 3808; x_wconf 88' lang='grc' dir='ltr'>πλείους,</span> 
     </span>
    </p>
   </div>
   <div class='ocr_carea' id='block_1_69' title="bbox 316 3813 1977 3903">
    <p class='ocr_par' dir='ltr' id='par_1_69' title="bbox 316 3813 1977 3903">
     <span class='ocr_line' id='line_1_69' title="bbox 316 3813 1977 3903; baseline 0.002 -26"><span class='ocrx_word' id='word_1_528' title='bbox 316 3822 351 3890; x_wconf 69' lang='grc' dir='ltr'>ἢ</span> <span class='ocrx_word' id='word_1_529' title='bbox 409 3829 663 3903; x_wconf 69' lang='grc' dir='ltr'>μείζους,</span> <span class='ocrx_word' id='word_1_530' title='bbox 716 3813 812 3882; x_wconf 56' lang='lat' dir='ltr'><strong>12v</strong></span> <span class='ocrx_word' id='word_1_531' title='bbox 853 3813 1012 3902; x_wconf 19' lang='grc' dir='ltr'>νὴμϊν</span> <span class='ocrx_word' id='word_1_532' title='bbox 1080 3828 1125 3883; x_wconf 78' lang='grc' dir='ltr'><strong>εἰ</strong></span> <span class='ocrx_word' id='word_1_533' title='bbox 1180 3825 1525 3903; x_wconf 81' lang='grc' dir='ltr'>βουλομένοις</span> <span class='ocrx_word' id='word_1_534' title='bbox 1601 3828 1772 3881; x_wconf 74' lang='grc' dir='ltr'>εἰπεῖν</span> <span class='ocrx_word' id='word_1_535' title='bbox 1828 3824 1977 3899; x_wconf 68' lang='grc' dir='ltr'>ἐξῆν,</span> 
     </span>
    </p>
   </div>
   <div class='ocr_carea' id='block_1_70' title="bbox 312 3910 1978 3995">
    <p class='ocr_par' dir='ltr' id='par_1_70' title="bbox 312 3910 1978 3995">
     <span class='ocr_line' id='line_1_70' title="bbox 312 3910 1978 3995; baseline 0.001 -28"><span class='ocrx_word' id='word_1_536' title='bbox 312 3910 462 3967; x_wconf 71' lang='grc' dir='ltr'>οὒδὲν</span> <span class='ocrx_word' id='word_1_537' title='bbox 492 3910 553 3968; x_wconf 77' lang='grc' dir='ltr'><strong>ἂν</strong></span> <span class='ocrx_word' id='word_1_538' title='bbox 584 3914 721 3981; x_wconf 75' lang='grc' dir='ltr'>ἦσαν</span> <span class='ocrx_word' id='word_1_539' title='bbox 755 3916 877 3989; x_wconf 76' lang='grc'><strong>(47)</strong></span> <span class='ocrx_word' id='word_1_540' title='bbox 940 3918 1072 3992; x_wconf 75' lang='grc' dir='ltr'>ἡμῖν</span> <span class='ocrx_word' id='word_1_541' title='bbox 1131 3919 1177 3972; x_wconf 77' lang='grc' dir='ltr'>οἱ</span> <span class='ocrx_word' id='word_1_542' title='bbox 1228 3914 1516 3973; x_wconf 78' lang='grc' dir='ltr'>Πελοπίδαι</span> <span class='ocrx_word' id='word_1_543' title='bbox 1568 3914 1716 3995; x_wconf 70' lang='grc'>(48),</span> <span class='ocrx_word' id='word_1_544' title='bbox 1746 3915 1832 3970; x_wconf 80' lang='grc' dir='ltr'><strong>καὶ</strong></span> <span class='ocrx_word' id='word_1_545' title='bbox 1866 3923 1978 3973; x_wconf 81' lang='grc' dir='ltr'><strong>Κε-</strong></span> 
     </span>
    </p>
   </div>
   <div class='ocr_carea' id='block_1_71' title="bbox 310 3999 1971 4084">
    <p class='ocr_par' dir='ltr' id='par_1_71' title="bbox 310 3999 1971 4084">
     <span class='ocr_line' id='line_1_71' title="bbox 310 3999 1971 4084; baseline 0.004 -27"><span class='ocrx_word' id='word_1_546' title='bbox 310 3999 553 4079; x_wconf 79' lang='grc' dir='ltr'>κροπίδαι</span> <span class='ocrx_word' id='word_1_547' title='bbox 584 4002 738 4080; x_wconf 73' lang='grc'>(49),</span> <span class='ocrx_word' id='word_1_548' title='bbox 771 4007 859 4061; x_wconf 77' lang='grc' dir='ltr'><strong>καὶ</strong></span> <span class='ocrx_word' id='word_1_549' title='bbox 917 4009 963 4063; x_wconf 76' lang='grc' dir='ltr'>οἱ</span> <span class='ocrx_word' id='word_1_550' title='bbox 992 4005 1360 4081; x_wconf 83' lang='grc' dir='ltr'>Ἀλκμαίωνες</span> <span class='ocrx_word' id='word_1_551' title='bbox 1396 4006 1545 4084; x_wconf 79' lang='grc'>(50),</span> <span class='ocrx_word' id='word_1_552' title='bbox 1578 4003 1813 4062; x_wconf 71' lang='grc' dir='ltr'>Αἰακίδαι</span> <span class='ocrx_word' id='word_1_553' title='bbox 1846 4002 1971 4081; x_wconf 77' lang='grc'>(51)</span> 
     </span>
    </p>
   </div>
   <div class='ocr_carea' id='block_1_72' title="bbox 422 4106 1817 4187">
    <p class='ocr_par' dir='ltr' id='par_1_72' title="bbox 422 4106 1817 4187">
     <span class='ocr_line' id='line_1_72' title="bbox 422 4106 1817 4187; baseline -0.008 -8"><span class='ocrx_word' id='word_1_554' title='bbox 422 4106 519 4178; x_wconf 73' lang='grc'><strong>39)</strong></span> <span class='ocrx_word' id='word_1_555' title='bbox 554 4115 895 4187; x_wconf 68' lang='grc' dir='ltr'><strong>Μετπνκστῇ.</strong></span> <span class='ocrx_word' id='word_1_556' title='bbox 932 4114 999 4174; x_wconf 91' lang='lat' dir='ltr'><strong>In</strong></span> <span class='ocrx_word' id='word_1_557' title='bbox 1032 4111 1361 4186; x_wconf 74' lang='lat' dir='ltr'><strong>nonnullis,</strong></span> <span class='ocrx_word' id='word_1_558' title='bbox 1398 4114 1817 4187; x_wconf 75' lang='grc' dir='ltr'>μεταναστῆναι.</span> 
     </span>
    </p>
   </div>
   <div class='ocr_carea' id='block_1_73' title="bbox 419 4187 1975 4270">
    <p class='ocr_par' dir='ltr' id='par_1_73' title="bbox 419 4187 1975 4270">
     <span class='ocr_line' id='line_1_73' title="bbox 419 4187 1975 4270; baseline 0.001 -21"><span class='ocrx_word' id='word_1_559' title='bbox 419 4187 517 4263; x_wconf 80' lang='grc'><strong>40)</strong></span> <span class='ocrx_word' id='word_1_560' title='bbox 546 4188 680 4246; x_wconf 78' lang='grc' dir='ltr'><strong>’Υπὸ</strong></span> <span class='ocrx_word' id='word_1_561' title='bbox 713 4197 805 4248; x_wconf 81' lang='grc' dir='ltr'>τοῦ</span> <span class='ocrx_word' id='word_1_562' title='bbox 834 4188 1051 4265; x_wconf 77' lang='grc' dir='ltr'>δεσμοῦ.</span> <span class='ocrx_word' id='word_1_563' title='bbox 1092 4212 1115 4247; x_wconf 84' lang='grc' dir='ltr'><strong>ιι</strong></span> <span class='ocrx_word' id='word_1_564' title='bbox 1154 4192 1202 4253; x_wconf 84' lang='grc' dir='ltr'>Α</span> <span class='ocrx_word' id='word_1_565' title='bbox 1234 4192 1489 4266; x_wconf 85' lang='lat' dir='ltr'><strong>vinculo,</strong></span> <span class='ocrx_word' id='word_1_566' title='bbox 1533 4214 1556 4249; x_wconf 76' lang='grc' dir='ltr'><strong>ιι</strong></span> <span class='ocrx_word' id='word_1_567' title='bbox 1607 4189 1674 4270; x_wconf 84' lang='lat' dir='ltr'><strong>id</strong></span> <span class='ocrx_word' id='word_1_568' title='bbox 1724 4196 1839 4270; x_wconf 84' lang='lat' dir='ltr'><strong>est,</strong></span> <span class='ocrx_word' id='word_1_569' title='bbox 1876 4213 1904 4245; x_wconf 73' lang='lat' dir='ltr'><strong>cx</strong></span> <span class='ocrx_word' id='word_1_570' title='bbox 1940 4208 1975 4251; x_wconf 90' lang='lat' dir='ltr'><strong>a</strong></span> 
     </span>
    </p>
   </div>
   <div class='ocr_carea' id='block_1_74' title="bbox 310 4268 1967 4354">
    <p class='ocr_par' dir='ltr' id='par_1_74' title="bbox 310 4268 1967 4354">
     <span class='ocr_line' id='line_1_74' title="bbox 310 4268 1967 4354; baseline 0.002 -26"><span class='ocrx_word' id='word_1_571' title='bbox 310 4285 587 4354; x_wconf 78' lang='lat' dir='ltr'><strong>corpore.</strong></span> <span class='ocrx_word' id='word_1_572' title='bbox 627 4270 1017 4354; x_wconf 70' lang='lat' dir='ltr'><strong>»_Gregorius</strong></span> <span class='ocrx_word' id='word_1_573' title='bbox 1069 4271 1424 4354; x_wconf 85' lang='lat' dir='ltr'><strong>plerumque</strong></span> <span class='ocrx_word' id='word_1_574' title='bbox 1476 4268 1967 4354; x_wconf 73' lang='lat' dir='ltr'><strong>morbisfrattus,</strong></span> 
     </span>
    </p>
   </div>
   <div class='ocr_carea' id='block_1_75' title="bbox 311 4348 1978 4489">
    <p class='ocr_par' dir='ltr' id='par_1_75' title="bbox 311 4348 1978 4489">
     <span class='ocr_line' id='line_1_75' title="bbox 311 4348 1978 4489; baseline 0.004 -82"><span class='ocrx_word' id='word_1_575' title='bbox 311 4348 626 4489; x_wconf 45' lang='lat' dir='ltr'><strong>pegerrime</strong></span> <span class='ocrx_word' id='word_1_576' title='bbox 646 4349 968 4428; x_wconf 86' lang='lat' dir='ltr'><strong>ferebat,se</strong></span> <span class='ocrx_word' id='word_1_577' title='bbox 987 4348 1105 4414; x_wconf 83' lang='lat' dir='ltr'><strong>non</strong></span> <span class='ocrx_word' id='word_1_578' title='bbox 1131 4370 1307 4433; x_wconf 86' lang='lat' dir='ltr'><strong>posse</strong></span> <span class='ocrx_word' id='word_1_579' title='bbox 1323 4348 1615 4414; x_wconf 60' lang='lat' dir='ltr'><strong>&#39;omnibus</strong></span> <span class='ocrx_word' id='word_1_580' title='bbox 1640 4349 1855 4413; x_wconf 83' lang='lat' dir='ltr'><strong>ofﬁciis</strong></span> <span class='ocrx_word' id='word_1_581' title='bbox 1873 4351 1978 4413; x_wconf 82' lang='lat' dir='ltr'><strong>de-</strong></span> 
     </span>
     <span class='ocr_line' id='line_1_76' title="bbox 338 4446 498 4489; baseline 0 0"><span class='ocrx_word' id='word_1_582' title='bbox 338 4446 498 4489; x_wconf 77' lang='lat' dir='ltr'><strong>unm.</strong></span> 
     </span>
    </p>
   </div>
   <div class='ocr_carea' id='block_1_76' title="bbox 338 4447 498 4492">
    <p class='ocr_par' dir='ltr' id='par_1_76' title="bbox 338 4447 498 4492">
     <span class='ocr_line' id='line_1_77' title="bbox 338 4447 498 4492; baseline 0.013 -2"><span class='ocrx_word' id='word_1_583' title='bbox 338 4447 498 4492; x_wconf 76' lang='lat' dir='ltr'><strong>unm.</strong></span> 
     </span>
    </p>
   </div>
   <div class='ocr_carea' id='block_1_77' title="bbox 394 4446 1970 4595">
    <p class='ocr_par' dir='ltr' id='par_1_77' title="bbox 394 4446 1970 4595">
     <span class='ocr_line' id='line_1_78' title="bbox 394 4446 1970 4595; baseline 0.003 -24"><span class='ocrx_word' id='word_1_584' title='bbox 547 4513 894 4595; x_wconf 75' lang='grc' dir='ltr'>Ποιουμένοις</span> <span class='ocrx_word' id='word_1_585' title='bbox 923 4516 1014 4571; x_wconf 83' lang='grc' dir='ltr'>τὸν</span> <span class='ocrx_word' id='word_1_586' title='bbox 1044 4513 1228 4593; x_wconf 88' lang='grc' dir='ltr'>λόγον.</span> <span class='ocrx_word' id='word_1_587' title='bbox 1263 4514 1380 4576; x_wconf 88' lang='lat' dir='ltr'><strong>Sed</strong></span> <span class='ocrx_word' id='word_1_588' title='bbox 1439 4513 1640 4595; x_wconf 89' lang='lat' dir='ltr'><strong>plures</strong></span> <span class='ocrx_word' id='word_1_589' title='bbox 1694 4511 1871 4595; x_wconf 85' lang='lat' dir='ltr'><strong>codd.</strong></span> <span class='ocrx_word' id='word_1_590' title='bbox 1906 4516 1970 4575; x_wconf 89' lang='lat' dir='ltr'><strong>In</strong></span> 
     </span>
    </p>
   </div>
   <div class='ocr_carea' id='block_1_78' title="bbox 309 4589 1966 4677">
    <p class='ocr_par' dir='ltr' id='par_1_78' title="bbox 309 4589 1966 4677">
     <span class='ocr_line' id='line_1_79' title="bbox 309 4589 1966 4677; baseline 0.004 -26"><span class='ocrx_word' id='word_1_591' title='bbox 309 4589 409 4653; x_wconf 82' lang='lat' dir='ltr'><strong>ed.</strong></span> <span class='ocrx_word' id='word_1_592' title='bbox 445 4590 641 4677; x_wconf 33' lang='lat' dir='ltr'><strong>‘deest</strong></span> <span class='ocrx_word' id='word_1_593' title='bbox 688 4594 779 4650; x_wconf 78' lang='grc' dir='ltr'><strong>τόν</strong></span> <span class='ocrx_word' id='word_1_594' title='bbox 826 4594 1014 4676; x_wconf 86' lang='grc' dir='ltr'>λόγον,</span> <span class='ocrx_word' id='word_1_595' title='bbox 1047 4589 1260 4677; x_wconf 41' lang='lat' dir='ltr'><strong>et&#39;pro</strong></span> <span class='ocrx_word' id='word_1_596' title='bbox 1308 4589 1669 4676; x_wconf 69' lang='grc' dir='ltr'>ποιουμένοις,</span> <span class='ocrx_word' id='word_1_597' title='bbox 1732 4593 1966 4673; x_wconf 88' lang='lat' dir='ltr'><strong>legitur,</strong></span> 
     </span>
    </p>
   </div>
   <div class='ocr_carea' id='block_1_79' title="bbox 305 4672 646 4747">
    <p class='ocr_par' dir='ltr' id='par_1_79' title="bbox 305 4672 646 4747">
     <span class='ocr_line' id='line_1_80' title="bbox 305 4672 646 4747; baseline 0.015 -20"><span class='ocrx_word' id='word_1_598' title='bbox 305 4672 646 4747; x_wconf 85' lang='grc' dir='ltr'>ποιούμενος.</span> 
     </span>
    </p>
   </div>
   <div class='ocr_carea' id='block_1_80' title="bbox 357 4752 1959 4847">
    <p class='ocr_par' dir='ltr' id='par_1_80' title="bbox 357 4752 1959 4847">
     <span class='ocr_line' id='line_1_81' title="bbox 357 4752 1959 4847; baseline -0.001 -34"><span class='ocrx_word' id='word_1_599' title='bbox 357 4752 511 4847; x_wconf 44' lang='grc' dir='ltr'><strong>’(4ἳ)</strong></span> <span class='ocrx_word' id='word_1_600' title='bbox 545 4756 1040 4835; x_wconf 68' lang='grc' dir='ltr'>Προστησαμένοις,</span> <span class='ocrx_word' id='word_1_601' title='bbox 1097 4756 1162 4819; x_wconf 93' lang='lat' dir='ltr'><strong>ln</strong></span> <span class='ocrx_word' id='word_1_602' title='bbox 1222 4754 1606 4837; x_wconf 78' lang='lat' dir='ltr'><strong>quibusdam,</strong></span> <span class='ocrx_word' id='word_1_603' title='bbox 1649 4778 1959 4837; x_wconf 83' lang='grc' dir='ltr'>προστησο-</span> 
     </span>
    </p>
   </div>
   <div class='ocr_carea' id='block_1_81' title="bbox 301 4856 510 4908">
    <p class='ocr_par' dir='ltr' id='par_1_81' title="bbox 301 4856 510 4908">
     <span class='ocr_line' id='line_1_82' title="bbox 301 4856 510 4908; baseline -0.005 -18"><span class='ocrx_word' id='word_1_604' title='bbox 301 4856 482 4908; x_wconf 78' lang='grc' dir='ltr'>μενοις</span> <span class='ocrx_word' id='word_1_605' title='bbox 496 4880 510 4896; x_wconf 88' lang='grc'><strong>.</strong></span> 
     </span>
    </p>
   </div>
   <div class='ocr_carea' id='block_1_82' title="bbox 388 4913 1960 4999">
    <p class='ocr_par' dir='ltr' id='par_1_82' title="bbox 388 4913 1960 4999">
     <span class='ocr_line' id='line_1_83' title="bbox 388 4913 1960 4999; baseline 0.003 -26"><span class='ocrx_word' id='word_1_606' title='bbox 388 4913 518 4999; x_wconf 71' lang='grc'><strong>(43)</strong></span> <span class='ocrx_word' id='word_1_607' title='bbox 538 4919 637 4999; x_wconf 59' lang='grc' dir='ltr'><strong>Καὶ</strong></span> <span class='ocrx_word' id='word_1_608' title='bbox 659 4919 745 4999; x_wconf 47' lang='grc' dir='ltr'>οῖς</span> <span class='ocrx_word' id='word_1_609' title='bbox 763 4919 811 4973; x_wconf 82' lang='grc' dir='ltr'>οἱ</span> <span class='ocrx_word' id='word_1_610' title='bbox 832 4920 1009 4999; x_wconf 75' lang='grc' dir='ltr'>χαμαὶ</span> <span class='ocrx_word' id='word_1_611' title='bbox 1025 4916 1444 4999; x_wconf 62' lang='grc' dir='ltr'>βλέποντεςδίο</span> <span class='ocrx_word' id='word_1_612' title='bbox 1464 4926 1717 4999; x_wconf 85' lang='lat' dir='ltr'><strong>quatuor</strong></span> <span class='ocrx_word' id='word_1_613' title='bbox 1738 4919 1960 4999; x_wconf 63' lang='lat' dir='ltr'><strong>Regg.,</strong></span> 
     </span>
    </p>
   </div>
   <div class='ocr_carea' id='block_1_83' title="bbox 301 4934 1961 5079">
    <p class='ocr_par' dir='ltr' id='par_1_83' title="bbox 301 4934 1961 5079">
     <span class='ocr_line' id='line_1_84' title="bbox 388 4934 1960 4999; baseline 0.003 -26"><span class='ocrx_word' id='word_1_614' title='bbox 388 4934 518 4995; x_wconf 65' lang='grc' dir='ltr'><strong>μῦ)</strong></span> <span class='ocrx_word' id='word_1_615' title='bbox 539 4934 637 4974; x_wconf 69' lang='grc' dir='ltr'>και</span> <span class='ocrx_word' id='word_1_616' title='bbox 659 4938 745 4980; x_wconf 78' lang='grc' dir='ltr'><strong>οις</strong></span> <span class='ocrx_word' id='word_1_617' title='bbox 763 4934 811 4973; x_wconf 86' lang='grc' dir='ltr'><strong>οι</strong></span> <span class='ocrx_word' id='word_1_618' title='bbox 876 4934 1009 4995; x_wconf 75' lang='grc' dir='ltr'>αμαι</span> <span class='ocrx_word' id='word_1_619' title='bbox 1025 4934 1444 4995; x_wconf 71' lang='grc' dir='ltr'>βλέποντες.διο</span> <span class='ocrx_word' id='word_1_620' title='bbox 1464 4934 1717 4999; x_wconf 79' lang='lat' dir='ltr'><strong>quatuor</strong></span> <span class='ocrx_word' id='word_1_621' title='bbox 1738 4934 1866 4996; x_wconf 69' lang='lat' dir='ltr'><strong>ring</strong></span> <span class='ocrx_word' id='word_1_622' title='bbox 1916 4963 1960 4997; x_wconf 79' lang='lat'><strong>.,</strong></span> 
     </span>
     <span class='ocr_line' id='line_1_85' title="bbox 301 4934 1961 5079; baseline 0.002 -25"><span class='ocrx_word' id='word_1_623' title='bbox 301 4992 799 5079; x_wconf 12' lang='lat' dir='ltr'><strong>quinquiegcolb”</strong></span> <span class='ocrx_word' id='word_1_624' title='bbox 831 4942 1063 5079; x_wconf 47' lang='lat' dir='ltr'><strong>Ehrys”</strong></span> <span class='ocrx_word' id='word_1_625' title='bbox 1098 4998 1203 5063; x_wconf 90' lang='lat' dir='ltr'><strong>Or.</strong></span> <span class='ocrx_word' id='word_1_626' title='bbox 1234 4997 1297 5075; x_wconf 77' lang='lat'><strong>2,</strong></span> <span class='ocrx_word' id='word_1_627' title='bbox 1334 5002 1495 5070; x_wconf 92' lang='lat' dir='ltr'><strong>Par.,</strong></span> <span class='ocrx_word' id='word_1_628' title='bbox 1526 4998 1718 5073; x_wconf 64' lang='lat' dir='ltr'><strong>Pass,</strong></span> <span class='ocrx_word' id='word_1_629' title='bbox 1744 4934 1961 5062; x_wconf 63' lang='lat' dir='ltr'><strong>etc.gln</strong></span> 
     </span>
    </p>
   </div>
   <div class='ocr_carea' id='block_1_84' title="bbox 298 5073 1964 5161">
    <p class='ocr_par' dir='ltr' id='par_1_84' title="bbox 298 5073 1964 5161">
     <span class='ocr_line' id='line_1_86' title="bbox 298 5073 1964 5161; baseline 0.004 -28"><span class='ocrx_word' id='word_1_630' title='bbox 298 5073 427 5154; x_wconf 85' lang='lat' dir='ltr'><strong>ed.,</strong></span> <span class='ocrx_word' id='word_1_631' title='bbox 460 5078 548 5131; x_wconf 83' lang='grc' dir='ltr'>καὶ</span> <span class='ocrx_word' id='word_1_632' title='bbox 578 5074 716 5132; x_wconf 81' lang='grc' dir='ltr'>ὅσων</span> <span class='ocrx_word' id='word_1_633' title='bbox 747 5079 795 5133; x_wconf 80' lang='grc' dir='ltr'>οἱ</span> <span class='ocrx_word' id='word_1_634' title='bbox 817 5073 1002 5161; x_wconf 64' lang='grc' dir='ltr'>χαμαὶ</span> <span class='ocrx_word' id='word_1_635' title='bbox 1031 5073 1327 5157; x_wconf 64' lang='grc' dir='ltr'>βαίνοντεξ,</span> <span class='ocrx_word' id='word_1_636' title='bbox 1366 5102 1394 5140; x_wconf 74' lang='grc' dir='ltr'>ι</span> <span class='ocrx_word' id='word_1_637' title='bbox 1425 5088 1485 5144; x_wconf 84' lang='lat' dir='ltr'><strong>et</strong></span> <span class='ocrx_word' id='word_1_638' title='bbox 1514 5087 1808 5161; x_wconf 90' lang='lat' dir='ltr'><strong>quotquot</strong></span> <span class='ocrx_word' id='word_1_639' title='bbox 1855 5096 1964 5140; x_wconf 84' lang='lat' dir='ltr'><strong>su-</strong></span> 
     </span>
    </p>
   </div>
   <div class='ocr_carea' id='block_1_85' title="bbox 303 5157 1107 5236">
    <p class='ocr_par' dir='ltr' id='par_1_85' title="bbox 303 5157 1107 5236">
     <span class='ocr_line' id='line_1_87' title="bbox 303 5157 1107 5236; baseline 0.002 -20"><span class='ocrx_word' id='word_1_640' title='bbox 303 5172 410 5236; x_wconf 88' lang='lat' dir='ltr'><strong>per</strong></span> <span class='ocrx_word' id='word_1_641' title='bbox 434 5161 655 5216; x_wconf 88' lang='lat' dir='ltr'><strong>terram</strong></span> <span class='ocrx_word' id='word_1_642' title='bbox 690 5157 1070 5236; x_wconf 80' lang='lat' dir='ltr'><strong>gradiuntur.</strong></span> <span class='ocrx_word' id='word_1_643' title='bbox 1086 5184 1107 5218; x_wconf 76' lang='grc' dir='ltr'><strong>ο</strong></span> 
     </span>
    </p>
   </div>
   <div class='ocr_carea' id='block_1_86' title="bbox 385 5236 1964 5323">
    <p class='ocr_par' dir='ltr' id='par_1_86' title="bbox 385 5236 1964 5323">
     <span class='ocr_line' id='line_1_88' title="bbox 385 5236 1964 5323; baseline 0.006 -32"><span class='ocrx_word' id='word_1_644' title='bbox 385 5236 989 5321; x_wconf 45' lang='lat' dir='ltr'><strong>“gnomon-lavem.</strong></span> <span class='ocrx_word' id='word_1_645' title='bbox 1053 5242 1151 5305; x_wconf 90' lang='lat' dir='ltr'><strong>Sic</strong></span> <span class='ocrx_word' id='word_1_646' title='bbox 1210 5241 1413 5323; x_wconf 85' lang='lat' dir='ltr'><strong>plures</strong></span> <span class='ocrx_word' id='word_1_647' title='bbox 1470 5238 1654 5322; x_wconf 77' lang='lat' dir='ltr'><strong>chg.</strong></span> <span class='ocrx_word' id='word_1_648' title='bbox 1718 5241 1784 5303; x_wconf 90' lang='lat' dir='ltr'><strong>In</strong></span> <span class='ocrx_word' id='word_1_649' title='bbox 1838 5238 1964 5320; x_wconf 92' lang='lat' dir='ltr'><strong>ed.,</strong></span> 
     </span>
    </p>
   </div>
   <div class='ocr_carea' id='block_1_87' title="bbox 298 5331 728 5396">
    <p class='ocr_par' dir='ltr' id='par_1_87' title="bbox 298 5331 728 5396">
     <span class='ocr_line' id='line_1_89' title="bbox 298 5331 728 5396; baseline -0.002 -23"><span class='ocrx_word' id='word_1_650' title='bbox 298 5331 481 5395; x_wconf 67' lang='grc' dir='ltr'>συνέσε</span> <span class='ocrx_word' id='word_1_651' title='bbox 492 5332 728 5396; x_wconf 71' lang='grc' dir='ltr'>νεγκεϊν,</span> 
     </span>
    </p>
   </div>
   <div class='ocr_carea' id='block_1_88' title="bbox 374 5394 1960 5482">
    <p class='ocr_par' dir='ltr' id='par_1_88' title="bbox 374 5394 1960 5482">
     <span class='ocr_line' id='line_1_90' title="bbox 374 5394 1960 5482; baseline -0.005 -11"><span class='ocrx_word' id='word_1_652' title='bbox 374 5394 628 5482; x_wconf 52' lang='grc' dir='ltr'><strong>(Αιόλῖὶν</strong></span> <span class='ocrx_word' id='word_1_653' title='bbox 660 5398 897 5478; x_wconf 60' lang='grc' dir='ltr'>πλήρης,</span> <span class='ocrx_word' id='word_1_654' title='bbox 943 5414 1075 5482; x_wconf 81' lang='lat' dir='ltr'><strong>etc.</strong></span> <span class='ocrx_word' id='word_1_655' title='bbox 1127 5403 1210 5466; x_wconf 92' lang='lat' dir='ltr'><strong>De</strong></span> <span class='ocrx_word' id='word_1_656' title='bbox 1262 5402 1468 5477; x_wconf 89' lang='lat' dir='ltr'><strong>rebus,</strong></span> <span class='ocrx_word' id='word_1_657' title='bbox 1521 5421 1654 5482; x_wconf 67' lang='lat' dir='ltr'><strong>quae</strong></span> <span class='ocrx_word' id='word_1_658' title='bbox 1683 5400 1744 5462; x_wconf 91' lang='lat' dir='ltr'><strong>in</strong></span> <span class='ocrx_word' id='word_1_659' title='bbox 1774 5401 1960 5482; x_wconf 83' lang='lat' dir='ltr'><strong>Ponto</strong></span> 
     </span>
    </p>
   </div>
   <div class='ocr_carea' id='block_1_89' title="bbox 2075 3103 3717 3187">
    <p class='ocr_par' dir='ltr' id='par_1_89' title="bbox 2075 3103 3717 3187">
     <span class='ocr_line' id='line_1_91' title="bbox 2075 3103 3717 3187; baseline 0.003 -23"><span class='ocrx_word' id='word_1_660' title='bbox 2075 3114 2313 3165; x_wconf 87' lang='lat' dir='ltr'><strong>narratu</strong></span> <span class='ocrx_word' id='word_1_661' title='bbox 2337 3103 2518 3182; x_wconf 84' lang='lat' dir='ltr'><strong>digna</strong></span> <span class='ocrx_word' id='word_1_662' title='bbox 2541 3123 2609 3165; x_wconf 86' lang='lat' dir='ltr'><strong>ex</strong></span> <span class='ocrx_word' id='word_1_663' title='bbox 2634 3113 2879 3183; x_wconf 89' lang='lat' dir='ltr'><strong>paterno</strong></span> <span class='ocrx_word' id='word_1_664' title='bbox 2905 3105 3092 3167; x_wconf 84' lang='lat' dir='ltr'><strong>latere</strong></span> <span class='ocrx_word' id='word_1_665' title='bbox 3113 3106 3335 3167; x_wconf 92' lang='lat' dir='ltr'><strong>Pontus</strong></span> <span class='ocrx_word' id='word_1_666' title='bbox 3358 3107 3717 3187; x_wconf 88' lang='lat' dir='ltr'><strong>suppeditat,</strong></span> 
     </span>
    </p>
   </div>
   <div class='ocr_carea' id='block_1_90' title="bbox 2071 3194 3719 3278">
    <p class='ocr_par' dir='ltr' id='par_1_90' title="bbox 2071 3194 3719 3278">
     <span class='ocr_line' id='line_1_92' title="bbox 2071 3194 3719 3278; baseline 0.002 -23"><span class='ocrx_word' id='word_1_667' title='bbox 2071 3202 2130 3255; x_wconf 89' lang='lat' dir='ltr'><strong>et</strong></span> <span class='ocrx_word' id='word_1_668' title='bbox 2150 3195 2390 3274; x_wconf 89' lang='lat' dir='ltr'><strong>quidem</strong></span> <span class='ocrx_word' id='word_1_669' title='bbox 2417 3194 2627 3275; x_wconf 88' lang='lat' dir='ltr'><strong>priscis</strong></span> <span class='ocrx_word' id='word_1_670' title='bbox 2650 3196 2773 3256; x_wconf 91' lang='lat' dir='ltr'><strong>suis</strong></span> <span class='ocrx_word' id='word_1_671' title='bbox 2797 3194 3106 3274; x_wconf 89' lang='lat' dir='ltr'><strong>prodiglis,</strong></span> <span class='ocrx_word' id='word_1_672' title='bbox 3127 3196 3367 3278; x_wconf 84' lang='lat' dir='ltr'><strong>quibus,</strong></span> <span class='ocrx_word' id='word_1_673' title='bbox 3393 3206 3450 3257; x_wconf 91' lang='lat' dir='ltr'><strong>et</strong></span> <span class='ocrx_word' id='word_1_674' title='bbox 3468 3198 3719 3261; x_wconf 90' lang='lat' dir='ltr'><strong>histori-</strong></span> 
     </span>
    </p>
   </div>
   <div class='ocr_carea' id='block_1_91' title="bbox 2071 3284 3718 3368">
    <p class='ocr_par' dir='ltr' id='par_1_91' title="bbox 2071 3284 3718 3368">
     <span class='ocr_line' id='line_1_93' title="bbox 2071 3284 3718 3368; baseline 0.004 -25"><span class='ocrx_word' id='word_1_675' title='bbox 2071 3293 2365 3363; x_wconf 88' lang='lat' dir='ltr'><strong>corum,et</strong></span> <span class='ocrx_word' id='word_1_676' title='bbox 2383 3294 2691 3366; x_wconf 90' lang='lat' dir='ltr'><strong>poetarum</strong></span> <span class='ocrx_word' id='word_1_677' title='bbox 2708 3284 3004 3347; x_wconf 89' lang='lat' dir='ltr'><strong>volumina</strong></span> <span class='ocrx_word' id='word_1_678' title='bbox 3019 3286 3192 3368; x_wconf 88' lang='lat' dir='ltr'><strong>plena</strong></span> <span class='ocrx_word' id='word_1_679' title='bbox 3204 3306 3271 3348; x_wconf 93' lang='lat' dir='ltr'><strong>su</strong></span> <span class='ocrx_word' id='word_1_680' title='bbox 3284 3286 3718 3368; x_wconf 89' lang='lat' dir='ltr'><strong>nt,neutiquam</strong></span> 
     </span>
    </p>
   </div>
   <div class='ocr_carea' id='block_1_92' title="bbox 2068 3374 3721 3459">
    <p class='ocr_par' dir='ltr' id='par_1_92' title="bbox 2068 3374 3721 3459">
     <span class='ocr_line' id='line_1_94' title="bbox 2068 3374 3721 3459; baseline 0.004 -26"><span class='ocrx_word' id='word_1_681' title='bbox 2068 3374 2352 3435; x_wconf 89' lang='lat' dir='ltr'><strong>inferiora</strong></span> <span class='ocrx_word' id='word_1_682' title='bbox 2380 3395 2391 3435; x_wconf 89' lang='lat'>:</span> <span class='ocrx_word' id='word_1_683' title='bbox 2424 3376 2609 3436; x_wconf 90' lang='lat' dir='ltr'><strong>multo</strong></span> <span class='ocrx_word' id='word_1_684' title='bbox 2637 3374 2813 3436; x_wconf 89' lang='lat' dir='ltr'><strong>etiam</strong></span> <span class='ocrx_word' id='word_1_685' title='bbox 2846 3376 3187 3439; x_wconf 90' lang='lat' dir='ltr'><strong>veneranda</strong></span> <span class='ocrx_word' id='word_1_686' title='bbox 3216 3378 3341 3438; x_wconf 59' lang='lat' dir='ltr'><strong>hac</strong></span> <span class='ocrx_word' id='word_1_687' title='bbox 3368 3395 3501 3439; x_wconf 92' lang='lat' dir='ltr'><strong>mea</strong></span> <span class='ocrx_word' id='word_1_688' title='bbox 3532 3378 3721 3459; x_wconf 90' lang='lat' dir='ltr'><strong>patria</strong></span> 
     </span>
    </p>
   </div>
   <div class='ocr_carea' id='block_1_93' title="bbox 2069 3464 3719 3549">
    <p class='ocr_par' dir='ltr' id='par_1_93' title="bbox 2069 3464 3719 3549">
     <span class='ocr_line' id='line_1_95' title="bbox 2069 3464 3719 3549; baseline 0.003 -24"><span class='ocrx_word' id='word_1_689' title='bbox 2069 3464 2467 3544; x_wconf 82' lang='lat' dir='ltr'><strong>Cappadocia,</strong></span> <span class='ocrx_word' id='word_1_690' title='bbox 2492 3483 2609 3525; x_wconf 92' lang='lat' dir='ltr'><strong>non</strong></span> <span class='ocrx_word' id='word_1_691' title='bbox 2644 3464 2839 3525; x_wconf 90' lang='lat' dir='ltr'><strong>minus</strong></span> <span class='ocrx_word' id='word_1_692' title='bbox 2864 3465 3181 3545; x_wconf 89' lang='lat' dir='ltr'><strong>juvenum,</strong></span> <span class='ocrx_word' id='word_1_693' title='bbox 3211 3485 3387 3548; x_wconf 90' lang='lat' dir='ltr'><strong>quam</strong></span> <span class='ocrx_word' id='word_1_694' title='bbox 3429 3485 3719 3549; x_wconf 88' lang='lat' dir='ltr'><strong>equorum</strong></span> 
     </span>
    </p>
   </div>
   <div class='ocr_carea' id='block_1_94' title="bbox 2069 3551 3720 3636">
    <p class='ocr_par' dir='ltr' id='par_1_94' title="bbox 2069 3551 3720 3636">
     <span class='ocr_line' id='line_1_96' title="bbox 2069 3551 3720 3636; baseline 0.005 -24"><span class='ocrx_word' id='word_1_695' title='bbox 2069 3551 2221 3613; x_wconf 91' lang='lat' dir='ltr'><strong>bona</strong></span> <span class='ocrx_word' id='word_1_696' title='bbox 2255 3552 2469 3613; x_wconf 86' lang='lat' dir='ltr'><strong>nutrix.</strong></span> <span class='ocrx_word' id='word_1_697' title='bbox 2495 3551 2664 3616; x_wconf 92' lang='lat' dir='ltr'><strong>Unde</strong></span> <span class='ocrx_word' id='word_1_698' title='bbox 2690 3562 2934 3633; x_wconf 87' lang='lat' dir='ltr'><strong>paterno</strong></span> <span class='ocrx_word' id='word_1_699' title='bbox 2961 3555 3169 3633; x_wconf 88' lang='lat' dir='ltr'><strong>generi</strong></span> <span class='ocrx_word' id='word_1_700' title='bbox 3194 3556 3446 3616; x_wconf 87' lang='lat' dir='ltr'><strong>materni</strong></span> <span class='ocrx_word' id='word_1_701' title='bbox 3471 3559 3720 3636; x_wconf 84' lang='lat' dir='ltr'><strong>generis</strong></span> 
     </span>
    </p>
   </div>
   <div class='ocr_carea' id='block_1_95' title="bbox 2068 3642 3722 3724">
    <p class='ocr_par' dir='ltr' id='par_1_95' title="bbox 2068 3642 3722 3724">
     <span class='ocr_line' id='line_1_97' title="bbox 2068 3642 3722 3724; baseline 0.004 -21"><span class='ocrx_word' id='word_1_702' title='bbox 2068 3642 2451 3722; x_wconf 83' lang='lat' dir='ltr'><strong>splendorem</strong></span> <span class='ocrx_word' id='word_1_703' title='bbox 2472 3643 3264 3724; x_wconf 87' lang='lat' dir='ltr'><strong>opponimus.Quorumnam</strong></span> <span class='ocrx_word' id='word_1_704' title='bbox 3279 3654 3479 3708; x_wconf 88' lang='lat' dir='ltr'><strong>autem</strong></span> <span class='ocrx_word' id='word_1_705' title='bbox 3497 3655 3555 3708; x_wconf 89' lang='lat' dir='ltr'><strong>et</strong></span> <span class='ocrx_word' id='word_1_706' title='bbox 3571 3647 3722 3709; x_wconf 89' lang='lat' dir='ltr'><strong>mili-</strong></span> 
     </span>
    </p>
   </div>
   <div class='ocr_carea' id='block_1_96' title="bbox 2068 3731 3716 3815">
    <p class='ocr_par' dir='ltr' id='par_1_96' title="bbox 2068 3731 3716 3815">
     <span class='ocr_line' id='line_1_98' title="bbox 2068 3731 3716 3815; baseline 0.005 -24"><span class='ocrx_word' id='word_1_707' title='bbox 2068 3732 2212 3792; x_wconf 83' lang='lat' dir='ltr'><strong>taria</strong></span> <span class='ocrx_word' id='word_1_708' title='bbox 2238 3731 2513 3812; x_wconf 89' lang='lat' dir='ltr'><strong>imperia,</strong></span> <span class='ocrx_word' id='word_1_709' title='bbox 2551 3741 2611 3794; x_wconf 92' lang='lat' dir='ltr'><strong>et</strong></span> <span class='ocrx_word' id='word_1_710' title='bbox 2643 3734 2997 3814; x_wconf 89' lang='lat' dir='ltr'><strong>populorum</strong></span> <span class='ocrx_word' id='word_1_711' title='bbox 3030 3733 3519 3815; x_wconf 91' lang='lat' dir='ltr'><strong>gubernationes,</strong></span> <span class='ocrx_word' id='word_1_712' title='bbox 3553 3746 3609 3797; x_wconf 88' lang='lat' dir='ltr'><strong>et</strong></span> <span class='ocrx_word' id='word_1_713' title='bbox 3658 3736 3716 3800; x_wconf 93' lang='lat' dir='ltr'><strong>in</strong></span> 
     </span>
    </p>
   </div>
   <div class='ocr_carea' id='block_1_97' title="bbox 2064 3822 3715 3907">
    <p class='ocr_par' dir='ltr' id='par_1_97' title="bbox 2064 3822 3715 3907">
     <span class='ocr_line' id='line_1_99' title="bbox 2064 3822 3715 3907; baseline 0.005 -26"><span class='ocrx_word' id='word_1_714' title='bbox 2064 3822 2491 3902; x_wconf 88' lang='lat' dir='ltr'><strong>imperatorum</strong></span> <span class='ocrx_word' id='word_1_715' title='bbox 2520 3824 2669 3885; x_wconf 91' lang='lat' dir='ltr'><strong>aulis</strong></span> <span class='ocrx_word' id='word_1_716' title='bbox 2686 3824 2950 3904; x_wconf 89' lang='lat' dir='ltr'><strong>potentia</strong></span> <span class='ocrx_word' id='word_1_717' title='bbox 2972 3832 3030 3885; x_wconf 91' lang='lat' dir='ltr'><strong>et</strong></span> <span class='ocrx_word' id='word_1_718' title='bbox 3050 3824 3465 3901; x_wconf 88' lang='lat' dir='ltr'><strong>aucloritas;ac</strong></span> <span class='ocrx_word' id='word_1_719' title='bbox 3477 3833 3715 3907; x_wconf 66' lang='lat' dir='ltr'><strong>praster-</strong></span> 
     </span>
    </p>
   </div>
   <div class='ocr_carea' id='block_1_98' title="bbox 2063 3912 3720 3995">
    <p class='ocr_par' dir='ltr' id='par_1_98' title="bbox 2063 3912 3720 3995">
     <span class='ocr_line' id='line_1_100' title="bbox 2063 3912 3720 3995; baseline 0.005 -25"><span class='ocrx_word' id='word_1_720' title='bbox 2063 3929 2154 3984; x_wconf 80' lang='lat' dir='ltr'><strong>ea,</strong></span> <span class='ocrx_word' id='word_1_721' title='bbox 2185 3930 2347 3991; x_wconf 89' lang='lat' dir='ltr'><strong>opes,</strong></span> <span class='ocrx_word' id='word_1_722' title='bbox 2387 3923 2444 3975; x_wconf 91' lang='lat' dir='ltr'><strong>et</strong></span> <span class='ocrx_word' id='word_1_723' title='bbox 2476 3914 2691 3974; x_wconf 84' lang='lat' dir='ltr'><strong>excelsi</strong></span> <span class='ocrx_word' id='word_1_724' title='bbox 2728 3912 2953 3989; x_wconf 91' lang='lat' dir='ltr'><strong>throni,</strong></span> <span class='ocrx_word' id='word_1_725' title='bbox 2990 3921 3047 3974; x_wconf 92' lang='lat' dir='ltr'><strong>et</strong></span> <span class='ocrx_word' id='word_1_726' title='bbox 3072 3913 3299 3994; x_wconf 87' lang='lat' dir='ltr'><strong>publici</strong></span> <span class='ocrx_word' id='word_1_727' title='bbox 3331 3915 3617 3995; x_wconf 89' lang='lat' dir='ltr'><strong>honores,</strong></span> <span class='ocrx_word' id='word_1_728' title='bbox 3652 3935 3720 3979; x_wconf 86' lang='lat' dir='ltr'><strong>ac</strong></span> 
     </span>
    </p>
   </div>
   <div class='ocr_carea' id='block_1_99' title="bbox 2058 4003 3718 4085">
    <p class='ocr_par' dir='ltr' id='par_1_99' title="bbox 2058 4003 3718 4085">
     <span class='ocr_line' id='line_1_101' title="bbox 2058 4003 3718 4085; baseline 0.003 -24"><span class='ocrx_word' id='word_1_729' title='bbox 2058 4019 2402 4062; x_wconf 86' lang='lat' dir='ltr'><strong>sermonum</strong></span> <span class='ocrx_word' id='word_1_730' title='bbox 2431 4003 2903 4082; x_wconf 86' lang='lat' dir='ltr'><strong>splendores,vel</strong></span> <span class='ocrx_word' id='word_1_731' title='bbox 2928 4003 3247 4085; x_wconf 86' lang='lat' dir='ltr'><strong>plures,vel</strong></span> <span class='ocrx_word' id='word_1_732' title='bbox 3266 4003 3521 4083; x_wconf 85' lang='lat' dir='ltr'><strong>majores</strong></span> <span class='ocrx_word' id='word_1_733' title='bbox 3535 4006 3718 4067; x_wconf 86' lang='lat' dir='ltr'><strong>exsti-</strong></span> 
     </span>
    </p>
   </div>
   <div class='ocr_carea' id='block_1_100' title="bbox 2055 4108 3715 4192">
    <p class='ocr_par' dir='ltr' id='par_1_100' title="bbox 2055 4108 3715 4192">
     <span class='ocr_line' id='line_1_102' title="bbox 2055 4108 3715 4192; baseline 0.002 -19"><span class='ocrx_word' id='word_1_734' title='bbox 2055 4108 2226 4192; x_wconf 61' lang='grc' dir='ltr'>ἀγαθὴ</span> <span class='ocrx_word' id='word_1_735' title='bbox 2258 4110 2631 4192; x_wconf 50' lang='grc' dir='ltr'>κοχροτρὸςςιος.</span> <span class='ocrx_word' id='word_1_736' title='bbox 2664 4113 2919 4192; x_wconf 86' lang='lat' dir='ltr'><strong>Aspera,</strong></span> <span class='ocrx_word' id='word_1_737' title='bbox 2954 4112 3058 4173; x_wconf 91' lang='lat' dir='ltr'><strong>sed</strong></span> <span class='ocrx_word' id='word_1_738' title='bbox 3091 4111 3247 4192; x_wconf 89' lang='lat' dir='ltr'><strong>bona</strong></span> <span class='ocrx_word' id='word_1_739' title='bbox 3266 4112 3557 4192; x_wconf 85' lang='lat' dir='ltr'><strong>juvenum</strong></span> <span class='ocrx_word' id='word_1_740' title='bbox 3592 4132 3715 4176; x_wconf 84' lang='lat' dir='ltr'><strong>nu-</strong></span> 
     </span>
    </p>
   </div>
   <div class='ocr_carea' id='block_1_101' title="bbox 2055 4188 3709 4273">
    <p class='ocr_par' dir='ltr' id='par_1_101' title="bbox 2055 4188 3709 4273">
     <span class='ocr_line' id='line_1_103' title="bbox 2055 4188 3709 4273; baseline 0.004 -27"><span class='ocrx_word' id='word_1_741' title='bbox 2055 4188 2198 4273; x_wconf 75' lang='lat' dir='ltr'><strong>trix.</strong></span> <span class='ocrx_word' id='word_1_742' title='bbox 2239 4214 2263 4243; x_wconf 80' lang='grc' dir='ltr'><strong>υ</strong></span> <span class='ocrx_word' id='word_1_743' title='bbox 2311 4188 2421 4251; x_wconf 88' lang='lat' dir='ltr'><strong>Hic</strong></span> <span class='ocrx_word' id='word_1_744' title='bbox 2454 4188 2926 4273; x_wconf 42' lang='lat' dir='ltr'><strong>observan—dum,</strong></span> <span class='ocrx_word' id='word_1_745' title='bbox 2983 4191 3139 4273; x_wconf 90' lang='lat' dir='ltr'><strong>quod</strong></span> <span class='ocrx_word' id='word_1_746' title='bbox 3198 4188 3419 4273; x_wconf 15' lang='lat' dir='ltr'><strong>Basilii,</strong></span> <span class='ocrx_word' id='word_1_747' title='bbox 3454 4202 3623 4272; x_wconf 91' lang='lat' dir='ltr'><strong>pater</strong></span> <span class='ocrx_word' id='word_1_748' title='bbox 3676 4209 3709 4253; x_wconf 90' lang='lat' dir='ltr'><strong>e</strong></span> 
     </span>
    </p>
   </div>
   <div class='ocr_carea' id='block_1_102' title="bbox 2057 4271 3706 4357">
    <p class='ocr_par' dir='ltr' id='par_1_102' title="bbox 2057 4271 3706 4357">
     <span class='ocr_line' id='line_1_104' title="bbox 2057 4271 3706 4357; baseline 0.007 -31"><span class='ocrx_word' id='word_1_749' title='bbox 2057 4271 2243 4357; x_wconf 76' lang='lat' dir='ltr'><strong>Ponto</strong></span> <span class='ocrx_word' id='word_1_750' title='bbox 2271 4279 2395 4330; x_wconf 86' lang='lat' dir='ltr'><strong>erat</strong></span> <span class='ocrx_word' id='word_1_751' title='bbox 2426 4271 2735 4353; x_wconf 89' lang='lat' dir='ltr'><strong>oriundus,</strong></span> <span class='ocrx_word' id='word_1_752' title='bbox 2799 4271 3043 4354; x_wconf 82' lang='lat' dir='ltr'><strong>ejusque</strong></span> <span class='ocrx_word' id='word_1_753' title='bbox 3102 4282 3290 4335; x_wconf 87' lang='lat' dir='ltr'><strong>mater</strong></span> <span class='ocrx_word' id='word_1_754' title='bbox 3318 4292 3351 4335; x_wconf 93' lang='lat' dir='ltr'><strong>e</strong></span> <span class='ocrx_word' id='word_1_755' title='bbox 3392 4271 3706 4356; x_wconf 83' lang='lat' dir='ltr'><strong>Gappado-</strong></span> 
     </span>
    </p>
   </div>
   <div class='ocr_carea' id='block_1_103' title="bbox 2056 4367 2167 4409">
    <p class='ocr_par' dir='ltr' id='par_1_103' title="bbox 2056 4367 2167 4409">
     <span class='ocr_line' id='line_1_105' title="bbox 2056 4367 2167 4409; baseline -0.018 0"><span class='ocrx_word' id='word_1_756' title='bbox 2056 4367 2167 4409; x_wconf 71' lang='lat' dir='ltr'><strong>cna.</strong></span> 
     </span>
    </p>
   </div>
   <div class='ocr_carea' id='block_1_104' title="bbox 2138 4430 3710 4519">
    <p class='ocr_par' dir='ltr' id='par_1_104' title="bbox 2138 4430 3710 4519">
     <span class='ocr_line' id='line_1_106' title="bbox 2138 4430 3710 4519; baseline 0.004 -28"><span class='ocrx_word' id='word_1_757' title='bbox 2138 4431 2257 4508; x_wconf 74' lang='grc'><strong>(47)</strong></span> <span class='ocrx_word' id='word_1_758' title='bbox 2288 4430 2447 4519; x_wconf 49' lang='grc' dir='ltr'>(ζῦδξν</span> <span class='ocrx_word' id='word_1_759' title='bbox 2478 4430 2725 4519; x_wconf 42' lang='grc' dir='ltr'>ἃζῇσξν.</span> <span class='ocrx_word' id='word_1_760' title='bbox 2778 4434 2875 4519; x_wconf 88' lang='lat' dir='ltr'><strong>S_ic</strong></span> <span class='ocrx_word' id='word_1_761' title='bbox 2923 4431 3108 4519; x_wconf 75' lang='lat' dir='ltr'><strong>Regg.</strong></span> <span class='ocrx_word' id='word_1_762' title='bbox 3168 4453 3223 4519; x_wconf 70' lang='grc' dir='ltr'><strong>ει,</strong></span> <span class='ocrx_word' id='word_1_763' title='bbox 3257 4454 3310 4514; x_wconf 89' lang='lat' dir='ltr'><strong>c,</strong></span> <span class='ocrx_word' id='word_1_764' title='bbox 3345 4435 3462 4519; x_wconf 87' lang='lat' dir='ltr'><strong>duo</strong></span> <span class='ocrx_word' id='word_1_765' title='bbox 3495 4432 3710 4519; x_wconf 86' lang='lat' dir='ltr'><strong>_Coisl_.,</strong></span> 
     </span>
    </p>
   </div>
   <div class='ocr_carea' id='block_1_105' title="bbox 2057 4509 3711 4603">
    <p class='ocr_par' dir='ltr' id='par_1_105' title="bbox 2057 4509 3711 4603">
     <span class='ocr_line' id='line_1_107' title="bbox 2057 4509 3711 4603; baseline 0.005 -33"><span class='ocrx_word' id='word_1_766' title='bbox 2057 4509 2259 4603; x_wconf 64' lang='lat' dir='ltr'><strong>plpres</strong></span> <span class='ocrx_word' id='word_1_767' title='bbox 2292 4510 2486 4603; x_wconf 40' lang='lat' dir='ltr'><strong>Colb‘z,</strong></span> <span class='ocrx_word' id='word_1_768' title='bbox 2521 4510 2624 4575; x_wconf 91' lang='lat' dir='ltr'><strong>0r.</strong></span> <span class='ocrx_word' id='word_1_769' title='bbox 2647 4512 2773 4603; x_wconf 41' lang='lat' dir='ltr'><strong>_2‘et</strong></span> <span class='ocrx_word' id='word_1_770' title='bbox 2800 4509 3153 4579; x_wconf 26' lang='lat' dir='ltr'><strong>Pass.D&#39;c’est</strong></span> <span class='ocrx_word' id='word_1_771' title='bbox 3182 4509 3317 4593; x_wconf 62' lang='grc' dir='ltr'>ἦσαν</span> <span class='ocrx_word' id='word_1_772' title='bbox 3348 4515 3411 4576; x_wconf 91' lang='lat' dir='ltr'><strong>in</strong></span> <span class='ocrx_word' id='word_1_773' title='bbox 3439 4514 3535 4578; x_wconf 90' lang='lat' dir='ltr'><strong>ed.</strong></span> <span class='ocrx_word' id='word_1_774' title='bbox 3571 4524 3629 4579; x_wconf 89' lang='lat' dir='ltr'><strong>et</strong></span> <span class='ocrx_word' id='word_1_775' title='bbox 3650 4509 3711 4579; x_wconf 84' lang='lat' dir='ltr'><strong>in</strong></span> 
     </span>
    </p>
   </div>
   <div class='ocr_carea' id='block_1_106' title="bbox 2054 4590 2734 4658">
    <p class='ocr_par' dir='ltr' id='par_1_106' title="bbox 2054 4590 2734 4658">
     <span class='ocr_line' id='line_1_108' title="bbox 2054 4590 2734 4658; baseline 0.009 -7"><span class='ocrx_word' id='word_1_776' title='bbox 2054 4590 2186 4651; x_wconf 86' lang='lat' dir='ltr'><strong>aliis</strong></span> <span class='ocrx_word' id='word_1_777' title='bbox 2216 4590 2521 4654; x_wconf 90' lang='lat' dir='ltr'><strong>nonnullis</strong></span> <span class='ocrx_word' id='word_1_778' title='bbox 2554 4593 2734 4658; x_wconf 91' lang='lat' dir='ltr'><strong>codd.</strong></span> 
     </span>
    </p>
   </div>
   <div class='ocr_carea' id='block_1_107' title="bbox 2142 4672 3710 4757">
    <p class='ocr_par' dir='ltr' id='par_1_107' title="bbox 2142 4672 3710 4757">
     <span class='ocr_line' id='line_1_109' title="bbox 2142 4672 3710 4757; baseline 0.003 -22"><span class='ocrx_word' id='word_1_779' title='bbox 2142 4672 2278 4757; x_wconf 77' lang='lat'><strong>(48)_</strong></span> <span class='ocrx_word' id='word_1_780' title='bbox 2311 4673 2621 4757; x_wconf 54' lang='grc' dir='ltr'>ρελοπζᾷαι.</span> <span class='ocrx_word' id='word_1_781' title='bbox 2677 4700 2702 4731; x_wconf 72' lang='grc' dir='ltr'><strong>ι</strong></span> <span class='ocrx_word' id='word_1_782' title='bbox 2741 4676 3062 4757; x_wconf 76' lang='lat' dir='ltr'><strong>Pelopidae.</strong></span> <span class='ocrx_word' id='word_1_783' title='bbox 3099 4698 3126 4736; x_wconf 69' lang='grc' dir='ltr'><strong>ι</strong></span> <span class='ocrx_word' id='word_1_784' title='bbox 3163 4676 3261 4739; x_wconf 90' lang='lat' dir='ltr'><strong>Sic</strong></span> <span class='ocrx_word' id='word_1_785' title='bbox 3291 4674 3433 4738; x_wconf 88' lang='lat' dir='ltr'><strong>dicti</strong></span> <span class='ocrx_word' id='word_1_786' title='bbox 3463 4694 3498 4738; x_wconf 88' lang='lat' dir='ltr'><strong>a</strong></span> <span class='ocrx_word' id='word_1_787' title='bbox 3531 4677 3710 4739; x_wconf 83' lang='lat' dir='ltr'><strong>Pelo-</strong></span> 
     </span>
    </p>
   </div>
   <div class='ocr_carea' id='block_1_108' title="bbox 2048 4753 3701 4840">
    <p class='ocr_par' dir='ltr' id='par_1_108' title="bbox 2048 4753 3701 4840">
     <span class='ocr_line' id='line_1_110' title="bbox 2048 4753 3701 4840; baseline 0.005 -27"><span class='ocrx_word' id='word_1_788' title='bbox 2048 4771 2144 4840; x_wconf 74' lang='lat' dir='ltr'><strong>pe,</strong></span> <span class='ocrx_word' id='word_1_789' title='bbox 2179 4753 2282 4840; x_wconf 80' lang='lat' dir='ltr'><strong>qui</strong></span> <span class='ocrx_word' id='word_1_790' title='bbox 2313 4753 2543 4840; x_wconf 79' lang='lat' dir='ltr'><strong>Tantali</strong></span> <span class='ocrx_word' id='word_1_791' title='bbox 2570 4753 2986 4840; x_wconf 55' lang='lat' dir='ltr'><strong>Prygiaare&#39;gis</strong></span> <span class='ocrx_word' id='word_1_792' title='bbox 3010 4758 3174 4840; x_wconf 75' lang='lat' dir='ltr'><strong>ﬁlius</strong></span> <span class='ocrx_word' id='word_1_793' title='bbox 3194 4758 3394 4839; x_wconf 82' lang='lat' dir='ltr'><strong>fuit;et</strong></span> <span class='ocrx_word' id='word_1_794' title='bbox 3418 4758 3550 4840; x_wconf 90' lang='lat' dir='ltr'><strong>ipse</strong></span> <span class='ocrx_word' id='word_1_795' title='bbox 3574 4777 3701 4840; x_wconf 88' lang='lat' dir='ltr'><strong>rex,</strong></span> 
     </span>
    </p>
   </div>
   <div class='ocr_carea' id='block_1_109' title="bbox 2047 4832 3713 4925">
    <p class='ocr_par' dir='ltr' id='par_1_109' title="bbox 2047 4832 3713 4925">
     <span class='ocr_line' id='line_1_111' title="bbox 2047 4832 3713 4925; baseline 0.005 -30"><span class='ocrx_word' id='word_1_796' title='bbox 2047 4832 2291 4925; x_wconf 64' lang='lat' dir='ltr'><strong>Graeciae</strong></span> <span class='ocrx_word' id='word_1_797' title='bbox 2321 4835 2627 4915; x_wconf 90' lang='lat' dir='ltr'><strong>regionem</strong></span> <span class='ocrx_word' id='word_1_798' title='bbox 2651 4832 3108 4920; x_wconf 43' lang='lat' dir='ltr'><strong>&#39;n&#39;omine&#39;Apia,</strong></span> <span class='ocrx_word' id='word_1_799' title='bbox 3134 4832 3574 4920; x_wconf 54' lang='lat' dir='ltr'><strong>Pelop&#39;ouesum</strong></span> <span class='ocrx_word' id='word_1_800' title='bbox 3597 4832 3713 4903; x_wconf 57' lang='lat' dir='ltr'><strong>no;</strong></span> 
     </span>
    </p>
   </div>
   <div class='ocr_carea' id='block_1_110' title="bbox 2048 4923 2313 4977">
    <p class='ocr_par' dir='ltr' id='par_1_110' title="bbox 2048 4923 2313 4977">
     <span class='ocr_line' id='line_1_112' title="bbox 2048 4923 2313 4977; baseline 0.015 -4"><span class='ocrx_word' id='word_1_801' title='bbox 2048 4923 2313 4977; x_wconf 82' lang='lat' dir='ltr'><strong>minavit.</strong></span> 
     </span>
    </p>
   </div>
   <div class='ocr_carea' id='block_1_111' title="bbox 2128 4994 3705 5082">
    <p class='ocr_par' dir='ltr' id='par_1_111' title="bbox 2128 4994 3705 5082">
     <span class='ocr_line' id='line_1_113' title="bbox 2128 4994 3705 5082; baseline 0.003 -23"><span class='ocrx_word' id='word_1_802' title='bbox 2128 4994 2250 5082; x_wconf 68' lang='grc'><strong>(49)</strong></span> <span class='ocrx_word' id='word_1_803' title='bbox 2282 4997 2617 5082; x_wconf 53' lang='grc' dir='ltr'>Κεκροπίδαι.</span> <span class='ocrx_word' id='word_1_804' title='bbox 2661 5022 2684 5057; x_wconf 78' lang='grc' dir='ltr'><strong>ι</strong></span> <span class='ocrx_word' id='word_1_805' title='bbox 2722 4999 3067 5082; x_wconf 64' lang='lat' dir='ltr'><strong>Cecropidae</strong></span> <span class='ocrx_word' id='word_1_806' title='bbox 3099 5022 3127 5082; x_wconf 58' lang='grc' dir='ltr'><strong>ρ</strong></span> <span class='ocrx_word' id='word_1_807' title='bbox 3163 5018 3351 5079; x_wconf 88' lang='lat' dir='ltr'><strong>genus</strong></span> <span class='ocrx_word' id='word_1_808' title='bbox 3393 5006 3705 5082; x_wconf 84' lang='lat' dir='ltr'><strong>traxerunt</strong></span> 
     </span>
    </p>
   </div>
   <div class='ocr_carea' id='block_1_112' title="bbox 2049 5077 3698 5161">
    <p class='ocr_par' dir='ltr' id='par_1_112' title="bbox 2049 5077 3698 5161">
     <span class='ocr_line' id='line_1_114' title="bbox 2049 5077 3698 5161; baseline 0.003 -25"><span class='ocrx_word' id='word_1_809' title='bbox 2049 5093 2083 5136; x_wconf 91' lang='lat' dir='ltr'><strong>a</strong></span> <span class='ocrx_word' id='word_1_810' title='bbox 2110 5077 2377 5156; x_wconf 90' lang='lat' dir='ltr'><strong>Cecrope</strong></span> <span class='ocrx_word' id='word_1_811' title='bbox 2408 5079 2777 5161; x_wconf 83' lang='lat' dir='ltr'><strong>Athenarum</strong></span> <span class='ocrx_word' id='word_1_812' title='bbox 2810 5077 2973 5161; x_wconf 82' lang='lat' dir='ltr'><strong>rege,</strong></span> <span class='ocrx_word' id='word_1_813' title='bbox 3009 5081 3113 5160; x_wconf 89' lang='lat' dir='ltr'><strong>qui</strong></span> <span class='ocrx_word' id='word_1_814' title='bbox 3145 5077 3512 5160; x_wconf 85' lang='lat' dir='ltr'><strong>magnopere</strong></span> <span class='ocrx_word' id='word_1_815' title='bbox 3543 5080 3698 5141; x_wconf 87' lang='lat' dir='ltr'><strong>Atti-</strong></span> 
     </span>
    </p>
   </div>
   <div class='ocr_carea' id='block_1_113' title="bbox 2050 5159 3696 5242">
    <p class='ocr_par' dir='ltr' id='par_1_113' title="bbox 2050 5159 3696 5242">
     <span class='ocr_line' id='line_1_115' title="bbox 2050 5159 3696 5242; baseline 0.002 -24"><span class='ocrx_word' id='word_1_816' title='bbox 2050 5175 2177 5218; x_wconf 86' lang='lat' dir='ltr'><strong>cam</strong></span> <span class='ocrx_word' id='word_1_817' title='bbox 2214 5159 2536 5233; x_wconf 83' lang='lat' dir='ltr'><strong>exornavit,</strong></span> <span class='ocrx_word' id='word_1_818' title='bbox 2573 5169 2631 5222; x_wconf 88' lang='lat' dir='ltr'><strong>et</strong></span> <span class='ocrx_word' id='word_1_819' title='bbox 2658 5162 2731 5222; x_wconf 86' lang='lat' dir='ltr'><strong>ad</strong></span> <span class='ocrx_word' id='word_1_820' title='bbox 2768 5159 3127 5242; x_wconf 54' lang='lat' dir='ltr'><strong>{Egyptiacae</strong></span> <span class='ocrx_word' id='word_1_821' title='bbox 3158 5159 3373 5241; x_wconf 76' lang='lat' dir='ltr'><strong>linguae</strong></span> <span class='ocrx_word' id='word_1_822' title='bbox 3404 5160 3696 5239; x_wconf 90' lang='lat' dir='ltr'><strong>cognitio-</strong></span> 
     </span>
    </p>
   </div>
   <div class='ocr_carea' id='block_1_114' title="bbox 2051 5242 3699 5324">
    <p class='ocr_par' dir='ltr' id='par_1_114' title="bbox 2051 5242 3699 5324">
     <span class='ocr_line' id='line_1_116' title="bbox 2051 5242 3699 5324; baseline 0.004 -28"><span class='ocrx_word' id='word_1_823' title='bbox 2051 5255 2213 5324; x_wconf 77' lang='lat' dir='ltr'><strong>nem,</strong></span> <span class='ocrx_word' id='word_1_824' title='bbox 2248 5246 2453 5324; x_wconf 85' lang='lat' dir='ltr'><strong>utpote</strong></span> <span class='ocrx_word' id='word_1_825' title='bbox 2479 5259 2549 5324; x_wconf 80' lang='lat' dir='ltr'><strong>ex</strong></span> <span class='ocrx_word' id='word_1_826' title='bbox 2572 5242 2824 5324; x_wconf 55' lang='lat' dir='ltr'><strong>ngypto</strong></span> <span class='ocrx_word' id='word_1_827' title='bbox 2864 5253 3055 5317; x_wconf 89' lang='lat' dir='ltr'><strong>ortus,</strong></span> <span class='ocrx_word' id='word_1_828' title='bbox 3089 5244 3309 5307; x_wconf 62' lang='lat' dir='ltr'><strong>Graeca</strong></span> <span class='ocrx_word' id='word_1_829' title='bbox 3329 5258 3571 5322; x_wconf 86' lang='lat' dir='ltr'><strong>quoque</strong></span> <span class='ocrx_word' id='word_1_830' title='bbox 3602 5258 3699 5322; x_wconf 86' lang='lat' dir='ltr'><strong>pe-</strong></span> 
     </span>
    </p>
   </div>
   <div class='ocr_carea' id='block_1_115' title="bbox 2050 5316 2575 5396">
    <p class='ocr_par' dir='ltr' id='par_1_115' title="bbox 2050 5316 2575 5396">
     <span class='ocr_line' id='line_1_117' title="bbox 2050 5316 2575 5396; baseline 0.01 -19"><span class='ocrx_word' id='word_1_831' title='bbox 2050 5316 2249 5378; x_wconf 87' lang='lat' dir='ltr'><strong>ritiam</strong></span> <span class='ocrx_word' id='word_1_832' title='bbox 2281 5316 2575 5396; x_wconf 83' lang='lat' dir='ltr'><strong>adjunxit.</strong></span> 
     </span>
    </p>
   </div>
   <div class='ocr_carea' id='block_1_116' title="bbox 2127 5398 3695 5478">
    <p class='ocr_par' dir='ltr' id='par_1_116' title="bbox 2127 5398 3695 5478">
     <span class='ocr_line' id='line_1_118' title="bbox 2127 5398 3695 5478; baseline 0.003 -17"><span class='ocrx_word' id='word_1_833' title='bbox 2127 5398 2257 5478; x_wconf 76' lang='lat'><strong>(50)</strong></span> <span class='ocrx_word' id='word_1_834' title='bbox 2287 5399 2672 5475; x_wconf 83' lang='grc' dir='ltr'>Ἀλκμαίωνες.</span> <span class='ocrx_word' id='word_1_835' title='bbox 2712 5427 2739 5457; x_wconf 85' lang='grc' dir='ltr'><strong>α</strong></span> <span class='ocrx_word' id='word_1_836' title='bbox 2775 5403 3113 5465; x_wconf 66' lang='lat' dir='ltr'><strong>Alcmaeon»</strong></span> <span class='ocrx_word' id='word_1_837' title='bbox 3150 5400 3536 5465; x_wconf 84' lang='lat' dir='ltr'><strong>Atheniensis</strong></span> <span class='ocrx_word' id='word_1_838' title='bbox 3555 5400 3695 5465; x_wconf 87' lang='lat' dir='ltr'><strong>Pisi-</strong></span> 
     </span>
    </p>
   </div>
   <div class='ocr_carea' id='block_1_117' title="bbox 337 5480 3693 5563">
    <p class='ocr_par' dir='ltr' id='par_1_117' title="bbox 337 5480 3693 5563">
     <span class='ocr_line' id='line_1_119' title="bbox 337 5480 3693 5563; baseline 0.001 -24"><span class='ocrx_word' id='word_1_839' title='bbox 337 5480 752 5563; x_wconf 57' lang='lat' dir='ltr'><strong>estafuerant,</strong></span> <span class='ocrx_word' id='word_1_840' title='bbox 794 5492 857 5543; x_wconf 87' lang='lat' dir='ltr'><strong>ut</strong></span> <span class='ocrx_word' id='word_1_841' title='bbox 899 5480 1178 5546; x_wconf 88' lang='lat' dir='ltr'><strong>observat</strong></span> <span class='ocrx_word' id='word_1_842' title='bbox 1206 5483 1460 5554; x_wconf 86' lang='lat' dir='ltr'><strong>Nicetas,</strong></span> <span class='ocrx_word' id='word_1_843' title='bbox 1486 5480 1795 5545; x_wconf 80' lang='lat' dir='ltr'><strong>historiam</strong></span> <span class='ocrx_word' id='word_1_844' title='bbox 1825 5480 1961 5543; x_wconf 86' lang='lat' dir='ltr'><strong>edi-</strong></span> <span class='ocrx_word' id='word_1_845' title='bbox 2044 5481 2215 5563; x_wconf 75' lang='lat' dir='ltr'><strong>strati</strong></span> <span class='ocrx_word' id='word_1_846' title='bbox 2243 5480 2552 5563; x_wconf 81' lang='lat' dir='ltr'><strong>tyrannide</strong></span> <span class='ocrx_word' id='word_1_847' title='bbox 2572 5483 2865 5544; x_wconf 86' lang='lat' dir='ltr'><strong>civitatem</strong></span> <span class='ocrx_word' id='word_1_848' title='bbox 2890 5500 3238 5563; x_wconf 85' lang='lat' dir='ltr'><strong>oppressam</strong></span> <span class='ocrx_word' id='word_1_849' title='bbox 3268 5484 3330 5545; x_wconf 93' lang='lat' dir='ltr'><strong>in</strong></span> <span class='ocrx_word' id='word_1_850' title='bbox 3354 5482 3693 5548; x_wconf 88' lang='lat' dir='ltr'><strong>libertatem</strong></span> 
     </span>
    </p>
   </div>
   <div class='ocr_carea' id='block_1_118' title="bbox 344 5558 1974 5653">
    <p class='ocr_par' dir='ltr' id='par_1_118' title="bbox 344 5558 1974 5653">
     <span class='ocr_line' id='line_1_120' title="bbox 344 5558 1974 5653; baseline 0.004 -34"><span class='ocrx_word' id='word_1_851' title='bbox 344 5577 449 5621; x_wconf 91' lang='lat' dir='ltr'><strong>ere</strong></span> <span class='ocrx_word' id='word_1_852' title='bbox 481 5558 816 5653; x_wconf 75' lang='lat' dir='ltr'><strong>Xenophen</strong></span> <span class='ocrx_word' id='word_1_853' title='bbox 845 5573 904 5624; x_wconf 86' lang='lat' dir='ltr'><strong>et</strong></span> <span class='ocrx_word' id='word_1_854' title='bbox 941 5563 1243 5646; x_wconf 79' lang='lat' dir='ltr'><strong>Polybius;</strong></span> <span class='ocrx_word' id='word_1_855' title='bbox 1275 5564 1629 5647; x_wconf 86' lang='lat' dir='ltr'><strong>Apollonius</strong></span> <span class='ocrx_word' id='word_1_856' title='bbox 1657 5564 1796 5626; x_wconf 80' lang='lat' dir='ltr'><strong>vero</strong></span> <span class='ocrx_word' id='word_1_857' title='bbox 1832 5580 1974 5643; x_wconf 88' lang='lat' dir='ltr'><strong>poe-</strong></span> 
     </span>
    </p>
   </div>
   <div class='ocr_carea' id='block_1_119' title="bbox 299 5651 819 5721">
    <p class='ocr_par' dir='ltr' id='par_1_119' title="bbox 299 5651 819 5721">
     <span class='ocr_line' id='line_1_121' title="bbox 299 5651 819 5721; baseline 0.006 -21"><span class='ocrx_word' id='word_1_858' title='bbox 299 5658 355 5701; x_wconf 92' lang='lat' dir='ltr'><strong>m</strong></span> <span class='ocrx_word' id='word_1_859' title='bbox 378 5658 412 5700; x_wconf 91' lang='lat' dir='ltr'><strong>a</strong></span> <span class='ocrx_word' id='word_1_860' title='bbox 443 5651 819 5721; x_wconf 80' lang='lat' dir='ltr'><strong>conscripsit.</strong></span> 
     </span>
    </p>
   </div>
   <div class='ocr_carea' id='block_1_120' title="bbox 402 5720 1969 5807">
    <p class='ocr_par' dir='ltr' id='par_1_120' title="bbox 402 5720 1969 5807">
     <span class='ocr_line' id='line_1_122' title="bbox 402 5720 1969 5807; baseline -0.007 -10"><span class='ocrx_word' id='word_1_861' title='bbox 402 5720 526 5807; x_wconf 53' lang='lat'><strong>(49)</strong></span> <span class='ocrx_word' id='word_1_862' title='bbox 584 5720 974 5807; x_wconf 49' lang='grc' dir='ltr'>[ξορροτρόφρνε</span> <span class='ocrx_word' id='word_1_863' title='bbox 1024 5749 1061 5807; x_wconf 16' lang='grc' dir='ltr'>γα</span> <span class='ocrx_word' id='word_1_864' title='bbox 1113 5726 1365 5805; x_wconf 83' lang='lat' dir='ltr'><strong>Alludit,</strong></span> <span class='ocrx_word' id='word_1_865' title='bbox 1402 5752 1430 5784; x_wconf 75' lang='grc' dir='ltr'>ι»</span> <span class='ocrx_word' id='word_1_866' title='bbox 1464 5724 1659 5807; x_wconf 87' lang='lat' dir='ltr'><strong>inquit</strong></span> <span class='ocrx_word' id='word_1_867' title='bbox 1705 5724 1969 5807; x_wconf 76' lang='lat' dir='ltr'><strong>Nicetas,</strong></span> 
     </span>
    </p>
   </div>
   <div class='ocr_carea' id='block_1_121' title="bbox 335 5798 1971 5890">
    <p class='ocr_par' dir='ltr' id='par_1_121' title="bbox 335 5798 1971 5890">
     <span class='ocr_line' id='line_1_123' title="bbox 335 5798 1971 5890; baseline -0.001 -26"><span class='ocrx_word' id='word_1_868' title='bbox 335 5798 412 5864; x_wconf 78' lang='lat' dir='ltr'><strong>ad</strong></span> <span class='ocrx_word' id='word_1_869' title='bbox 460 5798 620 5865; x_wconf 84' lang='lat' dir='ltr'><strong>istud</strong></span> <span class='ocrx_word' id='word_1_870' title='bbox 647 5798 897 5868; x_wconf 79' lang='lat' dir='ltr'><strong>Homeri</strong></span> <span class='ocrx_word' id='word_1_871' title='bbox 931 5805 1159 5889; x_wconf 71' lang='lat' dir='ltr'><strong>Odyss.</strong></span> <span class='ocrx_word' id='word_1_872' title='bbox 1195 5798 1437 5890; x_wconf 53' lang='grc' dir='ltr'>ηαστε.</span> <span class='ocrx_word' id='word_1_873' title='bbox 1463 5798 1567 5870; x_wconf 70' lang='lat' dir='ltr'><strong>27E</strong></span> <span class='ocrx_word' id='word_1_874' title='bbox 1611 5798 1971 5888; x_wconf 71' lang='grc' dir='ltr'>ῖρηχιτ,ἀλλ⁵</span> 
     </span>
    </p>
   </div>
   <div class='ocr_carea' id='block_1_122' title="bbox 2057 5559 3019 5637">
    <p class='ocr_par' dir='ltr' id='par_1_122' title="bbox 2057 5559 3019 5637">
     <span class='ocr_line' id='line_1_124' title="bbox 2057 5559 3019 5637; baseline 0.009 -19"><span class='ocrx_word' id='word_1_875' title='bbox 2057 5559 2395 5637; x_wconf 88' lang='lat' dir='ltr'><strong>vindicavit;</strong></span> <span class='ocrx_word' id='word_1_876' title='bbox 2431 5562 2589 5623; x_wconf 91' lang='lat' dir='ltr'><strong>unde</strong></span> <span class='ocrx_word' id='word_1_877' title='bbox 2622 5559 3019 5627; x_wconf 62' lang='lat' dir='ltr'><strong>Alcmaeones.</strong></span> 
     </span>
    </p>
   </div>
   <div class='ocr_carea' id='block_1_123' title="bbox 2148 5642 3703 5720">
    <p class='ocr_par' dir='ltr' id='par_1_123' title="bbox 2148 5642 3703 5720">
     <span class='ocr_line' id='line_1_125' title="bbox 2148 5642 3703 5720; baseline 0.006 -20"><span class='ocrx_word' id='word_1_878' title='bbox 2148 5642 2277 5720; x_wconf 82' lang='lat'><strong>(51)</strong></span> <span class='ocrx_word' id='word_1_879' title='bbox 2308 5642 2557 5702; x_wconf 74' lang='grc' dir='ltr'>Αἰακίδει.</span> <span class='ocrx_word' id='word_1_880' title='bbox 2599 5665 2622 5702; x_wconf 80' lang='grc' dir='ltr'><strong>α</strong></span> <span class='ocrx_word' id='word_1_881' title='bbox 2658 5643 2922 5706; x_wconf 72' lang='lat' dir='ltr'><strong>.Eacidzn</strong></span> <span class='ocrx_word' id='word_1_882' title='bbox 2949 5668 2975 5700; x_wconf 77' lang='lat'>»</span> <span class='ocrx_word' id='word_1_883' title='bbox 3025 5643 3113 5705; x_wconf 88' lang='lat' dir='ltr'><strong>sic</strong></span> <span class='ocrx_word' id='word_1_884' title='bbox 3164 5645 3352 5709; x_wconf 89' lang='lat' dir='ltr'><strong>vocati</strong></span> <span class='ocrx_word' id='word_1_885' title='bbox 3396 5645 3469 5709; x_wconf 89' lang='lat' dir='ltr'><strong>ab</strong></span> <span class='ocrx_word' id='word_1_886' title='bbox 3524 5646 3703 5710; x_wconf 69' lang='lat' dir='ltr'><strong>Iliaco</strong></span> 
     </span>
    </p>
   </div>
   <div class='ocr_carea' id='block_1_124' title="bbox 2057 5721 3477 5809">
    <p class='ocr_par' dir='ltr' id='par_1_124' title="bbox 2057 5721 3477 5809">
     <span class='ocr_line' id='line_1_126' title="bbox 2057 5721 3477 5809; baseline 0.005 -26"><span class='ocrx_word' id='word_1_887' title='bbox 2057 5722 2218 5784; x_wconf 82' lang='lat' dir='ltr'><strong>Jovis</strong></span> <span class='ocrx_word' id='word_1_888' title='bbox 2250 5721 2389 5800; x_wconf 88' lang='lat' dir='ltr'><strong>ﬁlio,</strong></span> <span class='ocrx_word' id='word_1_889' title='bbox 2418 5722 2700 5804; x_wconf 86' lang='lat' dir='ltr'><strong>singulari</strong></span> <span class='ocrx_word' id='word_1_890' title='bbox 2719 5724 2967 5806; x_wconf 66' lang='lat' dir='ltr'><strong>justitiaa</strong></span> <span class='ocrx_word' id='word_1_891' title='bbox 2995 5725 3173 5789; x_wconf 90' lang='lat' dir='ltr'><strong>laude</strong></span> <span class='ocrx_word' id='word_1_892' title='bbox 3205 5726 3477 5809; x_wconf 84' lang='lat' dir='ltr'><strong>praedito.</strong></span> 
     </span>
    </p>
   </div>
  </div>
