  <div class='ocr_page' id='page_1' title='image "/cluster/home/n/w/nwhite01/storage/ocr_20150623/36:no.2/coo.31924054869338/259.png"; bbox 0 0 2075 3225; ppageno 0'>
   <div class='ocr_carea' id='block_1_1' title="bbox 195 136 255 169">
    <p class='ocr_par' dir='ltr' id='par_1_1' title="bbox 195 136 255 169">
     <span class='ocr_line' id='line_1_1' title="bbox 195 136 255 169; baseline -0.017 0"><span class='ocrx_word' id='word_1_1' title='bbox 195 136 255 169; x_wconf 80' lang='grc'><strong>503</strong></span> 
     </span>
    </p>
   </div>
   <div class='ocr_carea' id='block_1_2' title="bbox 194 205 1049 246">
    <p class='ocr_par' dir='ltr' id='par_1_2' title="bbox 194 205 1049 246">
     <span class='ocr_line' id='line_1_2' title="bbox 194 205 1049 246; baseline 0 -10"><span class='ocrx_word' id='word_1_2' title='bbox 194 205 261 245; x_wconf 77' lang='lat' dir='ltr'><strong>fuga</strong></span> <span class='ocrx_word' id='word_1_3' title='bbox 276 206 386 246; x_wconf 64' lang='lat' dir='ltr'><strong>elapsa;</strong></span> <span class='ocrx_word' id='word_1_4' title='bbox 410 207 440 237; x_wconf 95' lang='lat' dir='ltr'><strong>in</strong></span> <span class='ocrx_word' id='word_1_5' title='bbox 466 206 512 237; x_wconf 82' lang='lat' dir='ltr'><strong>his</strong></span> <span class='ocrx_word' id='word_1_6' title='bbox 535 206 687 237; x_wconf 72' lang='lat' dir='ltr'><strong>montibus</strong></span> <span class='ocrx_word' id='word_1_7' title='bbox 711 206 902 245; x_wconf 87' lang='lat' dir='ltr'><strong>delitescunt;</strong></span> <span class='ocrx_word' id='word_1_8' title='bbox 919 207 1049 238; x_wconf 62' lang='lat' dir='ltr'><strong>multata</strong></span> 
     </span>
    </p>
   </div>
   <div class='ocr_carea' id='block_1_3' title="bbox 195 251 1023 292">
    <p class='ocr_par' dir='ltr' id='par_1_3' title="bbox 195 251 1023 292">
     <span class='ocr_line' id='line_1_3' title="bbox 195 251 1023 292; baseline 0.002 -10"><span class='ocrx_word' id='word_1_9' title='bbox 195 251 357 282; x_wconf 67' lang='lat' dir='ltr'><strong>esculenta)</strong></span> <span class='ocrx_word' id='word_1_10' title='bbox 371 259 445 282; x_wconf 84' lang='lat' dir='ltr'><strong>aves</strong></span> <span class='ocrx_word' id='word_1_11' title='bbox 456 259 547 284; x_wconf 65' lang='lat' dir='ltr'><strong>supra</strong></span> <span class='ocrx_word' id='word_1_12' title='bbox 563 252 682 292; x_wconf 91' lang='lat' dir='ltr'><strong>nos,qui</strong></span> <span class='ocrx_word' id='word_1_13' title='bbox 700 260 750 282; x_wconf 91' lang='lat' dir='ltr'><strong>eas</strong></span> <span class='ocrx_word' id='word_1_14' title='bbox 766 252 1023 292; x_wconf 87' lang='lat' dir='ltr'><strong>expetimus.voli-</strong></span> 
     </span>
    </p>
   </div>
   <div class='ocr_carea' id='block_1_4' title="bbox 195 295 1022 337">
    <p class='ocr_par' dir='ltr' id='par_1_4' title="bbox 195 295 1022 337">
     <span class='ocr_line' id='line_1_4' title="bbox 195 295 1022 337; baseline 0.001 -11"><span class='ocrx_word' id='word_1_15' title='bbox 195 299 270 334; x_wconf 86' lang='lat' dir='ltr'><strong>tant;</strong></span> <span class='ocrx_word' id='word_1_16' title='bbox 286 305 413 337; x_wconf 90' lang='lat' dir='ltr'><strong>quorum</strong></span> <span class='ocrx_word' id='word_1_17' title='bbox 428 295 498 336; x_wconf 90' lang='lat' dir='ltr'><strong>quid</strong></span> <span class='ocrx_word' id='word_1_18' title='bbox 514 296 636 327; x_wconf 92' lang='lat' dir='ltr'><strong>omnino</strong></span> <span class='ocrx_word' id='word_1_19' title='bbox 649 297 790 336; x_wconf 88' lang='lat' dir='ltr'><strong>est,quod</strong></span> <span class='ocrx_word' id='word_1_20' title='bbox 807 301 847 332; x_wconf 85' lang='lat' dir='ltr'><strong>te.</strong></span> <span class='ocrx_word' id='word_1_21' title='bbox 865 297 912 328; x_wconf 90' lang='lat' dir='ltr'><strong>vel</strong></span> <span class='ocrx_word' id='word_1_22' title='bbox 928 298 1022 328; x_wconf 89' lang='lat' dir='ltr'><strong>solum</strong></span> 
     </span>
    </p>
   </div>
   <div class='ocr_carea' id='block_1_5' title="bbox 193 339 1025 381">
    <p class='ocr_par' dir='ltr' id='par_1_5' title="bbox 193 339 1025 381">
     <span class='ocr_line' id='line_1_5' title="bbox 193 339 1025 381; baseline 0.001 -10"><span class='ocrx_word' id='word_1_23' title='bbox 193 344 419 381; x_wconf 80' lang='lat' dir='ltr'><strong>annuente,non</strong></span> <span class='ocrx_word' id='word_1_24' title='bbox 434 340 523 371; x_wconf 77' lang='lat' dir='ltr'><strong>facile</strong></span> <span class='ocrx_word' id='word_1_25' title='bbox 535 341 602 381; x_wconf 89' lang='lat' dir='ltr'><strong>capi</strong></span> <span class='ocrx_word' id='word_1_26' title='bbox 619 339 796 380; x_wconf 59' lang='lat' dir='ltr'><strong>pessumae</strong></span> <span class='ocrx_word' id='word_1_27' title='bbox 814 350 916 371; x_wconf 90' lang='lat' dir='ltr'><strong>eorum</strong></span> <span class='ocrx_word' id='word_1_28' title='bbox 935 342 1025 373; x_wconf 82' lang='lat' dir='ltr'><strong>verba</strong></span> 
     </span>
    </p>
   </div>
   <div class='ocr_carea' id='block_1_6' title="bbox 196 384 1022 425">
    <p class='ocr_par' dir='ltr' id='par_1_6' title="bbox 196 384 1022 425">
     <span class='ocr_line' id='line_1_6' title="bbox 196 384 1022 425; baseline 0.001 -9"><span class='ocrx_word' id='word_1_29' title='bbox 196 388 282 416; x_wconf 91' lang='lat' dir='ltr'><strong>erant</strong></span> <span class='ocrx_word' id='word_1_30' title='bbox 296 395 302 417; x_wconf 91' lang='lat'>:</span> <span class='ocrx_word' id='word_1_31' title='bbox 319 394 355 416; x_wconf 92' lang='lat' dir='ltr'><strong>ac</strong></span> <span class='ocrx_word' id='word_1_32' title='bbox 363 385 461 425; x_wconf 61' lang='lat' dir='ltr'><strong>praeda</strong></span> <span class='ocrx_word' id='word_1_33' title='bbox 473 384 631 416; x_wconf 82' lang='lat' dir='ltr'><strong>verborum</strong></span> <span class='ocrx_word' id='word_1_34' title='bbox 654 394 756 417; x_wconf 90' lang='lat' dir='ltr'><strong>comes</strong></span> <span class='ocrx_word' id='word_1_35' title='bbox 771 391 847 422; x_wconf 71' lang='lat' dir='ltr'><strong>erat,</strong></span> <span class='ocrx_word' id='word_1_36' title='bbox 865 385 1022 417; x_wconf 86' lang='lat' dir='ltr'><strong>nbsoninm</strong></span> 
     </span>
    </p>
   </div>
   <div class='ocr_carea' id='block_1_7' title="bbox 195 429 1021 471">
    <p class='ocr_par' dir='ltr' id='par_1_7' title="bbox 195 429 1021 471">
     <span class='ocr_line' id='line_1_7' title="bbox 195 429 1021 471; baseline 0 -10"><span class='ocrx_word' id='word_1_37' title='bbox 195 430 273 461; x_wconf 87' lang='lat' dir='ltr'><strong>ultro</strong></span> <span class='ocrx_word' id='word_1_38' title='bbox 285 429 430 470; x_wconf 86' lang='lat' dir='ltr'><strong>oblatum,</strong></span> <span class='ocrx_word' id='word_1_39' title='bbox 443 429 610 461; x_wconf 84' lang='lat' dir='ltr'><strong>convivium</strong></span> <span class='ocrx_word' id='word_1_40' title='bbox 622 429 704 460; x_wconf 91' lang='lat' dir='ltr'><strong>nullo</strong></span> <span class='ocrx_word' id='word_1_41' title='bbox 718 430 820 461; x_wconf 85' lang='lat' dir='ltr'><strong>labore</strong></span> <span class='ocrx_word' id='word_1_42' title='bbox 831 431 1021 471; x_wconf 82' lang='lat' dir='ltr'><strong>instructum,</strong></span> 
     </span>
    </p>
   </div>
   <div class='ocr_carea' id='block_1_8' title="bbox 195 474 1022 516">
    <p class='ocr_par' dir='ltr' id='par_1_8' title="bbox 195 474 1022 516">
     <span class='ocr_line' id='line_1_8' title="bbox 195 474 1022 516; baseline 0 -10"><span class='ocrx_word' id='word_1_43' title='bbox 195 475 275 506; x_wconf 75' lang='lat' dir='ltr'><strong>cervi</strong></span> <span class='ocrx_word' id='word_1_44' title='bbox 289 484 306 506; x_wconf 91' lang='lat' dir='ltr'><strong>e</strong></span> <span class='ocrx_word' id='word_1_45' title='bbox 322 474 444 505; x_wconf 90' lang='lat' dir='ltr'><strong>tumulis</strong></span> <span class='ocrx_word' id='word_1_46' title='bbox 452 478 577 514; x_wconf 89' lang='lat' dir='ltr'><strong>repente</strong></span> <span class='ocrx_word' id='word_1_47' title='bbox 588 475 877 515; x_wconf 79' lang='lat' dir='ltr'><strong>apparentesQuam</strong></span> <span class='ocrx_word' id='word_1_48' title='bbox 895 476 1022 516; x_wconf 83' lang='lat' dir='ltr'><strong>proceri!</strong></span> 
     </span>
    </p>
   </div>
   <div class='ocr_carea' id='block_1_9' title="bbox 196 518 1025 560">
    <p class='ocr_par' dir='ltr' id='par_1_9' title="bbox 196 518 1025 560">
     <span class='ocr_line' id='line_1_9' title="bbox 196 518 1025 560; baseline 0.001 -10"><span class='ocrx_word' id='word_1_49' title='bbox 196 520 289 557; x_wconf 87' lang='lat' dir='ltr'><strong>Quatn</strong></span> <span class='ocrx_word' id='word_1_50' title='bbox 306 519 441 559; x_wconf 74' lang='lat' dir='ltr'><strong>pingues!</strong></span> <span class='ocrx_word' id='word_1_51' title='bbox 459 518 551 555; x_wconf 90' lang='lat' dir='ltr'><strong>Quam</strong></span> <span class='ocrx_word' id='word_1_52' title='bbox 567 518 604 550; x_wconf 83' lang='lat' dir='ltr'><strong>ad</strong></span> <span class='ocrx_word' id='word_1_53' title='bbox 633 519 745 550; x_wconf 58' lang='lat' dir='ltr'><strong>caedem</strong></span> <span class='ocrx_word' id='word_1_54' title='bbox 772 520 902 560; x_wconf 89' lang='lat' dir='ltr'><strong>prompti</strong></span> <span class='ocrx_word' id='word_1_55' title='bbox 919 525 947 551; x_wconf 91' lang='lat' dir='ltr'><strong>et</strong></span> <span class='ocrx_word' id='word_1_56' title='bbox 961 522 1025 551; x_wconf 86' lang='lat' dir='ltr'><strong>ala-</strong></span> 
     </span>
    </p>
   </div>
   <div class='ocr_carea' id='block_1_10' title="bbox 194 563 1026 605">
    <p class='ocr_par' dir='ltr' id='par_1_10' title="bbox 194 563 1026 605">
     <span class='ocr_line' id='line_1_10' title="bbox 194 563 1026 605; baseline 0 -10"><span class='ocrx_word' id='word_1_57' title='bbox 194 563 271 595; x_wconf 83' lang='lat' dir='ltr'><strong>cres!</strong></span> <span class='ocrx_word' id='word_1_58' title='bbox 288 563 509 604; x_wconf 88' lang='lat' dir='ltr'><strong>Propemodum</strong></span> <span class='ocrx_word' id='word_1_59' title='bbox 526 573 577 594; x_wconf 86' lang='lat' dir='ltr'><strong>eos</strong></span> <span class='ocrx_word' id='word_1_60' title='bbox 592 564 853 605; x_wconf 87' lang='lat' dir='ltr'><strong>conjiceres,quod</strong></span> <span class='ocrx_word' id='word_1_61' title='bbox 867 575 925 595; x_wconf 95' lang='lat' dir='ltr'><strong>non</strong></span> <span class='ocrx_word' id='word_1_62' title='bbox 939 566 1026 596; x_wconf 87' lang='lat' dir='ltr'><strong>cilius</strong></span> 
     </span>
    </p>
   </div>
   <div class='ocr_carea' id='block_1_11' title="bbox 195 608 1026 649">
    <p class='ocr_par' dir='ltr' id='par_1_11' title="bbox 195 608 1026 649">
     <span class='ocr_line' id='line_1_11' title="bbox 195 608 1026 649; baseline 0.004 -11"><span class='ocrx_word' id='word_1_63' title='bbox 195 608 289 639; x_wconf 86' lang='lat' dir='ltr'><strong>vocati</strong></span> <span class='ocrx_word' id='word_1_64' title='bbox 304 608 546 644; x_wconf 83' lang='lat' dir='ltr'><strong>essent,moleste</strong></span> <span class='ocrx_word' id='word_1_65' title='bbox 562 608 653 639; x_wconf 79' lang='lat' dir='ltr'><strong>ferro.</strong></span> <span class='ocrx_word' id='word_1_66' title='bbox 670 608 715 639; x_wconf 93' lang='lat' dir='ltr'><strong>Illi</strong></span> <span class='ocrx_word' id='word_1_67' title='bbox 731 610 861 649; x_wconf 88' lang='lat' dir='ltr'><strong>capitum</strong></span> <span class='ocrx_word' id='word_1_68' title='bbox 878 614 949 641; x_wconf 87' lang='lat' dir='ltr'><strong>nutu</strong></span> <span class='ocrx_word' id='word_1_69' title='bbox 962 611 1026 641; x_wconf 88' lang='lat' dir='ltr'><strong>alli-</strong></span> 
     </span>
    </p>
   </div>
   <div class='ocr_carea' id='block_1_12' title="bbox 816 139 1267 175">
    <p class='ocr_par' dir='ltr' id='par_1_12' title="bbox 816 139 1267 175">
     <span class='ocr_line' id='line_1_12' title="bbox 816 139 1267 175; baseline 0.009 -4"><span class='ocrx_word' id='word_1_70' title='bbox 816 140 846 171; x_wconf 73' lang='grc' dir='ltr'><strong>ὃ.</strong></span> <span class='ocrx_word' id='word_1_71' title='bbox 870 139 1052 172; x_wconf 83' lang='lat' dir='ltr'><strong>GREGORII</strong></span> <span class='ocrx_word' id='word_1_72' title='bbox 1075 141 1128 172; x_wconf 87' lang='grc' dir='ltr'>ΤΗ</span> <span class='ocrx_word' id='word_1_73' title='bbox 1134 142 1267 175; x_wconf 86' lang='lat' dir='ltr'><strong>EOLOGI</strong></span> 
     </span>
    </p>
   </div>
   <div class='ocr_carea' id='block_1_13' title="bbox 1845 144 1903 176">
    <p class='ocr_par' dir='ltr' id='par_1_13' title="bbox 1845 144 1903 176">
     <span class='ocr_line' id='line_1_13' title="bbox 1845 144 1903 176; baseline 0.017 -1"><span class='ocrx_word' id='word_1_74' title='bbox 1845 144 1903 176; x_wconf 80' lang='grc'><strong>504</strong></span> 
     </span>
    </p>
   </div>
   <div class='ocr_carea' id='block_1_14' title="bbox 1060 202 1899 252">
    <p class='ocr_par' dir='ltr' id='par_1_14' title="bbox 1060 202 1899 252">
     <span class='ocr_line' id='line_1_14' title="bbox 1060 202 1899 252; baseline 0.005 -16"><span class='ocrx_word' id='word_1_75' title='bbox 1060 209 1140 237; x_wconf 76' lang='grc' dir='ltr'>ποθὲν</span> <span class='ocrx_word' id='word_1_76' title='bbox 1164 210 1357 251; x_wconf 67' lang='grc' dir='ltr'>ὑπερφανέντος</span> <span class='ocrx_word' id='word_1_77' title='bbox 1388 212 1502 251; x_wconf 74' lang='grc' dir='ltr'>ἁθρόως.</span> <span class='ocrx_word' id='word_1_78' title='bbox 1557 217 1595 244; x_wconf 86' lang='grc' dir='ltr'>Ως</span> <span class='ocrx_word' id='word_1_79' title='bbox 1638 213 1687 250; x_wconf 76' lang='grc' dir='ltr'>μὲν</span> <span class='ocrx_word' id='word_1_80' title='bbox 1716 202 1899 252; x_wconf 60' lang='grc' dir='ltr'>ιῦμιγέθειςε</span> 
     </span>
    </p>
   </div>
   <div class='ocr_carea' id='block_1_15' title="bbox 1065 252 1901 297">
    <p class='ocr_par' dir='ltr' id='par_1_15' title="bbox 1065 252 1901 297">
     <span class='ocr_line' id='line_1_15' title="bbox 1065 252 1901 297; baseline 0.004 -16"><span class='ocrx_word' id='word_1_81' title='bbox 1065 254 1102 285; x_wconf 86' lang='grc' dir='ltr'>ὡς</span> <span class='ocrx_word' id='word_1_82' title='bbox 1124 252 1152 281; x_wconf 79' lang='grc' dir='ltr'><strong>δὲ</strong></span> <span class='ocrx_word' id='word_1_83' title='bbox 1176 255 1286 288; x_wconf 71' lang='grc' dir='ltr'>πίονεςί</span> <span class='ocrx_word' id='word_1_84' title='bbox 1310 257 1347 288; x_wconf 77' lang='grc' dir='ltr'><strong>ὡς</strong></span> <span class='ocrx_word' id='word_1_85' title='bbox 1376 255 1403 285; x_wconf 74' lang='grc' dir='ltr'><strong>δὲ</strong></span> <span class='ocrx_word' id='word_1_86' title='bbox 1418 258 1547 296; x_wconf 89' lang='grc' dir='ltr'>πρόθυμοι</span> <span class='ocrx_word' id='word_1_87' title='bbox 1562 259 1628 297; x_wconf 76' lang='grc' dir='ltr'>πρὸς</span> <span class='ocrx_word' id='word_1_88' title='bbox 1651 257 1776 297; x_wconf 70' lang='grc' dir='ltr'>σφαγήνε</span> <span class='ocrx_word' id='word_1_89' title='bbox 1795 261 1901 286; x_wconf 78' lang='grc' dir='ltr'>Μονον-</span> 
     </span>
    </p>
   </div>
   <div class='ocr_carea' id='block_1_16' title="bbox 1066 299 1901 342">
    <p class='ocr_par' dir='ltr' id='par_1_16' title="bbox 1066 299 1901 342">
     <span class='ocr_line' id='line_1_16' title="bbox 1066 299 1901 342; baseline 0.004 -15"><span class='ocrx_word' id='word_1_90' title='bbox 1066 299 1128 338; x_wconf 84' lang='grc' dir='ltr'>ουχὶ</span> <span class='ocrx_word' id='word_1_91' title='bbox 1149 300 1193 328; x_wconf 80' lang='grc' dir='ltr'>καὶ</span> <span class='ocrx_word' id='word_1_92' title='bbox 1218 304 1296 329; x_wconf 77' lang='grc' dir='ltr'>τοῦτο</span> <span class='ocrx_word' id='word_1_93' title='bbox 1325 302 1437 337; x_wconf 79' lang='grc' dir='ltr'>ιίκάζειν</span> <span class='ocrx_word' id='word_1_94' title='bbox 1466 301 1515 341; x_wconf 78' lang='grc' dir='ltr'>ἦν,</span> <span class='ocrx_word' id='word_1_95' title='bbox 1547 301 1587 330; x_wconf 75' lang='grc' dir='ltr'>ὅτι</span> <span class='ocrx_word' id='word_1_96' title='bbox 1616 303 1654 340; x_wconf 79' lang='grc' dir='ltr'>μὴ</span> <span class='ocrx_word' id='word_1_97' title='bbox 1698 302 1764 342; x_wconf 70' lang='grc'><strong>(72)</strong></span> <span class='ocrx_word' id='word_1_98' title='bbox 1802 305 1901 342; x_wconf 62' lang='grc' dir='ltr'>τάχιον</span> 
     </span>
    </p>
   </div>
   <div class='ocr_carea' id='block_1_17' title="bbox 1066 343 1899 386">
    <p class='ocr_par' dir='ltr' id='par_1_17' title="bbox 1066 343 1899 386">
     <span class='ocr_line' id='line_1_17' title="bbox 1066 343 1899 386; baseline 0.005 -15"><span class='ocrx_word' id='word_1_99' title='bbox 1066 343 1230 381; x_wconf 73' lang='grc' dir='ltr'>ἐκλήθησαν,</span> <span class='ocrx_word' id='word_1_100' title='bbox 1254 345 1453 386; x_wconf 77' lang='grc' dir='ltr'>ἐδυσχέραινον,</span> <span class='ocrx_word' id='word_1_101' title='bbox 1472 348 1502 375; x_wconf 87' lang='grc' dir='ltr'><strong>Οἱ</strong></span> <span class='ocrx_word' id='word_1_102' title='bbox 1520 347 1569 384; x_wconf 79' lang='grc' dir='ltr'>μὲν</span> <span class='ocrx_word' id='word_1_103' title='bbox 1599 347 1691 375; x_wconf 83' lang='grc' dir='ltr'>εἷλκον</span> <span class='ocrx_word' id='word_1_104' title='bbox 1714 354 1773 380; x_wconf 72' lang='grc' dir='ltr'>τοῖς</span> <span class='ocrx_word' id='word_1_105' title='bbox 1798 348 1899 384; x_wconf 74' lang='grc' dir='ltr'>νεύμα-</span> 
     </span>
    </p>
   </div>
   <div class='ocr_carea' id='block_1_18' title="bbox 1066 388 1900 431">
    <p class='ocr_par' dir='ltr' id='par_1_18' title="bbox 1066 388 1900 431">
     <span class='ocr_line' id='line_1_18' title="bbox 1066 388 1900 431; baseline 0.005 -15"><span class='ocrx_word' id='word_1_106' title='bbox 1066 399 1118 429; x_wconf 81' lang='grc' dir='ltr'>σιν,</span> <span class='ocrx_word' id='word_1_107' title='bbox 1136 390 1160 417; x_wconf 73' lang='grc' dir='ltr'>οἱ</span> <span class='ocrx_word' id='word_1_108' title='bbox 1175 388 1201 417; x_wconf 80' lang='grc' dir='ltr'>δὲ</span> <span class='ocrx_word' id='word_1_109' title='bbox 1230 389 1343 429; x_wconf 74' lang='grc' dir='ltr'>ἤγοντο.</span> <span class='ocrx_word' id='word_1_110' title='bbox 1371 392 1445 424; x_wconf 82' lang='grc' dir='ltr'>Τίνος</span> <span class='ocrx_word' id='word_1_111' title='bbox 1469 391 1612 423; x_wconf 82' lang='grc' dir='ltr'>διώκοντος</span> <span class='ocrx_word' id='word_1_112' title='bbox 1639 393 1657 425; x_wconf 75' lang='grc' dir='ltr'><strong>ἧ</strong></span> <span class='ocrx_word' id='word_1_113' title='bbox 1682 391 1900 431; x_wconf 68' lang='grc' dir='ltr'>συναναγκάζον-</span> 
     </span>
    </p>
   </div>
   <div class='ocr_carea' id='block_1_19' title="bbox 1066 433 1897 477">
    <p class='ocr_par' dir='ltr' id='par_1_19' title="bbox 1066 433 1897 477">
     <span class='ocr_line' id='line_1_19' title="bbox 1066 433 1897 477; baseline 0 -13"><span class='ocrx_word' id='word_1_114' title='bbox 1066 443 1137 474; x_wconf 77' lang='grc' dir='ltr'>τος;</span> <span class='ocrx_word' id='word_1_115' title='bbox 1169 433 1292 467; x_wconf 69' lang='grc' dir='ltr'>Οὐδενός.</span> <span class='ocrx_word' id='word_1_116' title='bbox 1323 435 1406 464; x_wconf 86' lang='grc' dir='ltr'>τίνων</span> <span class='ocrx_word' id='word_1_117' title='bbox 1434 437 1564 477; x_wconf 76' lang='grc' dir='ltr'>ίππέων;</span> <span class='ocrx_word' id='word_1_118' title='bbox 1590 437 1676 465; x_wconf 83' lang='grc' dir='ltr'>Ποίων</span> <span class='ocrx_word' id='word_1_119' title='bbox 1705 436 1769 477; x_wconf 86' lang='grc'><strong>(73)</strong></span> <span class='ocrx_word' id='word_1_120' title='bbox 1798 440 1897 476; x_wconf 74' lang='grc' dir='ltr'>κυνῶνς</span> 
     </span>
    </p>
   </div>
   <div class='ocr_carea' id='block_1_20' title="bbox 1067 478 1900 521">
    <p class='ocr_par' dir='ltr' id='par_1_20' title="bbox 1067 478 1900 521">
     <span class='ocr_line' id='line_1_20' title="bbox 1067 478 1900 521; baseline 0.002 -15"><span class='ocrx_word' id='word_1_121' title='bbox 1067 478 1144 511; x_wconf 86' lang='grc' dir='ltr'>Τίνος</span> <span class='ocrx_word' id='word_1_122' title='bbox 1159 478 1273 516; x_wconf 73' lang='grc' dir='ltr'>ὑλακῆς,</span> <span class='ocrx_word' id='word_1_123' title='bbox 1299 479 1316 513; x_wconf 74' lang='grc' dir='ltr'>ἤ</span> <span class='ocrx_word' id='word_1_124' title='bbox 1349 481 1480 521; x_wconf 68' lang='grc' dir='ltr'>κραυγῆς,</span> <span class='ocrx_word' id='word_1_125' title='bbox 1508 481 1522 514; x_wconf 77' lang='grc' dir='ltr'>ἥ</span> <span class='ocrx_word' id='word_1_126' title='bbox 1545 481 1611 509; x_wconf 83' lang='grc' dir='ltr'>νέων</span> <span class='ocrx_word' id='word_1_127' title='bbox 1640 480 1900 520; x_wconf 75' lang='grc' dir='ltr'>προκαταλαϐόντων</span> 
     </span>
    </p>
   </div>
   <div class='ocr_carea' id='block_1_21' title="bbox 1068 522 1898 566">
    <p class='ocr_par' dir='ltr' id='par_1_21' title="bbox 1068 522 1898 566">
     <span class='ocr_line' id='line_1_21' title="bbox 1068 522 1898 566; baseline 0.005 -16"><span class='ocrx_word' id='word_1_128' title='bbox 1068 523 1116 555; x_wconf 81' lang='grc' dir='ltr'><strong>τὰς</strong></span> <span class='ocrx_word' id='word_1_129' title='bbox 1146 522 1277 556; x_wconf 67' lang='grc' dir='ltr'>διεξόδους</span> <span class='ocrx_word' id='word_1_130' title='bbox 1301 531 1361 556; x_wconf 82' lang='grc' dir='ltr'>τοῖς</span> <span class='ocrx_word' id='word_1_131' title='bbox 1380 525 1463 564; x_wconf 77' lang='grc' dir='ltr'>θήρας</span> <span class='ocrx_word' id='word_1_132' title='bbox 1488 526 1579 563; x_wconf 85' lang='grc' dir='ltr'>νόμοις</span> <span class='ocrx_word' id='word_1_133' title='bbox 1595 535 1602 566; x_wconf 63' lang='grc' dir='ltr'><strong><em>ς</em></strong></span> <span class='ocrx_word' id='word_1_134' title='bbox 1621 526 1711 565; x_wconf 77' lang='grc' dir='ltr'>Εὒχῆς</span> <span class='ocrx_word' id='word_1_135' title='bbox 1726 526 1828 562; x_wconf 78' lang='grc' dir='ltr'>δέσμιοι</span> <span class='ocrx_word' id='word_1_136' title='bbox 1850 525 1898 554; x_wconf 70' lang='grc' dir='ltr'>καὶ</span> 
     </span>
    </p>
   </div>
   <div class='ocr_carea' id='block_1_22' title="bbox 1068 566 1884 610">
    <p class='ocr_par' dir='ltr' id='par_1_22' title="bbox 1068 566 1884 610">
     <span class='ocr_line' id='line_1_22' title="bbox 1068 566 1884 610; baseline 0.002 -15"><span class='ocrx_word' id='word_1_137' title='bbox 1068 566 1170 597; x_wconf 80' lang='grc' dir='ltr'>δικαίας</span> <span class='ocrx_word' id='word_1_138' title='bbox 1187 569 1331 603; x_wconf 63' lang='grc' dir='ltr'>αἰτήσεως.</span> <span class='ocrx_word' id='word_1_139' title='bbox 1350 570 1394 600; x_wconf 84' lang='grc' dir='ltr'>Τίς</span> <span class='ocrx_word' id='word_1_140' title='bbox 1410 569 1480 608; x_wconf 80' lang='grc' dir='ltr'>ἔγνω</span> <span class='ocrx_word' id='word_1_141' title='bbox 1495 574 1614 599; x_wconf 61' lang='grc' dir='ltr'>τοιοῦτον</span> <span class='ocrx_word' id='word_1_142' title='bbox 1629 571 1735 610; x_wconf 77' lang='grc' dir='ltr'>θήραμα</span> <span class='ocrx_word' id='word_1_143' title='bbox 1760 574 1813 599; x_wconf 81' lang='grc' dir='ltr'>τῶν</span> <span class='ocrx_word' id='word_1_144' title='bbox 1841 572 1884 598; x_wconf 63' lang='grc' dir='ltr'>νῦν</span> 
     </span>
    </p>
   </div>
   <div class='ocr_carea' id='block_1_23' title="bbox 1068 595 1898 649">
    <p class='ocr_par' dir='ltr' id='par_1_23' title="bbox 1068 595 1898 649">
     <span class='ocr_line' id='line_1_23' title="bbox 1163 595 1898 611; baseline 0.001 -4"><span class='ocrx_word' id='word_1_145' title='bbox 1163 595 1169 597; x_wconf 72' lang='grc'><strong><em>“</em></strong></span> <span class='ocrx_word' id='word_1_146' title='bbox 1199 595 1212 596; x_wconf 58' lang='grc'><strong><em>⁷⁷</em></strong></span> <span class='ocrx_word' id='word_1_147' title='bbox 1243 595 1331 603; x_wconf 44' lang='grc'><strong>¹“⁷“““¹</strong></span> <span class='ocrx_word' id='word_1_148' title='bbox 1355 595 1394 600; x_wconf 48' lang='grc'><strong><em>“⁷“</em></strong></span> <span class='ocrx_word' id='word_1_149' title='bbox 1413 595 1479 608; x_wconf 46' lang='grc' dir='ltr'><strong>Ἰ⁷-</strong></span> <span class='ocrx_word' id='word_1_150' title='bbox 1500 595 1611 599; x_wconf 60' lang='grc'><strong>’⁷⁷⁷’”’“</strong></span> <span class='ocrx_word' id='word_1_151' title='bbox 1633 595 1735 610; x_wconf 78' lang='lat' dir='ltr'><strong>“&#39;r’T&quot;</strong></span> <span class='ocrx_word' id='word_1_152' title='bbox 1766 595 1811 599; x_wconf 65' lang='lat'><strong>&quot;-&#39;</strong></span> <span class='ocrx_word' id='word_1_153' title='bbox 1847 595 1898 611; x_wconf 68' lang='grc'><em>””“’</em></span> 
     </span>
     <span class='ocr_line' id='line_1_24' title="bbox 1068 611 1309 649; baseline 0.008 -10"><span class='ocrx_word' id='word_1_154' title='bbox 1068 611 1085 645; x_wconf 81' lang='grc' dir='ltr'>ἦ</span> <span class='ocrx_word' id='word_1_155' title='bbox 1100 615 1153 640; x_wconf 84' lang='grc' dir='ltr'>τῶν</span> <span class='ocrx_word' id='word_1_156' title='bbox 1172 613 1283 641; x_wconf 86' lang='grc' dir='ltr'>πώποτε</span> <span class='ocrx_word' id='word_1_157' title='bbox 1301 623 1309 649; x_wconf 88' lang='lat'><strong>;</strong></span> 
     </span>
    </p>
   </div>
   <div class='ocr_carea' id='block_1_24' title="bbox 194 652 1896 697">
    <p class='ocr_par' dir='ltr' id='par_1_24' title="bbox 194 652 1896 697">
     <span class='ocr_line' id='line_1_25' title="bbox 194 652 1896 697; baseline 0.003 -13"><span class='ocrx_word' id='word_1_158' title='bbox 194 653 322 690; x_wconf 84' lang='lat' dir='ltr'><strong>ciebant,</strong></span> <span class='ocrx_word' id='word_1_159' title='bbox 335 653 366 684; x_wconf 88' lang='lat' dir='ltr'><strong>hi</strong></span> <span class='ocrx_word' id='word_1_160' title='bbox 382 652 594 693; x_wconf 89' lang='lat' dir='ltr'><strong>sequebantur.</strong></span> <span class='ocrx_word' id='word_1_161' title='bbox 611 653 676 690; x_wconf 90' lang='lat' dir='ltr'><strong>Quo</strong></span> <span class='ocrx_word' id='word_1_162' title='bbox 692 653 869 690; x_wconf 82' lang='lat' dir='ltr'><strong>insectante,</strong></span> <span class='ocrx_word' id='word_1_163' title='bbox 883 659 913 685; x_wconf 89' lang='lat' dir='ltr'><strong>et</strong></span> <span class='ocrx_word' id='word_1_164' title='bbox 925 655 1067 694; x_wconf 67' lang='lat' dir='ltr'><strong>cogente?</strong></span> <span class='ocrx_word' id='word_1_165' title='bbox 1082 657 1223 689; x_wconf 88' lang='lat' dir='ltr'><strong>Nemine.</strong></span> <span class='ocrx_word' id='word_1_166' title='bbox 1238 657 1351 694; x_wconf 90' lang='lat' dir='ltr'><strong>Quibus</strong></span> <span class='ocrx_word' id='word_1_167' title='bbox 1365 658 1466 697; x_wconf 80' lang='lat' dir='ltr'><strong>equis?</strong></span> <span class='ocrx_word' id='word_1_168' title='bbox 1479 658 1596 695; x_wconf 86' lang='lat' dir='ltr'><strong>Quibus</strong></span> <span class='ocrx_word' id='word_1_169' title='bbox 1611 658 1750 690; x_wconf 82' lang='lat' dir='ltr'><strong>canibus?</strong></span> <span class='ocrx_word' id='word_1_170' title='bbox 1765 658 1833 695; x_wconf 92' lang='lat' dir='ltr'><strong>Quo</strong></span> <span class='ocrx_word' id='word_1_171' title='bbox 1850 658 1896 689; x_wconf 91' lang='lat' dir='ltr'><strong>la-</strong></span> 
     </span>
    </p>
   </div>
   <div class='ocr_carea' id='block_1_25' title="bbox 195 697 1897 744">
    <p class='ocr_par' dir='ltr' id='par_1_25' title="bbox 195 697 1897 744">
     <span class='ocr_line' id='line_1_26' title="bbox 195 697 1897 744; baseline 0.004 -15"><span class='ocrx_word' id='word_1_172' title='bbox 195 702 284 744; x_wconf 78' lang='lat' dir='ltr'><strong>tratu,</strong></span> <span class='ocrx_word' id='word_1_173' title='bbox 299 702 350 729; x_wconf 88' lang='lat' dir='ltr'><strong>aut</strong></span> <span class='ocrx_word' id='word_1_174' title='bbox 364 697 507 744; x_wconf 83' lang='lat' dir='ltr'><strong>clamore,</strong></span> <span class='ocrx_word' id='word_1_175' title='bbox 520 702 569 729; x_wconf 88' lang='lat' dir='ltr'><strong>aut</strong></span> <span class='ocrx_word' id='word_1_176' title='bbox 581 699 725 744; x_wconf 82' lang='lat' dir='ltr'><strong>juvenum</strong></span> <span class='ocrx_word' id='word_1_177' title='bbox 741 698 852 737; x_wconf 87' lang='lat' dir='ltr'><strong>studio,</strong></span> <span class='ocrx_word' id='word_1_178' title='bbox 869 700 981 730; x_wconf 85' lang='lat' dir='ltr'><strong>viarum</strong></span> <span class='ocrx_word' id='word_1_179' title='bbox 997 700 1104 741; x_wconf 79' lang='lat' dir='ltr'><strong>exitus,</strong></span> <span class='ocrx_word' id='word_1_180' title='bbox 1121 705 1152 732; x_wconf 89' lang='lat' dir='ltr'><strong>ut</strong></span> <span class='ocrx_word' id='word_1_181' title='bbox 1168 703 1334 734; x_wconf 87' lang='lat' dir='ltr'><strong>venationis</strong></span> <span class='ocrx_word' id='word_1_182' title='bbox 1349 702 1431 743; x_wconf 74' lang='lat' dir='ltr'><strong>leges</strong></span> <span class='ocrx_word' id='word_1_183' title='bbox 1446 702 1555 744; x_wconf 80' lang='lat' dir='ltr'><strong>ferunt,</strong></span> <span class='ocrx_word' id='word_1_184' title='bbox 1573 703 1799 744; x_wconf 82' lang='lat' dir='ltr'><strong>occupantium?</strong></span> <span class='ocrx_word' id='word_1_185' title='bbox 1816 704 1897 735; x_wconf 86' lang='lat' dir='ltr'><strong>Ora-</strong></span> 
     </span>
    </p>
   </div>
   <div class='ocr_carea' id='block_1_26' title="bbox 196 742 1047 783">
    <p class='ocr_par' dir='ltr' id='par_1_26' title="bbox 196 742 1047 783">
     <span class='ocr_line' id='line_1_27' title="bbox 196 742 1047 783; baseline 0.001 -9"><span class='ocrx_word' id='word_1_186' title='bbox 196 742 287 774; x_wconf 87' lang='lat' dir='ltr'><strong>tionis</strong></span> <span class='ocrx_word' id='word_1_187' title='bbox 298 746 412 773; x_wconf 86' lang='lat' dir='ltr'><strong>tantum</strong></span> <span class='ocrx_word' id='word_1_188' title='bbox 424 742 572 783; x_wconf 61' lang='lat' dir='ltr'><strong>justisque</strong></span> <span class='ocrx_word' id='word_1_189' title='bbox 585 743 735 783; x_wconf 91' lang='lat' dir='ltr'><strong>petitionis</strong></span> <span class='ocrx_word' id='word_1_190' title='bbox 751 744 868 775; x_wconf 78' lang='lat' dir='ltr'><strong>vinculo</strong></span> <span class='ocrx_word' id='word_1_191' title='bbox 883 745 1047 776; x_wconf 87' lang='lat' dir='ltr'><strong>constricti.</strong></span> 
     </span>
    </p>
   </div>
   <div class='ocr_carea' id='block_1_27' title="bbox 196 787 1030 829">
    <p class='ocr_par' dir='ltr' id='par_1_27' title="bbox 196 787 1030 829">
     <span class='ocr_line' id='line_1_28' title="bbox 196 787 1030 829; baseline 0.001 -10"><span class='ocrx_word' id='word_1_192' title='bbox 196 787 351 824; x_wconf 83' lang='lat' dir='ltr'><strong>memoria,</strong></span> <span class='ocrx_word' id='word_1_193' title='bbox 370 787 457 818; x_wconf 85' lang='lat' dir='ltr'><strong>talem</strong></span> <span class='ocrx_word' id='word_1_194' title='bbox 476 787 663 819; x_wconf 77' lang='lat' dir='ltr'><strong>venationem</strong></span> <span class='ocrx_word' id='word_1_195' title='bbox 680 797 714 819; x_wconf 88' lang='lat' dir='ltr'><strong>ac</strong></span> <span class='ocrx_word' id='word_1_196' title='bbox 732 789 860 829; x_wconf 55' lang='grc' dir='ltr'><strong>[ιι-κήδη]</strong></span> <span class='ocrx_word' id='word_1_197' title='bbox 879 790 1030 829; x_wconf 81' lang='lat' dir='ltr'><strong>cognovit?</strong></span> 
     </span>
    </p>
   </div>
   <div class='ocr_carea' id='block_1_28' title="bbox 1061 745 1894 789">
    <p class='ocr_par' dir='ltr' id='par_1_28' title="bbox 1061 745 1894 789">
     <span class='ocr_line' id='line_1_29' title="bbox 1061 745 1894 789; baseline 0.002 -12"><span class='ocrx_word' id='word_1_198' title='bbox 1061 745 1145 785; x_wconf 89' lang='lat' dir='ltr'><strong>Quis,</strong></span> <span class='ocrx_word' id='word_1_199' title='bbox 1159 747 1204 778; x_wconf 88' lang='lat' dir='ltr'><strong>vel</strong></span> <span class='ocrx_word' id='word_1_200' title='bbox 1222 748 1383 788; x_wconf 83' lang='lat' dir='ltr'><strong>nostra,vel</strong></span> <span class='ocrx_word' id='word_1_201' title='bbox 1397 747 1597 789; x_wconf 80' lang='lat' dir='ltr'><strong>omnium,qui</strong></span> <span class='ocrx_word' id='word_1_202' title='bbox 1616 758 1744 789; x_wconf 88' lang='lat' dir='ltr'><strong>unquam</strong></span> <span class='ocrx_word' id='word_1_203' title='bbox 1762 748 1894 788; x_wconf 83' lang='lat' dir='ltr'><strong>fuerunt,</strong></span> 
     </span>
    </p>
   </div>
   <div class='ocr_carea' id='block_1_29' title="bbox 233 827 1023 876">
    <p class='ocr_par' dir='ltr' id='par_1_29' title="bbox 233 827 1021 873">
     <span class='ocr_line' id='line_1_30' title="bbox 233 827 1021 873; baseline 0.003 -9"><span class='ocrx_word' id='word_1_204' title='bbox 233 832 338 864; x_wconf 84' lang='lat' dir='ltr'><strong>VIII.O</strong></span> <span class='ocrx_word' id='word_1_205' title='bbox 350 840 413 863; x_wconf 91' lang='lat' dir='ltr'><strong>rem</strong></span> <span class='ocrx_word' id='word_1_206' title='bbox 424 831 704 873; x_wconf 84' lang='lat' dir='ltr'><strong>admirandamtlpsi</strong></span> <span class='ocrx_word' id='word_1_207' title='bbox 718 827 824 873; x_wconf 59' lang='lat' dir='ltr'><strong>praedae</strong></span> <span class='ocrx_word' id='word_1_208' title='bbox 840 843 901 864; x_wconf 69' lang='lat' dir='ltr'><strong>sua:</strong></span> <span class='ocrx_word' id='word_1_209' title='bbox 917 827 1021 866; x_wconf 75' lang='lat' dir='ltr'><strong>arbitri</strong></span> 
     </span>
    </p>
   </div>
   <div class='ocr_carea' id='block_1_30' title="bbox 1068 827 1893 876">
    <p class='ocr_par' dir='ltr' id='par_1_30' title="bbox 1105 827 1893 876">
     <span class='ocr_line' id='line_1_31' title="bbox 1105 827 1893 876; baseline 0 -12"><span class='ocrx_word' id='word_1_210' title='bbox 1105 836 1152 867; x_wconf 77' lang='lat' dir='ltr'><strong>H&#39;.</strong></span> <span class='ocrx_word' id='word_1_211' title='bbox 1174 827 1213 863; x_wconf 57' lang='lat'><strong>&quot;12</strong></span> <span class='ocrx_word' id='word_1_212' title='bbox 1227 841 1274 866; x_wconf 81' lang='grc' dir='ltr'>τοῦ</span> <span class='ocrx_word' id='word_1_213' title='bbox 1289 837 1443 875; x_wconf 70' lang='grc' dir='ltr'>θαύματοςί</span> <span class='ocrx_word' id='word_1_214' title='bbox 1461 838 1539 866; x_wconf 69' lang='grc' dir='ltr'>Αὐτοὶ</span> <span class='ocrx_word' id='word_1_215' title='bbox 1567 842 1614 867; x_wconf 82' lang='grc' dir='ltr'>τοῦ</span> <span class='ocrx_word' id='word_1_216' title='bbox 1639 838 1793 876; x_wconf 73' lang='grc' dir='ltr'>θηράματος</span> <span class='ocrx_word' id='word_1_217' title='bbox 1824 839 1893 873; x_wconf 74' lang='grc' dir='ltr'>ἦσαν</span> 
     </span>
    </p>
   </div>
   <div class='ocr_carea' id='block_1_31' title="bbox 193 876 1014 918">
    <p class='ocr_par' dir='ltr' id='par_1_31' title="bbox 193 876 1014 918">
     <span class='ocr_line' id='line_1_32' title="bbox 193 876 1014 918; baseline 0.001 -9"><span class='ocrx_word' id='word_1_218' title='bbox 193 877 443 918; x_wconf 80' lang='lat' dir='ltr'><strong>erant.Qui(lquid</strong></span> <span class='ocrx_word' id='word_1_219' title='bbox 454 876 753 917; x_wconf 86' lang='lat' dir='ltr'><strong>placebal,voluntate</strong></span> <span class='ocrx_word' id='word_1_220' title='bbox 770 882 887 909; x_wconf 86' lang='lat' dir='ltr'><strong>tantum</strong></span> <span class='ocrx_word' id='word_1_221' title='bbox 908 880 1014 911; x_wconf 85' lang='lat' dir='ltr'><strong>teneba</strong></span> 
     </span>
    </p>
   </div>
   <div class='ocr_carea' id='block_1_32' title="bbox 195 921 1022 963">
    <p class='ocr_par' dir='ltr' id='par_1_32' title="bbox 195 921 1022 963">
     <span class='ocr_line' id='line_1_33' title="bbox 195 921 1022 963; baseline 0 -8"><span class='ocrx_word' id='word_1_222' title='bbox 195 929 256 959; x_wconf 80' lang='lat' dir='ltr'><strong>tur;</strong></span> <span class='ocrx_word' id='word_1_223' title='bbox 268 922 347 963; x_wconf 92' lang='lat' dir='ltr'><strong>quod</strong></span> <span class='ocrx_word' id='word_1_224' title='bbox 368 927 534 962; x_wconf 79' lang='lat' dir='ltr'><strong>supererat,</strong></span> <span class='ocrx_word' id='word_1_225' title='bbox 553 921 590 952; x_wconf 89' lang='lat' dir='ltr'><strong>ad</strong></span> <span class='ocrx_word' id='word_1_226' title='bbox 605 921 695 953; x_wconf 84' lang='lat' dir='ltr'><strong>silvas</strong></span> <span class='ocrx_word' id='word_1_227' title='bbox 710 922 741 953; x_wconf 88' lang='lat' dir='ltr'><strong>in</strong></span> <span class='ocrx_word' id='word_1_228' title='bbox 757 923 919 954; x_wconf 89' lang='lat' dir='ltr'><strong>secundam</strong></span> <span class='ocrx_word' id='word_1_229' title='bbox 938 934 1022 955; x_wconf 91' lang='lat' dir='ltr'><strong>men-</strong></span> 
     </span>
    </p>
   </div>
   <div class='ocr_carea' id='block_1_33' title="bbox 193 966 1023 1009">
    <p class='ocr_par' dir='ltr' id='par_1_33' title="bbox 193 966 1023 1009">
     <span class='ocr_line' id='line_1_34' title="bbox 193 966 1023 1009; baseline 0 -10"><span class='ocrx_word' id='word_1_230' title='bbox 193 978 255 1000; x_wconf 87' lang='lat' dir='ltr'><strong>sam</strong></span> <span class='ocrx_word' id='word_1_231' title='bbox 272 966 569 1008; x_wconf 60' lang='lat' dir='ltr'><strong>relegabaturﬂoqui</strong></span> <span class='ocrx_word' id='word_1_232' title='bbox 588 967 909 1007; x_wconf 79' lang='lat' dir='ltr'><strong>extemporales,coena</strong></span> <span class='ocrx_word' id='word_1_233' title='bbox 924 970 1023 1009; x_wconf 82' lang='lat' dir='ltr'><strong>exqui-</strong></span> 
     </span>
    </p>
   </div>
   <div class='ocr_carea' id='block_1_34' title="bbox 194 1012 1020 1054">
    <p class='ocr_par' dir='ltr' id='par_1_34' title="bbox 194 1012 1020 1054">
     <span class='ocr_line' id='line_1_35' title="bbox 194 1012 1020 1054; baseline 0 -9"><span class='ocrx_word' id='word_1_234' title='bbox 194 1014 262 1052; x_wconf 86' lang='lat' dir='ltr'><strong>sita,</strong></span> <span class='ocrx_word' id='word_1_235' title='bbox 279 1012 409 1044; x_wconf 70' lang='lat' dir='ltr'><strong>conn&#39;vaa</strong></span> <span class='ocrx_word' id='word_1_236' title='bbox 423 1012 496 1053; x_wconf 73' lang='lat' dir='ltr'><strong>grati</strong></span> <span class='ocrx_word' id='word_1_237' title='bbox 535 1022 667 1053; x_wconf 59' lang='lat' dir='ltr'><strong>praesens</strong></span> <span class='ocrx_word' id='word_1_238' title='bbox 688 1014 865 1044; x_wconf 84' lang='lat' dir='ltr'><strong>miraculum</strong></span> <span class='ocrx_word' id='word_1_239' title='bbox 883 1018 1020 1054; x_wconf 85' lang='lat' dir='ltr'><strong>tanquam</strong></span> 
     </span>
    </p>
   </div>
   <div class='ocr_carea' id='block_1_35' title="bbox 195 1057 1020 1101">
    <p class='ocr_par' dir='ltr' id='par_1_35' title="bbox 195 1057 1020 1101">
     <span class='ocr_line' id='line_1_36' title="bbox 195 1057 1020 1101; baseline 0 -11"><span class='ocrx_word' id='word_1_240' title='bbox 195 1058 372 1101; x_wconf 76' lang='lat' dir='ltr'><strong>praeludium</strong></span> <span class='ocrx_word' id='word_1_241' title='bbox 388 1057 537 1098; x_wconf 84' lang='lat' dir='ltr'><strong>quoddam</strong></span> <span class='ocrx_word' id='word_1_242' title='bbox 554 1066 654 1088; x_wconf 90' lang='lat' dir='ltr'><strong>rerum</strong></span> <span class='ocrx_word' id='word_1_243' title='bbox 670 1057 700 1088; x_wconf 90' lang='lat' dir='ltr'><strong>in</strong></span> <span class='ocrx_word' id='word_1_244' title='bbox 717 1067 770 1098; x_wconf 87' lang='lat' dir='ltr'><strong>spe</strong></span> <span class='ocrx_word' id='word_1_245' title='bbox 786 1059 948 1098; x_wconf 84' lang='lat' dir='ltr'><strong>positarum</strong></span> <span class='ocrx_word' id='word_1_246' title='bbox 967 1059 1020 1090; x_wconf 85' lang='lat' dir='ltr'><strong>ha-</strong></span> 
     </span>
    </p>
   </div>
   <div class='ocr_carea' id='block_1_36' title="bbox 195 1102 1021 1144">
    <p class='ocr_par' dir='ltr' id='par_1_36' title="bbox 195 1102 1021 1144">
     <span class='ocr_line' id='line_1_37' title="bbox 195 1102 1021 1144; baseline -0.002 -8"><span class='ocrx_word' id='word_1_247' title='bbox 195 1104 312 1136; x_wconf 85' lang='lat' dir='ltr'><strong>bentes.</strong></span> <span class='ocrx_word' id='word_1_248' title='bbox 331 1103 372 1134; x_wconf 82' lang='lat' dir='ltr'><strong>Ex</strong></span> <span class='ocrx_word' id='word_1_249' title='bbox 387 1112 446 1143; x_wconf 89' lang='lat' dir='ltr'><strong>quo</strong></span> <span class='ocrx_word' id='word_1_250' title='bbox 461 1103 551 1133; x_wconf 88' lang='lat' dir='ltr'><strong>etiam</strong></span> <span class='ocrx_word' id='word_1_251' title='bbox 577 1102 613 1133; x_wconf 89' lang='lat' dir='ltr'><strong>ad</strong></span> <span class='ocrx_word' id='word_1_252' title='bbox 636 1112 700 1134; x_wconf 89' lang='lat' dir='ltr'><strong>eam</strong></span> <span class='ocrx_word' id='word_1_253' title='bbox 727 1102 961 1144; x_wconf 83' lang='lat' dir='ltr'><strong>dimicationem,</strong></span> <span class='ocrx_word' id='word_1_254' title='bbox 984 1104 1021 1135; x_wconf 85' lang='lat' dir='ltr'><strong>ob</strong></span> 
     </span>
    </p>
   </div>
   <div class='ocr_carea' id='block_1_37' title="bbox 196 1148 1020 1190">
    <p class='ocr_par' dir='ltr' id='par_1_37' title="bbox 196 1148 1020 1190">
     <span class='ocr_line' id='line_1_38' title="bbox 196 1148 1020 1190; baseline -0.001 -9"><span class='ocrx_word' id='word_1_255' title='bbox 196 1158 283 1190; x_wconf 81' lang='lat' dir='ltr'><strong>quam</strong></span> <span class='ocrx_word' id='word_1_256' title='bbox 301 1149 364 1179; x_wconf 78' lang='lat' dir='ltr'><strong>haec</strong></span> <span class='ocrx_word' id='word_1_257' title='bbox 380 1148 440 1179; x_wconf 91' lang='lat' dir='ltr'><strong>illis</strong></span> <span class='ocrx_word' id='word_1_258' title='bbox 455 1151 560 1188; x_wconf 56' lang='lat' dir='ltr'><strong>praesto</strong></span> <span class='ocrx_word' id='word_1_259' title='bbox 574 1148 839 1187; x_wconf 83' lang='lat' dir='ltr'><strong>erant,alacriores</strong></span> <span class='ocrx_word' id='word_1_260' title='bbox 853 1148 1020 1180; x_wconf 88' lang='lat' dir='ltr'><strong>reddeban-</strong></span> 
     </span>
    </p>
   </div>
   <div class='ocr_carea' id='block_1_38' title="bbox 193 1192 1022 1234">
    <p class='ocr_par' dir='ltr' id='par_1_38' title="bbox 193 1192 1022 1234">
     <span class='ocr_line' id='line_1_39' title="bbox 193 1192 1022 1234; baseline -0.001 -8"><span class='ocrx_word' id='word_1_261' title='bbox 193 1194 301 1226; x_wconf 81' lang='lat' dir='ltr'><strong>tur.Ac</strong></span> <span class='ocrx_word' id='word_1_262' title='bbox 316 1193 384 1224; x_wconf 88' lang='lat' dir='ltr'><strong>talia</strong></span> <span class='ocrx_word' id='word_1_263' title='bbox 399 1192 521 1234; x_wconf 81' lang='lat' dir='ltr'><strong>quidem</strong></span> <span class='ocrx_word' id='word_1_264' title='bbox 537 1198 616 1231; x_wconf 89' lang='lat' dir='ltr'><strong>sunt,</strong></span> <span class='ocrx_word' id='word_1_265' title='bbox 626 1202 692 1233; x_wconf 67' lang='lat' dir='ltr'><strong>quae</strong></span> <span class='ocrx_word' id='word_1_266' title='bbox 713 1193 863 1224; x_wconf 87' lang='lat' dir='ltr'><strong>narranda</strong></span> <span class='ocrx_word' id='word_1_267' title='bbox 876 1203 1022 1234; x_wconf 87' lang='lat' dir='ltr'><strong>suscepe-</strong></span> 
     </span>
    </p>
   </div>
   <div class='ocr_carea' id='block_1_39' title="bbox 192 1237 1021 1276">
    <p class='ocr_par' dir='ltr' id='par_1_39' title="bbox 192 1237 1021 1276">
     <span class='ocr_line' id='line_1_40' title="bbox 192 1237 1021 1276; baseline -0.002 -4"><span class='ocrx_word' id='word_1_268' title='bbox 192 1239 317 1272; x_wconf 86' lang='lat' dir='ltr'><strong>ram.Tn</strong></span> <span class='ocrx_word' id='word_1_269' title='bbox 332 1247 401 1269; x_wconf 88' lang='lat' dir='ltr'><strong>vero</strong></span> <span class='ocrx_word' id='word_1_270' title='bbox 418 1237 526 1269; x_wconf 81' lang='lat' dir='ltr'><strong>Dianas</strong></span> <span class='ocrx_word' id='word_1_271' title='bbox 540 1242 616 1275; x_wconf 87' lang='lat' dir='ltr'><strong>tuas,</strong></span> <span class='ocrx_word' id='word_1_272' title='bbox 633 1242 662 1268; x_wconf 92' lang='lat' dir='ltr'><strong>et</strong></span> <span class='ocrx_word' id='word_1_273' title='bbox 687 1237 824 1276; x_wconf 87' lang='lat' dir='ltr'><strong>Oriones,</strong></span> <span class='ocrx_word' id='word_1_274' title='bbox 851 1243 881 1270; x_wconf 91' lang='lat' dir='ltr'><strong>et</strong></span> <span class='ocrx_word' id='word_1_275' title='bbox 903 1239 1021 1270; x_wconf 66' lang='lat' dir='ltr'><strong>Actaeo-</strong></span> 
     </span>
    </p>
   </div>
   <div class='ocr_carea' id='block_1_40' title="bbox 193 1281 1020 1322">
    <p class='ocr_par' dir='ltr' id='par_1_40' title="bbox 193 1281 1020 1322">
     <span class='ocr_line' id='line_1_41' title="bbox 193 1281 1020 1322; baseline -0.001 -6"><span class='ocrx_word' id='word_1_276' title='bbox 193 1294 258 1322; x_wconf 86' lang='lat' dir='ltr'><strong>nes,</strong></span> <span class='ocrx_word' id='word_1_277' title='bbox 277 1284 412 1315; x_wconf 86' lang='lat' dir='ltr'><strong>infelices</strong></span> <span class='ocrx_word' id='word_1_278' title='bbox 428 1283 496 1314; x_wconf 90' lang='lat' dir='ltr'><strong>illos</strong></span> <span class='ocrx_word' id='word_1_279' title='bbox 519 1286 685 1320; x_wconf 86' lang='lat' dir='ltr'><strong>venatores,</strong></span> <span class='ocrx_word' id='word_1_280' title='bbox 704 1281 778 1313; x_wconf 90' lang='lat' dir='ltr'><strong>mihi</strong></span> <span class='ocrx_word' id='word_1_281' title='bbox 794 1292 894 1320; x_wconf 90' lang='lat' dir='ltr'><strong>narra;</strong></span> <span class='ocrx_word' id='word_1_282' title='bbox 911 1288 953 1320; x_wconf 89' lang='lat' dir='ltr'><strong>tu,</strong></span> <span class='ocrx_word' id='word_1_283' title='bbox 972 1284 1020 1315; x_wconf 88' lang='lat' dir='ltr'><strong>in—</strong></span> 
     </span>
    </p>
   </div>
   <div class='ocr_carea' id='block_1_41' title="bbox 193 1327 1020 1372">
    <p class='ocr_par' dir='ltr' id='par_1_41' title="bbox 193 1327 1020 1372">
     <span class='ocr_line' id='line_1_42' title="bbox 193 1327 1020 1372; baseline -0.001 -11"><span class='ocrx_word' id='word_1_284' title='bbox 193 1339 296 1372; x_wconf 86' lang='lat' dir='ltr'><strong>quam,</strong></span> <span class='ocrx_word' id='word_1_285' title='bbox 312 1329 362 1370; x_wconf 92' lang='lat' dir='ltr'><strong>qui</strong></span> <span class='ocrx_word' id='word_1_286' title='bbox 378 1337 426 1359; x_wconf 89' lang='lat' dir='ltr'><strong>me</strong></span> <span class='ocrx_word' id='word_1_287' title='bbox 439 1328 639 1369; x_wconf 85' lang='lat' dir='ltr'><strong>persequeris,</strong></span> <span class='ocrx_word' id='word_1_288' title='bbox 661 1327 835 1368; x_wconf 82' lang='lat' dir='ltr'><strong>fabulasque</strong></span> <span class='ocrx_word' id='word_1_289' title='bbox 850 1328 1020 1370; x_wconf 87' lang='lat' dir='ltr'><strong>admiraris,</strong></span> 
     </span>
    </p>
   </div>
   <div class='ocr_carea' id='block_1_42' title="bbox 194 1372 1019 1413">
    <p class='ocr_par' dir='ltr' id='par_1_42' title="bbox 194 1372 1019 1413">
     <span class='ocr_line' id='line_1_43' title="bbox 194 1372 1019 1413; baseline -0.002 -6"><span class='ocrx_word' id='word_1_290' title='bbox 194 1385 229 1407; x_wconf 89' lang='lat' dir='ltr'><strong>ac</strong></span> <span class='ocrx_word' id='word_1_291' title='bbox 244 1383 360 1406; x_wconf 85' lang='lat' dir='ltr'><strong>cervam</strong></span> <span class='ocrx_word' id='word_1_292' title='bbox 377 1373 483 1412; x_wconf 72' lang='lat' dir='ltr'><strong>virgini</strong></span> <span class='ocrx_word' id='word_1_293' title='bbox 499 1373 699 1411; x_wconf 86' lang='lat' dir='ltr'><strong>substitutam;</strong></span> <span class='ocrx_word' id='word_1_294' title='bbox 712 1372 737 1403; x_wconf 88' lang='lat' dir='ltr'><strong>si</strong></span> <span class='ocrx_word' id='word_1_295' title='bbox 754 1372 826 1413; x_wconf 90' lang='lat' dir='ltr'><strong>quid</strong></span> <span class='ocrx_word' id='word_1_296' title='bbox 851 1376 967 1404; x_wconf 87' lang='lat' dir='ltr'><strong>tantum</strong></span> <span class='ocrx_word' id='word_1_297' title='bbox 983 1374 1019 1405; x_wconf 90' lang='lat' dir='ltr'><strong>ad</strong></span> 
     </span>
    </p>
   </div>
   <div class='ocr_carea' id='block_1_43' title="bbox 193 1417 1019 1459">
    <p class='ocr_par' dir='ltr' id='par_1_43' title="bbox 193 1417 1019 1459">
     <span class='ocr_line' id='line_1_44' title="bbox 193 1417 1019 1459; baseline -0.004 -6"><span class='ocrx_word' id='word_1_298' title='bbox 193 1420 311 1453; x_wconf 88' lang='lat' dir='ltr'><strong>laudem</strong></span> <span class='ocrx_word' id='word_1_299' title='bbox 325 1423 355 1450; x_wconf 90' lang='lat' dir='ltr'><strong>et</strong></span> <span class='ocrx_word' id='word_1_300' title='bbox 364 1418 487 1459; x_wconf 74' lang='lat' dir='ltr'><strong>gloriam</strong></span> <span class='ocrx_word' id='word_1_301' title='bbox 504 1417 557 1449; x_wconf 93' lang='lat' dir='ltr'><strong>tibi</strong></span> <span class='ocrx_word' id='word_1_302' title='bbox 571 1418 713 1459; x_wconf 89' lang='lat' dir='ltr'><strong>suppetit,</strong></span> <span class='ocrx_word' id='word_1_303' title='bbox 731 1423 763 1449; x_wconf 90' lang='lat' dir='ltr'><strong>ut</strong></span> <span class='ocrx_word' id='word_1_304' title='bbox 778 1418 897 1449; x_wconf 86' lang='lat' dir='ltr'><strong>interim</strong></span> <span class='ocrx_word' id='word_1_305' title='bbox 916 1427 1019 1450; x_wconf 86' lang='lat' dir='ltr'><strong>narra-</strong></span> 
     </span>
    </p>
   </div>
   <div class='ocr_carea' id='block_1_44' title="bbox 193 1463 1020 1500">
    <p class='ocr_par' dir='ltr' id='par_1_44' title="bbox 193 1463 1020 1500">
     <span class='ocr_line' id='line_1_45' title="bbox 193 1463 1020 1500; baseline -0.004 -2"><span class='ocrx_word' id='word_1_306' title='bbox 193 1467 304 1498; x_wconf 84' lang='lat' dir='ltr'><strong>tionem</strong></span> <span class='ocrx_word' id='word_1_307' title='bbox 316 1465 392 1496; x_wconf 92' lang='lat' dir='ltr'><strong>hanc</strong></span> <span class='ocrx_word' id='word_1_308' title='bbox 399 1464 523 1495; x_wconf 91' lang='lat' dir='ltr'><strong>minime</strong></span> <span class='ocrx_word' id='word_1_309' title='bbox 534 1463 698 1495; x_wconf 83' lang='lat' dir='ltr'><strong>fabulosam</strong></span> <span class='ocrx_word' id='word_1_310' title='bbox 710 1472 776 1494; x_wconf 88' lang='lat' dir='ltr'><strong>esse</strong></span> <span class='ocrx_word' id='word_1_311' title='bbox 785 1463 1020 1500; x_wconf 69' lang='lat' dir='ltr'><strong>donemus.Quaa</strong></span> 
     </span>
    </p>
   </div>
   <div class='ocr_carea' id='block_1_45' title="bbox 193 1508 1017 1551">
    <p class='ocr_par' dir='ltr' id='par_1_45' title="bbox 193 1508 1017 1551">
     <span class='ocr_line' id='line_1_46' title="bbox 193 1508 1017 1551; baseline -0.006 -8"><span class='ocrx_word' id='word_1_312' title='bbox 193 1511 337 1551; x_wconf 84' lang='lat' dir='ltr'><strong>deinceps</strong></span> <span class='ocrx_word' id='word_1_313' title='bbox 347 1512 522 1549; x_wconf 89' lang='lat' dir='ltr'><strong>sequuntur,</strong></span> <span class='ocrx_word' id='word_1_314' title='bbox 534 1517 623 1548; x_wconf 87' lang='lat' dir='ltr'><strong>quam</strong></span> <span class='ocrx_word' id='word_1_315' title='bbox 641 1508 739 1547; x_wconf 84' lang='lat' dir='ltr'><strong>turpia</strong></span> <span class='ocrx_word' id='word_1_316' title='bbox 755 1512 832 1538; x_wconf 86' lang='lat' dir='ltr'><strong>sunt!</strong></span> <span class='ocrx_word' id='word_1_317' title='bbox 851 1509 921 1544; x_wconf 69' lang='lat' dir='ltr'><strong>Quae</strong></span> <span class='ocrx_word' id='word_1_318' title='bbox 938 1509 1017 1538; x_wconf 83' lang='lat' dir='ltr'><strong>enim</strong></span> 
     </span>
    </p>
   </div>
   <div class='ocr_carea' id='block_1_46' title="bbox 194 1553 1007 1597">
    <p class='ocr_par' dir='ltr' id='par_1_46' title="bbox 194 1553 1007 1597">
     <span class='ocr_line' id='line_1_47' title="bbox 194 1553 1007 1597; baseline -0.006 -9"><span class='ocrx_word' id='word_1_319' title='bbox 194 1556 284 1597; x_wconf 84' lang='lat' dir='ltr'><strong>hujus</strong></span> <span class='ocrx_word' id='word_1_320' title='bbox 300 1553 544 1585; x_wconf 87' lang='lat' dir='ltr'><strong>commutationis</strong></span> <span class='ocrx_word' id='word_1_321' title='bbox 560 1553 710 1593; x_wconf 88' lang='lat' dir='ltr'><strong>utilitas,si</strong></span> <span class='ocrx_word' id='word_1_322' title='bbox 729 1562 763 1583; x_wconf 85' lang='lat' dir='ltr'><strong>ea</strong></span> <span class='ocrx_word' id='word_1_323' title='bbox 778 1553 814 1583; x_wconf 90' lang='lat' dir='ltr'><strong>de</strong></span> <span class='ocrx_word' id='word_1_324' title='bbox 831 1563 918 1583; x_wconf 78' lang='lat' dir='ltr'><strong>causa</strong></span> <span class='ocrx_word' id='word_1_325' title='bbox 934 1554 1007 1592; x_wconf 78' lang='lat' dir='ltr'><strong>vii-gi</strong></span> 
     </span>
    </p>
   </div>
   <div class='ocr_carea' id='block_1_47' title="bbox 195 1598 1021 1640">
    <p class='ocr_par' dir='ltr' id='par_1_47' title="bbox 195 1598 1021 1640">
     <span class='ocr_line' id='line_1_48' title="bbox 195 1598 1021 1640; baseline -0.006 -7"><span class='ocrx_word' id='word_1_326' title='bbox 195 1610 264 1633; x_wconf 89' lang='lat' dir='ltr'><strong>nem</strong></span> <span class='ocrx_word' id='word_1_327' title='bbox 274 1610 291 1632; x_wconf 91' lang='lat' dir='ltr'><strong>e</strong></span> <span class='ocrx_word' id='word_1_328' title='bbox 303 1599 435 1640; x_wconf 88' lang='lat' dir='ltr'><strong>periculo</strong></span> <span class='ocrx_word' id='word_1_329' title='bbox 449 1598 631 1637; x_wconf 82' lang='lat' dir='ltr'><strong>extrahat,ut</strong></span> <span class='ocrx_word' id='word_1_330' title='bbox 644 1598 809 1637; x_wconf 86' lang='lat' dir='ltr'><strong>hospitibus</strong></span> <span class='ocrx_word' id='word_1_331' title='bbox 821 1607 924 1629; x_wconf 86' lang='lat' dir='ltr'><strong>necem</strong></span> <span class='ocrx_word' id='word_1_332' title='bbox 938 1599 1021 1628; x_wconf 77' lang='lat' dir='ltr'><strong>atl‘er-</strong></span> 
     </span>
    </p>
   </div>
   <div class='ocr_carea' id='block_1_48' title="bbox 195 1642 1020 1682">
    <p class='ocr_par' dir='ltr' id='par_1_48' title="bbox 195 1642 1020 1682">
     <span class='ocr_line' id='line_1_49' title="bbox 195 1642 1020 1682; baseline -0.006 -4"><span class='ocrx_word' id='word_1_333' title='bbox 195 1655 229 1678; x_wconf 91' lang='lat' dir='ltr'><strong>re</strong></span> <span class='ocrx_word' id='word_1_334' title='bbox 245 1645 397 1681; x_wconf 85' lang='lat' dir='ltr'><strong>doceatur,</strong></span> <span class='ocrx_word' id='word_1_335' title='bbox 411 1647 440 1674; x_wconf 90' lang='lat' dir='ltr'><strong>et</strong></span> <span class='ocrx_word' id='word_1_336' title='bbox 454 1642 700 1674; x_wconf 88' lang='lat' dir='ltr'><strong>inbumanitatem</strong></span> <span class='ocrx_word' id='word_1_337' title='bbox 713 1652 765 1682; x_wconf 89' lang='lat' dir='ltr'><strong>pro</strong></span> <span class='ocrx_word' id='word_1_338' title='bbox 778 1642 959 1673; x_wconf 82' lang='lat' dir='ltr'><strong>humanitate</strong></span> <span class='ocrx_word' id='word_1_339' title='bbox 970 1651 1020 1673; x_wconf 89' lang='lat' dir='ltr'><strong>re-</strong></span> 
     </span>
    </p>
   </div>
   <div class='ocr_carea' id='block_1_49' title="bbox 196 1687 1021 1733">
    <p class='ocr_par' dir='ltr' id='par_1_49' title="bbox 196 1687 1021 1733">
     <span class='ocr_line' id='line_1_50' title="bbox 196 1687 1021 1733; baseline -0.007 -11"><span class='ocrx_word' id='word_1_340' title='bbox 196 1690 329 1733; x_wconf 87' lang='lat' dir='ltr'><strong>pendere</strong></span> <span class='ocrx_word' id='word_1_341' title='bbox 338 1688 508 1720; x_wconf 81' lang='lat' dir='ltr'><strong>condiscat?</strong></span> <span class='ocrx_word' id='word_1_342' title='bbox 518 1687 616 1728; x_wconf 83' lang='lat' dir='ltr'><strong>Atque</strong></span> <span class='ocrx_word' id='word_1_343' title='bbox 632 1687 688 1733; x_wconf 85' lang='lat' dir='ltr'><strong>hoc</strong></span> <span class='ocrx_word' id='word_1_344' title='bbox 705 1688 859 1726; x_wconf 85' lang='lat' dir='ltr'><strong>hactenus,</strong></span> <span class='ocrx_word' id='word_1_345' title='bbox 874 1697 906 1717; x_wconf 84' lang='lat' dir='ltr'><strong>ex</strong></span> <span class='ocrx_word' id='word_1_346' title='bbox 922 1687 1021 1733; x_wconf 74' lang='lat' dir='ltr'><strong>multis</strong></span> 
     </span>
    </p>
   </div>
   <div class='ocr_carea' id='block_1_50' title="bbox 195 1731 1021 1775">
    <p class='ocr_par' dir='ltr' id='par_1_50' title="bbox 195 1731 1021 1775">
     <span class='ocr_line' id='line_1_51' title="bbox 195 1731 1021 1775; baseline -0.01 -6"><span class='ocrx_word' id='word_1_347' title='bbox 195 1731 340 1773; x_wconf 79' lang='lat' dir='ltr'><strong>unum,ac</strong></span> <span class='ocrx_word' id='word_1_348' title='bbox 352 1743 406 1775; x_wconf 88' lang='lat' dir='ltr'><strong>pro</strong></span> <span class='ocrx_word' id='word_1_349' title='bbox 422 1733 535 1770; x_wconf 86' lang='lat' dir='ltr'><strong>multis,</strong></span> <span class='ocrx_word' id='word_1_350' title='bbox 548 1741 615 1764; x_wconf 88' lang='lat' dir='ltr'><strong>mea</strong></span> <span class='ocrx_word' id='word_1_351' title='bbox 625 1732 746 1773; x_wconf 90' lang='lat' dir='ltr'><strong>quidem</strong></span> <span class='ocrx_word' id='word_1_352' title='bbox 763 1734 922 1763; x_wconf 79' lang='lat' dir='ltr'><strong>sententia.</strong></span> <span class='ocrx_word' id='word_1_353' title='bbox 939 1731 1021 1767; x_wconf 84' lang='lat' dir='ltr'><strong>Quod</strong></span> 
     </span>
    </p>
   </div>
   <div class='ocr_carea' id='block_1_51' title="bbox 196 1776 1021 1821">
    <p class='ocr_par' dir='ltr' id='par_1_51' title="bbox 196 1776 1021 1821">
     <span class='ocr_line' id='line_1_52' title="bbox 196 1776 1021 1821; baseline -0.01 -8"><span class='ocrx_word' id='word_1_354' title='bbox 196 1782 284 1814; x_wconf 87' lang='lat' dir='ltr'><strong>etiam</strong></span> <span class='ocrx_word' id='word_1_355' title='bbox 298 1780 395 1821; x_wconf 87' lang='lat' dir='ltr'><strong>ipsum</strong></span> <span class='ocrx_word' id='word_1_356' title='bbox 406 1787 466 1809; x_wconf 91' lang='lat' dir='ltr'><strong>non</strong></span> <span class='ocrx_word' id='word_1_357' title='bbox 477 1787 512 1808; x_wconf 89' lang='lat' dir='ltr'><strong>eo</strong></span> <span class='ocrx_word' id='word_1_358' title='bbox 525 1777 814 1810; x_wconf 79' lang='lat' dir='ltr'><strong>commemoravit.ut</strong></span> <span class='ocrx_word' id='word_1_359' title='bbox 827 1776 853 1806; x_wconf 90' lang='lat' dir='ltr'><strong>ei</strong></span> <span class='ocrx_word' id='word_1_360' title='bbox 869 1776 1021 1807; x_wconf 89' lang='lat' dir='ltr'><strong>cumulum</strong></span> 
     </span>
    </p>
   </div>
   <div class='ocr_carea' id='block_1_52' title="bbox 198 1821 1023 1867">
    <p class='ocr_par' dir='ltr' id='par_1_52' title="bbox 198 1821 1023 1867">
     <span class='ocr_line' id='line_1_53' title="bbox 198 1821 1023 1867; baseline -0.007 -10"><span class='ocrx_word' id='word_1_361' title='bbox 198 1827 327 1867; x_wconf 75' lang='lat' dir='ltr'><strong>aliquem</strong></span> <span class='ocrx_word' id='word_1_362' title='bbox 342 1823 446 1864; x_wconf 68' lang='lat' dir='ltr'><strong>glorise</strong></span> <span class='ocrx_word' id='word_1_363' title='bbox 460 1823 580 1854; x_wconf 81' lang='lat' dir='ltr'><strong>aﬂ&#39;eram</strong></span> <span class='ocrx_word' id='word_1_364' title='bbox 596 1823 680 1863; x_wconf 89' lang='lat' dir='ltr'><strong>(nam</strong></span> <span class='ocrx_word' id='word_1_365' title='bbox 698 1831 754 1852; x_wconf 91' lang='lat' dir='ltr'><strong>nec</strong></span> <span class='ocrx_word' id='word_1_366' title='bbox 766 1831 846 1852; x_wconf 84' lang='lat' dir='ltr'><strong>mare</strong></span> <span class='ocrx_word' id='word_1_367' title='bbox 856 1821 1023 1867; x_wconf 69' lang='lat' dir='ltr'><strong>iluviis,qui</strong></span> 
     </span>
    </p>
   </div>
   <div class='ocr_carea' id='block_1_53' title="bbox 198 1866 1024 1910">
    <p class='ocr_par' dir='ltr' id='par_1_53' title="bbox 198 1866 1024 1910">
     <span class='ocr_line' id='line_1_54' title="bbox 198 1866 1024 1910; baseline -0.008 -8"><span class='ocrx_word' id='word_1_368' title='bbox 198 1873 229 1903; x_wconf 87' lang='lat' dir='ltr'><strong>in</strong></span> <span class='ocrx_word' id='word_1_369' title='bbox 249 1866 356 1910; x_wconf 76' lang='lat' dir='ltr'><strong>ipsum</strong></span> <span class='ocrx_word' id='word_1_370' title='bbox 384 1869 524 1907; x_wconf 83' lang='lat' dir='ltr'><strong>inﬂuunt,</strong></span> <span class='ocrx_word' id='word_1_371' title='bbox 546 1877 622 1908; x_wconf 91' lang='lat' dir='ltr'><strong>opus</strong></span> <span class='ocrx_word' id='word_1_372' title='bbox 642 1867 741 1903; x_wconf 84' lang='lat' dir='ltr'><strong>habet,</strong></span> <span class='ocrx_word' id='word_1_373' title='bbox 761 1866 877 1897; x_wconf 88' lang='lat' dir='ltr'><strong>etiamsi</strong></span> <span class='ocrx_word' id='word_1_374' title='bbox 906 1866 1024 1905; x_wconf 85' lang='lat' dir='ltr'><strong>plurimi</strong></span> 
     </span>
    </p>
   </div>
   <div class='ocr_carea' id='block_1_54' title="bbox 197 1911 1022 1955">
    <p class='ocr_par' dir='ltr' id='par_1_54' title="bbox 197 1911 1022 1955">
     <span class='ocr_line' id='line_1_55' title="bbox 197 1911 1022 1955; baseline -0.007 -7"><span class='ocrx_word' id='word_1_375' title='bbox 197 1914 538 1955; x_wconf 80' lang='lat' dir='ltr'><strong>maximequeinﬂuant:</strong></span> <span class='ocrx_word' id='word_1_376' title='bbox 554 1922 608 1943; x_wconf 88' lang='lat' dir='ltr'><strong>nec</strong></span> <span class='ocrx_word' id='word_1_377' title='bbox 620 1912 752 1952; x_wconf 79' lang='lat' dir='ltr'><strong>is,quem</strong></span> <span class='ocrx_word' id='word_1_378' title='bbox 762 1920 842 1942; x_wconf 93' lang='lat' dir='ltr'><strong>nunc</strong></span> <span class='ocrx_word' id='word_1_379' title='bbox 859 1911 1022 1951; x_wconf 86' lang='lat' dir='ltr'><strong>laudamus,</strong></span> 
     </span>
    </p>
   </div>
   <div class='ocr_carea' id='block_1_55' title="bbox 196 1956 1024 2002">
    <p class='ocr_par' dir='ltr' id='par_1_55' title="bbox 196 1956 1024 2002">
     <span class='ocr_line' id='line_1_56' title="bbox 196 1956 1024 2002; baseline -0.007 -10"><span class='ocrx_word' id='word_1_380' title='bbox 196 1960 310 2002; x_wconf 85' lang='lat' dir='ltr'><strong>his,qui</strong></span> <span class='ocrx_word' id='word_1_381' title='bbox 328 1960 365 1991; x_wconf 87' lang='lat' dir='ltr'><strong>ad</strong></span> <span class='ocrx_word' id='word_1_382' title='bbox 378 1958 471 2000; x_wconf 87' lang='lat' dir='ltr'><strong>ipsius</strong></span> <span class='ocrx_word' id='word_1_383' title='bbox 494 1956 792 2002; x_wconf 16' lang='lat' dir='ltr'><strong>encomiumraliquid</strong></span> <span class='ocrx_word' id='word_1_384' title='bbox 809 1957 958 1996; x_wconf 74' lang='lat' dir='ltr'><strong>erogent};</strong></span> <span class='ocrx_word' id='word_1_385' title='bbox 971 1966 1024 1987; x_wconf 92' lang='lat' dir='ltr'><strong>ve-</strong></span> 
     </span>
    </p>
   </div>
   <div class='ocr_carea' id='block_1_56' title="bbox 195 2001 1024 2043">
    <p class='ocr_par' dir='ltr' id='par_1_56' title="bbox 195 2001 1024 2043">
     <span class='ocr_line' id='line_1_57' title="bbox 195 2001 1024 2043; baseline -0.008 -5"><span class='ocrx_word' id='word_1_386' title='bbox 195 2001 277 2043; x_wconf 71' lang='lat' dir='ltr'><strong>rum,</strong></span> <span class='ocrx_word' id='word_1_387' title='bbox 292 2009 326 2036; x_wconf 92' lang='lat' dir='ltr'><strong>ut</strong></span> <span class='ocrx_word' id='word_1_388' title='bbox 348 2004 515 2041; x_wconf 85' lang='lat' dir='ltr'><strong>ostendam,</strong></span> <span class='ocrx_word' id='word_1_389' title='bbox 533 2002 642 2043; x_wconf 85' lang='lat' dir='ltr'><strong>quibus</strong></span> <span class='ocrx_word' id='word_1_390' title='bbox 666 2001 719 2032; x_wconf 89' lang='lat' dir='ltr'><strong>ille</strong></span> <span class='ocrx_word' id='word_1_391' title='bbox 744 2005 826 2032; x_wconf 90' lang='lat' dir='ltr'><strong>ortus</strong></span> <span class='ocrx_word' id='word_1_392' title='bbox 849 2002 1024 2041; x_wconf 75' lang='lat' dir='ltr'><strong>majoribus,</strong></span> 
     </span>
    </p>
   </div>
   <div class='ocr_carea' id='block_1_57' title="bbox 199 2046 1023 2091">
    <p class='ocr_par' dir='ltr' id='par_1_57' title="bbox 199 2046 1023 2091">
     <span class='ocr_line' id='line_1_58' title="bbox 199 2046 1023 2091; baseline -0.007 -9"><span class='ocrx_word' id='word_1_393' title='bbox 199 2055 280 2083; x_wconf 66' lang='lat'><strong>1&#39;36</strong></span> <span class='ocrx_word' id='word_1_394' title='bbox 295 2050 326 2081; x_wconf 93' lang='lat' dir='ltr'><strong>in</strong></span> <span class='ocrx_word' id='word_1_395' title='bbox 341 2058 416 2091; x_wconf 89' lang='lat' dir='ltr'><strong>quos</strong></span> <span class='ocrx_word' id='word_1_396' title='bbox 427 2049 506 2080; x_wconf 88' lang='lat' dir='ltr'><strong>velut</strong></span> <span class='ocrx_word' id='word_1_397' title='bbox 520 2048 550 2078; x_wconf 93' lang='lat' dir='ltr'><strong>in</strong></span> <span class='ocrx_word' id='word_1_398' title='bbox 565 2047 718 2087; x_wconf 80' lang='lat' dir='ltr'><strong>exemplar</strong></span> <span class='ocrx_word' id='word_1_399' title='bbox 732 2046 910 2086; x_wconf 88' lang='lat' dir='ltr'><strong>respiciens,</strong></span> <span class='ocrx_word' id='word_1_400' title='bbox 927 2056 1023 2085; x_wconf 89' lang='lat' dir='ltr'><strong>quan-</strong></span> 
     </span>
    </p>
   </div>
   <div class='ocr_carea' id='block_1_58' title="bbox 195 2090 1027 2135">
    <p class='ocr_par' dir='ltr' id='par_1_58' title="bbox 195 2090 1027 2135">
     <span class='ocr_line' id='line_1_59' title="bbox 195 2090 1027 2135; baseline -0.008 -7"><span class='ocrx_word' id='word_1_401' title='bbox 195 2100 226 2128; x_wconf 88' lang='lat' dir='ltr'><strong>to</strong></span> <span class='ocrx_word' id='word_1_402' title='bbox 239 2090 359 2135; x_wconf 77' lang='lat' dir='ltr'><strong>longius</strong></span> <span class='ocrx_word' id='word_1_403' title='bbox 371 2093 521 2135; x_wconf 75' lang='lat' dir='ltr'><strong>jaculatus</strong></span> <span class='ocrx_word' id='word_1_404' title='bbox 536 2092 586 2125; x_wconf 84' lang='lat' dir='ltr'><strong>sit.</strong></span> <span class='ocrx_word' id='word_1_405' title='bbox 602 2092 678 2124; x_wconf 81' lang='lat' dir='ltr'><strong>Nam</strong></span> <span class='ocrx_word' id='word_1_406' title='bbox 694 2091 719 2122; x_wconf 86' lang='lat' dir='ltr'><strong>si</strong></span> <span class='ocrx_word' id='word_1_407' title='bbox 734 2090 804 2122; x_wconf 87' lang='lat' dir='ltr'><strong>aliis</strong></span> <span class='ocrx_word' id='word_1_408' title='bbox 825 2100 963 2131; x_wconf 78' lang='lat' dir='ltr'><strong>magnum</strong></span> <span class='ocrx_word' id='word_1_409' title='bbox 981 2092 1027 2122; x_wconf 73' lang='lat' dir='ltr'><strong>est</strong></span> 
     </span>
    </p>
   </div>
   <div class='ocr_carea' id='block_1_59' title="bbox 1031 1543 1050 1567">
    <p class='ocr_par' dir='ltr' id='par_1_59' title="bbox 1031 1543 1050 1567">
     <span class='ocr_line' id='line_1_60' title="bbox 1031 1543 1050 1567; baseline 0 0"><span class='ocrx_word' id='word_1_410' title='bbox 1031 1543 1050 1567; x_wconf 89' lang='lat' dir='ltr'>C</span> 
     </span>
    </p>
   </div>
   <div class='ocr_carea' id='block_1_60' title="bbox 1065 880 1894 923">
    <p class='ocr_par' dir='ltr' id='par_1_60' title="bbox 1065 880 1894 923">
     <span class='ocr_line' id='line_1_61' title="bbox 1065 880 1894 923; baseline 0 -14"><span class='ocrx_word' id='word_1_411' title='bbox 1065 882 1172 919; x_wconf 84' lang='grc' dir='ltr'>ταμίαι.</span> <span class='ocrx_word' id='word_1_412' title='bbox 1204 880 1294 911; x_wconf 82' lang='grc' dir='ltr'>’Ὅσον</span> <span class='ocrx_word' id='word_1_413' title='bbox 1315 882 1402 922; x_wconf 75' lang='grc' dir='ltr'>φίλοι,</span> <span class='ocrx_word' id='word_1_414' title='bbox 1435 882 1530 923; x_wconf 74' lang='grc' dir='ltr'>εἴχετο</span> <span class='ocrx_word' id='word_1_415' title='bbox 1557 882 1689 920; x_wconf 79' lang='grc' dir='ltr'>θελήμασι</span> <span class='ocrx_word' id='word_1_416' title='bbox 1714 884 1778 921; x_wconf 80' lang='grc'><strong>(74)</strong></span> <span class='ocrx_word' id='word_1_417' title='bbox 1794 884 1894 921; x_wconf 62' lang='grc' dir='ltr'>μόλον</span> 
     </span>
    </p>
   </div>
   <div class='ocr_carea' id='block_1_61' title="bbox 1066 927 1898 968">
    <p class='ocr_par' dir='ltr' id='par_1_61' title="bbox 1066 927 1898 968">
     <span class='ocr_line' id='line_1_62' title="bbox 1066 927 1898 968; baseline 0.002 -14"><span class='ocrx_word' id='word_1_418' title='bbox 1066 927 1128 955; x_wconf 75' lang='grc' dir='ltr'>ὸσον</span> <span class='ocrx_word' id='word_1_419' title='bbox 1143 927 1281 966; x_wconf 68' lang='grc' dir='ltr'>περιττὸν,</span> <span class='ocrx_word' id='word_1_420' title='bbox 1312 928 1475 967; x_wconf 71' lang='grc' dir='ltr'><strong>ἀπεπέμφθη</strong></span> <span class='ocrx_word' id='word_1_421' title='bbox 1497 935 1557 959; x_wconf 79' lang='grc' dir='ltr'>ταῖς</span> <span class='ocrx_word' id='word_1_422' title='bbox 1586 928 1705 968; x_wconf 77' lang='grc' dir='ltr'>λόχμαις</span> <span class='ocrx_word' id='word_1_423' title='bbox 1725 929 1761 960; x_wconf 78' lang='grc' dir='ltr'><strong>εἰς</strong></span> <span class='ocrx_word' id='word_1_424' title='bbox 1776 927 1898 968; x_wconf 77' lang='grc' dir='ltr'>δευτέραν</span> 
     </span>
    </p>
   </div>
   <div class='ocr_carea' id='block_1_62' title="bbox 1065 972 1897 1013">
    <p class='ocr_par' dir='ltr' id='par_1_62' title="bbox 1065 972 1897 1013">
     <span class='ocr_line' id='line_1_63' title="bbox 1065 972 1897 1013; baseline 0.001 -13"><span class='ocrx_word' id='word_1_425' title='bbox 1065 972 1213 1011; x_wconf 77' lang='grc' dir='ltr'>τράπεζαν.</span> <span class='ocrx_word' id='word_1_426' title='bbox 1243 973 1273 1001; x_wconf 76' lang='grc' dir='ltr'><strong>οἱ</strong></span> <span class='ocrx_word' id='word_1_427' title='bbox 1305 973 1430 1010; x_wconf 73' lang='grc' dir='ltr'>ὀψοποιοὶ</span> <span class='ocrx_word' id='word_1_428' title='bbox 1462 972 1577 1013; x_wconf 82' lang='grc' dir='ltr'>σχέδιοι,</span> <span class='ocrx_word' id='word_1_429' title='bbox 1607 974 1637 1001; x_wconf 82' lang='grc' dir='ltr'>τὸ</span> <span class='ocrx_word' id='word_1_430' title='bbox 1665 972 1773 1002; x_wconf 75' lang='grc' dir='ltr'>δεῖπνον</span> <span class='ocrx_word' id='word_1_431' title='bbox 1803 973 1897 1013; x_wconf 70' lang='grc' dir='ltr'>εὐπρε-</span> 
     </span>
    </p>
   </div>
   <div class='ocr_carea' id='block_1_63' title="bbox 1065 1016 1896 1058">
    <p class='ocr_par' dir='ltr' id='par_1_63' title="bbox 1065 1016 1896 1058">
     <span class='ocr_line' id='line_1_64' title="bbox 1065 1016 1896 1058; baseline 0 -13"><span class='ocrx_word' id='word_1_432' title='bbox 1065 1017 1113 1047; x_wconf 80' lang='grc' dir='ltr'>πὶς</span> <span class='ocrx_word' id='word_1_433' title='bbox 1125 1017 1203 1056; x_wconf 75' lang='grc'>(75),</span> <span class='ocrx_word' id='word_1_434' title='bbox 1221 1018 1245 1045; x_wconf 77' lang='grc' dir='ltr'>οἱ</span> <span class='ocrx_word' id='word_1_435' title='bbox 1258 1016 1414 1054; x_wconf 80' lang='grc' dir='ltr'>δαιτύμονες</span> <span class='ocrx_word' id='word_1_436' title='bbox 1437 1018 1605 1058; x_wconf 74' lang='grc' dir='ltr'>εὖψάριστοι,</span> <span class='ocrx_word' id='word_1_437' title='bbox 1633 1018 1771 1057; x_wconf 77' lang='grc' dir='ltr'>προοίμιον</span> <span class='ocrx_word' id='word_1_438' title='bbox 1787 1018 1896 1058; x_wconf 77' lang='grc' dir='ltr'>ἔχοντες</span> 
     </span>
    </p>
   </div>
   <div class='ocr_carea' id='block_1_64' title="bbox 1064 1060 1897 1100">
    <p class='ocr_par' dir='ltr' id='par_1_64' title="bbox 1064 1060 1897 1100">
     <span class='ocr_line' id='line_1_65' title="bbox 1064 1060 1897 1100; baseline 0.002 -12"><span class='ocrx_word' id='word_1_439' title='bbox 1064 1060 1116 1095; x_wconf 79' lang='grc' dir='ltr'>ἤδη</span> <span class='ocrx_word' id='word_1_440' title='bbox 1145 1064 1198 1089; x_wconf 85' lang='grc' dir='ltr'><strong>τῶν</strong></span> <span class='ocrx_word' id='word_1_441' title='bbox 1228 1061 1422 1100; x_wconf 76' lang='grc' dir='ltr'><strong>ἐλπιζομένων,</strong></span> <span class='ocrx_word' id='word_1_442' title='bbox 1446 1063 1476 1090; x_wconf 84' lang='grc' dir='ltr'>τὸ</span> <span class='ocrx_word' id='word_1_443' title='bbox 1503 1062 1585 1100; x_wconf 82' lang='grc' dir='ltr'>παρὸν</span> <span class='ocrx_word' id='word_1_444' title='bbox 1614 1064 1712 1099; x_wconf 67' lang='grc' dir='ltr'>θαῦμα.</span> <span class='ocrx_word' id='word_1_445' title='bbox 1741 1062 1784 1095; x_wconf 80' lang='grc' dir='ltr'>Ἐξ</span> <span class='ocrx_word' id='word_1_446' title='bbox 1809 1063 1839 1090; x_wconf 62' lang='lat' dir='ltr'><strong>vi</strong></span> <span class='ocrx_word' id='word_1_447' title='bbox 1853 1074 1897 1091; x_wconf 82' lang='grc' dir='ltr'><strong>και</strong></span> 
     </span>
    </p>
   </div>
   <div class='ocr_carea' id='block_1_65' title="bbox 1063 1105 1896 1146">
    <p class='ocr_par' dir='ltr' id='par_1_65' title="bbox 1063 1105 1896 1146">
     <span class='ocr_line' id='line_1_66' title="bbox 1063 1105 1896 1146; baseline 0.001 -12"><span class='ocrx_word' id='word_1_448' title='bbox 1063 1106 1128 1144; x_wconf 78' lang='grc' dir='ltr'>πρὸς</span> <span class='ocrx_word' id='word_1_449' title='bbox 1147 1106 1195 1140; x_wconf 79' lang='grc' dir='ltr'><strong>τὴν</strong></span> <span class='ocrx_word' id='word_1_450' title='bbox 1213 1105 1339 1146; x_wconf 66' lang='grc' dir='ltr'>ἄθλησιν,</span> <span class='ocrx_word' id='word_1_451' title='bbox 1368 1107 1433 1146; x_wconf 78' lang='grc' dir='ltr'>ὑπὲρ</span> <span class='ocrx_word' id='word_1_452' title='bbox 1458 1107 1491 1140; x_wconf 79' lang='grc' dir='ltr'><strong>ἧς</strong></span> <span class='ocrx_word' id='word_1_453' title='bbox 1508 1110 1589 1134; x_wconf 81' lang='grc' dir='ltr'>ταῦτα</span> <span class='ocrx_word' id='word_1_454' title='bbox 1605 1106 1637 1140; x_wconf 78' lang='grc' dir='ltr'>ἦν</span> <span class='ocrx_word' id='word_1_455' title='bbox 1656 1107 1760 1143; x_wconf 68' lang='grc' dir='ltr'>αὐτοῖς,</span> <span class='ocrx_word' id='word_1_456' title='bbox 1779 1107 1896 1145; x_wconf 73' lang='grc' dir='ltr'>ἐγίνοντο</span> 
     </span>
    </p>
   </div>
   <div class='ocr_carea' id='block_1_66' title="bbox 1063 1150 1894 1191">
    <p class='ocr_par' dir='ltr' id='par_1_66' title="bbox 1063 1150 1894 1191">
     <span class='ocr_line' id='line_1_67' title="bbox 1063 1150 1894 1191; baseline 0.001 -13"><span class='ocrx_word' id='word_1_457' title='bbox 1063 1150 1266 1191; x_wconf 75' lang='grc' dir='ltr'>προθυμότεροι.</span> <span class='ocrx_word' id='word_1_458' title='bbox 1285 1156 1399 1180; x_wconf 77' lang='grc' dir='ltr'>Τοιαῦτα</span> <span class='ocrx_word' id='word_1_459' title='bbox 1414 1152 1447 1179; x_wconf 77' lang='grc' dir='ltr'><strong>τὰ</strong></span> <span class='ocrx_word' id='word_1_460' title='bbox 1462 1152 1513 1189; x_wconf 76' lang='grc' dir='ltr'><strong>ἐμὰ</strong></span> <span class='ocrx_word' id='word_1_461' title='bbox 1535 1150 1702 1190; x_wconf 72' lang='grc' dir='ltr'>διηγήματα,</span> <span class='ocrx_word' id='word_1_462' title='bbox 1736 1152 1772 1179; x_wconf 79' lang='grc' dir='ltr'>Σὺ</span> <span class='ocrx_word' id='word_1_463' title='bbox 1794 1151 1820 1180; x_wconf 73' lang='grc' dir='ltr'><strong>δέ</strong></span> <span class='ocrx_word' id='word_1_464' title='bbox 1850 1163 1894 1189; x_wconf 87' lang='grc' dir='ltr'><strong>μοι</strong></span> 
     </span>
    </p>
   </div>
   <div class='ocr_carea' id='block_1_67' title="bbox 1065 1195 1893 1236">
    <p class='ocr_par' dir='ltr' id='par_1_67' title="bbox 1065 1195 1893 1236">
     <span class='ocr_line' id='line_1_68' title="bbox 1065 1195 1893 1236; baseline 0.002 -13"><span class='ocrx_word' id='word_1_465' title='bbox 1065 1195 1136 1235; x_wconf 79' lang='grc' dir='ltr'>λέγει</span> <span class='ocrx_word' id='word_1_466' title='bbox 1150 1196 1198 1227; x_wconf 82' lang='grc' dir='ltr'><strong>τὰς</strong></span> <span class='ocrx_word' id='word_1_467' title='bbox 1212 1195 1414 1236; x_wconf 78' lang='grc' dir='ltr'>Ἐλαφηϐόλους</span> <span class='ocrx_word' id='word_1_468' title='bbox 1431 1196 1492 1236; x_wconf 78' lang='grc' dir='ltr'><strong>(ἷὸ)</strong></span> <span class='ocrx_word' id='word_1_469' title='bbox 1509 1208 1567 1234; x_wconf 79' lang='grc' dir='ltr'>σου,</span> <span class='ocrx_word' id='word_1_470' title='bbox 1586 1198 1629 1225; x_wconf 83' lang='grc' dir='ltr'>καὶ</span> <span class='ocrx_word' id='word_1_471' title='bbox 1658 1198 1720 1229; x_wconf 72' lang='grc' dir='ltr'>τοὺς</span> <span class='ocrx_word' id='word_1_472' title='bbox 1752 1196 1893 1236; x_wconf 68' lang='grc' dir='ltr'>ἰὶρίωνας,</span> 
     </span>
    </p>
   </div>
   <div class='ocr_carea' id='block_1_68' title="bbox 1065 1240 1894 1282">
    <p class='ocr_par' dir='ltr' id='par_1_68' title="bbox 1065 1240 1894 1282">
     <span class='ocr_line' id='line_1_69' title="bbox 1065 1240 1894 1282; baseline 0.004 -15"><span class='ocrx_word' id='word_1_473' title='bbox 1065 1241 1108 1268; x_wconf 84' lang='grc' dir='ltr'><strong>καὶ</strong></span> <span class='ocrx_word' id='word_1_474' title='bbox 1137 1241 1198 1272; x_wconf 82' lang='grc' dir='ltr'>τοὺς</span> <span class='ocrx_word' id='word_1_475' title='bbox 1225 1241 1403 1278; x_wconf 81' lang='grc' dir='ltr'>Ἀκταίωνας,</span> <span class='ocrx_word' id='word_1_476' title='bbox 1436 1242 1498 1273; x_wconf 85' lang='grc' dir='ltr'>τούς</span> <span class='ocrx_word' id='word_1_477' title='bbox 1534 1240 1728 1276; x_wconf 80' lang='grc' dir='ltr'>κακοδαίμονας</span> <span class='ocrx_word' id='word_1_478' title='bbox 1753 1242 1894 1282; x_wconf 74' lang='grc' dir='ltr'>θηρευτὰς,</span> 
     </span>
    </p>
   </div>
   <div class='ocr_carea' id='block_1_69' title="bbox 1064 1285 1895 1326">
    <p class='ocr_par' dir='ltr' id='par_1_69' title="bbox 1064 1285 1895 1326">
     <span class='ocr_line' id='line_1_70' title="bbox 1064 1285 1895 1326; baseline 0.001 -13"><span class='ocrx_word' id='word_1_479' title='bbox 1064 1286 1078 1313; x_wconf 82' lang='grc' dir='ltr'>ὁ</span> <span class='ocrx_word' id='word_1_480' title='bbox 1108 1285 1173 1323; x_wconf 76' lang='grc' dir='ltr'>ἐμὸς</span> <span class='ocrx_word' id='word_1_481' title='bbox 1201 1285 1331 1326; x_wconf 81' lang='grc' dir='ltr'>διώκτης,</span> <span class='ocrx_word' id='word_1_482' title='bbox 1356 1287 1370 1314; x_wconf 81' lang='grc' dir='ltr'>ὁ</span> <span class='ocrx_word' id='word_1_483' title='bbox 1399 1288 1460 1318; x_wconf 80' lang='grc' dir='ltr'>τοὺς</span> <span class='ocrx_word' id='word_1_484' title='bbox 1483 1287 1578 1324; x_wconf 82' lang='grc' dir='ltr'>μύθους</span> <span class='ocrx_word' id='word_1_485' title='bbox 1606 1287 1760 1324; x_wconf 73' lang='grc' dir='ltr'>θαυμάζων,</span> <span class='ocrx_word' id='word_1_486' title='bbox 1788 1287 1831 1315; x_wconf 83' lang='grc' dir='ltr'><strong>καὶ</strong></span> <span class='ocrx_word' id='word_1_487' title='bbox 1846 1288 1895 1319; x_wconf 71' lang='grc' dir='ltr'><strong>τὴν</strong></span> 
     </span>
    </p>
   </div>
   <div class='ocr_carea' id='block_1_70' title="bbox 1063 1329 1892 1372">
    <p class='ocr_par' dir='ltr' id='par_1_70' title="bbox 1063 1329 1892 1372">
     <span class='ocr_line' id='line_1_71' title="bbox 1063 1329 1892 1372; baseline 0.002 -14"><span class='ocrx_word' id='word_1_488' title='bbox 1063 1329 1247 1361; x_wconf 77' lang='grc' dir='ltr'>ἀντιδοθεῖσαν</span> <span class='ocrx_word' id='word_1_489' title='bbox 1261 1330 1360 1372; x_wconf 65' lang='grc' dir='ltr'>ἔλαφον</span> <span class='ocrx_word' id='word_1_490' title='bbox 1389 1333 1439 1365; x_wconf 86' lang='grc' dir='ltr'>τῆς</span> <span class='ocrx_word' id='word_1_491' title='bbox 1462 1332 1592 1370; x_wconf 79' lang='grc' dir='ltr'>παρθένου</span> <span class='ocrx_word' id='word_1_492' title='bbox 1608 1330 1687 1371; x_wconf 86' lang='grc'>(77),</span> <span class='ocrx_word' id='word_1_493' title='bbox 1704 1331 1731 1360; x_wconf 75' lang='grc' dir='ltr'><strong>εἴ</strong></span> <span class='ocrx_word' id='word_1_494' title='bbox 1746 1343 1771 1360; x_wconf 90' lang='grc' dir='ltr'><strong>τι</strong></span> <span class='ocrx_word' id='word_1_495' title='bbox 1795 1331 1892 1360; x_wconf 74' lang='grc' dir='ltr'>τοσοῦ-</span> 
     </span>
    </p>
   </div>
   <div class='ocr_carea' id='block_1_71' title="bbox 1062 1375 1894 1415">
    <p class='ocr_par' dir='ltr' id='par_1_71' title="bbox 1062 1375 1894 1415">
     <span class='ocr_line' id='line_1_72' title="bbox 1062 1375 1894 1415; baseline 0.001 -12"><span class='ocrx_word' id='word_1_496' title='bbox 1062 1385 1107 1404; x_wconf 85' lang='grc' dir='ltr'><strong>τον</strong></span> <span class='ocrx_word' id='word_1_497' title='bbox 1136 1376 1172 1408; x_wconf 81' lang='grc' dir='ltr'>εἰς</span> <span class='ocrx_word' id='word_1_498' title='bbox 1203 1375 1357 1415; x_wconf 71' lang='grc' dir='ltr'>φιλοτιμίαν</span> <span class='ocrx_word' id='word_1_499' title='bbox 1381 1376 1435 1404; x_wconf 81' lang='grc' dir='ltr'>ἔστι</span> <span class='ocrx_word' id='word_1_500' title='bbox 1462 1386 1515 1411; x_wconf 80' lang='grc' dir='ltr'>σοι,</span> <span class='ocrx_word' id='word_1_501' title='bbox 1545 1376 1595 1405; x_wconf 84' lang='grc' dir='ltr'><strong>κᾶν</strong></span> <span class='ocrx_word' id='word_1_502' title='bbox 1631 1375 1718 1413; x_wconf 79' lang='grc' dir='ltr'>δώμεν</span> <span class='ocrx_word' id='word_1_503' title='bbox 1749 1379 1788 1414; x_wconf 78' lang='grc' dir='ltr'><strong>μη</strong></span> <span class='ocrx_word' id='word_1_504' title='bbox 1814 1378 1894 1414; x_wconf 82' lang='grc' dir='ltr'>μῦθον</span> 
     </span>
    </p>
   </div>
   <div class='ocr_carea' id='block_1_72' title="bbox 1062 1416 1893 1460">
    <p class='ocr_par' dir='ltr' id='par_1_72' title="bbox 1062 1416 1893 1460">
     <span class='ocr_line' id='line_1_73' title="bbox 1062 1416 1893 1460; baseline 0.001 -12"><span class='ocrx_word' id='word_1_505' title='bbox 1062 1422 1134 1449; x_wconf 77' lang='grc' dir='ltr'>εἶναι</span> <span class='ocrx_word' id='word_1_506' title='bbox 1160 1421 1192 1449; x_wconf 85' lang='grc' dir='ltr'><strong>τὸ</strong></span> <span class='ocrx_word' id='word_1_507' title='bbox 1213 1420 1399 1458; x_wconf 78' lang='grc' dir='ltr'>ίστορουμὲνον</span> <span class='ocrx_word' id='word_1_508' title='bbox 1416 1421 1490 1459; x_wconf 84' lang='grc'><strong>(78).</strong></span> <span class='ocrx_word' id='word_1_509' title='bbox 1510 1416 1556 1453; x_wconf 63' lang='grc' dir='ltr'>ἐὶς</span> <span class='ocrx_word' id='word_1_510' title='bbox 1572 1421 1605 1448; x_wconf 73' lang='grc' dir='ltr'><strong>τά</strong></span> <span class='ocrx_word' id='word_1_511' title='bbox 1620 1432 1649 1458; x_wconf 79' lang='grc' dir='ltr'>γε</span> <span class='ocrx_word' id='word_1_512' title='bbox 1666 1420 1726 1454; x_wconf 72' lang='grc' dir='ltr'><strong>ἑξῆς</strong></span> <span class='ocrx_word' id='word_1_513' title='bbox 1738 1422 1785 1449; x_wconf 86' lang='grc' dir='ltr'>τοῦ</span> <span class='ocrx_word' id='word_1_514' title='bbox 1798 1421 1893 1460; x_wconf 78' lang='grc' dir='ltr'>λόγου,</span> 
     </span>
    </p>
   </div>
   <div class='ocr_carea' id='block_1_73' title="bbox 1061 1463 1893 1504">
    <p class='ocr_par' dir='ltr' id='par_1_73' title="bbox 1061 1463 1893 1504">
     <span class='ocr_line' id='line_1_74' title="bbox 1061 1463 1893 1504; baseline 0 -11"><span class='ocrx_word' id='word_1_515' title='bbox 1061 1466 1106 1493; x_wconf 86' lang='grc' dir='ltr'>καὶ</span> <span class='ocrx_word' id='word_1_516' title='bbox 1128 1464 1187 1493; x_wconf 78' lang='grc' dir='ltr'>λίαν</span> <span class='ocrx_word' id='word_1_517' title='bbox 1217 1465 1326 1503; x_wconf 76' lang='grc' dir='ltr'>αἰσχρά.</span> <span class='ocrx_word' id='word_1_518' title='bbox 1346 1465 1375 1492; x_wconf 88' lang='grc' dir='ltr'>Τί</span> <span class='ocrx_word' id='word_1_519' title='bbox 1398 1465 1447 1503; x_wconf 85' lang='grc' dir='ltr'>γὰρ</span> <span class='ocrx_word' id='word_1_520' title='bbox 1473 1464 1569 1504; x_wconf 70' lang='grc' dir='ltr'>ὄφελος</span> <span class='ocrx_word' id='word_1_521' title='bbox 1600 1465 1648 1497; x_wconf 76' lang='grc' dir='ltr'><strong>τῆς</strong></span> <span class='ocrx_word' id='word_1_522' title='bbox 1675 1463 1846 1501; x_wconf 70' lang='grc' dir='ltr'>ἀντιδόσεως,</span> <span class='ocrx_word' id='word_1_523' title='bbox 1871 1466 1893 1493; x_wconf 78' lang='grc' dir='ltr'>εἷ</span> 
     </span>
    </p>
   </div>
   <div class='ocr_carea' id='block_1_74' title="bbox 1062 1506 1892 1548">
    <p class='ocr_par' dir='ltr' id='par_1_74' title="bbox 1062 1506 1892 1548">
     <span class='ocr_line' id='line_1_75' title="bbox 1062 1506 1892 1548; baseline 0.001 -12"><span class='ocrx_word' id='word_1_524' title='bbox 1062 1509 1140 1543; x_wconf 76' lang='grc' dir='ltr'>σώζει</span> <span class='ocrx_word' id='word_1_525' title='bbox 1157 1506 1298 1544; x_wconf 81' lang='grc' dir='ltr'>παρθένον,</span> <span class='ocrx_word' id='word_1_526' title='bbox 1321 1508 1367 1536; x_wconf 77' lang='grc' dir='ltr'>’ίνα</span> <span class='ocrx_word' id='word_1_527' title='bbox 1397 1508 1561 1540; x_wconf 76' lang='grc' dir='ltr'>ξενοκτονεῖν</span> <span class='ocrx_word' id='word_1_528' title='bbox 1590 1507 1715 1548; x_wconf 73' lang='grc' dir='ltr'>διδαχθῇ,</span> <span class='ocrx_word' id='word_1_529' title='bbox 1745 1510 1892 1547; x_wconf 72' lang='grc' dir='ltr'>ἀπανθρωο</span> 
     </span>
    </p>
   </div>
   <div class='ocr_carea' id='block_1_75' title="bbox 1064 1550 1893 1592">
    <p class='ocr_par' dir='ltr' id='par_1_75' title="bbox 1064 1550 1893 1592">
     <span class='ocr_line' id='line_1_76' title="bbox 1064 1550 1893 1592; baseline 0.001 -14"><span class='ocrx_word' id='word_1_530' title='bbox 1064 1553 1124 1579; x_wconf 77' lang='grc' dir='ltr'>πίαν</span> <span class='ocrx_word' id='word_1_531' title='bbox 1154 1552 1273 1588; x_wconf 69' lang='grc' dir='ltr'>μαθοῦσα</span> <span class='ocrx_word' id='word_1_532' title='bbox 1303 1550 1498 1592; x_wconf 72' lang='grc' dir='ltr'>φιλανθρωπίας</span> <span class='ocrx_word' id='word_1_533' title='bbox 1529 1551 1689 1589; x_wconf 78' lang='grc' dir='ltr'>ἀντίδοσιν;</span> <span class='ocrx_word' id='word_1_534' title='bbox 1733 1556 1815 1581; x_wconf 82' lang='grc' dir='ltr'>Τοῦτο</span> <span class='ocrx_word' id='word_1_535' title='bbox 1844 1553 1893 1590; x_wconf 80' lang='grc' dir='ltr'>μὲν</span> 
     </span>
    </p>
   </div>
   <div class='ocr_carea' id='block_1_76' title="bbox 1063 1596 1893 1634">
    <p class='ocr_par' dir='ltr' id='par_1_76' title="bbox 1063 1596 1893 1634">
     <span class='ocr_line' id='line_1_77' title="bbox 1063 1596 1893 1634; baseline 0.004 -11"><span class='ocrx_word' id='word_1_536' title='bbox 1063 1597 1106 1623; x_wconf 75' lang='grc' dir='ltr'>οὖν</span> <span class='ocrx_word' id='word_1_537' title='bbox 1131 1600 1255 1625; x_wconf 77' lang='grc' dir='ltr'>τοσοῦτον</span> <span class='ocrx_word' id='word_1_538' title='bbox 1286 1596 1315 1624; x_wconf 75' lang='grc' dir='ltr'>ἐκ</span> <span class='ocrx_word' id='word_1_539' title='bbox 1343 1596 1451 1625; x_wconf 82' lang='grc' dir='ltr'>πολλῶν</span> <span class='ocrx_word' id='word_1_540' title='bbox 1467 1598 1506 1634; x_wconf 87' lang='grc' dir='ltr'>ἓν,</span> <span class='ocrx_word' id='word_1_541' title='bbox 1523 1598 1568 1626; x_wconf 87' lang='grc' dir='ltr'><strong>καὶ</strong></span> <span class='ocrx_word' id='word_1_542' title='bbox 1592 1597 1651 1625; x_wconf 79' lang='grc' dir='ltr'>ἄντι</span> <span class='ocrx_word' id='word_1_543' title='bbox 1676 1597 1797 1632; x_wconf 81' lang='grc' dir='ltr'>πολλῶν,</span> <span class='ocrx_word' id='word_1_544' title='bbox 1814 1599 1850 1630; x_wconf 80' lang='grc' dir='ltr'>ὡς</span> <span class='ocrx_word' id='word_1_545' title='bbox 1878 1600 1893 1626; x_wconf 82' lang='grc' dir='ltr'><strong>ὁ</strong></span> 
     </span>
    </p>
   </div>
   <div class='ocr_carea' id='block_1_77' title="bbox 1063 1640 1893 1681">
    <p class='ocr_par' dir='ltr' id='par_1_77' title="bbox 1063 1640 1893 1681">
     <span class='ocr_line' id='line_1_78' title="bbox 1063 1640 1893 1681; baseline 0.002 -13"><span class='ocrx_word' id='word_1_546' title='bbox 1063 1640 1126 1678; x_wconf 73' lang='grc' dir='ltr'>ἐμὸς</span> <span class='ocrx_word' id='word_1_547' title='bbox 1145 1640 1206 1681; x_wconf 87' lang='grc'>(79)</span> <span class='ocrx_word' id='word_1_548' title='bbox 1225 1641 1317 1680; x_wconf 83' lang='grc' dir='ltr'>λόγος,</span> <span class='ocrx_word' id='word_1_549' title='bbox 1343 1643 1391 1671; x_wconf 77' lang='grc' dir='ltr'><strong>Καὶ</strong></span> <span class='ocrx_word' id='word_1_550' title='bbox 1421 1646 1500 1671; x_wconf 80' lang='grc' dir='ltr'>τοῦτο</span> <span class='ocrx_word' id='word_1_551' title='bbox 1528 1641 1647 1678; x_wconf 76' lang='grc' dir='ltr'>διῆλθον,</span> <span class='ocrx_word' id='word_1_552' title='bbox 1678 1643 1730 1681; x_wconf 71' lang='grc' dir='ltr'><strong>οὐχ</strong></span> <span class='ocrx_word' id='word_1_553' title='bbox 1745 1642 1780 1670; x_wconf 58' lang='grc' dir='ltr'><strong>Γἔν’</strong></span> <span class='ocrx_word' id='word_1_554' title='bbox 1800 1642 1893 1679; x_wconf 80' lang='grc' dir='ltr'>ἐκείνῳ</span> 
     </span>
    </p>
   </div>
   <div class='ocr_carea' id='block_1_78' title="bbox 1065 1686 1891 1727">
    <p class='ocr_par' dir='ltr' id='par_1_78' title="bbox 1065 1686 1891 1727">
     <span class='ocr_line' id='line_1_79' title="bbox 1065 1686 1891 1727; baseline 0.004 -14"><span class='ocrx_word' id='word_1_555' title='bbox 1065 1688 1169 1724; x_wconf 77' lang='grc' dir='ltr'>προσθῶ</span> <span class='ocrx_word' id='word_1_556' title='bbox 1197 1697 1222 1714; x_wconf 86' lang='grc' dir='ltr'><strong>τι</strong></span> <span class='ocrx_word' id='word_1_557' title='bbox 1245 1689 1295 1720; x_wconf 82' lang='grc' dir='ltr'>τῆς</span> <span class='ocrx_word' id='word_1_558' title='bbox 1326 1686 1441 1721; x_wconf 66' lang='grc' dir='ltr'>εὔδοξίας</span> <span class='ocrx_word' id='word_1_559' title='bbox 1471 1686 1543 1727; x_wconf 61' lang='grc' dir='ltr'>(οὕτε</span> <span class='ocrx_word' id='word_1_560' title='bbox 1582 1687 1632 1726; x_wconf 79' lang='grc' dir='ltr'><strong>γὰρ</strong></span> <span class='ocrx_word' id='word_1_561' title='bbox 1657 1686 1777 1715; x_wconf 60' lang='grc' dir='ltr'>θαλασσα</span> <span class='ocrx_word' id='word_1_562' title='bbox 1805 1686 1891 1716; x_wconf 70' lang='grc' dir='ltr'>δεῖται</span> 
     </span>
    </p>
   </div>
   <div class='ocr_carea' id='block_1_79' title="bbox 1064 1731 1892 1772">
    <p class='ocr_par' dir='ltr' id='par_1_79' title="bbox 1064 1731 1892 1772">
     <span class='ocr_line' id='line_1_80' title="bbox 1064 1731 1892 1772; baseline 0.002 -14"><span class='ocrx_word' id='word_1_563' title='bbox 1064 1735 1116 1758; x_wconf 78' lang='grc' dir='ltr'>τῶν</span> <span class='ocrx_word' id='word_1_564' title='bbox 1139 1731 1294 1770; x_wconf 79' lang='grc' dir='ltr'>εὶσριόντων</span> <span class='ocrx_word' id='word_1_565' title='bbox 1327 1733 1363 1764; x_wconf 83' lang='grc' dir='ltr'>εἷς</span> <span class='ocrx_word' id='word_1_566' title='bbox 1393 1732 1476 1766; x_wconf 76' lang='grc' dir='ltr'>αὐτὴν</span> <span class='ocrx_word' id='word_1_567' title='bbox 1505 1736 1646 1772; x_wconf 78' lang='grc' dir='ltr'>ποταμῶν,</span> <span class='ocrx_word' id='word_1_568' title='bbox 1679 1732 1728 1760; x_wconf 81' lang='grc' dir='ltr'><strong>κᾶν</strong></span> <span class='ocrx_word' id='word_1_569' title='bbox 1757 1732 1892 1772; x_wconf 82' lang='grc' dir='ltr'>εισρέωσιν</span> 
     </span>
    </p>
   </div>
   <div class='ocr_carea' id='block_1_80' title="bbox 1065 1776 1893 1817">
    <p class='ocr_par' dir='ltr' id='par_1_80' title="bbox 1065 1776 1893 1817">
     <span class='ocr_line' id='line_1_81' title="bbox 1065 1776 1893 1817; baseline 0.002 -14"><span class='ocrx_word' id='word_1_570' title='bbox 1065 1777 1103 1803; x_wconf 69' lang='grc' dir='ltr'>ὁτι</span> <span class='ocrx_word' id='word_1_571' title='bbox 1133 1776 1256 1805; x_wconf 74' lang='grc' dir='ltr'>πλεῖστοι</span> <span class='ocrx_word' id='word_1_572' title='bbox 1281 1779 1325 1805; x_wconf 89' lang='grc' dir='ltr'><strong>καὶ</strong></span> <span class='ocrx_word' id='word_1_573' title='bbox 1347 1778 1481 1817; x_wconf 82' lang='grc' dir='ltr'>μέγιστοι,</span> <span class='ocrx_word' id='word_1_574' title='bbox 1512 1777 1570 1806; x_wconf 79' lang='grc' dir='ltr'>οὔτε</span> <span class='ocrx_word' id='word_1_575' title='bbox 1599 1778 1652 1806; x_wconf 79' lang='grc' dir='ltr'>τῶν</span> <span class='ocrx_word' id='word_1_576' title='bbox 1671 1777 1840 1805; x_wconf 78' lang='grc' dir='ltr'>εἶαοισόντων</span> <span class='ocrx_word' id='word_1_577' title='bbox 1867 1788 1893 1805; x_wconf 85' lang='grc' dir='ltr'><strong>τι</strong></span> 
     </span>
    </p>
   </div>
   <div class='ocr_carea' id='block_1_81' title="bbox 1066 1821 1894 1861">
    <p class='ocr_par' dir='ltr' id='par_1_81' title="bbox 1066 1821 1894 1861">
     <span class='ocr_line' id='line_1_82' title="bbox 1066 1821 1894 1861; baseline 0.001 -12"><span class='ocrx_word' id='word_1_578' title='bbox 1066 1823 1131 1860; x_wconf 68' lang='grc' dir='ltr'>πρὸς</span> <span class='ocrx_word' id='word_1_579' title='bbox 1156 1821 1297 1861; x_wconf 69' lang='grc' dir='ltr'>εὐφημίαν,</span> <span class='ocrx_word' id='word_1_580' title='bbox 1329 1824 1343 1851; x_wconf 81' lang='grc' dir='ltr'>ὁ</span> <span class='ocrx_word' id='word_1_581' title='bbox 1373 1827 1416 1851; x_wconf 80' lang='grc' dir='ltr'>νῦν</span> <span class='ocrx_word' id='word_1_582' title='bbox 1436 1822 1648 1860; x_wconf 76' lang='grc' dir='ltr'>ἐπαινούμε·ιος)·</span> <span class='ocrx_word' id='word_1_583' title='bbox 1666 1821 1727 1850; x_wconf 81' lang='grc' dir='ltr'>ἀλλ’</span> <span class='ocrx_word' id='word_1_584' title='bbox 1743 1822 1771 1850; x_wconf 65' lang='grc' dir='ltr'>’ίν</span> <span class='ocrx_word' id='word_1_585' title='bbox 1794 1821 1894 1850; x_wconf 74' lang='grc' dir='ltr'>ἐπιδεί-</span> 
     </span>
    </p>
   </div>
   <div class='ocr_carea' id='block_1_82' title="bbox 1068 1865 1896 1907">
    <p class='ocr_par' dir='ltr' id='par_1_82' title="bbox 1068 1865 1896 1907">
     <span class='ocr_line' id='line_1_83' title="bbox 1068 1865 1896 1907; baseline -0.001 -14"><span class='ocrx_word' id='word_1_586' title='bbox 1068 1866 1151 1903; x_wconf 79' lang='grc' dir='ltr'>Ξαιμι,</span> <span class='ocrx_word' id='word_1_587' title='bbox 1170 1865 1238 1895; x_wconf 76' lang='grc' dir='ltr'>οῗων</span> <span class='ocrx_word' id='word_1_588' title='bbox 1255 1866 1320 1905; x_wconf 86' lang='grc'><strong>(80)</strong></span> <span class='ocrx_word' id='word_1_589' title='bbox 1336 1868 1406 1904; x_wconf 72' lang='grc' dir='ltr'><strong>αὖτῷ</strong></span> <span class='ocrx_word' id='word_1_590' title='bbox 1419 1871 1472 1895; x_wconf 81' lang='grc' dir='ltr'>τῶν</span> <span class='ocrx_word' id='word_1_591' title='bbox 1499 1866 1617 1907; x_wconf 76' lang='grc' dir='ltr'>ἐξαρχῆς</span> <span class='ocrx_word' id='word_1_592' title='bbox 1641 1867 1828 1906; x_wconf 80' lang='grc' dir='ltr'>ὑπαρχόντων,</span> <span class='ocrx_word' id='word_1_593' title='bbox 1851 1865 1896 1895; x_wconf 84' lang='grc' dir='ltr'>καὶ</span> 
     </span>
    </p>
   </div>
   <div class='ocr_carea' id='block_1_83' title="bbox 1066 1910 1894 1951">
    <p class='ocr_par' dir='ltr' id='par_1_83' title="bbox 1066 1910 1894 1951">
     <span class='ocr_line' id='line_1_84' title="bbox 1066 1910 1894 1951; baseline 0.002 -12"><span class='ocrx_word' id='word_1_594' title='bbox 1066 1913 1131 1950; x_wconf 82' lang='grc' dir='ltr'>πρὸς</span> <span class='ocrx_word' id='word_1_595' title='bbox 1147 1911 1160 1939; x_wconf 84' lang='grc' dir='ltr'>ὅ</span> <span class='ocrx_word' id='word_1_596' title='bbox 1179 1910 1348 1951; x_wconf 82' lang='grc' dir='ltr'>παράδειγμα</span> <span class='ocrx_word' id='word_1_597' title='bbox 1372 1912 1493 1951; x_wconf 81' lang='grc' dir='ltr'>βλέπων,</span> <span class='ocrx_word' id='word_1_598' title='bbox 1518 1912 1580 1940; x_wconf 73' lang='grc' dir='ltr'>ὅσον</span> <span class='ocrx_word' id='word_1_599' title='bbox 1595 1912 1801 1950; x_wconf 80' lang='grc' dir='ltr'>ὑπερηκόντισεν</span> <span class='ocrx_word' id='word_1_600' title='bbox 1818 1910 1894 1951; x_wconf 84' lang='grc'><strong>(81).</strong></span> 
     </span>
    </p>
   </div>
   <div class='ocr_carea' id='block_1_84' title="bbox 1068 1955 1896 1996">
    <p class='ocr_par' dir='ltr' id='par_1_84' title="bbox 1068 1955 1896 1996">
     <span class='ocr_line' id='line_1_85' title="bbox 1068 1955 1896 1996; baseline -0.002 -12"><span class='ocrx_word' id='word_1_601' title='bbox 1068 1957 1096 1985; x_wconf 78' lang='lat' dir='ltr'><strong>El</strong></span> <span class='ocrx_word' id='word_1_602' title='bbox 1110 1956 1160 1995; x_wconf 79' lang='grc' dir='ltr'>γὰρ</span> <span class='ocrx_word' id='word_1_603' title='bbox 1176 1955 1245 1995; x_wconf 81' lang='grc' dir='ltr'>μέγα</span> <span class='ocrx_word' id='word_1_604' title='bbox 1260 1963 1320 1988; x_wconf 72' lang='grc' dir='ltr'>τοῖς</span> <span class='ocrx_word' id='word_1_605' title='bbox 1349 1956 1440 1989; x_wconf 78' lang='grc' dir='ltr'>ἄλλοις</span> <span class='ocrx_word' id='word_1_606' title='bbox 1467 1957 1497 1985; x_wconf 78' lang='grc' dir='ltr'>τὸ</span> <span class='ocrx_word' id='word_1_607' title='bbox 1520 1955 1685 1996; x_wconf 71' lang='grc' dir='ltr'>προσλαϐεῖν</span> <span class='ocrx_word' id='word_1_608' title='bbox 1710 1967 1734 1984; x_wconf 86' lang='grc' dir='ltr'><strong>τι</strong></span> <span class='ocrx_word' id='word_1_609' title='bbox 1750 1957 1821 1994; x_wconf 76' lang='grc' dir='ltr'>παρὰ</span> <span class='ocrx_word' id='word_1_610' title='bbox 1842 1957 1896 1983; x_wconf 76' lang='grc' dir='ltr'>τῶν</span> 
     </span>
    </p>
   </div>
   <div class='ocr_carea' id='block_1_85' title="bbox 1067 2000 1896 2042">
    <p class='ocr_par' dir='ltr' id='par_1_85' title="bbox 1067 2000 1896 2042">
     <span class='ocr_line' id='line_1_86' title="bbox 1067 2000 1896 2042; baseline 0 -13"><span class='ocrx_word' id='word_1_611' title='bbox 1067 2000 1167 2030; x_wconf 70' lang='grc' dir='ltr'>ἄνωθεν</span> <span class='ocrx_word' id='word_1_612' title='bbox 1196 2002 1233 2034; x_wconf 77' lang='grc' dir='ltr'><strong>εἷς</strong></span> <span class='ocrx_word' id='word_1_613' title='bbox 1263 2001 1428 2042; x_wconf 79' lang='grc' dir='ltr'>φιλοτιμίαν,</span> <span class='ocrx_word' id='word_1_614' title='bbox 1464 2006 1556 2039; x_wconf 72' lang='grc' dir='ltr'>μεῖζον</span> <span class='ocrx_word' id='word_1_615' title='bbox 1585 2001 1678 2038; x_wconf 55' lang='grc' dir='ltr'>ἐκείνῳ</span> <span class='ocrx_word' id='word_1_616' title='bbox 1705 2003 1743 2038; x_wconf 78' lang='grc' dir='ltr'>τῷ</span> <span class='ocrx_word' id='word_1_617' title='bbox 1773 2003 1896 2036; x_wconf 73' lang='grc' dir='ltr'>προσθεῖ-</span> 
     </span>
    </p>
   </div>
   <div class='ocr_carea' id='block_1_86' title="bbox 1067 2044 1897 2085">
    <p class='ocr_par' dir='ltr' id='par_1_86' title="bbox 1067 2044 1897 2085">
     <span class='ocr_line' id='line_1_87' title="bbox 1067 2044 1897 2085; baseline -0.004 -10"><span class='ocrx_word' id='word_1_618' title='bbox 1067 2057 1110 2075; x_wconf 84' lang='grc' dir='ltr'><strong>ναι</strong></span> <span class='ocrx_word' id='word_1_619' title='bbox 1133 2044 1195 2083; x_wconf 67' lang='grc'><strong>(82)</strong></span> <span class='ocrx_word' id='word_1_620' title='bbox 1210 2053 1270 2079; x_wconf 80' lang='grc' dir='ltr'>τοῖς</span> <span class='ocrx_word' id='word_1_621' title='bbox 1296 2044 1352 2074; x_wconf 78' lang='grc' dir='ltr'><strong>ἄνω</strong></span> <span class='ocrx_word' id='word_1_622' title='bbox 1377 2046 1440 2084; x_wconf 82' lang='grc' dir='ltr'>παρ’</span> <span class='ocrx_word' id='word_1_623' title='bbox 1458 2046 1563 2084; x_wconf 75' lang='grc' dir='ltr'>ἑαυτοῦ,</span> <span class='ocrx_word' id='word_1_624' title='bbox 1588 2046 1706 2085; x_wconf 76' lang='grc' dir='ltr'>καθάπερ</span> <span class='ocrx_word' id='word_1_625' title='bbox 1722 2044 1781 2079; x_wconf 83' lang='grc' dir='ltr'>ι83)</span> <span class='ocrx_word' id='word_1_626' title='bbox 1796 2045 1897 2084; x_wconf 60' lang='grc' dir='ltr'>ῥεύμα-</span> 
     </span>
    </p>
   </div>
   <div class='ocr_carea' id='block_1_87' title="bbox 1068 2090 1337 2131">
    <p class='ocr_par' dir='ltr' id='par_1_87' title="bbox 1068 2090 1337 2131">
     <span class='ocr_line' id='line_1_88' title="bbox 1068 2090 1337 2131; baseline -0.004 -11"><span class='ocrx_word' id='word_1_627' title='bbox 1068 2102 1113 2123; x_wconf 83' lang='grc' dir='ltr'><strong>τος</strong></span> <span class='ocrx_word' id='word_1_628' title='bbox 1129 2090 1337 2131; x_wconf 76' lang='grc' dir='ltr'>ἀνατρέχοντος.</span> 
     </span>
    </p>
   </div>
   <div class='ocr_carea' id='block_1_88' title="bbox 196 2133 1899 2182">
    <p class='ocr_par' dir='ltr' id='par_1_88' title="bbox 196 2133 1899 2182">
     <span class='ocr_line' id='line_1_89' title="bbox 196 2133 1899 2182; baseline -0.005 -9"><span class='ocrx_word' id='word_1_629' title='bbox 196 2133 310 2182; x_wconf 74' lang='lat' dir='ltr'><strong>aliquid</strong></span> <span class='ocrx_word' id='word_1_630' title='bbox 322 2149 340 2171; x_wconf 83' lang='lat' dir='ltr'><strong>a</strong></span> <span class='ocrx_word' id='word_1_631' title='bbox 356 2133 520 2179; x_wconf 86' lang='lat' dir='ltr'><strong>majoribus</strong></span> <span class='ocrx_word' id='word_1_632' title='bbox 535 2137 571 2168; x_wconf 89' lang='lat' dir='ltr'><strong>ad</strong></span> <span class='ocrx_word' id='word_1_633' title='bbox 584 2136 709 2177; x_wconf 80' lang='lat' dir='ltr'><strong>gloriam</strong></span> <span class='ocrx_word' id='word_1_634' title='bbox 725 2136 893 2176; x_wconf 89' lang='lat' dir='ltr'><strong>accepisse,</strong></span> <span class='ocrx_word' id='word_1_635' title='bbox 911 2136 1008 2177; x_wconf 86' lang='lat' dir='ltr'><strong>majus</strong></span> <span class='ocrx_word' id='word_1_636' title='bbox 1024 2135 1157 2176; x_wconf 82' lang='lat' dir='ltr'><strong>profecto</strong></span> <span class='ocrx_word' id='word_1_637' title='bbox 1181 2135 1238 2176; x_wconf 87' lang='lat' dir='ltr'><strong>ipsi</strong></span> <span class='ocrx_word' id='word_1_638' title='bbox 1264 2140 1309 2166; x_wconf 85' lang='lat' dir='ltr'><strong>est</strong></span> <span class='ocrx_word' id='word_1_639' title='bbox 1333 2135 1498 2176; x_wconf 87' lang='lat' dir='ltr'><strong>majoribus</strong></span> <span class='ocrx_word' id='word_1_640' title='bbox 1523 2136 1585 2166; x_wconf 92' lang='lat' dir='ltr'><strong>suis</strong></span> <span class='ocrx_word' id='word_1_641' title='bbox 1601 2134 1681 2166; x_wconf 87' lang='lat' dir='ltr'><strong>laudi</strong></span> <span class='ocrx_word' id='word_1_642' title='bbox 1697 2133 1850 2165; x_wconf 87' lang='lat' dir='ltr'><strong>cumulum</strong></span> <span class='ocrx_word' id='word_1_643' title='bbox 1863 2143 1899 2165; x_wconf 83' lang='lat' dir='ltr'><strong>ex</strong></span> 
     </span>
    </p>
   </div>
   <div class='ocr_carea' id='block_1_89' title="bbox 197 2182 848 2225">
    <p class='ocr_par' dir='ltr' id='par_1_89' title="bbox 197 2182 848 2225">
     <span class='ocr_line' id='line_1_90' title="bbox 197 2182 848 2225; baseline -0.008 -8"><span class='ocrx_word' id='word_1_644' title='bbox 197 2194 231 2218; x_wconf 88' lang='lat' dir='ltr'><strong>se</strong></span> <span class='ocrx_word' id='word_1_645' title='bbox 244 2184 406 2225; x_wconf 82' lang='lat' dir='ltr'><strong>adjecisse,</strong></span> <span class='ocrx_word' id='word_1_646' title='bbox 422 2183 502 2214; x_wconf 89' lang='lat' dir='ltr'><strong>velut</strong></span> <span class='ocrx_word' id='word_1_647' title='bbox 518 2183 609 2214; x_wconf 85' lang='lat' dir='ltr'><strong>ﬂuctu</strong></span> <span class='ocrx_word' id='word_1_648' title='bbox 623 2182 848 2222; x_wconf 77' lang='lat' dir='ltr'><strong>reciprocante.</strong></span> 
     </span>
    </p>
   </div>
   <div class='ocr_carea' id='block_1_90' title="bbox 238 2224 1023 2270">
    <p class='ocr_par' dir='ltr' id='par_1_90' title="bbox 238 2224 1023 2270">
     <span class='ocr_line' id='line_1_91' title="bbox 238 2224 1023 2270; baseline -0.008 -8"><span class='ocrx_word' id='word_1_649' title='bbox 238 2224 465 2270; x_wconf 43' lang='lat' dir='ltr'><strong>lXiQuanquam</strong></span> <span class='ocrx_word' id='word_1_650' title='bbox 481 2232 580 2259; x_wconf 89' lang='lat' dir='ltr'><strong>autem</strong></span> <span class='ocrx_word' id='word_1_651' title='bbox 596 2228 729 2269; x_wconf 79' lang='lat' dir='ltr'><strong>conjugii</strong></span> <span class='ocrx_word' id='word_1_652' title='bbox 749 2231 903 2267; x_wconf 89' lang='lat' dir='ltr'><strong>parentum</strong></span> <span class='ocrx_word' id='word_1_653' title='bbox 923 2225 1023 2266; x_wconf 73' lang='lat' dir='ltr'><strong>ipsius,</strong></span> 
     </span>
    </p>
   </div>
   <div class='ocr_carea' id='block_1_91' title="bbox 1068 2224 1899 2270">
    <p class='ocr_par' dir='ltr' id='par_1_91' title="bbox 1112 2224 1899 2265">
     <span class='ocr_line' id='line_1_92' title="bbox 1112 2224 1899 2265; baseline -0.001 -12"><span class='ocrx_word' id='word_1_654' title='bbox 1112 2225 1155 2257; x_wconf 74' lang='grc' dir='ltr'><strong>ϐ’,</strong></span> <span class='ocrx_word' id='word_1_655' title='bbox 1172 2225 1226 2260; x_wconf 81' lang='grc' dir='ltr'>Τῆς</span> <span class='ocrx_word' id='word_1_656' title='bbox 1242 2224 1270 2253; x_wconf 65' lang='grc' dir='ltr'><strong>δὲ</strong></span> <span class='ocrx_word' id='word_1_657' title='bbox 1286 2228 1338 2254; x_wconf 80' lang='grc' dir='ltr'>τῶν</span> <span class='ocrx_word' id='word_1_658' title='bbox 1358 2225 1479 2265; x_wconf 80' lang='grc' dir='ltr'>πατέρων</span> <span class='ocrx_word' id='word_1_659' title='bbox 1507 2226 1641 2264; x_wconf 73' lang='grc' dir='ltr'>συζυγίας,</span> <span class='ocrx_word' id='word_1_660' title='bbox 1660 2227 1710 2264; x_wconf 72' lang='grc' dir='ltr'><strong>οὐχ</strong></span> <span class='ocrx_word' id='word_1_661' title='bbox 1733 2225 1816 2258; x_wconf 78' lang='grc' dir='ltr'>ἦττον</span> <span class='ocrx_word' id='word_1_662' title='bbox 1830 2224 1899 2253; x_wconf 74' lang='grc' dir='ltr'>κατὰ</span> 
     </span>
    </p>
   </div>
   <div class='ocr_carea' id='block_1_92' title="bbox 198 2273 1024 2316">
    <p class='ocr_par' dir='ltr' id='par_1_92' title="bbox 198 2273 1024 2316">
     <span class='ocr_line' id='line_1_93' title="bbox 198 2273 1024 2316; baseline -0.007 -9"><span class='ocrx_word' id='word_1_663' title='bbox 198 2275 278 2316; x_wconf 90' lang='lat' dir='ltr'><strong>quod</strong></span> <span class='ocrx_word' id='word_1_664' title='bbox 304 2283 364 2305; x_wconf 88' lang='lat' dir='ltr'><strong>non</strong></span> <span class='ocrx_word' id='word_1_665' title='bbox 384 2273 483 2304; x_wconf 89' lang='lat' dir='ltr'><strong>minus</strong></span> <span class='ocrx_word' id='word_1_666' title='bbox 498 2273 625 2308; x_wconf 81' lang='lat' dir='ltr'><strong>virtutis,</strong></span> <span class='ocrx_word' id='word_1_667' title='bbox 650 2282 738 2313; x_wconf 88' lang='lat' dir='ltr'><strong>quam</strong></span> <span class='ocrx_word' id='word_1_668' title='bbox 762 2280 921 2313; x_wconf 88' lang='lat' dir='ltr'><strong>corporum</strong></span> <span class='ocrx_word' id='word_1_669' title='bbox 947 2276 1024 2307; x_wconf 87' lang='lat' dir='ltr'><strong>erat,</strong></span> 
     </span>
    </p>
   </div>
   <div class='ocr_carea' id='block_1_93' title="bbox 239 2329 1027 2373">
    <p class='ocr_par' dir='ltr' id='par_1_93' title="bbox 239 2329 1027 2373">
     <span class='ocr_line' id='line_1_94' title="bbox 239 2329 1027 2373; baseline -0.006 -9"><span class='ocrx_word' id='word_1_670' title='bbox 239 2333 305 2373; x_wconf 69' lang='lat'><strong>(72)</strong></span> <span class='ocrx_word' id='word_1_671' title='bbox 321 2332 339 2345; x_wconf 91' lang='lat'>&quot;</span> <span class='ocrx_word' id='word_1_672' title='bbox 355 2338 401 2362; x_wconf 90' lang='grc' dir='ltr'><strong>Οτι</strong></span> <span class='ocrx_word' id='word_1_673' title='bbox 427 2333 477 2371; x_wconf 78' lang='grc' dir='ltr'>μή.</span> <span class='ocrx_word' id='word_1_674' title='bbox 497 2330 569 2371; x_wconf 78' lang='lat' dir='ltr'><strong>Reg.</strong></span> <span class='ocrx_word' id='word_1_675' title='bbox 588 2330 639 2370; x_wconf 89' lang='lat' dir='ltr'><strong>ph,</strong></span> <span class='ocrx_word' id='word_1_676' title='bbox 656 2329 696 2359; x_wconf 75' lang='grc' dir='ltr'><strong>ὅτι</strong></span> <span class='ocrx_word' id='word_1_677' title='bbox 723 2331 745 2359; x_wconf 79' lang='grc' dir='ltr'>εἰ</span> <span class='ocrx_word' id='word_1_678' title='bbox 766 2331 816 2369; x_wconf 84' lang='grc' dir='ltr'>μή.</span> <span class='ocrx_word' id='word_1_679' title='bbox 840 2329 877 2361; x_wconf 92' lang='lat' dir='ltr'><strong>Et</strong></span> <span class='ocrx_word' id='word_1_680' title='bbox 888 2338 933 2360; x_wconf 92' lang='lat' dir='ltr'><strong>or.</strong></span> <span class='ocrx_word' id='word_1_681' title='bbox 948 2331 978 2365; x_wconf 78' lang='lat'><strong>2,</strong></span> <span class='ocrx_word' id='word_1_682' title='bbox 991 2329 1027 2359; x_wconf 84' lang='grc' dir='ltr'><strong>ὡς</strong></span> 
     </span>
    </p>
   </div>
   <div class='ocr_carea' id='block_1_94' title="bbox 199 2374 286 2408">
    <p class='ocr_par' dir='ltr' id='par_1_94' title="bbox 199 2374 286 2408">
     <span class='ocr_line' id='line_1_95' title="bbox 199 2374 286 2408; baseline 0.023 -6"><span class='ocrx_word' id='word_1_683' title='bbox 199 2374 221 2402; x_wconf 78' lang='grc' dir='ltr'><strong>εἰ</strong></span> <span class='ocrx_word' id='word_1_684' title='bbox 235 2374 286 2408; x_wconf 84' lang='grc' dir='ltr'>μή.</span> 
     </span>
    </p>
   </div>
   <div class='ocr_carea' id='block_1_95' title="bbox 235 2384 758 2452">
    <p class='ocr_par' dir='ltr' id='par_1_95' title="bbox 235 2384 758 2452">
     <span class='ocr_line' id='line_1_96' title="bbox 235 2384 758 2452; baseline -0.011 -8"><span class='ocrx_word' id='word_1_685' title='bbox 323 2412 419 2452; x_wconf 74' lang='grc' dir='ltr'>Ποίων.</span> <span class='ocrx_word' id='word_1_686' title='bbox 437 2412 472 2442; x_wconf 91' lang='lat' dir='ltr'><strong>In</strong></span> <span class='ocrx_word' id='word_1_687' title='bbox 485 2411 651 2451; x_wconf 90' lang='lat' dir='ltr'><strong>nonnullis,</strong></span> <span class='ocrx_word' id='word_1_688' title='bbox 666 2412 758 2452; x_wconf 71' lang='grc' dir='ltr'>τίνῳν,</span> 
     </span>
    </p>
   </div>
   <div class='ocr_carea' id='block_1_96' title="bbox 242 2449 1025 2493">
    <p class='ocr_par' dir='ltr' id='par_1_96' title="bbox 242 2449 1025 2493">
     <span class='ocr_line' id='line_1_97' title="bbox 242 2449 1025 2493; baseline -0.004 -10"><span class='ocrx_word' id='word_1_689' title='bbox 242 2449 300 2493; x_wconf 71' lang='grc' dir='ltr'><strong>(Ἠ)</strong></span> <span class='ocrx_word' id='word_1_690' title='bbox 317 2450 469 2493; x_wconf 69' lang='grc' dir='ltr'>βελήμασι.</span> <span class='ocrx_word' id='word_1_691' title='bbox 492 2452 587 2491; x_wconf 73' lang='lat' dir='ltr'><strong>Regg.</strong></span> <span class='ocrx_word' id='word_1_692' title='bbox 613 2449 648 2487; x_wconf 63' lang='lat' dir='ltr'><strong>a,</strong></span> <span class='ocrx_word' id='word_1_693' title='bbox 661 2461 688 2489; x_wconf 85' lang='lat' dir='ltr'><strong>c,</strong></span> <span class='ocrx_word' id='word_1_694' title='bbox 715 2451 746 2490; x_wconf 89' lang='lat' dir='ltr'><strong>d,</strong></span> <span class='ocrx_word' id='word_1_695' title='bbox 771 2451 863 2484; x_wconf 89' lang='lat' dir='ltr'><strong>Coisl.</strong></span> <span class='ocrx_word' id='word_1_696' title='bbox 880 2451 910 2489; x_wconf 80' lang='lat'><strong>1,</strong></span> <span class='ocrx_word' id='word_1_697' title='bbox 927 2449 978 2481; x_wconf 88' lang='lat' dir='ltr'><strong>Or.</strong></span> <span class='ocrx_word' id='word_1_698' title='bbox 995 2450 1025 2487; x_wconf 67' lang='lat'><strong>9,</strong></span> 
     </span>
    </p>
   </div>
   <div class='ocr_carea' id='block_1_97' title="bbox 198 2492 426 2527">
    <p class='ocr_par' dir='ltr' id='par_1_97' title="bbox 198 2492 426 2527">
     <span class='ocr_line' id='line_1_98' title="bbox 198 2492 426 2527; baseline -0.009 -5"><span class='ocrx_word' id='word_1_699' title='bbox 198 2497 271 2527; x_wconf 71' lang='grc' dir='ltr'><strong>σω..</strong></span> <span class='ocrx_word' id='word_1_700' title='bbox 287 2492 426 2527; x_wconf 76' lang='grc' dir='ltr'>θελήσασι.</span> 
     </span>
    </p>
   </div>
   <div class='ocr_carea' id='block_1_98' title="bbox 239 2517 1027 2573">
    <p class='ocr_par' dir='ltr' id='par_1_98' title="bbox 239 2517 1027 2573">
     <span class='ocr_line' id='line_1_99' title="bbox 239 2517 1027 2573; baseline -0.008 -7"><span class='ocrx_word' id='word_1_701' title='bbox 486 2533 582 2573; x_wconf 36' lang='lat' dir='ltr'><strong>Regg,</strong></span> <span class='ocrx_word' id='word_1_702' title='bbox 596 2541 624 2569; x_wconf 92' lang='lat' dir='ltr'><strong>c,</strong></span> <span class='ocrx_word' id='word_1_703' title='bbox 648 2532 666 2563; x_wconf 91' lang='lat' dir='ltr'><strong>d</strong></span> <span class='ocrx_word' id='word_1_704' title='bbox 684 2536 713 2563; x_wconf 89' lang='lat' dir='ltr'><strong>et</strong></span> <span class='ocrx_word' id='word_1_705' title='bbox 727 2532 832 2570; x_wconf 82' lang='lat' dir='ltr'><strong>decem</strong></span> <span class='ocrx_word' id='word_1_706' title='bbox 858 2531 957 2567; x_wconf 82' lang='lat' dir='ltr'><strong>Colb.,</strong></span> <span class='ocrx_word' id='word_1_707' title='bbox 982 2533 1027 2560; x_wconf 64' lang='grc' dir='ltr'>ειδ-</span> 
     </span>
    </p>
   </div>
   <div class='ocr_carea' id='block_1_99' title="bbox 198 2572 781 2614">
    <p class='ocr_par' dir='ltr' id='par_1_99' title="bbox 198 2572 781 2614">
     <span class='ocr_line' id='line_1_100' title="bbox 198 2572 781 2614; baseline 0 -11"><span class='ocrx_word' id='word_1_708' title='bbox 198 2572 305 2614; x_wconf 52' lang='grc' dir='ltr'>τριᾶιές,</span> <span class='ocrx_word' id='word_1_709' title='bbox 326 2584 337 2600; x_wconf 81' lang='grc' dir='ltr'><strong>ι</strong></span> <span class='ocrx_word' id='word_1_710' title='bbox 352 2576 465 2614; x_wconf 59' lang='grc' dir='ltr'><strong>ριιιέιῐξιἶ</strong></span> <span class='ocrx_word' id='word_1_711' title='bbox 481 2585 493 2600; x_wconf 86' lang='grc'><strong>»</strong></span> <span class='ocrx_word' id='word_1_712' title='bbox 510 2572 560 2604; x_wconf 92' lang='lat' dir='ltr'><strong>Sic</strong></span> <span class='ocrx_word' id='word_1_713' title='bbox 576 2572 649 2614; x_wconf 67' lang='lat' dir='ltr'><strong>legit</strong></span> <span class='ocrx_word' id='word_1_714' title='bbox 666 2573 781 2604; x_wconf 89' lang='lat' dir='ltr'><strong>Billius.</strong></span> 
     </span>
    </p>
   </div>
   <div class='ocr_carea' id='block_1_100' title="bbox 238 2611 1027 2683">
    <p class='ocr_par' dir='ltr' id='par_1_100' title="bbox 238 2611 1027 2683">
     <span class='ocr_line' id='line_1_101' title="bbox 238 2611 1027 2683; baseline -0.001 -42"><span class='ocrx_word' id='word_1_715' title='bbox 238 2614 302 2683; x_wconf 51' lang='lat'><strong>£76)</strong></span> <span class='ocrx_word' id='word_1_716' title='bbox 319 2611 533 2653; x_wconf 81' lang='grc' dir='ltr'>Ἐλαφηϐόλους.</span> <span class='ocrx_word' id='word_1_717' title='bbox 555 2625 566 2641; x_wconf 70' lang='grc' dir='ltr'>ς</span> <span class='ocrx_word' id='word_1_718' title='bbox 586 2612 706 2644; x_wconf 87' lang='lat' dir='ltr'><strong>Dianas.</strong></span> <span class='ocrx_word' id='word_1_719' title='bbox 726 2626 738 2641; x_wconf 78' lang='grc' dir='ltr'><strong>ι</strong></span> <span class='ocrx_word' id='word_1_720' title='bbox 762 2613 844 2645; x_wconf 83' lang='lat' dir='ltr'><strong>Dicta</strong></span> <span class='ocrx_word' id='word_1_721' title='bbox 873 2617 918 2643; x_wconf 78' lang='lat' dir='ltr'><strong>est</strong></span> <span class='ocrx_word' id='word_1_722' title='bbox 943 2611 1027 2641; x_wconf 79' lang='grc' dir='ltr'>Ἐλα-</span> 
     </span>
     <span class='ocr_line' id='line_1_102' title="bbox 255 2652 1027 2683; baseline 0 0"><span class='ocrx_word' id='word_1_723' title='bbox 255 2654 316 2683; x_wconf 76' lang='grc' dir='ltr'>όλοε</span> <span class='ocrx_word' id='word_1_724' title='bbox 333 2652 438 2683; x_wconf 87' lang='lat' dir='ltr'><strong>Diana.</strong></span> <span class='ocrx_word' id='word_1_725' title='bbox 455 2663 539 2683; x_wconf 74' lang='lat' dir='ltr'><strong>quaet</strong></span> <span class='ocrx_word' id='word_1_726' title='bbox 549 2663 653 2683; x_wconf 85' lang='lat' dir='ltr'><strong>cervos</strong></span> <span class='ocrx_word' id='word_1_727' title='bbox 667 2654 743 2683; x_wconf 88' lang='lat' dir='ltr'><strong>scite</strong></span> <span class='ocrx_word' id='word_1_728' title='bbox 760 2654 863 2683; x_wconf 61' lang='lat' dir='ltr'><strong>tinens.</strong></span> <span class='ocrx_word' id='word_1_729' title='bbox 886 2657 936 2683; x_wconf 89' lang='lat' dir='ltr'><strong>aut</strong></span> <span class='ocrx_word' id='word_1_730' title='bbox 947 2657 1027 2683; x_wconf 84' lang='lat' dir='ltr'><strong>certo</strong></span> 
     </span>
    </p>
   </div>
   <div class='ocr_carea' id='block_1_101' title="bbox 197 2652 1028 2696">
    <p class='ocr_par' dir='ltr' id='par_1_101' title="bbox 197 2652 1028 2696">
     <span class='ocr_line' id='line_1_103' title="bbox 197 2652 1028 2696; baseline -0.001 -13"><span class='ocrx_word' id='word_1_731' title='bbox 197 2652 439 2696; x_wconf 48' lang='lat' dir='ltr'><strong>“adiacentia,</strong></span> <span class='ocrx_word' id='word_1_732' title='bbox 455 2663 653 2696; x_wconf 73' lang='lat' dir='ltr'><strong>quastcervos</strong></span> <span class='ocrx_word' id='word_1_733' title='bbox 667 2654 743 2696; x_wconf 88' lang='lat' dir='ltr'><strong>scite</strong></span> <span class='ocrx_word' id='word_1_734' title='bbox 760 2654 863 2696; x_wconf 72' lang='lat' dir='ltr'><strong>ﬁgens,</strong></span> <span class='ocrx_word' id='word_1_735' title='bbox 886 2657 936 2696; x_wconf 75' lang='lat' dir='ltr'><strong>aut</strong></span> <span class='ocrx_word' id='word_1_736' title='bbox 947 2657 1028 2683; x_wconf 83' lang='lat' dir='ltr'><strong>certo</strong></span> 
     </span>
    </p>
   </div>
   <div class='ocr_carea' id='block_1_102' title="bbox 198 2693 1028 2730">
    <p class='ocr_par' dir='ltr' id='par_1_102' title="bbox 198 2693 1028 2730">
     <span class='ocr_line' id='line_1_104' title="bbox 198 2693 1028 2730; baseline -0.005 -4"><span class='ocrx_word' id='word_1_737' title='bbox 198 2693 258 2726; x_wconf 82' lang='lat' dir='ltr'><strong>ictu</strong></span> <span class='ocrx_word' id='word_1_738' title='bbox 273 2694 397 2726; x_wconf 84' lang='lat' dir='ltr'><strong>feriens.</strong></span> <span class='ocrx_word' id='word_1_739' title='bbox 414 2693 483 2725; x_wconf 57' lang='lat' dir='ltr'><strong>Haec</strong></span> <span class='ocrx_word' id='word_1_740' title='bbox 499 2694 603 2726; x_wconf 89' lang='lat' dir='ltr'><strong>Orioni</strong></span> <span class='ocrx_word' id='word_1_741' title='bbox 618 2698 648 2724; x_wconf 90' lang='lat' dir='ltr'><strong>et</strong></span> <span class='ocrx_word' id='word_1_742' title='bbox 662 2694 798 2725; x_wconf 70' lang='lat' dir='ltr'><strong>Actaeoni</strong></span> <span class='ocrx_word' id='word_1_743' title='bbox 812 2693 1028 2730; x_wconf 85' lang='lat' dir='ltr'><strong>irata,alterum</strong></span> 
     </span>
    </p>
   </div>
   <div class='ocr_carea' id='block_1_103' title="bbox 198 2733 1030 2775">
    <p class='ocr_par' dir='ltr' id='par_1_103' title="bbox 198 2733 1030 2775">
     <span class='ocr_line' id='line_1_105' title="bbox 198 2733 1030 2775; baseline -0.002 -10"><span class='ocrx_word' id='word_1_744' title='bbox 198 2744 216 2765; x_wconf 70' lang='grc' dir='ltr'>ε</span> <span class='ocrx_word' id='word_1_745' title='bbox 230 2734 389 2775; x_wconf 78' lang='lat' dir='ltr'><strong>scorpione</strong></span> <span class='ocrx_word' id='word_1_746' title='bbox 414 2734 655 2775; x_wconf 80' lang='lat' dir='ltr'><strong>percutiendum,</strong></span> <span class='ocrx_word' id='word_1_747' title='bbox 673 2735 800 2766; x_wconf 88' lang='lat' dir='ltr'><strong>alterum</strong></span> <span class='ocrx_word' id='word_1_748' title='bbox 824 2733 948 2764; x_wconf 87' lang='lat' dir='ltr'><strong>suismet</strong></span> <span class='ocrx_word' id='word_1_749' title='bbox 963 2742 1030 2764; x_wconf 81' lang='lat' dir='ltr'><strong>ma-</strong></span> 
     </span>
    </p>
   </div>
   <div class='ocr_carea' id='block_1_104' title="bbox 199 2774 668 2815">
    <p class='ocr_par' dir='ltr' id='par_1_104' title="bbox 199 2774 668 2815">
     <span class='ocr_line' id='line_1_106' title="bbox 199 2774 668 2815; baseline -0.004 -9"><span class='ocrx_word' id='word_1_750' title='bbox 199 2774 288 2806; x_wconf 88' lang='lat' dir='ltr'><strong>nibus</strong></span> <span class='ocrx_word' id='word_1_751' title='bbox 301 2774 526 2815; x_wconf 81' lang='lat' dir='ltr'><strong>dilacerandum</strong></span> <span class='ocrx_word' id='word_1_752' title='bbox 545 2775 668 2815; x_wconf 88' lang='lat' dir='ltr'><strong>objecit.</strong></span> 
     </span>
    </p>
   </div>
   <div class='ocr_carea' id='block_1_105' title="bbox 240 2812 1027 2855">
    <p class='ocr_par' dir='ltr' id='par_1_105' title="bbox 240 2812 1027 2855">
     <span class='ocr_line' id='line_1_107' title="bbox 240 2812 1027 2855; baseline -0.013 -10"><span class='ocrx_word' id='word_1_753' title='bbox 240 2814 312 2855; x_wconf 24' lang='grc'>(77),</span> <span class='ocrx_word' id='word_1_754' title='bbox 324 2814 517 2855; x_wconf 70' lang='grc' dir='ltr'>Ἀντιδοθετσυν</span> <span class='ocrx_word' id='word_1_755' title='bbox 533 2812 630 2855; x_wconf 58' lang='grc' dir='ltr'>ἕλαῷον</span> <span class='ocrx_word' id='word_1_756' title='bbox 651 2816 700 2850; x_wconf 77' lang='grc' dir='ltr'><strong>τῇς</strong></span> <span class='ocrx_word' id='word_1_757' title='bbox 715 2816 855 2854; x_wconf 73' lang='grc' dir='ltr'>παρθένου,</span> <span class='ocrx_word' id='word_1_758' title='bbox 872 2812 1027 2855; x_wconf 48' lang='lat' dir='ltr'><strong>Substitq-</strong></span> 
     </span>
    </p>
   </div>
   <div class='ocr_carea' id='block_1_106' title="bbox 200 2853 1029 2895">
    <p class='ocr_par' dir='ltr' id='par_1_106' title="bbox 200 2853 1029 2895">
     <span class='ocr_line' id='line_1_108' title="bbox 200 2853 1029 2895; baseline -0.002 -10"><span class='ocrx_word' id='word_1_759' title='bbox 200 2853 260 2895; x_wconf 72' lang='lat' dir='ltr'><strong>tam</strong></span> <span class='ocrx_word' id='word_1_760' title='bbox 286 2853 402 2895; x_wconf 78' lang='lat' dir='ltr'><strong>virgini</strong></span> <span class='ocrx_word' id='word_1_761' title='bbox 422 2863 551 2886; x_wconf 87' lang='lat' dir='ltr'><strong>cervam.</strong></span> <span class='ocrx_word' id='word_1_762' title='bbox 580 2853 594 2883; x_wconf 67' lang='grc' dir='ltr'><strong>»ἱ</strong></span> <span class='ocrx_word' id='word_1_763' title='bbox 619 2853 774 2895; x_wconf 81' lang='lat' dir='ltr'><strong>Iphigenia</strong></span> <span class='ocrx_word' id='word_1_764' title='bbox 796 2853 1029 2895; x_wconf 67' lang='lat' dir='ltr'><strong>Agamemnonis</strong></span> 
     </span>
    </p>
   </div>
   <div class='ocr_carea' id='block_1_107' title="bbox 198 2893 1031 2935">
    <p class='ocr_par' dir='ltr' id='par_1_107' title="bbox 198 2893 1031 2935">
     <span class='ocr_line' id='line_1_109' title="bbox 198 2893 1031 2935; baseline -0.001 -9"><span class='ocrx_word' id='word_1_765' title='bbox 198 2894 272 2934; x_wconf 81' lang='lat' dir='ltr'><strong>ﬁlia,</strong></span> <span class='ocrx_word' id='word_1_766' title='bbox 288 2903 356 2926; x_wconf 88' lang='lat' dir='ltr'><strong>cum</strong></span> <span class='ocrx_word' id='word_1_767' title='bbox 369 2893 471 2927; x_wconf 74' lang='lat' dir='ltr'><strong>Dianae</strong></span> <span class='ocrx_word' id='word_1_768' title='bbox 483 2894 514 2925; x_wconf 91' lang='lat' dir='ltr'><strong>in</strong></span> <span class='ocrx_word' id='word_1_769' title='bbox 529 2893 708 2926; x_wconf 77' lang='lat' dir='ltr'><strong>sacriﬁcium</strong></span> <span class='ocrx_word' id='word_1_770' title='bbox 725 2899 806 2926; x_wconf 81' lang='lat' dir='ltr'><strong>esset</strong></span> <span class='ocrx_word' id='word_1_771' title='bbox 819 2893 1031 2935; x_wconf 78' lang='lat' dir='ltr'><strong>oblata,Diana</strong></span> 
     </span>
    </p>
   </div>
   <div class='ocr_carea' id='block_1_108' title="bbox 1066 2268 1900 2310">
    <p class='ocr_par' dir='ltr' id='par_1_108' title="bbox 1066 2268 1900 2310">
     <span class='ocr_line' id='line_1_110' title="bbox 1066 2268 1900 2310; baseline -0.001 -12"><span class='ocrx_word' id='word_1_772' title='bbox 1066 2270 1097 2298; x_wconf 78' lang='grc' dir='ltr'><strong>τὸ</strong></span> <span class='ocrx_word' id='word_1_773' title='bbox 1113 2272 1163 2304; x_wconf 80' lang='grc' dir='ltr'><strong>τῆς</strong></span> <span class='ocrx_word' id='word_1_774' title='bbox 1179 2269 1276 2308; x_wconf 80' lang='grc' dir='ltr'>ἀρετῆς</span> <span class='ocrx_word' id='word_1_775' title='bbox 1292 2270 1433 2310; x_wconf 79' lang='grc' dir='ltr'>ὅμότιμον,</span> <span class='ocrx_word' id='word_1_776' title='bbox 1454 2269 1468 2304; x_wconf 74' lang='grc' dir='ltr'>ἥ</span> <span class='ocrx_word' id='word_1_777' title='bbox 1484 2271 1528 2298; x_wconf 83' lang='grc' dir='ltr'><strong>καὶ</strong></span> <span class='ocrx_word' id='word_1_778' title='bbox 1543 2270 1576 2298; x_wconf 81' lang='grc' dir='ltr'><strong>τὰ</strong></span> <span class='ocrx_word' id='word_1_779' title='bbox 1592 2269 1707 2307; x_wconf 84' lang='grc' dir='ltr'>σώματα</span> <span class='ocrx_word' id='word_1_780' title='bbox 1718 2268 1793 2309; x_wconf 71' lang='grc'>(84),</span> <span class='ocrx_word' id='word_1_781' title='bbox 1810 2268 1900 2297; x_wconf 83' lang='grc' dir='ltr'>πολλὰ</span> 
     </span>
    </p>
   </div>
   <div class='ocr_carea' id='block_1_109' title="bbox 1071 2325 1898 2367">
    <p class='ocr_par' dir='ltr' id='par_1_109' title="bbox 1071 2325 1898 2367">
     <span class='ocr_line' id='line_1_111' title="bbox 1071 2325 1898 2367; baseline -0.002 -9"><span class='ocrx_word' id='word_1_782' title='bbox 1071 2326 1264 2358; x_wconf 90' lang='lat' dir='ltr'><strong>miseratione</strong></span> <span class='ocrx_word' id='word_1_783' title='bbox 1286 2332 1432 2367; x_wconf 86' lang='lat' dir='ltr'><strong>permota,</strong></span> <span class='ocrx_word' id='word_1_784' title='bbox 1463 2327 1554 2367; x_wconf 88' lang='lat' dir='ltr'><strong>ipsius</strong></span> <span class='ocrx_word' id='word_1_785' title='bbox 1588 2326 1654 2357; x_wconf 92' lang='lat' dir='ltr'><strong>loco</strong></span> <span class='ocrx_word' id='word_1_786' title='bbox 1677 2335 1795 2357; x_wconf 88' lang='lat' dir='ltr'><strong>cervam</strong></span> <span class='ocrx_word' id='word_1_787' title='bbox 1825 2325 1898 2356; x_wconf 89' lang='lat' dir='ltr'><strong>sub-</strong></span> 
     </span>
    </p>
   </div>
   <div class='ocr_carea' id='block_1_110' title="bbox 1071 2366 1898 2408">
    <p class='ocr_par' dir='ltr' id='par_1_110' title="bbox 1071 2366 1898 2408">
     <span class='ocr_line' id='line_1_112' title="bbox 1071 2366 1898 2408; baseline 0 -11"><span class='ocrx_word' id='word_1_788' title='bbox 1071 2367 1177 2408; x_wconf 86' lang='lat' dir='ltr'><strong>stituit.</strong></span> <span class='ocrx_word' id='word_1_789' title='bbox 1191 2366 1261 2404; x_wconf 62' lang='lat' dir='ltr'><strong>Quae</strong></span> <span class='ocrx_word' id='word_1_790' title='bbox 1278 2366 1380 2408; x_wconf 84' lang='lat' dir='ltr'><strong>postea</strong></span> <span class='ocrx_word' id='word_1_791' title='bbox 1393 2366 1495 2399; x_wconf 61' lang='lat' dir='ltr'><strong>Dianae</strong></span> <span class='ocrx_word' id='word_1_792' title='bbox 1510 2366 1651 2398; x_wconf 88' lang='lat' dir='ltr'><strong>sacerdos</strong></span> <span class='ocrx_word' id='word_1_793' title='bbox 1661 2367 1752 2408; x_wconf 65' lang='lat' dir='ltr'><strong>facta.</strong></span> <span class='ocrx_word' id='word_1_794' title='bbox 1771 2366 1898 2408; x_wconf 78' lang='lat' dir='ltr'><strong>hospiti-</strong></span> 
     </span>
    </p>
   </div>
   <div class='ocr_carea' id='block_1_111' title="bbox 1071 2407 1899 2478">
    <p class='ocr_par' dir='ltr' id='par_1_111' title="bbox 1071 2407 1899 2478">
     <span class='ocr_line' id='line_1_113' title="bbox 1071 2407 1899 2478; baseline -0.002 -39"><span class='ocrx_word' id='word_1_795' title='bbox 1071 2407 1128 2478; x_wconf 53' lang='lat' dir='ltr'><strong>liius</strong></span> <span class='ocrx_word' id='word_1_796' title='bbox 1142 2417 1247 2439; x_wconf 91' lang='lat' dir='ltr'><strong>manus</strong></span> <span class='ocrx_word' id='word_1_797' title='bbox 1262 2407 1383 2449; x_wconf 81' lang='lat' dir='ltr'><strong>inferre,</strong></span> <span class='ocrx_word' id='word_1_798' title='bbox 1398 2408 1597 2448; x_wconf 88' lang='lat' dir='ltr'><strong>hominesque</strong></span> <span class='ocrx_word' id='word_1_799' title='bbox 1613 2407 1668 2447; x_wconf 90' lang='lat' dir='ltr'><strong>ipsi</strong></span> <span class='ocrx_word' id='word_1_800' title='bbox 1682 2407 1839 2438; x_wconf 87' lang='lat' dir='ltr'><strong>immolare</strong></span> <span class='ocrx_word' id='word_1_801' title='bbox 1850 2407 1899 2437; x_wconf 89' lang='lat' dir='ltr'><strong>di-</strong></span> 
     </span>
     <span class='ocr_line' id='line_1_114' title="bbox 1071 2452 1154 2478; baseline 0 0"><span class='ocrx_word' id='word_1_802' title='bbox 1071 2459 1078 2478; x_wconf 88' lang='lat' dir='ltr'><strong>t</strong></span> <span class='ocrx_word' id='word_1_803' title='bbox 1090 2452 1154 2478; x_wconf 78' lang='lat' dir='ltr'><strong>lett.</strong></span> 
     </span>
    </p>
   </div>
   <div class='ocr_carea' id='block_1_112' title="bbox 1070 2452 1154 2479">
    <p class='ocr_par' dir='ltr' id='par_1_112' title="bbox 1070 2452 1154 2479">
     <span class='ocr_line' id='line_1_115' title="bbox 1070 2452 1154 2479; baseline 0.012 -1"><span class='ocrx_word' id='word_1_804' title='bbox 1070 2452 1154 2479; x_wconf 86' lang='lat' dir='ltr'><strong>dicit.</strong></span> 
     </span>
    </p>
   </div>
   <div class='ocr_carea' id='block_1_113' title="bbox 1111 2486 1898 2529">
    <p class='ocr_par' dir='ltr' id='par_1_113' title="bbox 1111 2486 1898 2529">
     <span class='ocr_line' id='line_1_116' title="bbox 1111 2486 1898 2529; baseline -0.003 -10"><span class='ocrx_word' id='word_1_805' title='bbox 1111 2489 1171 2529; x_wconf 88' lang='grc'><strong>(78)</strong></span> <span class='ocrx_word' id='word_1_806' title='bbox 1189 2490 1225 2518; x_wconf 82' lang='grc' dir='ltr'>Τὸ</span> <span class='ocrx_word' id='word_1_807' title='bbox 1249 2490 1446 2529; x_wconf 70' lang='grc' dir='ltr'>ἱστορούμενον.</span> <span class='ocrx_word' id='word_1_808' title='bbox 1473 2489 1522 2520; x_wconf 90' lang='lat' dir='ltr'><strong>Sic</strong></span> <span class='ocrx_word' id='word_1_809' title='bbox 1546 2488 1637 2528; x_wconf 79' lang='lat' dir='ltr'><strong>Regg.</strong></span> <span class='ocrx_word' id='word_1_810' title='bbox 1662 2497 1690 2529; x_wconf 75' lang='grc' dir='ltr'><strong>ἃ,</strong></span> <span class='ocrx_word' id='word_1_811' title='bbox 1718 2497 1745 2527; x_wconf 87' lang='lat' dir='ltr'><strong>c,</strong></span> <span class='ocrx_word' id='word_1_812' title='bbox 1772 2487 1802 2528; x_wconf 88' lang='lat' dir='ltr'><strong>d,</strong></span> <span class='ocrx_word' id='word_1_813' title='bbox 1836 2486 1898 2528; x_wconf 86' lang='lat' dir='ltr'><strong>bm,</strong></span> 
     </span>
    </p>
   </div>
   <div class='ocr_carea' id='block_1_114' title="bbox 1072 2529 1512 2570">
    <p class='ocr_par' dir='ltr' id='par_1_114' title="bbox 1072 2529 1512 2570">
     <span class='ocr_line' id='line_1_117' title="bbox 1072 2529 1512 2570; baseline 0.002 -10"><span class='ocrx_word' id='word_1_814' title='bbox 1072 2529 1112 2570; x_wconf 93' lang='lat' dir='ltr'><strong>ph</strong></span> <span class='ocrx_word' id='word_1_815' title='bbox 1129 2533 1159 2559; x_wconf 89' lang='lat' dir='ltr'><strong>et</strong></span> <span class='ocrx_word' id='word_1_816' title='bbox 1174 2530 1255 2561; x_wconf 88' lang='lat' dir='ltr'><strong>Pass.</strong></span> <span class='ocrx_word' id='word_1_817' title='bbox 1273 2529 1362 2570; x_wconf 81' lang='lat' dir='ltr'><strong>Deest</strong></span> <span class='ocrx_word' id='word_1_818' title='bbox 1375 2529 1404 2558; x_wconf 82' lang='grc' dir='ltr'><strong>τό</strong></span> <span class='ocrx_word' id='word_1_819' title='bbox 1420 2529 1449 2559; x_wconf 93' lang='lat' dir='ltr'><strong>in</strong></span> <span class='ocrx_word' id='word_1_820' title='bbox 1463 2529 1512 2561; x_wconf 88' lang='lat' dir='ltr'><strong>ed.</strong></span> 
     </span>
    </p>
   </div>
   <div class='ocr_carea' id='block_1_115' title="bbox 1113 2567 1902 2610">
    <p class='ocr_par' dir='ltr' id='par_1_115' title="bbox 1113 2567 1902 2610">
     <span class='ocr_line' id='line_1_118' title="bbox 1113 2567 1902 2610; baseline -0.004 -9"><span class='ocrx_word' id='word_1_821' title='bbox 1113 2570 1175 2609; x_wconf 87' lang='lat'><strong>(79)</strong></span> <span class='ocrx_word' id='word_1_822' title='bbox 1192 2570 1223 2599; x_wconf 92' lang='grc' dir='ltr'>Ὀ</span> <span class='ocrx_word' id='word_1_823' title='bbox 1235 2570 1310 2608; x_wconf 76' lang='grc' dir='ltr'>ἐμός.</span> <span class='ocrx_word' id='word_1_824' title='bbox 1325 2569 1375 2601; x_wconf 85' lang='lat' dir='ltr'><strong>Sic</strong></span> <span class='ocrx_word' id='word_1_825' title='bbox 1391 2571 1465 2610; x_wconf 76' lang='lat' dir='ltr'><strong>lleg.</strong></span> <span class='ocrx_word' id='word_1_826' title='bbox 1482 2578 1510 2608; x_wconf 87' lang='lat' dir='ltr'><strong>a,</strong></span> <span class='ocrx_word' id='word_1_827' title='bbox 1525 2579 1552 2600; x_wconf 92' lang='lat' dir='ltr'><strong>c.</strong></span> <span class='ocrx_word' id='word_1_828' title='bbox 1571 2569 1600 2608; x_wconf 87' lang='lat' dir='ltr'><strong>d,</strong></span> <span class='ocrx_word' id='word_1_829' title='bbox 1619 2568 1682 2606; x_wconf 89' lang='lat' dir='ltr'><strong>bm,</strong></span> <span class='ocrx_word' id='word_1_830' title='bbox 1700 2568 1749 2609; x_wconf 93' lang='lat' dir='ltr'><strong>ph.</strong></span> <span class='ocrx_word' id='word_1_831' title='bbox 1771 2567 1821 2600; x_wconf 86' lang='lat' dir='ltr'><strong>0r.</strong></span> <span class='ocrx_word' id='word_1_832' title='bbox 1839 2570 1857 2598; x_wconf 84' lang='lat'><strong>2</strong></span> <span class='ocrx_word' id='word_1_833' title='bbox 1872 2572 1902 2598; x_wconf 86' lang='lat' dir='ltr'><strong>et</strong></span> 
     </span>
    </p>
   </div>
   <div class='ocr_carea' id='block_1_116' title="bbox 1069 2609 1388 2641">
    <p class='ocr_par' dir='ltr' id='par_1_116' title="bbox 1069 2609 1388 2641">
     <span class='ocr_line' id='line_1_119' title="bbox 1069 2609 1388 2641; baseline -0.003 -1"><span class='ocrx_word' id='word_1_834' title='bbox 1069 2609 1151 2641; x_wconf 87' lang='lat' dir='ltr'><strong>Pass.</strong></span> <span class='ocrx_word' id='word_1_835' title='bbox 1170 2611 1260 2641; x_wconf 89' lang='lat' dir='ltr'><strong>Deest</strong></span> <span class='ocrx_word' id='word_1_836' title='bbox 1273 2612 1286 2639; x_wconf 81' lang='grc' dir='ltr'>δ</span> <span class='ocrx_word' id='word_1_837' title='bbox 1298 2611 1327 2641; x_wconf 93' lang='lat' dir='ltr'><strong>in</strong></span> <span class='ocrx_word' id='word_1_838' title='bbox 1340 2611 1388 2641; x_wconf 92' lang='lat' dir='ltr'><strong>ed.</strong></span> 
     </span>
    </p>
   </div>
   <div class='ocr_carea' id='block_1_117' title="bbox 1114 2647 1899 2691">
    <p class='ocr_par' dir='ltr' id='par_1_117' title="bbox 1114 2647 1899 2691">
     <span class='ocr_line' id='line_1_120' title="bbox 1114 2647 1899 2691; baseline -0.004 -10"><span class='ocrx_word' id='word_1_839' title='bbox 1114 2650 1177 2690; x_wconf 87' lang='lat'><strong>(80)</strong></span> <span class='ocrx_word' id='word_1_840' title='bbox 1193 2651 1279 2688; x_wconf 70' lang='grc' dir='ltr'>οἵων,</span> <span class='ocrx_word' id='word_1_841' title='bbox 1297 2655 1355 2682; x_wconf 87' lang='lat' dir='ltr'><strong>etc.</strong></span> <span class='ocrx_word' id='word_1_842' title='bbox 1371 2651 1440 2683; x_wconf 91' lang='lat' dir='ltr'><strong>Bill.</strong></span> <span class='ocrx_word' id='word_1_843' title='bbox 1462 2661 1468 2668; x_wconf 77' lang='grc'><em>’</em></span> <span class='ocrx_word' id='word_1_844' title='bbox 1489 2664 1499 2680; x_wconf 77' lang='grc' dir='ltr'><strong>ι</strong></span> <span class='ocrx_word' id='word_1_845' title='bbox 1519 2650 1626 2691; x_wconf 84' lang='lat' dir='ltr'><strong>quibus</strong></span> <span class='ocrx_word' id='word_1_846' title='bbox 1651 2648 1835 2691; x_wconf 85' lang='lat' dir='ltr'><strong>ornamentis</strong></span> <span class='ocrx_word' id='word_1_847' title='bbox 1862 2647 1899 2679; x_wconf 88' lang='lat' dir='ltr'><strong>ab</strong></span> 
     </span>
    </p>
   </div>
   <div class='ocr_carea' id='block_1_118' title="bbox 1073 2690 1898 2732">
    <p class='ocr_par' dir='ltr' id='par_1_118' title="bbox 1073 2690 1898 2732">
     <span class='ocr_line' id='line_1_121' title="bbox 1073 2690 1898 2732; baseline -0.001 -12"><span class='ocrx_word' id='word_1_848' title='bbox 1073 2690 1156 2732; x_wconf 89' lang='lat' dir='ltr'><strong>initio</strong></span> <span class='ocrx_word' id='word_1_849' title='bbox 1169 2690 1322 2732; x_wconf 72' lang='lat' dir='ltr'><strong>praeditus,</strong></span> <span class='ocrx_word' id='word_1_850' title='bbox 1337 2695 1366 2721; x_wconf 88' lang='lat' dir='ltr'><strong>et</strong></span> <span class='ocrx_word' id='word_1_851' title='bbox 1378 2692 1406 2722; x_wconf 93' lang='lat' dir='ltr'><strong>in</strong></span> <span class='ocrx_word' id='word_1_852' title='bbox 1419 2691 1498 2732; x_wconf 89' lang='lat' dir='ltr'><strong>quod</strong></span> <span class='ocrx_word' id='word_1_853' title='bbox 1510 2690 1661 2731; x_wconf 58' lang='lat' dir='ltr'><strong>eiemplar</strong></span> <span class='ocrx_word' id='word_1_854' title='bbox 1673 2690 1814 2729; x_wconf 85' lang='lat' dir='ltr'><strong>intuens,,</strong></span> <span class='ocrx_word' id='word_1_855' title='bbox 1825 2694 1898 2719; x_wconf 66' lang='lat' dir='ltr'><strong>ietc.</strong></span> 
     </span>
    </p>
   </div>
   <div class='ocr_carea' id='block_1_119' title="bbox 1127 2731 1763 2771">
    <p class='ocr_par' dir='ltr' id='par_1_119' title="bbox 1127 2731 1763 2771">
     <span class='ocr_line' id='line_1_122' title="bbox 1127 2731 1763 2771; baseline -0.008 -9"><span class='ocrx_word' id='word_1_856' title='bbox 1127 2731 1177 2771; x_wconf 82' lang='grc'><strong>81)</strong></span> <span class='ocrx_word' id='word_1_857' title='bbox 1196 2731 1493 2771; x_wconf 58' lang='grc' dir='ltr'>ἰ’ρερηιόντισενίοιε.</span> <span class='ocrx_word' id='word_1_858' title='bbox 1511 2733 1541 2770; x_wconf 71' lang='grc'><strong>2,</strong></span> <span class='ocrx_word' id='word_1_859' title='bbox 1557 2733 1763 2770; x_wconf 74' lang='grc' dir='ltr'>ὑπερκοντησεν.</span> 
     </span>
    </p>
   </div>
   <div class='ocr_carea' id='block_1_120' title="bbox 1126 2771 1648 2812">
    <p class='ocr_par' dir='ltr' id='par_1_120' title="bbox 1126 2771 1648 2812">
     <span class='ocr_line' id='line_1_123' title="bbox 1126 2771 1648 2812; baseline -0.004 -10"><span class='ocrx_word' id='word_1_860' title='bbox 1126 2771 1179 2812; x_wconf 71' lang='grc'><strong>82)</strong></span> <span class='ocrx_word' id='word_1_861' title='bbox 1193 2773 1361 2811; x_wconf 82' lang='grc' dir='ltr'>Προσθεϊναι.</span> <span class='ocrx_word' id='word_1_862' title='bbox 1375 2771 1428 2804; x_wconf 85' lang='grc' dir='ltr'><strong>ΟΓ.</strong></span> <span class='ocrx_word' id='word_1_863' title='bbox 1444 2772 1474 2809; x_wconf 73' lang='grc'><strong>2,</strong></span> <span class='ocrx_word' id='word_1_864' title='bbox 1491 2774 1648 2812; x_wconf 75' lang='grc' dir='ltr'>προσθῆνιι.</span> 
     </span>
    </p>
   </div>
   <div class='ocr_carea' id='block_1_121' title="bbox 1122 2812 1661 2884">
    <p class='ocr_par' dir='ltr' id='par_1_121' title="bbox 1122 2812 1661 2884">
     <span class='ocr_line' id='line_1_124' title="bbox 1122 2812 1661 2884; baseline -0.002 -41"><span class='ocrx_word' id='word_1_865' title='bbox 1122 2812 1178 2884; x_wconf 54' lang='grc' dir='ltr'><strong>ξὸὂξ</strong></span> <span class='ocrx_word' id='word_1_866' title='bbox 1198 2812 1332 2851; x_wconf 76' lang='grc' dir='ltr'>Καθάπερ.</span> <span class='ocrx_word' id='word_1_867' title='bbox 1357 2814 1391 2843; x_wconf 91' lang='lat' dir='ltr'><strong>In</strong></span> <span class='ocrx_word' id='word_1_868' title='bbox 1406 2812 1598 2853; x_wconf 87' lang='lat' dir='ltr'><strong>quibusdam,</strong></span> <span class='ocrx_word' id='word_1_869' title='bbox 1613 2812 1661 2843; x_wconf 85' lang='grc' dir='ltr'>ὡς.</span> 
     </span>
     <span class='ocr_line' id='line_1_125' title="bbox 1122 2850 1661 2884; baseline 0.002 -4"><span class='ocrx_word' id='word_1_870' title='bbox 1122 2851 1160 2884; x_wconf 81' lang='grc'><strong>84</strong></span> <span class='ocrx_word' id='word_1_871' title='bbox 1200 2850 1242 2880; x_wconf 77' lang='grc' dir='ltr'><strong><em>’Ἠ</em></strong></span> <span class='ocrx_word' id='word_1_872' title='bbox 1270 2853 1314 2880; x_wconf 79' lang='grc' dir='ltr'><strong>καὶ</strong></span> <span class='ocrx_word' id='word_1_873' title='bbox 1338 2854 1371 2880; x_wconf 83' lang='grc' dir='ltr'><strong>τὰ</strong></span> <span class='ocrx_word' id='word_1_874' title='bbox 1403 2855 1526 2884; x_wconf 77' lang='grc' dir='ltr'>σώματα.</span> <span class='ocrx_word' id='word_1_875' title='bbox 1552 2852 1584 2884; x_wconf 91' lang='lat' dir='ltr'><strong>In</strong></span> <span class='ocrx_word' id='word_1_876' title='bbox 1611 2859 1661 2883; x_wconf 78' lang='lat' dir='ltr'><strong>nox</strong></span> 
     </span>
    </p>
   </div>
   <div class='ocr_carea' id='block_1_122' title="bbox 1200 2850 1899 2892">
    <p class='ocr_par' dir='ltr' id='par_1_122' title="bbox 1200 2850 1899 2892">
     <span class='ocr_line' id='line_1_126' title="bbox 1200 2850 1899 2892; baseline -0.001 -12"><span class='ocrx_word' id='word_1_877' title='bbox 1200 2850 1242 2880; x_wconf 79' lang='grc' dir='ltr'><strong><em>’Ἠ</em></strong></span> <span class='ocrx_word' id='word_1_878' title='bbox 1270 2850 1314 2880; x_wconf 77' lang='grc' dir='ltr'><strong>καὶ</strong></span> <span class='ocrx_word' id='word_1_879' title='bbox 1338 2854 1371 2880; x_wconf 83' lang='grc' dir='ltr'><strong>τὰ</strong></span> <span class='ocrx_word' id='word_1_880' title='bbox 1403 2850 1526 2891; x_wconf 50' lang='lat' dir='ltr'><strong>coitum.</strong></span> <span class='ocrx_word' id='word_1_881' title='bbox 1552 2852 1584 2884; x_wconf 90' lang='lat' dir='ltr'><strong>In</strong></span> <span class='ocrx_word' id='word_1_882' title='bbox 1611 2850 1774 2892; x_wconf 80' lang='lat' dir='ltr'><strong>nonnullis,</strong></span> <span class='ocrx_word' id='word_1_883' title='bbox 1799 2851 1817 2883; x_wconf 65' lang='grc' dir='ltr'>ἢ</span> <span class='ocrx_word' id='word_1_884' title='bbox 1833 2852 1899 2880; x_wconf 62' lang='lat' dir='ltr'><strong>uti.</strong></span> 
     </span>
    </p>
   </div>
   <div class='ocr_carea' id='block_1_123' title="bbox 1072 2893 1197 2932">
    <p class='ocr_par' dir='ltr' id='par_1_123' title="bbox 1072 2893 1197 2932">
     <span class='ocr_line' id='line_1_127' title="bbox 1072 2893 1197 2932; baseline 0 -11"><span class='ocrx_word' id='word_1_885' title='bbox 1072 2893 1184 2932; x_wconf 82' lang='grc' dir='ltr'>σώματα</span> <span class='ocrx_word' id='word_1_886' title='bbox 1189 2915 1197 2924; x_wconf 89' lang='grc'><strong><em>.</em></strong></span> 
     </span>
    </p>
   </div>
  </div>
