4150 6394
273 293 393 357 505

1089 295 1372 360 ORATIO
1415 296 1631 358 XLIII.
1682 330 1758 340 -——
1799 298 1881 361 IN
1930 297 2240 362 LAUDEM
2289 300 2563 366 BASILII
2610 304 2885 367 MAGNI.

3552 307 3671 372 506

268 433 371 514 μὲν
426 430 515 489 καὶ
581 428 739 523 ἄλλα-
788 430 1149 523 γνωρίσματα,
1236 434 1657 523 πτωχοτροφίαι,
1710 433 1919 501 ξενοδο-

2012 432 2194 496 multa
2223 453 2466 516 quoque
2495 438 2610 500 alia
2640 438 2894 519 insignia
2924 447 3085 521 sunt,
3119 439 3667 523 nimirum,paupe-

268 523 411 605 χίαι,
458 524 644 600 ψυχῆς
675 520 924 598 κάθαρσις
968 518 1020 586 ἐξ
1070 522 1407 601 ἱγκρατείας,
1465 521 1742 598 ἀπόμοιρα
1787 524 1929 592 κτή-

270 634 408 676 σεως
469 617 584 685 Θεῷ
644 610 1052 688 καθιερωθείσης
1107 616 1352 690 (πρᾶγμα
1423 610 1573 668 οὸπω
1615 612 1736 669 τότε
1786 611 1928 669 πολ-

272 703 393 768 λοῖς
448 698 895 776 σπουδαζόμενον,
961 700 1140 777 ὥσπερ
1184 707 1272 756 νῦν
1303 698 1523 767 αὐξηθέν
1551 723 1609 758 τε
1639 704 1727 758 καὶ
1754 725 1928 777 τιμη-

275 794 363 850 θὲν
421 792 483 848 ἑκ
538 796 647 847 τῶν
699 790 924 868 πρώτων
952 788 1356 870 ὑποδειγμάτων
1388 790 1550 872 [85]),
1580 793 1647 848 τά
1677 814 1734 849 τε
1764 791 1925 869 ἄλλα,

281 880 381 939 ὅσα
436 881 623 955 Πόντῳ
653 879 779 959 (86)
829 885 916 938 καὶ
961 878 1339 945 Καππαδόκαις
1394 882 1768 959 μερισαμένοις
1823 882 1929 961 ἣρ-

276 994 400 1030 κεσε
456 970 669 1028 πολλῶν
740 970 976 1048 πληροῦν
1010 969 1195 1033 ἀκοάς·
1244 970 1363 1048 ἐμοὶ
1390 970 1444 1027 δὲ
1501 973 1751 1050 μέγιστον
1782 971 1930 1029 δοκεῖ

275 1064 364 1119 καὶ
428 1061 873 1142 περιφανέστατον
926 1064 961 1131 ἡ
1020 1061 1278 1124 εὐτεκνία,
1314 1064 1443 1126 Τοὺς
1472 1063 1573 1141 γὰρ
1597 1064 1781 1128 αὐτοὺς
1820 1085 1926 1119 πο-

270 1149 525 1215 λύπαιδας
582 1154 671 1209 καὶ
740 1150 1117 1225 καλλίπαιδας,
1179 1156 1331 1228 μῦθοι
1374 1152 1471 1226 μὲν
1516 1150 1650 1216 ἴσως
1681 1152 1921 1233 ἔχουσιν

268 1242 407 1317 ἡμῖν
464 1241 519 1298 δὲ
576 1264 792 1306 τουτους
851 1244 886 1310 ἡ
946 1255 1110 1321 πεῖρα
1168 1241 1498 1321 παρέστησε,
1530 1243 1801 1309 τοιούτους
1826 1243 1924 1319 μὲν

268 1333 456 1397 αὐτοὺς
514 1333 826 1411 γεγονότας,
899 1333 1037 1391 ὥστε
1082 1335 1126 1389 εἰ
1183 1332 1274 1389 καί
1329 1334 1408 1408 μὴ
1460 1334 1713 1390 τοιούτων
1783 1333 1922 1401 ἦσαν

269 1421 515 1501 πατέρες,
579 1423 790 1487 ἑαυτοῖς
852 1424 926 1486 εἷς
1008 1421 1236 1488 εἰδοξίαν
1286 1422 1493 1501 ἀρκεῖν·
1554 1422 1810 1479 τοιούτων
1867 1422 1921 1479 δὲ

269 1513 565 1594 πεφηνότες
616 1512 842 1592 πατέρες
915 1512 1061 1592 (87),
1107 1514 1245 1571 ὥστε
1276 1515 1320 1570 εἰ
1350 1515 1439 1569 καὶ
1469 1514 1545 1587 μὴ
1579 1511 1706 1594 (88)
1778 1512 1924 1569 αὐτοὶ

271 1609 522 1661 τοσοῦτον
575 1602 694 1681 (89)
736 1603 874 1671 ἦσαν
958 1606 1032 1668 είς
1090 1604 1309 1682 ἀρετὴν,
1371 1604 1572 1665 πάντας
1630 1604 1923 1682 ὑπεραίρειν

270 1701 340 1773 τῇ
398 1694 654 1767 εὐτεκνίᾳ.
706 1684 849 1750 ηΕνα
894 1694 993 1770 μὲν
1023 1694 1128 1774 γὴρ
1156 1693 1193 1763 ἢ
1225 1694 1316 1751 δύο
1344 1692 1585 1771 γενέσθαι
1626 1696 1733 1749 τῶν
1762 1691 1923 1749 ἐπαι-

2010 541 2140 585 rum
2170 524 2549 605 alendorum,
2597 537 2778 611 atque
2820 531 3118 611 hospitum
3177 530 3663 611 excipiendorum

2012 613 2295 697 studium,
2328 618 2543 679 animae
2574 619 2844 699 purgatio
2878 638 2987 700 per
3018 619 3667 694 continentiam,bono-

2011 721 2144 765 rum
2172 706 2363 785 portio
2391 709 2515 770 Deo
2547 718 2895 772 consecrata
2925 709 3086 790 (quae
3110 729 3207 772 res
3230 710 3499 773 nondum
3525 718 3665 773 tunc

2016 793 2221 855 multis
2254 796 2450 857 studio
2484 807 2633 878 erat,
2668 803 2738 863 ut
2765 818 2923 861 nunc
2980 818 3050 862 ex
3111 801 3319 881 primis
3369 800 3666 880 exemplis

2012 884 2264 947 adaucta
2294 891 2356 948 et
2386 887 2547 950 culta
2581 893 2717 966 est),
2763 890 3002 971 aliaque
3053 891 3280 970 omnia,
3328 908 3464 968 qua;
3512 894 3668 952 inter

2012 972 2263 1036 Pontum
2298 984 2357 1037 et
2386 976 2765 1057 Cappadoces
2797 980 3006 1059 divisa,
3040 980 3364 1042 multorum
3413 980 3664 1042 auribus

2012 1062 2336 1143 implendis
2368 1069 2733 1131 suffecerunt
2771 1090 2786 1147 ;
2839 1070 2984 1130 mihi
3023 1079 3217 1131 tamen
3253 1070 3573 1131 maximum
3607 1080 3666 1132 et

2010 1152 2410 1216 clarissimum
2447 1175 2579 1219 esse
2619 1158 2854 1221 videtur
2874 1159 3132 1221 felicitas
3166 1163 3224 1220 in
3254 1158 3485 1221 liberis.
3507 1162 3658 1223 Nam

2007 1243 2111 1320 qui
2135 1244 2311 1306 simul
2345 1254 2403 1307 et
2426 1247 2732 1330 multos,et
2758 1248 2975 1329 probos
3003 1258 3179 1329 atque
3202 1249 3487 1310 honestos
3508 1249 3663 1311 filios

2005 1332 2325 1395 habuerint
2355 1336 2414 1396 in
2447 1337 2661 1399 fabulis
2696 1339 2950 1401 fortasse
2973 1338 3241 1420 reperias
3277 1355 3291 1400 :
3326 1339 3436 1400 hos
3462 1348 3658 1400 autem

2006 1425 2378 1503 eXperientia
2396 1426 2525 1508 ipsa
2549 1427 2719 1489 nobis
2742 1428 3224 1509 exhibuit,utqui
3248 1428 3396 1491 tales
3417 1429 3658 1509 quidem

2010 1512 2124 1593 ipsi
2158 1514 2396 1592 fuerint,
2424 1526 2512 1599 ut,
2540 1519 2774 1580 etiamsi
2807 1518 3012 1579 talium
3039 1518 3361 1579 liberorum
3385 1526 3662 1599 parentes

2007 1604 2465 1685 haudquaquam
2500 1610 2887 1684 exstitissent,
2918 1609 3032 1670 sibi
3064 1608 3211 1688 ipsis
3232 1616 3430 1670 tamen
3462 1607 3534 1670 ad
3559 1628 3661 1670 no-

2009 1693 2186 1756 minis
2211 1696 2543 1760 claritatem
2569 1699 2851 1762 sufﬁcere
2877 1698 3214 1781 potuissent
3246 1719 3261 1779 ;
3291 1714 3528 1758 rursum
3552 1717 3661 1759 au-

271 1783 564 1864 νουμένων,
636 1780 735 1841 κᾶν
792 1790 862 1861 τῇ
913 1784 1063 1864 φύσει
1120 1782 1236 1851 δοίη
1296 1799 1400 1848 τις⁵
1435 1786 1469 1851 ἡ
1510 1781 1564 1839 δὲ
1594 1780 1681 1839 διὰ
1709 1783 1919 1839 πάντων

2012 1790 2124 1845 tem
2168 1785 2463 1866 ejusmodi
2497 1789 2652 1851 ﬁlios
2672 1788 2732 1850 in
2760 1776 2953 1851 lucem
2988 1776 3661 1868 extulerint,ut,etiam-—

270 1874 527 1953 ἀκρότης,
572 1875 736 1954 σαφὲς
766 1881 873 1931 τῶν
903 1873 1215 1953 ἀγαγόντων
1246 1874 1537 1953 ἐγκώμιον.
1578 1872 1755 1941 Δηλοῐ
1800 1871 1856 1928 δὲ
1893 1876 1922 1930 ὁ

269 1965 599 2044 μακαριστὸς
669 1968 774 2021 τῶν
818 1966 997 2043 ἱερέων
1054 1967 1287 2021 καὶτῶν
1340 1964 1612 2042 παρθένων
1676 1965 1919 2043 ἀριθμὸς,

263 2056 352 2112 καὶ
410 2059 517 2111 τῶν
571 2057 626 2111 ἒν
672 2055 851 2133 γάμῳ,
914 2052 1081 2130 μηδὲν
1135 2062 1203 2133 τῇ
1236 2056 1451 2133 συζυγίᾳ
1480 2052 1742 2132 βλαϐῆναι
1790 2052 1916 2134 (90)

263 2144 624 2222 βιασαμένων,
686 2147 819 2224 πρὸς
874 2146 971 2215 τὴν
1030 2146 1162 2213 ἵσην
1189 2151 1292 2213 τῆς
1328 2146 1521 2223 ἀρετῆς
1551 2142 1916 2220 εὖδοκίμησιν,

262 2235 402 2293 ἀλλά
458 2237 587 2313 βίων
643 2235 781 2315 (91)
806 2236 1029 2317 αἱρέσεις
1087 2235 1322 2316 μᾶλλον,
1383 2235 1419 2304 ἢ
1452 2234 1723 2298 πολιτείας
1755 2236 1920 2290 ταῦτα

264 2326 671 2402 ποιησαμένων.

2006 1873 2055 1934 si
2080 1874 2194 1954 ipsi
2222 1894 2342 1937 non
2378 1879 2782 1942 tanta'virtute
2810 1878 3304 1952 fui~sent,omnes
3340 1886 3537 1938 tamen
3560 1897 3662 1940 so-

2007 1964 2161 2027 bolis
2186 1967 2468 2032 felicitate
2518 1971 2861 2052 superaturi
2888 1979 3111 2033 essent.
3146 1971 3295 2033 Nam
3344 1988 3480 2031 cum
3508 1988 3663 2032 unus

2007 2064 2103 2116 aut
2136 2056 2252 2119 duo
2282 2077 2418 2121 cum
2454 2060 2630 2124 laude
2661 2063 2881 2137 vivunt,
2915 2061 2973 2123 id
3012 2061 3129 2123 tale
3160 2067 3275 2142 est,
3302 2067 3364 2121 ut
3428 2068 3663 2122 natura)

2002 2146 2219 2209 ascribi
2247 2157 2445 2231 queat;
2478 2160 2536 2213 at
2562 2151 2833 2234 undique
2876 2151 3137 2233 perfecta
3169 2159 3229 2213 et
3258 2150 3331 2212 ad
3362 2168 3659 2211 summum

2007 2247 2288 2317 provecta
2318 2242 2583 2303 omnium
2608 2242 2820 2325 virtus,
2855 2243 2929 2305 iis
2978 2241 3177 2322 plane,
3203 2259 3236 2301 a
3266 2240 3482 2322 quibus
3514 2239 3662 2302 editi

2007 2334 2067 2388 et
2096 2327 2332 2390 educati
2364 2340 2524 2412 sunt,
2563 2333 2857 2412 assignari
2880 2332 3084 2394 debet.
3120 2330 3288 2403 Quod
3322 2330 3563 2411 quidem
3596 2328 3667 2390 li--

270 2414 453 2497 quido
479 2415 849 2478 demonstrat
881 2415 983 2479 ille
1014 2415 1312 2478 felicitatis
1364 2414 1611 2477 nomine
1667 2411 2084 2493 prtedicandus
2129 2411 2519 2482 sacerdotum
2545 2430 2600 2483 et
2630 2411 2926 2503 virginum
2958 2438 3267 2493 numerus,
3307 2436 3656 2499 eorumque,

281 2506 381 2587 qui
409 2504 471 2594 in
498 2505 879 2566 matrimonio
909 2524 1038 2567 eam
1069 2506 1188 2567 vim
1220 2504 1335 2566 sibi
1366 2504 1791 2578 adhibuerunt,
1827 2516 1890 2565 ut
1921 2504 2072 2567 nihil
2122 2508 2550 2589 impedimento
2599 2522 2777 2594 esset,
2812 2531 2928 2594 quo
2969 2511 3166 2573 minus
3197 2528 3399 2590 parem
3437 2509 3664 2571 virtutis

276 2593 528 2676 gloriam
563 2606 1050 2675 assequerentur;
1083 2603 1261 2676 atque
1284 2594 1430 2656 illud
1456 2595 1807 2670 effecerunt,
1844 2602 1909 2657 ut
1939 2595 2066 2658 haec
2118 2615 2403 2677 generum
2453 2601 2582 2664 vita;
2637 2593 2855 2683 potius,
2906 2620 3082 2683 quam
3141 2599 3387 2661 rationis
3432 2598 3659 2661 vivendi

270 2685 599 2748 electiones
628 2692 853 2748 essent.

348 2776 417 2836 ι’.
478 2776 567 2840 Τίς
628 2777 723 2834 ούκ
776 2774 895 2833 οἶδε
926 2777 1016 2834 τὸν
1040 2777 1225 2836 τούτου
1268 2776 1493 2856 πατέρα,
1527 2774 1826 2855 Βασίλειον,
1859 2776 1920 2832 τὸ

268 2867 410 2947 μέγα
462 2866 605 2946 παρᾶ
662 2872 789 2923 πᾶσι
821 2868 1016 2942 ὄνομα,
1089 2865 1148 2932 ὅς
1193 2871 1460 2945 πατρικῆς
1491 2866 1663 2946 εηόχῆς
1701 2864 1916 2947 ἔτυχεν,

2083 2778 2164 2841 Χ.
2189 2777 2368 2841 Eccui
2399 2779 2679 2857 Basilius,
2714 2781 2919 2845 Basilii
2951 2781 3135 2843 nostri
3162 2787 3350 2861 pater,
3384 2779 3657 2857 incogni-

2006 2873 2103 2930 tus
2129 2869 2342 2943 est,vir
2373 2872 2569 2952 magni
2590 2873 2743 2954 apud
2777 2891 2988 2934 omnes
3005 2869 3403 2949 nominis,qui
3431 2868 3660 2947 paterni

258 2962 353 3016 ’ἱνα
409 2957 487 3033 μὴ
558 2955 703 3037 λέγω
760 2956 948 3033 μόνος,
1009 2956 1165 3037 εἴπερ
1216 2980 1292 3021 τις
1324 2958 1668 3037 ἀνθρώπων,
1720 2958 1919 3020 Παντὸς

2012 2958 2121 3019 voti
2152 2978 2401 3041 compos
2434 2961 2623 3023 factus
2661 2971 2771 3034 est,
2808 2962 2855 3023 si
2886 2962 3021 3043 quis
3069 2977 3335 3040 unquam
3366 2958 3547 3033 alios,
3582 2977 3657 3020 ne

264 3050 363 3128 γὰρ
408 3052 615 3127 κρατῶν
673 3047 862 3126 ἀρετῇ.
925 3050 1067 3126 παρὰ
1096 3054 1188 3104 τοῦ
1231 3046 1419 3110 παιδὸς
1450 3046 1711 3104 κωλύεται
1755 3048 1919 3123 μόθου

259 3141 322 3196 τὸ
351 3150 618 3215 πρωτεῖον
638 3135 812 3217 ἔχειν.
846 3136 936 3202 Τίς
971 3137 1263 3213 Ἐμμελίαν
1299 3135 1449 3218 (92),
1480 3140 1580 3205 τὴν
1629 3139 1760 3217 ὅπερ
1792 3136 1918 3217 ἐγέ-

263 3250 383 3285 νετο
438 3225 859 3305 προκληθεισαν,
930 3226 967 3297 ἢ
999 3228 1296 3307 γενομένην
1343 3227 1372 3284 ὅ
1430 3227 1763 3307 προεκλήθηο
1821 3227 1919 3294 τὴν

264 3319 361 3387 τῆς
420 3315 707 3393 ἐμμελείας
749 3318 917 3379 ὃντως
947 3319 1281 3398 φερώνυμον,
1328 3317 1363 3385 ἥ
1396 3318 1551 3375 τοῧτο
1594 3319 1650 3375 ἐν
1694 3316 1924 3395 γδναιξὶν

268 3408 446 3489 ὤφθη,
509 3408 563 3489 εἰ,
602 3404 685 3464 δεῖ
728 3407 1000 3481 συντόμως
1058 3410 1253 3484 εἰπεῖν,
1334 3407 1465 3485 ὅπερ
1550 3408 1605 3465 ἐν
1680 3408 1927 3488 ἀνδράσιν

266 3488 499 3563 ἐκεῖνος.
553 3488 721 3554 ’Ὠστ’
753 3496 908 3577 εἴπερ
942 3496 1042 3556 ἔδει
1074 3497 1422 3556 δουλεύσοντα
1456 3498 1585 3577 (93)
1614 3499 1824 3557 πάντως
1856 3498 1923 3577 τῇ

263 3589 411 3672 φύσει
468 3589 560 3645 τὸν
618 3597 706 3647 νῦν
763 3589 1168 3670 εὐφημούμενον
1202 3588 1331 3669 (94)
1351 3588 1645 3669 ἀνθρώποις
1676 3587 1915 3667 δοθῆναι,

256 3681 438 3759 ὣσπερ
490 3679 609 3737 τινὰ
674 3684 781 3735 τῶν
854 3678 1021 3737 πάλαι
1082 3678 1208 3760 (95)
1268 3680 1410 3755 παρὰ
1441 3687 1574 3739 Θεοῦ
1620 3677 1913 3756 δεδομένων

254 3772 327 3837 εἰς
380 3771 557 3827 κοινὸν
589 3766 806 3847 ὄφελος,
843 3770 983 3845 μήτε
1015 3767 1066 3835 ἐξ
1100 3768 1279 3828 ἄλλων
1309 3769 1511 3846 μᾶλλον
1561 3771 1831 3850 ἁρμόζειν,
1879 3770 1914 3839 ἤ

249 3861 467 3919 ἐκείνων
538 3866 724 3918 τοῦτον
782 3860 1049 3939 γενέσθαι,
1110 3862 1247 3936 μήτε
1309 3860 1529 3926 ἐκείνοις
1574 3861 1753 3940 ἑτέρου
1781 3860 1915 3936 μᾶλ-

253 3948 348 4005 λον
401 3949 439 4017 ἢ
510 3947 657 4006 τοῦδε
715 3951 978 4027 πατράσιν
1034 3950 1418 4024 όνομασθῆναι⁶
1456 3949 1585 4027 ὅπερ
1617 3949 1705 4006 οὖν
1734 3949 1912 4014 καλῶς

257 4045 443 4096 ποιοῦν
500 4039 589 4093 γαί
648 4037 991 4115 συνέδραμεν.
1045 4036 1193 4095 Ἐπεὶ
1265 4038 1319 4094 δὲ
1376 4038 1471 4101 τάς
1513 4038 1763 4116 ἀπαργάς
1810 4041 1913 4094 τῶν

257 4128 488 4186 ἐπαίνων
536 4129 685 4203 νόμῳ
738 4129 860 4200 θείῳ
899 4130 1222 4206 πειθὸμενοι,
1268 4127 1327 4191 ὅς
1372 4127 1598 4205 πατράσι
1656 4126 1788 4206 (96)
1814 4149 1910 4183 κε-

2004 3046 2198 3109 dicam
2231 3050 2574 3115 solus?Cum
2602 3053 2754 3113 enim
2791 3052 3054 3133 reliquos
3087 3067 3296 3112 omnes
3329 3049 3537 3109 virtute
3564 3066 3659 3110 su-

2007 3139 2289 3214 perarit,a
2312 3141 2438 3202 solo
2464 3141 2586 3202 tilio
2622 3142 2840 3222 primas
2859 3142 3133 3203 obtinere
3165 3137 3659 3220 prohibetur.Ec—

2007 3227 2101 3289 cui
2133 3230 2267 3288 777
2293 3229 2605 3311 Emmelia,
2633 3250 2764 3313 quae
2785 3231 2840 3292 id
2861 3231 3025 3311 prius
3048 3228 3351 3309 appellata
3381 3226 3657 3307 est,quod

2014 3325 2215 3397 postea
2246 3319 2379 3396 fuit;
2408 3328 2507 3381 aut
2536 3320 2591 3381 id
2630 3321 2760 3401 fuit,
2794 3321 2951 3401 quod
2986 3320 3147 3401 prius
3170 3326 3509 3398 nuncupata
3537 3316 3662 3377 fue-

2009 3406 2254 3482 rat;illa,
2291 3410 2558 3491 inquam,
2593 3411 2803 3473 merito
2834 3410 3143 3491 ἐμμελείας,
3175 3409 3236 3469 id
3268 3416 3381 3487 est,
3409 3408 3654 3469 concin-

2008 3499 2245 3574 nitatis,
2294 3519 2512 3561 nomen
2543 3500 2770 3574 ferens,
2803 3520 2956 3581 qua},
2982 3508 3046 3560 ut
3077 3518 3195 3560 uno
3216 3497 3399 3559 verbo
3431 3496 3649 3570 dicam,

2006 3588 2119 3650 hoc
2144 3589 2303 3653 inter
2333 3593 2617 3654 mulieres
2650 3592 2954 3674 fuit.quod
2990 3591 3090 3653 ille
3111 3593 3267 3652 inter
3291 3590 3475 3663 viros;
3496 3595 3587 3670 ut,
3608 3587 3658 3648 si

2003 3679 2246 3760 quidem
2270 3683 2610 3765 eum,cujus
2629 3683 2836 3745 laudes
2854 3681 3235 3743 illustrandas
3256 3679 3653 3760 suscepimus,

1997 3770 2070 3831 ad
2102 3772 2445 3833 servitutem
2472 3786 2698 3835 natura;
2729 3772 3093 3845 obeundam,
3146 3769 3496 3831 mortalibus
3528 3768 3655 3830 dari

1998 3863 2502 3939 oporteliat,velut
2523 3863 2863 3945 quempiam
2898 3882 2965 3925 ex
2995 3862 3209 3942 priscis
3240 3860 3357 3921 illis
3382 3858 3653 3939 viris,qui

1997 3951 2070 4012 ad
2108 3951 2405 4031 publicam
2443 3953 2758 4017 utilitatem
2805 3953 3006 4015 divino
3056 3949 3351 4014 beneﬁcio
3383 3949 3654 4010 concessi

1998 4051 2159 4117 sunt,
2198 4061 2391 4123 neque
2430 4044 2568 4105 huic
2600 4064 2670 4106 ex
2702 4045 2834 4106 aliis
2870 4044 3271 4125 potius,quam
3304 4060 3371 4103 ex
3418 4040 3513 4104 bis
3564 4039 3655 4120 gi-

1998 4128 2099 4209 gni
2131 4134 2499 4205 conveniret,
2537 4150 2736 4211 neque
2754 4134 2873 4196 illis
2893 4152 3102 4195 rursus
3126 4135 3477 4215 cujusquam
3501 4131 3655 4194 alte-

265 4217 406 4275 λῑύει
465 4222 640 4272 πᾶσαν
697 4216 875 4293 νέμειν
920 4218 1109 4297 τιμὴν,
1142 4218 1263 4279 τοῖς
1292 4220 1741 4293 μνημονευθετσιν
1769 4216 1911 4273 ἀπο-

2012 4218 2119 4279 rius
2155 4221 2370 4301 potius,
2405 4241 2581 4302 quam
2617 4222 2796 4303 hujus
2847 4232 3125 4307 parentes
3162 4222 3478 4287 nominari.
3516 4222 3661 4295 Quae

262 4308 588 4384 δεδώκαμεν,
620 4308 707 4365 ὶπ’
790 4309 947 4365 αύτὸν
977 4308 1151 4383 ἴωμεν
1194 4306 1319 4388 ἤδη,
1367 4313 1617 4365 τοσοῦτοι
1649 4306 1911 4382 εἰπόντες,

2012 4309 2136 4371 duae
2167 4328 2263 4373 res
2296 4312 2720 4391 percommode
2747 4322 3209 4374 concurrerunt.
3264 4312 3655 4391 Posteaquam

262 4400 291 4457 ὅ
343 4400 432 4457 καὶ
480 4404 640 4455 πᾶσιν
698 4397 761 4454 ἂν
806 4402 963 4474 οἶμαι
994 4396 1187 4464 δόξειεν
1241 4397 1453 4465 ἀληθῶς
1506 4396 1750 4475 λέγεσθαι
1793 4412 1913 4464 τοῖς

260 4491 467 4548 ἐκεῖνον
534 4488 932 4569 ἓπισταμένοις,
965 4487 1046 4545 ὅτι
1099 4488 1270 4565 μόνης
1318 4488 1461 4564 ἡμῖν
1490 4486 1596 4544 ἔδει
1649 4492 1744 4555 τῆς
1777 4486 1914 4546 ὲκεί-

369 4611 472 4685 85)
503 4601 959 4688 ἶΥποδειγμάτων.
992 4610 1152 4680 Pas.,
1187 4608 1655 4688 παραδειγμάτων.

369 4612 472 4685 85)
504 4612 959 4688 ἰ’ποδειγμάτων.
992 4612 1152 4680 Pas.,
1187 4612 1655 4688 παραδειγμάτων.

341 4612 470 4771 ξ86)
509 4682 659 4750 ’Ὅσαι
689 4692 898 4763 Πόντῳ,
928 4697 1043 4754 etc.
1077 4690 1286 4754 Basilii
1323 4698 1601 4771 parentes
1637 4696 1753 4750 tam
1786 4690 1916 4752 exi-

261 4769 380 4837 mia
410 4772 644 4855 pietatis
680 4772 1101 4855 munificentiae
1141 4778 1200 4832 et
1253 4769 1560 4855 charitatis
1619 4771 1914 4855 exempla,

262 4863 385 4918 tum
413 4851 481 4915 in
511 4853 725 4927 Ponto,
763 4861 884 4915 tum
907 4853 1061 4933 apud
1084 4852 1469 4933 Cappadoces
1495 4851 1917 4933 praestiterant,

263 4944 330 4998 ut
358 4936 634 5014 regiones
664 4933 783 4995 illas
812 4933 888 4997 de
911 4932 1146 4997 illorum
1176 4932 1450 4995 laudibus
1474 4932 1760 4993 continuo
1785 4932 1919 5012 per-1

265 5023 574 5078 sonarent.
606 5014 774 5088 Quod
807 5014 1048 5095 quidem
1110 5022 1586 5095 monumentum,
1626 5014 1920 5095 honorifi-

266 5095 677 5159 cautissimum
710 5093 923 5175 est,_ac
955 5096 1082 5175 ipso
1107 5112 1405 5157 marmore
1438 5093 1782 5175 pretiosius.

347 5179 468 5256 (87)
542 5174 845 5257 Πεφηνᾷτες
903 5174 1147 5257 πατέρες,
1203 5177 1410 5257 Chrys.
1444 5174 1534 5236 iet
1586 5174 1780 5257 Coisl.
1856 5175 1917 5248 1,

261 5255 569 5340 πεφηνότας
612 5255 867 5340 πατέρας.
899 5255 1093 5340 {ass},
1127 5255 1429 5340 πεφυκότας
1459 5256 1714 5340 πατέρας.

339 5336 467 5417 (88)
502 5341 558 5397 Εἶ
614 5338 704 5395 καὶ
752 5340 854 5414 μή.
917 5336 1101 5418 Regg.
1156 5336 1222 5417 εί
1264 5339 1301 5401 d
1365 5344 1423 5399 et
1472 5336 1664 5411 Pass.,
1726 5338 1771 5392 εἰ
1843 5337 1922 5412 μὴ

251 5422 376 5482 καί.

332 5502 469 5582 (89)
501 5502 787 5582 Τοσρῦτον.
821 5500 1043 5582 _Chrys.
1068 5507 1141 5582 et
1168 5499 1332 5574 Par.,
1367 5499 1632 5582 ῖρσῷτοι.

489 5579 781 5662 Βλγπιδῆνπιι.
816 5578 1183 5662 Βυο’οοἰει.,
1220 5578 1653 5662 παραϐλαδῆναι.

342 5658 662 5742 (91)Ἀλλὰ
689 5662 840 5738 βίων,
870 5669 988 5725 etc.
1021 5661 1293 5725 Ostendit
1325 5661 1422 5722 hic
1453 5658 1791 5742 Gregorius
1811 5680 1911 5725 sa-

261 5741 964 5817 cerdotium,caelibatum
982 5741 1660 5823 etmatrimonium,vitm
1670 5742 1912 5823 quidem

261 5840 484 5909 genere
505 5830 563 5889 et
580 5822 849 5888 instituto
873 5824 1030 5889 inter
1041 5843 1104 5888 se
1130 5823 1529 5901 differremon
1563 5822 1706 5886 item
1720 5825 1912 5888 ratio-

1997 4408 2201 4463 autem
2235 4402 2345 4481 legi
2379 4401 2594 4463 divinae
2624 4401 3135 4481 obtemperantes,
3184 4420 3316 4481 quae
3362 4402 3651 4461 honorem

1997 4488 2235 4552 bmnem
2271 4492 2617 4574 parentibus
2647 4490 3166 4572 haberijubet,iis,
3199 4508 3454 4570 quorum
3482 4508 3655 4550 men--

2004 4630 2079 4674 ne
2109 4612 2241 4675 vita
2268 4614 2567 4692 gerendae.
2603 4613 2862 4677 Diversae
2890 4612 2998 4674 viae
3018 4621 3176 4693 sunt,
3207 4610 3425 4693 quibus
3447 4629 3656 4693 omnes

2005 4691 2337 4777 pariterad
2371 4698 2604 4758 virtutis
2630 4713 2889 4777 scopum
2912 4692 3159 4777 tendere
3191 4691 3659 4777 debent.Multo_s

2002 4774 2162 4866 enim
2188 4774 2411 4866 liberos
2440 4772 3058 4866 procreaveratBasilii
3085 4782 3532 4866 pater,quorum
3558 4772 3657 4834 alii

2003 4856 2423 4937 virginitatem,
2447 4855 2556 4919 alii
2583 4855 3028 4919 matrimonium
3056 4855 3419 4937 amplexi,ad
3454 4871 3655 4937 parem

2005 4936 2234 5019 virtutis
2256 4956 2328 5019 ac
2362 4938 2592 5019 pietatis
2615 4938 2867 5016 gloriam
2888 4935 3446 5019 _pervenerunt,’et,
3466 4943 3531 4995 ut
3563 4935 3655 5019 lo-

2004 5017 2209 5097 quitur
2232 5014 2672 5093 Tillémontius,
2706 5027 2850 5081 tom.
2886 5014 2985 5091 IX,
3020 5027 3130 5097 art.
3165 5021 3224 5090 4,
3254 5036 3396 5097 pog.
3421 5016 3520 5090 7,»
3558 5014 3656 5075 in-

2006 5096 2260 5188 terillos
2290 5100 2529 5178 generis
2559 5100 2838 5175 vitae,non
2872 5096 3199 5160 sanctitatis
3222 5096 3661 5159 discrimenex-

2005 5179 2177 5240 stitit.
2217 5202 2240 5239 ι

2087 5260 2204 5332 (92)
2248 5261 2564 5337 Ἐμμελίαν.
2600 5259 2665 5322 In
2698 5258 3023 5335 nonnullis,
3060 5257 3407 5335 Ἐμμὲλειαν.
3446 5279 3474 5311 α
3508 5259 3655 5319 Em-

2007 5341 2208 5415 melia,
2258 5368 2278 5397 ι
2325 5343 2525 5405 Basilii
2560 5349 2765 5403 mater.

2085 5421 2215 5502 (93)
2256 5424 2635 5481 Δουλεύσοντα.
2684 5420 2879 5502 Pass.,
2908 5418 3289 5502 δουλεύσαντα.

2254 5506 2686 5584 Εὐφημώμενον.
2722 5500 2870 5584 Beg.
2903 5502 2966 5581 d,
2998 5500 3400 5584 suntvobpevov.

2075 5577 2200 5661 (95)
2233 5577 2349 5643 Τῶν
2385 5577 2571 5646 seu...
2608 5582 2707 5645 Sic
2737 5577 2920 5660 Regg.
2947 5577 3004 5661 a,
3038 5599 3093 5660 c,
3125 5581 3186 5654 d,
3224 5577 3652 5661 bm,ph.Coisl.

2000 5661 2027 5722 1
2058 5659 2117 5724 et
2143 5659 2204 5736 2,
2239 5662 2340 5739 _Or.
2379 5665 2441 5739 9,
2477 5672 2594 5728 etc,
2627 5662 2693 5725 In
2726 5659 2852 5737 0d,,
2882 5659 2999 5718 τῶν
3020 5659 3264 5718 παλαιῶν
3297 5659 3488 5723 πάλαι,

2082 5743 2206 5826 (96)
2236 5737 2352 5810 "0:
2388 5737 2642 5824 πατράσι.
2678 5741 2776 5808 Sic
2832 5742 3097 5825 quinque
3151 5740 3336 5821 Regg.
3400 5742 3466 5805 In
3521 5739 3647 5819 ed.,

1998 5827 2254 5906 πατράσι,
