4150 6384
205 275 323 344 509

200 411 473 471 ἀσθένειαν
543 413 777 490 ἱκείνων,

200 502 486 580 ποιημένοι
544 504 696 585 (19).
767 505 965 563 Οὔκουν
1037 504 1357 580 ἀτιμαστέον
1427 505 1524 572 τὴν
1557 500 1854 581 παίδευσιν,

201 592 285 652 ὅτι
354 601 512 653 τοῦτο
572 594 723 651 δοκεῖ
777 613 937 651 τισιν·
987 593 1126 650 ἀλλὰ
1149 595 1366 658 σκαιούς
1397 595 1485 651 καὶ
1513 590 1858 655 ἀπαιδεύτους

201 681 536 752 δποληπτέον
610 685 730 748 τοὺς
803 683 969 748 οὕτως
1050 683 1303 765 ἔχοντας,
1363 685 1418 742 οἵ
1477 681 1736 761 βούλονιτ’
1797 679 1861 765 ἅν

199 773 438 838 ἅπαντας
495 775 639 832 εἶναι
666 771 783 831 καθ’
817 775 1059 848 ἐαυτοῦς,
1107 774 1184 830 ’ἔν’
1217 774 1271 830 ἐι
1304 780 1380 848 τῷ
1411 780 1574 847 κοινῷ
1632 773 1693 828 τὸ
1737 761 1856 827 κατ’

206 863 391 930 αὐτοὺς
450 865 769 943 κρύπτηται,
829 866 916 922 καὶ
972 865 1096 928 τοὺς
1147 870 1247 932 τῆς
1301 863 1640 928 ἀπαιδευσίας
1699 859 1858 939 ἐλέγ-

202 975 336 1033 χους
410 952 868 1032 διαδιδράσκωσιν,
931 953 1082 1012 Ἐπεὶ
1142 953 1193 1010 δὲ
1257 954 1412 1012 τοῦτο
1446 952 1738 1028 ὑπεθέμεθα
1768 950 1855 1007 καὶ

202 1041 754 1124 ἆνωμολογησάμεθα,
818 1043 966 1124 φέρε,
1031 1045 1097 1100 τὰ
1154 1034 1276 1101 κατ’
1304 1046 1460 1100 αὕτὸν
1494 1042 1620 1123 (17)
1643 1041 1855 1120 θεωρή-

202 1153 404 1207 σωμεν.

987 278 1270 344 ORATIO
1311 277 1532 342 XLIII.
1581 308 1656 323 —
1699 276 1785 341 IN
1823 274 2141 342 LAUDEM
2180 275 2456 342 BASILII
2497 280 2775 346 MAGNI.

3477 282 3596 350 510

865 413 1022 495 ἰσχὺν
1065 419 1155 473 τοῦ
1211 412 1329 471 καθ’
1373 415 1520 490 ἡμᾶς
1560 411 1722 491 λόγου
1751 431 1852 467 πε-

1947 415 2070 473 tura
2094 417 2152 472 et
2171 410 2675 492 contemplatione
2691 419 2983 488 versatur,
3007 415 3592 496 suscepimus;quid-

1942 498 2085 580 quid
2110 508 2306 561 autem
2330 501 2400 562 ad
2435 501 2764 583 daemones,
2793 512 2850 564 et
2885 522 3177 576 errorem,
3203 512 3260 567 et
3292 504 3455 566 exitii
3479 522 3593 566 vo-

1940 589 2210 668 raginem
2235 590 2419 671 ducit,
2445 592 2807 673 respuimus.
2833 592 2957 654 Imo
2988 596 3161 655 etiam
3185 593 3258 655 ab
3283 612 3354 656 eo
3384 594 3458 655 ad
3487 593 3597 657 Dei

1941 680 2162 742 cultum
2221 681 2409 761 adjuti
2456 701 2684 758 sumus,
2719 683 3001 745 nimirum
3049 702 3119 746 ex
3168 683 3475 758 deteriori,
3509 683 3594 754 id,

1942 771 2099 851 quod
2135 771 2514 851 praestantius
2549 782 2663 848 est,
2689 780 3142 853 cognoscentes,
3168 780 3344 854 atque
3379 773 3596 836 doctri-

1941 878 2078 922 nam
2152 868 2420 923 nostram
2496 862 2735 924 illorum
2796 864 3204 925 imbecillitate
3260 862 3594 925 fulcientes.

1939 948 2126 1022 Quam
2143 949 2492 1017 obrem,non
2508 953 2733 1015 idcirco
2750 953 3006 1016 eruditio
3025 953 3471 1016 contemnenda
3482 962 3592 1021 est,

1939 1038 2097 1120 quod
2132 1038 2211 1101 ita
2241 1040 2600 1119 quibusdam
2633 1043 2938 1116 videatur;
2991 1043 3135 1124 quin
3189 1043 3406 1124 potius,
3434 1043 3596 1107 stulti

1939 1139 2115 1209 atque
2147 1130 2416 1206 imperiti
2448 1131 2706 1194 habendi
2739 1144 2896 1213 sunt,
2932 1135 3031 1215 qui
3081 1134 3194 1194 hoc
3227 1133 3592 1203 existimant.

205 1220 429 1301 quique
457 1239 666 1284 omnes
696 1221 787 1286 sui
813 1221 1039 1285 similes
1069 1239 1201 1285 esse
1231 1223 1490 1302 capiant,
1517 1229 1580 1283 ut
1613 1221 1836 1302 privata
1867 1236 2073 1280 eorum
2107 1219 2343 1283 inscitia
2366 1220 2477 1282 sub
2504 1224 2810 1284 communi
2841 1223 3109 1305 deliteat,
3134 1241 3246 1285 nec
3278 1223 3593 1303 quisquam

200 1308 468 1391 ipsorum
503 1310 859 1392 imperitiam
886 1313 1098 1394 prodat
1119 1321 1179 1375 et
1197 1319 1502 1393 coarguat.
1528 1311 1653 1374 Hoc
1680 1309 1857 1390 igitur
1883 1308 2077 1391 posito
2104 1317 2280 1390 atque
2328 1329 2434 1390 pro
2468 1311 2740 1374 confesso
2765 1312 2993 1388 habito,
3026 1331 3156 1390 age,
3189 1312 3388 1374 Basilii
3419 1312 3594 1376 vitam

205 1401 700 1482 contemplemur.

283 1490 366 1548 lB'
379 1535 394 1550 .
446 1493 523 1551 Τὰ
566 1493 664 1568 μὲν
693 1493 759 1562 δὴ
791 1501 975 1572 πρῶτα
1003 1497 1103 1562 τῆς
1149 1493 1360 1564 ἡλικίας
1391 1495 1492 1552 ὑπὸ
1523 1500 1600 1568 τῷ
1630 1490 1852 1570 μεγάλῳ

202 1582 385 1662 πατρὶ,
442 1580 500 1637 ὄν
557 1583 736 1638 κοινὸν
807 1581 1094 1651 παιδευτὴν
1162 1583 1358 1662 ἀρετῆς
1403 1585 1431 1639 ὁ
1465 1583 1660 1642 Πόντος
1691 1601 1850 1645 τηνι-

200 1674 368 1728 καῦτα
428 1671 811 1752 προύϐάλλετο,
863 1681 1258 1753 σπαργανοῠται
1329 1675 1418 1729 καὶ
1474 1669 1850 1728 διαπλάττεται
1877 1728 1913 1777 Β

245 1760 294 1777 ..
453 1761 560 1777 ηρ..
663 1763 675 1777 .
798 1763 812 1777 .
863 1763 873 1777 .
1249 1766 1260 1777 .
1395 1767 1416 1777 -
1585 1762 1597 1777 .
1793 1759 1817 1777 ,ς

203 1760 388 1817 πλὲσιν
447 1761 565 1840 (18)
625 1763 721 1831 τὴν
789 1763 1008 1842 ἀρίστην
1063 1785 1121 1820 τε
1178 1766 1265 1820 καὶ
1323 1762 1726 1841 καθαρωτάτην,
1786 1759 1851 1827 ἢν

200 1852 465 1929 ἠμερινήν
515 1855 542 1908 ὁ
591 1856 737 1916 θεῖος
801 1851 956 1912 Δαϐὶδ
1014 1853 1192 1918 καλῶς
1279 1853 1552 1930 ὀνομάζει,
1613 1851 1700 1906 καὶ
1751 1855 1852 1915 της

200 1946 506 2019 νυκτερινῆς
557 1942 847 2005 ἀντίθετον,
913 1934 1042 2000 ἰ’πὸ
1097 1941 1162 2011 δη
1220 1944 1413 2016 τούτῳ,
1463 1943 1551 1998 καὶ
1606 1941 1718 2017 βίον
1767 1940 1854 1994 καὶ

198 2029 356 2109 λόγον
417 2030 891 2108 συναυξανομένους
948 2055 1006 2089 τε
1059 2036 1149 2090 καὶ
1191 2032 1538 2097 συνανιόντας
1569 2029 1852 2108 ἀλλήλοις,

197 2123 224 2176 ὁ
297 2122 596 2196 θαυμάσιος
658 2121 1048 2180 ἑκπαιδεόεται*
1137 2125 1199 2180 ού
1284 2121 1606 2180 Θετταλικόν
1658 2144 1708 2179 τι
1767 2130 1856 2184 καὶ

197 2209 365 2289 ὅρειον
438 2210 626 2291 ἄντρον
682 2215 892 2293 αὐχῶν,
945 2216 1018 2278 ὡς
1085 2217 1278 2294 ἀρετῆς
1329 2213 1701 2293 ἐργαστήριον,
1738 2209 1854 2270 οὐδὲ

195 2323 311 2357 τινα
369 2301 657 2380 Κένταυρον
716 2302 838 2382 (19)
887 2303 1117 2376 ἀλαζόδα
1175 2305 1283 2361 τῶν
1355 2303 1473 2361 κατ’
1525 2303 1680 2360 αύτὸν
1729 2300 1854 2381 (20)

195 2389 387 2467 ἡρώων
457 2388 795 2471 διδάσκαλον,
856 2391 972 2451 οὒδὶ
1001 2399 1219 2458 πτῶκας
1241 2392 1480 2470 βάλλειν,
1535 2390 1852 2470 ἤκατατρέ-

197 2504 317 2563 χειν
378 2481 597 2563 νεϐρῶν,
664 2485 694 2552 ἥ
738 2487 974 2565 θηρεύειν
1004 2486 1228 2568 ἐλάφους
1270 2487 1360 2544 ὑπ’
1393 2487 1553 2545 αύτοῦ
1603 2483 1853 2542 διδασκό-

202 2575 387 2652 μενος,
418 2572 455 2640 ἢ
485 2576 549 2631 τὰ
597 2575 866 2650 πολεμικὰ
898 2576 1178 2649 αράτιστος
1210 2578 1376 2656 εἶναι,
1410 2575 1446 2644 ἤ
1479 2574 1855 2649 πωλοδαμνεῖν

200 2662 414 2741 ἄριστα,
473 2669 551 2738 τῷ
603 2665 744 2738 αύτῷ
790 2662 960 2738 πώλῳ
1029 2666 1118 2721 καί
1145 2662 1444 2738 διδασκάλῳ
1473 2664 1780 2745 χρώμενος,
1816 2663 1851 2731 ἢ

198 2750 424 2828 μυελοῖς
455 2752 667 2834 ελάφων
725 2775 782 2811 τε
826 2755 914 2811 καὶ
975 2754 1208 2812 λεόντων
1245 2767 1364 2819 τοῖς
1395 2759 1637 2830 μυθικοῖς
1665 2756 1852 2830 ἔκτρεο

198 2841 450 2921 φάμενος·
510 2841 648 2899 ἀλλὰ
707 2845 806 2911 τὴν
878 2843 1152 2922 ἐγκύκλιον
1207 2843 1474 2903 παίδετσιν
1530 2842 1855 2917 παιδευόμε-

198 2953 308 2996 νος,
367 2933 454 2989 καὶ
509 2931 807 2991 θεοσέϐειαν
894 2933 1305 3015 ἐξασκούμενος,

2014 1486 2140 1553 XII.
2177 1488 2376 1551 Prima
2399 1490 2578 1569 igitur
2608 1499 2776 1554 aetate
2804 1492 2914 1554 sub
2949 1509 3164 1569 magno
3198 1497 3390 1570 patre,
3415 1509 3592 1570 quem

1934 1597 2316 1641 communem
2341 1580 2576 1641 virtutis
2601 1581 2950 1658 magistrum
2983 1600 3054 1642 eo
3079 1588 3348 1660 tempore
3374 1578 3597 1640 Pontus

1937 1667 2334 1748 proponebat,
2370 1669 2532 1731 velut
2560 1671 2760 1732 fasciis
2794 1671 3132 1750 involvitur,
3166 1677 3342 1749 atque
3374 1668 3598 1748 Optimo

1936 1761 2036 1823 illo
2071 1761 2511 1841 purissimaque
2543 1764 2846 1844 figmento,
2884 1763 3040 1845 quod
3087 1763 3278 1825 David
3313 1762 3595 1823 diurnum

1940 1851 2189 1932 pulchre
2215 1862 2383 1913 vocat
2412 1851 2487 1928 99,
2522 1859 2939 1934 nocturnoque
2985 1857 3322 1934 oppositum
3357 1851 3599 1931 efﬁngi-

1940 1950 2058 2003 tur.
2084 1939 2207 2003 Sub
2226 1941 2337 2002 hoc
2363 1941 2561 2019 igitur,
2587 1943 2780 2004 etvita
2810 1942 3012 2023 simul,
3038 1951 3096 2003 et
3117 1959 3399 2003 sermone
3432 1942 3597 2020 pari-

1941 2038 2029 2090 ter
2060 2030 2545 2109 augescentibus,
2579 2040 2757 2112 atque
2789 2032 2849 2093 in
2885 2032 3067 2093 altum
3121 2028 3595 2109 assurgentibus,

1939 2122 2214 2198 egregius
2236 2119 2590 2182 adolescens
2609 2121 2884 2183 eruditur
2910 2142 2925 2202 ;
2957 2139 3076 2182 non
3101 2118 3510 2182 Thessalicum
3537 2125 3595 2180 et

1944 2218 2289 2271 montanum
2332 2212 2470 2271 779
2511 2211 2812 2291 quoddam
2863 2219 3124 2285 antrum,
3151 2212 3316 2290 quasi
3370 2208 3599 2269 virtutis

1941 2299 2207 2360 scholam
2269 2308 2328 2361 et
2386 2300 2709 2381 ofﬁcinam,
2756 2301 3013 2380 jactans,
3057 2318 3169 2361 nec
3222 2306 3599 2377 arrogantem

1941 2390 2260 2469 quemdam
2293 2388 2680 2467 Centaurum,
2719 2391 2966 2452 heroum
3001 2391 3094 2452 sui
3125 2389 3410 2469 temporis
3442 2406 3599 2468 prai-

1940 2486 2269 2560 ceptorem,
2308 2497 2419 2540 nec
2451 2479 2525 2541 ab
2557 2499 2628 2542 eo
2661 2490 2850 2542 artem
2903 2479 3178 2561 percipit,
3213 2497 3329 2560 qua
3362 2478 3602 2559 lepores

1938 2567 2166 2647 sagittis
2220 2569 2499 2650 conligat,
2532 2570 2621 2632 vel
2675 2570 2956 2632 hinnulos
3000 2589 3177 2632 cursu
3227 2569 3598 2648 insequatur,

1936 2658 2032 2719 vel
2071 2675 2278 2720 cervos
2309 2667 2578 2740 venetur,
2613 2660 2703 2721 vel
2739 2660 2801 2721 in
2832 2659 3015 2723 rebus
3044 2657 3278 2721 bellicis
3323 2656 3597 2732 excellat,

1937 2748 2029 2810 vel
2049 2747 2278 2810 feroces
2295 2767 2482 2827 equos
2506 2749 2732 2829 optime
2755 2750 2976 2822 domet,
3003 2749 3215 2812 eodem
3240 2746 3517 2808 videlicet
3540 2754 3602 2807 et

1939 2856 2094 2913 equo
2121 2846 2294 2900 utens
2318 2847 2376 2900 et
2400 2839 2706 2920 magistro,
2735 2857 2847 2901 nec
2871 2837 3159 2900 labulosis
3183 2853 3498 2898 cervorum
3526 2852 3597 2896 ac

1396 2936 1506 3010 καὶ,
1588 2934 1853 2991 συνελόντι

1947 2927 2179 2988 leonum
2207 2927 2489 2992 medullis
2514 2928 2775 2992 nutritur
2795 2927 2930 3006 ;sed
2955 2927 3236 2988 liberales
3252 2933 3408 2988 artes
3425 2923 3602 2986 doce-

195 3022 380 3101 φάναι,
442 3024 572 3101 πρὸς
621 3025 719 3091 τὴν
780 3023 1078 3100 μέλλουσαν
1121 3000 1452 3094 ’τελειύτητα
1494 3022 1579 3081 διὰ
1634 3024 1740 3080 τῶν
1802 3021 1853 3088 ἐξ

1947 3023 2056 3091 tur,
2083 3025 2263 3098 atque
2283 3018 2359 3079 ad
2386 3018 2496 3080 Dei
2520 3018 2744 3080 cultum
2772 3000 3084 3093 excolitur,
3111 3026 3194 3092 et,
3217 3024 3280 3078 ut
3310 3034 3430 3077 uno
3465 3030 3592 3075 vel"

199 3111 376 3190 ἀρχῆς
432 3113 765 3187 μαθημάτων
796 3113 1083 3192 ἀγόμενος.
1120 3116 1180 3173 Οἱ
1226 3114 1320 3188 μέν
1364 3116 1488 3193 γὰρ,
1522 3114 1557 3182 ἢ
1589 3115 1701 3190 βίον
1751 3112 1857 3188 μό-

200 3222 289 3256 νον
319 3201 471 3280 (21),
507 3201 543 3270 ἢ
574 3201 732 3279 λόγον
775 3208 1207 3282 κατωρθωκότες,
1252 3213 1327 3281 τῷ
1357 3203 1520 3282 ἕτέρῳ
1549 3203 1602 3260 δὲ
1635 3203 1854 3260 λείπον-

198 3311 312 3368 τες,
374 3288 522 3348 οὒδὲν
582 3293 688 3346 τῶν
744 3294 1152 3372 ἑτεροφθάλμων
1212 3295 1332 3370 ἐμοὶ
1362 3293 1542 3352 δοκεῖν
1579 3292 1702 3374 (22)
1735 3291 1850 3350 δια·

197 3379 464 3460 φέρουσιν,
530 3385 614 3445 οἷς
646 3381 858 3460 μεγάλη
914 3378 1016 3457 ’μὲν
1072 3386 1106 3452 ἡ
1189 3385 1377 3464 ζημία,
1452 3391 1640 3457 μεῖζον
1694 3381 1747 3438 δὲ
1791 3385 1852 3438 τὸ

197 3469 404 3549 αἶσχος
468 3472 630 3548 ὁρῶσι
692 3473 781 3528 καὶ
837 3473 1154 3549 ὁρωμένοις,
1189 3479 1289 3537 Οἷς
1345 3474 1398 3531 δὲ
1432 3473 1554 3532 κατ’
1582 3473 1854 3552 ἀμφότερα

195 3557 498 3635 εὐδοκιμεῖν
553 3561 812 3641 ὑπάρχει,
878 3565 966 3620 καὶ
1048 3577 1189 3621 εῖναι
1251 3563 1582 3643 περιδεξίοις,
1645 3564 1853 3628 τούτοις

193 3651 284 3706 καὶ
345 3651 407 3706 τὸ
465 3664 606 3708 εῖναι
670 3648 793 3732 (ἳ3)
852 3652 1098 3734 τελείοις,
1161 3657 1249 3712 καὶ
1311 3656 1565 3732 βιοτεύειν
1597 3655 1732 3729 μετὰ
1753 3659 1852 3721 τῆς

194 3737 399 3797 ἐκεῖθεν
448 3742 869 3819 μακαριότητος,
937 3735 1124 3825 ’Ὅπερ
1157 3746 1246 3804 οὖν
1279 3745 1462 3819 ἐκείνῳ
1519 3742 1854 3820 συμϐέϐηκεν

193 3829 251 3884 εὖ
311 3833 493 3887 ποιοῦν
549 3830 673 3910 (24)
734 3832 944 3891 οἴκοθεν
995 3834 1180 3914 ἔχοντι
1212 3842 1310 3904 τῆς
1340 3837 1531 3916 ἀρετης
1584 3837 1642 3891 τὸ
1676 3835 1855 3911 παρά-

196 3915 417 3999 δειγμα,
484 3921 616 3998 πρὸς
677 3920 946 3997 ὅβλέπων
999 3927 1145 3989 eum»;
1204 3927 1417 4004 ἄριστος
1488 3926 1577 3992 ἦν.
1628 3918 1852 4002 "sla-rte?

192 4008 316 4071 τοὺς
375 4007 587 4071 πώλους
637 4010 725 4065 καὶ
780 4013 902 4076 τοὺς
944 4014 1186 4093 μόσχους
1232 4017 1464 4093 ὁρῶμεν,
1497 4017 1634 4089 ὁμοῦ
1659 4019 1729 4088 τῇ
1753 4035 1852 4089 γε-

189 4097 332 4154 νέσει
390 4111 513 4160 ταῖς
575 4099 839 4178 μητράσιν
907 4101 1106 4158 ἐαυυῶν
1165 4104 1650 4182 παρασκαίρονταςδ
1713 4101 1854 4158 οὕτω

190 4189 279 4244 καὶ
330 4186 488 4250 αὐτὸς
575 4194 652 4261 τῷ
710 4190 868 4266 πατρὶ
927 4191 1203 4268 παραθέων
1265 4192 1481 4270 ἐγγύθεν
1529 4192 1582 4248 ἐν
1634 4190 1857 4265 πωλικῷ

187 4284 268 4353 τῷ
329 4276 655 4355 τρυάγιιατι,
705 4279 791 4334 καὶ
848 4284 954 4334 τῶν
1025 4279 1203 4358 ἄκρων
1245 4281 1340 4349 τῆς
1374 4281 1568 4360 ἀρετῆς
1616 4281 1856 4356 κινημά-

188 4389 320 4437 των,
385 4367 446 4422 οὒ
489 4364 768 4444 παραπολὺ
843 4366 1183 4444 λειπόμενος’
1248 4371 1292 4427 εἰ
1321 4369 1498 4447 βούλει
1544 4370 1624 4450 δὲ,

270 4471 328 4516 ³³
355 4470 517 4535 Psal.
553 4485 844 4551 cxxxvm,
883 4473 978 4538 16.

284 4575 400 4655 (16)
451 4579 837 4662 Πεποιημένοι.
897 4580 1048 4660 Reg.
1108 4580 1169 4654 (Ι,
1237 4583 1612 4662 ποιησάμενοι,
1679 4588 1736 4643 et
1785 4579 1857 4643 ad

195 4675 386 4735 marg.
406 4665 470 4720 ut
496 4657 557 4719 in
591 4658 692 4731 ed,

280 4739 507 4824 (l7__)T&
549 4740 667 4797 κκτ’
703 4742 879 4824 αὐτόν,
911 4766 954 4824 να
990 4739 1154 4803 Hanc
1184 4741 1362 4824 hujus
1392 4742 1524 4804 vita;
1550 4749 1783 4824 partem
1823 4769 1849 4800 ι

187 4837 325 4901 quae
355 4819 588 4904 litteras
615 4828 677 4904 _et
705 4821 1100 4904 eruditionem
1135 4819 1387 4904 spectat,
1413 4844 1441 4884 (
1477 4819 1854 4904 contemple-

197 4898 418 4985 mur.)
455 4898 791 4985 Etenim_de
823 4901 915 4964 his
939 4903 1039 4964 hic
1066 4898 1284 4985 agitur,

279 4979 401 5065 (t__8_)
430 4979 654 5065 ῌλάσιν.
685 4981 858 5065 Juxta
882 4979 1175 5065 Nicetam,
1203 4979 1310 5065 per
1330 4984 1476 5048 illud
1503 4985 1852 5065 ﬁgmentum

185 5058 573 5152 intelligitur;
583 5060 898 5152 baptisma,
935 5064 1028 5126 vel
1076 5058 1276 5152 potius
1308 5084 1506 5152 mores
1591 5063 1751 5147 quod
1781 5067 1855 5125 ﬁ-

185 5147 500 5226 gmentum
532 5143 716 5226 David
753 5160 845 5226 ps:
875 5159 1151 5226 cxxxvui,
1183 5143 1642 5226 l6,odiurnum'»
1660 5155 1850 5221 vocat,

193 5221 437 5314 dicens;
471 5241 493 5277 α
531 5222 664 5314 Die,
695 5247 718 5278 ιι
757 5223 851 5313 vel
892 5248 912 5278 ι
945 5242 1054 5314 per
1085 5221 1324 5314 diem,»
1361 5230 1448 5314 vel
1474 5250 1498 5285 α
1529 5229 1587 5289 in
1609 5227 1708 5289 die
1727 5226 1852 5290 for-

195 5300 574 5366 mabuntura
607 5300 706 5366 Sic
737 5302 895 5364 enim
945 5300 1268 5383 legendum
1302 5325 1370 5368 ex
1403 5310 1608 5371 Graeco
1658 5315 1840 5381 textu,

183 5383 411 5468 ἡμέρας·
450 5401 568 5468 non
611 5407 638 5439 α
675 5383 1261 5468 όίθελῖοιθηιειὶιυηιυτ,
1300 5411 1328 5444 ι
1362 5396 1423 5448 ut
1448 5389 1510 5449 in
1569 5388 1837 5468 Vulgata.

269 5462 394 5543 (19)
433 5465 748 5543 Κένταυρον.
781 5466 1001 5528 Chiron
1025 5469 1376 5543 Centaurus,
1433 5462 1729 5532 Achillem
1777 5470 1837 5530 in

182 5541 564 5632 disciplinam
595 5541 1020 5632 acceptum,et
1073 5549 1304 5632 equina
1335 5541 1458 5632 suae
1516 5552 1664 5632 parti
1723 5550 1840 5632 im-

179 5626 749 5709 positum,jac_ula_ri,
781 5645 850 5691 ac
880 5626 1496 5709 lepores—ethinnulos
1517 5626 1704 5695 Terire
1727 5631 1841 5693 do-

183 5703 533 5770 cebat.Eum
551 5707 722 5772 lactis
732 5703 1214 5784 loco,cercorum
1272 5729 1344 5774 ac
1357 5710 1597 5776 leonum
1615 5712 1846 5776 medul-

184 5786 263 5853 lis
292 5786 642 5871 nutriebat;
674 5791 836 5859 unde
864 5790 1065 5861 dictus
1094 5792 1184 5859 eri
1223 5813 1247 5854 ε
1278 5792 1570 5876 Achilles,
1606 5816 1636 5854 ι
1683 5793 1841 5879 quod

1940 3105 2015 3167 bo
2047 3108 2440 3189 complectar,
2468 3125 2575 3187 per
2605 3109 2822 3187 primas
2852 3125 2923 3171 ac
2957 3107 3217 3186 pueriles
3248 3104 3598 3184 disciplinas

1937 3196 2012 3257 ad
2029 3196 2290 3258 futuram
2324 3197 2754 3277 perlectionem
2789 3198 3046 3259 ducitur.
3072 3195 3353 3275 Nam,qui
3375 3193 3470 3256 vel
3502 3213 3596 3255 so-

1938 3285 2027 3346 los
2052 3305 2271 3362 mores,
2295 3287 2385 3349 vel
2418 3287 2604 3348 solam
2635 3287 2968 3348 doctrinam
3001 3286 3308 3348 consecuti
3337 3292 3496 3349 sunt.
3521 3284 3596 3346 ab

1935 3376 2125 3439 altera
2144 3395 2287 3440 vero
2310 3377 2744 3455 deseruntur,ii
2766 3378 2913 3440 mihi
2933 3377 3079 3440 nihil
3098 3397 3132 3439 a
3152 3376 3333 3439 luscis
3356 3375 3598 3438 diﬂ‘erre

1935 3467 2231 3541 videntur,
2261 3467 2480 3548 quibus
2526 3487 2664 3530 cum
2708 3487 2988 3548 magnum
3030 3467 3455 3529 detrimentum
3496 3465 3594 3540 sit,

1935 3575 2074 3618 vero
2103 3561 2293 3637 major
2325 3558 2652 3638 turpitudo,
2695 3557 2820 3620 sive
2867 3558 3015 3619 alios
3059 3564 3329 3636 cernant,
3363 3555 3489 3617 sive
3521 3552 3593 3615 ab

1937 3647 2070 3709 aliis
2093 3655 2435 3710 cernantur.
2456 3649 2533 3710 At
2557 3648 2778 3728 quibus
2801 3656 3048 3728 utraque
3072 3647 3246 3709 laude
3269 3644 3590 3718 excellere,

1939 3755 2008 3801 ac
2028 3738 2189 3800 velut
2211 3737 2598 3800 ambidextris
2623 3757 2753 3800 esse
2779 3739 3046 3818 contigit,
3068 3737 3131 3798 hi
3153 3736 3433 3798 nimirum
3460 3751 3594 3793 om-

1943 3826 2118 3889 nibus
2153 3827 2422 3889 numeris
2453 3828 2712 3888 absoluti
2737 3835 2895 3904 sunt,
2921 3847 2989 3889 ac
3016 3847 3150 3889 curn
3185 3825 3434 3888 alterius
3472 3821 3603 3883 vita:

1944 3916 2313 3978 beatitudine
2339 3918 2522 3978 vitam
2555 3926 2760 3996 agunt.
2788 3916 2958 3991 Quod
2983 3916 3231 3994 quidem
3257 3915 3368 3987 illi,
3397 3921 3464 3974 ut
3497 3929 3604 3991 par

1937 4012 2089 4077 erat,
2114 4005 2388 4084 contigit,
2416 4006 2640 4085 quippe
2659 4007 2755 4086 qui
2778 4005 3174 4068 domesticum
3201 4003 3442 4067 haberet
3479 4000 3598 4062 vir-

1938 4092 2078 4154 tutis
2099 4094 2492 4173 exemplar,in
2520 4096 2675 4174 quod
2705 4095 3015 4157 oculorum
3041 4095 3230 4156 aciem
3255 4091 3599 4170 intendens,

1940 4182 2133 4244 statim
2169 4183 2428 4262 optimus
2459 4193 2609 4245 erat.
2643 4184 2713 4245 Et
2753 4184 3260 4266 quemadmodum
3311 4198 3603 4262 equorum

1943 4270 2158 4352 pullos,
2184 4289 2250 4330 ac
2275 4270 2700 4352 vitulos,simul
2722 4283 2900 4351 atque
2918 4273 2978 4334 in
3003 4273 3199 4335 lucem
3225 4271 3598 4352 prodierunt,

1658 4369 1756 4425 κάν
1786 4377 1855 4448 τῇ
1881 4359 1922 4411 ο
1945 4358 2232 4424 matribus
2263 4359 2387 4422 suis
2421 4360 2712 4424 assultare
2761 4361 3069 4444 videmus;
3104 4362 3190 4424 sic
3238 4360 3340 4423 ille
3371 4369 3602 4442 patrem

1945 4574 2281 4718 ‘communis
2312 4582 2370 4638 et
2402 4573 2601 4638 usitati
2632 4575 2774 4654 cibi,
2809 4577 2912 4658 qui
2937 4577 3098 4659 χιλός
3129 4577 3604 4657 dicitur,expers

1973 4674 2100 4718 ueri
2137 4703 2152 4715 .

1973 4665 2152 4718 uerit.

2026 4737 2149 4816 (20)
2185 4737 2311 4821 ἕατ’
2344 4735 2659 4821 aozdv._Sic
2689 4739 2872 4821 Begg.
2907 4737 3030 4821 bm,
3067 4739 3171 4821 ph,
3205 4737 3324 4803 duo
3381 4735 3600 4814 Coisl.,

2073 4822 2133 4890 2,
2184 4815 2344 4900 Ean,
2378 4826 2492 4879 etc.
2541 4817 2607 4880 In
2639 4818 2764 4900 ed.,
2786 4815 2920 4876 ’κατ’
2951 4815 3146 4884 αὐτῶν,

2026 4887 2272 4980 (21’)ί’Ἠ
2329 4887 2443 4980 βίον
2474 4901 2657 4974 μόνον.
2691 4887 2872 4963 Deest
2929 4902 3091 4978 μόνον
3144 4901 3208 4964 in
3253 4899 3471 4980 Chrys.
3535 4892 3602 4958 ln

1938 4978 2101 5042 PaSs.
2133 4979 2352 5040 desunt
2381 4978 2415 5047 ἤ
2445 4987 2505 5040 et
2532 4981 2721 5056 μόνον,

2025 5059 2152 5140 (22)
2191 5060 2408 5120 Δοκεῖν.
2443 5062 2636 5135 Pass.,
2671 5061 2842 5124 δοκεῖ.

2018 5141 2147 5223 (23)
2178 5141 2418 5223 Tot'ftote
2453 5143 2541 5223 {uti
2571 5145 2631 5199 τὸ
2667 5143 2832 5216 εἶναι,
2870 5146 2992 5207 etc.
3032 5164 3056 5200 ι
3111 5141 3224 5215 Qui
3273 5149 3408 5206 utra
3478 5152 3599 5223 quo

1939 5220 2447 5303 laudem,-inquit
2468 5220 2768 5303 Nicetas,«
2797 5223 3083 5286 doctrinm
3115 5223 3348 5286 scilicet
3465 5220 3600 5284 vitae

1928 5314 2017 5365 est
2046 5302 2380 5383 assecutus,
2418 5302 2468 5362 is
2527 5302 2830 5383 perfeCtus
2861 5310 2952 5364 est
2986 5326 2998 5362 :
3053 5321 3122 5364 ac
3152 5303 3332 5365 deinc
3397 5321 3446 5383 is
3468 5303 3595 5383 jam

1926 5403 2063 5447 cum
2097 5381 2341 5444 alterius
2371 5381 2577 5447 seculi
2635 5382 3007 5462 beatitudine
3050 5383 3224 5444 vitam
3283 5391 3352 5444 tr.
3374 5381 3566 5462 ducit,

1925 5484 2042 5546 qua
2074 5463 2329 5546 puritate
2360 5472 2419 5525 et
2445 5461 2956 5546 contemplatione
2979 5463 3183 5546 pollet.
3221 5485 3246 5522 ι

2007 5545 2124 5622 (24)
2189 5547 2259 5602 Εὖ
2321 5553 2528 5607 ποιοῦν.
2586 5545 2654 5610 In
2691 5543 3038 5620 nonnullis,
3094 5544 3151 5601 εὖ
3207 5557 3420 5619 ποιεῖν,
3477 5553 3598 5610 etc.

1933 5651 1959 5711 ιι
1994 5623 2242 5711 Virtutis
2294 5623 2597 5706 exemplar
2651 5623 2902 5702 habens,
2936 5643 3053 5708 quo
3085 5623 3251 5689 domi
3311 5625 3594 5711 praelate

1925 5705 2326 5772 imbueretur.
2365 5727 2390 5765 ε
