4150 6438
220 410 315 476 513

991 418 1270 486 ORATIO
1312 414 1522 484 XLIII.
1568 453 1647 467 —
1689 416 1775 485 IN
1818 416 2132 485 LAUDEM
2178 420 2455 487 BASILII
2499 426 2776 493 MAGNI.

3468 426 3589 495 ειη

286 549 389 613 ΙΔ’.
454 549 722 641 Ἐντεῦθεν
779 552 866 612 ἰπὶ
919 555 983 612 τὸ
1038 555 1342 634 Βυζάντιον,
1391 554 1491 622 τὴν
1518 556 1846 634 προκαθίζο-

2008 554 2326 619 XlV.Hinc
2340 556 2681 636 Byzantium
2698 557 2923 620 .urbem
2948 558 3124 621 totius
3140 557 3399 621 Orientis
3414 560 3588 641 prin-

216 641 367 718 μένην
430 647 529 711 τῆς
582 633 749 719 Ἐῷας
776 643 935 702 πόλιν
978 647 1084 719 (καὶ
1147 646 1248 725 γὰρ
1277 633 1549 720 ηῦδοκίμει
1584 650 1849 724 σοφιστῶν

214 754 263 790 τε
310 735 399 791 καὶ
457 731 758 813 φιλοσόφων
810 756 930 801 τοτς
960 734 1335 815 τελεωτάτοις,
1410 737 1484 792 ὧν
1545 733 1598 790 ἐν
1641 733 1847 813 βραχεῖ

214 824 380 905 χρόνῳ
433 824 498 879 τὰ
552 823 808 901 κράτιστα
862 823 1171 891 συνελέξατο
1240 825 1401 905 τάχει
1430 846 1487 882 τε
1535 825 1621 880 καὶ
1674 823 1845 902 μεγέ-

213 916 278 971 θει
322 910 441 991 (3?)
469 911 727 992 φύσεως)’
783 912 1039 988 ἐντεῦθεν,
1107 915 1192 971 ἐπὶ
1221 915 1284 971 τό
1311 922 1419 971 τῶν
1446 912 1622 992 λόγων
1651 910 1843 990 ἔθα-ρος

214 1004 295 1067 τὰς
353 1000 580 1070 Ἀθήνας
610 1004 711 1060 ὑπὸ
740 1012 834 1063 τοῦ
860 1010 991 1062 Θεοῦ
1050 1003 1344 1080 πέμπεται,
1391 1004 1480 1060 καὶ
1537 1007 1635 1070 τῆς
1678 1001 1848 1070 καλῆς

211 1094 314 1172 περὶ
398 1093 498 1160 τὴν
556 1090 825 1152 παίδευσιν
883 1092 1204 1161 ἀπληστίας·
1244 1094 1470 1164 Ἀθήνας
1501 1092 1595 1155 τὰς
1646 1097 1849 1171 χρυσᾶς

212 1181 362 1247 ὅντως
433 1182 574 1258 ἐμοὶ,
648 1182 736 1239 καὶ
791 1188 898 1239 τῶν
969 1187 1149 1241 καλῶν
1182 1182 1485 1263 προξένους,
1534 1181 1690 1261 εἴπερ
1720 1181 1845 1244 τινί,

213 1269 437 1330 Ἐυιετναι
508 1273 609 1351 γὰρ
679 1293 771 1348 μοι
858 1275 951 1329 τὸν
1023 1271 1182 1353 ἄνδρα
1214 1280 1400 1329 τοῦτον
1430 1272 1722 1351 ἐγνώρισαν
1753 1292 1843 1327 τε·

209 1361 478 1442 λεώτιρον,
551 1360 666 1419 οὐδὲ
711 1364 830 1443 πρὶν
872 1363 1249 1443 ἀγνοούμενον
1284 1364 1374 1419 καὶ
1424 1361 1615 1441 λόγους
1649 1360 1844 1432 ἐπιζη-

208 1457 323 1533 τῶν,
399 1450 731 1528 εὐδαιμονίαν
813 1454 1174 1529 ὲκομισάμην*
1237 1454 1323 1510 καὶ
1394 1452 1590 1529 τρόπον
1670 1450 1846 1529 ἕτερον

210 1543 354 1598 ταυτὸ
408 1538 532 1621 (33)
584 1540 820 1598 πέπονθα
864 1548 941 1616 τῷ
970 1541 1168 1617 Σαοὺλ,
1200 1541 1260 1604 ὁς
1289 1543 1385 1606 τὰς
1429 1541 1580 1605 ὄνους
1609 1546 1703 1596 τοῦ
1731 1561 1843 1596 πα-

207 1632 318 1708 τρὸς
375 1631 658 1704 ἕπιζητῶν,
727 1630 999 1708 βασιλείαν
1068 1631 1252 1711 εὕρατο
1305 1630 1460 1712 (34),
1515 1637 1706 1708 μεῖζον
1752 1635 1845 1685 τοῦ

207 1720 349 1801 ἔργου
375 1722 438 1777 τὸ
496 1721 760 1800 πάρεργον
817 1720 1312 1801 ἐμπορευσάμενος,
1348 1724 1419 1779 Τὸ
1456 1722 1553 1783 μὲν
1584 1718 1649 1786 δὴ
1679 1718 1844 1798 μέχρι

1932 646 2186 725 cipatum
2204 646 3252 727 tenentem,venit(excel|entissimis
3283 650 3441 710 enim
3461 669 3589 712 ora-

1932 734 2158 795 toribus
2184 737 2679 817 philosophisque
2703 738 2979 803 ﬂorebat.
3005 756 3255 818 quorum
3291 738 3451 800 brevi
3474 758 3587 821 op-

1932 824 2074 887 tima
2093 844 2342 907 quaeque
2370 826 2591 904 ingenii
2622 828 2927 889 celeritate
2940 847 3011 889 ac
3028 828 3435 908 magnitudine
3457 829 3586 891 col-

1936 916 2129 997 legit);
2168 926 2348 996 atque
2375 917 2513 979 inde
2537 920 2813 995 Athenas,
2845 919 2955 979 hoc
2985 928 3096 994 est,
3129 919 3456 980 litterarum
3486 937 3587 982 se-

1937 1005 2070 1067 dem
2096 1024 2163 1067 ac
2188 1006 2580 1081 domicilium,
2613 1026 2647 1069 a
2682 1010 3009 1088 Deo,atque
3040 1006 3385 1087 inexplebili
3409 1008 3587 1071 simul

1936 1103 1994 1157 et
2017 1096 2298 1177 praeclara
2330 1096 2619 1157 doctrinae
2649 1097 2971 1178 cupiditate
2997 1098 3271 1172 mittitur;
3298 1096 3582 1169 Athenas,

1934 1185 2197 1266 inquam,
2233 1184 2382 1247 mihi
2413 1204 2555 1247 vere
2581 1204 2727 1247 aure
2750 1207 2797 1247 is
2827 1206 2919 1259 ac,
2948 1186 2998 1247 si
3036 1186 3313 1267 cuiquam
3339 1187 3587 1258 alii,bo-

1931 1294 2141 1336 norum
2175 1275 2788 1355 procura=rices.Nam
2818 1277 2935 1338 illze
2967 1277 3110 1337 mihi
3136 1276 3585 1350 hominem,non

1929 1365 2094 1426 illum
2128 1365 2370 1446 quidem
2408 1374 2545 1427 ante
2570 1366 2972 1444 ignotum,sed
2997 1374 3191 1427 tamen
3229 1366 3461 1446 plenius
3486 1387 3587 1429 no-

1930 1456 2217 1516 scendum
2264 1455 2643 1535 prmbuerunt
2695 1474 2808 1518 :ac
2858 1457 3187 1517 doctrinam
3240 1456 3583 1536 exquirens,

1933 1544 2360 1606 beatitudinem
2394 1546 2617 1625 reperi;
2660 1545 2921 1619 mihique
2967 1545 3187 1624 dispari
3214 1545 3388 1606 modo
3425 1547 3582 1608 idem

1928 1654 2082 1716 quoc
2132 1634 2290 1696 Sauli
2343 1634 2472 1694 78!
2522 1634 2758 1704 accidit,
2815 1636 2916 1715 qui
2966 1634 3150 1715 patris
3179 1634 3375 1696 asinas
3416 1654 3583 1715 quaa-

1930 1742 2093 1797 rens,
2140 1744 2385 1802 regnum
2431 1724 2654 1785 invenit
2685 1725 2772 1805 93,
2821 1725 3071 1805 plusque
3105 1725 3161 1785 in
3193 1743 3261 1785 ea
3293 1743 3380 1799 re,
3412 1743 3587 1805 quam

206 1812 395 1910 τούτων
444 1809 569 1890 (35)
604 1809 873 1910 κεδδρομος
927 1812 1066 1886 ἡμῖν
1301 1810 1330 1866 ὃ
1388 1810 1573 1890 λόγος,
1626 1810 1713 1910 καὶ
1763 1806 1847 1863 διὰ

1937 1813 2123 1875 obiter
2146 1814 2560 1895 agebat,quam
2586 1814 2645 1875 in
2670 1833 2761 1893 ea,
2798 1833 2929 1895 qum
2962 1813 3257 1893 praecipue
3287 1813 3399 1893 ipsi
3430 1831 3589 1875 curae

206 1899 339 1966 λείας
414 1905 511 1967 τῆς
568 1899 687 1958 ὀδοῦ
738 1901 935 1981 φέρων,
960 1904 1045 1957 καὶ
1105 1900 1237 1979 ἄγαν
1270 1900 1517 1979 εῦπόρου,
1568 1901 1655 1956 καὶ
1685 1899 1845 1975 βασι·-

1937 1913 2081 1970 erat.
2112 1903 2403 1964 lucrifecit
2461 1901 2589 1966 Jam
2625 1905 2799 1966 nobis
2818 1904 3058 1984 quidem
3086 1904 3373 1964 hactenus
3392 1903 3584 1983 plana,

206 1989 355 2057 λικῆς
410 1989 579 2054 ὅντως
648 1990 754 2047 τῶν
796 1998 889 2047 τοῦ
922 1989 1052 2071 (37)
1115 1988 1299 2070 ἀνδρὸς
1343 1990 1647 2069 ἐγκωμίων
1693 1991 1754 2043 τὸ
1801 1985 1848 2043 δ’

206 2082 454 2161 ἐντεῦθεν,
516 2080 610 2137 οὐκ
665 2079 775 2137 οἷδ’
833 2081 864 2137 ὂ
889 2103 941 2138 τι
983 2082 1061 2156 τῷ
1102 2079 1250 2159 λόγῳ
1280 2083 1596 2161 χρήσωμαι,
1634 2080 1720 2135 καὶ
1749 2078 1850 2135 ποῖ

204 2169 489 2246 τράπωμαι
518 2168 665 2243 (38)“
701 2168 820 2250 ἔχει
850 2171 950 2249 γὰρ
994 2193 1041 2226 νι
1079 2171 1167 2226 καὶ
1198 2171 1491 2247 πρόσαντες
1532 2171 1670 2245 ἡμῖν
1702 2169 1730 2224 ὃ
1759 2166 1853 2223 λό⁴

205 2281 320 2339 γος.
378 2262 533 2316 Ποθῶ
561 2258 657 2336 μὲν
725 2262 825 2339 γὰρ
850 2260 1067 2319 ἐνταῦθα
1098 2267 1191 2317 τοῦ
1218 2252 1379 2338 λόγου
1409 2260 1723 2338 γενόμενος,
1763 2259 1852 2314 καὶ

204 2352 294 2408 τοῦ
361 2356 544 2429 καιροῦ
614 2351 799 2409 τούτου
852 2348 1170 2427 λαϐόμενος,
1204 2352 1293 2407 καὶ
1332 2355 1440 2406 τῶν
1468 2346 1589 2406 κατ’
1620 2348 1848 2424 ἐμαυτόν

206 2463 254 2497 τι
283 2444 591 2521 προσθεῖναι
622 2455 739 2504 τοῖς
770 2441 1095 2517 εἰρημένοις,
1132 2442 1219 2498 καὶ
1259 2440 1447 2519 μικρόν
1478 2462 1529 2498 τι
1589 2436 1849 2518 προσδιαο

205 2535 390 2608 τρῖψαι
446 2537 525 2605 τῷ
581 2529 902 2610 διηγήματι,
974 2530 1093 2588 ὅθεν
1149 2552 1207 2586 τε
1236 2531 1326 2587 καὶ
1373 2528 1523 2593 ’ὁπως
1556 2529 1716 2603 ἡμῖν,
1748 2527 1853 2584 κάκ

202 2622 338 2686 τίνος
396 2620 494 2688 τῆς
557 2621 733 2701 ἀρχῆς
784 2620 1007 2688 συνέστη
1058 2623 1121 2677 τὸ
1147 2624 1247 2687 τῆς
1276 2618 1478 2700 φιλίας,
1510 2617 1688 2677 εἵτουν
1720 2640 1851 2693 συμ-

201 2712 384 2775 πνοίας
441 2711 528 2767 καὶ
586 2712 877 2790 συμφυίας,
914 2713 958 2767 εἰ
1015 2712 1127 2791 χρὴ
1159 2723 1475 2783 προσειπεῖν
1509 2708 1850 2779 οἰκειότερον,

199 2799 359 2857 Φιλεϊ
408 2801 509 2880 γὰρ
577 2800 697 2857 οὕτε
753 2799 876 2876 ἅψις
906 2799 1093 2879 ῥᾳδίως
1125 2801 1434 2880 ἀναχωρεῖν
1476 2800 1582 2854 τῶν
1612 2797 1849 2876 τερπνῶν

198 2890 499 2972 θεαμάτων,
560 2890 657 2948 κᾶν
706 2890 916 2972 ἀφέλκῃ
967 2914 1047 2957 τις
1078 2892 1188 2968 βίᾳ,
1217 2889 1348 2967 πρὸς
1372 2889 1502 2948 αὐτὰ
1535 2886 1659 2968 (39)
1692 2886 1852 2944 πάλιν

196 2981 463 3063 φέρεσθαν
523 2981 642 3039 οὔτε
712 2980 873 3061 λόγος
927 2987 1035 3038 τῶν
1064 2979 1293 3049 ἡδίστων
1322 2977 1699 3057 διηγημάτων.
1746 2975 1851 3031 Δέ-

193 3070 345 3130 δοικα
416 3071 471 3128 δὲ
528 3074 591 3130 τὸ
662 3074 912 3154 φορτικὸν
940 3077 1040 3139 τῆς
1071 3071 1460 3151 ἐγχειρήσεως,
1521 3068 1849 3154 Πειράσομαι

193 3162 290 3229 μὶν
323 3162 440 3237 οὖν,
471 3164 544 3227 ὡς
575 3148 693 3220 οἷόν
723 3148 779 3219 τε
805 3163 1052 3241 μετρίως,
1086 3148 1243 3218 τοῦτο
1285 3172 1486 3218 ποιεῖν.
1536 3148 1651 3213 "Av
1680 3154 1726 3211 δ’
1748 3155 1850 3234 ἄρα

1934 2003 1989 2053 et
2024 1993 2178 2054 facili
2203 2012 2270 2054 ac
2305 2010 2440 2056 vere
2472 1993 2633 2069 regia
2666 1994 2903 2055 laudum
2929 1993 3089 2054 illius
3114 1993 3203 2053 via
3236 2012 3585 2073 prosperum

1936 2102 2172 2143 cursum
2206 2084 2394 2144 oratio
2436 2084 2628 2145 tenuit
2666 2101 2679 2146 :
2730 2102 2887 2144 nunc
2920 2090 3115 2143 autem
3142 2100 3314 2163 quam
3349 2082 3591 2144 dicendi

1936 2173 2224 2234 rationem
2262 2191 2501 2253 sequar,
2534 2182 2656 2247 aut,
2688 2192 2804 2254 quo
2839 2191 2932 2233 me
2961 2181 3205 2248 vertam,
3239 2174 3467 2250 nescio;
3492 2173 3592 2234 ha-

1938 2262 2035 2323 bet
2060 2263 2219 2322 enim
2247 2262 2391 2322 mihi
2411 2262 2662 2323 arduum
2695 2263 2920 2343 aliquid
2941 2264 3035 2324 hic
3052 2280 3247 2323 sermo
3279 2259 3405 2323 Huc
3429 2261 3587 2322 enim

1937 2352 2206 2413 oratione
2250 2369 2623 2431 progressus,
2659 2366 2837 2432 atque
2884 2353 3033 2412 hanc
3078 2351 3450 2414 occasionem
3481 2370 3589 2412 na-

1935 2450 2293 2521 ctus,rerum
2327 2443 2503 2503 etiam
2532 2460 2797 2505 mearum
2829 2440 3051 2522 aliquid
3084 2442 3592 2523 adjungere,pau-

1936 2531 2248 2608 lulumque
2269 2534 2326 2592 in
2352 2532 2461 2591 hac
2494 2531 2834 2593 narratione
2864 2531 3172 2592 immorari
3196 2529 3593 2611 gestio,atque

1938 2622 2184 2699 unde,et
2219 2641 2332 2701 quo
2363 2621 2640 2699 modo,ac
2667 2621 2881 2702 quibus
2913 2640 2980 2681 ex
3010 2620 3194 2680 initiis
3219 2620 3468 2680 conﬂata
3492 2621 3589 2680 in-

1946 2720 2033 2771 ter
2066 2728 2174 2770 nos
2198 2710 2480 2783 amicitia,
2505 2710 2650 2789 sive,
2676 2719 2738 2771 ut
2770 2710 3197 2789 congruentius
3218 2710 3589 2790 loquar,ani-

1937 2821 2053 2861 mo:
2077 2820 2173 2861 um
2208 2800 2566 2879 conspiratio
2593 2810 2651 2863 et
2683 2810 2905 2861 natura)
2923 2800 3263 2878 conjunctto
3289 2800 3593 2862 fueritex-

1937 2890 2161 2968 plicare
2194 2889 2699 2965 quemadmodum
2725 2891 2881 2952 enim
2915 2889 3073 2950 oculi
3095 2906 3128 2950 a
3153 2890 3437 2968 jucundis
3457 2908 3587 2968 spe-

1935 2979 2182 3039 ctaculis
2215 2996 2328 3039 non
2358 2981 2530 3040 facile
2562 2980 2949 3051 recedunt,ac
2977 2979 3026 3040 si
3056 2980 3186 3059 quis
3208 2998 3312 3059 per
3344 2983 3456 3039 vim
3489 2998 3591 3041 eos

1935 3069 2223 3147 retrahat,
2254 3068 2465 3129 eodem
2513 3088 2720 3131 rursus
2752 3069 3047 3144 feruntor;
3074 3068 3161 3130 sic
3194 3088 3303 3129 nec
3328 3086 3523 3129 sermo
3559 3088 3593 3129 a

1934 3176 2133 3218 rerum
2159 3159 2639 3219 suavissimarutn
2665 3158 3382 3220 commemoratione.Sed
3402 3163 3459 3219 in
3479 3159 3592 3220 hoc

190 3274 248 3308 τι
309 3252 399 3308 καί
457 3252 759 3329 βιαζώμεθα
815 3253 917 3308 ὑπὸ
976 3261 1066 3309 τοῦ
1087 3252 1272 3330 πόθου,
1302 3248 1594 3328 συγγνώμη
1626 3254 1702 3321 τῷ
1731 3246 1845 3302 πά-

1937 3256 2145 3308 conatu
2178 3248 2496 3310 metuenda
2533 3249 2676 3309 mihi
2710 3247 3117 3310 difﬁcultatem
3173 3267 3305 3310 esse
3348 3249 3590 3329 COltSpi-

189 3345 269 3398 θει
329 3342 543 3398 πάντων
592 3343 774 3399 παθῶν
831 3342 941 3398 ὃντι
973 3338 1314 3414 δικαιοτάτῳ,
1351 3341 1438 3395 καὶ
1470 3336 1502 3394 ὅ
1544 3338 1622 3413 μὴ
1654 3338 1845 3393 παθεῖν

1937 3337 2304 3401 cio.Aduitar
2328 3339 2549 3418 itaque,
2585 3348 2669 3412 ut,
2699 3358 2873 3419 quam
2910 3337 3256 3418 parcissime
3280 3348 3506 3419 potem,
3533 3338 3592 3398 id

189 3434 227 3502 ἡ
267 3432 436 3507 ζημία
464 3431 589 3497 τοῖς
634 3452 694 3510 γε
740 3440 859 3491 νοῦν
902 3431 1144 3511 ἔχουσιν,

1937 3427 2162 3490 iaciam.
2215 3428 2381 3500 Quod
2432 3430 2481 3488 si
2526 3449 2632 3489 nus
2679 3429 2829 3489 forte
2883 3429 3103 3490 ameris
3154 3437 3210 3488 et
3254 3428 3591 3509 cupiditatis

189 3535 380 3586 aestus
409 3520 653 3583 modum
687 3519 978 3584 excedere
1010 3518 1295 3599 coegerit,
1344 3514 1587 3579 aﬂ'ectui
1630 3522 2115 3607 nostro,.quzeso,
2152 3517 2464 3597 lgHOSt'lle,
2498 3519 2815 3580 atlectuum
2850 3518 3117 3578 omnium
3141 3517 3502 3597 justissimo,
3534 3526 3594 3579 et

186 3630 313 3695 quo
347 3631 466 3675 non
500 3611 678 3693 afﬁci,
714 3611 1002 3673 damnum
1035 3627 1102 3672 ac
1131 3607 1565 3670 detrimentum
1594 3612 1704 3687 est,
1740 3605 1816 3667 iis
1846 3605 2087 3693 quidem
2118 3618 2303 3683 certe,
2334 3608 2431 3685 qui
2466 3626 2608 3669 sana
2639 3616 2819 3686 atque
2852 3608 3081 3687 integra
3117 3614 3315 3669 mente
3351 3617 3505 3669 sunt.

264 3694 381 3767 IE'.
415 3712 585 3785 Εἶχον
649 3706 785 3779 ἡμᾶς
850 3701 1091 3777 Ἀθῆναι,
1125 3699 1362 3779 καθάπερ
1405 3721 1455 3754 τι
1477 3697 1643 3775 ῥεῦμα
1672 3697 1850 3753 ποτά-

178 3818 337 3874 μιον,
397 3794 504 3852 ἀπὸ
558 3800 685 3870 μιᾶς
741 3793 1059 3873 σχισθέντας
1088 3796 1273 3869 πηγῆς
1316 3794 1413 3857 τῆς
1450 3786 1728 3868 πατρῗδος,
1775 3788 1848 3850 εἰς

180 3885 434 3966 διάφορον
493 3886 771 3964 ὒπερορίαν
828 3880 948 3940 κατ’
1020 3881 1191 3956 ἔρωτα
1234 3885 1333 3947 τῆς
1404 3877 1850 3951 παιδεύσεως,καὶ

184 3974 357 4032 πάλιν
413 3976 487 4039 εἰς
544 3977 608 4031 τὸ
652 3973 780 4031 αὐτὸ
809 3972 930 4052 (40)
964 3970 1334 4044 συνελθόντας,
1367 3968 1552 4046 ὤσωερ
1581 3968 1688 4024 ἀπὸ
1719 3966 1849 4023 συδ-

176 4065 452 4140 θήματος,
499 4062 640 4121 οὕτω
669 4070 802 4120 Θεοῦ
830 4063 1175 4131 κινήσαντος,
1208 4058 1387 4136 Εἶχον
1429 4055 1484 4111 δὲ
1515 4061 1690 4135 μικρῷ
1722 4054 1847 4133 (41)

177 4153 287 4231 μὲν
344 4153 440 4229 ἐμὲ
500 4152 775 4233 πρότερον
850 4152 942 4207 τὸν
972 4148 1022 4205 δ’
1053 4148 1200 4211 εὒθῦς
1246 4145 1365 4223 μετ’
1408 4146 1527 4222 ἐμὲ,
1562 4147 1698 4221 μετὰ
1718 4145 1851 4233 πολ-

176 4243 291 4312 λῆς
342 4232 736 4322 προσδεχθέντα
783 4238 910 4320 (42)
972 4239 1059 4295 καὶ
1115 4243 1434 4316 περιφανοῦς
1463 4241 1561 4301 τῆς
1609 4232 1844 4297 ἐλπίδος.

180 4336 289 4395 Καὶ
350 4336 453 4412 γὰρ
511 4333 566 4389 ἐν
619 4330 835 4389 πολλῶν
868 4328 1137 4408 γλώσσαις
1158 4326 1331 4382 ἔκειτο
1363 4327 1481 4399 πρὶν
1513 4325 1726 4400 ἐπιστῇ·
1762 4324 1851 4380 καὶ

177 4424 335 4504 μέγα
385 4425 632 4486 ἑκάστοις
690 4424 759 4489 ἧν
814 4416 1247 4499 προκαταλαϐεῖν
1300 4418 1363 4470 τὸ
1395 4412 1842 4504 σπουδαζόμενον’

1972 3697 2415 3762 XV.Habebant
2437 3717 2543 3759 nos
2567 3698 3003 3778 Athenae,velut
3021 3699 3243 3759 ﬂuxum
3269 3699 3590 3778 quemdam

1934 3788 2221 3864 ﬂuminis,
2254 3806 2325 3850 ex
2345 3788 2556 3849 eodem
2594 3789 2797 3869 patria;
2831 3788 3070 3848 lontein
3098 3787 3362 3849 diversas
3392 3788 3593 3866 regio-

1936 3898 2041 3940 nes
2059 3879 2349 3940 doctrina;
2366 3878 2691 3958 cupiditate
2715 3878 3594 3954 dissectos,rursumque,velut

1934 3986 2010 4029 ex
2042 3968 2530 4048 composito,Deo
2566 3968 2842 4030 videlicet
2875 3969 2953 4029 ita
2981 3968 3592 4048 impellente,coeun-

1932 4066 2044 4119 tes.
2077 4061 2157 4118 Ac
2195 4077 2285 4118 me
2307 4057 2547 4135 quidem
2572 4059 2873 4138 aliquanto
2899 4069 3035 4120 ante
3071 4058 3394 4136 habebant;
3423 4057 3595 4120 illum

1933 4155 2129 4207 autem
2163 4146 2317 4207 haud
2352 4148 2536 4208 multo
2570 4156 2789 4227 post,et
2820 4149 3065 4225 quidem
3090 4167 3227 4209 cum
3265 4148 3515 4209 miriﬁca
3541 4158 3598 4210 et

1934 4237 2235 4299 luculenta
2273 4255 2377 4316 spe
2424 4244 2851 4316 exspectatum.
2908 4238 3142 4299 Etenim
3177 4240 3235 4298 in
3274 4239 3593 4299 multorum

1910 4325 2151 4403 linguis
2180 4325 2878 4403 versabatur,antequam
2902 4325 3260 4397 advenisset;
3297 4345 3408 4387 nec
3426 4329 3594 4406 quis-

1935 4433 2110 4495 quam
2150 4424 2297 4487 erat,
2332 4415 2433 4495 qui
2466 4433 2579 4474 non
2625 4414 2907 4493 praeclare
2950 4431 3154 4474 secum
3188 4418 3280 4492 agi
3338 4422 3591 4493 putaret,

180 4502 357 4575 Οὐδὲν
414 4511 471 4571 δὲ
542 4512 664 4571 οἷον
686 4512 775 4570 καὶ
803 4509 1013 4585 ἥδυσμά
1042 4531 1093 4565 τι
1137 4509 1445 4597 προσθεῖναι
1477 4512 1553 4580 τῷ
1582 4503 1729 4583 λόγῳ
1752 4528 1848 4597 μετ

1937 4505 1986 4566 si
2020 4506 2102 4575 id,
2138 4507 2299 4582 quod
2332 4524 2564 4566 summo
2597 4504 2793 4565 studio
2848 4502 3187 4584 eXpetebat,
3222 4503 3380 4583 prior
3411 4523 3595 4565 occu-

176 4608 320 4687 κρὸν
381 4605 671 4686 ἀφηγημα,
726 4615 843 4666 τοϊς
898 4600 995 4676 μὲν
1027 4597 1241 4671 εἰδόσιν,
1273 4596 1609 4687 ὑπόμνησιν,
1649 4608 1768 4687 τοῖς
1798 4592 1848 4649 δὲ

1939 4595 2260 4676 paret.Nec
2279 4614 2418 4657 vero
2446 4596 2710 4657 alienum
2726 4597 2839 4656 erit
2856 4594 3363 4657 narratiunculam
3386 4614 3591 4678 unam,

177 4684 467 4775 ἀγνοοῦσι,
553 4690 915 4751 διδασκαλίαν.
1013 4692 1504 4769 Σοφιστομανοῦσιν
1591 4684 1853 4775 Ἀθήνῃσι

174 4774 301 4843 τῶν
374 4774 507 4841 νέων
577 4783 627 4841 οἱ
694 4781 943 4840 πλεῖστοι
1023 4781 1111 4837 καί
1170 4775 1563 4857 ἀφρονέστεροιο
1625 4774 1685 4831 οὐ
1746 4781 1854 4831 τῶν

174 4877 430 4957 ἀγεννῶν
491 4874 653 4950 μόνον
727 4873 815 4929 καὶ
843 4877 950 4929 τῶν
981 4856 1302 4944 ἀνωνύμων,
1346 4856 1466 4922 ἀλλ’
1496 4863 1602 4933 ἢδη
1634 4865 1851 4957 καὶτῶν

175 4954 247 5025 οῦ
322 4965 621 5045 γεγονὸτων
676 4965 766 5021 καὶ
820 4960 1299 5042 περιφανεστέρων,
1331 4956 1422 5013 ἅτε
1478 4957 1680 5022 πλῆθος
1712 4954 1851 5031 σύμ-

175 5078 384 5134 μικτον
443 5054 616 5134 ὄντες,
677 5053 763 5109 ιιαὶ
820 5053 952 5128 νέοι,
1012 5052 1101 5108 καὶ
1184 5046 1523 5105 δυσκάθεκτοι
1584 5057 1710 5109 ταῖς
1768 5046 1852 5122 ὁρ-

178 5160 334 5227 μαῖς
364 5144 513 5222 (43).
546 5142 731 5224 ’Ὅπερ
769 5142 858 5200 οὖν
888 5142 1200 5221 πάσχοντας
1230 5136 1375 5195 ἔστιν
1403 5134 1561 5199 ἰδεῖν,
1608 5136 1727 5214 περὶ
1754 5136 1850 5199 τὰς

268 5256 344 5308 93
373 5256 397 5319 Ι
426 5253 577 5335 Reg.
614 5270 697 5331 Ix,
730 5256 768 5315 3
793 5271 930 5333 sqq.

269 5361 404 5443 (3‘2)
439 5360 697 5443 Μεγέθειἶ
737 5360 889 5439 Reg.
925 5356 1003 5438 ph
1028 5362 1096 5443 _et.
1124 5354 1231 5419 Or.
1362 5352 1587 5433 μεγέθη.

446 5436 637 5525 Ταῦτά.
674 5436 955 5525 ἷξεεςῖ-ό,
986 5437 1091 5525 ph,
1120 5436 1334 5525 13016:.

272 5514 406 5603 (34)
440 5523 666 5604 Εὕρατο.
692 5514 841 5583 Τι’ἒὲ
864 5514 1014 5604 εἶβε.
1042 5524 1102 5604 et
1128 5515 1235 5580 Or.
1267 5514 1329 5591 2,
1376 5517 1575 5597 εὕρετο.

436 5600 855 5694 Τούτων.“Βθε.
879 5601 1015 5694 ph.“
1015 5600 1224 5657 τούτου.

275 5682 415 5769 (36)
444 5686 635 5769 ᾝμϊν.
670 5686 855 5748 Deest
883 5682 946 5743 in
973 5682 1122 5769 [ξος.
1151 5696 1207 5742 a.

275 5755 415 5851 (37)
451 5755 679 5851 "(iw_uu
709 5771 816 5825 τῶν
846 5771 961 5851 τοῦ.
990 5755 1367 5851 Sic_quatuor
1384 5755 1597 5837 Regg.,
1623 5755 1862 5834 Coisl.l,

160 5842 299 5920 0r:
332 5842 401 5923 2,
430 5855 549 5919 etc.
586 5846 777 5909 Deest
806 5853 912 5910 τῶν
939 5843 1001 5907 in
1032 5842 1130 5905 ed.

1938 4684 2307 4747 condimenti
2336 4685 2646 4765 cujusdam
2677 4685 2826 4753 vice.
2864 4684 3117 4749 orationi
3143 4684 3495 4767 adjungere,
3530 4694 3599 4746 ut

1937 4775 2267 4837 scientibus
2281 4776 2525 4854 quidem
2549 4775 2898 4836 memoriam
2913 4774 3596 4855 renovet,ignorantibus

1936 4874 2132 4926 autem
2160 4865 2518 4928 documento
2540 4865 2864 4927 sit.Insano
2887 4864 3144 4946 quodam
3180 4884 3319 4945 erga
3351 4866 3595 4946 sophiso

1936 4963 2025 5017 tas
2051 4956 2245 5017 studio
2276 4955 2532 5017 Athenis
2560 4964 3032 5035 teuenturquam
3069 4955 3305 5035 plurimi
3331 4964 3389 5017 et
3418 4957 3591 5016 stoli-

1937 5046 2169 5107 dissimi
2198 5046 2761 5121 adolescentesmon
2796 5047 2969 5107 modo
2994 5045 3286 5124 ignobiles
3308 5054 3365 5106 et
3386 5045 3593 5106 obscu—

1937 5135 2013 5211 ri,
2038 5135 2143 5197 sed
2179 5134 2414 5197 nobiles
2442 5137 2617 5198 etiam
2652 5145 2710 5197 et
2735 5136 3018 5209 illustres,
3048 5143 3111 5194 ut
3154 5136 3257 5211 qui
3289 5134 3593 5196 miscella-

2026 5351 2149 5432 (38)
2184 5354 2555 5431 Χρῆσωμαιη.
2605 5355 2967 5431 τράπωμαι...
3003 5352 3107 5415 Or.
3153 5351 3192 5411 9..
3240 5359 3299 5412 et
3355 5348 3590 5426 Comb.,

1947 5436 2306 5513 χρήσομαι,.,
2354 5434 2644 5511 τρέπομαι.

2028 5512 2158 5594 (39)
2199 5515 2356 5574 Αὒτά.
2394 5517 2545 5594 Reg.
2583 5514 2683 5594 ph,
2716 5515 2893 5575 ἑαυτά.

2062 5598 2157 5670 40)
2190 5598 2262 5655 Τὸ
2294 5597 2457 5675 cit-3:61
2470 5596 2614 5671 Heg.
2643 5597 2743 5675 ph.
2772 5595 2981 5655 ταυτύν.

2056 5675 2151 5749 41)
2186 5684 2392 5753 Μικρῷ.
2425 5673 2527 5737 Or.
2559 5680 2621 5751 ‘2,
2646 5673 2870 5755 μικρόν,

2032 5756 2151 5834 (42)
2185 5755 2608 5836 EposSeZOs’v-caz:
2644 5754 2792 5836 Reg.
2824 5774 2879 5835 ο,
2914 5754 3268 5835 εἰσδεχθέντα,

2029 5836 2159 5915 (4³).
2182 5846 2304 5901 Ταις
2336 5834 2553 5916 ὁρμαῖς.
2588 5834 2973 5917 Βεεξϐγρτη
2998 5834 3098 5903 τὴν
3130 5839 3321 5914 ὁρμὴν.
