4150 6436
261 408 367 478 517

1049 412 1332 482 ORATIO
1375 404 1584 480 XLlIl.
1631 448 1705 462 —
1749 408 1834 481 IN
1874 408 2187 483 LAUDEM
2235 412 2511 483 BASILII
2555 416 2831 483 MAGNI.

3538 412 3656 479 518

262 556 347 608 τοῦ
415 548 634 630 λουτροῧ
702 556 837 634 σφᾶς
888 550 948 611 οὖ
1016 551 1504 634 παραδεχομένου)’
1537 554 1623 611 καὶ
1664 552 1776 628 ἅμα
1818 559 1915 610 τῶι

2013 554 2294 636 distincti,
2378 553 2501 619 nini
2540 573 2673 616 eum
2702 553 2773 615 ad
2810 552 3090 617 balneum
3119 551 3653 616 antecedunt.Cum

264 643 427 719 θυρῶν
472 640 874 721 ἀρασσομένων,
936 644 1160 723 πατάγῳ
1213 645 1307 700 τὸν
1350 643 1469 701 νέον
1552 640 1909 725 φοϐήσαντες,

265 729 384 787 εἶτα
437 730 539 798 τὴν
610 729 817 790 ε’ἱσοδον
892 734 1364 814 συγχωρήσαντες,
1424 731 1589 797 οὕτως
1652 730 1757 801 ἢδη
1814 733 1914 801 τὴν

261 817 548 900 έλευθερίαν
613 818 862 897 διδόασιν,
897 824 1161 899 ὁμοτιμον
1231 822 1292 881 ἐκ
1320 829 1413 880 τοῦ
1442 825 1684 902 λουτροῦ,
1717 824 1805 880 ναὶ
1839 825 1914 890 ὡς

265 911 432 967 αὐτῶν
502 910 592 968 ἕνα
625 908 910 993 δεχόμενοι
980 914 1067 969 καὶ
1097 913 1253 971 τοῦτο
1284 912 1424 971 ἐστιν
1455 912 1641 976 αὐτοῖς
1684 912 1779 982 τῆς
1820 934 1914 970 τε·

264 996 419 1068 λετῆς
483 998 607 1081 (54)
645 1002 707 1058 τὸ
758 1002 1137 1083 τερπνότατον,
1164 1004 1199 1071 ἡ
1249 1004 1483 1083 ταχίστη
1533 1003 1641 1059 τῶν
1684 1001 1920 1062 λυπούνοι

262 1109 367 1146 των
419 1088 709 1169 ἀπαλλαγὴ
764 1093 853 1148 καὶ
921 1090 1229 1157 κατάλυσις,
1265 1092 1396 1150 Τότε
1440 1092 1616 1149 τοίνυν
1668 1093 1778 1171 εγὼ
1830 1094 1920 1149 τὸν

263 1176 391 1253 ἐμὸν
446 1178 571 1257 (58)
603 1181 690 1237 καὶ
760 1179 930 1259 μέγαν
988 1180 1290 1253 Βασίλειον,
1332 1183 1428 1239 οὔκ
1462 1183 1618 1248 αὐτὸς
1648 1179 1715 1238 δι’
1748 1180 1918 1249 αἰδοῦς

256 1264 389 1345 ἦγον
447 1270 609 1345 μόνον
678 1268 834 1351 (56),
868 1272 929 1328 τό
958 1292 1016 1326 τε
1037 1271 1132 1328 τοῦ
1160 1270 1321 1341 ἤθους
1351 1271 1611 1348 στάσιμον
1654 1275 1915 1353 καθορῶν,

256 1358 346 1413 καὶ
393 1359 454 1414 τὸ
476 1357 531 1414 ἐν
577 1357 762 1438 λόγοις
792 1357 1048 1440 ’καίριον,
1098 1359 1234 1418 ἀλλὰ
1266 1362 1354 1419 καὶ
1387 1362 1510 1425 τοὺς
1538 1360 1729 1426 ἄλλους
1762 1360 1915 1418 ’ἐπει-

253 1450 347 1504 θον
417 1450 617 1525 ὁμοιως
677 1448 848 1530 ἔχειν,
880 1448 995 1507 ὅσοι
1026 1455 1132 1508 τῶν
1164 1451 1297 1509 νέων
1330 1451 1643 1530 ἂγνοοῦντες
1674 1453 1767 1508 τὸν
1815 1450 1913 1507 ἂν-

256 1533 353 1617 δρα
404 1535 724 1620 ἒτύγχανον.
760 1550 887 1605 Τοῖς
919 1542 1021 1619 γὰρ
1049 1538 1279 1605 πολλοῖς
1312 1542 1460 1607 εὐθὺς
1524 1539 1795 1618 αἰδέσιμος
1823 1541 1911 1622 ἧν,

256 1626 397 1704 ἀκοῇ
453 1628 988 1708 προκατειλημμένος
1021 1630 1164 1701 (57).
1221 1628 1310 1696 Ἐξ
1341 1631 1402 1689 οὗ
1429 1632 1480 1689 τί
1507 1632 1707 1711 γίνεται
1741 1651 1758 1712 ς
1799 1632 1914 1689 Μό-

260 1738 349 1781 νος
406 1717 604 1799 σχεδὸν
815 1722 922 1775 τῶν
951 1718 1376 1794 ἐπιδημούντων,
1408 1722 1501 1777 τὸν
1530 1721 1705 1777 κοινὸν
1733 1718 1915 1801 διέφυ-

260 1826 322 1885 γε
354 1808 540 1884 νόμον,
586 1819 885 1888 κρείττονος
912 1809 949 1879 ἢ
977 1811 1115 1867 κατὰ
1144 1808 1337 1876 νέηλυν
1367 1806 1609 1877 ἀξιωθεὶς
1652 1812 1752 1878 τῆς
1780 1810 1912 1891 (59)

1998 653 2189 707 autem
2226 645 2466 726 propius
2491 645 2881 723 accesserint,
2916 646 3086 726 quasi
3142 641 3393 706 fanatico
3452 641 3657 703 furore

1998 736 2279 815 correpti,
2310 736 2635 797 clamorem
2663 734 2966 814 ingentem
3002 754 3135 797 cum
3168 732 3526 797 saltitatione
3548 732 3656 793 tol-

2000 824 2194 887 lentes
2220 824 2342 905 (hic
2373 830 2575 888 autem
2610 824 2941 899 clamor,ne
2977 824 3231 886 ulterius
3261 821 3655 903 progredian-

2002 922 2117 987 tur,
2152 916 2441 991 vetat,sed
2474 924 2537 975 ut
2585 914 2883 990 insistant,
2918 923 3194 995 tanquam
3241 932 3344 976 eos
3377 912 3651 975 balneum

2006 1004 2253 1066 minime
2283 1004 2573 1069 admittat)
2607 1025 2624 1078 ;
2659 1006 2954 1085 simulque
2989 1004 3236 1085 pulsatis
3257 1003 3482 1083 jannis,
3515 1019 3651 1063 cum

2005 1111 2109 1173 per
2137 1094 2445 1175 strepitum
2496 1094 2701 1173 juveni
2745 1104 2963 1156 metum
3015 1093 3398 1166 iucusserint,
3453 1099 3657 1174 postea

2002 1202 2287 1246 concesso
2319 1184 2620 1263 ingressu,
2654 1184 2732 1245 ita
2781 1184 3023 1247 demum
3058 1202 3191 1245 eum
3226 1184 3283 1244 in
3318 1182 3652 1244 libertatem

2004 1282 2315 1350 asserunt;
2366 1283 2546 1355 atque
2597 1292 2629 1335 a
2659 1273 2873 1335 balneo
2902 1276 3216 1335 rednntem
3251 1272 3536 1353 deinceps
3589 1283 3655 1332 ut

2000 1363 2285 1442 aqualem
2314 1382 2382 1425 ac
2404 1362 2666 1424 sodalem
2700 1363 3024 1442 accipiunt;
3051 1370 3226 1441 atque
3258 1363 3370 1423 hoc
3400 1361 3543 1440 ipsis
3566 1368 3656 1421 est

2000 1452 2177 1513 totius
2195 1452 2441 1533 hujusce
2454 1450 3652 1533 caeremonirejucnndissimum,nimirnm

2000 1542 2315 1602 celerrima
2346 1542 2684 1604 vexantium
2716 1541 3003 1603 discessio
3050 1559 3117 1602 ac
3168 1548 3356 1601 castus
3405 1540 3649 1602 solutio.

1998 1628 2163 1693 Tunc
2197 1633 2374 1709 igitur
2405 1651 2602 1693 meum
2634 1649 3030 1712 magnumque
3060 1629 3497 1702 Basilium,non
3526 1627 3654 1709 ipse

2001 1720 2190 1782 solum
2221 1721 2609 1783 veneratione
2634 1719 3232 1802 prosequebar,qnod
3256 1719 3415 1781 illius
3446 1728 3564 1779 tum
3591 1718 3650 1778 in

2002 1811 2269 1873 moribus
2301 1811 2672 1891 gravitatem,
2701 1818 2819 1871 tum
2844 1810 2905 1871 in
2935 1808 3314 1872 sermonibus
3346 1807 3659 1870 maturita-

1940 1883 1977 1932 Β
2001 1908 2117 1962 tem
2141 1912 2201 1963 et
2235 1883 2611 1982 prudentiam
2643 1883 3057 1983 conspicerem
3094 1920 3109 1981 ;
3145 1898 3248 1961 sed
3282 1899 3415 1962 aliis
3447 1899 3651 1974 etiam,

269 1983 489 2062 quibus
522 2004 642 2048 non
673 1986 928 2066 perinde
956 1988 1233 2068 cognitus
1258 1995 1407 2060 erat,
1438 1998 1506 2051 ut
1534 1988 1692 2051 idem
1725 1988 2013 2070 facerent,
2050 1991 2507 2071 persuadebam.
2561 1993 2711 2055 Nam
2762 1990 2916 2071 apud
2966 1992 3179 2051 multos
3235 1989 3428 2051 statim
3464 1989 3523 2050 in
3555 2008 3661 2051 ve-

266 2073 577 2138 neratione
606 2083 759 2153 erat,
790 2084 853 2139 ut
884 2078 987 2159 qui
1016 2078 1176 2140 fama
1206 2085 1264 2140 et
1289 2078 1597 2142 auditione
1616 2078 1740 2159 jam
1780 2097 1915 2141 eum
1955 2082 2405 2162 praecepissent.
2437 2080 2519 2144 Ex
2552 2100 2667 2162 quo
2712 2080 2850 2162 quid
2878 2079 3152 2158 contigit?
3180 2082 3314 2160 Ipse
3344 2078 3505 2140 solus
3534 2078 3660 2141 fere

262 2178 334 2224 ex
362 2163 662 2242 omnibus,
696 2164 799 2247 qui
827 2165 1162 2230 studiorum
1190 2185 1371 2230 causa
1400 2166 1668 2229 Athenas
1694 2167 2038 2244 veniebant,
2069 2170 2370 2231 communi
2402 2173 2532 2248 lege
2581 2170 2808 2233 solutus
2839 2177 2949 2250 est,
2985 2169 3271 2249 majorem
3319 2168 3524 2251 utique
3548 2170 3656 2230 ho-

268 2268 501 2335 norem,
538 2272 719 2336 quam
753 2255 958 2318 tironis
984 2256 1249 2320 conditio
1281 2256 1442 2321 ferre
1468 2256 1801 2339 videbatur,
1826 2269 2200 2321 consecutus.
2900 2308 2903 2315 ι

339 2344 438 2403 lZ'.
500 2353 667 2405 Τοῦτο
722 2348 849 2424 ὑμῖν
879 2346 976 2417 τῆς
1027 2346 1205 2429 φιλίας
1263 2350 1566 2427 προοίμιον·
1623 2346 1856 2405 έντεῦθεν
1886 2350 1913 2404 ὁ

2079 2347 2258 2413 XVII.
2292 2348 2417 2412 Hoc
2447 2349 2619 2411 nobis
2647 2349 2928 2411 amicitiae
2962 2347 3336 2431 praeludium:
3374 2347 3515 2410 hinc
3539 2367 3651 2411 ne-

257 2433 352 2502 τῆς
385 2436 663 2517 συναφείας
694 2438 943 2514 σπινθήρ·
974 2436 1143 2501 οὕτως
1202 2436 1288 2494 ἐπ’
1358 2435 1624 2508 ἀλλήλοις
1669 2436 1912 2512 έτρώθη-

2001 2440 2379 2502 cessitudinis
2409 2439 2703 2518 igniculus
2740 2460 2752 2501 :
2788 2439 2873 2499 sic
2929 2447 3130 2499 mutuo
3162 2455 3366 2498 amore
3397 2437 3651 2501 sauciati

258 2543 380 2599 μεν.
455 2523 698 2582 ’Ἐπειτα
749 2527 1054 2607 συνηνέχθη
1111 2549 1162 2584 τι
1233 2528 1613 2585 xai10t0310v'
1670 2524 1914 2606 οὐδὲγὰρ

2004 2529 2449 2593 sumus.Postea
2466 2528 2811 2609 hujusmodi
2834 2546 3073 2609 quoque
3096 2527 3380 2607 quiddam
3408 2527 3653 2604 accidit;

258 2623 413 2673 τοῦτο
459 2615 784 2695 παραλιπεῖν
854 2615 1021 2681 ἄξιον.
1083 2620 1203 2697 Οὐχ
1232 2615 1433 2674 ἁπλοόν
1483 2616 1637 2695 γένος
1695 2618 1915 2697 εὕρισκω

2005 2639 2139 2681 nam
2177 2640 2249 2682 ne
2276 2622 2386 2682 hoc
2418 2620 2663 2699 quidem
2701 2619 3068 2701 praetermitti
3103 2615 3479 2680 debet:Hand
3514 2622 3652 2679 sim-

258 2705 379 2771 τοὺς
455 2703 785 2784 Ἀρμενίους,
837 2705 977 2763 ἀλλὰ
1015 2710 1106 2764 καὶ
1160 2707 1279 2764 λίαν
1333 2708 1566 2788 κρυπτάν
1624 2730 1673 2765 τι
1696 2710 1785 2764 καὶ
1813 2706 1915 2787 ὕφ-

2003 2710 2219 2791 plicem
2244 2721 2299 2773 et
2321 2718 2584 2792 apertam
2608 2708 3647 2779 nationemArmeniosesseinvenio.

259 2792 411 2855 αλον.
485 2794 614 2854 Τότε
646 2795 818 2853 τοίνυν
859 2802 967 2853 τῶν
1009 2795 1070 2853 ἐκ
1098 2796 1340 2862 πλείονος
1373 2798 1516 2873 αὒτῷ
1560 2799 1802 2868 συνήθων
1830 2794 1915 2853 καὶ

2003 2800 2145 2882 quin
2181 2801 2396 2882 potius,
2423 2799 2744 2865 admodum
2781 2807 2991 2860 tectam
3020 2807 3078 2859 et
3109 2796 3464 2860 simulatam.
3498 2796 3648 2859 Tum

259 2884 428 2971 φίλων
460 2885 620 2959 τινὲς,
681 2881 756 2941 ἔτ’
802 2885 864 2942 ἐκ
910 2892 1005 2943 τοῦ
1054 2887 1254 2966 πατρὸς
1300 2886 1416 2962 (60)
1441 2889 1531 2945 καὶ
1588 2892 1689 2955 τῆς
1722 2885 1915 2943 ἄνωθεν

2002 2881 2142 2971 ergo
2176 2881 2446 2953 nonnulli
2472 2891 2597 2971 jam
2623 2888 2763 2950 olim
2799 2906 2929 2949 cum
2985 2888 3115 2967 ipso
3166 2885 3563 2948 familiaritate
3592 2894 3655 2947 et

266 1900 455 1971 τιμῆς.

257 2969 487 3053 ἑταιρίας
577 2975 687 3045 (καὶ
771 2976 871 3056 γὰρ
969 2975 1176 3045 ἐκείνης
1241 2976 1339 3046 τῆς
1432 2975 1709 3058 διατριϐῆς
1767 2976 1917 3041 ὀντες

252 3064 601 3148 έτύγχανον),
668 3070 980 3148 προσιὸντες
1044 3072 1188 3144 αὐτῷ
1232 3071 1369 3146 μετὰ
1412 3069 1623 3151 φιλικοῦ
1652 3068 1915 3146 πλάσμαι·

255 3178 348 3221 τος
391 3156 609 3235 (φθόνος
631 3155 686 3214 δὲ
714 3157 806 3234 ἦν,
862 3159 959 3215 οὐκ
1007 3158 1182 3217 εὔνοια
1206 3161 1269 3217 τὸ
1328 3158 1648 3242 προσάγον),
1692 3159 1913 3240 ἐπηρώ-

2000 2980 2263 3043 amicitia
2294 2980 2623 3062 conjuncti,
2682 2989 2807 3041 tum
2840 2977 3035 3039 adhuc
3068 2996 3136 3038 ex
3172 2984 3359 3057 patre,
3397 2983 3518 3036 tum
3568 2994 3652 3056 ex

1997 3071 2183 3132 veteri
2212 3070 2483 3133 sodalitio
2519 3078 2675 3144 (nam
2709 3069 2768 3130 in
2824 3069 2923 3130 illa
2954 3067 3159 3129 schola
3212 3065 3464 3127 instituti
3518 3065 3651 3127 {ue-‘-

1997 3170 2174 3236 rant),
2216 3161 2287 3223 ad
2320 3161 2513 3241 ipsum
2540 3179 2647 3242 per
2686 3159 2969 3222 amicitiai
2999 3158 3262 3238 speciem
3294 3154 3654 3218 accedentes

255 3267 365 3303 των
422 3267 479 3302 τε
541 3246 718 3325 αώτὸν,
780 3248 1091 3329 φιλονείκως
1142 3249 1348 3327 μᾶλλον
1396 3253 1431 3321 ἡ
1490 3249 1745 3331 λογικῶς,
1826 3254 1913 3307 καὶ

2002 3252 2253 3333 (invidia
2298 3260 2528 3327 autem,
2585 3271 2701 3312 non
2757 3247 3172 3312 benevolentia
3225 3244 3647 3328 ducebantur),

253 3336 553 3394 ὑποκλίνειν
613 3339 824 3404 ἑαυτοῖς
883 3340 1173 3420 ἐπειρῶντο
1230 3340 1315 3399 διὰ
1343 3348 1443 3411 τῆς
1516 3342 1733 3417 πρώτης
1786 3341 1912 3400 ἑπι-

260 3427 588 3508 χειρήσεως,
648 3431 748 3500 τήν
792 3451 847 3487 νε
877 3429 1074 3488 ἄνωθεν
1102 3440 1196 3491 τοῦ
1223 3430 1407 3511 ἀνδρὸς
1438 3433 1661 3513 εὐφυΐαν
1689 3430 1913 3514 εἰδότες,

256 3518 346 3574 καὶ
402 3518 500 3585 τὴν
557 3516 678 3575 τότε
734 3519 899 3597 τιμὴν
925 3524 985 3580 εὖ
1018 3521 1287 3602 φέροντες.
1328 3524 1510 3579 Δεινὸν
1550 3523 1678 3603 (61)
1707 3525 1808 3603 γὰρ
1831 3524 1914 3580 εἴ·

256 3628 367 3688 ναι,
428 3607 472 3663 εἰ
538 3606 923 3690 προειληφότες
966 3612 1087 3678 τοὺς
1118 3610 1400 3692 τρίϐωνας,
1433 3616 1521 3670 καὶ
1549 3612 1673 3695 (62)
1707 3612 1912 3693 λαρυγ-

252 3697 421 3777 γίζειν
489 3695 621 3779 (63)
663 3700 1187 3780 προμελετήσαντες,
1221 3702 1300 3778 μὴ
1348 3702 1513 3761 πλέον
1568 3703 1749 3784 ἔχοιεν
1823 3710 1915 3760 τοῦ

254 3787 402 3856 ξένου
458 3809 517 3845 τε
574 3790 664 3847 καὶ
715 3789 989 3862 νεήλυδος.
1051 3793 1198 3872 Ἐγὼ
1222 3793 1277 3849 δὲ
1330 3795 1358 3850 ὁ
1414 3792 1756 3873 φιλοθήναιος
1826 3797 1915 3851 καὶ

254 3878 486 3957 μάταιος
540 3881 631 3959 (οὗ
680 3880 779 3961 γὰρ
837 3884 1083 3960 ᾖσθομην
1126 3884 1220 3941 τοῦ
1271 3885 1486 3965 φθὸνου,
1536 3884 1803 3941 πιστεύων
1836 3885 1914 3960 τῷ

254 3966 586 4048 πλάσματι),
646 3968 750 4039 ἢδη
806 3970 1133 4049 κλινομένων
1164 3971 1360 4048 αὐτῶν,
1406 3973 1590 4030 καὶτὰ
1642 3981 1780 4033 νῶτα
1809 3996 1913 4051 με-

260 4054 637 4114 ταϐαλλὸντων
664 4058 780 4139 (καὶ
835 4061 935 4140 γὰρ
983 4060 1337 4132 ἐζηλοτύπουν
1395 4063 1458 4119 τὸ
1495 4064 1604 4118 τῶν
1673 4061 1913 4132 Ἀθηνῶν

255 4143 416 4210 κλέος
446 4144 503 4203 έν
553 4145 779 4213 ἐκείνοις
830 4147 1215 4230 καταλυθῆναι,
1276 4153 1364 4209 καὶ
1391 4152 1626 4233 τάχιστα
1658 4172 1916 4235 περιφρο-

256 4236 530 4317 νηθῆναι),
588 4235 869 4317 ὑπήρειδόν
929 4260 989 4296 τε
1039 4240 1162 4306 τοὺς
1221 4241 1428 4307 νεανίας
1514 4241 1795 4321 ἐπανάγων
1823 4245 1915 4300 τὸν

258 4325 447 4406 λόγον,
501 4328 591 4384 καὶ
632 4328 733 4396 τὴν
764 4328 890 4408 παρ’
936 4330 1165 4406 ἐμαυτοῦ
1195 4329 1364 4410 ῥοπήν
1410 4332 1767 4411 χαριζόμενος
1794 4331 1916 4410 (δύ-

261 4439 416 4475 ναται
473 4415 529 4473 δὲ
573 4419 661 4475 καὶ
718 4421 753 4487 ἡ
784 4420 949 4501 μικρὰ
977 4421 1259 4499 προσθὴκη
1288 4422 1349 4478 τί)
1377 4428 1483 4479 πᾶν
1514 4421 1569 4478 ἐν
1609 4424 1913 4505 τοιούτοις),

1999 3341 2390 3403 contentiosis
2406 3340 2805 3421 potius,qnam
2831 3337 3020 3399 doctis
3044 3334 3339 3414 etargutis
3362 3334 3652 3411 quaestio-

1999 3432 2175 3492 nibus
2206 3450 2343 3494 eum
2377 3429 2686 3509 urgebant,
2722 3449 2790 3491 ac
2823 3428 3015 3510 primo
3048 3426 3271 3505 impetu
3306 3423 3421 3485 sibi
3459 3422 3650 3504 subji-

2001 3539 2136 3583 cere
2166 3519 2561 3593 conabantur,
2600 3528 2721 3582 tum
2758 3517 2914 3600 quod
2950 3515 3247 3595 egregiam
3279 3514 3464 3593 ipsius
3488 3513 3652 3574 indo-

1999 3611 2117 3673 lem
2142 3609 2505 3691 jampridem
2540 3618 2808 3684 nossent,
2836 3614 2963 3670 tum
2995 3604 3153 3686 quod
3185 3603 3475 3665 honorem
3513 3611 3653 3665 tunc

1999 3702 2113 3783 ipsi
2134 3702 2454 3782 praestitum
2483 3699 2847 3781 permoleste
2873 3697 3327 3759 ferrent.Grave
3352 3695 3513 3756 enim
3533 3693 3652 3754 mi-

2001 3791 2280 3872 nimeque
2301 3790 2615 3853 ferendum
2652 3806 2785 3851 esse
2811 3784 3433 3868 jndicabant,eos.qui
3464 3783 3657 3863 philo-

1999 3884 2245 3964 sophica
2268 3882 2442 3964 pallia
2470 3881 2700 3963 priores
2722 3878 3267 3958 induissent,atque
3290 3875 3427 3936 784
3443 3874 3503 3935 in
3518 3874 3651 3964 fun-

1998 3963 2216 4034 ditanis
2237 3963 2437 4034 verbis
2461 3990 2703 4053 operam
2723 3974 2862 4033 ante
2900 3968 3260 4050 posuissent,
3291 3972 3491 4027 extero
3510 3972 3566 4026 et
3584 3963 3655 4025 ti-

1998 4063 2131 4124 roni
2191 4081 2565 4143 nequaquam
2625 4058 2929 4124 anteferri.
2976 4056 3097 4136 Ego
3129 4064 3346 4127 autem,
3375 4053 3475 4116 ille
3496 4055 3655 4117 Athe

2001 4171 2212 4214 narum
2243 4171 2448 4214 amans
2477 4171 2546 4214 ac
2578 4152 2796 4214 stultus
2830 4148 2973 4230 (non
3000 4146 3160 4209 enim
3196 4144 3474 4208 invidiam
3508 4164 3653 4207 sen-

2000 4241 2436 4317 seram,t‘rontis
2467 4240 2770 4302 involucro
2799 4238 2977 4300 ﬁdem
3003 4234 3254 4317 habens,
3276 4236 3650 4298 Athenarum

1999 4330 2249 4410 gloriam
2282 4331 2342 4393 in
2375 4331 2521 4412 ipsis
2552 4346 2901 4411 oppressam
2935 4338 2996 4388 et
3030 4327 3345 4387 celerrime
3374 4334 3649 4389 contem-

2002 4433 2157 4503 ptam
2217 4422 2457 4500 indigno
2520 4422 2720 4483 animo
2754 4417 3001 4499 ferens),
3038 4416 3501 4479 succumbentes
3524 4416 3649 4495 jam

257 4506 390 4571 ’ίσας
447 4507 643 4593 ὑσμίνῃ
704 4508 830 4590 (64)
886 4511 982 4575 τὰς
1024 4510 1282 4593 κεφαλὰς,
1327 4513 1389 4568 τὸ
1446 4521 1539 4572 τοῦ
1566 4510 1730 4593 λόγου
1774 4504 1912 4574 κατ-ἓ

2001 4514 2497 4587 adolescentes,et
2520 4518 2684 4590 terga
2708 4505 3281 4579 vertentes,redncta
3302 4504 3652 4585 disputatio-

260 4597 489 4667 έστησα,
548 4590 641 4665 Ὠς
671 4596 727 4656 δὲ
793 4603 855 4657 τὸ
910 4602 1010 4671 τῆς
1040 4590 1321 4669 διαλέξεως
1373 4603 1543 4681 ἔγνων
1588 4590 1909 4683 ἀπόρρητον,

259 4688 377 4747 οὐδὲ
434 4692 687 4748 καθεκτὸν
719 4689 796 4748 ἔτι
865 4692 1159 4773 τυγχάνον,
1207 4691 1347 4749 ἀλλὰ
1376 4698 1558 4775 σαφῶς
1602 4691 1704 4763 ἤδη
1735 4718 1915 4777 παρα-

344 4839 470 4925 (ει)
495 4838 878 4925 Τελξτῆςηδίο
907 4843 1097 4925 Begg.
1130 4860 1187 4920 a,
1236 4860 1292 4925 c,
1324 4841 1388 4925 d,
1420 4842 1604 4907 Coisl.
1638 4850 1698 4925 2,
1744 4847 1911 4910 Pass.

264 4931 329 4987 et
357 4919 569 5005 Comb.
600 4919 669 5005 In
701 4920 828 5005 ed.,
854 4919 1133 4999 τελευτῆς,
1172 4919 1197 4982 ι
1233 4919 1397 5005 ﬂuis,
1423 4942 1608 4985 mors.
1645 4949 1670 4985 ν

353 5003 474 5084 (55)
504 5012 607 5086 ’ζον
649 5002 1021 5086 Epo'v.'Begg.
1053 5022 1111 5081 ε,
1146 5024 1204 5086 c,
1253 5002 1526 5086 d,,Coisl.
1558 5007 1616 5081 2,
1652 5003 1757 5072 Or.
1790 5006 1831 5069 2
1858 5017 1919 5071 et

259 5080 713 5169 Pass.‘_add‘unt,
737 5084 908 5169 σοφόν
931 5080 1033 5169 τε,
1071 5080 1101 5143 «ί
1132 5080 1201 5148 et'
1220 5080 1578 5169 sapientem.
1606 5080 1642 5144 ⁷»

345 5163 481 5245 (56)
510 5162 708 5228 Μόνονξ
733 5162 925 5245 Pass,
960 5167 1147 5243 μόνος.

346 5244 474 5329 (57)
508 5244 1073 5329 Προκατειλημμένος.
1133 5248 1283 5328 Reg.
1318 5245 1419 5311 bm
1452 5254 1510 5310 et
1528 5244 1722 5327 Pass.,
1777 5270 1918 5329 προ-

260 5326 745 5405 κατειλημμένοις,

347 5408 479 5491 (58)
507 5409 683 5476 Μόνος
708 5405 957 5491 on-mm.
1018 5406 1244 5472 Eadem
1298 5408 1387 5471 sic
1431 5415 1680 5473 testatur
1739 5408 1923 5491 Cyrus

347 5432 448 5491 too
507 5432 683 5476 movoc
742 5432 773 5467 σ
819 5432 957 5470 εοον.
1018 5432 1244 5472 nauem
1298 5432 1387 5471 uc
1432 5432 1680 5473 leSIatur
1739 5432 1783 5474 La
1820 5432 1922 5472 rus

264 5432 624 5553 Theodorus
658 5507 673 5553 ζ
708 5432 862 5548 Ἀλλ’
916 5490 1048 5571 ἄχρι
1069 5550 1075 5565 δ
1097 5497 1263 5571 ταῦτα
1294 5570 1299 5571 7
1332 5500 1424 5551 τοῦ
1451 5493 1617 5571 σοφού
1645 5432 1922 5551 Βασιῖείου

264 5573 433 5653 μάνου
480 5571 911 5653 φυγόντος-τοὺς,
932 5568 1202 5653 νεηλύδων
1241 5570 1461 5653 νόμους’
1502 5568 1542 5653 ς’
1564 5570 1704 5635 Haec
1734 5591 1923 5653 usque

262 5650 345 5713 ad
372 5650 704 5732 sapientem
733 5650 1043 5732 Basilium,
1101 5650 1209 5730 qui
1260 5650 1424 5715 solus
1482 5652 1740 5716 tironum
1794 5650 1922 5733 lege

268 5729 561 5793 liberatus
591 5730 724 5793 fuit.
761 5757 790 5789 ι

295 5740 561 5794 iberatns
591 5740 724 5794 fuit.
761 5757 790 5789 ι

352 5810 485 5893 (59)
525 5811 771 5879 Αξιωθεὶς
820 5812 942 5895 τῆς,
976 5821 1096 5879 etc.
1126 5811 1226 5895 Sic
1251 5814 1448 5898 Re“.
1481 5832 1538 5893 ε,
1573 5832 1631 5893 c,
1656 5814 1719 5898 d,
1750 5814 1855 5879 Or.
1890 5818 1926 5877 2

2000 4624 2075 4667 ne
2097 4601 2717 4682 suifnlciebam,atque
2747 4598 2948 4661 auxilii
2974 4597 3091 4658 mei
3117 4596 3654 4676 momentnmipsis

2000 4692 2259 4773 largiens
2290 4691 2371 4767 (in
2406 4687 2745 4772 liujusmodi
2793 4706 2970 4770 porro
3000 4685 3182 4750 rebus
3208 4686 3301 4748 vel
3336 4685 3655 4766 perexigua

1999 4853 2057 4907 et
2087 4840 2297 4906 Comb.
2334 4842 2513 4903 Deest
2540 4845 2637 4908 τῆς
2666 4837 2727 4899 in
2759 4836 2858 4898 ed.

2095 4922 2221 5004 (60)
2264 4921 2400 5004 [Ἔτ’
2434 4925 2495 4979 ἔκ
2528 4928 2620 4979 τοῦ
2654 4921 2867 4994 πατρὸς.
2931 4915 3113 5004 Coisl.
3176 4918 3247 5004 1ζ
3290 4917 3395 5004 εἴτ’
3445 4917 3505 4973 ἐκ
3539 4924 3653 5004 ,τοῦ

2001 4996 2222 5085 πατρὸς.
2268 4999 2485 5085 Nicet,
2519 5002 2581 5085 ἔκ
2631 5022 2687 5085 τε
2723 4999 3104 5085 ξοῦ--ῃαξρὴ
3144 5018 3173 5057 ‹
3210 4996 3652 5085 Quiqnondam

2004 5088 2060 5148 in
2078 5076 2265 5167 ipsius
2289 5083 2469 5167 patris
2486 5076 2933 5167 schola,Basi|ii
2950 5076 3675 5167 ἣξει-³ηειιοῐιιῌὲιεξιηιιμξμ

2080 5157 2211 5245 (iii)
2243 5157 2447 5245 Aétvo'v.
2476 5165 2572 5226 Sic
2602 5164 2783 5245 Regg.
2819 5176 2855 5220 ο
2882 5166 2941 5220 et
2985 5158 3107 5223 bm,
3145 5157 3234 5245 L1,,
3284 5157 3357 5220 ed
3394 5158 3611 5245 2Αδῗψρ,

2247 5242 2536 5328 meum,
2569 5236 2813 5328 xulfS—ic
2844 5247 3097 5321 quatuor
3142 5242 3357 5319 Regg.,
3393 5236 3438 5289 Ρ

2006 5324 2217 5394 Οοιηδζ
2250 5324 2316 5387 In
2350 5325 2448 5387 ed.
2484 5326 2652 5387 deest
2683 5324 2793 5386 καί.

2092 5408 2215 5486 (63)
2244 5406 2607 5485 Δαρυγγίζειν.
2631 5402 2680 5465 Ν
2687 5404 2869 5486 icetas
2894 5403 3045 5464 hanc
3095 5416 3269 5460 vocer

2003 5484 2233 5566 κομψῶς
2261 5484 2458 5567 λέγειν·
2500 5508 2530 5546 ‹
2576 5492 2781 5547 ornate
2800 5484 3036 5567 dicere.
3066 5501 3108 5567 )_
3148 5519 3219 5555 ,μ

2092 5562 2215 5648 (64)
2241 5562 2401 5648 "tua:
2432 5569 2771 5647 ὓσμίνῃβιο.
2799 5563 3054 5648 [studes
3090 5562 3108 5573 ’

2005 5642 2159 5713 vers.
2192 5642 2294 5725 ⁷71,
2329 5642 2809 5728 desumptnm,nt
2832 5642 3021 5728 sign?"

2009 5730 2252 5812 cipitem
2278 5724 2568 5810 pugnam:
2602 5752 2622 5785 ε
2828 5724 2923 5801 ,μί’
