4150 6384
256 319 374 386 521

1052 316 1334 385 ORATIO
1379 317 1590 384 XLIII.
1637 353 1715 366 —
1748 317 1829 380 IN
1877 309 2192 380 LAUDEM
2242 317 2517 384 BASILII
2557 315 2830 388 MAGNI.

3542 325 3659 395 522

252 459 458 540 ῥέουσιν
527 459 621 516 ἵνα
668 461 756 517 καὶ
803 459 1011 538 ἦρινοῖ)
1074 456 1302 516 ἄνθεσιν.
1364 456 1494 515 Οὔτε
1525 458 1625 536 γὰρ
1661 454 1790 546 φλὸξ
1821 450 1913 528 μέ-

2014 466 2114 530 'es,
2141 456 2278 533 quia
2295 473 2494 518 rerum
2520 457 2809 520 ﬂuxarum
2840 464 3002 535 sunt,
3030 461 3220 523 fluunt
3243 482 3480 544 quoque
3506 464 3648 546 ipsi,

255 571 359 622 νει,
417 554 519 616 τῆς
550 547 680 615 ὅλης
714 548 1106 616 δαπανηθείσης
1132 547 1278 628 (78),
1324 546 1462 604 ἀλλὰ
1505 555 1582 621 τῷ
1629 544 1915 602 ἀνάπτοντι

255 637 673 720 συναπέρχεται,
708 639 827 696 οῧτε
889 641 1050 704 πόθος
1111 639 1388 718 ὑφίσταται
1450 637 1592 718 (79),
1654 656 1912 715 μαραινο-

253 730 414 806 μένου
463 736 554 787 τοῦ
609 731 1039 804 ὑπεκκαύματος.
1074 732 1134 787 O't
1193 728 1246 784 δέ
1304 729 1439 784 κατὰ
1495 727 1624 784 Θεόν
1703 747 1760 781 τε
1830 724 1916 781 καὶ

254 820 547 900 σώφρονες·
607 817 790 886 ἒπειδὴ
842 820 1156 898 πράγματος
1210 818 1442 882 ἐστῶτός
1475 819 1598 891 εἶσι,
1645 814 1730 871 διὰ
1759 822 1916 871 τοῦτο

254 911 342 967 καὶ
394 909 778 988 μονιμώτεροι,
811 911 899 966 καὶ
973 909 1083 984 ὅσῳ
1133 908 1294 966 πλέον
1327 906 1446 979 (80)
1472 910 1656 970 αὐτοῖς
1685 906 1747 959 τὸ
1779 902 1916 959 κάλ-

255 998 348 1060 λος
420 999 762 1078 φαντάζεται,
793 1001 1030 1074 τοσούτῳ
1087 997 1294 1073 μᾶλλον
1351 995 1524 1069 ἔαυτῷ
1570 1017 1628 1050 τε
1671 996 1758 1052 καὶ
1813 991 1914 1049 ἂλ-

259 1088 448 1159 λήλοις
495 1088 671 1147 συνδεῖ
741 1091 861 1152 τοὺς
905 1095 1012 1146 τῶν
1074 1089 1246 1145 αιότῶδ
1303 1086 1554 1164 ὶραστάς.
1616 1094 1779 1148 Οὗτος
1824 1089 1917 1139 τοῦ

2002 559 2117 602 non
2153 561 2326 606 secus
2359 565 2426 608 ac
2460 549 2616 609 veris
2646 549 2846 612 ﬂores.
2885 549 3026 611 Nam
3064 570 3174 612 nec
3204 552 3465 627 ﬂamma,
3503 575 3651 618 con-

2003 643 2235 710 sumpta
2263 636 2531 708 materia,
2558 647 2849 714 remanet,
2879 641 2982 702 sed
3009 660 3126 701 una
3151 661 3286 701 cum
3320 661 3390 704 ea
3420 646 3652 707 exstin-

2001 722 2216 799 guitur,
2246 743 2355 786 nec
2378 726 3190 802 desiderium,marcescente
3212 730 3436 804 fomite,
3466 735 3658 796 subsi-

2001 812 2120 903 stit.
2151 814 2225 873 At
2248 815 2446 894 pudici
2471 824 2528 876 et
2559 816 2680 878 Deo
2703 819 2851 895 grati
2874 837 3133 894 amores,
3171 821 3652 903 quandoquidem

2000 901 2084 962 rei
2120 903 2346 965 stabilis
2387 913 2444 966 et
2477 905 2664 967 ﬁrma;
2714 917 2875 981 sunt,
2905 917 3220 988 propterea
3251 901 3654 976 diuturniores

2001 991 2177 1051 etiam
2194 1002 2329 1053 sunt
2350 1013 2364 1067 ;
2385 999 2728 1074 quantoque
2743 999 2932 1074 major
2949 997 3412 1076 pulchritudinis
3423 1003 3654 1081 species

2000 1081 2144 1160 ipsis
2175 1082 2476 1161 objicitur,
2518 1091 2679 1145 tanto
2711 1087 2888 1148 etiam
2941 1088 3186 1161 arctius,
3222 1101 3282 1149 et
3332 1109 3560 1172 secum,
3596 1101 3654 1154 et

257 1179 386 1253 ὑπὲρ
459 1179 603 1252 ἡμᾶς
663 1178 863 1256 ἔρωτος
922 1181 1083 1254 νόμος
1132 1177 1281 1257 (81),
1339 1178 1660 1251 Αἶσθάνομαι
1692 1174 1788 1249 μὲν
1834 1179 1922 1229 οὖν

2014 1172 2162 1232 inter
2194 1191 2282 1247 se,
2317 1173 2663 1234 earumdem
2703 1194 2903 1236 rerum
2939 1185 3237 1238 amatores
3283 1180 3650 1244 devinciunt.

258 1267 359 1332 ἔξω
426 1269 520 1324 τοῦ
580 1275 748 1349 καιροῦ
822 1270 911 1325 καὶ
970 1275 1066 1326 τοῦ
1126 1269 1320 1348 μέτρου
1364 1265 1676 1346 φερόμενος,
1711 1263 1800 1319 καὶ
1825 1265 1922 1320 οὐκ

2014 1260 2143 1321 Haac
2168 1263 2386 1343 quippe
2417 1263 2662 1342 superni
2689 1266 2909 1327 amoris
2940 1266 3031 1327 lex
3064 1276 3170 1329 est.
3209 1268 3498 1348 Equidem
3533 1291 3652 1353 me,

257 1355 368 1415 οἶδ’
424 1357 569 1424 ὅπως
637 1361 709 1422 εἷς
739 1359 956 1422 τούτους
984 1359 1237 1435 ἐμπίπτω
1265 1357 1387 1420 τοὺς
1436 1354 1650 1433 λόγους,
1681 1353 1776 1410 οὐκ
1804 1351 1922 1431 ἔχω

2014 1360 2169 1411 extra
2200 1361 2456 1433 tempus,
2497 1361 2554 1414 et
2584 1363 2744 1415 extra
2796 1355 3062 1426 modum,
3099 1359 3458 1438 praecipitem
3512 1351 3656 1423 l'erri

260 1446 303 1504 δ’
359 1449 504 1512 ὃπως
536 1447 764 1522 ἐμαυτὸν
819 1449 1032 1529 ἐπίσχω
1082 1455 1175 1505 τοῦ
1230 1445 1591 1525 διηγήματος.
1645 1443 1755 1500 Ἀεὶ
1817 1443 1917 1519 γὰρ

2014 1440 2199 1529 sentio
2233 1459 2247 1515 ;
2281 1460 2392 1502 nec
2423 1461 2680 1522 quonam
2713 1445 2890 1504 modo
2923 1445 2984 1506 in
3017 1446 3123 1506 hos
3155 1465 3466 1511 sermones
3499 1451 3654 1512 inci-

262 1561 354 1614 μοι
395 1539 457 1594 τὸ
524 1538 745 1616 παρεθέν
841 1527 1138 1616 ἀναγκαῖον
1195 1539 1459 1617 φαίνεται,
1514 1536 1601 1590 καὶ
1673 1544 1916 1611 κρεῖττον

2014 1527 2136 1589 iam
2167 1529 2289 1591 scio
2323 1548 2338 1605 ;
2373 1549 2483 1592 nec
2515 1549 2724 1592 rursus
2751 1551 3006 1611 quonam
3041 1541 3210 1612 pacto
3258 1535 3552 1608 meipsum
3584 1537 3656 1598 ab

260 1635 354 1685 τοῦ
407 1626 825 1708 προληφθέντος.
890 1626 996 1685 Κέίν
1071 1626 1139 1704 μέ
1197 1649 1278 1689 τις
1344 1625 1529 1703 ἀπάγῃ
1589 1630 1681 1679 τοῦ
1735 1623 1920 1699 πρόσω

2014 1618 2347 1697 bujusmodi
2365 1621 2705 1681 narratione
2719 1621 3278 1702 reprimerequeam
3291 1624 3458 1687 .Mihi
3473 1626 3656 1702 enim,

260 1723 606 1796 τυραννικῶς,
638 1719 700 1773 τὸ
764 1724 868 1775 τῶν
920 1715 1234 1774 πολυπόδων
1284 1716 1558 1790 πείσομαι,
1592 1713 1666 1769 ὤν
1687 1717 1785 1779 τῆς
1818 1715 1919 1768 θα-

2014 1708 2063 1768 id
2103 1709 2263 1786 quod
2302 1709 2768 1788 praetermissum
2818 1720 2932 1790 est,
2969 1713 3372 1774 necessarium
3424 1733 3665 1794 semper

261 1807 442 1876 λάμης
496 1807 875 1888 ὲξελκομένων,
949 1806 1291 1882 προσέξονται
1351 1819 1473 1870 ταῖς
1535 1803 1780 1866 κοτύλαις
1834 1805 1918 1857 αἱ-

2014 1798 2258 1888 videtur,
2298 1801 2791 1879 praestantiusque
2853 1818 2925 1862 eo
2985 1802 3143 1881 quod
3205 1802 3369 1882 prius
3412 1805 3657 1885 arripui.

260 1898 470 1977 πέτραι,
523 1897 612 1953 καὶ
671 1901 729 1955 οὗ
786 1886 904 1975 πρὶν
950 1897 1328 1976 ἀφεθήσονται,
1388 1893 1423 1962 ἤ
1495 1891 1620 1970 παρ’
1673 1891 1922 1962 ἀλλήλων

2014 1886 2174 1959 Quod
2211 1890 2257 1948 si
2291 1889 2424 1968 quis
2461 1908 2554 1951 me
2585 1889 2638 1949 vi
2689 1890 2989 1952 abducere
3037 1899 3245 1971 tentet,
3279 1911 3354 1955 ne
3408 1894 3663 1956 ulterius

263 2009 315 2043 τι
373 1984 698 2065 προσλαϐεῖν
729 1986 789 2043 ἐκ
845 1987 938 2054 τῆς
995 1986 1133 2063 βίας.
1210 1986 1265 2042 Εἰ
1323 1984 1420 2059 μὲν
1478 1983 1566 2040 οὗν
1624 1986 1922 2062 συγχωρή-

2014 1977 2378 2058 progrediar,
2410 1979 2567 2040 idem
2591 1980 2764 2054 mihi,
2789 1980 2947 2060 quod
2973 1982 3224 2061 polypis,
3247 1983 3663 2064 accidet,quo-

266 2099 347 2135 σοι
409 2075 530 2154 (82)
590 2098 693 2150 τις,
743 2076 860 2156 ἔχω
923 2079 983 2133 τὸ
1041 2079 1386 2150 ζητούμενον·
1427 2075 1470 2129 εἷ
1528 2072 1583 2129 δὲ
1630 2074 1732 2148 μὴ,
1796 2072 1922 2152 παρ’

2014 2088 2140 2131 rum
2163 2069 2655 2142 acetabulis,cum
2683 2089 2714 2131 e
2737 2071 3036 2132 cubilibus
3057 2073 3666 2155 extrahuntur,petrai

265 2166 494 2242 ἰμαυτοῦ
526 2165 793 2241 λήψομαι,

2009 2160 2443 2238 adhaerescunt,
2475 2177 2584 2220 nec
2615 2161 2779 2239 prius
2801 2159 3371 2243 divelluntur,quam
3397 2181 3465 2224 ex
3493 2164 3590 2225 illa
3609 2164 3665 2224 vi

267 2255 573 2337 quidpiam
609 2255 897 2332 utrinque
927 2253 1290 2333 acceperint.
1325 2250 1589 2314 Proinde
1609 2251 1660 2312 si
1690 2250 1827 2330 quis
1857 2251 2004 2313 mihi
2041 2251 2147 2310 hoc
2182 2249 2572 2320 concesserit,
2605 2249 2795 2311 habeo
2821 2250 2977 2330 quod
3012 2269 3239 2330 quaero;
3271 2252 3362 2312 sin
3391 2253 3664 2328 minus,a

267 2345 497 2424 meipso
529 2344 847 2424 accipiam.

346 2433 448 2498 K'.
481 2436 630 2492 Οὒτω
680 2433 747 2500 δὴ
789 2434 856 2489 τὰ
884 2435 1017 2512 πρὸς
1039 2430 1305 2498 ἀλλῦλους
1338 2431 1581 2512 ἔχοντες,
1615 2432 1704 2488 καὶ
1733 2433 1916 2488 τοιαύ-

264 2547 358 2588 τας
427 2523 829 2591 ὓποστήσαδτις
873 2526 1088 2600 εὖτεχεῖ
1122 2519 1250 2601 (83)
1279 2522 1503 2596 θαλάμῳ
1536 2519 1769 2600 χρυσέας
1799 2520 1918 2576 κίο-

267 2637 359 2677 νας
421 2610 570 2690 (84),
630 2611 657 2666 ὅ
720 2632 850 2688 φησι
904 2608 1180 2687 Πίνδαρος,
1246 2609 1412 2672 οὕτως
1469 2611 1656 2685 ᾗειμεν
1713 2611 1787 2672 εἷς
1859 2611 1919 2664 τὸ

264 2703 470 2781 πρόσω,
534 2707 650 2774 Θεῷ
693 2701 780 2754 καὶ
831 2699 977 2772 πόθῳ
1022 2711 1295 2776 συνεργοῖς
1326 2695 1768 2781 χρώμενοιηηὶῑ
1803 2704 1919 2760 πῶς

267 2792 510 2867 ἀδακρυτὶ
571 2791 668 2858 τὴν
731 2790 932 2845 τούτων
990 2787 1192 2864 ἐνέγκω
1263 2789 1480 2864 μνῆμην
1529 2808 1544 2867 ς
1613 2777 1764 2845 "lactt
1826 2789 1924 2862 μὲν

269 2878 475 2945 ἑλπίδες
547 2880 684 2957 ἦγον
739 2879 902 2953 ἡμᾶς,
967 2877 1279 2956 πράγματος
1337 2877 1786 2957 ὲπιφθονωτάτου,
1820 2884 1926 2932 τῶν

270 2971 466 3050 λόγων·
530 2970 717 3048 φθόνος
800 2966 854 3023 δὲ
913 2968 1082 3047 ἀπῆν,
1172 2965 1335 3037 ζῆλος
1415 2964 1469 3022 δὲ
1551 2965 1922 3038 ἐσπουδάζετο.

267 3061 441 3138 Ἀγὼν
495 3057 550 3114 δὲ
599 3057 947 3138 ἀμφοτέροις,
1006 3057 1110 3136 οὐχ
1174 3055 1318 3121 ὅστις
1365 3058 1520 3120 αὐτὸς
1552 3058 1612 3112 τὸ
1662 3070 1925 3136 πρωτεῖον

264 3151 389 3230 ἔχοι
424 3147 586 3227 (85),
618 3146 736 3204 ἀλλ’
763 3148 907 3210 ὃπως
941 3154 1015 3219 τῷ
1046 3147 1208 3225 ἑτέρῳ
1237 3147 1422 3203 τούτου
1455 3148 1921 3226 παραχωρήσειεν·

267 3243 328 3296 τὸ
385 3240 484 3316 γὰρ
537 3236 789 3307 ἀλλήλων
855 3235 1130 3312 εὐδόκιμον
1212 3234 1352 3292 ἴδιον
1411 3235 1753 3310 ἐποιούμεθα.
1823 3238 1926 3292 Μία

266 3329 364 3402 μὲν
409 3328 728 3406 ἀμφοτέροις
789 3323 957 3382 ἐδόκει
1010 3326 1190 3405 ψυχὴ,
1247 3323 1336 3382 δύο
1389 3327 1612 3401 σώματα
1670 3326 1919 3405 φέρουσα,

265 3418 364 3478 Καί
390 3420 434 3474 εὶ
494 3418 554 3473 τὸ
612 3417 783 3472 πάντα
841 3415 895 3471 ἓν
948 3422 1075 3472 πᾶσι
1127 3418 1358 3488 κεῖσθαι,
1399 3416 1475 3490 μὴ
1520 3416 1763 3473 πειστέον
1800 3415 1920 3494 (86)

263 3522 382 3571 τοῖς
449 3506 714 3586 λέγουσιν’
778 3504 898 3561 ἀλλ’
955 3507 1093 3580 ἡμῖν
1149 3526 1209 3580 γε
1271 3504 1511 3561 πειστέον
1571 3504 1821 3585 (87),ὡς
1868 3506 1922 3562 ἐν

262 3595 546 3668 ἂλλήλοις,
622 3598 709 3652 καὶ
769 3595 894 3673 παρ’
924 3593 1184 3661 ἀλλὴλοις
1216 3593 1481 3668 ἐκείμεθα.
1519 3592 1636 3651 ’Ἕν
1671 3594 1716 3649 δ’
1751 3596 1925 3676 ἀμφο-

263 3688 435 3764 τέροις
498 3685 676 3765 ἔργον,
713 3687 743 3753 ἦ
802 3684 989 3764 ἀρετὴ,
1031 3686 1118 3741 καὶ
1161 3685 1222 3740 τὸ
1266 3691 1360 3760 ζῇν
1396 3686 1528 3763 πρὸς
1559 3685 1653 3749 τὰς
1687 3683 1923 3761 μελλού-

269 3799 367 3840 σας
424 3773 663 3850 ἐλπίδας,
714 3775 833 3852 πρὶν
893 3772 1093 3830 ἐνθένδε
1151 3773 1427 3854 ἀπελθεῖν,
1511 3773 1713 3830 ἐνθένδε
1787 3779 1922 3850 μεθ-

266 3865 595 3941 ισταμένοις.
668 3866 806 3943 Πρὸς
838 3863 866 3919 ὅ
925 3863 1235 3941 βλέποντες,
1295 3866 1384 3921 καὶ
1441 3865 1553 3940 βίον
1606 3867 1695 3921 καὶ
1740 3864 1925 3943 πρᾶξιν

259 3954 470 4010 ἅπασαν
546 3953 938 4028 ἆπηυθύνομεν,
1002 3955 1146 4031 παρα
1195 3974 1253 4008 τε
1311 3953 1410 4020 τῆς
1478 3952 1697 4020 ἐντολῆς
1759 3955 1925 4014 οὕτως

263 4043 541 4122 ἀγόμενοι,
573 4043 660 4098 καὶ
691 4040 948 4110 ἀλλήλοις
993 4043 1090 4109 τὴν
1118 4042 1310 4120 ἀρετὴν
1342 4044 1765 4121 παραθήγοντες*
1813 4046 1922 4114 καὶ,

264 4134 309 4189 εὶ
343 4133 420 4206 μὴ
456 4131 594 4208 μέγα
627 4130 744 4205 ἐμοὶ
775 4137 930 4187 τοῦτο
960 4132 1158 4204 εἰπεῖν,
1207 4130 1459 4193 κανόντες
1492 4131 1641 4192 ὃντες
1669 4130 1926 4198 ἀλλὴλοις

261 4222 350 4278 καὶ
382 4221 631 4322 στάθμαι,
697 4231 782 4280 οῖς
839 4220 907 4322 15‘
950 4218 1094 4322 ιῦθξς
1134 4217 1313 4322 ‘(88),
1390 4221 1609 4295 καὶμὴ,
1666 4218 1996 4322 διακρίνεου

259 4332 372 4369 ται.
435 4307 691 4383 Ἐταίρων
732 4328 790 4364 τε
851 4308 950 4386 γὰρ
1022 4305 1351 4382 ὡμιλοῦμεν,
1413 4309 1472 4365 οὒ
1529 4323 1649 4373 τοῖς
1709 4309 1927 4388 ἀσελγε-

270 4400 523 4472 στάτοις,
582 4397 720 4454 ἀλλᾶ
779 4410 896 4460 τοῖς
950 4398 1578 4478 σωφρονεστάτοιςοξοῦδὲ
1604 4412 1720 4462 τοῖς
1748 4422 1925 4480 μαχι-

263 4489 562 4568 μωτάτοις,
614 4485 752 4543 ἀλλὰ
811 4499 929 4552 τοῖς
953 4484 1413 4566 εἱρηνικωτάτοις,
1476 4491 1563 4547 καὶ
1595 4489 1682 4554 οἷς
1743 4503 1926 4547 συνεῖυ

262 4601 347 4636 ναι
402 4575 861 4636 λυσιτελέστατον·
925 4575 1143 4654 εἰδότες,
1206 4576 1288 4633 ὅτι
1362 4580 1551 4645 κακίας
1582 4580 1708 4658 ῥᾷον
1763 4601 1921 4656 μετα-

342 4701 397 4747 ⁹⁸
428 4699 603 4765 Pind.
640 4699 919 4783 Olymp.,
952 4699 1054 4763 od.
1077 4715 1163 4783 vr,
1195 4716 1354 4765 vers.
1395 4709 1446 4762 ι.

345 4819 949 4902 (ἾδλΔαπανηθείσῃς.
989 4821 1141 4900 Reg.
1177 4839 1231 4897 c,
1265 4820 1677 4900 δαπανωμένης.

374 4893 471 4983 ’79)
494 4893 840 4983 ’Υφίσταταιη
860 4899 1006 4981 Reg.
1045 4893 1148 4983 pii,
1181 4893 1421 4983 ἵσταται.

375 4914 471 4978 79)
513 4914 823 4980 Υφίσταται.
860 4914 1006 4981 ﬂes.
1045 4914 1148 4983 ph,
1181 4914 1421 4964 ’ἱσταται.

339 4914 480 5122 380)
521 4981 758 5073 Καὶβσῳ
789 4981 972 5063 πλέον,
1000 4982 1396 5056 εῑο.αουειηῑο
1430 4983 1618 5063 magis
1651 4985 1923 5066 pulchri-

381 5081 415 5122 ο
456 5069 642 5122 menti
672 5062 979 5122 obiicitur.
1018 5088 1044 5121 ι
1078 5063 1375 5122 Nimirum
1412 5088 1438 5121 α
1472 5065 1674 5122 anima
1710 5075 1769 5122 et
1799 5067 1923 5122 vir-

268 5060 415 5126 tudo
456 5060 642 5122 menti
672 5060 979 5141 objicitur,
1018 5088 1044 5121 ι
1078 5063 1375 5127 Nimirum
1412 5088 1438 5121 α
1472 5060 1674 5128 anima
1710 5075 1769 5130 et
1799 5067 1925 5129 vir-

269 5153 388 5222 tus,
429 5167 456 5198 ι
489 5149 554 5217 ut
585 5145 826 5222 exponit
853 5143 1116 5210 Nicetas.

375 5223 474 5297 81)
524 5222 688 5288 Οὗτος
739 5226 831 5280 τοῦ
876 5226 1005 5304 ὑπὲρ
1036 5227 1190 5308 ,ἡμᾶς
1243 5227 1668 5308 ἔρωτοςπνόμος.
1702 5225 1922 5302 Nicet.,

265 5290 330 5364 Ὀ
357 5290 480 5363 ὶτού
538 5312 897 5390 πνευματιξιοῦ
963 5290 1051 5364 διαὶ
1124 5290 1380 5390 ἡμετέρου
1452 5290 1646 5387 ἔρωτος
1717 5310 1879 5384 νόμος
1906 5355 1923 5385 ,

267 5387 490 5471 amoris
523 5383 939 5471 spiritualiset
969 5388 1161 5450 nostri
1192 5383 1308 5471 lex,
1345 5411 1374 5450 ι
1433 5383 1602 5469 quasi
1657 5383 1928 5471 philoso-

269 5467 428 5548 phici
455 5473 514 5528 et
545 5465 898 5530 Christiani.

354 5548 488 5631 (βε)
518 5548 901 5631 Emi-rises.-
935 5549 1087 5631 ῐὶθεο
1124 5549 1224 5630 Ph:
1263 5551 1630 5631 συγχωρήσει.

349 5626 795 5711 (8³)Εὒτέίχιτ.
829 5626 929 5693 Sic
967 5626 1154 5711 Réggl
1189 5648 1247 5711 a,
1301 5626 1465 5707 cfd,‘
1487 5631 1613 5705 bm,
1645 5630 1931 5694 undecim

349 5648 478 5708 ωδ)
516 5648 795 5708 ευτειχιῑ.
829 5648 929 5693 mc
967 5648 1096 5709 nec
1140 5679 1154 5694 .
1189 5648 1247 5711 a,
1301 5650 1355 5704 c,
1389 5648 1451 5707 α,
1488 5648 1613 5705 om,
1645 5648 1931 5694 undecim

267 5705 769 5847 “02:3,.Pindar"
800 5717 919 5775 etc.
949 5713 1020 5776 In
1049 5648 1176 5788 ei,
1212 5714 1457 5794 εὐτυχεῖ,
1498 5711 1718 5790 (felici,
1751 5712 1934 5776 fortu-

266 5805 431 5852 nato.
467 5811 496 5848 ι

646 5898 907 5964 Ρλτιοι.
941 5900 1050 5966 Gr.
1083 5899 1356 5970 XXXVI.

2087 2428 2215 2490 XX.
2246 2426 2387 2489 Cum
2426 2427 2607 2505 igitur
2651 2429 2761 2491 hoc
2812 2429 2965 2490 inter
2999 2448 3108 2491 nos
3140 2431 3340 2491 animo
3392 2449 3665 2493 essemus

2004 2519 2268 2598 atlesque
2291 2517 2483 2579 valido
2510 2519 2790 2592 thalamo,
2819 2527 2880 2579 ut
2911 2526 3001 2580 est
3027 2521 3182 2599 apud
3219 2521 3542 2582 Pindarum
3581 2520 3659 2596 95,

2005 2625 2215 2669 aureas
2250 2607 2556 2669 columnas
2590 2608 3085 2688 subjecissemus,
3112 2609 3190 2670 ita
3212 2610 3450 2670 demum
3489 2628 3664 2688 porro

2010 2696 2562 2777 progrediebamur,
2628 2701 2751 2761 Deo
2812 2707 2870 2758 et
2921 2698 3220 2760 desiderio
3295 2699 3664 2779 adjutoribus

2011 2795 2268 2847 utentes.
2299 2786 2421 2847 Heu
2451 2791 2464 2845 !
2497 2786 2802 2859 Quomodo
2828 2789 3036 2848 harum
3062 2805 3264 2848 rerum
3295 2789 3662 2850 mentionem

2012 2877 2150 2936 786
2172 2875 2301 2936 sine
2327 2876 2600 2956 lacrymis
2626 2877 2835 2938 faciam
2861 2884 2889 2939 ἲ
2910 2879 3030 2938 Par
3060 2896 3197 2955 spes
3215 2878 3524 2950 doctrina,
3553 2879 3664 2940 hoc

2012 2975 2121 3039 est,
2156 2965 2243 3025 rei
2275 2965 2540 3027 omnium
2585 2966 3085 3045 invidiosissimaa,
3124 2984 3229 3027 nos
3278 2968 3570 3042 ducebat;
3607 2977 3668 3027 et

2015 3065 2212 3117 tamen
2245 3054 2449 3115 aberat
2500 3055 2742 3129 invidia,
2779 3056 3078 3117 aamulatio
3127 3063 3325 3117 autem
3360 3057 3421 3117 in
3471 3057 3662 3136 pretio

2013 3145 2365 3208 habebatur.
2387 3144 2512 3207 Hoc
2537 3149 2772 3226 utrique
2795 3156 3122 3226 certamen,
3152 3165 3267 3206 non
3289 3155 3421 3207 uter
3442 3147 3669 3226 primas

2011 3237 2211 3304 ferret,
2235 3237 2338 3297 sed
2363 3248 2494 3297 uter
2514 3237 2685 3298 alteri
2702 3255 2802 3297 eas
2821 3236 3213 3313 concederet;
3236 3245 3487 3316 uterque
3505 3236 3667 3296 enim

2008 3326 2253 3386 alterius
2280 3326 2524 3403 gloriam
2552 3344 2657 3406 pro
2685 3344 2793 3387 sua
2820 3325 3097 3386 ducebat.
3127 3323 3254 3385 Una
3279 3326 3516 3404 utrique
3540 3325 3668 3385 ani-

2009 3435 2102 3476 ma
2128 3416 2457 3488 videbatur,
2476 3417 2592 3476 duo
2615 3434 2868 3496 corpora
2896 3415 3119 3477 furens.
3145 3414 3311 3487 Quod
3337 3416 3386 3474 si
3414 3415 3563 3475 ﬁdes
3588 3414 3661 3474 iis

2009 3506 2257 3566 minime
2299 3505 2574 3566 habenda
2616 3506 2834 3585 est,qui
2878 3505 3081 3566 omnia
3127 3504 3186 3564 in
3229 3504 3508 3564 omnibus
3544 3506 3657 3566 sita

2009 3614 2140 3656 esse
2154 3595 2634 3676 dicunt;atfnobis
2651 3607 2814 3658 certe
2830 3596 3194 3661 credendum
3209 3595 3482 3675 est,quod
3503 3604 3663 3656 uter-

2010 3705 2124 3767 que
2160 3686 2218 3745 in
2251 3687 2436 3747 altero
2470 3694 2526 3746 et
2553 3686 2708 3766 apud
2740 3686 2991 3748 alterum
3025 3686 3122 3745 siti
3165 3703 3423 3746 eramus.
3463 3685 3658 3746 Unum

2010 3777 2248 3857 utrique
2276 3795 2425 3856 opus
2443 3787 2500 3837 et
2523 3775 2808 3844 studium,
2836 3777 3024 3836 virtus
3047 3783 3195 3849 erat,
3225 3785 3281 3836 et
3314 3774 3384 3834 ad
3430 3773 3660 3837 futuras

2010 3885 2147 3946 spes
2162 3867 2376 3942 vivere,
2389 3885 2614 3946 nosque
2629 3868 2708 3927 ita
2721 3873 3314 3946 comparare.ut,ante
3328 3864 3658 3926 discossum

2012 3975 2080 4016 ex
2104 3956 2210 4016 hac
2241 3956 2375 4028 vita,
2404 3957 2544 4016 hinc
2578 3957 2988 4035 migraremus.
3021 3955 3188 4027 Quod
3215 3954 3455 4034 quidem
3490 3955 3663 4015 nobis

2011 4046 2085 4104 ob
2106 4045 2311 4104 oculos
2334 4054 2645 4121 ponentes,
2671 4046 2848 4105 vitam
2887 4045 3272 4124 actionesque
3305 4061 3512 4104 omnes
3545 4063 3661 4104 no-

2011 4142 2162 4193 stras
2185 4132 2608 4211 dirigebamus,
2639 4143 2760 4195 tum
2788 4134 2969 4193 divini
2997 4134 3276 4212 praecepti
3296 4135 3538 4194 ductum
3563 4152 3662 4195 se-

2011 4232 2286 4303 quentes,
2315 4233 2436 4283 tum
2460 4223 2612 4282 alter
2629 4222 2803 4283 alteri
2823 4223 3051 4283 virtutis
3074 4223 3334 4283 studium
3369 4241 3664 4285 exacuen-

2013 4321 2332 4393 tes;atque,
2360 4311 2474 4372 nisi
2502 4313 2611 4375 hoc
2630 4312 3005 4390 arrogantius
3027 4311 3230 4373 dicere
3253 4312 3478 4394 videar,
3501 4321 3665 4374 uter-

2009 4423 2125 4485 que
2147 4403 2319 4464 alteri
2343 4420 2552 4463 norma
2573 4411 2631 4464 et
2655 4402 2913 4462 amussis
2941 4419 3200 4478 eramus,
3227 4421 3343 4481 qua
3371 4412 3597 4464 rectum
3633 4423 3666 4464 a

2013 4512 2188 4573 pravo
2212 4493 2597 4554 discernitur.
2628 4490 2754 4553 Non
2777 4490 2939 4555 enim
2962 4510 3096 4553 cum
3120 4492 3410 4554 sodalium
3438 4505 3666 4554 nostro-

2007 4601 2140 4644 rum
2175 4580 2692 4662 petulantissimis:
2715 4587 2772 4642 et
2821 4580 3331 4662 impudicissimis,
3366 4581 3473 4644 sed
3523 4601 3658 4644 cum

2092 4826 2214 4906 (84)
2251 4826 2478 4905 Χρυσέας
2515 4828 2717 4890 κίονας.
2753 4823 2852 4888 Sic
2883 4834 3003 4886 tres
3035 4827 3218 4904 Regg.
3251 4838 3309 4888 et
3341 4837 3462 4888 tres
3487 4829 3657 4893 Colb.

2005 4904 2228 4988 Ined.,
2268 4904 2504 4986 χρυσέως
2553 4908 2751 4970 κίονας.
2811 4908 2981 4966 Juxta
3030 4907 3365 4988 Pintarum,
3421 4906 3656 4988 Olymp.

2009 4987 2107 5049 od.
2142 5005 2220 5048 γι.
2263 5012 2287 5040 α
2322 5005 2518 5047 θυι-θέε
2543 4988 2837 5048 columna:
2868 4987 3134 5067 praeclari
3157 4988 3448 5067 cujusque
3483 4987 3652 5050 insti-

2011 5068 2120 5130 tnti
2145 5067 2307 5128 initia
2337 5075 2496 5130 sunt.
2532 5091 2553 5123 ι

2099 5149 2227 5228 (85)
2259 5147 2456 5228 ”Εχοι.
2490 5149 2552 5208 In
2585 5146 2964 5228 quibusdam,
2996 5147 3137 5227 ἔχει.

2094 5226 2215 5306 (⁷86)
2247 5226 2628 5296 Μηπειστέονξ
2671 5226 2815 5306 Reg.
2871 5226 2996 5302 lini,
3159 5228 3392 5308 πιστέον.
3429 5227 3659 5308 Grego-

2012 5311 2139 5374 rius
2172 5309 2268 5371 liic
2300 5310 2492 5389 carpit
2519 5307 3066 5389 Anaxagoram,qui
3098 5333 3124 5363 ι
3155 5307 3356 5389 omnia
3384 5309 3440 5370 in
3472 5307 3662 5372 omni-

2015 5392 2126 5454 bus
2157 5410 2288 5452 esse
2323 5415 2349 5445 ι»
2388 5387 2610 5457 docuit;
2645 5392 2740 5448 cui
2764 5389 2904 5449 licet
2934 5388 3084 5448 ﬁdes
3111 5387 3383 5450 habenda
3411 5410 3529 5453 non
3561 5411 3662 5455 es-

2015 5481 2126 5547 set,
2164 5471 2281 5532 sibi
2311 5478 2506 5531 tamen
2541 5469 2864 5545 Gregorius
2893 5467 3017 5529 vult
3047 5467 3280 5549 haberi,
3317 5489 3449 5532 cum
3495 5492 3561 5536 se
3604 5474 3664 5534 in

2014 5553 2258 5633 Basilio,
2293 5560 2353 5612 et
2384 5550 2667 5633 Basilium
2702 5550 2760 5633 in
2784 5568 2848 5610 se
2882 5567 3037 5633 esse,
3071 5550 3399 5633 proﬁtetur.

2096 5635 2221 5712 (87)
2246 5628 2710 5712 Hatctéov._Beg.
2741 5630 2838 5691 bm
2873 5637 2930 5692 et
2961 5628 3196 5700 comm,
3232 5635 3466 5692 πιστέον.

2099 5710 2214 5788 (88)
2250 5712 2429 5776 Εὖθές.
2459 5710 2638 5776 Coisl.
2663 5728 2708 5792 ι,
2741 5713 2878 5774 εὐθύ.

3329 5899 3422 5963 17.
