4150 6392
296 317 420 381 525

1111 323 1393 392 ORATIO
1435 327 1654 391 XLIII.
1702 361 1781 373 --
1824 327 1904 392 IN
1950 328 2265 392 LAUDEM
2310 325 2587 393 BASILII
2632 328 2907 393 MAGNI.

3583 327 3700 391 526

372 445 512 522 ΚΒ’.
580 456 688 520 Καὶ
760 462 822 519 τὸ
851 460 1163 535 κάλλιστον,
1224 460 1304 518 ὅτι
1334 462 1422 519 καὶ
1464 461 1684 541 φρατρία
1728 485 1809 528 τις
1839 464 1948 541 περῖ

2120 459 2296 524 XXII.
2331 462 2481 523 Illud
2510 469 2707 523 autem
2743 459 3331 541 praclarisssimum,
3357 462 3517 543 quod
3540 462 3700 525 circa

286 546 436 632 ἡμᾶς
492 549 590 605 οὐκ
662 550 888 629 ἀγεννὴς
935 550 1030 632 ἦν,
1080 553 1171 608 ὑπ’
1228 551 1415 626 ὶκείνῳ
1462 552 1792 630 καθηγεμόνι
1825 575 1956 609 παι·-

286 631 553 712 δευομὲνη
606 641 697 697 καὶ
773 640 1036 720 ἀγομένη,
1092 642 1330 705 καὶτοῖς
1362 642 1544 705 αὐτοῖς
1592 643 1876 721 χαίρουσαν
1915 651 1959 707 εἰ

286 727 376 782 καὶ
436 730 588 798 πεζοὶ
644 731 791 809 παρὰ
842 727 1028 787 Λύδιον
1086 729 1230 810 ἅρμα
1292 729 1379 799 (3)
1426 730 1664 805 ἐθέομεν,
1699 733 1789 788 τὸν
1820 732 1954 788 ἐκείσ

285 838 382 872 νου
454 813 655 896 δρόμον
718 822 805 876 καὶ
860 821 1081 897 τρόπον’
1143 819 1195 885 ἐξ
1248 823 1324 875 ὧν
1379 821 1622 899 ὑπῆρχεν
1653 823 1791 895 ἡμῖν
1840 822 1961 877 ἐπι-

284 906 489 981 σήμοις
547 906 651 983 μέν
714 909 857 965 εἶναι
942 931 1084 989 παρα
1138 922 1261 973 τοῖς
1316 908 1598 988 ἡμετέροις
1645 908 1956 973 παι²ευταϊς

284 996 374 1051 καὶ
435 998 897 1076 συμπράκτορσιν,
958 999 1246 1075 ἒπισήμοις
1305 996 1361 1054 δὲ
1398 999 1543 1076 παρὰ
1600 1005 1668 1076 τῇ
1738 998 1955 1057 Ἐλλάδι

281 1107 460 1166 πασῃ,
528 1089 621 1143 καὶ
707 1088 905 1154 ταύτης
1001 1086 1235 1163 μάλιστα
1305 1101 1422 1152 τοϊς
1493 1090 1952 1167 γνωριμωτάτοις,

278 1173 441 1245 ’Ἤδη
487 1176 543 1233 δὲ
598 1180 693 1235 καὶ
749 1179 911 1258 μέχρι
968 1184 1067 1247 τῆς
1118 1178 1396 1259 ὑπερορίας
1461 1180 1826 1257 προήλθομεν,
1882 1184 1955 1245 ὡς

280 1266 447 1348 σαφὲς
507 1268 737 1347 γέγονεν
798 1268 857 1325 ἐκ
906 1268 1169 1325 πλειόνων
1223 1271 1330 1325 τῶν
1362 1276 1531 1325 ταῦτα
1562 1267 1951 1346 διηγουμένων.

281 1358 435 1435 Παρὰ
497 1359 780 1420 τοσούτοις
827 1358 923 1432 μὲν
977 1360 1076 1438 γὰρ
1123 1361 1169 1414 οἱ
1198 1359 1451 1437 ἡμέτεροι
1488 1357 1783 1433 παιδευταὶ,
1832 1360 1955 1435 παρ’

2044 570 2152 613 nos
2170 551 2469 631 quoddam
2494 570 2613 613 non
2640 549 2901 629 ignobile
2928 550 3269 612 sodalitium
3296 559 3444 626 erat,
3472 571 3695 632 prace-

2045 650 2275 720 ptorem
2300 642 2465 702 illum
2489 640 2815 714 habens,ac
2834 640 3048 702 ducem
3069 641 3699 722 sequens,iisdemque

2041 729 2223 793 rebus
2252 731 2520 810 gaudens
2547 753 2565 799 :
2600 730 2869 811 quamvis
2893 729 3118 811 alioqui
3151 731 3403 812 pedites,
3439 738 3502 792 ut
3533 741 3699 794 vetus

2042 820 2228 883 habet
2257 820 2661 900 proverbium.
2695 821 2771 882 ad
2820 819 3069 900 Lydium
3122 840 3383 894 currum,
3420 822 3533 883 hoc
3581 829 3696 901 est,

2042 910 2205 971 illius
2248 929 2487 972 cursum
2542 922 2599 972 et
2652 929 2869 985 mores,
2903 928 3327 991 curreremus;
3365 930 3435 973 ex
3469 931 3584 991 quo
3638 910 3696 971 id

2044 999 2215 1061 nobis
2245 1000 2514 1080 contigit,
2543 1009 2625 1074 ut,
2655 1020 2772 1062 non
2805 1002 2999 1063 solum
3035 1000 3189 1080 apud
3226 1010 3623 1084 praceptores
3640 1008 3701 1063 et

2040 1089 2257 1155 socios.
2296 1090 2399 1150 sed
2459 1089 2637 1152 etiam
2689 1090 2843 1171 apud
2895 1089 3230 1151 universam
3284 1090 3594 1168 Graciam,
3629 1110 3698 1153 ac

2044 1179 2374 1258 prasertim
2402 1178 2770 1241 clarissimos
2791 1198 3057 1260 quosque
3080 1179 3323 1242 Gracia
3352 1182 3530 1252 viros,
3554 1181 3696 1243 clari

2041 1278 2221 1350 atque
2252 1269 2514 1332 illustres
2547 1288 2838 1333 essemus.
2866 1270 3021 1342 Quin
3044 1269 3248 1343 etiam,
3275 1270 3430 1331 ultra
3453 1270 3697 1334 Gracia

2040 1358 2189 1420 ﬁnes
2221 1360 2648 1439 processimus,
2672 1369 2735 1419 ut
2760 1378 2828 1420 ex
2853 1359 3053 1419 multis
3077 1359 3198 1419 hac
3224 1378 3700 1423 commemoran-

281 1446 435 1510 ὀσοις
490 1446 721 1515 Ἀθῆναι
782 1448 892 1525 (4)’
926 1448 1070 1526 παρὰ
1103 1448 1373 1512 τοσούτοις
1402 1448 1483 1524 (5)
1515 1445 1570 1503 δὲ
1602 1450 1793 1529 ἡμεῖς,
1829 1449 1948 1529 παρ’

2043 1448 2195 1509 libus
2248 1448 2631 1527 perspicuum
2687 1449 2896 1509 factum
2954 1457 3065 1509 est.
3100 1448 3247 1510 Nam
3302 1459 3695 1531 praceptores

281 1534 431 1602 ὅσοις
476 1539 527 1595 οἱ
582 1535 880 1614 παιδευταὶ,
938 1538 1353 1613 συνακουὸμενοί
1438 1559 1495 1593 τε
1552 1536 1812 1609 ἀλλήλοις
1869 1545 1948 1596 καί

2043 1537 2279 1616 quidem
2316 1539 2499 1599 nostri
2531 1536 2685 1616 apud
2720 1545 2804 1598 tot
2849 1536 3126 1598 homines
3173 1537 3446 1600 celebres
3496 1551 3692 1622 erant,

282 1625 742 1703 συλλαλούμενοι,
794 1632 881 1685 καὶ
926 1624 1140 1704 ξυνωρὶς
1204 1631 1301 1685 οὒκ
1356 1627 1652 1701 ἀνώνυμος,
1688 1630 1777 1685 καὶ
1805 1631 1948 1693 ὄντες

2043 1626 2191 1705 apud
2218 1636 2361 1707 quot
2388 1629 2661 1690 Athena:
2680 1646 2748 1689 ac
2770 1644 2879 1687 nos
2903 1626 3236 1706 item,apud
3261 1630 3695 1706 quothomines

283 1716 416 1797 παρ’
484 1721 698 1791 αὒτοῖς,
772 1720 860 1774 καὶ
912 1718 1214 1783 ἀκούοντες.
1282 1714 1441 1775 Οὐδὲν
1489 1727 1726 1777 τοιοῦτον
1770 1718 1951 1782 αὐτοῖς

2041 1716 2114 1776 de
2150 1717 2619 1797 praceptoribus
2659 1716 2900 1793 nostris,
2933 1716 3089 1797 apud
3121 1717 3365 1779 totidem
3396 1718 3472 1780 de
3521 1720 3696 1782 nobis

285 1809 336 1863 οἱ
396 1807 649 1886 Ὀρέσται
704 1807 789 1887 (6)
862 1809 948 1863 καὶ
1004 1809 1051 1863 οἷ
1108 1804 1364 1863 Πυλάδαι’
1427 1805 1573 1865 οὐδὲν
1603 1809 1651 1864 οἱ
1703 1808 1948 1865 Μολιονί-

2043 1806 2244 1887 etiam,
2295 1815 2354 1870 et
2406 1806 2778 1881 audiebatur,
2833 1815 2891 1868 et
2949 1806 3403 1888 pradicabatur,
3460 1828 3528 1871 ac
3588 1829 3695 1892 par

284 1895 372 1953 δαι
406 1895 524 1977 (7),
578 1903 677 1965 τῆς
737 1896 1036 1976 Ὀμηρικῆς
1092 1895 1274 1954 δέλτου
1305 1900 1367 1954 τὸ
1396 1896 1593 1973 θαῦμα,
1643 1896 1731 1964 οὕς
1754 1920 1953 1956 κοινω-

286 1990 372 2043 νία
420 1994 707 2068 συμφορῶν
767 1988 1045 2069 ἐγνώρισε,
1118 1991 1210 2047 καὶ
1264 1989 1326 2044 τὸ
1376 1988 1555 2052 καλῶς
1602 1988 1745 2069 ἂρμα
1791 1988 1952 2046 ἐλαύ-

285 2100 425 2156 νειν,
512 2079 885 2155 μεριζομένους
943 2078 999 2135 ἐν
1056 2084 1232 2152 ταυτῷ
1300 2081 1449 2149 ἡνίας
1498 2083 1587 2136 καὶ
1662 2081 1948 2159 μάστιγας,

285 2163 463 2223 Ἀλλὰ
547 2169 647 2248 γὰρ
734 2168 918 2226 ἔλαθον
979 2169 1231 2246 ἐμαυτὸν,
1294 2171 1366 2233 εἰς
1426 2171 1546 2234 τοὺς
1633 2170 1793 2246 ἐμοὺς
1859 2171 1959 2227 ὑπ-

284 2260 481 2338 αχθεὶς
539 2258 624 2338 (8)
694 2260 962 2334 ἔπαίνους,
1019 2263 1046 2317 ὁ
1093 2256 1229 2336 μηδὲ
1259 2260 1384 2339 παρ’
1414 2258 1594 2339 ἑτέροιο
1632 2261 1763 2318 ποτὲ
1798 2268 1954 2317 τοῦτο

283 2346 577 2421 δεξάμενος
639 2346 743 2429 (8).
809 2351 904 2409 Καὶ
971 2352 1273 2426 Θαυμαστὸν
1344 2347 1517 2424 ούδὲν,
1579 2354 1623 2407 εἰ
1692 2351 1955 2406 κάντλῦθα

284 2442 389 2502 τῆς
447 2438 650 2497 ἐκείνου
707 2438 883 2519 φιλίας
946 2462 997 2496 τι
1056 2439 1462 2518 παραπέλαυσα.
1525 2440 1707 2520 ὥσπερ
1756 2441 1955 2511 ζῶντος

287 2528 366 2588 εἷς
443 2526 664 2606 ἀρετὴν,
726 2526 865 2583 οὕτω
915 2529 1271 2603 μεταστάντος
1331 2532 1404 2592 εἷς
1462 2531 1745 2609 εὐφημίαν,
1804 2527 1954 2586 Ἀλλ’

286 2617 378 2673 ἐπὶ
414 2616 510 2685 τὴν
570 2618 764 2676 νύσσαν
837 2615 967 2696 (10)
1009 2616 1353 2695 ἐπαναγέσθω
1403 2616 1565 2674 πάλιν
1618 2620 1753 2694 ἡμῖν
1784 2622 1812 2674 ὁ
1856 2617 1953 2675 λό-

282 2731 412 2787 γος.

2040 1898 2339 1976 quoddam
2377 1916 2493 1958 non
2530 1896 2848 1958 obscurum
2896 1904 2953 1958 et
3004 1897 3310 1959 incelebre
3358 1900 3513 1979 apud
3559 1920 3692 1983 eos,

2040 1986 2177 2046 788
2200 1996 2260 2048 et
2284 2005 2545 2067 eramus,
2571 1995 2629 2047 et
2661 1984 2936 2048 dicebam
2950 2005 3041 2047 ur.
3067 1984 3186 2049 Nec
3212 2006 3346 2050 vero
3369 1989 3694 2071 quidquam

2039 2077 2331 2156 ejusmodi
2378 2076 2533 2157 apud
2580 2096 2682 2138 eos
2723 2086 2891 2138 erant
2921 2073 3161 2139 Orestes
3189 2086 3248 2139 et
3276 2077 3549 2160 Pylades,
3583 2101 3693 2145 nec

2039 2166 2379 2229 Molionida
2402 2164 2837 2240 illi,Homerico
2858 2184 3035 2229 versu
3060 2167 3522 2250 celebrati,quos
3539 2174 3691 2233 cala-

2042 2258 2307 2317 mitatum
2340 2257 2802 2333 societas,atque
2823 2274 2921 2318 ars
2943 2256 3179 2337 egregie
3199 2261 3503 2337 aurigandi
3527 2261 3697 2324 nobi-

2042 2347 2250 2419 litavit,
2281 2346 2491 2407 eodem
2520 2354 2791 2427 tempore
2812 2345 3076 2408 habenas
3100 2356 3158 2409 et
3180 2350 3426 2429 ﬂagrum
3448 2350 3607 2414 inter
3629 2371 3694 2415 se

2042 2438 2388 2514 partientes.
2414 2436 2489 2498 At
2510 2436 2668 2497 enim
2696 2435 3050 2514 imprudens
3072 2437 3199 2516 ipse
3220 2440 3277 2499 in
3303 2458 3462 2501 meas
3486 2440 3694 2504 laudes

2040 2528 2351 2608 prolapsus
2382 2545 2539 2593 sum.
2576 2544 2725 2606 quas
2761 2544 2834 2587 ne
2867 2524 2939 2587 ab
2972 2526 3089 2586 alio
3136 2527 3379 2607 quidem
3430 2550 3691 2612 unquam

2040 2616 2350 2698 praedicari
2370 2616 2647 2676 sustinui.
2670 2614 2791 2675 Nec
2823 2615 3040 2676 mirum
3068 2617 3255 2678 videri
3286 2618 3487 2695 debet,
3516 2623 3563 2681 si
3594 2622 3691 2684 hic

2039 2724 2276 2787 quoque
2308 2706 2566 2766 fructum
2601 2705 2860 2785 aliquem
2893 2722 2967 2765 ex
2998 2704 3159 2765 illius
3189 2705 3452 2769 amicitia
3498 2708 3692 2771 obiter

279 2795 457 2877 cepi;
491 2815 625 2858 nam
658 2796 1192 2877 quemadmodum,
1225 2815 1361 2859 cum
1394 2797 1638 2869 viveret,
1675 2797 1749 2859 ad
1775 2797 2075 2875 virtutem,
2112 2797 2214 2875 ita,
2248 2813 2381 2856 cum
2418 2794 2533 2854 vita
2564 2792 2845 2870 excessit,
2897 2793 2969 2855 ad
3021 2794 3259 2856 laudem
3292 2804 3351 2857 et
3379 2814 3689 2860 commen-

284 2887 599 2951 dationem
633 2886 779 2948 mibi
814 2884 1081 2966 prodest.
1116 2885 1341 2949 Verum
1364 2887 1440 2950 ad
1467 2898 1682 2949 metam
1716 2904 1953 2948 rursum
1982 2885 2150 2950 nobis
2182 2884 2528 2945 reducenda
2562 2892 2653 2945 est
2684 2883 2901 2944 oratio.

376 2978 506 3041 Kl".
562 2980 649 3043 Τίς
708 2977 805 3053 μὲν
835 2976 972 3034 οὕτω
1026 2976 1212 3040 πολιὸς
1269 2979 1335 3046 ἦν
1402 2978 1502 3045 τὴν
1562 2978 1948 3057 σύνεσιναι)¹

2122 2972 2329 3037 XXIII.
2361 2972 2502 3045 Quis
2527 2973 2839 3055 prudentia
2864 2972 3114 3053 perinde
3139 2992 3321 3036 canus
3347 2984 3492 3058 erat,
3511 2978 3689 3041 etiam

282 3074 378 3131 καὶ
439 3073 540 3147 πρὸ
598 3075 693 3145 τῇς
724 3066 913 3131 πολιᾶς
949 3088 964 3147 ;
1001 3066 1184 3136 ἐπειδὴ
1208 3070 1379 3142 τούτῳ
1403 3066 1519 3143 (12)
1548 3070 1637 3125 καὶ
1688 3067 1946 3143 Σολομὼν

285 3164 352 3219 τὸ
410 3163 579 3240 γῆρας
641 3158 890 3237 ὁρίζεται.
933 3157 1021 3222 Τίς
1081 3156 1135 3213 δὲ
1206 3156 1373 3221 οὕτως
1433 3156 1727 3238 αἰδέσιμος,
1761 3159 1797 3224 ἢ
1832 3180 1942 3214 πα-

2028 3074 2165 3125 aute
2188 3063 2470 3125 canitiem
2503 3071 2531 3126 ’ἰ
2565 3063 3061 3143 Quandoquidem
3086 3064 3195 3125 hac
3224 3082 3289 3126 re
3319 3076 3687 3131 senectutem

2029 3151 2304 3216 Salomon
2335 3172 2575 3235 quoque
2598 3154 2862 3216 deﬁnivit
2894 3152 2985 3222 οδ.
3012 3154 3177 3234 Quis,
3203 3154 3288 3217 vel
3309 3157 3573 3231 senibus,
3598 3162 3695 3223 vel

287 3251 489 3320 λαιοϊς,
564 3249 601 3315 ἦ
660 3248 820 3321 νέοις,
882 3248 960 3319 μὴ
1022 3246 1101 3304 ὅτι
1153 3250 1259 3304 τῶν
1316 3250 1453 3305 κατὰ
1482 3250 1572 3305 τὸν
1602 3248 1758 3305 αὐτὸν
1803 3247 1945 3323 ἡμῖν

2043 3244 2343 3314 iuvenibus
2365 3263 2531 3323 aque
2556 3245 2935 3320 venerabilis,
2967 3264 3084 3306 non
3119 3245 3193 3307 de
3218 3255 3438 3309 nostra
3463 3255 3688 3311 tantum

290 3342 515 3423 χρόνον,
573 3335 712 3393 ἀλλὰ
760 3339 847 3393 καὶ
905 3338 1010 3394 τῶν
1052 3336 1312 3395 πλεῖστον
1369 3338 1818 3419 προειληνρύτωνς
1866 3340 1942 3402 τίς

291 3430 392 3508 μέν
439 3430 599 3497 ἧττον
656 3424 830 3483 ἐδεῖτο
878 3425 1052 3505 λόγων
1108 3425 1264 3507 (13),
1299 3427 1383 3484 διὰ
1433 3430 1526 3485 τὸν
1555 3429 1857 3509 τρόπον;τίς
1890 3428 1943 3484 δὲ

293 3518 500 3598 μᾶλλον
553 3517 787 3596 μετέσχε
840 3515 1004 3595 λόγου
1051 3520 1138 3574 καὶ
1188 3518 1323 3592 μετὰ
1353 3525 1446 3574 τοῦ
1483 3518 1730 3597 τρόπου;
1784 3530 1943 3575 ποῖον

292 3613 392 3689 μὲν
463 3605 608 3672 εἶδος
664 3605 757 3663 οὒκ
788 3605 988 3673 ἐπῆλθε
1020 3605 1351 3671 παιδαύσεως
1378 3627 1394 3688 ς
1432 3610 1639 3684 μᾶλλον
1672 3607 1751 3682 δὲ,
1786 3621 1944 3665 ποῖον

291 3706 352 3761 οὐ
410 3697 525 3777 μεθ’
570 3694 862 3774 ὑπερϐολῆς
895 3699 967 3761 ὡς
1002 3698 1162 3772 μόνον
1201 3717 1217 3778 ς
1266 3696 1418 3756 Οὸτω
1445 3698 1543 3774 μὲν
1574 3698 1702 3776 (14)
1737 3697 1947 3755 ἅπαντα

291 3790 532 3870 διελθὼν,
592 3791 664 3854 ὡς
712 3787 880 3851 οὐδεὶς
956 3787 1030 3842 ἓν·
1094 3788 1236 3844 οὕτω
1294 3786 1348 3843 δὲ
1380 3791 1452 3850 εἱς
1486 3786 1645 3866 ἄκρον
1692 3788 1942 3862 ἕκαστον,

290 3884 364 3945 ὡς
412 3887 519 3938 τῶν
568 3878 745 3935 ἄλλων
800 3876 969 3939 οὐδέν.
1034 3877 1249 3945 Σπουδὴ
1295 3879 1395 3957 γὰρ
1452 3879 1643 3958 εὐφυΐᾳ
1697 3876 1946 3955 συνέδρα-

293 3993 411 4051 μεν,
464 3969 517 4035 ἐξ
584 3969 659 4024 ὦν
709 3968 1003 4043 ἐπιστῆμαι
1064 3969 1153 4024 καί
1183 3968 1373 4047 τέχναι
1418 3969 1479 4024 τὸ
1527 3965 1719 4047 κράτος
1779 3967 1947 4049 ἔχου-

290 4084 372 4118 σιν
426 4059 578 4139 (15).
614 4056 859 4115 ’Ἦκιστα
912 4058 1009 4132 μὲν
1040 4057 1243 4137 τάχους
1276 4057 1484 4137 φύσεως
1520 4056 1602 4117 διὰ
1631 4057 1783 4114 τόνον
1817 4054 1942 4135 (16)

289 4150 562 4226 δεόμενος,
616 4150 813 4219 ἥκιστα
857 4144 911 4202 δὲ
939 4146 1093 4203 τόνου
1140 4145 1224 4203 διὰ
1284 4148 1456 4226 τάχος
1523 4146 1671 4227 (17)’
1739 4145 1877 4202 οὕτω
1901 4144 1948 4202 δ’

367 4256 422 4301 9⁸
453 4255 592 4337 Sap.
626 4270 709 4336 ιν,
742 4254 804 4318 8.

2030 3334 2333 3396 memoria
2366 3334 2503 3393 viris
2547 3334 2782 3415 loquor,
2809 3337 2911 3398 sed
2943 3336 3018 3397 de
3050 3335 3122 3395 iis
3152 3336 3351 3406 etiam,
3379 3344 3478 3418 qui
3514 3339 3689 3418 longo

2029 3434 2168 3486 ante
2188 3435 2458 3503 tempore
2478 3424 2925 3497 vixerunt?Quis
2938 3425 3212 3487 doctrina
3232 3437 3474 3507 propter
3489 3448 3690 3494 mores

2034 3515 2228 3574 minus
2247 3512 2581 3592 eguit?Quis
2608 3522 2806 3576 tamen
2836 3514 3171 3576 uberiorem
3198 3514 3531 3579 doctrinam
3550 3539 3682 3581 cum

2032 3602 2302 3665 moribus
2325 3603 2678 3683 conjunxlt?
2707 3602 2873 3677 Quod
2908 3603 3240 3684 disciplina
3270 3624 3459 3681 genus
3488 3621 3599 3690 est,
3624 3610 3683 3672 in

2029 3712 2145 3774 quo
2180 3701 2447 3755 versatus
2481 3713 2599 3754 non
2653 3695 2752 3775 sit,
2791 3704 2969 3775 atque
3018 3694 3096 3754 ita
3128 3693 3344 3755 eximie
3396 3708 3683 3777 versatus,

2029 3783 2203 3861 quasi
2234 3785 2295 3845 in
2329 3802 2396 3843 eo
2430 3785 2555 3843 solo
2590 3783 2955 3845 elaborasset
2986 3783 3015 3842 ?
3043 3783 3142 3846 Sic
3176 3783 3454 3846 nimirum
3490 3793 3691 3852 omnia

2032 3875 2400 3954 complexus,
2428 3882 2587 3934 utne
2613 3893 2797 3934 unum
2821 3874 3061 3954 quidem
3096 3874 3431 3953 quisquam,
3455 3876 3689 3955 singula

2030 3981 2242 4025 rursus
2277 3971 2351 4023 ita
2383 3963 2454 4024 ad
2489 3982 2816 4037 summum,
2845 3965 3010 4045 quasi
3032 3962 3178 4025 nihil
3206 3964 3363 4024 aliud
3396 3978 3690 4044 praterea

2030 4052 2359 4116 didicisset.
2381 4052 2469 4114 Ad
2492 4054 2720 4132 ingenii
2739 4055 2900 4116 enim
2920 4054 3220 4116 solertiam
3241 4054 3501 4116 studium
3521 4074 3688 4118 acce-

2029 4142 2231 4223 debat,
2265 4161 2335 4204 ex
2384 4143 2600 4221 quibus
2660 4144 2975 4222 imperium
3028 4144 3300 4206 scientiis
3351 4154 3410 4206 et
3456 4147 3684 4209 artibus

371 4390 451 4466 (3)
498 4385 889 4471 Hapc‘z‘Adstov
944 4387 1111 4471 ἅρμα,
1171 4383 1359 4471 Tanta
1421 4393 1548 4449 erat
1611 4386 2073 4471 LydiorumDet
2093 4388 2447 4466 Ephialtem,
2492 4388 2642 4450 duos
2694 4407 2923 4468 magna
2977 4390 3353 4469 proceritatis
3405 4390 3681 4471 gigantes

290 4466 969 4550 curruum'celeritasmt
985 4466 1149 4530 nullo
1169 4466 1342 4529 modo
1355 4468 1644 4532 anteverti
1673 4476 1939 4548 possent.

286 4552 441 4617 Hinc
475 4551 888 4633 proverbium,
937 4568 1085 4633 quo_
1107 4557 1408 4627 notantur,
1455 4550 1558 4629 qui
1590 4568 1724 4611 cum
1759 4550 1941 4613 multo

289 4630 1225 4717 prastantioribusgcontendunt.

369 4718 452 4793 (4)
498 4714 740 4784 Ἀθῆναι.
797 4715 962 4776 Pass.
1027 4711 1214 4789 addit,
1284 4711 1561 4789 ἠκούοντο,
1608 4710 1941 4774 audieban-

289 4804 407 4861 tur.
449 4819 473 4855 ι

2027 4469 2340 4533 intellexit.

2108 4554 2189 4637 (β)
2221 4552 2535 4637 ἰ’παχθεις.
2572 4548 2673 4637 Or.
2710 4549 2771 4623 2,
2807 4551 3084 4637 έπαχβεξς.

2108 4632 2194 4711 (9)
2231 4632 2549 4707 Δεξάμενος.
2586 4634 2780 4708 Pass.,
2812 4632 3258 4707 καταδεξάμενος,

2111 4716 2235 4791 (10)
2266 4715 2498 4775 Νύσσαν.
2532 4712 2628 4773 Sic
2664 4715 2782 4775 duo
2806 4712 3014 4787 Οοίει.,
3053 4726 3172 4774 etc.
3205 4713 3268 4773 In
3294 4730 3416 4787 80.,
3451 4715 3675 4785 νήσσαν,

2106 4796 2238 4875 (1))
2281 4796 2367 4858 Τίς
2402 4794 2499 4875 μὲν
2530 4792 2666 4849 diu»
2696 4793 2881 4858 πολιὸς
2913 4794 2978 4861 ἦν
3002 4795 3106 4875 τὴν
3138 4794 3367 4875 σύνεσιν,
3402 4793 3503 4856 Sic
3537 4794 3678 4875 plu—

370 4883 452 4973 ρ)
482 4877 783 4973 τοσοέτοις.
820 4870 919 4973 Sic
950 4872 1150 4973 plures
1180 4871 1389 4973 Reggv
1425 4872 1544 4935 duo
1586 4873 1797 4950 Coisl.,
1837 4871 1940 4938 Or.

2043 4892 2125 4973 res
2155 4873 2368 4973 Reggv
2399 4870 2502 4973 Or].
2529 4876 2588 4947 ‘2,
2625 4875 2786 4952 Par.,
2834 4884 2947 4936 etc.
3002 4872 3069 4935 In
3120 4874 3245 4950 ed.,
3280 4876 3367 4939 Τίς
3399 4870 3553 4932 οὔτοί
3570 4900 3673 4934 πο-

288 4956 351 5034 2,
376 4956 571 5037 Pars.,
602 4956 797 5037 Pass.,
831 4954 1046 5017 etcﬁln
1077 4954 1202 5037 ed.,
1237 4954 1521 5037 τοιούτοις.

374 5040 455 5106 (6)
490 5032 845 5115 Οἱ”ορὲσται,
880 5043 995 5097 etc.
1037 5057 1061 5092 ι
1098 5032 1343 5097 Orestes
1374 5042 1431 5097 et
1455 5032 1750 5115 Pylades,»
1782 5042 1944 5097 tanto

290 5135 494 5179 amore
522 5114 678 5178 inter
706 5135 771 5196 se
794 5116 1088 5196 complexi
1120 5125 1280 5196 sunt,
1316 5122 1668 5196 ut,_mortuo
1696 5114 1937 5196 Pylade.

292 5216 415 5261 una
445 5216 578 5259 cum
602 5214 670 5258 eo
702 5194 947 5259 Orestes
974 5197 1036 5257 in
1060 5195 1359 5257 infernum
1392 5194 1795 5260 descenderit.

371 5279 455 5351 (7)
516 5277 842 5337 Μολιονίδαι.
901 5302 929 5333 α
971 5275 1307 5338 Molionida
1359 5299 1386 5331 υ
1448 5276 1669 5355 gemini
1726 5277 1941 5340 fratres

2026 4954 2140 5020 λιὸς
2175 4957 2272 5032 μὲν
2302 4959 2401 5022 τὴν
2431 4955 2659 5017 σύνεσιν,

2110 5037 2228 5111 (12)
2261 5038 2463 5110 Τούτῳ.
2502 5034 2712 5116 Elures
2742 5036 2928 5116 Regg.
2962 5045 3023 5099 et
3052 5037 3291 5106 Comb.,
3327 5044 3501 5099 τοῦτο.

2106 5118 2230 5192 (13)
2264 5120 2471 5196 Λόγων.
2506 5113 2701 5197 Pa_ss.,
2734 5113 2919 5191 λόγος.

2106 5200 2219 5280 (14)
2250 5194 2398 5257 Οὕτο)
2428 5197 2545 5274 μέν.
2572 5194 2758 5280 Οιέζοι
2789 5199 2828 5259 2
2848 5196 3095 5280 etuPass.
3127 5196 3375 5273 addunt,
3410 5197 3520 5280 οὖν,

2104 5277 2222 5355 (15)
2268 5282 2338 5336 Τὸ
2388 5280 2575 5357 κράτος
2630 5278 2836 5358 ἔχουσι.
2889 5277 3122 5341 Nicetes
3186 5297 3200 5359 ς
3260 5278 3671 5359 Κατοροοῦνςαι,

292 5367 463 5423 erant
488 5367 609 5421 tum
633 5356 1009 5440 corporibus,
1043 5366 1166 5417 tum
1198 5355 1449 5440 artibus.
1484 5355 1804 5440 Gregorius
1834 5378 1938 5421 eos

2043 5360 2108 5417 ιαὶ
2138 5362 2236 5427 τὴν
2279 5355 2434 5440 ἰσχὺν
2480 5355 2716 5439 έχουσίῶ
2772 5379 2799 5440 ς
2844 5358 3067 5431 Quibus
3113 5355 3486 5422 scientia'et
3514 5366 3677 5420 artes

292 5460 327 5503 a
347 5451 534 5503 matre
560 5463 582 5497 ιι
607 5435 1013 5503 ΜοΙίὀιιὶόειεὲ
1042 5435 1549 5522 vocat;_II_omerus
1577 5435 1937 5522 vero,lliqd.
2023 5435 2569 5522 comparantur,_ac
2600 5441 2714 5503 vim
2741 5438 3037 5503 obtinent.

291 5539 377 5603 Il,
408 5541 559 5583 vers.
596 5522 741 5603 749,
770 5529 828 5582 et
855 5538 1017 5603 xxm,
1054 5536 1187 5581 vers
1204 5517 1407 5603 _638,a
1438 5528 1603 5603 patre
1629 5517 1942 5603 Ac_t_oridas

292 5571 746 5695 ap,pellat.Qup_d
765 5571 1676 5695 errandi’occasionemprabqi‘t
1702 5600 1935 5695 Nqnno,

294 5680 634 5763 q'ui,contra
663 5683 934 5766 Gregorii
963 5689 1365 5779 meutem,per
1382 5680 1938 5775 Molionidas,0tum

2105 5519 2223 5593 (16)
2254 5523 2436 5579 Τόνον.
2463 5519 2565 5602 Οζ.
2593 5526 2629 5581 2
2661 5527 2719 5602 ei
2751 5522 2946 5602 Ριιδεη
2976 5523 3069 5577 τὸν
3097 5522 3273 5583 τόνον,

2107 5605 2234 5677 (17)
2267 5605 2471 5683 Τάχος.
2507 5598 2611 5663 Or.
2643 5601 2682 5662 ἓ
2703 5610 2761 5663 et
2787 5598 2980 5681 Ρθεεζ,
3006 5604 3067 5658 τὸ
3095 5602 3293 5680 τάχος.
