4150 6408
455 298 572 368 527

1674 308 1735 372 S.
1782 298 2147 373 GREGORII
2192 305 2572 376 THEOLOGI

3729 312 3852 383 528

459 451 864 523 comparatur.
898 441 1182 515 Quicum
1238 446 1543 509 celeritate
1588 452 1810 507 naturae
1862 449 2071 525 propte

2187 440 2461 523 ἀμφότερα
2524 444 2824 523 συλλαϐὼν,
2896 449 2984 506 καὶ
3042 450 3118 513 εἷς
3179 449 3237 507 ἔν
3267 450 3505 531 ἀγαγὼν,
3533 455 3674 511 ὥστε
3703 452 3851 521 ἄδη-

462 533 730 595 laborem
767 543 822 595 et
855 536 1302 597 contentionem
1356 535 1605 597 minime
1635 552 1787 613 opus
1837 536 2103 605 haberet,

460 622 962 704 quemadmodum
986 624 1310 686 neclabore
1324 623 1800 706 propteringenii
1821 624 2107 700 magnitu-

461 714 707 795 dinem;
742 714 826 774 sic
859 721 1057 773 tamen
1097 724 1417 792 utrumque
1452 715 1861 794 conjunxerat,
1896 722 1959 774 ut
1989 730 2103 772 non

460 804 603 865 satis
625 804 1039 883 liqueret,utro
1063 804 1304 865 nomine
1318 802 1733 864 admirabilior
1757 812 1934 864 esset.
1966 801 2107 873 Quis

459 894 519 954 in
553 893 875 972 rhetorica,
904 893 1022 965 illa,
1051 893 1314 973 inquam,
1338 894 1454 954 vim
1478 894 1630 973 ignis
1660 896 1943 974 spirante,
1970 912 2103 953 cum

458 1003 528 1047 eo
564 982 1020 1063 comparandus,
1048 984 1282 1044 tametsi
1316 984 1474 1045 illius
1512 1000 1708 1045 mores
1733 1004 1765 1044 a
1798 984 2103 1044 rhetorum

459 1071 726 1134 moribus
746 1070 1108 1132 dissiderent
1129 1078 1156 1133 ?
1180 1071 1324 1143 Quis
1348 1073 1405 1133 in
1430 1072 1972 1152 grammatica,quaz
1994 1070 2103 1132 lin-

449 1182 625 1245 guam
652 1162 723 1222 ad
748 1158 1133 1221 Graecismum
1170 1162 1704 1235 l'ormat,historias
1724 1161 2103 1242 colligit,me-

449 1253 557 1315 tris
591 1259 829 1331 przeest,
856 1250 1220 1312 carminibus
1268 1254 1429 1331 leges
1463 1251 2006 1331 praescribit?Quis
2036 1251 2094 1311 in

447 1340 845 1424 philosophia,
879 1342 1109 1401 excelsa
1141 1340 1529 1421 proculdubio
1565 1342 1839 1421 scientia,
1872 1350 1929 1404 et
1959 1359 2095 1402 sur-

446 1453 575 1496 sum
609 1432 939 1511 gradiente,
974 1431 1095 1492 sive
1137 1450 1266 1493 eam
1305 1442 1528 1513 partem
1560 1441 1814 1512 spectes,
1851 1450 1986 1507 qua}
2036 1432 2095 1491 in

447 1526 681 1586 actione
713 1530 770 1581 et
792 1520 1199 1601 speculatione
1220 1522 1410 1603 posita
1427 1530 1536 1590 est,
1558 1523 1679 1583 sive
1701 1540 1854 1600 eam,
1881 1540 2012 1599 qua;
2037 1524 2095 1582 in

444 1613 647 1693 logicis
706 1610 1311 1673 demonstrationibus
1356 1620 1455 1673 aut
1511 1610 1983 1691 oppositionibus
2032 1611 2092 1672 el

438 1700 985 1767 concertationibus
1008 1702 1144 1761 789
1178 1710 1661 1782 versatur,quam
1689 1700 2085 1763 Dialecticam

2191 530 2283 589 λον
2340 534 2505 614 εἶναι,
2563 539 2771 616 ποτέρῳ
2820 540 3021 596 τούτων
3082 530 3323 607 ἐκεῖνος)
3387 544 3848 621 θαυμασιώτερος.

2190 623 2278 687 Τίς
2336 624 2432 698 μὲν
2476 626 2763 705 ῥητορικὴν
2820 636 3094 703 τοσοῦτος,
3128 630 3228 697 τὴν
3258 633 3421 710 πυρὸς
3458 632 3616 708 μένος
3645 634 3848 690 πνείου-

2189 734 2285 805 σαν
2305 800 2319 805 Δ
2342 712 2487 795 (18),
2542 717 2585 771 εί
2617 718 2706 773 καὶ
2736 719 2797 774 τὸ
2824 718 2950 786 ἦθος
2993 718 3138 792 αὖτῷ
3182 722 3261 795 μὴ
3292 723 3431 778 κατὰ
3472 722 3700 799 ῥήτορας
3728 728 3797 791 ἦν
3826 744 3844 805 ;

2189 804 2268 866 τίς
2299 800 2353 859 δὲ
2382 808 2785 884 γραμματικὴν,
2818 808 2853 876 ἢ
2896 807 3149 886 γλῶσσαν
3180 808 3522 886 ἑξελληνίζει,
3569 814 3657 869 καὶ
3697 800 3845 869 icto;

2189 895 2304 972 ρίαν
2329 893 2454 975 (19)
2479 895 2715 972 συνάγει,
2749 898 2838 953 καὶ
2863 897 3076 976 μέτροις
3108 896 3412 981 ξπιστατετ,
3447 903 3537 958 καὶ
3558 906 3843 978 νομοθετεῖ

2188 985 2505 1065 ποιήμασιν,
2528 986 2605 1049 τίς
2636 982 2690 1041 δὲ
2721 985 3055 1067 φιλοσοφίαν,
3090 988 3188 1056 τὴν
3218 989 3384 1053 ὄντως
3416 990 3633 1067 ὑψηλὴν
3661 1013 3719 1047 τε
3747 995 3840 1049 καὶ

2188 1070 2297 1129 ἄνω
2340 1074 2645 1150 βαίνουσαν,
2710 1074 2811 1141 ὅση
2843 1098 2897 1133 τε
2932 1079 3200 1155 πρακτικὴ
3243 1081 3330 1135 καί
3358 1082 3685 1161 θεωρητική,
3731 1084 3836 1150 ὃση

2183 1184 2240 1218 τε
2309 1165 2427 1240 περὶ
2485 1166 2579 1227 τας
2681 1162 2901 1242 λογικὰς
2998 1165 3287 1233 ἀποδείξεις
3369 1171 3457 1226 καὶ
3541 1170 3832 1235 ἀντιθέσεις

2182 1251 2299 1332 ἔχει
2352 1255 2474 1331 (20)
2525 1257 2612 1311 καὶ
2663 1256 2727 1310 τὰ
2770 1252 3137 1330 παλαῦσματα,
3172 1257 3237 1324 ἣν
3282 1256 3347 1325 δὴ
3395 1256 3517 1338 (91)
3560 1257 3834 1317 διαλεκτι-

2176 1345 2278 1412 κὴν
2338 1346 2704 1421 ὀνομάζουσιν
2739 1347 2811 1409 ὠς
2847 1347 2968 1425 ῥᾷον
3001 1354 3143 1404 εὕναι
3188 1350 3311 1415 τοὺς
3342 1349 3676 1429 λαϐυρίνθους
3707 1351 3833 1424 (22)

2178 1430 2481 1516 διεξελθεῖν,
2555 1436 2590 1503 ἢ
2646 1436 2743 1499 τὰς
2800 1436 3000 1492 ἐκείνου
3069 1437 3175 1493 τῶν
3205 1436 3383 1517 λόγων
3446 1438 3605 1519 ἄρκυς
3636 1440 3829 1519 διαφο-

2176 1538 2319 1604 γεϊν,
2373 1526 2416 1580 εἰ
2466 1525 2654 1581 τούτου
2676 1522 2964 1603 δεήσειεν,
3015 1523 3398 1605 Ἀστρονομίας
3429 1526 3510 1603 δὲ,
3558 1532 3647 1587 καὶ
3691 1553 3834 1608 γεω.

2178 1616 2416 1693 μετρίας,
2475 1616 2563 1671 καὶ
2618 1614 2852 1691 ἀριθμῶν
2924 1612 3210 1694 ἀναλογίας
3296 1628 3549 1678 τοσοῦτον
3624 1618 3827 1698 λαϐών,

2170 1702 2295 1760 ὅσον
2344 1706 2420 1779 μὴ
2484 1703 2789 1761 κλονεῖσθαι
2862 1718 2979 1769 τοῖς
3038 1706 3157 1782 περὶ
3215 1714 3381 1763 ταῦτα
3438 1714 3700 1786 κομψοῖς·
3764 1714 3830 1769 τὸ

437 1804 688 1869 vocant;
722 1791 781 1852 in
816 1810 929 1872 qua
959 1791 1109 1852 adeo
1144 1793 1447 1865 excelluit,
1476 1800 1539 1852 ut
1572 1792 1665 1865 iis,
1701 1792 1799 1871 qui
1849 1810 1980 1852 cum
2016 1810 2078 1852 eo

2171 1796 2417 1872 περιττὸν
2487 1792 2786 1873 διέπτυσεν,
2850 1796 2923 1858 ὡς
2957 1794 3232 1873 ἄχρηστον
3274 1811 3397 1863 τοῖς
3431 1798 3673 1857 εὐσεϐεῖν
3702 1801 3822 1857 ἰθέ-

435 1883 835 1965 disputabant,
869 1881 1096 1943 facilius
1126 1889 1283 1943 esset
1308 1902 1340 1943 e
1370 1881 1720 1962 labyrintbis
1745 1899 1878 1943 sese
1911 1881 2084 1942 extri-

436 1991 777 2055 care,quam
800 1979 1283 2050 argumentorum
1309 1974 1440 2053 ejus
1459 1972 1701 2053 laqueos
1740 1968 2086 2051 ell‘ugere,si

432 2065 671 2146 quando
693 2081 791 2123 res
813 2062 893 2122 ita
916 2061 1241 2141 postularet
1260 2062 1424 2123 Nam
1459 2080 1596 2123 vero
1630 2062 2080 2137 astronomiam,

430 2154 847 2235 geometriam,
886 2170 1275 2213 numerorum
1330 2153 1747 2231 proportiones
1799 2152 2083 2212 hactenus

430 2244 713 2307 didicisse
735 2250 1072 2321 contentus,
1093 2251 1291 2302 utnon
1315 2246 1388 2305 ab
1417 2243 1510 2323 iis,
1532 2242 1634 2321 qui
1658 2242 1714 2302 in
1741 2242 2080 2321 hujusmodi

427 2334 612 2397 rebus
643 2333 775 2394 sciti
806 2340 863 2392 et
896 2330 1116 2393 eruditi
1147 2342 1286 2392 sunt
1317 2334 1713 2412 exagitaretur
1741 2352 1755 2405 ;
1788 2330 2076 2411 quidquid

427 2432 754 2504 supererat.
783 2432 849 2484 ut
876 2422 1116 2502 pietatis
1134 2422 1467 2483 cultoribus
1494 2421 2082 2500 infrugilerum,conc

427 2515 682 2595 tempsit,
722 2513 871 2574 adeo
897 2521 980 2591 ut,
1013 2520 1068 2573 et
1092 2512 1246 2592 quod
1270 2512 1469 2591 elegit,
1502 2512 1688 2591 magis
1705 2511 1985 2573 admirari
2011 2531 2077 2573 ac

421 2605 753 2688 praedicare
780 2604 974 2673 liceat,
1003 2621 1177 2682 quam
1204 2603 1359 2683 quod
1393 2602 1658 2683 reliquit,
1685 2611 1743 2663 et
1767 2620 1995 2676 rursus,
2020 2603 2075 2663 id

422 2696 578 2776 quod
632 2693 889 2774 reliquit,
928 2692 1139 2771 majori
1191 2692 1367 2754 laude
1415 2694 1658 2766 efferre,
1694 2710 1867 2769 quam
1916 2694 2070 2773 quod

420 2786 614 2861 elegit.
643 2788 793 2847 Nam
815 2782 1341 2862 medicinam,qua3
1365 2784 1757 2864 philosophia:
1778 2792 1836 2845 et
1854 2782 2073 2843 laboris

417 2884 595 2955 atque
629 2873 933 2934 industriae
966 2872 1188 2932 fructus
1239 2884 1350 2953 est,
1387 2873 1654 2951 corporis
1706 2870 1969 2952 morbus,
2003 2892 2071 2935 ac

420 2965 615 3025 morbi
648 2963 893 3024 curatio.
936 2963 1332 3022 necessariam
1368 2962 1481 3042 ipsi
1507 2961 1843 3023 reddiderat
1871 2979 1886 3034 ;
1914 2964 2071 3024 unde

2173 1882 2376 1940 λουσινο
2429 1884 2568 1941 ὥστε
2630 1881 2835 1959 μᾶλλον
2891 1883 2991 1958 μὲν
3047 1885 3107 1941 τό
3140 1886 3336 1965 αἱρεθὲν
3366 1896 3460 1946 τοῦ
3511 1891 3829 1969 παρεθέντος

2172 1973 2367 2039 ἐξεῖναι
2453 1972 2761 2046 θαυμάζειν,
2837 1971 3041 2047 μᾶλλον
3126 1970 3180 2028 δὲ
3243 1982 3337 2033 τοὺ
3421 1979 3710 2058 αἱρεθέντος
3762 1982 3826 2037 τὸ

2170 2064 2413 2140 παρεθέν,
2469 2063 2737 2142 Ἰατρικὴν
2786 2062 2886 2137 μὶν
2944 2064 3045 2140 γὰρ
3106 2065 3194 2120 καὶ
3238 2062 3273 2131 ἦ
3318 2075 3409 2124 τοῦ
3440 2068 3689 2141 σώματος
3720 2069 3820 2149 ἆῤ-

2167 2155 2386 2232 ῥωστία,
2452 2153 2539 2209 καὶ
2595 2152 2878 2223 νοσοκομία
2907 2150 3049 2228 (93),
3137 2152 3446 2234 φιλοσοφίας
3509 2159 3592 2213 καὶ
3654 2156 3814 2237 φιλο-

2165 2245 2348 2309 πονίας
2406 2243 2565 2299 οὖσαν
2609 2243 2833 2319 καρπὸν,
2894 2241 3185 2319 ἀναγκαίαν
3238 2244 3379 2320 αὒτῷ
3424 2248 3798 2315 πεποιήκασιν·

2165 2336 2280 2391 ὅθεν
2340 2332 2650 2413 ἀρξάμενος,
2712 2334 2784 2397 εἷς
2816 2331 2919 2398 ἕξιν
2971 2336 3069 2398 τῆς
3140 2335 3342 2415 τέχνης
3396 2336 3629 2416 ἀφίκετο·
3721 2348 3811 2403 καὶ

2163 2428 2383 2500 ταύτης,
2457 2427 2562 2503 οὔχ
2590 2424 2694 2490 ὃση
2764 2423 2881 2501 περὶ
2935 2424 2995 2479 τὸ
3026 2425 3342 2503 φαινόμενον
3399 2425 3515 2506 ἔχει
3578 2428 3665 2484 καὶ
3712 2427 3811 2483 κά-

2161 2537 2240 2571 τω
2301 2514 2415 2583 (24)
2473 2514 2740 2588 κείμενον,
2805 2508 2927 2567 ἀλλ’
2969 2510 3093 2569 ὅσον
3125 2511 3454 2592 ὁογματικὸν
3482 2518 3571 2573 καὶ
3602 2516 3820 2594 φιλόσο-

2161 2629 2280 2686 φον.
2344 2601 2513 2661 Ἀλλὰ
2568 2603 2619 2658 τί
2649 2609 2837 2675 ταῦτα,
2882 2603 3073 2682 καίπερ
3102 2606 3400 2669 τηλικαῦτα
3451 2607 3813 2686 τυγχάνοντα,

2155 2698 2287 2773 πρὸς
2348 2695 2448 2761 τὴν
2504 2692 2557 2748 ἐν
2619 2699 2695 2765 τῷ
2749 2693 2863 2761 ἤθει
2934 2702 3029 2753 τοῦ
3055 2690 3238 2763 ἀνδρὸς
3272 2692 3546 2752 παίδευσιν
3580 2715 3596 2776 ς
3633 2702 3808 2775 Λῆρος

2153 2799 2273 2848 τοῖς
2330 2784 2424 2841 τοῦ
2478 2780 2663 2861 ἀνδρὸς
2694 2782 3105 2860 πεπειραμένυις
3130 2784 3158 2838 ὁ
3203 2786 3379 2847 Μίνως
3415 2782 3541 2864 (25)
3570 2788 3805 2863 εκεϊνος,

2152 2878 2242 2933 καὶ
2297 2875 2325 2931 ό
2398 2870 2777 2946 Ῥαδάμανθυς,
2841 2871 2927 2935 οὓς
2987 2870 3294 2952 ἆσφοδελῶν
3368 2872 3650 2949 λειμώνων
3719 2878 3810 2933 καὶ

2155 2964 2413 3022 Ἠλυσίων
2448 2959 2575 3041 (26)
2624 2960 2815 3017 πεδίων
2865 2960 3095 3029 ἠξίωσαν
3148 2952 3450 3039 ”Ελληνες,
3480 2964 3533 3020 ἐν
3591 2986 3803 3045 φαντα-

418 3072 686 3134 exorsus,
720 3052 791 3113 ad
826 3052 971 3113 artis
1021 3050 1285 3111 habitum
1321 3050 1557 3112 tandem
1604 3051 1891 3130 parvenit.
1928 3050 2064 3112 Eam

2169 3059 2240 3129 ιίᾳ
2286 3061 2379 3111 τοῦ
2435 3051 2552 3109 καθ’
2611 3054 2756 3126 ἡμᾶς
2826 3050 3142 3129 παραδείσου
3210 3053 3509 3130 γενόμενοι,
3568 3057 3631 3111 εκ
3700 3061 3815 3111 τῶν

417 3163 594 3224 porro
610 3144 755 3204 artis
770 3150 996 3223 partem
1014 3140 1431 3221 intelligo,non
1446 3143 1746 3217 quazcirca
1761 3140 2073 3221 perspicua

2169 3142 2486 3215 Μωσαϊκῶν,
2547 3143 2727 3220 οἶμαι,
2801 3138 3017 3216 βιϐλίων
3070 3140 3193 3219 (ἒἹ)
3252 3144 3339 3200 καὶ
3392 3142 3693 3223 ἡμετέρων,
3757 3146 3805 3201 εἱ

418 3234 722 3312 oculisque
744 3230 1011 3310 subjecta
1047 3239 1104 3289 et
1132 3230 1375 3290 humilia
1406 3237 1696 3303 versatur,
1723 3231 1826 3290 sed
1852 3250 1980 3310 quae
2008 3232 2069 3294 in

2169 3234 2241 3289 ιαὶ
2291 3232 2409 3309 περὶ
2453 3229 2551 3295 τὴν
2624 3226 2813 3295 κλῆσίν
2869 3250 2920 3285 τι
2951 3226 3338 3309 διηνέχθησαν,
3371 3229 3426 3287 ἑν
3459 3228 3641 3296 ἄλλοις
3673 3233 3804 3289 δνό-

416 3323 685 3383 doctrina
717 3329 775 3383 et
829 3320 1208 3400 philosophia
1241 3319 1537 3381 consistit.
1576 3319 1690 3381 Sed
1741 3319 1880 3399 quid
1917 3323 2065 3404 haec,

2169 3345 2287 3380 ιασι
2312 3322 2463 3376 τούιο
2493 3315 3000 3396 παραδηλώσαντες,

418 3412 655 3474 tametsi
686 3428 897 3489 magna
928 3417 985 3471 et
1017 3409 1321 3490 praeclara,
1356 3410 1403 3468 si
1431 3428 1565 3470 cum
1595 3427 1829 3469 morum
1862 3410 2019 3473 illius
2054 3411 2326 3477 doctrina
2376 3405 2809 3470 conferantur?
2837 3405 2946 3479 Qui
2983 3406 3212 3471 virtutis
3255 3407 3445 3490 ipsius
3473 3409 3808 3489 periculum

415 3503 705 3577 fecerunt,
741 3503 1004 3564 Minoem
1050 3500 1215 3559 illum
1263 3517 1331 3560 ac
1380 3497 1897 3560 Rhadamanthum
1960 3521 2062 3582 pro
2114 3502 2291 3582 nugis
2330 3497 2582 3579 habent,
2624 3515 2775 3578 quos
2824 3496 3006 3576 pratis
3059 3498 3385 3579 asphodelo
3433 3499 3690 3576 refertis,
3746 3508 3812 3564 et

410 3593 635 3671 campis
666 3590 879 3670 Elysiis
911 3590 1097 3651 Graeci
1131 3587 1443 3649 donandos
1475 3588 1796 3669 duxerunt,
1826 3591 2081 3668 paradisi
2110 3590 2389 3653 videlicet
2416 3585 2603 3648 nostri
2634 3586 2859 3667 specim
2891 3586 3211 3667 quamdam
3237 3588 3438 3651 animo
3466 3589 3795 3666 intuentes,

410 3689 587 3760 atque
610 3699 679 3741 ex
707 3678 996 3757 Mosaicis,
1033 3678 1353 3756 utopinor,
1383 3677 1723 3756 nostrisque
1755 3677 1949 3755 libris,
1997 3683 2229 3745 tametsi
2260 3680 2324 3741 in
2355 3677 2601 3739 nomine
2650 3675 2927 3739 nonnihil
2969 3675 3388 3759 discreparint,
3425 3677 3558 3740 aliis
3593 3688 3800 3742 tamen

410 3770 717 3831 vocabulis
739 3769 849 3829 hoc
884 3767 1076 3848 ipsum
1111 3767 1463 3830 indicantes.

489 3858 690 3921 XXIV.
726 3846 921 3938 Atque
950 3858 1077 3919 haec
1110 3857 1186 3916 ita
1220 3876 1284 3917 se
1320 3856 1639 3936 habebant,
1674 3866 1915 3938 eratque
1947 3859 2061 3921 do-

2226 3848 2360 3924 KA’,
2420 3847 2562 3929 Εἶχε
2607 3846 2705 3923 μὲν
2761 3850 2849 3903 οὖν
2880 3846 3000 3929 (28)
3037 3847 3174 3907 οὕτω
3228 3855 3420 3926 ταῦτα,
3464 3852 3554 3907 καὶ
3583 3849 3800 3932 πλήρης

407 3954 613 4012 ctrinae
664 3935 963 4009 mercibus
1007 3955 1217 4007 onusta
1262 3946 1447 4026 navis,
1477 3935 1761 4026 quantum
1816 3935 2057 4026 quidem

2169 3938 2469 4003 παιδεύσεως
2527 3940 2563 4007 ἡ
2620 3938 2801 4017 φορτὶς
2858 3935 3006 4017 (29),
3069 3939 3143 4026 ὡς
3181 3944 3307 4017 γοῦν
3332 3937 3547 4017 ἐφικτὸν
3586 3941 3794 4020 ἀνθρω-

405 4041 683 4101 humanae
714 4048 939 4100 natura}
968 4036 1205 4115 assequi
1237 4025 1448 4116 datur;
1483 4025 1679 4116 neque
1710 4025 1870 4098 enim
1903 4038 2056 4101 ultra

2169 4034 2265 4109 πίνῃ
2299 4030 2449 4110 φύσει
2481 4030 2560 4101 (τὸ
2588 4029 2689 4107 γὰρ
2743 4027 2993 4116 ἒπέκεινα
3021 4025 3278 4105 Γαδείρων
3493 4033 3554 4089 οὗ
3621 4051 3795 4111 πιρα..

402 4121 595 4181 Gades
620 4130 989 4180 transmeare
1012 4114 1285 4196 cuiquam
1311 4114 1657 4178 concessum
1683 4123 1811 4194 est;
1836 4136 1904 4179 ac
1920 4120 2047 4199 jam

2170 4121 2278 4203 όν)’
2335 4118 2437 4176 ἔδει
2492 4117 2548 4175 δι
2596 4116 2784 4174 λοιπὸν
2809 4114 3065 4174 ὶπανόδου
3123 4119 3210 4174 καὶ
3266 4120 3381 4194 βὶου
3463 4118 3793 4201 τελεωτξρου

402 4210 739 4272 iaciendum
774 4206 946 4269 nobis
993 4214 1138 4281 erat,
1174 4214 1236 4265 ut
1274 4205 1336 4266 in
1389 4206 1636 4285 patriam
1686 4207 2042 4285 rediremus,

2169 4212 2211 4268 oi
2266 4210 2360 4268 τοῦ
2388 4205 2639 4265 λαϐέσθαι
2696 4211 2801 4263 τῶν
2849 4205 3210 4281 ἐλπιζομένων
3238 4208 3380 4275 ἠιιϊν
3409 4209 3499 4265 καὶ
3560 4230 3787 4287 συγκει-

404 4300 842 4381 perfectiusque
878 4296 1008 4358 vita:
1037 4314 1223 4376 genus
1271 4296 1635 4372 ordiremur,
1668 4314 1887 4377 resque
1936 4316 2044 4378 spe

2171 4301 2323 4360 ἐνων,
2394 4302 2575 4378 Παρῆν
2631 4298 2666 4365 ἡ
2723 4297 2822 4364 τῆς
2862 4294 3119 4372 ἐκδημίαις
3177 4296 3374 4377 ἡμέρα,
3408 4298 3497 4354 καὶ
3544 4298 3644 4355 ὅσα
3678 4305 3781 4368 τῆς

487 4439 610 4518 (18)
648 4438 932 4518 [Ινέουσαν.
964 4434 1229 4518 Quatuor
1266 4436 1453 4512 Regg.
1490 4444 1551 4518 et
1596 4432 1697 4518 0r.
1730 4431 2044 4518 2,_-i_=vctou-

2169 4432 2319 4513 elligi
2359 4432 2436 4495 de
2456 4433 2859 4518 _lep_rosorum
2909 4431 3117 4509 domo,
3151 4449 3334 4515 quam
3365 4430 3657 4497 Caesarea;
3687 4451 3793 4499 ex-

402 4512 520 4579 emi.
555 4512 851 4579 Homerus
881 4516 1061 4577 Iliad.
1099 4533 1180 4588 vr,
1233 4532 1389 4575 vers.
1449 4514 1583 4593 182,
1630 4514 1705 4575 de
1754 4512 2048 4578 Chimaara
2130 4512 2428 4577 struierat
2456 4512 2731 4593 Basilius.

399 4600 582 4661 verba
612 4598 958 4670 faciens,his
987 4597 1169 4655 utitur
1198 4591 1658 4674 verbis,quaa'ad
1685 4594 2043 4657 rhetoricam

2210 4595 2323 4671 (24)
2363 4596 2540 4658 Κάτω.
2570 4591 2718 4673 Reg.
2751 4591 2857 4674 ph,
2894 4593 3027 4669 ἅνω,
3068 4617 3096 4650 ε
3128 4610 3392 4656 sursum.
3432 4616 3457 4652 ι

397 4679 654 4741 traduxit
681 4676 1022 4754 Gregorius.

476 4762 602 4833 (19)
632 4760 904 4836 ἰςτορίαν.
942 4758 1006 4818 In
1030 4754 1355 4829 nonnullis,
1395 4756 1650 4836 ἱστορίας.

392 4923 414 4943 η
479 4843 602 4911 (ΊΟ)
639 4835 809 4900 Καὶ...
844 4837 987 4918 ἔχει.
1022 4837 1207 4916 Regg.
1243 4837 1305 4910 d,
1340 4836 1462 4910 bm,
1500 4835 1577 4915 ph
1608 4844 1667 4898 et
1696 4838 1889 4917 Pass,

390 4944 532 5004 £1017.

473 5003 595 5072 (91)
629 5000 741 5059 Ἠν
774 4999 859 5069 δή.
889 4997 1098 5062 Comb.
1126 5005 1382 5072 resecat,
1416 4996 1504 5067 δή.

2210 4676 2331 4755 (25)
2365 4676 2424 4734 ’0
2457 4676 2651 4755 Μίνως,
2689 4682 2802 4736 etc.
2843 4695 2868 4731 α
2909 4674 3103 4738 Minos
3134 4693 3165 4735 )
3193 4692 3306 4755 rex
3332 4675 3790 4751 Cretm,etRha-

2131 4754 2713 4837 damanthusLyciaa
2741 4771 2886 4837 rex,
2902 4756 2982 4837 ob
3014 4754 3381 4837 singularem
3422 4757 3713 4837 justitiam
3752 4777 3789 4823 a

2128 4835 2378 4901 Plutone
2420 4835 2747 4901 inferorum
2784 4835 3024 4917 judices
3082 4835 3513 4915 constituti,'ut
3541 4848 3787 4904 narrant

2128 4928 2341 4999 poetas.

2209 5001 2329 5082 (26)
2380 4999 2651 5082 ,Hkuatwv.
2696 4998 2934 5082 Dictus
2967 5008 3060 5062 est.
3123 4996 3221 5060 hic
3277 4996 3446 5082 locus
3511 4999 3753 5082 Elysius

472 5081 591 5160 (222‘,
642 5078 1006 5159 Λαϐυρίνθους.
1060 5100 1089 5141 ε
1119 5082 1211 5162 ΔΙιι
1258 5077 1428 5142 Creta
1486 5077 1701 5155 insula,
1748 5098 1777 5139 ›
1844 5078 2038 5162 inquit

2169 5077 2585 5162 ιιειεῖᾶλύσιος,
2615 5079 2736 5155 vel,
2767 5079 3054 5162 ᾲπολύσιος
3109 5086 3211 5162 τῆς
3260 5077 3735 5162 κολάσεωςίᾳυο

390 5159 659 5244 Nonnus,
704 5187 730 5216 «
771 5179 940 5223 mons
971 5168 1082 5244 est,
1116 5159 1399 5244 incoque
1436 5160 2030 5244 antrumquoddam,

2124 5159 2155 5215 «ἱ
2188 5179 2222 5223 a
2254 5159 2668 5244 pcenasolvat.
2701 5185 2734 5244 ξ
2765 5159 2907 5244 Haac
2938 5159 3070 5244 fuit,
3095 5160 3267 5241 juxta
3294 5168 3524 5241 poetas,
3558 5159 3779 5226 beato-

387 5246 556 5332 cujus
586 5238 785 5332 aditus
820 5250 878 5302 et
916 5238 1447 5332 ex‘itusadmo'dum
1467 5238 1732 5332 difficilis
1747 5248 2030 5332 atquear-
2115 5238 2526 5332 rumlrequies
2556 5250 2615 5303 et
2631 5240 2949 5332 habitatio;

385 5320 539 5386 du'us
572 5332 716 5395 erat,
752 5322 814 5383 in
839 5322 1019 5402 quod.
1048 5322 1440 5402 Minotaurus
1486 5320 1746 5402 injectus
1787 5320 2024 5383 dicitur.

385 5404 677 5477 Quoniam
710 5400 951 5481 ergo'ex
986 5401 1328 5481 labyrintho
1379 5419 1510 5462 sese
1541 5400 1831 5462 extricare
1860 5402 2029 5464 diffi-

385 5486 499 5546 cile
543 5495 653 5558 est,
704 5483 927 5544 idcirco
976 5484 1134 5544 hanc
1174 5500 1379 5545 vocem
1413 5481 1484 5543 ad
1539 5500 1638 5543 eas
1667 5482 2031 5562 quaestiones

383 5565 701 5643 Gregorius
730 5563 1220 5640 accommodavit,
1253 5582 1285 5625 e
1316 5562 1532 5643 quibus
1558 5562 1835 5625 elabendi
1866 5564 2031 5626 nulla

382 5652 472 5705 est
500 5645 676 5706 ratio.
705 5670 733 5704 ι

2193 5326 2318 5401 (27)
2350 5321 2596 5385 Βιϐλίων.
2625 5320 2889 5394 Quatuor
2912 5320 3095 5403 Regg.
3133 5329 3191 5384 et
3212 5323 3315 5403 pr.
3347 5321 3406 5400 2,
3430 5322 3653 5402 βίβλων.

2192 5404 2314 5481 (28)
2344 5404 2469 5468 (ιῦν.
2498 5404 2677 5465 Deest
2705 5404 2765 5463 in
2801 5405 2951 5484 Reg.
2986 5401 3085 5465 bm
3119 5412 3179 5464 et
3198 5401 3303 5466 Or.
3333 5402 3397 5466 2.

2194 5484 2314 5566 (29)
2346 5486 2560 5566 Φορτίς.
2596 5485 2748 5562 Reg.
2776 5485 2878 5566 ph.
2904 5483 3729 5566 ’gopovttmcura,sollicitudo.
3747 5507 3775 5545 ι

2196 5558 2315 5634 (30)
2343 5558 2626 5641 Γαδείρων.
2661 5558 2982 5628 α’ϐἓιᾶθέὶο
3017 5566 3185 5627 locus
3215 5573 3306 5628 est
3348 5558 3507 5629 inter
3547 5564 3777 5641 Hispa-

2112 5646 2268 5729 niam
2302 5654 2361 5708 et
2387 5645 2814 5729 Africam,__ub_i
2862 5664 3029 5729 mare
3080 5646 3451 5729 permeabile
3485 5665 3630 5729 esse
3656 5664 3775 5709 ne-

466 5721 578 5796 (23)
608 5724 933 5798 Νοσοκομία,
978 5725 1125 5801 Reg.
1176 5741 1229 5799 c,
1281 5738 1621 5801 νοσοκομεϊα.
1685 5721 1890 5786 Potest
1923 5724 2021 5785 in-

2169 5726 2265 5789 ivit
2290 5724 2637 5809 antiquitas.
2661 5721 2847 5789 Unde
2877 5721 3121 5789 ductum
3155 5735 3246 5789 est
3277 5727 3435 5790 istud
3466 5727 3773 5808 adagium.
