4150 6408
293 313 412 382 529

1111 317 1395 385 ORATIO
1437 314 1653 380 XLIII.
1688 347 1765 361 —
1793 308 1874 378 IN
1922 314 2237 377 LAUDEM
2283 310 2560 377 BASILII
2604 313 2880 378 MAGNI.

3568 312 3688 379 530

295 447 575 527 ἱκδημίας,
636 450 886 529 ἓξιτήριοι
936 448 1113 529 λόγοι,
1168 449 1528 530 προπόμπιοι,
1596 446 1945 523 ἀνακλήσεις,

2040 452 2564 527 conceptas,atque
2588 446 2746 507 inter
2768 464 2875 506 nos
2892 449 3685 529 compactas,arriperemus.

294 542 546 619 οἰμωγαὶ,
606 540 948 619 περιπλοκαὶ,
1011 539 1230 618 δάκρυα.
1297 537 1458 597 Οὖδὲν
1489 538 1591 617 γὰρ
1635 536 1800 601 οὕτως
1858 539 1951 594 οὐ·

294 628 399 686 ὃενὶ
451 628 567 706 (3i)
623 630 886 708 λυπηρὸν,
939 632 1012 695 ὡς
1070 643 1188 694 τοῖς
1218 629 1406 695 ἐκεῖσε
1453 630 1758 703 συννόμοις,
1795 627 1953 695 Ἀθη-

296 727 423 795 νών,
493 722 579 777 καὶ
635 718 889 790 ἀλλήλων
953 720 1236 795 τέμνεεθαι
1301 716 1455 799 (32).
1492 717 1695 774 Γίνεται
1727 716 1793 785 δὴ
1836 719 1953 773 τότε

297 810 469 886 θέαμά
526 833 577 867 τι
635 810 867 867 ἐλεεινὸν
924 811 1012 867 καὶ
1076 810 1306 889 ἱστορίας
1368 807 1533 875 ἀξιον.
1605 808 1953 887 Περιστάντες

296 900 440 975 ἡμᾶς
486 901 514 956 ὁ
583 907 689 957 τῶν
741 900 960 978 ἑταίρων
1019 900 1107 957 καὶ
1164 897 1365 967 ἡλίκων
1428 900 1617 978 χορὸς,
1654 897 1765 955 ἔστι
1798 896 1851 953 δὲ
1880 898 1955 954 ὦν

298 994 386 1047 καὶ
444 989 799 1063 διδασκαλων,
859 989 968 1047 οὐδ’
1018 990 1104 1065 ἀν,
1161 990 1214 1047 εἴ
1272 1012 1323 1047 τι
1403 990 1639 1068 γένοιτο,
1706 991 1955 1063 μεθήσειν

300 1082 554 1163 ἔφασκον,
629 1080 1052 1162 ἀντιϐολοῦντες,
1110 1081 1447 1157 βιαζόμενοι,
1536 1082 1828 1143 πείθοντες*
1908 1071 1958 1135 τί

298 1175 397 1252 γὰρ
458 1176 517 1231 οὗ
546 1170 791 1250 λέγοντες
828 1191 844 1246 ;
905 1172 954 1228 τί
984 1171 1029 1228 δ’
1074 1171 1133 1227 οὗ
1177 1172 1527 1250 πράττοντες,
1558 1173 1633 1226 ὧν
1671 1172 1795 1234 τοὺς
1827 1167 1951 1249 (33)

296 1261 588 1341 ἀλγοῦντες
644 1264 783 1325 εἰκός
832 1282 848 1342 ;
885 1261 1143 1320 Ἐνταῦθά
1186 1283 1240 1317 τι
1273 1262 1634 1338 κατηγορήσω
1665 1261 1763 1335 μὲν
1794 1259 1929 1335 ἐμαυ

298 1360 412 1427 τοῦ,
470 1353 826 1432 κατηγορήσω
886 1350 941 1407 δὲ
999 1356 1099 1419 τῆς
1156 1350 1298 1415 θείας
1329 1349 1544 1417 ἀκείνης
1573 1350 1663 1406 καὶ
1711 1348 1954 1419 ἀλήπτου

298 1447 507 1523 ψυχῆς,
565 1444 609 1499 εί
665 1444 755 1499 καὶ
802 1441 1097 1520 τολμηρόν,
1159 1440 1221 1499 Ὀ
1254 1440 1353 1516 μὲν
1426 1441 1550 1519 γὰρ,
1612 1440 1709 1505 τὰς
1783 1440 1951 1503 αἰτίας

299 1534 459 1591 εἰπὼν
517 1537 616 1601 τῆς
658 1536 775 1612 περὶ
830 1533 928 1600 τὴν
988 1530 1242 1589 ἐπάνοδον
1296 1530 1639 1611 φιὲονεικίας,
1700 1532 1952 1608 κρείττων

296 1623 447 1703 ὤφθη
497 1629 603 1678 τῶν
659 1621 1029 1701 κατεχόντων·
1064 1622 1151 1677 καὶ
1184 1621 1273 1697 βίᾳ
1344 1620 1467 1698 μὲν,
1500 1619 1852 1699 συνεχωρήθη
1904 1617 1949 1674 δ’

301 1712 391 1768 οὖν
443 1710 590 1787 ὅμως
648 1713 748 1778 τὴν
806 1708 1087 1784 ἐκδημίαν,
1147 1709 1289 1788 Ἐγὼ
1320 1709 1376 1765 δὲ
1418 1707 1740 1789 ὑπελείφθην
1793 1704 1948 1777 Ἀθή-

2034 536 2255 598 Aderat
2288 535 2589 600 discessus
2620 535 2773 611 dies,
2812 543 2869 597 et
2899 535 3187 615 quidquid
3237 537 3310 597 ad
3360 537 3692 601 discessum

2037 626 2398 705 pertinebat,
2432 642 2716 688 eXIremze
2766 624 3185 701 allocutiones,
3223 628 3692 710 prosecutiones,

2038 717 2467 789 revocationes,
2499 716 2780 795 gemitus,
2805 714 3175 795 complexus,
3212 716 3501 796 lacrymae.
3536 717 3694 779 Nihil

2038 805 2198 867 enim
2231 807 2510 886 cuiquam
2548 804 2799 885 perinde
2831 806 3145 866 molestum
3179 813 3237 867 et
3264 805 3545 868 acerbum
3580 816 3691 885 est,

2041 905 2101 957 ut
2129 896 2227 977 iis,
2252 896 2350 976 qui
2376 896 2498 956 illic
2517 895 2695 956 simul
2718 895 2955 957 educati
2985 903 3145 969 sunt,
3172 908 3231 960 et
3256 896 3329 957 ab
3357 896 3606 958 Athenis
3636 907 3697 961 et

2040 986 2197 1048 inter
2227 1004 2290 1047 se
2320 986 2547 1048 divelli.
2590 983 2743 1046 Tum
2772 985 2959 1063 igitur
3009 986 3174 1047 triste
3203 994 3261 1047 et
3313 987 3596 1048 miserum
3626 1006 3698 1049 ac

2038 1075 2613 1137 commemoratione
2677 1074 2925 1153 dignum
2987 1075 3393 1154 spectaculum
3452 1078 3692 1140 accidit.

2039 1166 2433 1228 Circumstare
2458 1181 2570 1225 nos
2602 1163 2891 1224 sodalium
2925 1172 2983 1226 et
3014 1165 3351 1245 aequalium,
3378 1167 3695 1228 nonnullo-

2038 1273 2293 1335 rumque
2318 1255 2494 1315 etiam
2516 1253 2934 1332 magistrorum
2960 1254 3455 1333 chorus,prorsus
3476 1274 3697 1335 negare

2039 1361 2102 1403 se
2136 1343 2310 1403 nobis
2342 1342 2602 1404 abeundi
2637 1350 2989 1421 potestatem
3036 1342 3317 1416 facturos,
3349 1343 3692 1421 obsecrare,

2039 1451 2278 1512 cogere,
2310 1432 2559 1509 hortari,
2589 1434 2726 1493 790
2752 1432 2952 1492 omnia
2982 1432 3243 1513 denique
3275 1451 3347 1494 ea
3377 1442 3496 1495 tum
3530 1436 3693 1498 face-

2038 1542 2127 1603 re,
2156 1531 2278 1583 tum
2301 1523 2669 1602 dicere,qua3
2690 1521 3018 1582 verisimile
3041 1531 3128 1582 est
3146 1522 3379 1603 eos,qui
3406 1527 3462 1583 in
3488 1525 3696 1587 dolore

2036 1623 2369 1675 versantur.
2400 1616 2531 1675 Hoc
2563 1612 2695 1673 loco
2729 1611 2963 1681 faciam,
2998 1620 3062 1672 ut
3096 1621 3151 1673 et
3182 1613 3471 1693 meipsum
3506 1623 3567 1677 et
3596 1615 3696 1675 di-

2036 1703 2229 1764 vinam
2252 1704 2413 1765 illam
2434 1722 2501 1763 ac
2520 1701 3109 1783 irreprehensibilem
3134 1702 3695 1777 animam,licethoc

299 1821 444 1879 νῃσιο
500 1804 563 1857 τὸ
635 1802 731 1876 μέν
761 1823 811 1857 τι
843 1800 1184 1875 μαλακισθεὶς
1215 1801 1500 1877 (εἰρήσεται
1532 1799 1631 1875 γάρ
1672 1797 1944 1877 τάληθὲς),

2040 1793 2319 1856 audacius
2341 1793 2641 1874 aliquanto
2662 1792 2853 1853 videri
2876 1792 3366 1872 possit,nonnihil
3389 1813 3695 1858 accusem.

303 1894 358 1948 τὸ
417 1889 471 1946 δὲ
523 1913 572 1947 τι
634 1889 902 1970 προδοθεὶς
974 1887 1100 1961 παρ’
1187 1891 1407 1962 ἐκείνου,
1467 1886 1770 1951 πεισθέντος
1834 1889 1956 1967 (34)

296 1980 511 2061 ἀφεῖναι
585 1982 661 2055 μὴ
718 1979 959 2062 ἀφιέντα,
995 1981 1083 2036 καὶ
1137 1980 1533 2059 παραχωρῆσαι
1565 1978 1680 2043 τοῖς
1714 1976 1947 2035 ἕλκουσι.

298 2078 543 2149 Πρᾶγμα,
607 2073 727 2151 πρὶν
786 2070 1058 2149 γε.·ἐσθαι,
1122 2071 1200 2145 μὴ
1278 2070 1684 2144 πιστευόμενον
1751 2068 1951 2145 γίνεται

295 2162 394 2239 γὰρ
442 2160 620 2225 ὥσπερ
684 2161 799 2225 ἐνὸς
842 2161 1089 2236 σώματος
1151 2161 1224 2226 εἷς
1254 2158 1341 2216 δύο
1369 2161 1536 2235 τομη,
1572 2161 1659 2216 καὶ
1717 2159 1954 2239 ἀμφοτὲ-

293 2273 398 2328 ρων
451 2251 723 2331 νέκρωσις’
815 2250 851 2318 ἢ
911 2250 1139 2330 μόσχων
1199 2249 1502 2329 συντρόφων
1548 2251 1635 2306 καὶ
1669 2250 1951 2327 ὁμοζύγων

295 2338 565 2415 διάζευξις,
640 2343 847 2419 γοερὸν,
900 2338 1023 2419 (35)
1060 2338 1389 2416 μυκωμένων
1423 2340 1510 2395 ἔπ’
1545 2338 1831 2413 ἀλλήλοις,
1864 2340 1952 2395 καὶ

296 2429 355 2485 οὗ
398 2430 669 2509 φερόντων
725 2430 826 2496 τὴν
885 2427 1255 2507 ἀλλοτρίωσιν,
1317 2429 1389 2486 Οὐ
1445 2430 1554 2502 μὴν
1625 2427 1952 2505 μακρότερόν

300 2541 389 2592 μοι
457 2516 578 2598 (36)
630 2521 690 2574 τὸ
719 2520 819 2584 τῆς
845 2518 1063 2590 ζημίας’
1096 2520 1156 2574 οὒ
1200 2518 1300 2596 γὰρ
1330 2517 1637 2595 ἠνειχόμην
1664 2517 1797 2594 (37)
1829 2517 1952 2574 ἐπι-

301 2607 491 2665 πλεϊον
547 2607 776 2673 ἐλεεινὸς
808 2609 1049 2685 ὁρᾶσθαι,
1083 2608 1189 2662 mi’
1228 2613 1358 2662 πᾶσι
1390 2606 1550 2685 λόγον
1581 2606 1807 2687 ὑπέχειν
1851 2612 1951 2675 τῆς

299 2697 645 2761 διαστάσεως²
706 2695 827 2753 ἀλλ’
891 2696 1239 2771 ὶπιμείναντά
1269 2716 1336 2770 με
1363 2709 1487 2759 ταῖς
1518 2695 1777 2763 Ἀθηναις
1811 2699 1951 2776 χρό-

301 2812 390 2846 νον
445 2788 567 2867 οὗχὶ
625 2788 847 2865 συχνὸν,
904 2797 1054 2842 ποιεῖ
1109 2786 1200 2840 τὸν
1234 2782 1530 2862 Ὀμηρικὸν
1561 2784 1734 2842 ἵππον
1768 2783 1891 2865 (38)
1926 2788 1953 2842 ὁ

299 2878 479 2941 πόθος·
552 2877 639 2933 καὶ
710 2877 771 2931 τὸ
804 2873 971 2949 δεσμά
1028 2873 1189 2950 ῥήξας
1249 2872 1374 2954 (39)
1421 2879 1529 2929 τῶν
1580 2874 1951 2953 κατεχόντων,

298 2970 526 3047 κροαίνω
591 2967 725 3022 κατά
779 2962 995 3044 πεδίων,
1069 2965 1157 3020 καὶ
1228 2965 1359 3042 πρὸς
1404 2964 1496 3019 τὸν
1550 2964 1807 3039 σύννομον
1828 2966 1949 3032 ἔφε-

298 3058 499 3137 ρόμην.

2040 1883 2145 1946 Ille
2174 1884 2356 1957 enim,
2394 1902 2527 1945 cum
2560 1900 2769 1944 causas
2799 1882 3196 1963 exposuisset,
3229 1903 3336 1943 cur
3370 1884 3445 1944 de
3498 1885 3695 1947 reditu

2039 1993 2143 2035 suo
2175 1984 2289 2035 tam
2315 1973 2528 2035 obnixe
2560 1972 2969 2047 contenderet,
3006 1972 3100 2047 iis,
3130 1975 3227 2053 qui
3262 1992 3397 2033 eum
3430 1974 3697 2036 retinere

2039 2065 2428 2136 conabantur,
2464 2063 2741 2143 superior
2772 2062 2993 2123 exstitit
3020 2084 3035 2137 ;
3061 2074 3119 2122 et
3149 2082 3486 2143 quanquam
3512 2083 3689 2143 azgre,

2038 2153 2300 2216 abeundi
2336 2161 2534 2214 tamen
2567 2152 2904 2213 facultatem
2951 2153 3308 2231 impetravit.
3343 2151 3462 2231 Ego
3496 2162 3692 2216 autem

2035 2244 2285 2306 Athenis
2302 2242 2548 2305 relictus
2568 2260 2696 2303 sum
2725 2260 2746 2317 ;
2771 2241 3013 2323 partim,
3038 2250 3101 2301 ut
3124 2260 3259 2303 vere
3283 2242 3515 2324 loquar,
3536 2243 3695 2306 ami-

2037 2352 2241 2396 corum
2277 2331 2553 2413 precibus
2577 2331 2877 2392 emollitus
2907 2351 2923 2407 ;
2951 2331 3162 2411 partim
3181 2331 3253 2391 ab
3277 2331 3405 2412 ipso
3433 2333 3690 2410 quadam

2038 2443 2108 2485 ex
2141 2434 2310 2503 parte
2352 2421 2644 2502 proditus,
2678 2425 2745 2483 ut
2775 2424 2872 2499 qui
2902 2438 2972 2481 eo
3003 2439 3067 2481 se
3111 2420 3327 2481 adduci
3360 2440 3565 2502 passus
3595 2425 3693 2501 sit,

2039 2520 2104 2574 ut
2134 2512 2463 2573 dimitteret
2514 2530 2632 2571 non
2683 2509 3107 2591 dimittentem,
3140 2510 3359 2591 iisque,
3392 2531 3425 2572 a
3474 2513 3693 2593 quibus

2038 2602 2342 2676 trahebar,
2378 2618 2586 2661 manus
2638 2599 2826 2662 daret.
2867 2602 2986 2662 Res
3045 2600 3332 2679 profecto,
3368 2609 3687 2681 antequam

2039 2691 2400 2771 contigisset,
2429 2688 2801 2751 incredibilis
2828 2690 2841 2749 !
2868 2688 2959 2752 Fit
2982 2690 3139 2750 enim
3164 2690 3331 2769 quasi
3357 2691 3535 2751 unius
3567 2710 3691 2752 cor-

2041 2782 2203 2863 poris
2228 2782 2287 2842 in
2322 2781 2469 2843 duas
2502 2789 2696 2859 partes
2718 2780 2929 2859 sectio,
2958 2788 3135 2860 atque
3168 2788 3473 2860 utriusque
3496 2782 3687 2841 inter-

2039 2870 2260 2952 emptio
2290 2892 2305 2945 ;
2338 2878 2437 2931 aut
2468 2868 2672 2940 boum,
2707 2870 2809 2947 qui
2842 2869 3017 2930 simul
3066 2869 3272 2929 nutriti
3324 2881 3479 2947 sunt,
3514 2879 3692 2950 atque

2040 2963 2197 3023 idem
2216 2963 2429 3041 jugum
2455 2958 3393 3040 traxerunt,disjunctio,lugubre
3411 2961 3693 3039 quiddam

2041 3051 2351 3132 utriusque
2375 3068 2552 3112 causa
2580 3049 3438 3129 mugientium,dissidiumque
3461 3070 3693 3130 permo-

294 3148 439 3208 leste
483 3142 965 3208 ferentium.Nec
996 3152 1197 3206 tamen
1229 3144 1293 3205 in
1326 3142 1567 3223 longum
1597 3143 1743 3205 mihi
1770 3144 2054 3225 producta
2101 3152 2191 3205 est
2238 3144 2363 3203 haec
2404 3140 2731 3215 calamitas;
2786 3158 2977 3220 neque
3024 3140 3183 3202 enim
3235 3141 3456 3204 diutius
3510 3142 3694 3205 miser

305 3254 448 3297 cons
462 3234 603 3314 pici,
635 3242 973 3314 nostraque
1003 3232 1427 3314 disjunctionis
1456 3233 1746 3295 rationem
1777 3237 2052 3297 omnibus
2078 3233 2327 3314 reddere
2353 3230 2631 3314 sustinui;
2651 3231 2753 3291 sed
2782 3249 2900 3314 non
2919 3230 2993 3314 ita
3018 3231 3200 3291 multo
3225 3240 3491 3311 tempore
3514 3232 3689 3297 Athe.

302 3317 395 3377 nis
431 3310 637 3396 p'cste'a
666 3310 1197 3386 commoratusfut
1228 3332 1350 3395 prae
1379 3314 1563 3375 animi
1615 3314 1917 3378 desiderio
1970 3335 2189 3397 equum
2236 3312 2399 3373 illum
2439 3311 2821 3373 Homericum
2864 3310 3085 3385 imitor,
3124 3310 3551 3394 perfractisque
3583 3333 3691 3375 eo-

299 3424 458 3478 rum,
493 3403 773 3486 aquibus
829 3403 1164 3479 retinebar,
1226 3402 1478 3465 vinculis
1531 3423 1773 3485 campos
1823 3405 2076 3486 pedibus
2133 3406 2323 3485 pulso,
2387 3411 2565 3482 atque
2614 3399 2687 3461 ad
2739 3401 2999 3462 sodalem
3056 3420 3257 3462 meum
3317 3402 3539 3483 impetu
3598 3404 3692 3467 fe-

299 3513 426 3557 I'OI‘.

379 3584 514 3648 KE’,
558 3581 662 3650 Ὠς
690 3581 735 3639 δ⁹
768 3593 857 3645 οὖν
889 3582 1233 3661 ἐπανήκαμεν
1262 3583 1423 3664 (40),
1458 3585 1626 3664 μικρά
1651 3591 1727 3659 τῷ
1759 3585 1945 3660 κόσμῳ

2111 3584 2285 3647 XXV.
2312 3582 2566 3645 Domum
2586 3587 2786 3641 autem
2811 3580 3201 3661 reversi,cum
3229 3582 3450 3643 mundo
3468 3602 3535 3647 ac
3554 3603 3689 3648 sce-

296 3676 384 3733 καὶ
442 3681 510 3751 τῇ
560 3678 736 3751 σκηνῇ
766 3674 1143 3754 χαρισάμενοι,
1175 3675 1264 3732 καί
1307 3674 1433 3732 ὅσον
1461 3676 1553 3730 τὸν
1583 3678 1689 3731 τῶν
1732 3674 1947 3732 πολλῶν

2040 3694 2128 3736 nae
2161 3673 2429 3735 nonnihil
2464 3672 2969 3745 inserviissemus,
3006 3672 3291 3733 hactenus
3342 3673 3593 3750 scilicet,
3628 3688 3692 3740 ut

296 3765 456 3823 πόθοι
522 3765 918 3844 ἀφοσιώσασθαι
992 3764 1107 3844 (41)
1140 3767 1223 3841 (οὐ
1280 3766 1379 3843 γὰρ
1424 3766 1573 3823 αὐτοί
1602 3787 1662 3842 γε
1718 3763 1950 3846 εἴχομεν

2040 3763 2469 3844 permultorum
2503 3760 2804 3822 desiderio
2837 3768 3138 3838 utcunque
3171 3761 3685 3844 satisfaceremus;

296 3858 608 3934 θεατρικῶς,
642 3851 747 3910 οὔδ’
780 3851 1200 3935 ὲπιδεικτικως),
1236 3856 1472 3930 τάχιστα
1498 3851 1787 3931 ἐγενόμεθα
1821 3854 1946 3933 (42)

297 3946 451 4019 ἡμῶν
506 3943 701 4023 αὒτὼν,
735 3945 823 4000 καὶ
875 3943 1132 4020 τελοῦμεν
1193 3946 1267 4008 εἰς
1320 3942 1507 4022 ἄνδρας
1566 3944 1617 4009 ἐξ
1676 3945 1957 4017 ἀγενείων,

300 4031 680 4113 ἀνδρικώτερον
736 4040 805 4108 τῇ
876 4032 1160 4112 φιλοσοφίᾳ
1242 4031 1673 4112 ’προσϐαίνοντες
1751 4033 1809 4090 οὒ
1868 4034 1960 4089 σὺν

299 4121 556 4192 ἀλλήλοις
617 4124 714 4198 μὲν
785 4122 860 4179 ἔτι
924 4121 1009 4201 (οὗ
1089 4123 1189 4201 γὰρ
1247 4121 1455 4201 ἀφῆκεν
1511 4123 1539 4178 ὃ
1590 4121 1826 4202 φθόνος),
1886 4126 1962 4196 τῷ

298 4214 446 4288 πόθῳ
500 4210 556 4269 δὲ
628 4214 720 4271 σὺν
779 4211 1067 4283 ἀλλήλοις,
1129 4215 1229 4271 Τὸν
1292 4214 1389 4288 μὲν
1421 4213 1525 4289 γάα
1582 4214 1617 4280 ἡ
1654 4211 1956 4287 Καισαρέων

298 4302 520 4382 κατέχει
579 4301 702 4378 (43)
732 4300 912 4376 πόλις,
964 4302 1038 4365 ὥς
1097 4324 1214 4358 τινα
1245 4300 1483 4379 δεύτερον
1512 4302 1753 4371 οἰκιστήν
1779 4322 1836 4358 τε
1866 4302 1956 4357 καὶ

296 4392 616 4472 πολιοῦχονο
691 4390 875 4449 ἔπειτα
937 4390 1187 4467 ὶκδημίαι
1249 4392 1413 4464 τινὲς,
1477 4389 1661 4459 ἐπειδὴ
1694 4414 1755 4469 γε
1807 4393 1952 4467 ἡμᾶς

297 4482 393 4540 οὒκ
444 4482 597 4563 εἶχε,
682 4487 789 4538 τῶν
848 4481 1149 4560 ἀναγκαίων
1208 4476 1661 4554 δπολαμϐάνουσι,
1711 4482 1798 4537 καὶ
1856 4484 1953 4539 οὐκ

299 4575 405 4629 ἀπὸ
462 4580 663 4631 σκοποῦ
734 4571 831 4639 τῆς
889 4571 1249 4651 προκειμένης
1322 4570 1661 4650 φιλοσοφίας.
1702 4570 1837 4646 Ἐμὲ
1896 4568 1950 4626 δὲ

298 4662 541 4742 πατέρων
600 4660 868 4737 εὖλάϐεια,
945 4664 1031 4719 καὶ
1087 4662 1388 4741 γηροκομία
1439 4660 1584 4741 (44),
1630 4662 1718 4717 καὶ
1748 4683 1955 4739 συμφο-

2037 3872 2169 3912 nam
2194 3852 2301 3930 ipsi
2334 3850 2575 3930 quidem
2604 3848 2679 3909 ab
2704 3848 3031 3910 ambitione
3054 3868 3123 3910 ac
3153 3850 3438 3912 theatrica
3464 3853 3701 3931 ingenii

2045 3940 2439 4003 ostentatione
2472 3939 2942 4001 abhorrebamus
2970 3940 3160 4021 ;juris
3182 3942 3367 4002 nostri
3392 3945 3695 4024 quampri-

2050 4052 2205 4092 mum
2240 4031 2552 4103 etﬁcimur,
2587 4036 2764 4110 atque
2820 4049 2888 4091 ex
2920 4030 3294 4091 imberbihus
3345 4030 3500 4093 inter
3528 4034 3693 4096 viros

2047 4119 2601 4190 censemur,fortius
2625 4137 2694 4181 ac
2716 4120 2942 4180 virilius
2962 4120 3033 4180 ad
3060 4120 3491 4201 philosophiam
3516 4142 3693 4186 acce-

2047 4210 2794 4291 dentes,nonquidemjam
2814 4228 3067 4289 corpore
3082 4210 3267 4289 (haud
3288 4212 3443 4273 enim
3464 4212 3700 4276 sinebat

2042 4301 2239 4381 livor),
2267 4301 2371 4361 sed
2398 4298 2697 4361 desiderio
2726 4308 2784 4361 et
2817 4319 3022 4361 amore
3048 4301 3373 4379 conjuncti.
3400 4300 3506 4364 Ille
3538 4305 3694 4366 enim

2039 4410 2073 4452 a
2096 4388 2446 4454 Caesariensi
2478 4388 2728 4461 civitate,
2761 4398 2821 4449 ut
2850 4391 3000 4450 alter
3024 4390 3317 4470 quispiam
3346 4392 3617 4454 conditor
3636 4402 3696 4456 et

2039 4488 2446 4548 conservator,
2483 4478 2822 4550 retinetur;
2859 4496 2926 4541 ac
2978 4479 3221 4557 deinde,
3263 4481 3544 4559 quoniam
3599 4502 3694 4546 me

2038 4569 2297 4642 carebat,
2316 4569 2685 4630 necessarias
2707 4569 2996 4649 quasdam
3026 4570 3563 4652 peregrinationes,
3593 4574 3698 4633 mi-

2040 4661 2320 4738 nimeque
2349 4677 2381 4719 a
2416 4660 2737 4738 propositae
2776 4659 2890 4720 sibi
2925 4659 3314 4739 philosophiae
3343 4678 3524 4741 scopo
3555 4662 3700 4723 alie-

296 4752 401 4833 ρῶν
471 4751 826 4817 ἐπανάστασις
869 4759 1238 4833 κατασχοῦσα,
1275 4761 1368 4811 τοῦ
1418 4748 1603 4828 ἀνδρὸς
1635 4751 1940 4830 ἀπήγαγεν·

2040 4770 2161 4831 nas,
2189 4750 2340 4812 iniit.
2368 4748 2442 4810 At
2477 4766 2593 4829 me,
2623 4758 2682 4810 et
2706 4749 2897 4829 pietas
2921 4767 3061 4829 erga
3086 4758 3384 4831 parentes,
3406 4760 3465 4812 et
3488 4753 3694 4815 senilis

409 4874 511 4954 3i)
539 4872 739 4934 Οὐδενί.
786 4871 933 4953 Reg.
969 4874 1072 4954 ph,
1108 4873 1343 4954 ο-δδέινί.

410 4953 509 5035 32)
544 4954 859 5035 Titi-vestiat.
875 4955 959 5035 In
972 4953 1318 5035 nonnullis,
1350 4955 1751 5035 συντέμνεσθαι.

384 5029 510 5115 (33)
536 5029 643 5115 ,Ὧν
686 5036 833 5115 τούς.
867 5032 965 5115 Sic
996 5034 1201 5115 plures
1226 5029 1464 5115 ne“,
1519 5033 1726 5115 plures
1756 5029 1955 5112 Colb.,

298 5110 581 5193 (10351.1,
619 5121 733 5176 etc.
771 5113 839 5175 In
874 5110 1013 5193 ed,‘
1045 5118 1117 5179 ὡς
1142 5114 1285 5175 τοόε.

382 5194 508 5276 (34)
541 5192 875 5276 Πεισβέντος.
936 5192 1034 5257 Sic
1090 5194 1356 5276 quinque
1404 5198 1617 5276 Regg.,
1677 5192 1961 5276 undecim

299 5272 497 5349 Colh.,
522 5272 706 5336 Coisl.
744 5276 802 5349 1,
836 5274 1069 5356 Chrys,
1105 5272 1209 5339 0r.
1246 5272 1305 5353 2,
1340 5272 1514 5350 Par.,‘
1539 5272 1731 5349 Pass.,
1768 5274 1959 5336 etc.ln

300 5357 397 5418 ed.
420 5406 431 5423 ,
465 5356 737 5418 πείθοντος
749 5402 764 5417 .

382 5436 514 5517 (35)
545 5437 761 5513 Γοερόν.
797 5434 1034 5511 Comb.,
1062 5442 1283 5517 γοερῶς,

378 5514 505 5597 (36)
540 5524 663 5597 Mm.
702 5517 850 5596 Reg.
888 5535 943 5593 c,
977 5514 1166 5579 Coisl.
1198 5518 1219 5575 1
1262 5522 1321 5577 et
1353 5517 1514 5576 Pass.
1549 5514 1801 5596 addun(,
1830 5537 1956 5573 συν-

296 5596 417 5677 έϐη,
462 5623 484 5651 ι
520 5596 669 5658 mihi
699 5597 999 5677 accidit,»

381 5676 511 5757 (37)
540 5677 898 5761 ᾜνειχόμην.
936 5676 1083 5759 Reg.
1137 5676 1262 5760 bm,
1308 5679 1413 5761 ph,
1457 5678 1668 5742 decem
1700 5677 1867 5743 Colb.
1899 5685 1960 5742 et

381 5703 473 5757 (οι
490 5703 511 5755 )
561 5703 685 5735 [ινει
736 5703 875 5755 ομην

301 5761 493 5835 Ραεεη
526 5703 875 5842 ἠνεσχέμην,

1979 4880 2021 4929 D
2118 4874 2242 4955 (38)
2281 4865 2569 4950 Ὀμηρικὸν
2611 4871 2804 4933 ἵππον.
2852 4870 3003 4934 Vide
3030 4874 3271 4936 Homer.
3311 4876 3494 4938 Iliad.
3524 4875 3704 4940 lib.vI

2042 4954 2151 5015 sub
2184 4954 2387 5016 ﬁnem.

2120 5033 2245 5111 (39)
2280 5034 2462 5106 Ῥήξας
2493 5038 2639 5114 Reg.
2665 5035 2725 5109 d,
2758 5034 2939 5096 Coisl.
2974 5037 3035 5110 2,
3066 5034 3365 5113 διαρρήξας.

2064 5199 2074 5217 Ι
2124 5116 2244 5195 (40)
2274 5114 2677 5193 Ἐπανήκαμεν.
2700 5116 2887 5195 Regg.
2922 5117 3045 5197 bm,
3080 5116 3158 5197 ph
3191 5123 3249 5177 et
3279 5115 3385 5179 Or.
3420 5116 3480 5197 2,
3514 5119 3684 5177 ἐπαν-

2043 5218 2269 5258 τ-κοιιεν,

2069 5242 2078 5267 ⁸
2123 5246 2251 5357 (λι)
2283 5277 2731 5359 Ἀφοσιώσασθαι.
2766 5277 2865 5341 Sic
2919 5264 3115 5339 codd.»
3156 5276 3217 5338 in
3249 5277 3374 5354 ed.,
3429 5279 3691 5359 ἀφωσιώ-

2283 5441 2527 5525 Τάχισυα
2578 5438 2923 5525 ἐγενόμιθαλ-
2948 5445 3062 5502 etc.
3114 5438 3356 5502 Nicetas
3396 5441 3683 5525 exponit,

2049 5543 2075 5574 α
2126 5518 2239 5601 cito
2270 5518 2529 5599 quietem
2557 5529 2615 5601 et
2645 5519 3031 5597 tranquillum
3061 5518 3571 5601 recuperavimus.
3614 5548 3638 5579 υ

2130 5600 2251 5679 (43)
2288 5602 2539 5681 Κατέχει.
2576 5600 2720 5680 Reg.
2754 5602 2857 5682 ph,
2888 5615 3140 5680 κατεῖχε,

2124 5681 2245 5753 (Η)
2276 5682 2601 5761 ιἠροκομία.
2635 5682 2739 5745 Or.
2758 5681 2832 5756 7?,
2866 5684 3203 5760 γηρωκομία.
