4150 6470
475 394 585 459 531

1697 388 1758 449 S.
1806 380 2174 450 GREGOBII
2218 382 2603 450 THEOLOGI

3757 389 3878 454 532

473 524 662 588 aetatis
694 543 837 587 cura
881 532 940 586 et
987 524 1362 586 incursantes
1414 520 1802 598 calamitates,
1837 516 1909 578 ab
1964 517 2119 579 illius

2209 528 2269 579 ού
2317 520 2494 585 καλῶς
2568 522 2666 596 μὲν
2735 520 2902 594 ἴσως,
2966 522 3082 580 οὗδὲ
3133 522 3347 592 δικαίως
3378 527 3637 608 ἆπὴγαγε
3678 527 3725 585 δ’
3761 533 3879 586 οὖν.

474 615 780 679 consortio
804 614 1166 677 abstractum
1191 608 1717 683 tenuerunt;haud
1745 615 1906 669 recte
1924 608 1979 667 id
2005 608 2132 689 qui-

475 706 611 768 dem
645 705 912 775 fortasse,
940 721 1052 765 nec
1068 704 1250 783 juste,
1278 700 1382 762 sed
1416 709 1616 761 tamen
1644 703 1990 762 tenuerunt.
2020 702 2129 759 At-

477 814 593 877 que
626 794 781 856 haud
813 793 963 865 scio,
998 811 1072 853 an
1112 790 1257 851 mihi
1287 791 1428 851 hinc
1478 806 1714 868 quoque
1758 787 1957 877 omnis
2002 788 2131 849 vitze

475 876 793 948 difficultas
818 882 1230 963 asperitasque
1260 886 1389 941 orta
1418 879 1518 954 sit,
1553 896 1621 939 ac
1652 876 2020 938 salebrosum
2054 879 2126 939 ad

474 972 911 1056 philosophiam
945 973 1058 1033 iter
1090 969 1291 1041 fuerit,
1324 987 1436 1030 nec
1474 966 1799 1056 cupiditate
1831 968 1955 1027 791
2000 985 2131 1027 mea

476 1054 533 1126 et
562 1062 745 1125 animi
804 1061 1071 1123 instituto
1102 1059 1247 1120 satis
1290 1058 1562 1137 dignum.
1598 1054 1713 1118 Sed
1747 1074 1845 1117 res
1886 1056 2125 1136 quidem

471 1161 707 1224 nostrae,
740 1160 804 1213 ut
843 1150 949 1213 Dei
996 1149 1265 1210 voluntas
1320 1147 1541 1221 tulerit,
1578 1147 1887 1216 ferantur;
1948 1154 2127 1226 atque

472 1244 695 1304 utinam
732 1259 839 1321 per
868 1240 1027 1301 illius
1055 1237 1544 1319 deprecationem
1576 1235 1790 1296 melius
1832 1234 2120 1298 ferantur.

470 1331 641 1395 Hunc
673 1350 834 1406 vero,
872 1329 1179 1408 multiplex
1217 1326 1323 1389 Dei
1374 1326 1731 1406 benignitas,
1767 1334 1944 1400 atque
1989 1343 2126 1404 erga

470 1441 658 1503 genus
685 1429 951 1482 nostrum
978 1437 1122 1481 cura
1152 1426 1210 1479 et
1242 1416 1635 1498 dispensatio,
1666 1416 1725 1476 iu
1760 1415 1959 1475 multis
1991 1425 2126 1477 ante

471 1511 820 1575 muneribus
846 1509 1241 1591 exploratum,
1266 1527 1336 1571 ac
1367 1507 1634 1585 quotidie
1657 1506 1970 1567 clariorem
1998 1506 2124 1567 illu-

470 1603 869 1680 strioremque
893 1598 1360 1680 compertum,in
1381 1616 1612 1659 sacrum
1636 1598 1861 1657 interea
1880 1595 2125 1676 presby-

470 1703 731 1755 terorum
763 1690 1033 1752 ordinem
1071 1688 1336 1763 ascribit,
1370 1705 1440 1749 ac
1471 1685 1849 1767 splendidam
1885 1698 1939 1745 et
1974 1685 2129 1747 cele-

470 1783 638 1845 brem
674 1780 956 1844 Ecclesiae
992 1779 1179 1840 facem
1215 1778 1516 1859 proponit,
1551 1785 1755 1854 atque,
1793 1794 1898 1856 per
1948 1794 2124 1836 unam

469 1871 897 1938 Caesariensem
958 1869 1275 1947 civitatem,
1312 1866 1596 1930 universo
1648 1874 1939 1927 terrarum
1992 1865 2117 1926 orbi
2148 1922 2179 1948 η
2208 1888 2341 1924 νασα
2385 1869 2503 1948 (51)

467 1964 769 2044 praelucet.
793 1960 1059 2033 Quonam
1092 1966 1289 2020 autem
1322 1956 1380 2018 id
1418 1957 1593 2018 modo
1614 1962 1640 2019 ?
1661 1956 1759 2019 Sic
1789 1974 2025 2036 nempe,
2057 1966 2119 2016 ut

2209 1962 2299 2023 τῆς
2357 1962 2680 2038 προστασίας
2742 1960 3057 2040 ἐφιεμένων·-

464 2072 601 2116 eum
631 2070 752 2114 non
783 2049 976 2113 subito
1007 2048 1077 2109 ad
1114 2049 1271 2108 hunc
1305 2046 1554 2126 gradum
1590 2044 1972 2124 subveheret,
2011 2064 2119 2106 nec

2214 610 2412 667 Σκοπῶ
2467 610 2543 687 δὲ,
2609 613 2653 668 εἷ
2726 614 2802 687 μὴ
2861 613 3139 671 κᾶντεῦθέν
3199 639 3288 690 μοι
3351 624 3497 675 πᾶσα
3552 622 3584 687 ἡ
3618 621 3736 696 περὶ
3785 622 3883 677 τὸν

2212 699 2324 776 βίον
2381 699 2662 775 ἀνωμαλία
2720 703 2807 757 καὶ
2863 702 3108 759 δυσκολία
3170 704 3447 773 σονέπεσε,
3486 711 3569 764 καὶ
3616 711 3677 766 τὸ
3738 712 3874 785 πρὸς

2210 788 2308 855 τὴν
2370 788 2492 867 (45)
2544 788 2858 869 φιλοσοφίαν
2925 794 3019 849 οὒκ
3076 792 3273 869 εὔοδον,
3338 793 3453 852 οὖδέ
3516 799 3615 865 τῆς
3687 798 3875 856 ἐπιθυ-

2215 878 2335 952 μίας
2390 879 2521 959 (46)
2583 882 2670 936 καὶ
2714 886 2813 948 τῆς
2872 882 3169 947 ὑποθέσεως
3251 884 3414 949 ἄξιον.
3491 890 3567 946 Τά
3626 888 3722 963 μὲν
3786 896 3881 946 οὖν

2210 966 2471 1046 ἡμέτερα,
2520 967 2629 1036 ὅπη
2652 976 2727 1043 τῷ
2787 977 2902 1045 Θεῴ
2936 970 3108 1052 φίλον,
3144 972 3352 1050 ἀγέσθω
3429 974 3611 1054 ἂγοιτο
3641 976 3691 1032 δὲ
3744 992 3872 1042 ταῖς

2211 1054 2409 1113 ἐκείνου
2465 1056 2763 1137 πρεσϐείαις
2826 1058 3065 1135 ἄμεινον.
3142 1063 3242 1120 Τὸν
3298 1062 3375 1135 δὲ,
3439 1067 3472 1132 ἡ
3536 1065 3870 1146 πολύτροπος

2210 1154 2301 1203 τοῦ
2373 1155 2506 1208 Θεοῦ
2574 1148 2959 1229 φιλανθρωπία,
3033 1154 3121 1209 καὶ
3185 1155 3303 1232 περὶ
3333 1157 3395 1211 τὸ
3426 1158 3684 1235 ἡμέτερον
3714 1158 3870 1236 γένος

2209 1239 2500 1313 οίκονρμία,
2534 1237 2624 1295 διὰ
2680 1239 2894 1297 πολλῶν
2954 1241 3085 1321 (47)
3116 1250 3221 1299 τῶν
3267 1244 3322 1300 ἐν
3351 1246 3499 1321 μέσῳ
3541 1248 3868 1326 γνωρίσασα,

2207 1329 2293 1386 καὶ
2348 1328 2427 1418 ᾀεὶ
2514 1328 2883 1409 λαμπρότερον
2964 1331 3281 1399 ἀποδείξασα
3353 1335 3498 1415 (48),
3580 1339 3872 1418 λαμπτῆρα

2206 1418 2303 1507 τῆς
2353 1417 2677 1486 Ἐκκλησίας
2746 1422 3024 1500 προτίθησι
3085 1428 3349 1503 περιφανῆ
3436 1448 3492 1483 τε
3570 1428 3656 1483 καὶ
3718 1450 3874 1507 περι-

2207 1504 2424 1587 ϐόητον,
2461 1523 2576 1572 τοῖς
2609 1513 2773 1589 ἱεροῖς
2806 1519 2898 1568 τοῦ
2933 1510 3303 1591 πρεσϐυτερίου
3331 1517 3536 1592 θρόνοις
3583 1517 3716 1581 τέως

2206 1599 2625 1673 ἱγκαταλέξασα,
2691 1605 2806 1677 καὶ,
2868 1602 2952 1658 διὰ
2996 1609 3121 1679 μιᾶς
3150 1603 3246 1671 τῆς
3278 1602 3594 1684 Καισαρέων
3627 1606 3865 1685 πόλεως,

2212 1687 2278 1764 τῇ
2336 1691 2618 1766 οἰκουμένῃ
2671 1693 2819 1770 πάσῃ
2880 1694 3205 1770 πυρσεύουσα
3273 1693 3426 1774 (50).
3464 1697 3563 1754 Καὶ
3609 1698 3720 1753 τίνα
3752 1700 3877 1776 τρό-

2210 1800 2312 1835 πον
2348 1798 2363 1858 ;
2426 1782 2497 1836 Οὔ
2544 1779 2876 1861 σχεδιάσασα
2919 1784 3009 1839 τὸν
3039 1785 3263 1859 βαθμὸν,
3312 1784 3429 1843 οὐδὲ
3483 1789 3617 1861 ὁμοῦ
3639 1808 3695 1843 τε
3728 1787 3871 1845 πλύ-

2573 1872 2660 1926 καὶ
2720 1872 3001 1951 σοφίσασα,
3034 1873 3171 1929 κατᾶ
3202 1875 3320 1937 τοὺς
3366 1875 3598 1938 πολλοὺς
3646 1881 3749 1932 τῶν
3779 1889 3869 1937 νῦν

3161 1962 3296 2019 ἀλλὰ
3380 1964 3525 2031 τάξει
3574 1968 3661 2022 καὶ
3718 1969 3872 2043 νόμῳ

2204 2054 2567 2121 πνευματικῆς
2598 2048 2932 2125 ἀναϐάσεως,
2986 2054 3086 2118 τῆς
3122 2058 3287 2127 τιμῆς
3310 2052 3602 2119 ἀξιώσασα,

465 2142 642 2206 simul
673 2160 811 2203 eum
847 2147 907 2201 et
928 2137 1201 2201 ablueret
1232 2144 1289 2198 et
1333 2136 1627 2216 sapientia
1672 2137 2017 2213 instrueret,
2083 2134 2589 2214 quemadmodum
2637 2138 2961 2220 plerosque
3007 2157 3213 2203 eorum
3256 2142 3359 2222 qui
3416 2162 3573 2206 nunc
3622 2146 3857 2208 antisti-

465 2242 589 2296 tum
626 2248 841 2293 munus
892 2234 1200 2309 appetunt;
1260 2244 1465 2287 verum
1525 2224 1759 2297 ordine,
1816 2244 1882 2286 ac
1927 2224 2251 2304 spiritualis
2300 2227 2735 2305 progressionis
2785 2229 2939 2309 lege,
2995 2230 3109 2293 hoc
3167 2249 3305 2293 eum
3365 2233 3593 2297 honore
3636 2235 3840 2297 allice-

473 2329 751 2473 Γεδζχνι.
777 2410 904 2473 Nec
926 2407 1084 2470 enim
1106 2406 1250 2468 mihi
1278 2405 1647 2487 perturbatio
1671 2404 1772 2466 illa
1792 2403 2125 2465 temeritas~

469 2520 588 2580 que
620 2498 925 2582 probatur,
963 2514 1094 2578 quae
1149 2496 1303 2577 apud
1342 2514 1449 2557 nos
1497 2512 1926 2571 nonnunquam
1961 2502 2017 2553 et
2064 2495 2123 2553 in

468 2589 777 2653 nonnullis
808 2587 1093 2651 Ecclesia;
1123 2585 1482 2668 praesidibus
1513 2585 1765 2647 exsistit.
1802 2585 1930 2646 Non
1963 2584 2120 2645 enim

464 2699 534 2744 eo
562 2678 824 2743 audaciai
851 2676 1223 2760 progrediar,
1246 2685 1308 2737 ut
1332 2694 1542 2737 omnes
1563 2692 1838 2736 accusem
1870 2690 1885 2747 ;
1916 2673 2122 2749 inique

464 2770 624 2834 enim
658 2770 940 2832 facerem.
969 2766 1189 2831 Verum
1219 2766 1515 2829 nauticam
1546 2766 1738 2845 legem
1766 2764 1963 2838 laudo,
1990 2782 2122 2843 quae

462 2860 845 2943 gubernatori
869 2858 1065 2920 futuro
1090 2857 1348 2939 primum
1372 2856 1785 2926 remostradit,
1806 2854 2025 2915 deinde
2046 2853 2117 2914 ad

462 2969 699 3034 proram
736 2968 873 3012 eum
905 2948 1179 3023 collocat,
1208 2947 1416 3025 sicque
1439 2946 1740 3028 prioribus
1772 2943 2119 3005 muneribus

2295 2404 2445 2479 κζ’.
2509 2407 2616 2466 Οὔκ
2700 2409 2902 2465 ἐπαινῶ
2946 2411 3046 2487 γὰρ
3108 2410 3218 2489 ἐγὼ
3248 2412 3350 2479 τὴν
3380 2412 3496 2489 παρ’
3541 2416 3671 2487 ἡμῖν
3717 2415 3846 2470 ἀτα-

2208 2492 2317 2558 ξίαν
2394 2497 2482 2551 καὶ
2553 2497 2837 2573 ἀκοσμίαν,
2884 2497 3022 2555 ἔστιν
3050 2498 3137 2555 ὅτε
3171 2502 3256 2556 καὶ
3288 2500 3371 2581 ἐρ’
3400 2503 3472 2557 ῶν
3514 2502 3865 2580 προεδρενᾶν-

2204 2604 2310 2640 των
2376 2588 2431 2641 ἓν
2491 2586 2747 2661 βήμασιν.
2787 2588 2859 2646 Οὔ
2892 2590 2991 2667 γὰρ
3022 2589 3270 2646 ἁπάντων
3314 2589 3573 2666 τολμήσω
3620 2616 3867 2671 κατηγο-

2207 2687 2344 2749 ρεῖν,
2395 2673 2511 2734 οὐδὲ
2569 2674 2791 2740 δίκαιον,
2837 2677 3074 2735 Ἐπαινῶ
3117 2682 3207 2737 τὸν
3234 2680 3420 2747 νηίτην
3454 2682 3637 2757 νόμον,
3671 2685 3727 2746 ὃς
3763 2685 3866 2752 τὴν

2203 2763 2394 2831 κώπην
2451 2765 2706 2846 πρότερον
2765 2767 3072 2847 ἐγχειρίσας
3130 2767 3251 2845 (52)
3295 2778 3371 2844 τῷ
3403 2778 3493 2826 νῦν
3537 2769 3862 2853 κυϐερνήτῃ,

2202 2853 2448 2911 κάκεῖθεν
2478 2854 2564 2911 ἐπὶ
2621 2857 2720 2924 τὴν
2758 2857 2972 2935 πρώραν
3032 2858 3271 2939 αγαγὼν,
3345 2862 3432 2917 καὶ
3464 2863 3744 2925 πιστεύσας
3791 2866 3861 2920 τα

2202 2946 2520 3021 ἔμπροσθεν,
2572 2946 2739 3012 οὕτως
2771 2946 2856 3003 ἰπὶ
2910 2948 3014 3004 τῶν
3075 2949 3269 3005 οἰάκων
3297 2949 3514 3031 καθίζει,
3554 2953 3687 3023 μετὰ
3751 2954 3857 3020 τὴν

459 3032 576 3122 ipsi
600 3040 955 3111 commissis,
983 3037 1222 3099 tandem
1250 3046 1553 3118 eum,post
1577 3036 1916 3098 diuturnam
1941 3038 2117 3095 remi-

2209 3032 2409 3122 πολλὴν
2445 3032 2567 3113 (53)
2628 3040 2914 3122 τυφθεῖσαν
2942 3037 3235 3119 θάλασσαν,
3294 3041 3380 3095 καὶ
3415 3043 3514 3108 τήν
3567 3047 3671 3096 τῶν
3741 3043 3835 3098 ἀνέ

460 3131 758 3210 gationem
786 3148 854 3191 ac
875 3136 1191 3191 ventorum
1216 3125 1803 3201 observationem,ad
1829 3124 2119 3203 guberna-

461 3220 593 3282 cula
606 3219 930 3282 constituit.
948 3216 1237 3280 Eamdem
1259 3217 1348 3278 rei
1363 3215 1632 3277 militaris
1651 3224 1741 3275 est
1762 3215 1929 3275 ratio:
1951 3213 2121 3274 miles

462 3307 986 3392 primum,deinde
1013 3309 1437 3389 centurio,tum
1462 3306 1814 3386 imperator.
1850 3303 1958 3365 Hic
1979 3305 2121 3384 cpti-

463 3417 597 3462 mus
619 3396 767 3460 ordo
785 3404 898 3478 est,
919 3396 1133 3479 iisque,
1154 3399 1255 3476 qui
1276 3395 1555 3461 subsunt,
1578 3396 1635 3455 in
1662 3394 1870 3475 primis
1897 3394 2121 3454 condu-

461 3488 675 3551 cibilis.
706 3487 894 3561 Quam
922 3486 1213 3564 przeclare
1237 3483 1547 3546 nobiscum
1570 3492 1865 3563 ageretur,
1885 3483 1932 3544 si
1958 3481 2116 3543 idem

458 3585 617 3641 esset
649 3594 850 3639 rerum
884 3583 1217 3637 nostrarum
1251 3576 1471 3636 status!
1506 3575 1677 3635 Nunc
1707 3580 1903 3634 autem
1956 3573 2117 3651 peri-

460 3666 658 3729 culum
691 3674 800 3737 est,
823 3683 898 3726 ne
928 3663 1074 3726 ordo
1100 3662 1368 3726 omnium
1401 3662 1838 3735 sanctissimus,
1866 3662 1942 3723 sit
1970 3681 2119 3741 quo-

460 3775 579 3836 que
615 3755 883 3818 omnium
920 3754 1178 3816 maxime
1203 3753 1517 3817 ridiculus.
1542 3754 1677 3817 Non
1707 3753 1863 3813 enim
1898 3752 2117 3815 virtute

462 3846 671 3927 magis,
694 3863 874 3928 quam
907 3842 1197 3906 maleficio
1224 3850 1283 3906 et
1307 3844 1559 3918 scelere,
1589 3842 1993 3904 sacerdotium
2021 3862 2094 3919 pa

460 3943 671 4012 ratur;
725 3954 835 3998 nec
892 3932 1254 4016 digniorum,
1293 3933 1399 3995 sed
1454 3934 1884 4015 potentiorum,
1921 3932 2117 3993 throni

462 4034 620 4087 sunt.
644 4023 883 4087 Samuel
916 4024 1073 4085 inter
1104 4022 1451 4104 prophetas,
1482 4022 1605 4100 ille,
1636 4024 1899 4103 inquam,
1923 4022 2119 4083 futura

462 4114 870 4197 prospiciens;
904 4113 1010 4175 sed
1044 4121 1101 4175 et
1131 4113 1294 4185 Saul,
1329 4113 1460 4175 vilis
1496 4112 1597 4174 ille
1627 4122 1687 4173 et
1717 4112 2109 4191 rejiciendus.

460 4203 726 4266 Roboam
757 4203 1094 4265 Salomonis
1124 4201 1282 4264 filius
1306 4204 1460 4264 inter
1490 4220 1662 4283 reges
1691 4202 1834 4279 ;sed
1868 4210 1925 4263 et
1950 4203 2115 4263 .lero-

457 4291 657 4371 boam,
692 4310 900 4355 servus
947 4301 1005 4354 et
1051 4301 1341 4373 apostata.
1386 4295 1658 4373 Cumque
1709 4311 1817 4355 nec
1868 4291 2109 4362 medici,

2204 3146 2318 3198 μων
2366 3121 2670 3199 διάσκεψιν,
2734 3114 2846 3190 ιὨς
2920 3126 2972 3183 δὲ
3026 3129 3124 3185 κᾶν
3154 3143 3273 3194 τοῖς
3333 3130 3654 3204 πολεμικοῖς
3694 3132 3859 3212 -ἔγειο

2203 3213 2561 3292 στρατιώτης,
2643 3213 2949 3296 ταξίαρχος,
3032 3220 3354 3297 στρατηγός.
3418 3219 3559 3287 Αὕτη
3620 3223 3654 3289 ἡ
3716 3204 3864 3287 τέξις

2202 3301 2391 3380 ἀρίστη
2454 3306 2541 3360 καὶ
2590 3302 3003 3375 λυσιτελεστάτη
3078 3322 3195 3371 τοῖς
3252 3309 3598 3389 ἀρχομένοις.
3675 3314 3746 3370 Τὸ
3804 3311 3859 3367 δ’

2203 3393 2483 3481 ἡμέτερον,
2540 3392 2744 3451 πολλου
2800 3394 2862 3451 ἄν
2906 3397 2973 3473 ᾖν
3012 3397 3178 3472 ἄξιον,
3212 3402 3255 3455 εἶ
3285 3399 3453 3463 οὕτως
3486 3400 3637 3481 εἶχε.
3668 3404 3768 3460 Νῦν
3801 3401 3861 3457 δὲ

2201 3480 2507 3553 κινδυνεύει,
2584 3485 2646 3539 τὸ
2702 3507 2917 3541 παντων
2975 3488 3268 3565 ἁγιώτατον
3324 3494 3525 3569 τάγμα,
3578 3480 3690 3547 τῶν
3735 3492 3870 3570 παρ’

2201 3573 2338 3646 ἡμῖν
2409 3574 2622 3629 πάντων
2682 3578 2821 3631 εἶναι
2897 3576 3450 3656 καταγελαστότατον.
3516 3585 3589 3639 Οὔ
3647 3581 3745 3660 γὰρ
3806 3582 3865 3647 ἓξ

2202 3660 2392 3740 ἁρετῆς
2426 3661 2653 3744 μᾶλλον,
2711 3664 2745 3732 ἥ
2817 3668 3157 3746 κακουργίας,
3209 3671 3243 3737 ἡ
3274 3668 3521 3749 προεδρία
3551 3670 3702 3748 (ὅθ’
3738 3670 3864 3728 οὒδὲ

2200 3757 2305 3806 τῶν
2375 3751 2691 3835 ἆξιωτέρων,
2764 3754 2899 3813 ἀλλὰ
2958 3763 3062 3814 τῶν
3109 3756 3507 3839 δυνατωτέρων,
3544 3763 3590 3816 οἱ
3652 3760 3857 3839 θρόνοι.

2203 3841 2458 3915 Σαμουὴλ
2532 3843 2586 3899 ἐν
2662 3848 2961 3926 προφήταις
3020 3849 3048 3903 6
3110 3849 3177 3904 τὰ
3264 3847 3557 3927 ἔμπροσθεν
3621 3849 3862 3925 βλέπων·

2202 3929 2341 3987 ἄλλὰ
2365 3933 2471 4022 ,καὶ
2502 3934 2703 4014 Σαοὺλ,
2737 3938 2764 3991 6
2796 3934 3126 4022 ἀπόϐλητος,
3165 3930 3393 4013 Ῥοϐοὰμ
3423 3938 3477 3995 ἐν
3526 3939 3865 4022 βασιλεῦσιν,

2200 4023 2230 4077 6
2289 4020 2661 4097 Σολομῶντος·
2698 4023 2835 4081 ἀλλὰ
2867 4048 2956 4103 κα(
2989 4016 3285 4106 Ἰεροϐοὰμ,
3322 4031 3349 4083 6
3381 4026 3562 4093 δοῦλος
3596 4031 3678 4086 καὶ
3711 4016 3861 4087 ἄπο-ξ

2200 4112 2423 4179 στάτης.
2488 4115 2586 4171 Καὶ
2650 4116 2826 4191 ἰατρὸς
2886 4116 2983 4190 μεν
3031 4115 3219 4196 οὐδεὶς,
3250 4115 3363 4174 οὒδὲ
3395 4118 3864 4199 ζωγράφος,ὅστις

2198 4204 2258 4258 0")
2314 4204 2494 4281 φύσεις
2526 4201 2955 4281 ἂῤῥωστημάτων
2981 4206 3246 4283 ἒσκέψατο
3276 4208 3553 4287 πρότερον,
3585 4209 3618 4277 ἢ
3671 4208 3857 4267 πολλὰ

2197 4292 2467 4370 χρώματα
2523 4295 2889 4375 συνεκέρασεν,
2944 4294 2978 4363 ἥ
3037 4297 3374 4377 ἐμόρφωσενσ
3409 4300 3437 4354 6
3494 4296 3549 4354 δὲ
3594 4297 3859 4377 πρόεδρος

451 4400 567 4445 nec
593 4382 839 4464 pictoris
874 4401 1093 4445 nomen
1126 4384 1439 4465 quisquam
1474 4382 1763 4467 obtineat,
1801 4382 1914 4442 nisi
1949 4382 2110 4462 prius

2209 4384 2488 4459 εὑρίσκεται
2518 4381 2730 4459 ῥᾳδίως,
2800 4386 2877 4460 μὴ
2936 4389 3206 4462 πονηθεὶς,
3271 4388 3359 4443 καὶ
3415 4387 3719 4467 πρόσφατος
3753 4390 3867 4457 τὴν

454 4472 805 4536 morborum
827 4482 1066 4535 naturas
1088 4473 1617 4546 considerarit,aut
1638 4472 1855 4534 multos
1880 4470 2110 4531 colores

455 4562 789 4639 miscuerit,
811 4563 1129 4645 variasque
1157 4562 1384 4625 formas
1408 4562 1688 4643 penicillo
1721 4560 2103 4642 expresserit;

2196 4470 2362 4546 ἀξίαν,
2436 4473 2570 4546 ὁμοῦ
2628 4495 2686 4530 τε
2758 4477 2975 4548 σπαρεὶς
3031 4475 3158 4554 (55)
3212 4478 3299 4533 καὶ
3356 4475 3645 4557 ἁναδοθεὶς,
3700 4481 3773 4542 ὡς
3839 4482 3870 4538 ὁ

2195 4564 2354 4637 μῦθος
2417 4560 2548 4642 (56)
2599 4578 2748 4621 ποιεῖ
2803 4566 2924 4629 τοὺς
2980 4567 3259 4643 γίγαντας.
3350 4565 3657 4641 Πλάττομεν
3714 4571 3861 4626 αὗθ-

452 4652 699 4715 antistes
730 4661 937 4714 contra
988 4651 1164 4714 facile
1213 4651 1538 4727 invenitur,
1570 4670 1690 4713 non
1744 4653 2102 4731 elaboratus,

2209 4652 2396 4729 νιμερὸν
2452 4653 2573 4716 τοὺς
2598 4654 2798 4731 ἁγίους.
2838 4656 2923 4710 καὶ
2951 4656 3141 4734 σοφοὺς
3172 4657 3314 4712 εἶναι
3373 4655 3658 4732 κελεύομεν
3723 4660 3849 4721 τοὺς

565 4788 668 4864 4B)
699 4790 830 4858 Τήν.
866 4787 1046 4849 Deest
1076 4786 1137 4848 in
1170 4787 1497 4850 nonnullis.

568 4867 665 4940 46)
695 4867 1032 4943 Ἐπιθυμίας.
1066 4867 1247 4931 COiSi.
1282 4869 1341 4937 1,
1374 4873 1692 4946 προθυμιας.

570 4948 671 5026 47)
709 4950 807 5006 Διὰ
837 4948 1077 5030 πολλῶν,
1134 4958 1253 5030 etc.
1300 4947 1498 5030 Recte,
1529 4949 1769 5013 Nicetas
1803 4970 1817 5014 :
1852 4975 2115 5030 γνωριμον

459 5028 756 5100 ποιήσασα.
789 5029 971 5093 «Cum
995 5028 1293 5092 ex'multis
1322 5029 1565 5091 interim
1600 5051 1739 5093 eum
1768 5028 2117 5093 muneribus

456 5119 662 5174 notum
696 5109 964 5184 fecisset,
996 5128 1067 5173 ac
1092 5108 1483 5174 illustriorem
1505 5112 1890 5176 reddidisset.
1925 5138 1951 5168 ι

454 5272 480 5340 ξ
535 5191 655 5272 (48)
686 5190 1065 5258 Ἀποδείξασα.
1133 5192 1286 5272 Reg.
1340 5192 1378 5253 d
1424 5198 1484 5253 et
1536 5192 1719 5257 Coisl.
1782 5200 1840 5270 ‘2,
1902 5192 2112 5251 ἆναδεί-

482 5295 609 5334 ασα.

482 5295 609 5334 ασα.

446 5362 495 5434 "_
538 5352 663 5432 (49)
690 5352 858 5416 Τὲως.
897 5350 1234 5434 glandia,
1275 5350 1525 5415 interea.
1569 5380 1591 5415 ο
1630 5359 1811 5420 Deest
1843 5356 1903 5416 in
1935 5358 2112 5434 Reg,

454 5430 656 5514 Cypr.,
684 5450 797 5494 nec
817 5432 1081 5495 reddidit
1102 5430 1337 5495 Billius.

540 5514 669 5591 (50)
700 5515 1053 5592 Πυρσεύουσα.
1089 5515 1298 5597 Begg.
1356 5532 1411 5595 ο,
1462 5514 1523 5597 d,
1556 5514 1739 5580 Coisl.
1794 5516 1855 5593 2,
1902 5513 2004 5579 Or.
2052 5513 2116 5596 2,

453 5593 591 5655 Par.
604 5641 618 5665 ,
665 5596 828 5674 Pass.
841 5642 857 5674 ,
902 5594 1266 5673 πυρσεύσασα.

533 5674 656 5756 (51)
681 5673 952 5735 Πλύνασα.
985 5674 1086 5736 Sic
1133 5674 1415 5737 undecim
1475 5677 1673 5756 Colb.,
1708 5685 1823 5739 etc.
1884 5679 1954 5738 In
1985 5675 2113 5756 ed.,

450 5749 726 5823 πλήνασα.

2434 4787 2801 4872 Ἐγχειρίσας.
2836 4790 3077 4872 Chrys.,
3106 4792 3454 4872 ἐγχειρησας.

2282 4866 2668 4950 (53)-Πολλήνί.
2702 4872 2886 4950 Regg.
2920 4866 2984 4945 εξ
3024 4866 3079 4945 c,
3109 4866 3158 4932 (1⁷
3173 4866 3236 4934 ἐι
3262 4866 3366 4937 Or.
3399 4871 3460 4945 2,
3494 4872 3694 4931 πολλά.

2282 4948 2475 5035 (754)Ἦ
2505 4949 2775 5035 προεδρία.
2800 4948 2905 5014 Sic
2938 4951 3115 5014 codd.
3152 4954 3338 5015 Prave
3396 4953 3457 5014 in
3490 4953 3615 5035 ed.,
3656 4956 3684 5023 ἢ
3727 4977 3875 5035 προ-

2201 5027 2376 5110 εδρία,
2405 5048 2435 5088 ε
2466 5027 2582 5110 vel,
2620 5056 2646 5086 ι
2670 5027 2799 5093 etc.

2280 5109 2408 5213 (b5)
2445 5109 2694 5192 Σπαρείς.
2730 5111 2823 5176 Sic
2853 5112 3063 5176 decem
3092 5112 3292 5196 Colb.,
3318 5112 3705 5190 Pass.,etc.ln
3730 5113 3870 5194 ed.,

2200 5213 2407 5267 παρείς.

2282 5262 2405 5351 (56)
2443 5262 2594 5357 22:06
2619 5278 2797 5349 μῦθος,
2831 5274 3313 5357 etc._Finxerunt
3344 5283 3533 5357 poeta:
3562 5276 3864 5339 Cadmum

2200 5353 2493 5444 Agenoris
2516 5353 2730 5446 filiuni,
2764 5355 2916 5446 apud
2944 5355 3194 5446 Thebas
3216 5353 3435 5420 Beoiire
3467 5356 3864 5446 urbemdraf

2196 5435 2363 5525 conis
2378 5450 2496 5525 asc
2518 5435 2819 5525 interfecti
2843 5436 3054 5525 dentes
3076 5438 3503 5525 sevis_se,atque
3522 5438 3661 5525 hinc
3678 5438 3835 5499 o-xsti
3850 5474 3869 5487 -

2203 5513 2343 5574 tisse
2374 5511 2675 5600 Gigantes,
2702 5516 2982 5600 homines
3032 5538 3064 5579 ει
3109 5511 3319 5600 οδρὶηέ
3340 5511 3528 5600 usque
3559 5518 3628 5579 ad
3663 5519 3875 5582 femur

2200 5600 2489 5685 armatos,
2522 5598 2624 5685 qui
2648 5598 3008 5685 eodemdie,
3048 5598 3197 5685 inito
3221 5598 3448 5680 praelia,
3485 5617 3695 5661 omnes
3727 5617 3877 5685 sese

2200 5677 2399 5737 statim
2424 5678 2644 5762 mutuis
2656 5677 3663 5762 rulueribusconfecerunt,praeter
3680 5680 3879 5762 quin-

2201 5773 2318 5837 que
2346 5756 2447 5839 qui
2478 5775 2544 5821 se
2572 5756 2795 5822 Cadmo
2822 5760 3222 5825 associarunt.
