4150 6436
339 229 460 297 533

1135 232 1416 299 ORATIO
1455 181 1676 299 XLIII.
1707 267 1787 280 —
1816 233 1898 296 IN
1946 234 2263 296 LAUDEM
2307 234 2589 298 BASILII
2632 233 2903 300 MAGNI.

3605 191 3721 309 5’34

335 369 483 429 οὐδὲν
509 371 880 453 σοφισθέντας,
932 369 1048 430 οὑδὲ
1095 371 1188 428 τοῦ
1238 372 1440 448 βαθμοῦ
1484 370 1971 450 προεισενεγκόνταε

2069 365 2172 428 sed
2201 384 2437 442 recens,
2461 375 2746 449 quantum
2770 369 2842 430 ad
2868 369 3242 449 dignitatem,
3265 374 3441 437 simul
3467 385 3632 441 satus
3658 385 3719 444 et

333 484 406 531 τι,
472 460 588 530 πλῆ
646 470 742 520 τοῦ
814 460 1112 539 βούλεσθαι.
1210 461 1307 518 Καὶ
1388 463 1416 516 ὁ
1475 460 1572 536 μὲν
1626 459 1833 538 στέργει
1889 458 1988 526 τὴν

332 552 482 609 κάτω
529 553 738 633 χώραν,
781 554 869 609 καὶ
900 558 1162 615 ταπεινῶς
1200 548 1324 632 (57)
1360 549 1606 631 ἕστηκεν,
1639 552 1666 606 6
1697 554 1796 619 τῆς
1838 550 1987 624 ὑψη-

370 643 429 676 τ.
484 640 535 680 νε
601 665 619 676 .
749 644 762 662 κ
942 643 955 658 ε
1043 641 1058 658 κ
1217 655 1239 668 ο
1376 642 1388 664 ν
1683 665 1694 674 .
1751 641 1768 660 κ
1959 671 1985 684 ,

331 639 428 710 λης
478 665 642 715 αηιος,
677 666 765 699 και
795 641 970 700 πολλα
999 665 1097 718 μεν
1151 665 1268 707 τοις
1311 645 1471 707 Οειοις
1514 641 1693 720 λόγοι,
1752 638 1952 716 εμμελε

329 732 525 807 τήσας,
563 731 739 788 πολλὰ
783 731 837 787 δὲ
890 739 959 809 τῇ
1007 733 1158 810 σαρκὶ
1211 734 1574 804 νομοθετήσας
1606 734 1678 794 εἷς
1710 729 1986 806 ὑποταγὴν

331 822 636 896 πνεύματος
671 839 688 857 ⁸
750 824 778 878 6
831 819 886 878 δὲ
947 819 1186 902 σοϐαρῶς
1258 821 1382 900 (58)
1447 822 1847 902 προκαθέζεται,
1897 821 1982 876 καὶ

327 913 426 980 τὴν
471 913 631 992 ἀφρόν
662 909 805 991 αἴρει
856 912 990 968 κατὰ
1042 912 1148 969 τῶν
1203 910 1514 987 βελτιόνων,
1574 912 1662 967 καὶ
1705 914 1800 969 οὒκ
1854 912 1979 966 ἒπι-

327 1001 510 1080 τρέμει
564 1005 680 1066 τοῖς
742 1003 966 1081 Θρόνοις,
1042 999 1158 1059 οὐδὲ
1243 1002 1446 1079 φρίσσει
1520 1001 1618 1067 τὴν
1676 997 1823 1075 ὄψιν,
1885 1001 1977 1056 τὸν

325 1090 560 1169 ἐγκρατῆ
605 1091 752 1147 κάτω
809 1090 1022 1167 βλέπων
1058 1109 1076 1126 ⁶
1122 1089 1242 1146 ἀλλ’
1311 1093 1446 1166 ἱ)μοῦ
1515 1093 1590 1164 τῷ
1644 1090 1848 1170 κράτει,
1895 1089 1982 1145 καὶ

326 1183 626 1262 σοφώτερον
685 1183 867 1242 ἑαυτδν
909 1181 1299 1264 ὑπολαμϐάνει,
1339 1189 1519 1247 κακῶς
1575 1179 1749 1256 εἰδὼς,
1802 1181 1891 1238 καὶ
1920 1181 1980 1236 τὸ

324 1286 540 1353 φρονεῖν
570 1275 672 1329 ὑπὸ
701 1275 800 1340 τῆς
831 1270 1064 1338 ἐξουσίας
1095 1273 1459 1352 ἀφῃρημένος.

2072 456 2285 530 editus,
2321 458 2822 537 quemadmodum
2857 471 3041 538 poetae
3087 463 3348 541 gigantes
3395 466 3715 534 ﬁnxerunt.

2071 545 2199 610 Uno
2258 547 2355 607 die
2408 558 2642 609 sanctos
2699 548 2999 627 ﬁngimus,
3038 569 3262 632 eosque
3321 554 3617 633 sapientes
3661 566 3719 621 et

2072 634 2338 696 eruditos
2371 639 2506 697 792
2536 655 2668 698 esse
2694 637 3002 719 jubemus,
3036 642 3137 721 qui
3174 641 3319 702 nihil
3355 643 3714 724 didicerunt,

2072 744 2182 787 nec
2211 725 2283 787 ad
2317 727 2717 789 sacerdotium
2753 729 3074 810 quidquam
3115 733 3279 812 prius
3310 735 3715 813 contulerunt,

2071 825 2284 894 praeter
2312 817 2486 878 velle.
2517 817 2709 898 Atque
2743 819 2840 880 ille
2871 820 3109 898 quidem
3145 821 3410 883 inferiori
3442 825 3583 885 sede
3613 845 3716 887 ac-

2066 905 3297 989 quiescit,humilisquestat,quisublimem
3316 925 3716 992 promeretur,

2063 1005 2239 1075 atque
2271 1006 2327 1058 et
2361 997 2609 1057 multum
2645 997 2868 1079 diuque
2910 998 2969 1060 in
3003 1000 3336 1062 divinorum
3371 1023 3713 1066 sermonum

2069 1087 2454 1148 meditatione
2482 1095 2746 1149 versatus
2779 1095 2891 1168 est,
2921 1097 2980 1150 et
3013 1091 3265 1153 multum
3298 1092 3518 1172 diuque
3549 1095 3715 1157 carni

2066 1175 2233 1251 leges
2265 1175 2456 1237 sanxit
2485 1175 2556 1237 ad
2590 1177 2824 1256 spiritui
2858 1179 3183 1258 parendum
3215 1199 3229 1242 :
3260 1181 3355 1242 hic
3385 1192 3588 1244 contra
3619 1203 3714 1246 su-

2068 1265 2248 1344 perbe
2282 1273 2341 1326 et
2373 1276 2723 1345 arrogantur
2750 1268 3046 1347 praesidet,
3076 1271 3583 1350 superciliumque
3612 1274 3684 1335 ad

324 1381 530 1425 versus
554 1363 831 1426 meliores
861 1361 1099 1436 attollit,
1145 1381 1255 1425 nec
1295 1360 1528 1425 thronis
1558 1359 1939 1434 intremiscit,
1978 1375 2088 1418 nec
2119 1375 2188 1416 ex
2220 1367 2462 1435 aspectu
2522 1357 2832 1418 horrorem
2866 1357 3146 1438 concipit,
3183 1360 3482 1421 hominem
3516 1363 3711 1423 conti-

325 1452 543 1514 nentiae
568 1451 900 1513 studiosum
947 1451 1101 1513 infra
1135 1470 1201 1514 se
1230 1452 1460 1530 videns;
1519 1470 1722 1512 verum
1774 1447 1951 1510 simul
2003 1465 2135 1506 cum
2194 1445 2469 1524 imperio,
2525 1447 2946 1525 sapientiorem
2989 1467 3225 1530 quoque
3257 1468 3321 1511 se
3353 1468 3485 1513 esse
3505 1451 3710 1513 existi-

326 1551 474 1617 mat,
511 1561 692 1620 prave
723 1542 930 1623 utique
951 1544 1242 1616 sentiens,
1279 1551 1458 1621 atque
1482 1561 1515 1605 a
1543 1541 1809 1623 potentia
1835 1549 1892 1601 et
1922 1536 2272 1600 auctoritate
2294 1533 2367 1595 de
2400 1544 2598 1598 mente
2629 1535 3000 1599 deturbatus.

405 1625 528 1696 KZ'.
593 1631 740 1690 Ἀλλ’
799 1637 903 1712 οὐχ
936 1635 963 1689 ὁ
1008 1631 1173 1696 πολὺς
1205 1631 1342 1690 οὕτω
1386 1633 1510 1708 (59)
1551 1635 1640 1689 καὶ
1670 1631 1840 1709 μέγας
1871 1639 1971 1687 Βα-

2136 1625 2368 1691 XXVII.
2394 1628 2466 1689 At
2499 1646 2616 1690 non
2650 1628 2730 1690 ita
2764 1648 3012 1708 magnus
3046 1638 3103 1690 et
3135 1631 3384 1710 insignis
3415 1633 3705 1712 Basilius;

321 1722 517 1787 σίλειος
557 1741 569 1756 ·
641 1721 762 1779 ἀλλ’
819 1721 997 1800 ὥσπερ
1042 1728 1148 1777 τῶν
1181 1721 1356 1780 ἄλλων
1413 1722 1684 1802 ἁπάντων,
1722 1720 1858 1778 οὕτω
1885 1722 1974 1778 καὶ

323 1814 414 1870 τοῦ
444 1813 560 1889 περὶ
592 1812 754 1870 ταῦτά
786 1812 1014 1886 κόσμου,
1047 1825 1164 1876 τοϊς
1223 1810 1447 1873 πολλοῖς
1496 1813 1659 1876 τύπος
1718 1811 1972 1867 καθίστα-

322 1925 429 1963 ται.
494 1902 600 1965 Τὰς
653 1901 752 1980 γὰρ
803 1902 946 1980 ἱερὰς
1026 1903 1279 1980 πρότερον
1362 1900 1814 1979 ὕπαναγινώσκων
1901 1907 1975 1973 τῷ

321 1989 437 2066 λαῷ
494 1987 729 2066 βίϐλους,
776 1990 804 2045 ὃ
861 1991 1061 2047 τούτων
1112 1990 1405 2070 ἐξηγητὴς,
1457 1991 1543 2047 καὶ
1601 1989 1798 2057 ταύτην
1845 1987 1974 2067 (60)

321 2085 414 2140 οὒκ
472 2078 779 2145 ἀπαξιώσας
837 2079 936 2147 τὴν
993 2078 1138 2146 τάξιν
1214 2088 1309 2139 τοῦ
1364 2081 1632 2161 βήματος,
1703 2081 1870 2143 οὓτως
1919 2078 1972 2134 ἐν

320 2168 540 2249 καθέδρᾳ
597 2167 987 2246 πρεσϐυτέρων,
1042 2170 1204 2236 οὕτως
1241 2173 1295 2228 ἒν
1351 2170 1657 2227 ἐπισκόπων
1690 2171 1825 2226 αἰνεῖ
1883 2170 1972 2225 τὸν

320 2263 533 2341 Κύριον,
583 2262 644 2319 οὔ
689 2259 895 2328 κλέψας
955 2261 1057 2329 τὴν
1100 2259 1356 2336 ἐξουσίαν,
1391 2258 1496 2319 οὐδ’
1527 2260 1790 2338 ἀρπάσας,
1853 2259 1970 2316 οὐδὲ

317 2348 506 2416 διώξας
549 2354 647 2418 τὴν
706 2352 897 2426 τιμὴν,
932 2349 1053 2408 ἀλλ’
1105 2351 1209 2408 ι’)πό
1235 2351 1329 2420 τῆς
1363 2355 1526 2425 τιμῆς
1557 2348 1826 2430 διωχθεὶς,
1863 2346 1973 2407 οὐδ’

319 2440 650 2518 ἀνθρωπίνην
681 2441 866 2521 χάριν,
900 2439 1022 2496 ἀλλ’
1079 2440 1142 2496 ἐκ
1172 2447 1303 2496 Θεοί)
1340 2442 1427 2496 καὶ
1479 2441 1618 2496 Θείαν
1663 2437 1967 2512 δεξάμενος,

326 2521 384 2587 Ὀ
416 2531 514 2604 μὲν
562 2529 650 2586 οὖν
702 2535 800 2595 τῆς
846 2527 1121 2609 προεδρίας
1181 2530 1343 2608 λόγος
1394 2529 1729 2587 ἀναμεινάτω
1762 2545 1775 2559 ⁸
1811 2528 1970 2602 τῷδέ

322 2623 418 2688 τῆς
462 2616 700 2700 ὒφεδρίας
736 2617 857 2698 (61)
910 2619 1100 2697 μικρόν
1158 2641 1208 2675 τι
1270 2617 1787 2698 προσδιατρίψωμεν.
1838 2619 1970 2676 Οἶον

321 2709 420 2788 γάρ
453 2730 520 2784 με
582 2710 668 2765 γαὶ
727 2716 883 2766 τοῦτο
942 2715 1134 2788 μικροῦ
1187 2706 1545 2787 παρέδραμεν,
1592 2709 1646 2764 έν
1677 2707 1826 2784 μέσῳ
1865 2715 1969 2765 τῶν

321 2798 613 2876 εἰρημένων
644 2801 884 2875 κείμενον
905 2796 918 2860 Ξ

2060 1737 2261 1780 verum
2297 1725 2360 1778 ut
2396 1717 2947 1794 aliarumiomnium
2979 1719 3287 1795 virtutum,
3321 1721 3406 1782 sic
3436 1725 3612 1786 etiam
3647 1725 3710 1786 in

2060 1809 2150 1871 his
2179 1807 2361 1868 rebus
2391 1807 2623 1869 ordinis
2656 1817 2713 1870 et
2754 1809 3085 1890 disciplina;
3116 1811 3418 1890 exemplar
3461 1815 3615 1875 alliis
3646 1835 3711 1877 se

2064 1897 2308 1979 prabet.
2333 1893 2476 1958 Nam
2503 1916 2635 1958 cum
2662 1899 2821 1977 prius
2852 1917 3054 1960 sacros
3083 1899 3272 1960 libros
3305 1904 3522 1982 populo
3549 1905 3712 1966 lecti-

2062 1995 2261 2067 tassvt,
2285 1987 2412 2067 ipse
2439 2005 2646 2048 eorum
2675 1989 2994 2067 interpres,
3023 2008 3134 2050 nec
3155 1989 3296 2050 illud
3324 1991 3564 2054 lectoris
3583 1995 3710 2056 offi-

2058 2078 2212 2139 cium
2240 2095 2304 2138 se
2333 2075 2640 2155 indignum
2668 2077 3050 2148 duxisset,ita
3073 2079 3310 2140 demum
3333 2083 3708 2164 prosby‘ero-

2056 2185 2211 2232 rum.
2231 2185 2298 2226 ac
2319 2165 2540 2226 deinde
2563 2167 2622 2227 in
2644 2167 3062 2246 episcoporum
3083 2170 3364 2232 cathedra
3387 2173 3706 2236 Dominum

2057 2257 2274 2326 laudat.
2314 2273 2432 2316 non
2480 2256 2631 2317 hanc
2687 2265 3034 2337 potestatem
3079 2260 3326 2339 furatus,
3359 2281 3468 2322 nec
3500 2283 3569 2324 ea
3601 2284 3709 2346 per

2055 2347 2168 2408 vim
2200 2346 2554 2426 potitus,nec
2575 2347 2862 2407 honorem
2885 2353 3364 2427 prosecutus,scd
3383 2354 3457 2412 ab
3479 2355 3709 2417 honore

2053 2439 2353 2518 quaesitus.
2389 2455 2498 2497 nec
2532 2438 2791 2498 humano
2824 2437 3046 2509 favore,
3075 2439 3176 2498 sed
3202 2440 3481 2502 divinitus
3512 2463 3579 2505 ac
3605 2447 3706 2507 llei

2055 2526 2240 2606 gratia
2289 2525 2686 2586 sacerdotium
2741 2535 3116 2588 consecutus.
3155 2526 3373 2589 Verum
3426 2532 3500 2593 de
3550 2535 3708 2596 sedis

2057 2615 2394 2694 principatu
2428 2616 2539 2675 hoc
2571 2615 2700 2675 loco
2727 2635 2833 2676 nos
2866 2625 3168 2694 exspectet
3197 2619 3422 2695 oratio;
3447 2630 3622 2700 atque
3648 2623 3705 2685 in

2058 2725 2148 2785 ea,
2181 2725 2312 2786 quae
2343 2705 2413 2766 ad
2450 2705 2791 2766 inferiorem
2827 2705 3146 2781 dignatatis
3178 2707 3370 2769 locum
3427 2712 3702 2788 pertinet,

2058 2795 2328 2857 nonnihil
2349 2798 2755 2856 immoremur.
2784 2794 2966 2867 Quale
2992 2797 3146 2855 enim
3165 2796 3275 2857 hoc
3299 2817 3536 2878 quoque
3564 2802 3706 2864 mihi

2055 2904 2207 2966 pene
2237 2884 2482 2965 effluxit,
2516 2885 2574 2945 iu
2608 2885 2803 2946 deIO
2837 2903 3067 2966 eorum,
3105 2905 3237 2966 quae
3267 2906 3297 2946 a
3333 2889 3505 2949 nobis
3536 2908 3705 2952 com-

1986 2987 2025 3038 C
2052 2985 2378 3038 memorata
2408 2984 2566 3041 sunt.
2599 2976 2834 3056 jacens.

401 3069 535 3135 KH’.
569 3068 816 3148 Ἐγένετο
873 3091 954 3134 τις
1010 3069 1141 3148 πρὸς
1194 3070 1285 3124 τὸν
1317 3066 1475 3148 ἄνδρα
1505 3065 1731 3147 διαφορὰ
1759 3075 1836 3143 τῷ
1866 3069 1967 3147 πρὸ

316 3159 501 3215 τούτου
531 3157 655 3234 (62)
685 3161 1015 3237 καθηγεμόνι
1047 3159 1144 3227 τῆς
1179 3157 1503 3225 Ἐκκλησίας
1557 3158 1640 3237 (τὸ
1685 3159 1782 3233 μὲν
1827 3158 1965 3235 ὅθεν,

320 3249 404 3304 καὶ
462 3247 633 3319 ὅπως,
695 3256 901 3320 σιωπᾷν
976 3249 1220 3325 ἄμεινον,
1317 3247 1452 3316 πλὴν
1515 3247 1780 3327 ἒγένετο),
1826 3247 1968 3327 ἀνδρὶ

318 3336 486 3394 τᾶξλλα
531 3339 628 3412 μὲν
691 3343 784 3397 οὐκ
837 3339 1072 3415 ἀγεννεῖ,
1134 3340 1221 3395 καὶ
1291 3342 1578 3413 θαυμαστῷ
1642 3337 1740 3405 τὴν
1814 3339 1967 3395 εὖτέ-

316 3424 464 3483 6ειαν
525 3427 670 3506 (63),
717 3429 788 3492 ὡς
842 3427 1038 3494 ἔδειξεν
1084 3431 1112 3485 ὁ
1168 3429 1288 3485 τότε
1347 3425 1606 3505 διωγμὸς,
1654 3429 1805 3496 καὶ
1836 3430 1967 3507 πρὸς

316 3519 472 3577 αὐτὸν
504 3515 768 3590 ἔνστασις,
802 3518 950 3592 ὅμως
981 3516 1037 3575 δέ
1088 3541 1138 3576 τι
1170 3519 1387 3575 παθόντι
1423 3519 1551 3598 πρὸς
1605 3517 1813 3574 ἐκεῖνον
1843 3517 1970 3595 (64)

315 3607 660 3685 ἀνθρώπινον,
726 3605 997 3665 "Amant
1050 3609 1150 3688 γὰρ
1229 3607 1285 3662 οὒ
1342 3607 1448 3664 τῶν
1507 3605 1722 3664 πολλῶν
1780 3608 1964 3683 μόνον,

315 3695 451 3754 ἀλλὰ
510 3699 597 3754 καὶ
656 3703 761 3755 τῶν
820 3699 1046 3776 ἀρίστων
1079 3701 1106 3755 6
1163 3703 1377 3777 μῶμος,
1440 3699 1512 3759 ὡς
1545 3698 1705 3772 μόννν
1737 3695 1797 3754 ἂν
1830 3702 1970 3754 εἶναι

314 3789 407 3844 τοῦ
464 3795 595 3846 Θεοῦ
624 3789 686 3845 τὸ
716 3786 990 3854 παντελῶς
1049 3786 1341 3845 ἄπταιστον
1385 3790 1476 3844 καὶ
1527 3787 1799 3844 ἀνάλωτον
1858 3789 1968 3844 πά-

312 3878 446 3938 θεσι.
512 3886 750 3934 Κινετται
801 3877 890 3934 οὖν
944 3876 1033 3934 ἔπ’
1092 3877 1249 3934 αὐτὸν
1319 3883 1418 3944 τῆς
1474 3875 1797 3944 Ἐκκλησίας
1847 3876 1969 3934 ὅσον

315 3964 552 4044 ἔκκριτον
607 3969 696 4024 καὶ
728 3967 1030 4047 σοφώτερον
1065 3985 1079 3999 '
1129 3965 1284 4045 εἴπερ
1329 3967 1620 4046 σοφώτεροι
1668 3973 1775 4023 τῶν
1830 3966 1964 4023 πολ-

313 4053 444 4133 λῶν,
505 4057 550 4110 οἶ
608 4056 809 4129 κόσμου
867 4057 1199 4136 χωρίσαντες
1252 4055 1374 4131 (65)
1437 4057 1676 4129 ἑαυτοὺς,
1744 4057 1829 4114 καὶ
1887 4062 1964 4129 τῷ

315 4148 432 4219 Θεῴ
486 4146 578 4200 τὸν
637 4146 748 4221 βίον
806 4146 1246 4224 καθιερώσαντες.
1319 4145 1474 4222 Λέγω
1531 4142 1585 4200 δὲ
1667 4147 1788 4209 τοὺς
1844 4136 1998 4201 καΘ”

2131 3064 2386 3128 XXVIII.
2402 3066 2545 3128 Cum
2565 3065 2780 3128 Basilio
2803 3064 3166 3127 simultatem
3187 3066 3504 3143 quamdam
3523 3069 3704 3149 is,qui

2052 3170 2190 3217 ante
2212 3157 2408 3234 ipsum
2437 3155 2719 3216 Ecrlesia:
2745 3155 3326 3236 prmfuit,excrcebat
3346 3159 3586 3238 (quibus
3611 3179 3709 3226 au-

2055 3252 2169 3307 tem
2205 3247 2278 3307 de
2311 3246 2526 3313 causis.
2561 3255 2660 3307 aut
2694 3247 3016 3325 quomodo,
3057 3247 3293 3308 silentio
3327 3249 3705 3313 dissimulare

2051 3335 2235 3398 satius
2261 3343 2369 3411 est,
2397 3345 2677 3397 caeterum
2706 3335 3047 3414 exercebat)
3075 3359 3089 3406 ;
3117 3337 3205 3397 vir
3225 3347 3436 3399 caetera
3459 3340 3702 3420 quidem

2051 3425 2240 3497 fortis,
2274 3444 2341 3485 ac
2375 3425 2630 3488 mirabili
2666 3426 2880 3505 pietate
2913 3426 3215 3505 praeditus,
3252 3428 3506 3511 ut‘illius
3556 3439 3706 3492 tem-

2055 3516 2216 3597 poris
2246 3517 2582 3595 peisecutio
2616 3525 2673 3577 et
2714 3516 2868 3576 acris
2909 3516 3197 3578 adversus
3248 3537 3383 3577 eum
3437 3531 3709 3601 suscepta

2056 3605 2356 3666 contentio
2381 3605 2696 3684 perspicue
2716 3605 3170 3686 declaravit,sed
3197 3617 3390 3668 tamen
3413 3609 3468 3670 in
3487 3611 3706 3673 Basilio

2056 3694 2279 3771 aliquid
2315 3697 2553 3757 humani
2587 3713 2818 3775 passus.
2847 3693 3053 3774 Neque
3087 3698 3246 3758 enim
3277 3698 3549 3777 vulgares
3583 3711 3707 3763 tan-

2054 3796 2174 3849 tum
2215 3787 2507 3861 homines,
2538 3790 2640 3850 seti
2678 3787 2853 3848 etiam
2890 3788 3406 3868 praestantissimos
3437 3812 3706 3875 quosque

2057 3880 2194 3939 795
2224 3878 2383 3938 viros
2426 3877 2655 3939 Momus
2686 3878 2941 3958 attingit,
2972 3889 3035 3939 ut
3063 3880 3243 3940 solius
3291 3879 3392 3941 Dei
3427 3887 3502 3944 sit
3542 3887 3704 3945 omni

2057 3977 2294 4046 peccato
2327 3986 2557 4040 vacare,
2591 3979 2767 4048 atque
2799 3967 2871 4027 ab
2902 3969 3080 4029 animi
3112 3970 3554 4048 perturbatione
3585 3973 3704 4035 im-

2053 4076 2292 4118 munem
2324 4076 2478 4120 esse.
2499 4061 2582 4121 Ac
2610 4067 2927 4137 propterea
2951 4059 3235 4121 adversus
3263 4080 3394 4120 eum
3424 4061 3707 4125 Ecclesia:

2051 4165 2185 4226 pars
2213 4146 2492 4208 selectior
2513 4155 2572 4210 et
2594 4147 2920 4226 sapientior
2935 4149 3292 4231 concitatur,
3317 4151 3361 4210 si
3392 4151 3570 4214 modo
3602 4173 3700 4214 sa—

313 4235 458 4309 ἡμᾶς
491 4235 800 4312 Ναζιραίους
843 4233 999 4313 (66),
1044 4236 1132 4291 καὶ
1185 4236 1302 4313 περὶ
1360 4236 1427 4290 τὰ
1458 4242 1673 4291 τοιαῦτα
1731 4233 1964 4309 μάλιστα

2067 4235 2374 4297 iieutiores
2424 4236 2466 4297 ii
2521 4236 2777 4298 habendi
2839 4248 2999 4318 sunt,
3046 4259 3220 4318 quam
3278 4241 3566 4323 plerique,
3603 4246 3704 4323 qui

314 4321 712 4386 ἐσπουδανότας
747 4340 763 4358 ³
798 4321 855 4380 οἵ
883 4321 1052 4400 δεινον
1098 4326 1450 4398 ποιησάμενοι
1502 4327 1563 4381 τὸ
1625 4331 1770 4406 σφῶν
1830 4325 1961 4404 κράσ-

2066 4327 2281 4406 seipsos
2306 4345 2340 4387 a
2369 4326 2589 4387 mundo
2623 4327 3040 4406 sejuuxerunt,
3070 4347 3138 4389 ac
3169 4328 3344 4388 vitam
3379 4321 3559 4392 suam
3583 4321 3702 4396 [leo

310 4436 402 4480 τος
460 4412 579 4481 (67)
635 4412 884 4494 ωαριδεϊν
954 4413 1389 4493 περιυϐρισμένον
1448 4417 1536 4472 καὶ
1615 4413 1956 4491 ἀπωσμένον,

2066 4426 2496 4479 :onsecrarunt.
2534 4417 2844 4479 Nazuraeos
2888 4428 3180 4480 nostrates
3229 4419 3385 4492 dico,
3419 4431 3593 4502 atque
3642 4426 3704 4488 in

422 4533 521 4613 5'1)
567 4535 867 4613 ταπεινῶς.
901 4537 1005 4596 0r,
1037 4534 1099 4604 2,
1122 4535 1393 4605 ταπεινός,
1428 4532 1527 4596 Sic
1559 4533 1700 4613 legit
1732 4534 1964 4599 Billius.

420 4612 525 4691 58)
543 4612 833 4696 Σοῦαρῶς.
864 4613 963 4676 Sic
994 4614 1182 4694 Regg.
1229 4633 1286 4696 a,
1340 4633 1394 4689 c,
1429 4616 1465 4677 d
1498 4625 1558 4678 et
1587 4612 1769 4677 Coisl.
1804 4615 1862 4677 2.
1899 4620 1965 4682 In

311 4694 382 4759 ed
394 4694 437 4773 .7,
463 4694 688 4763 σοϐαρός
699 4745 712 4758 .

394 4776 518 4856 (59)
564 4776 737 4836 οὕτω.
772 4773 869 4839 Sic
892 4774 995 4840 Or.
1031 4775 1070 4837 2
1101 4784 1159 4838 et
1189 4778 1354 4840 Pass.
1389 4779 1457 4840 In
1488 4775 1615 4850 ed.,
1649 4776 1838 4842 οὕτως.

393 4857 518 4935 (60)
547 4861 646 4916 Καὶ
675 4857 895 4937 uomit,
934 4865 1052 4919 etc.
1091 4882 1116 4914 «
1185 4860 1308 4921 Nec
1357 4856 1507 4919 illud
1556 4857 1795 4918 lectoris
1827 4860 1965 4920 ofﬁ-

309 4936 492 5017 cium,
534 4961 570 5017 ιι
597 4945 714 5000 etc.
740 4935 797 4999 Is
829 4935 1090 5017 profecto
1127 4937 1360 5000 videtur
1387 4955 1522 5000 esse
1545 4937 1810 5016 Gregorii
1834 4958 1967 5001 sen-

311 5016 698 5099 sus.Basilius
727 5016 987 5098 namque
1017 5018 1259 5081 lectoris
1289 5037 1531 5088 munus.
1551 5035 1622 5081 ac
1652 5019 1872 5099 populo
1904 5021 1965 5083 in

310 5097 562 5160 ecclesia
593 5115 794 5178 sacros
837 5097 1023 5159 libros
1055 5099 1276 5178 legere,
1303 5118 1421 5160 non
1470 5107 1558 5159 est
1587 5097 1961 5178 dedignatus,

309 5196 442 5260 cum
468 5177 596 5260 jam
626 5177 1319 5260 iis‘exponendis,’instar
1352 5178 1608 5259 Magistri
1643 5177 1752 5260 par
1781 5177 1960 5245 esset.

309 5257 478 5344 Prius
499 5256 770 5344 enim_in
820 5259 1060 5344 lectoris
1115 5260 1425 5344 subsellio,
1450 5256 1965 5344 deindepresby-

309 5339 422 5422 teri
456 5338 622 5422 sede,
649 5338 910 5422 demum
925 5341 1095 5422 inter
1123 5342 1651 5422 episcoposDeum
1683 5338 1962 5407 laudavit.

304 5418 434 5482 Non
471 5419 826 5498 beneigitur
849 5420 1086 5497 Billius,
1129 5418 1485 5484 «sacerdotii
1517 5421 1826 5499 gradum,n
1865 5424 1966 5487 in-

307 5508 688 5583 terpretatur,
719 5501 878 5583 quod
910 5500 984 5565 de
1049 5527 1073 5559 α
1123 5502 1366 5566 lectoris
1421 5501 1619 5565 ofﬁcio
1669 5527 1698 5561 ι
1753 5505 1965 5570 scribit

301 5579 650 5660 Gregorius.

544 5661 838 5747 ’Υφεδρίας.
873 5666 1025 5747 Reg.
1058 5663 1183 5746 bm,
1219 5665 1513 5747 chapciatc.

390 5741 518 5828 (62)
551 5741 638 5820 τῷ
667 5741 770 5825 πρὸ
794 5741 1003 5814 τούτοιῐ.
1037 5741 1228 5830 Regi.
1255 5741 1313 5826 ἐι,
1345 5741 1402 5830 c,
1435 5745 1501 5826 d,
1539 5747 1736 5826 Bus.,
1767 5747 1958 5829 Pass,

2049 4545 2125 4622 Ξῴ
2155 4543 2254 4622 πρὸ
2286 4548 2399 4601 τοῦ.
2429 4539 2710 4622 lntelligit
2740 4540 3196 4622 Eusebium,qui
3231 4543 3534 4622 proximus
3565 4555 3702 4608 ante

2050 4620 2333 4707 Basiliam
2359 4621 2782 4684 Caesariensem
2807 4621 3126 4707 Ecclesiam
3153 4620 3539 4707 gubernarat;
3562 4628 3700 4707 qui-

2091 4720 2162 4782 ue
2195 4703 2403 4764 fortem
2436 4722 2504 4764 ac
2553 4711 2922 4763 constantem
2958 4704 3222 4762 animum
3268 4703 3600 4782 praebuerat
3637 4708 3700 4770 in

2102 4782 2318 4845 alentis
2343 4783 2755 4864 persecutione
2781 4784 3063 4864 adversus
3099 4784 3455 4850 Catholicos.

2131 4863 2248 4942 (63)
2286 4863 2584 4945 Εὗσέὸειαν.
2619 4865 2718 4927 Sic
2752 4864 2956 4945 plures
2988 4863 3198 4944 Regg.,
3232 4864 3422 4938 Pass..
3460 4867 3697 4945 Comb.,

2051 4944 2479 5026 etc.Mendose
2510 4944 2571 5005 in
2606 4945 2730 5025 ed.,
2753 4943 3033 5026 ἆσέξεικν,
3073 4943 3098 5000 ει
3134 4943 3526 5026 impietatem.
3569 4970 3597 5007 ι

2130 5025 2401 5111 φάθ’-Πρὸ
2432 5026 2661 5086 ἐκεῖνον.
2723 5051 2749 5080 α
2786 5025 3087 5088 Adversus
3145 5025 3325 5108 hunc,
3360 5049 3391 5085 υ
3453 5045 3694 5111 nempe,

2057 5126 2086 5165 ς
2123 5106 2419 5173 Basilium.

2133 5186 2261 5265 (65)
2295 5191 2649 5266 Χωρίσαντες.
2685 5186 2790 5267 0r.
2816 5188 2878 5260 2,
2912 5189 3284 5267 χωρήσαντες.

2087 5267 2246 5408 ὴιϋὸ)
2282 5271 2611 5348 Ναζιραίους,
2652 5292 2680 5324 α
2713 5266 3038 5348 Nazaraeos,
3080 5293 3106 5324 ι›
3147 5268 3208 5330 id
3257 5277 3371 5349 est,
3435 5294 3462 5326 α
3501 5289 3699 5334 mona-

2128 5366 2215 5408 os.
2256 5372 2282 5403 »

2049 5366 2215 5410 CD05.
2256 5372 2282 5403 »

2130 5430 2252 5504 (67)
2285 5432 2355 5489 Τὸ
2400 5432 2544 5517 aqth
2589 5431 2800 5517 apertos.
2891 5430 3175 5517 Basiliam
3255 5429 3706 5517 intell_igit,ﬂqui

2049 5508 2204 5593 inter
2232 5508 2558 5593 monachos
2599 5508 2996 5593 principatum
3031 5513 3252 5591 pietate
3277 5530 3346 5574 ac
3377 5508 3701 5579 virtutibus

2049 5589 2687 5674 obtinebat.‘_Nam{ut
2712 5589 3084 5674 aitiNicetas,
3118 5593 3405 5673 Ναζιραϊος
3455 5600 3550 5654 καὶ
3607 5603 3706 5658 αὒ-

2048 5674 2139 5733 τὸς
2171 5677 2237 5742 ἧν
2268 5687 2285 5704 ⁸
2318 5697 2344 5728 α
2379 5671 2686 5737 Nazaréeus
2717 5681 2775 5735 et
2802 5673 2932 5754 ipse
2962 5671 3108 5736 erat.
3149 5699 3176 5730 »
