4150 6384
289 265 402 330 537

284 397 584 467 ἀπληστίαν
637 397 728 455 καὶ
769 391 1114 475 βλασφημίαν
1151 412 1167 431 ο

289 490 546 564 διώκτης,
593 491 680 546 καὶ
744 487 878 565 μετά
936 489 1026 544 τὸν
1090 485 1423 568 ἀποστάτην,
1486 490 1582 546 οὒκ
1642 485 1950 551 ἀποστάτης

1041 258 1322 324 ORATIO
1365 257 1573 324 XLIII.
1626 294 1702 306 —
1751 259 1832 323 IN
1878 261 2194 325 LAUDEM
2241 265 2522 326 BASILII
2567 267 2841 330 MAGNI.

3575 267 3693 336 538

1241 396 1269 450 ὁ
1331 394 1467 471 μετά
1525 395 1620 452 τὸν
1680 391 1939 470 διώκτην,

2057 396 2394 474 gravissimis
2420 397 3035 481 morbis,inexplebili
3057 400 3339 465 nimirum
3362 405 3607 467 avaritia
3631 412 3692 466 et

2037 486 2434 569 blasphemia,
2465 487 2830 550 laborantem
2860 510 2875 564 ;
2907 491 3006 567 qui
3041 499 3170 570 post
3203 502 3672 571 persecutorem,

297 580 421 661 μὲν,
459 578 606 637 οὐδὲν
650 577 705 633 δὲ
764 578 994 652 ἀμείνων
1050 584 1414 657 Χριστιανοϊς,
1456 576 1661 650 μᾶλλον
1718 574 1773 631 δὲ
1819 583 1954 655 Χρι-

2057 592 2390 638 iersecutor
2437 578 2679 652 exstitit,
2718 589 2846 657 post
2892 589 3244 661 apostalam,
3283 602 3399 643 non
3450 584 3692 664 quidem

301 675 531 727 στιανῶν
564 674 640 742 τῷ
672 665 1034 742 εὗσεϐεστάτῳ
1089 666 1265 746 μέρει,
1321 669 1410 724 καὶ
1440 667 1818 745 καθαρωεάτῳ,
1866 667 1954 722 καὶ

301 765 644 840 προσκυνητῇ
672 763 770 823 τῆς
813 755 1063 831 Τριάδος,
1096 756 1163 825 ἣν
1193 756 1258 825 δὴ
1288 759 1457 834 μόνην
1510 754 1775 813 εὐσέϐειαν
1828 755 1956 834 (76)

295 850 404 929 ἐγὼ
463 847 638 923 καλῶ,
670 849 762 904 καὶ
795 844 948 912 δόξαν
982 848 1267 924 σωτήριον,
1317 847 1389 905 Οὗ
1415 848 1514 926 γὰρ
1570 850 1798 913 θεοτητα
1852 868 1954 902 τα-

301 939 648 1015 λαντεύομεν,
696 937 813 996 οὐδὲ
861 936 960 1004 τὴν
1012 939 1134 1013 μίαν
1179 939 1267 994 καὶ
1296 937 1581 1015 ἀπρόσιτον
1612 937 1763 1015 φύσιν
1811 935 1952 993 ἀπο-

299 1030 546 1103 ξενοῡμεν
581 1029 800 1101 ἑαυτῆς,
859 1025 1104 1106 ἐκφύλοις
1163 1026 1594 1104 ἀλλοτριότησιδ,
1644 1025 1757 1083 οὐδὲ
1804 1035 1955 1100 κακῷ

298 1121 359 1176 τὸ
416 1119 579 1174 κακὸν
652 1116 874 1195 ἱώμεθα,
950 1117 1051 1184 τὴν
1104 1112 1253 1172 ἄθεον
1311 1114 1603 1172 Σαϐελλίου
1663 1118 1955 1196 συναίρεσιν

298 1206 617 1286 ἀσεϐεστέρα
706 1205 954 1285 διαιρέσει
1032 1208 1120 1262 καὶ
1182 1211 1465 1282 κατατομῇ
1537 1205 1754 1270 λύοντες
1791 1225 1808 1241 ⁶
1890 1209 1957 1277 ἢν

297 1298 530 1376 ³¹Αρειος
593 1297 846 1370 νοσήσας,
913 1298 940 1352 ὁ
993 1301 1090 1360 τῆς
1147 1296 1338 1372 μανίας
1388 1295 1666 1368 ἐπώνυμος
1715 1298 1861 1378 (77),
1894 1301 1957 1355 τὸ

299 1387 435 1445 πολὺ
494 1392 593 1454 τῆς
653 1384 981 1453 Ἐκκλησίας
1057 1384 1247 1443 διέσειε
1306 1387 1393 1441 καὶ
1453 1383 1740 1465 διέφθειρεν
1774 1403 1788 1417 °
1840 1387 1957 1444 οὔτε

1503 1475 1799 1501 ὶιζηνκν
1881 1479 1946 1501 βλ

302 1575 408 1625 τῶν
470 1567 664 1623 ἀνίσων
723 1568 941 1643 βαθμῶν
985 1571 1083 1633 τῆς
1139 1565 1414 1633 Θεότητος,
1479 1565 1646 1623 Ἀλλά
1694 1569 1818 1643 μίαν
1863 1570 1960 1645 μὲν

2038 676 2327 748 apostata,
2353 668 2458 730 sed
2489 668 2676 729 nihilo
2707 678 2904 730 tamen
2933 671 3147 732 melior
3176 672 3550 748 Christianis,
3576 675 3690 748 vel,

2040 763 2104 816 ut
2132 757 2355 818 rectius
2383 757 3091 838 loquar,Christianorum
3119 760 3403 841 piissimae
3427 771 3483 824 et
3509 763 3697 844 puris-

2040 845 2208 907 simae
2231 848 2404 926 parti,
2432 865 2501 908 ac
2523 846 2832 910 Trinitatis
2855 850 3112 931 cultrici,
3141 871 3314 932 quam
3339 854 3580 933 quidem
3604 872 3699 915 so-

2039 935 2153 996 lam
2184 937 2459 1015 pietatem
2486 957 2555 999 ac
2580 939 2897 1000 salutarem
2923 941 3253 1003 doctrinam
3280 943 3535 1024 appello.
3563 945 3695 1006 Non

2040 1025 2202 1087 enim
2229 1026 2593 1090 divinitatem
2619 1029 2775 1090 velut
2799 1030 2870 1090 ad
2903 1029 3114 1092 libram
3139 1033 3557 1114 expendimus,
3587 1051 3698 1096 nec

2040 1135 2218 1178 unam
2243 1126 2303 1178 et
2321 1117 2795 1180 inaccessibilem
2819 1134 3092 1183 naturam
3113 1141 3220 1204 per
3237 1124 3700 1204 alienasdisjun-

2042 1206 2275 1268 ctiones
2298 1227 2330 1268 a
2360 1227 2424 1269 se
2458 1210 2587 1289 ipsa
2619 1227 2992 1292 Separamus,
3023 1232 3134 1274 nec
3159 1213 3380 1275 malum
3414 1214 3572 1276 malo
3602 1235 3702 1276 cu-

2041 1314 2267 1374 ramus,
2298 1297 2538 1377 impiam
2572 1298 2817 1361 Sabellii
2849 1304 3320 1364 contractionem
3356 1323 3461 1383 per
3516 1303 3702 1383 magis

2041 1386 2288 1466 impiam
2314 1387 2665 1449 divisionem
2691 1398 2750 1451 et
2773 1391 3105 1451 sectionem
3130 1392 3519 1455 dissolventes
3543 1413 3558 1470 ;
3585 1413 3704 1474 quo

2048 1583 2320 1645 magnam
2346 1566 2633 1628 Ecclesia;
2657 1577 2884 1648 partem
2910 1571 3208 1632 concussit
3227 1580 3284 1632 et
3307 1572 3703 1634 labefactavit.

307 1656 460 1722 δόξαν
507 1657 712 1735 Πατρὸς
757 1655 1116 1736 γινώσκομεν,
1173 1657 1274 1724 την
1310 1655 1592 1732 ὁμοτιμίαν
1637 1664 1729 1712 τοῦ
1781 1665 1963 1715 Μονο-

2057 1653 2193 1717 Nam
2219 1676 2331 1719 nec
2355 1657 2591 1719 Patrem
2615 1659 2954 1741 honoravit,
2974 1669 3032 1720 et
3055 1679 3283 1741 ea,quae
3306 1681 3374 1724 ex
3396 1663 3522 1743 ipso
3544 1673 3702 1745 sunt,

308 1757 488 1826 γενοῦ.
524 1765 542 1783 ⁸
577 1747 702 1822 μίαν
735 1744 787 1801 δὲ
823 1753 963 1826 ιἰοῦ,
998 1747 1097 1813 τὴν
1148 1756 1238 1805 τοῦ
1296 1746 1631 1822 Πνεύματος,
1695 1748 1790 1804 Καὶ
1828 1746 1855 1804 ὅ
1912 1772 1962 1805 τι

302 1836 363 1892 ἂν
396 1837 502 1894 τῶν
567 1842 727 1915 τριῶν
773 1836 921 1893 κάτω
976 1840 1179 1916 Θῶμεν,
1221 1839 1283 1893 τὶ
1328 1843 1434 1892 πᾶν
1477 1839 1750 1916 καθαιρεῖν
1805 1839 1965 1915 νομί-

299 1934 457 2002 ζομεν
492 1944 506 1958 ⁸
557 1927 672 2004 τρία
713 1926 814 1999 μὲν
877 1938 1000 1990 ταῖς
1063 1924 1319 1992 ἰδιότησιν
1377 1926 1522 2006 (ἾΒ),
1558 1929 1613 1984 ἓν
1647 1925 1698 1982 δὲ
1732 1934 1802 2004 τῇ
1836 1929 1963 1985 θεό-

302 2040 425 2085 τητι
472 2016 602 2097 (79)
632 2013 874 2079 σέϐοντες
905 2018 992 2072 καὶ
1044 2016 1427 2096 γινώσκοντες,
1462 2011 1559 2071 Ὧν
1591 2015 1736 2074 οὐδὲν
1769 2017 1963 2076 ἐννοῶν

303 2109 536 2184 ἐκεῖνος,
574 2105 690 2167 οὐδὲ
748 2105 858 2163 ἅνω
906 2105 1124 2183 βλέπειν
1178 2105 1489 2188 δυνάμενος,
1535 2106 1655 2164 ἀλλ’
1699 2109 1799 2164 ὑπὸ
1858 2115 1963 2165 τῶν

301 2199 540 2274 ἀγόντων
617 2195 744 2274 (80)
830 2198 985 2253 αὐτὸν
1069 2197 1510 2273 ταπεινούμενος,
1589 2205 1964 2254 συνταπεινοῦν

298 2288 597 2364 ἒτόλμησεν
650 2288 824 2360 ἑαυτῷ
853 2287 939 2342 καὶ
972 2288 1122 2366 φύσιν
1165 2287 1420 2354 θεότητος
1457 2305 1469 2318 ⁸
1527 2287 1616 2343 καὶ
1646 2287 1842 2360 κτίσμα
1872 2289 1962 2367 γί-

302 2401 443 2435 νεται
472 2379 729 2457 πονηρὸν²
789 2379 861 2441 εἷς
906 2375 1144 2433 δουλείαν
1193 2378 1442 2455 κατάγων
1492 2377 1591 2443 τὴν
1624 2375 1958 2454 δεσποτείαν,

304 2469 392 2525 καὶ
431 2470 569 2541 μετὰ
598 2472 696 2533 τῆς
728 2467 950 2529 κτίσεως
1006 2467 1165 2528 τιθεὶς
1213 2467 1313 2532 τὴν
1367 2465 1619 2522 ἄκτιστον
1672 2469 1822 2546 φύσιν
1873 2470 1961 2524 καὶ

299 2557 648 2637 ὕπέρχρονον,

2047 1745 2347 1808 dedecore
2369 1747 2590 1821 affecit,
2618 1748 2756 1808 dum
2783 1748 3106 1830 inaequales
3129 1751 3460 1814 divinitatis
3489 1756 3709 1832 gradus

2048 1835 2290 1900 invexit.
2324 1839 2545 1900 Verum
2587 1856 2762 1898 unam
2797 1840 3038 1920 quidem
3072 1840 3262 1902 Patris
3288 1841 3536 1921 gloriam
3571 1861 3704 1904 esse

2049 1926 2448 2007 agnoscimus,
2479 1925 2782 2005 Unigeniti
2831 1930 3260 2009 mqualitatem,
3295 1950 3473 1992 unam
3505 1940 3705 1994 autem

2049 2015 2207 2098 Filii,
2235 2015 2489 2097 Spiritus
2515 2018 2704 2080 sancti
2726 2018 3227 2099 adaequationem.
3255 2021 3340 2082 Ac
3365 2021 3414 2083 si
3440 2021 3579 2102 quid
3605 2023 3710 2083 ho-

2051 2126 2181 2168 rum
2208 2107 2384 2169 trium
2406 2108 2559 2170 infra
2583 2111 3061 2188 collocemus,ita
3083 2111 3703 2192 existimamus,totam

2046 2195 2393 2260 Trinitatem
2425 2217 2460 2260 a
2505 2199 2678 2261 nobis
2720 2202 2902 2262 everti
2936 2219 3004 2263 ac
3035 2201 3222 2262 deleri
3252 2221 3269 2278 ;
3303 2202 3414 2263 tria
3463 2202 3705 2283 quidem

2047 2289 2240 2370 quoad
2264 2289 2870 2371 proprietates,unum
2888 2302 3083 2353 autem
3099 2294 3292 2373 quoad
3307 2293 3703 2364 divinitatem.

2048 2386 2402 2441 venerantes
2433 2390 2493 2443 et
2523 2391 2942 2459 agnoscentes.
2977 2383 3246 2454 Quorum
3282 2401 3415 2444 cum
3440 2382 3541 2444 ille
3562 2382 3706 2445 nihil

2046 2468 2705 2552 animadverteret,nec
2734 2490 2968 2533 sursum
2998 2489 3248 2533 cernere
3271 2481 3707 2553 posset,verum

2046 2557 2119 2619 ab
2138 2558 2492 2639 iis,quieum
2508 2559 3508 2642 ducebant,deprimeretur,secum
3529 2561 3703 2623 etiam

298 2643 624 2708 divinitatis
654 2651 926 2704 naturam
959 2641 1304 2721 deprimere
1336 2661 1457 2703 non
1487 2641 1810 2726 dubitavit,
1845 2654 2022 2726 atque
2058 2647 2388 2726 improbam
2442 2657 2778 2710 creaturam
2809 2668 2874 2711 se
2919 2648 3197 2730 praebuit,
3235 2649 3702 2712 dominationem

303 2753 521 2815 nempe
551 2734 610 2795 in
641 2732 993 2796 servitutem
1016 2731 1762 2816 detrahens,naturamque
1793 2735 2121 2798 increatam
2157 2736 2522 2818 etjtempore
2551 2738 2964 2801 sublimiorem
2999 2737 3158 2800 inter
3177 2757 3275 2800 res
3305 2745 3536 2801 creatas
3558 2757 3706 2800 con-

306 2823 580 2887 stituens.

392 2915 503 2973 AA’
518 2963 532 2976 .
571 2905 628 2973 Ὀ
668 2913 766 2989 μὲν
797 2914 886 2970 οὖν
940 2912 1080 2970 οὕτω
1115 2917 1344 2992 φρονῶν,
1397 2913 1485 2970 καὶ
1527 2915 1664 2989 μετά
1720 2916 1964 2983 τοιαύτης

2134 2915 2352 2980 XXXI.
2378 2917 2500 2979 Hoc
2524 2918 2626 2981 ille
2649 2917 2888 2999 quidem
2922 2917 3148 2992 animo,
3170 2926 3228 2982 et
3257 2917 3395 2980 795
3426 2937 3560 2980 cum
3592 2918 3708 2983 hu-

305 3009 443 3081 ἡμϊν
495 3005 858 3083 ἐπιστρατεύει
890 3009 990 3071 τῆς
1041 3000 1306 3068 ἀσεϐείας.
1345 3003 1417 3062 Οὐ
1478 3005 1580 3083 γὰρ
1621 3001 1754 3062 ἄλλο
1800 3029 1873 3087 τι,
1933 3006 1969 3074 ἢ

309 3093 637 3175 βαρϐαρικήν
697 3091 1038 3172 καταδρομὴν
1118 3100 1274 3150 τοῦτο
1349 3093 1710 3170 ὑποληπτέον,
1776 3099 1970 3153 καθαι-

313 3193 525 3266 ροῦσαν,
564 3187 623 3242 ού
667 3183 852 3264 τείχη,
902 3185 988 3243 καὶ
1039 3181 1256 3263 πόλεις,
1302 3185 1390 3240 καὶ
1420 3186 1609 3258 οἰκίας,
1644 3184 1759 3244 οὐδέ
1786 3209 1835 3242 τι
1867 3191 1971 3244 τῶν

316 3277 523 3354 μικρῶν
595 3276 683 3330 καὶ
715 3274 1143 3353 χειροποιήτων,
1214 3275 1302 3330 καὶ
1358 3274 1502 3336 αὖθις
1548 3275 1966 3358 ἀνορθουμένων,

307 3362 444 3420 ἀλλά
506 3364 600 3426 τὰς
655 3363 836 3442 ψυχὰς
897 3362 1054 3428 αὑτὰς
1112 3363 1530 3443 κατασύρουσαν.
1593 3364 1967 3423 Συνεισϐάλλει

307 3452 361 3508 δὲ
394 3457 538 3527 αὖτῷ
569 3453 656 3508 καὶ
688 3454 915 3530 στρατὸς
961 3451 1126 3532 ἄξιος,
1174 3475 1220 3509 οι
1271 3455 1426 3509 κακοὶ
1468 3455 1574 3510 τῶν
1635 3453 1966 3524 Ἐκκλησιῶν

310 3543 595 3621 ἡγεμόνες,
652 3543 699 3598 οἱ
760 3543 938 3611 πικροὶ
994 3542 1283 3622 τετράρχαι
1342 3543 1440 3609 τῆς
1496 3542 1584 3600 ὑπ’
1647 3549 1804 3604 αὐτὸν
1845 3546 1963 3628 (81)

312 3631 626 3710 οίκουμένης
662 3649 677 3664 ⁸
726 3634 781 3688 o'i
808 3633 873 3689 τὸ
907 3633 1005 3708 μὲν
1038 3632 1260 3713 ἔχοντες
1292 3631 1391 3700 ἤδη
1439 3640 1546 3691 τῶν
1604 3635 1965 3712 Ἐκκλησιῶν,

304 3729 384 3798 τῷ
414 3722 468 3778 δὲ
497 3720 926 3802 προσϐάλλοντες
990 3720 1144 3802 (82),
1191 3725 1253 3780 τὸ
1296 3721 1350 3778 δὲ
1410 3722 1710 3796 ἐλπίζοντες
1754 3731 1811 3783 ὲκ
1869 3733 1967 3795 τῆς

304 3820 402 3870 τοῦ
453 3812 718 3890 βασιλέως
772 3813 945 3890 ῥοπῆς
979 3814 1066 3870 καὶ
1095 3813 1302 3893 χειρὸς,
1339 3815 1438 3880 τῆς
1473 3816 1569 3890 μὲν
1602 3815 1966 3899 ἐπαγομένης,

305 3908 408 3969 τῆς
465 3901 519 3958 δὲ
586 3901 705 3982 (83)
767 3900 1186 3977 ἀπειλουμένης,
1239 3903 1373 3971 ἧκον
1431 3906 1520 3961 καὶ
1564 3905 1662 3973 τὴν
1708 3907 1972 3985 ἡμετέραν

319 3992 840 4070 καταστρεψόμενοι,
911 3990 1079 4049 οὐδενὶ
1154 3994 1401 4049 τοσοῦτον
1487 3993 1696 4072 θαῤῥετν
1753 3996 1971 4077 ἔχοντες

305 4088 412 4139 τῶν
469 4081 740 4150 ἀπάντων,
795 4079 919 4136 ὅσον
978 4087 1048 4157 τῇ
1094 4087 1199 4138 τῶν
1257 4083 1664 4159 προειρημένων
1712 4093 1969 4166 μικροψυο

1991 4136 2038 4187 D

2047 3005 2313 3086 jusmodi
2335 3008 2983 3089 impietate,adversum
3001 3026 3109 3068 nos
3126 3008 3565 3089 expeditionem
3584 3025 3713 3069 sus-

2055 3096 2226 3178 cipit.
2252 3096 2371 3160 Nec
2397 3099 2558 3161 enim
2587 3099 2746 3162 aliud
2779 3098 3062 3176 quiddam
3091 3117 3159 3159 ea
3188 3117 3285 3160 res
3316 3098 3712 3160 existimanda

2057 3195 2171 3268 est,
2198 3205 2372 3268 quam
2402 3187 2712 3251 barbarica
2734 3187 3148 3268 incursio,non
3178 3205 3383 3250 muros
3406 3199 3706 3268 evertens,

2056 3295 2176 3341 non
2209 3278 2417 3356 urbes,
2450 3299 2570 3341 non
2602 3280 2838 3359 domos,
2873 3287 2971 3339 aut
3004 3279 3116 3340 alia
3144 3278 3414 3359 quaedam
3448 3295 3623 3357 parva
3654 3286 3713 3340 et

2057 3386 2235 3430 manu
2266 3367 2441 3445 facta,
2465 3377 2525 3432 et
2557 3389 2688 3450 quae
2717 3386 2952 3430 rursum
2985 3368 3155 3430 reﬁci
3184 3378 3358 3449 atque
3394 3367 3710 3431 instaurari

2056 3459 2419 3537 possint,sed
2446 3459 2674 3521 animas
2691 3460 2849 3540 ipsas
2866 3457 3231 3520 disturbans.
3254 3457 3545 3539 Impetum
3566 3476 3713 3539 quo-

2055 3565 2169 3628 que
2193 3567 2310 3609 una
2332 3568 2464 3610 cum
2490 3568 2558 3612 eo
2579 3549 2716 3611 facit
2733 3549 3029 3611 exercitus
3053 3547 3182 3627 ipso
3202 3547 3712 3629 dignus,improbi

2055 3638 2461 3701 Ecclesiarum
2489 3637 3085 3719 gubernatores,saevi
3103 3645 3283 3718 atque
3302 3637 3592 3699 immanes
3605 3655 3708 3699 or-

2056 3728 2447 3807 bisillius.qui
2462 3729 2915 3811 ipsiusimperio
2935 3727 3544 3806 etditionisubjectus
3559 3735 3710 3809 erat,

2057 3820 2390 3882 tetrarchae.
2411 3820 2524 3893 Qui
2543 3839 2676 3881 cum
2703 3838 2771 3881 ex
2796 3817 3082 3879 Ecclesiis
3105 3817 3252 3879 alias
3267 3818 3391 3898 jam
3412 3825 3709 3893 tenerent,

2056 3909 2202 3972 alias
2235 3920 2673 3991 oppugnarent,
2705 3910 2852 3970 alias
2884 3907 2959 3968 ob
2992 3907 3372 3987 imperatoris
3423 3925 3599 3986 opem
3643 3925 3714 3975 ac

2061 4018 2464 4080 manum,qua:
2489 4001 2702 4080 partim
2738 3997 3379 4077 adhibebatur,partim
3402 3996 3715 4058 denuntia-

2057 4088 2253 4170 batur,
2282 4090 2342 4150 in
2377 4098 2728 4171 potestatem
2767 4096 3042 4149 venturas
3068 4095 3405 4169 sperarent,
3433 4087 3550 4148 huc
3572 4105 3714 4169 quo-

305 4171 428 4250 χίᾳ,
462 4170 558 4225 καί
590 4169 802 4248 ἀπειρίᾳ
863 4169 956 4226 τοῦ
1015 4177 1310 4237 τηνικαῦτα
1354 4173 1508 4259 ἡμῶν
1538 4171 1964 4258 προεδρεύοντος,

2057 4198 2194 4259 que,
2216 4169 2278 4239 ut
2312 4169 2570 4241 nostram
2606 4179 2666 4240 in
2699 4179 2988 4240 ditionem
3020 4196 3184 4238 suam
3213 4176 3580 4256 redigerent,
3607 4194 3713 4239 ve-

301 4261 392 4318 καὶ
435 4272 554 4324 τοϊς
599 4259 652 4316 έν
697 4262 834 4334 ἡμῖν
898 4257 1334 4338 ἀρρωστήμασιν.
1390 4252 1446 4318 Ὀ
1523 4262 1622 4338 μὲν
1675 4252 1764 4321 οὖν
1823 4265 1964 4346 ἀγὼν

2057 4252 2294 4346 nerunt,
2331 4269 2494 4330 nulla
2533 4286 2596 4332 re
2644 4268 2897 4350 perinde
2942 4267 3076 4329 freti
3127 4275 3306 4346 atque
3353 4252 3618 4345 subnixi,
3653 4275 3718 4328 ut

305 4348 470 4412 πολύς
508 4369 519 4381 ·
559 4351 594 4417 ἡ
627 4348 680 4405 δέ
713 4349 972 4427 προθυμία
1032 4351 1136 4405 τῶν
1190 4347 1458 4405 πλείστων
1503 4355 1597 4409 οὐκ
1628 4354 1876 4431 ἀγεννὴς,
1932 4361 1964 4427 ἡ

2057 4378 2286 4439 eorum,
2315 4359 2390 4420 de
2425 4347 2659 4439 quibus
2674 4359 2851 4440 paulo
2882 4367 3016 4420 ante
3045 4358 3223 4418 locuti
3256 4374 3484 4430 sumus,
3510 4357 3718 4418 simul-

303 4437 360 4496 δὲ
392 4437 678 4518 παράταξις
727 4439 975 4514 ἀσθενὴς,
1035 4443 1128 4497 οὒκ
1181 4437 1385 4519 ἔχουσα
1421 4441 1512 4497 τὸν
1558 4452 1962 4523 προαγωνιστην

2057 4459 2190 4531 tate,
2219 4437 2396 4530 atque
2423 4437 2602 4530 illius,
2628 4437 2727 4530 qui
2754 4457 2873 4510 tum
2911 4448 3086 4515 nobis
3110 4445 3495 4528 prmsidebat,
3517 4445 3713 4528 impe-

312 4641 345 4700 6
388 4560 518 4642 (76)
554 4558 862 4620 Εὐσέϐειαν.
930 4557 1029 4622 Sic
1077 4558 1260 4622 codd.
1317 4558 1384 4621 In
1439 4562 1576 4626 Par.
1641 4563 1766 4642 ed.,
1819 4570 1972 4628 εὗσέ-

347 4665 478 4700 ειον.

347 4665 478 4705 ιιον,

391 4722 516 4807 (⁷-⁷)
551 4713 611 4781 Ὀ
663 4724 1020 4807 τῆς-μανία(
1052 4721 1383 4807 -έπώνιέμοςο
1441 4724 1589 4803 Res-
1643 4726 1746 4807 ph,
1803 4731 1829 4785 δ
1874 4738 1972 4798 τῆς

303 4802 550 4892 μανείας,
586 4812 709 4892 (διεἶ
725 4803 1020 4892 pbscrvat
1051 4802 1354 4892 Petavius,
1370 4802 1552 4892 _tom.’
1575 4807 1628 4892 [Ι
1643 4802 1969 4892 '_Theolog.

303 4883 782 4964 dogm.,pag.43.
815 4884 1066 4947 Arianos
1092 4882 1383 4964 peculiari
1417 4903 1558 4947 voce
1575 4882 1973 4954 Ariomanitas

304 4983 436 5052 esse
469 4964 681 5052 dictos,
711 4983 827 5052 quo
862 4965 1109 5052 nomine
1139 4983 1246 5052 eu§
1280 4965 1674 5052 appellandos
1708 4972 1977 5052 praecipit

304 5043 559 5129 epistola
588 5062 695 5105 sua
727 5043 1179 5129 Constantinus.
1203 5043 1477 5129 Gregorii
1509 5049 1692 5110 verba
1710 5043 1969 5129 profert,

303 5124 410 5208 qui
456 5124 667 5208 Arium
701 5134 870 5208 vocat
921 5127 1111 5201 μανίας
1165 5125 1466 5208 ἐπῴνυμον,
1530 5151 1553 5183 α
1592 5147 1662 5189 eo
1695 5124 1900 5208 sensu,
1942 5124 1966 5190 ὁ

299 5205 497 5284 inquit
527 5205 827 5287 Petavius,
867 5230 889 5259 ι
914 5224 1033 5266 non
1064 5205 1224 5286 quod
1258 5205 1490 5286 "Apum:
1524 5227 1558 5270 ε
1587 5208 1773 5273 Mane
1802 5205 1973 5276 νοω-

298 5295 485 5358 retur,
522 5299 590 5347 ut
622 5287 842 5366 putavit
875 5288 1191 5366 interpres.
1234 5309 1262 5341 ι

383 5367 510 5451 (78)
547 5365 684 5451 Tela.
706 5367 806 5443 μὲν
854 5381 994 5451 ταῖς
1039 5365 1287 5451 ἰδιότησι.
1352 5365 1453 5428 Sic
1505 5367 1678 5451 codd.
1734 5370 1800 5433 In
1835 5374 1966 5451 ed.,

301 5445 420 5527 τρίά
452 5445 551 5531 μὲν
580 5445 848 5531 ἷδιῴτησι.
889 5471 916 5504 α
945 5445 1098 5531 _Tres
1127 5447 1371 5528 quidem
1408 5449 1603 5531 quoad
1627 5445 1970 5531 proprietal

297 5537 470 5612 t_es._»
509 5528 717 5612 Patris
755 5529 1110 5612 proprietas,
1141 5539 1252 5612 est,
1290 5528 1446 5609 quod
1505 5530 1582 5612 sit
1621 5528 1963 5612 ingenitus;

291 5609 451 5683 Filii,
486 5608 642 5692 quod
673 5608 1048 5692 sit'genitus;
1075 5608 1331 5692 Spiritus
1360 5611 1576 5692 sancti,
1603 5608 1760 5692 quod
1785 5635 1819 5677 a
1848 5608 1965 5678 Pa;

297 5699 388 5779 tre
419 5698 477 5779 et
499 5689 650 5779 Filio
683 5689 989 5779 procedat.
1028 5689 1219 5779 Graeci
1278 5689 1727 5779 εει-ψιωίτρία,
1755 5700 1963 5779 ιςεερί-

298 5770 530 5836 cientes
557 5770 632 5835 ad
649 5770 1137 5853 npdcwnaLatini
1161 5789 1303 5836 vero
1340 5771 1586 5856 «Tres,»
1622 5770 1960 5860 respicien-

2062 4585 2148 4635 tes
2169 4571 2242 4633 ad
2300 4571 2739 4651 subsistentias,
2774 4589 2880 4633 seu
2932 4586 3237 4651 personas.
3275 4569 3375 4631 Sic
3422 4567 3711 4651 Christus,

2057 4655 2228 4716 Joan.
2263 4672 2323 4734 χ,
2356 4654 2455 4734 30.
2491 4675 2512 4709 ιι
2551 4651 2671 4732 Ego
2705 4648 2760 4734 et
2813 4648 2988 4714 Pater
3021 4669 3205 4734 unum
3239 4669 3468 4714 sumus.
3509 4648 3628 4730 Ego
3661 4666 3720 4714 et

2058 4736 2257 4813 Pater,
2298 4732 2320 4793 ii
2361 4733 2462 4814 qui
2493 4751 2698 4814 sumus
2727 4733 2871 4814 duo,
2899 4732 3092 4813 quoad
3118 4749 3430 4812 personas,
3470 4753 3494 4789 ιι
3529 4751 3716 4794 unum

2058 4833 2286 4891 sumus,
2326 4840 2352 4870 γ)
2382 4813 2579 4896 quoad
2613 4813 3006 4896 divinitatem.

2142 4889 2372 4976 (79in
2401 4889 2636 4976 ῡεότητι.
2700 4895 2799 4957 Sic
2849 4894 3115 4975 quinque
3171 4894 3389 4973 Regg.,
3453 4889 3558 4956 0r.
3592 4893 3630 4952 2
3662 4902 3720 4955 et

2058 4975 2222 5039 PaSs.
2260 4979 2440 5040 Deest
2467 4977 2534 5044 τῇ
2567 4975 2629 5037 in
2661 4976 2757 5036 ed.

2140 5057 2265 5138 (80)
2303 5058 2590 5137 Ἀγόντων,
2649 5055 2793 5138 «Qui
2825 5073 2960 5116 eum
2993 5053 3313 5138 ducebant.
3346 5078 3368 5112 ι)
3407 5052 3719 5138 Daemones

2059 5133 2358 5219 intelligit,
2383 5133 2646 5219 quorum
2679 5137 2885 5219 afﬂatu
2924 5144 3105 5219 atque
3136 5135 3467 5219 instinctu,
3501 5133 3721 5216 impius

2060 5215 2340 5300 princeps
2361 5215 2680 5300 catholicae
2702 5218 2840 5279 ﬁdei
2873 5215 3096 5300 bellum
3132 5215 3450 5278 inferebat.

2142 5296 2420 5380 (81)”’ὶ’π’
2453 5301 2632 5380 αὐτόν.
2668 5299 2864 5380 Pass”
2896 5296 2984 5354 ὑπ’
3018 5301 3214 5380 αεῦτεῦν,

2136 5375 2258 5461 (82)
2324 5382 2410 5461 Τῷ
2455 5379 2509 5437 δὲ
2576 5375 3024 5461 προσϐάλλοντες.
3109 5377 3238 5461 Duo
3289 5376 3501 5461 B933”
3560 5375 3714 5461 Jes.,

2053 5463 2212 5532 Par.,
2241 5457 2309 5519 ’τὸ
2361 5460 2415 5518 δὲ
2460 5457 2908 5538 προσϐάλλοντες,
2961 5457 3199 5537 Comb.,
3234 5462 3294 5516 τὸ
3340 5457 3395 5515 δὲ
3428 5457 3717 5538 προσλαμ-

2052 5540 2326 5606 ϐἀνοντες,

2136 5567 2399 5712 iisiis:
2464 5622 2668 5712 μὲι...
2701 5627 2800 5688 τῆς
2981 5619 3258 5712 βεεεκξ,
3292 5638 3347 5712 c,
3381 5618 3717 5712 d,.C.hrys.,

2049 5699 2153 5766 Or;
2185 5699 2248 5783 2,
2277 5711 2430 5784 etc.,
2459 5716 2578 5784 τοῖς
2610 5703 2790 5784 μὲν...
2827 5715 2944 5764 τοῖς
2976 5699 3054 5762 δέ.
3083 5699 3272 5767 ὶιΑΙίἰε
3297 5699 3411 5763 vim
3445 5699 3722 5766 interea?»

2048 5791 2199 5870 tem,
2227 5781 2366 5850 aliis
2396 5781 2589 5851 minas
2619 5783 3047 5852 intentantem.
3079 5802 3112 5845 ι
