4150 6388
292 256 402 321 541

1103 255 1383 322 ORATIO
1426 256 1641 320 XLIII.
1692 289 1759 302 -—
1813 260 1895 321 IN
1940 256 2253 320 LAUDEM
2300 255 2576 320 BASILII
2606 259 2878 321 MAGNI.

3572 252 3690 317 542

298 392 589 470 ὑπήκουεν,
681 393 961 475 ἕνουθέτει,
1023 392 1197 451 πάντα
1276 390 1342 461 ἧν
1422 395 1587 466 αὐτῷ,
1658 393 1937 471 σύμϐουλος

2035 398 2370 472 acceperat.
2408 393 2796 457 tentationem
2830 392 3152 471 quamdam
3185 400 3242 454 et
3272 392 3487 454 luctam
3526 390 3691 469 pravi

296 481 523 561 ἀγαθὸς,
557 486 902 563 παραστάτης
955 482 1144 564 δεξιὸς,
1203 481 1306 539 τῶν
1336 483 1488 540 θείων
1519 483 1809 566 ἐξηγητὴς,
1841 488 1947 542 τῶν

292 572 577 650 πρακτέων
608 576 923 651 καθηγητὴς
959 573 1108 655 (94),
1166 575 1347 654 γήρως
1400 575 1686 651 βακτηρία.
1720 576 1945 642 πίστεως

291 658 539 743 ἔρεισμα,
573 665 679 720 τῶν
741 662 885 721 ’ένδον
942 667 969 722 ὁ
1016 664 1359 736 πιστότατος,
1406 670 1513 721 τῶν
1544 664 1699 730 ἐκτὸς
1730 667 1757 721 ὅ
1801 688 1945 744 πρα-

288 753 627 814 κτικώτατος
662 769 676 784 ⁸
726 754 800 810 ἑνὶ
845 751 1017 833 λόγῳ,
1068 754 1316 814 τοσοῦτος
1355 754 1425 815 εἷς
1457 752 1682 827 εὔνοιαν,
1717 755 1837 818 ὃσος
1870 756 1942 816 εἷς

287 837 483 919 ἔχθραν
516 844 578 897 τὸ
610 844 730 919 πρὶν
776 842 1068 919 ἐνομίζετο,
1124 842 1391 901 Ἐντεῦθεν
1424 849 1565 918 α’)τῷ
1595 848 1785 922 περιῆν
1816 844 1939 923 (95)

285 927 375 981 καὶ
432 928 495 984 τὸ
541 931 732 1008 κράτος
776 932 873 1000 τῆς
932 930 1279 998 Ἐκκλησίας,
1334 932 1377 987 εἰ
1425 933 1514 988 καὶ
1560 933 1660 999 τῆς
1691 932 1942 1009 καθέδρας

284 1018 411 1095 εἶχε
444 1017 510 1072 τὰ
571 1016 809 1098 δεύτερα,
862 1022 972 1088 Τὴν
1026 1021 1126 1099 γὰρ
1179 1019 1381 1079 εὔνοιαν
1413 1021 1688 1100 εἰσφέρων,
1725 1024 1821 1091 τὴν
1854 1023 1941 1089 ἐξ-

279 1106 471 1162 ουσίαν
503 1109 867 1186 ἆντελάμϐανε
904 1131 921 1147 ⁸
955 1113 1040 1169 καὶ
1090 1110 1156 1179 ἧν
1199 1113 1475 1193 θαυμαστή
1524 1135 1603 1177 τις
1636 1115 1669 1179 ἡ
1716 1136 1942 1193 συμφω-
1973 1147 1978 1152 ·

275 1197 383 1277 νία,
429 1202 531 1256 καὶ
561 1203 595 1269 ἡ
628 1200 809 1270 πλοκὴ
853 1212 945 1263 τοῦ
975 1201 1246 1264 δύνασθαι.
1281 1192 1338 1260 Ὀ
1372 1203 1467 1278 μὲν
1511 1204 1602 1259 τὸν
1629 1202 1758 1259 λαὸν
1787 1192 1938 1282 ἦγεν,

277 1288 305 1342 ὃ
335 1285 389 1344 δὲ
434 1291 541 1346 τὸν
572 1290 771 1371 ἄγοντα
812 1312 828 1329 ⁸
862 1294 948 1351 καὶ
981 1293 1101 1351 οἷον
1145 1291 1495 1368 λεοντοκόμος
1538 1315 1617 1355 τις
1649 1294 1737 1368 ἦν,
1770 1294 1941 1375 τέχνῃ

272 1381 613 1437 τιθασσεύων
671 1384 765 1439 τὸν
819 1382 1221 1442 δυναστεύοντα.
1282 1385 1380 1442 Καὶ
1426 1384 1526 1461 γὰρ
1570 1381 1766 1463 ἐδεῖτο,
1802 1405 1942 1440 νεω-

277 1469 357 1524 στὶ
474 1470 493 1503 λ
558 1472 582 1529 ἐ
631 1474 645 1495 \
746 1474 758 1489 \
970 1474 981 1492 1
1288 1475 1302 1495 \
1397 1474 1418 1495 ιι
1510 1471 1553 1492 ἢκ
1629 1478 1652 1489 ν

346 1494 360 1526 ι
419 1494 527 1545 μιν
588 1496 649 1530 πι
706 1496 806 1540 την
856 1472 1110 1543 καθέδραν
1172 1479 1360 1551 τεθεις,
1395 1492 1560 1529 ετιοε
1592 1495 1687 1541 της
1746 1497 1943 1550 κοσμι-

276 1560 379 1625 ﬁt:
425 1559 564 1629 ὕλης
610 1587 659 1619 τι
704 1563 828 1645 (96)
863 1565 1060 1633 πνέων,
1110 1565 1258 1622 οῧπω
1314 1561 1368 1619 δὲ
1427 1563 1850 1642 κατηρτισμένος
1891 1564 1943 1621 ἐν

275 1663 396 1715 τοῖς
465 1654 554 1707 τοῦ
616 1655 921 1729 Πνεύματος
977 1654 1126 1736 (97),
1189 1653 1390 1711 πολλοῦ
1439 1652 1493 1709 δὲ
1542 1661 1635 1710 τοῦ
1677 1652 1941 1720 κλύδωνος

2030 482 2192 545 illius
2216 483 2425 557 fuisse,
2451 485 2719 546 honestae
2752 503 2819 544 ac
2851 483 3138 546 laudabili
3172 482 3509 544 concordia:
3533 480 3686 542 invi-

2030 571 2252 647 dentis;
2273 586 2554 635 caeterum
2578 594 2694 636 non
2719 573 2987 653 ignarum
3008 591 3072 634 se
3086 571 3385 652 esse.quid
3408 570 3691 632 obedien-

2032 661 2129 723 tize
2158 663 2507 743 ordinisque
2562 663 2889 745 spiritualis
2936 662 3100 743 leges
3156 661 3562 742 postularent:
3618 678 3688 719 ac

2030 754 2283 835 proinde
2302 756 2371 817 ad
2381 757 2780 826 esse,doccre.
2792 756 2948 817 dicto
2962 754 3302 817 audientem
3318 772 3382 813 se
3397 750 3685 833 praebere,

2031 862 2304 917 monere,
2330 847 2565 926 quidvis
2585 846 2844 927 denique
2865 845 2950 907 illi
2974 864 3129 924 esse,
3157 843 3416 905 monitor
3439 841 3685 922 probus,

2028 934 2351 1013 opitulator
2368 935 3086 1005 commodus,divinorum
3111 933 3484 995 oraculorum
3509 932 3688 992 inter-

2028 1042 2397 1104 pres,rerum
2429 1034 2798 1105 agendarum
2828 1033 3335 1106 praemonstrator,
3363 1020 3687 1085 senectutis

2029 1113 2386 1183 subsidium.
2412 1116 2548 1178 ﬁdei
2566 1115 3021 1194 adminiculum,
3040 1114 3502 1178 domesticorum
3528 1112 3679 1173 fide-

2029 1202 2315 1276 lissimus,
2344 1213 2726 1267 externorum
2750 1205 2822 1267 ad
2852 1224 2945 1265 res
2967 1204 3261 1284 gerendas
3283 1202 3628 1283 aptissimus
3656 1221 3672 1273 ;

2027 1293 2211 1354 verbo
2270 1294 2489 1366 dicam,
2521 1304 2718 1357 tantus
2771 1295 2843 1357 ad
2895 1294 3393 1355 benevolentiam.
3430 1298 3684 1371 quantus

2028 1384 2193 1462 prius
2208 1385 2280 1445 ad
2308 1384 2679 1447 inimicitiam
2705 1403 2843 1447 esse
2865 1383 3194 1464 putabatur.
3222 1381 3303 1443 Ex
3326 1401 3440 1461 quo
3462 1381 3680 1441 factum

2031 1480 2145 1549 est,
2179 1483 2261 1547 ut,
2301 1476 2534 1536 etiamsi
2585 1473 2868 1536 cathedra
2898 1473 3146 1535 inferior
3188 1480 3365 1540 esset,
3402 1470 3685 1532 Ecclesia;

2031 1570 2227 1624 tamen
2250 1563 2572 1640 imperium
2590 1564 2909 1626 obtineret.
2940 1561 3171 1624 Etenim
3192 1578 3297 1640 pro
3317 1560 3682 1621 benevolen-

2028 1652 2131 1727 tia,
2164 1672 2340 1734 quam
2392 1654 2698 1733 afferebat,
2733 1653 3147 1714 auctoritatem
3204 1649 3566 1730 recipiebat;
3614 1667 3683 1709 ac

276 1739 646 1819 περιζέοντος,
684 1745 771 1801 καὶ
800 1752 907 1801 τῶ)
938 1744 1287 1821 ἐπικειμένων
1318 1750 1418 1810 τῆς
1451 1743 1774 1810 Ἐκκλησίας
1806 1744 1937 1823 (98)

2035 1745 2485 1824 πιὶτιιδῖίιυὶίίθῐη
2521 1754 2645 1806 erat
2668 1752 2993 1806 concentus
3017 1759 3323 1821 nexusque
3351 1738 3679 1841 potestatis.

280 1828 530 1909 ἰχθρῶν,
581 1840 669 1889 τοῦ
727 1847 1190 1915 χειραγωγοῦντος
1254 1837 1340 1892 καὶ
1401 1833 1780 1914 ὑπερείδοντος,
1846 1837 1937 1892 Διᾶ

2035 1833 2131 1897 llle
2165 1834 2396 1913 plebem
2430 1835 2705 1907 ducebat,
2734 1833 2830 1895 hic
2859 1833 3170 1894 ductorem
3200 1850 3217 1904 ;
3251 1849 3321 1891 ac
3353 1829 3509 1891 velut
3540 1827 3678 1909 qui-

281 1927 441 1977 τοῦτο
491 1924 579 1980 καὶ
636 1927 734 1996 τήν
796 1930 1105 2008 συμμαχίαν
1181 1928 1389 2007 ἠγάπα,
1460 1927 1547 1984 καὶ
1625 1935 1937 2004 κρατοῦντος

2035 1923 2159 1985 dam
2193 1924 2433 1987 leonum
2466 1933 2710 1987 curator
2764 1932 2913 2005 erat,
2949 1930 3075 1984 arte
3126 1920 3477 1983 demulcens
3517 1936 3679 1997 eum,

286 2011 507 2084 ἐκείνου,
544 2030 762 2092 κρατεῖν
794 2020 949 2082 αὖτὸς
982 2017 1343 2092 ὑπελάμϐανε.

2035 2015 2128 2094 qui
2186 2014 2584 2095 principatum
2648 2013 2940 2084 tenebat;
2988 2013 3235 2094 quippe,
3268 2018 3331 2072 ut
3380 2026 3572 2089 nuper
3619 2008 3681 2070 iu

282 2099 567 2164 cathedra
599 2105 947 2182 collocatus,
984 2127 1053 2170 ac
1086 2106 1404 2169 mundanae
1436 2106 1709 2168 materiae
1749 2104 1975 2187 aliquid
2022 2104 2217 2166 adhuc
2275 2106 2528 2184 spirans,
2583 2104 2977 2180 nondumque
3019 2103 3077 2163 in
3113 2102 3225 2175 his,
3260 2118 3392 2179 quae
3420 2097 3682 2172 Spiritus

282 2199 478 2259 erant.
514 2193 836 2259 instructus
877 2217 945 2260 ac
999 2207 1288 2278 praeterea
1314 2198 1540 2276 ingenti
1570 2205 1923 2278 tempestate
1950 2194 2213 2275 undique
2242 2204 2554 2267 aestuante,
2590 2196 2725 2256 797
2758 2201 2936 2275 atque
2968 2189 3424 2253 imminentibus
3464 2187 3680 2251 Eccle-

280 2278 389 2369 sia;
417 2281 713 2357 hostibus,
751 2308 903 2369 opus
932 2288 1189 2351 habebat
1220 2287 1487 2360 homine,
1521 2307 1554 2349 a
1585 2307 1703 2368 quo
1734 2286 1895 2348 velut
1937 2294 2208 2365 porrecta
2238 2304 2418 2347 manu
2448 2284 2775 2347 duceretur
2803 2291 2862 2346 et
2888 2282 3222 2346 fulciretur.
3280 2278 3684 2353 Quamobrem

280 2366 469 2448 ipsius
498 2366 1315 2459 auxilium—amplectebatur,
1353 2396 1543 2459 eoque
1572 2366 1825 2450 victore,
1862 2394 1927 2437 se
1958 2374 2087 2455 ipse
2120 2374 2405 2435 victorem
2440 2374 2705 2455 putabat.

370 2461 498 2520 ΛΔ’.
533 2464 639 2533 Τἧς
698 2466 752 2522 δὲ
810 2470 929 2547 περὶ
987 2470 1087 2535 τὴν
1117 2468 1444 2534 Ἐκκλησίαν
1477 2478 1568 2528 τοῦ
1618 2465 1801 2545 ἀνδρὸς
1834 2489 1937 2532 κη-

2105 2462 2367 2526 XXXIV.
2402 2467 2528 2526 Jam
2563 2482 2703 2525 vero
2734 2464 2920 2545 ipsius
2951 2482 3092 2542 erga
3134 2461 3469 2526 Ecclesiam
3527 2478 3687 2521 curae

285 2546 532 2623 δεμονίας
562 2556 650 2612 καὶ
711 2546 1056 2636 προστασίας,
1107 2557 1283 2615 πολλὰ
1332 2559 1427 2633 μὲν
1472 2560 1563 2615 καὶ
1614 2558 1747 2614 ἄλλα
1798 2579 1937 2634 γνω-

2035 2571 2091 2614 ac
2120 2553 2595 2630 prmsidii,multa
2618 2554 2733 2616 alia
2763 2553 3006 2635 quidem
3039 2552 3263 2614 indicia
3292 2559 3468 2613 sunt:
3497 2549 3681 2611 nimi-

288 2638 519 2717 ρίσματα
547 2658 562 2672 ⁸
612 2644 877 2723 παῤῥησία
926 2650 1057 2726 πρὸς
1096 2648 1389 2729 ἄρχοντας,
1434 2649 1555 2711 τοῦς
1608 2670 1665 2705 τε
1725 2646 1937 2718 ἄλλους,

2035 2643 2432 2722 rum,dicendi
2456 2643 2700 2706 libertas
2721 2644 2875 2726 apud
2904 2643 3351 2724 praesides,cum
3378 2640 3683 2714 alios,tum

285 2730 374 2785 καὶ
430 2732 550 2797 τοὺς
627 2732 1022 2802 δυνατωτάτους
1079 2740 1179 2805 τῆς
1236 2737 1445 2803 πόλεως
1474 2757 1488 2772 ·
1531 2737 1795 2817 διαφορῶν
1844 2734 1937 2791 lu»

2035 2733 2469 2812 potentissimos
2502 2753 2774 2817 quosque
2815 2734 3110 2806 civitatis;
3144 2728 3682 2794 controversiarum

284 2841 396 2883 σεις
459 2820 584 2902 (99)
639 2825 734 2882 οὒκ
794 2828 1203 2909 ἀπιστούμεναι,
1270 2825 1391 2885 ἀλλ’
1444 2830 1547 2885 ὑπὸ
1600 2833 1698 2895 τῆς
1745 2827 1937 2884 ἐκείνου

2035 2822 2459 2904 diremptiones
2480 2844 2850 2907 nequaquam
2868 2822 3295 2905 suspectze,sed
3312 2819 3383 2883 ab
3400 2818 3684 2909 ejusvoce

283 2914 468 2987 φωνῆς
536 2916 887 2998 τυπούμεναι,
934 2918 1086 2994 νόμῳ
1141 2906 1218 2995 τῷ
1272 2919 1455 2998 τρόπῳ
1490 2918 1577 2999 (Ῑ)
1608 2918 1887 2998 χρώμεναι
1923 2932 1936 2946 ’

2035 2912 2317 2996 formata,
2344 2923 2401 2977 et
2431 2916 2667 2978 ratione
2700 2906 2891 2987 modi,
2921 2916 3121 2993 legum
3156 2913 3342 2974 instar
3373 2906 3677 2999 adhibitae;

281 3004 596 3076 προστασίαι
656 3005 764 3061 τῶν
821 3006 1114 3083 δεομένων,
1177 3010 1228 3066 αἱ
1286 3008 1385 3085 μὲν
1428 3008 1643 3074 πλείους
1700 3029 1937 3083 πνευμαο

2035 3003 2326 3081 egentium
2385 3006 2735 3086 patrocinia.
2793 3006 2960 3084 plura
3019 3005 3260 3087 quidem
3326 2998 3679 3083 spiritualia,

282 3091 446 3169 τικαὶ,
496 3094 591 3148 οὒκ
647 3094 823 3175 ὀλίγαι
879 3097 935 3155 δὲ
992 3100 1084 3156 καὶ
1144 3100 1444 3173 σωματικαὶ
1528 3099 1635 3178 (καὶ
1695 3100 1795 3177 γὰρ
1855 3098 1937 3153 καὶ

2035 3093 2130 3155 sed
2168 3103 2368 3155 tamen
2401 3114 2689 3175 corporea
2730 3116 2847 3158 non
2902 3114 3087 3175 pauca
3120 3111 3283 3165 (nam
3333 3091 3393 3153 id
3439 3105 3682 3190 quoque

283 3185 440 3235 τοῦτο
504 3180 767 3248 πολλάκις
802 3189 875 3250 εἷς
934 3189 1122 3269 ψυχὴν
1164 3189 1307 3269 φέρει
1369 3188 1444 3244 δι’
1475 3189 1676 3253 εὔνοίας
1721 3187 1937 3244 δουλού-

2035 3202 2437 3264 szepenumero
2461 3186 2533 3246 ad
2557 3186 2816 3247 animam
2844 3185 3055 3259 tendit,
3086 3204 3193 3265 per
3211 3179 3681 3245 benevolentiam

283 3288 442 3343 μενον
475 3268 597 3351 [2])
636 3292 649 3306 ’
688 3268 1116 3356 πτωχοτροφίαι,
1151 3268 1469 3359 ξενοδοχίαι,
1506 3279 1937 3359 παρθενοκομίαι·

2035 3272 2333 3353 subigens,
2366 3292 2437 3337 ac
2491 3276 2647 3337 velut
2696 3276 2756 3337 in
2808 3276 3155 3338 servitutem
3202 3274 3507 3345 trahens);
3541 3286 3685 3346 erga

282 3361 583 3430 νυμοθεσίαι
643 3367 926 3436 μοναστῶβ
986 3367 1092 3443 (3),
1148 3367 1407 3447 ἔγγραφοί
1466 3391 1521 3424 τε
1554 3370 1641 3425 καὶ
1672 3368 1937 3447 ἄγραφον

283 3449 460 3529 εὐχῶν
504 3448 765 3518 διατάξεις
799 3455 907 3536 (4),
938 3458 1211 3533 εὖκοσμίαι
1256 3466 1349 3516 τοῦ
1384 3460 1653 3537 βήματος,
1684 3459 1750 3514 τὰ
1807 3456 1943 3514 ἄλλα

283 3538 371 3602 οἷς
398 3537 459 3596 ἂν
490 3544 517 3597 ὁ
549 3541 765 3611 άληθῶς

280 3630 637 3709 τεταγμένος,
684 3633 814 3692 λαὸν
857 3637 1185 3718 ὠφελήσειεν
1221 3656 1235 3670 ⁶

279 3720 368 3774 καὶ
427 3724 870 3801 γνωριμώτατον.
923 3731 1093 3805 Διμὸς
1124 3730 1211 3799 ἧν,
1248 3720 1467 3787 καὶτῶν
1521 3729 1737 3785 πώποτε
1796 3750 1940 3803 μνη-

279 3811 654 3885 μονευομένων
686 3818 714 3872 ὁ
746 3816 1135 3896 χαλεπώτατος
1167 3837 1181 3851 ⁸
1216 3818 1415 3895 ἔκαμνε
1445 3816 1499 3873 δὲ
1532 3819 1566 3885 ἡ
1602 3818 1785 3890 πόλις,
1816 3817 1940 3873 ἔπι-

280 3900 462 3989 κΨΡία
519 3898 567 3957 δ’
623 3903 688 3971 ἧν
732 3905 1046 3982 οὖδαμόθεν,
1093 3906 1209 3965 οῦδὲ
1250 3932 1299 3966 τι
1358 3907 1639 3989 φάρμακον
1677 3913 1776 3973 τῆς
1836 3929 1939 3963 κα-

279 3987 520 4077 κώσεως,
572 3996 633 4049 Al
690 3996 787 4070 μὲν
845 3998 945 4074 γὰρ
1002 3997 1261 4076 παραλίαι
1440 3998 1535 4060 τὰς
1566 3998 1813 4059 τοιαύτας
1847 3996 1938 4053 ἒν-

279 4075 423 4167 δεεας
481 4081 542 4136 οὗ
598 4092 862 4163 χαλεπῶς
906 4075 1222 4167 ἀναφέρουσι
1273 4075 1392 4166 (6),
1449 4085 1683 4143 διδοῦσαι
1715 4087 1782 4141 τὰ
1811 4085 1936 4164 παρ’

279 4166 506 4243 ἑαυτῶν,
567 4175 655 4229 καὶ
712 4175 778 4231 τὰ
839 4177 977 4255 παρὰ
1026 4166 1114 4254 (7)
1171 4180 1269 4244 τῆς
1318 4174 1589 4241 Θαλάσσης
1620 4173 1931 4254 δεχόμεναι⁶

276 4270 396 4322 τοῖς
428 4255 473 4314 δ’
503 4260 831 4341 ἠπειρώταις
862 4265 1021 4345 ἡμῖν,
1057 4268 1145 4322 καὶ
1188 4270 1250 4322 τὸ
1300 4271 1602 4344 περιττεῦον
1646 4264 1929 4331 ἀνόνητον,

1294 3639 1350 3694 ἓν
1381 3637 1459 3721 δὲ,
1506 3640 1534 3694 ὃ
1578 3637 1831 3716 μέγιστόν
1886 3659 1943 3693 τε

361 4376 491 4466 (99)
527 4383 875 4466 Numa:-
911 4383 1056 4466 Βθε-
1079 4385 1154 4466 κάν
1185 4386 1497 4466 ὑ‹ῖ>τιγτιτ)ᾶς-

360 4457 485 4547 (953)
518 4457 737 4547 Περιῇν.
774 4465 963 4547 Deest
983 4457 1043 4528 in
1074 4457 1261 4547 Regg.
1299 4457 1362 4547 d,
1398 4464 1521 4528 bm.
1558 4463 1637 4545 ph
1669 4472 1727 4527 et
1770 4463 1928 4529 Pass.

357 4540 486 4612 (96)
521 4540 602 4602 Tt.
636 4541 818 4607 Deest
843 4546 903 4607 in
936 4546 1104 4611 Pass.

273 4705 319 4757 Π
357 4620 484 4724 (97)
519 4622 607 4681 Ἐν
637 4640 755 4692 τοῖς
787 4636 878 4685 τοῦ
905 4630 1235 4707 Πνεύματος.
1266 4624 1332 4689 In
1368 4625 1752 4711 quibusdam,
1787 4626 1840 4684 ἐν
1858 4634 1935 4702 τῷ

324 4723 565 4757 νευιιατι-

324 4723 565 4779 νευματι.

351 4782 479 4862 (98)
515 4793 619 4857 Τῆς
674 4787 1018 4871 ᾜκκλησίας.
1082 4793 1233 4871 Reg.
1296 4791 1562 4871 διημτῇ
1621 4788 1937 4871 Ἐκκλησία,

272 4858 507 4950 (Ἇιὶζῐεζ,
541 4871 639 4950 τ-ἧς
668 4867 950 4950 ᾀλῃθείας,
990 4858 1311 4934 «veritatis.
1343 4896 1370 4927 ι
1408 4858 1508 4933 Sic
1536 4858 1712 4931 etiam
1748 4858 1933 4950 Regg.

273 4960 328 5017 c,
362 4943 582 5032 i‘sed
612 4946 686 5007 ad
714 4967 933 5032 marg.,
964 4959 1063 5021 τῆς
1095 4953 1447 5019 Ἐκκλησίας.

359 5022 485 5103 (99)
517 5035 795 5114 Διαφορῶν
824 5022 1024 5114 ξέσεις,
1062 5042 1178 5096 etc.
1236 5029 1805 5114 Nicetas_sic__h_unc
1838 5032 1932 5114 l9-

275 5119 411 5197 cum
454 5106 696 5197 exponit
729 5106 1037 5197 :A«_Ratio',
1071 5134 1186 5193 qua
1203 5113 1461 5197 Basilius
1481 5109 1541 5197 i_n
1574 5110 1935 5197 dirimendis

272 5189 699 5276 controversiis
715 5189 1407 5276 u_tebatur,nequaquam
1426 5191 1541 5253 ﬁde
1558 5192 1934 5276 carebat,aut

271 5264 332 5323 in
360 5264 607 5357 dubium
635 5264 1086 5357 veniebat,quin
1121 5264 1283 5338 recta
1314 5272 1608 5357 esset,sed
1642 5272 1719 5333 ab
1744 5264 1933 5353 ipsius

270 5350 565 5407 sententia
597 5350 1069 5418 constituebatur
1098 5366 1155 5417 et
1185 5352 1673 5420 conﬁrmabatur;
1705 5350 1781 5413 ac
1809 5373 1931 5415 mo-

268 5424 526 5517 dusille,
556 5446 676 5509 quo
707 5431 955 5517 dissidia
985 5436 1418 5517 exstinguebat,
1446 5433 1595 5512 legis
1618 5433 1745 5517 vim
1768 5433 1931 5496 obti-

264 5509 416 5599 nuit;
440 5509 591 5599 adeo
617 5519 679 5599 u_t_
702 5511 990 5599 deinceps
1013 5509 1357 5599 hujus'modi
1380 5509 1801 5599 controversiae
1814 5534 1920 5599 eo-

2027 3382 2321 3445 pauperes
2353 3364 2621 3441 alendos,
2653 3366 2923 3447 hospites
2953 3364 3367 3446 excipiendos,
3389 3360 3683 3423 curandas

2025 3454 2283 3533 virgines
2312 3455 2621 3531 studium;
2674 3456 3137 3518 monasticarum
3195 3456 3390 3533 legum
3439 3450 3680 3513 institu-

824 3546 1098 3627 ἅνθρωπος
1147 3555 1239 3605 τοῦ
1288 3552 1442 3629 Θεοῦ,
1489 3551 1578 3605 καὶ
1632 3550 1765 3624 μετὰ
1813 3555 1937 3605 Θεοῦ

2035 3545 2238 3625 tiones,
2278 3554 2397 3606 tum
2455 3548 2696 3625 scripto,
2750 3556 2870 3607 tum
2930 3564 3077 3608 voce
3118 3545 3391 3618 traditae;
3437 3559 3677 3620 precum

2028 3635 2486 3716 descriptiones,
2521 3637 2666 3697 cleri
2701 3636 2945 3698 ordines
2978 3648 3037 3697 et
3062 3634 3281 3716 ofﬁcia,
3320 3652 3390 3695 ea
3416 3632 3680 3711 denique

2027 3725 2247 3796 omnia,
2283 3724 2499 3805 quibus
2530 3725 2823 3806 quispia'n
2872 3743 3008 3785 vere
3039 3726 3145 3788 Dei
3200 3726 3400 3796 homo,
3437 3742 3504 3784 ac
3554 3724 3679 3785 Deo

2025 3814 2359 3894 adjunctus,
2380 3813 2541 3895 plebi
2570 3814 2851 3891 prodesse
2874 3815 3243 3894 queat.lstud
3272 3822 3469 3876 autem
3495 3831 3676 3872 unum

2025 3904 2347 3965 maximum
2401 3914 2489 3963 est
2541 3912 2599 3964 et
2648 3902 3141 3966 celeberrimum.
3176 3903 3388 3964 Fames
3439 3908 3588 3981 erat,
3625 3909 3683 3962 et

2023 3993 2265 4074 quidem
2288 3994 2740 4074 posthominum
2757 3993 3107 4054 memoriam
3126 3992 3681 4055 atrocissima.Lan-

2020 4082 2244 4163 guebat
2264 4082 2613 4149 civitas,nec
2647 4082 2763 4144 ulla
2788 4101 2857 4144 ex
2885 4092 3049 4163 parte
3071 4082 3355 4144 auxilium
3382 4080 3679 4143 affereba-

2024 4182 2261 4253 tur,nec
2288 4172 2408 4233 ulla
2441 4182 2564 4233 erat
2590 4171 2941 4233 calamitatis
2976 4171 3293 4235 medicina.
3322 4170 3467 4234 Nam
3495 4172 3679 4234 mari-

2020 4264 2179 4325 timaa
2190 4262 2430 4345 quidem
2448 4262 2635 4324 urbes
2648 4262 2939 4341 ejusmodi
2959 4280 3156 4325 rerum
3179 4262 3490 4344 penuriam
3507 4260 3681 4324 facile

1955 4392 1998 4444 ι)
2010 4385 2241 4466 judicia
2273 4402 2382 4468 pro
2417 4384 2549 4464 lege
2572 4382 3034 4461 baberentur,ac
3057 4384 3381 4445 etiamnum
3408 4382 3677 4446 habean-

2022 4477 2141 4527 tur.

2105 4547 2189 4627 (l)
2225 4547 2388 4627 Νόμῳ
2417 4552 2495 4619 τῷ
2525 4546 2726 4627 τρόπῳ,
2764 4553 2880 4627 etc.
2918 4568 2941 4601 ιι
2978 4543 3206 4627 Quibus
3236 4565 3343 4626 pro
3370 4546 3503 4623 lege
3524 4555 3682 4627 esset

2021 4625 2178 4690 tanti
2194 4626 2304 4688 viri
2337 4626 2665 4688 auctoritas
2696 4634 2754 4686 et
2788 4626 2991 4687 virtus.
3012 4652 3030 4682 ι
3070 4625 3273 4689 Schol.
3316 4648 3329 4689 :
3358 4630 3526 4686 Πιστὰ
3556 4626 3678 4685 ἐδό-

2018 4731 2099 4766 κει
2131 4709 2216 4765 διὰ
2246 4710 2338 4765 τὸν
2361 4709 2559 4781 τρόπον
2587 4707 2680 4764 τοῦ
2710 4706 2984 4786 λέγοντος·
3028 4727 3057 4766 (
3090 4710 3247 4770 Vera
3296 4707 3678 4773 Videbantur.

2024 4788 2099 4851 ob
2127 4788 2427 4865 loquentis
2451 4786 2890 4849 auctoritatem.
2930 4813 2957 4843 n

2105 4871 2191 4950 (ἓ)
2233 4868 2617 4950 Δουλούμενον.
2653 4868 2810 4950 Reg.
2842 4868 3049 4949 Cypr.,
3087 4870 3438 4948 δηλούμενον,
3483 4893 3505 4927 α
3544 4888 3679 4932 cum

2023 4947 2632 5032 peribenevolentiam
2667 4947 2725 5008 id
2759 4947 3033 5031 obsequii
3066 4947 3402 5014 exhibetur.
3446 4976 3469 5007 ι)

2106 5031 2186 5111 i3)
2208 5038 2538 5113 alogum-div.
2571 5031 2762 5113 Pass,
2796 5040 3077 5113 μοναχῶν.
3110 5036 3195 5097 De
3226 5032 3502 5096 asceticis
3534 5049 3676 5113 pro-

2019 5107 2302 5175 culdubio
2337 5110 2598 5191 loquitur
2627 5107 2970 5189 Gregorius.

2105 5194 2191 5271 (4)
2226 5189 2429 5272 E615»;
2470 5189 2754 5272 διατάξεις.
2825 5215 2848 5246 α
2903 5193 3199 5256 Ordinatze
3258 5212 3490 5272 preces,
3554 5200 3675 5254 tum

2018 5270 2171 5353 alige,
2210 5298 2236 5327 κ
2275 5270 2467 5353 inquit
2500 5270 2756 5352 Nicetes,
2802 5295 2824 5327 ι
2863 5279 2982 5333 tum
3013 5275 3227 5336 divinae
3258 5270 3679 5352 liturgiae,qua3

2022 5364 2080 5417 et
2112 5361 2437 5438 exstant,u_t
2460 5369 2558 5413 res
2594 5370 2777 5414 sacrae
2798 5370 3061 5434 congrua
3081 5355 3331 5438 quadam
3366 5354 3680 5434 majestate

2023 5435 2223 5518 peragi
2257 5433 2511 5518 possint.
2543 5458 2577 5518 ξ

2101 5514 2493 5596 (5)Παραλίαι.
2542 5515 2692 5593 Reg.
2750 5530 2808 5590 a,
2859 5533 2913 5596 c,
2971 5515 3034 5598 d,
3080 5516 3159 5600 ph
3191 5524 3248 5581 et
3275 5514 3382 5581 Or.
3417 5516 3481 5601 ‘2,
3534 5541 3679 5601 παρ-

263 5584 402 5678 dem
426 5584 1113 5678 mododirimerentur.i
1141 5598 1335 5662 Tanta
1349 5595 1644 5678 siquidem
1670 5603 1797 5657 erat
1813 5597 1921 5661 Ba—
2004 5584 2177 5661 άλιὸιζ

261 5665 383 5771 fl!“
398 5672 800 5771 itumitum
820 5676 1104 5771 solita-Ida
1127 5665 1918 5771 ἀυέιίξνίιιιέθειὲοηθενξιθεοο

259 5753 362 5826 tia,
390 5768 522 5834 qua
572 5753 649 5817 ad
680 5757 810 5837 ejus
856 5759 1172 5828 arbitrium
1204 5753 1653 5834 deferebantur,
1695 5753 1761 5821 ut
1789 5753 1923 5839 eius

2086 5679 2172 5759 (6)
2200 5676 2575 5761 Ἀναφέρουσι.
2613 5672 2814 5761 0r.__2,
2840 5679 3170 5761 ἒπιφὲρουσι,

2092 5754 2181 5843 (7)
2209 5754 2381 5839 Παρά.
2405 5754 2481 5821 In
2506 5754 2845 5834 nonnullis,
2883 5754 3025 5842 περί,
