4150 6386
179 309 299 374 545
997 302 1283 373 ORATIO
1326 304 1539 372 XLIII.
1582 344 1644 354 -
1683 301 1765 372 IN
1808 304 2124 376 LAUDEM
2175 308 2450 377 BASILII
2494 310 2770 377 MAGNI.
3465 309 3584 377 546

177 444 489 526 χρώμενος,
563 443 847 523 ἐθεράπευε
903 442 1001 519 μὲν
1032 443 1101 501 τὰ
1142 442 1367 519 σώματα
1395 449 1501 501 τῶν
1549 441 1838 520 δεομένων,

1933 444 2108 508 linteo
2143 447 2520 527 praecinctus,
2550 447 2939 529 discipulorm
2974 448 3160 529 pedes
3191 447 3437 511 abluere
3462 448 3581 508 mi-

181 536 464 610 ἐθεράπευε
537 532 592 591 δὲ
650 534 745 600 τὰς
770 536 980 616 ψυχὰς,
1014 533 1336 609 ωμπλέκῶν
1366 541 1438 612 τῇ
1480 534 1637 615 χρείᾳ
1659 537 1722 592 τὸ
1749 535 1843 603 τῆς

1936 535 2097 597 nime
2118 555 2293 615 grave
2316 536 2996 616 duxerat,ininisterium
3016 537 3583 616 imitans,simulque

182 628 372 704 τιμῆς,
411 626 500 682 καὶ
541 625 698 703 ῥᾴους
731 630 898 682 ποιῶν
942 623 1336 706 ἀμφοτέρωθεν.

1936 643 2283 703 puerorum,
2309 628 2429 688 sive
2459 646 2882 690 conservorum
2916 627 3268 700 suornm,ad
3300 644 3429 688 eam
3455 645 3583 687 rem

189 732 376 795 opera
405 726 603 795 utens,
636 732 966 795 pauperum
998 731 1249 795 corpora
1269 722 1330 776 et
1356 713 1586 776 animas
1615 712 1877 782 curabat,
1924 714 2212 776 honorem
2248 736 2462 798 nempe
2493 736 2629 779 cum
2667 718 3004 779 necessario
3037 717 3318 778 alimento
3351 734 3581 778 conne-

183 811 373 883 ctens,
417 811 599 882 atque
623 803 892 884 ipsorum
924 802 1318 866 calamitatem
1349 803 1630 884 utrinque
1662 802 1915 865 leniens.

273 894 430 968 Αςν.
466 896 715 958 Τοιοῦτος
743 896 811 960 ἦν
843 896 871 951 ὁ
902 893 1020 958 νέος
1043 892 1321 960 σιτοδότιις
1352 896 1511 969 ἡμῖν,
1545 895 1633 951 καὶ
1665 893 1836 952 δεύτε-

2015 893 2283 958 XXXVI.
2309 894 2469 957 Talis
2500 905 2625 957 erat
2657 916 2841 957 novus
2892 905 3094 959 noster
3125 903 3493 976 procurator,
3524 902 3585 956 et

183 1007 274 1065 ρος
338 983 541 1062 Ἰωσήφ
600 982 742 1051 πλὴν
774 982 854 1040 ὅτι
885 986 972 1040 καὶ
1024 981 1187 1040 πλέον
1227 1006 1273 1039 τι
1304 982 1478 1062 λέγειν
1537 984 1761 1064 ἔχομεν,
1789 981 1843 1040 Ὀ

1935 986 2237 1046 secundus
2264 987 2488 1066 Joseph
2528 1004 2541 1047 :
2576 986 2695 1046 imo
2729 987 2907 1047 etiam
2940 988 3077 1047 799
3111 986 3300 1063 majus
3348 984 3574 1062 aliquid

185 1076 287 1151 μὲν
316 1075 420 1154 γὰρ
449 1076 1026 1153 καταπραγματεὸεται
1091 1082 1184 1133 τοῦ
1238 1072 1419 1153 λιμοῦ,
1492 1075 1581 1131 καὶ
1609 1074 1709 1141 τὴν
1742 1072 1843 1130 Αἴ-

1934 1074 2132 1134 dicere
2166 1094 2502 1152 possumus.
2541 1074 2644 1135 llle
2677 1076 2835 1135 enim
2870 1094 2939 1137 ex
2973 1076 3129 1137 fame
3159 1082 3447 1152 quaestum
3477 1092 3579 1134 ca-

181 1186 385 1243 γυπτον
409 1163 685 1230 ξξωνεϊται
742 1170 821 1238 τῷ
891 1162 1274 1244 φιλανθρώπῳ,
1305 1166 1397 1220 τὸν
1458 1168 1559 1231 τῆς
1599 1163 1843 1244 ἀφθονίας

1936 1174 2081 1244 ptat,
2114 1184 2185 1226 ac
2227 1165 2591 1244 benignitate
2646 1165 2956 1245 Egyptum
3002 1166 3146 1227 emit
3184 1163 3258 1238 η,
3294 1163 3583 1225 ubertatis

184 1255 372 1333 καιρὸν
422 1255 496 1316 εἷς
555 1254 648 1309 τὸν
716 1261 810 1311 τοῦ
839 1252 997 1327 λιμοῦ
1023 1250 1355 1333 διαθέμενος,
1395 1255 1624 1316 καὶτοῖς
1656 1253 1843 1333 Ιετέρωη

1940 1263 2173 1333 tempus
2211 1256 2283 1316 ad
2333 1255 2503 1316 famis
2542 1266 2775 1335 tempus
2806 1256 3135 1336 disponens
3186 1264 3242 1315 et
3292 1252 3585 1315 adminis-

180 1346 405 1423 ὀνείροις
479 1344 552 1408 εἰς
610 1349 765 1400 τοῦτο
821 1343 951 1423 (15)
1007 1341 1451 1418 διαταττόμε-ιοςσ
1488 1346 1516 1400 ὁ
1560 1341 1615 1399 δὲ
1643 1356 1846 1412 προῖκα

182 1435 429 1514 χρηστὸς
497 1432 590 1510 ἦν,
625 1436 712 1490 καὶ
754 1437 854 1501 τῆς
886 1431 1144 1497 σιτοδείας
1197 1431 1317 1513 (16)
1361 1434 1634 1512 ἐπίκουρος
1667 1434 1847 1512 ἀπρα-

182 1524 506 1603 γμάτευτος,
548 1582 549 1585 η
592 1526 724 1596 πρὸς
779 1522 834 1581 ἓν
868 1525 1023 1602 ἱρῶν,
1055 1523 1132 1598 τῷ
1161 1522 1516 1602 φιλανθρώπῳ
1546 1524 1608 1580 τὸ
1651 1523 1847 1603 φιλάν-

176 1617 393 1694 θρωπον
445 1615 766 1687 κτήσασθαι,
843 1614 932 1670 καὶ
985 1619 1092 1669 τῶν
1143 1613 1347 1671 ἐκεῖθεν
1392 1628 1583 1693 τυχεῖν
1632 1614 1844 1691 ἀγαθῶν
1870 1654 1904 1702 ἵ,

177 1702 267 1760 διὰ
324 1709 424 1771 τῆς
488 1704 709 1762 ἐνταῦθα
762 1703 1137 1783 σιτομετρίπς.
1201 1709 1375 1761 Ταῦτα
1434 1704 1570 1778 μετὰ
1609 1704 1701 1772 τῆς
1750 1710 1843 1760 τοῦ

184 1792 351 1872 λόγου
409 1798 634 1873 τροτρῆς,
696 1794 784 1850 καὶ
869 1793 967 1861 τῆς
1023 1792 1345 1871 τελεωτέρας
1403 1793 1700 1871 εὐεργεσίας
1756 1793 1842 1849 καὶ

1935 1354 2304 1424 trans,atque
2337 1346 2591 1406 aliorum
2626 1345 2879 1406 somniis
2909 1345 2979 1405 ad
3014 1362 3142 1406 eam
3175 1362 3300 1405 rem
3334 1341 3583 1405 ordina-

1934 1434 2165 1498 tus.Ilic
2188 1447 2389 1496 autem
2409 1435 2664 1515 gratuito
2690 1433 2984 1513 benignus
3012 1443 3363 1515 erat,neque
3386 1432 3447 1493 in
3470 1433 3584 1493 hoc

1935 1524 2239 1586 tribuendi
2273 1525 2552 1586 frumenti
2576 1525 2795 1586 auxilio
2819 1525 3047 1587 lucrum
3071 1524 3256 1585 ullum
3280 1521 3577 1602 captabat,

1935 1617 1990 1677 in
2027 1635 2206 1676 unum
2242 1624 2538 1695 Spectans,
2574 1622 2636 1675 ut
2660 1614 3071 1675 misericordia
3104 1611 3580 1675 misericordiam

1928 1705 2039 1767 sibi
2063 1715 2534 1785 compararet,ac
2567 1704 2839 1785 praesenti
2875 1721 3126 1764 annonae
3156 1702 3470 1781 largitione
3492 1699 3576 1759 fu-

1930 1805 2062 1856 tura
2094 1795 2248 1856 bona
2276 1802 2771 1875 consequeretur.
2805 1790 3144 1854 Accedebat
3175 1791 3427 1868 insuper
3450 1806 3581 1849 ser-

186 1880 498 1955 διαδόσεως,
560 1888 657 1949 τῆς
716 1881 884 1947 ὅντως
942 1884 1183 1961 οὐρανίου
1238 1884 1327 1939 καὶ
1383 1882 1624 1959 ὑψηλῆς·
1686 1883 1841 1962 εἴπερ

1933 1888 2124 1946 monis
2149 1885 2518 1957 alimonia,et
2552 1902 2641 1964 ρο·
2665 1881 2879 1943 fectius
2911 1880 3371 1953 beneficium,ac
3400 1877 3583 1955 largi--

187 1973 343 2051 ἄρτος
415 1971 659 2051 ἀγγέλων
714 1972 899 2051 λόγος,
963 1978 1010 2046 ᾦ
1060 1975 1231 2053 ψυχαὶ
1260 1973 1539 2054 τρέφονται
1569 1975 1658 2029 καὶ
1687 1973 1843 2030 ποτί-

1933 1975 2007 2036 tio
2037 1993 2176 2036 vere
2203 1975 2458 2037 caelestis
2481 1983 2538 2034 et
2566 1971 2864 2051 sublimis;
2899 1970 3196 2051 siquidem
3228 1968 3577 2048 angelorum

182 2071 365 2134 ζονται
398 2064 529 2144 Θεον
579 2067 861 2136 πεινῶσαι,
922 2063 1009 2120 καὶ
1080 2069 1329 2134 ζητοῦσαι
1384 2063 1582 2143 τροφὴν
1612 2065 1674 2120 οὐ
1690 2062 1843 2140 ῥέου-

1934 2064 2105 2144 panis
2141 2083 2336 2125 sermo
2370 2074 2481 2137 est,
2520 2081 2633 2142 quo
2659 2062 2900 2122 aluntur
2920 2070 3095 2141 atque
3117 2059 3438 2137 irrigantur
3459 2054 3584 2118 ani-

184 2175 309 2227 σαν,
384 2140 497 2212 οὐδ⁹
550 2152 831 2229 ἀπιοῦσαν,
866 2152 987 2210 ἀλλ’
1018 2152 1099 2210 ἀεὶ
1147 2151 1273 2233 (17)
1316 2140 1597 2228 μένουσαν
1645 2154 1710 2221 ἧς
1756 2175 1843 2209 σι-

1934 2140 2045 2215 mea
2074 2153 2181 2215 Dt‘i
2213 2154 2367 2214 fame
2395 2140 2749 2222 laborantes,
2788 2170 2854 2212 ac
2886 2140 3110 2222 cibum,
3143 2167 3262 2210 non
3296 2148 3581 2209 fluentem

108 2278 109 2281 η
182 2240 405 2310 τοδότης
456 2242 527 2310 ἦν
557 2244 791 2318 ἱκετνος,
848 2244 936 2299 καὶ
994 2243 1139 2319 μάλα
1195 2242 1471 2313 πλούσιος,
1521 2245 1549 2299 ὁ
1584 2244 1843 2300 πενέστα-

1933 2252 1989 2304 et
2019 2243 2366 2316 abeuntem,
2397 2242 2495 2303 sed
2525 2248 2812 2321 perpetuo
2846 2248 3182 2300 manentem
3207 2243 3582 2320 expetentes;

184 2355 276 2397 τος
320 2336 395 2389 ὧν
438 2333 603 2408 ἴσμεν
660 2335 746 2390 καὶ
775 2332 1146 2411 ἀπορώτατος,
1196 2336 1257 2393 οὐ
1284 2331 1444 2409 λιμὸν
1493 2331 1690 2411 ἄρτων,
1725 2331 1842 2392 οὐδὶ

1933 2332 2099 2411 cujus
2131 2334 2259 2412 ipse
2281 2331 2657 2408 dispensator
2677 2329 3144 2408 erat,etquitlem
3179 2344 3463 2409 perquam
3486 2324 3579 2385 lo-

185 2420 343 2497 ὃίψαν
373 2422 558 2486 ὓδατος
580 2420 895 2502 ὶξιώμενος,
954 2421 1118 2500 λόγου
1187 2420 1241 2478 δὲ
1272 2422 1458 2497 πόθον,
1490 2428 1585 2480 τοῦ
1628 2421 1840 2489 ἀληθῶς

1933 2423 2337 2502 cuples,homo
2367 2419 2593 2496 alioqui
2621 2420 3070 2498 omnium,quos
3096 2412 3578 2498 novi,pauperri-

186 2519 413 2582 ζωτικοῦ
467 2512 557 2568 καὶ
607 2513 889 2591 τροφίμου,
922 2513 1011 2569 καὶ
1042 2513 1114 2577 εἰς
1173 2509 1387 2577 αὔξησιν
1435 2511 1658 2587 ἄγοντος
1688 2530 1843 2567 πνευ-

1933 2530 2058 2572 mus
2086 2521 2140 2572 et
2165 2510 2610 2590 egentissimus,
2657 2527 2776 2569 nou
2812 2508 2979 2586 panis
3011 2506 3226 2568 famem
3274 2516 3372 2568 aut
3420 2503 3578 2565 sitim

184 2600 423 2676 ματικῆς
454 2598 666 2668 ἡλικίας
697 2602 786 2657 τὸν
817 2601 993 2667 καλῶς
1029 2600 1377 2679 τρεφόμενον,

1933 2618 2091 2679 aqua;
2114 2618 2353 2674 sanans,
2377 2599 2478 2660 sed
2514 2597 2730 2658 famem
2766 2597 2930 2657 verbi
2965 2596 3144 2670 illius,
3180 2616 3297 2676 quo
3324 2614 3460 2658 vere
3489 2599 3580 2658 vi-

1928 2688 2039 2749 tale
2063 2699 2171 2760 est,
2208 2708 2277 2750 ac
2309 2688 2421 2747 vim
2456 2688 2658 2748 alendi
2706 2686 2898 2765 habet,
2950 2703 3233 2764 eumque,
3279 2684 3378 2764 qui
3418 2696 3580 2749 recte

1929 2779 2204 2849 nutritur,
2233 2776 2306 2839 ad
2337 2776 2665 2855 spiritualis
2696 2776 2885 2837 aetatis
2917 2776 3352 2835 incrementum
3386 2774 3571 2837 ducit.

264 2870 388 2930 AZ’.
446 2868 544 2927 Ἐκ
571 2865 638 2936 δὴ
666 2869 869 2925 τούτων
899 2869 987 2925 καὶ
1044 2874 1153 2927 τῶν
1201 2869 1457 2926 τοιούτων
1494 2868 1570 2949 (τί
1627 2870 1728 2949 γὰρ
1760 2867 1842 2926 δεῖ

2007 2866 2294 2931 XXXVII.
2328 2865 2418 2929 Ob
2478 2868 2603 2927 hazc
2654 2866 2851 2947 igitur,
2884 2881 2951 2926 ac
3005 2873 3161 2924 tanta
3222 2862 3384 2943 (quid
3418 2868 3575 2928 enim

181 2961 359 3019 πάντα
415 2958 642 3038 λέγοντα
698 2956 977 3038 διατρίϐειν
1037 2957 1174 3039 [18]
1210 2958 1254 3039 ς)
1304 2958 1419 3037 ἄρτι
1450 2959 1543 3016 τοῦ
1599 2960 1841 3040 φερωιιύ-

1933 2958 2126 3020 omnia
2171 2956 2544 3019 recensendo
2577 2956 2756 3017 ditius
2788 2952 3093 3015 immorari
3130 2970 3377 3015 necesse
3414 2960 3577 3035 est?)

179 3072 283 3126 μου
339 3049 436 3118 τῆς
496 3046 761 3114 εὐσεϐείας
825 3047 949 3129 (19)
986 3048 1387 3128 μετατεθέντος,
1423 3050 1510 3105 καὶ
1539 3062 1662 3112 ταῖς
1694 3048 1839 3106 ἐκεί-

1933 3047 2203 3122 Basilius,
2265 3067 2397 3107 cum
2451 3049 2523 3123 is,
2585 3047 2680 3127 qui
2739 3064 2957 3106 nomen
2989 3062 3021 3102 ιι
3056 3044 3269 3126 pietate
3309 3045 3579 3126 apposite

182 3163 278 3200 νου
334 3140 521 3221 χερσὶν
576 3132 755 3207 ἡδέως
778 3138 1227 3214 ἐναποψύξαντος,
1261 3138 1346 3195 ἐπι
1376 3140 1468 3197 τὸν
1512 3137 1714 3220 ὐφηλὸν
1741 3142 1840 3208 τῆς

1933 3138 2203 3212 ducebat,
2258 3156 2325 3198 ex
2380 3138 2490 3198 hac
2541 3138 2654 3196 vita
2711 3134 3043 3215 migrasset,
3095 3142 3268 3214 atque
3302 3134 3360 3195 in
3394 3135 3579 3215 ipsius

178 3228 483 3297 ἐπισκοπῆς
526 3228 711 3307 θρόνον
741 3228 1011 3305 ἀνάγεται·
1079 3230 1174 3285 οὐκ
1244 3229 1477 3307 ἀμογητὶ
1524 3229 1645 3304 μὲν,
1721 3226 1837 3285 οὐδὲ

1933 3228 2208 3290 manibus
2228 3228 2486 3288 animam
2523 3225 2781 3287 libenter
2814 3224 3245 3297 exhalasset,ad
3274 3225 3576 3287 excelsum

178 3317 303 3376 ἄνευ
358 3319 645 3395 βασκανίας
710 3319 797 3375 καὶ
850 3316 1031 3387 πάλης
1061 3325 1169 3375 τῶν
1198 3340 1255 3375 τε
1288 3324 1388 3385 τῆς
1435 3317 1681 3392 πατρίδος
1716 3317 1835 3395 (20)

1933 3319 2304 3399 Episcopatus
2359 3317 2635 3377 thronum
2697 3314 2989 3393 evehitur;
3046 3332 3164 3374 non
3221 3313 3281 3373 id
3335 3315 3576 3395 quidem

180 3407 629 3489 προεδρευόντων,
712 3410 801 3463 καὶ
858 3413 964 3464 τῶν
1024 3409 1405 3487 πονηροτάτων
1475 3413 1575 3478 τῆς
1628 3407 1837 3472 πόλεως

1933 3412 2072 3471 citra
2106 3408 2393 3470 laborem.
2431 3427 2497 3469 ac
2528 3408 2674 3468 citra
2706 3404 2983 3466 invidiam
3021 3414 3077 3465 et
3107 3404 3570 3487 dimicationem,

174 3497 397 3563 ἱκείνοις
447 3497 903 3577 συντεταγμένων,
944 3497 1090 3565 Πλὴν
1121 3497 1223 3554 ἔδει
1248 3500 1463 3565 νικῆσαι
1522 3499 1583 3555 τὸ
1613 3505 1828 3575 Πνεῦμα

1933 3518 2037 3560 ηυηι
2067 3499 2402 3579 eorum,qui
2436 3497 2637 3577 patria;
2664 3493 3213 3576 praesidebantJum
3248 3494 3579 3573 perditissi-

170 3590 234 3647 τὸ
277 3587 451 3669 ἅγιον·
511 3589 600 3646 καὶ
629 3588 809 3665 μέντοι
840 3590 928 3645 καὶ
984 3593 1107 3661 νικᾷ
1136 3587 1250 3659 (21)
1285 3588 1464 3667 πολλῇ
1492 3596 1562 3667 τῇ
1611 3610 1833 3669 περιοδι-

1933 3608 2151 3651 morum
2188 3606 2567 3669 quorumque
2622 3585 2786 3646 urbis
2820 3584 3059 3663 civium,
3104 3582 3205 3663 qui
3259 3584 3333 3644 ad
3369 3602 3576 3645 eorum

174 3683 288 3753 σίᾳ,
322 3687 475 3737 Κινετ
503 3678 603 3757 γὰρ
630 3680 693 3736 ἒκ
722 3683 820 3746 τῆς
852 3678 1129 3758 ὅπερορίας
1164 3677 1290 3760 (22)
1340 3681 1462 3743 τοὺς
1522 3680 1835 3760 χρίσοντας,

176 3766 367 3848 ἂνδρας
444 3767 532 3825 ἔπ’
601 3765 839 3841 εὐσεϐείᾷ
915 3770 1215 3847 γνωρίμους
1273 3769 1363 3827 καί
1408 3768 1679 3845 ζηλωτὰς,
1753 3771 1842 3829 καὶ

176 3860 313 3935 μετὰ
359 3859 563 3916 τούτων
608 3861 702 3916 τὸν
747 3858 864 3917 νέον
899 3850 1148 3938 Ἀϐραὰμ
1192 3861 1281 3916 καὶ
1311 3855 1657 3939 πατριάρχην
1714 3858 1848 3934 ἠμέ-

174 3968 351 4028 τερον,
424 3950 517 4005 τὸν
566 3947 705 4023 ἰμὸκ
755 3947 898 4028 λέγω
954 3949 1086 4024 (23)
1137 3949 1366 4029 πατέρα,
1399 3950 1517 4028 περὶ
1548 3951 1606 4005 ὃν
1648 3972 1699 4006 τι
1757 3942 1847 4007 καὶ

174 4034 447 4113 συμϐαίνει
506 4036 822 4112 θαυμάσιον,
884 4038 959 4095 Οὐ
1017 4038 1118 4118 γὰρ
1171 4044 1250 4113 τῷ
1282 4038 1475 4109 πλήθει
1548 4044 1656 4095 τῶν
1713 4039 1846 4095 ἑτῶν

175 4127 339 4203 μόνον
393 4124 720 4189 ἒκλελοιπὼς
747 4125 895 4205 (24),
929 4124 1070 4183 ἀλλά
1098 4129 1189 4184 καὶ
1220 4128 1361 4202 νόσῳ
1410 4126 1844 4207 τετρυχωμένος,

174 4216 265 4273 καὶ
318 4215 451 4295 πρὸς
499 4226 623 4278 ταῖς
692 4214 963 4294 ἐσχάταις
1016 4215 1314 4281 ἀναπνοαῖς
1371 4218 1471 4291 ὡν,
1533 4215 1849 4293 κατατολμᾷ

1928 3687 2120 3759 partes
2170 3697 2305 3740 sese
2351 3676 2773 3757 adjunxerant.
2810 3674 3030 3736 Verum
3085 3672 3213 3733 ﬁeri
3256 3671 3427 3733 aliter
3454 3692 3570 3737 nou

1932 3767 2330 3849 poterat,quin
2364 3766 2620 3846 Spiritus
2638 3770 2876 3825 sanctus
2902 3763 3189 3837 vinceret;
3225 3770 3401 3842 atque
3431 3762 3581 3824 adeo

1930 3858 2169 3920 abunde
2202 3858 2517 3919 vicit.Nam
2550 3856 2625 3915 ad
2656 3872 2791 3914 eum
2824 3850 3156 3932 urgendum
3179 3849 3336 3911 viros
3368 3851 3583 3931 pietate

1930 3950 2121 4009 claros
2152 3966 2219 4008 ac
2239 3947 2363 4007 zelo
2390 3946 2726 4023 ﬂagrantes,
2761 3943 2836 4005 ab
2859 3939 3079 4003 exteris
3100 3939 3442 4020 regionibus
3475 3959 3580 4002 ex-

1928 4038 2149 4107 citavit,
2178 4047 2235 4099 et
2263 4055 2397 4098 cum
2448 4035 2522 4095 iis
2553 4050 2768 4094 novum
2800 4032 3209 4094 Abrahamum
3235 4037 3293 4091 et
3324 4029 3579 4110 patriar-

1932 4129 2102 4189 cham
2131 4135 2425 4199 nostrum,
2452 4127 2786 4206 parentem,
2814 4122 3078 4202 inquam,
3117 4139 3337 4198 meum,
3357 4120 3449 4181 cui
3480 4120 3586 4181 mi—

1932 4216 2118 4278 randa
2148 4218 2324 4278 etiam
2359 4233 2456 4276 res
2501 4214 2768 4294 quaedam
2829 4211 3066 4273 accidit.
3119 4209 3263 4272 Nam
3316 4210 3585 4291 quamvis

171 4304 270 4373 τῆς
298 4301 443 4397 θδοῦ,
500 4303 790 4397 βοηθῄσων
967 4304 1153 4385 ψήσῳ,
1188 4304 1578 4397 καὶ-θαρσὴσας
1609 4301 1734 4397 (25)
1768 4312 1843 4380 τῷ

1933 4326 2049 4368 non
2082 4306 2272 4367 solum
2304 4314 2613 4366 senectute
2642 4304 2975 4381 confectus,
3015 4299 3121 4362 sed
3163 4300 3341 4361 etiam
3375 4300 3584 4363 morbo

176 4395 467 4463 Πνεύματι.
554 4393 653 4451 Keil
713 4393 765 4449 τί
814 4394 1082 4470 σύντομον
1133 4392 1453 4475 φθέγξομαι,
1485 4394 1667 4474 νεκρὰς
1699 4397 1845 4453 ἔντε-

171 4486 277 4548 θιὶς
326 4485 398 4549 ὡς
445 4483 599 4564 τάφῳ
627 4484 730 4539 τινὶ
790 4486 868 4559 τῷ
929 4483 1129 4565 φορείῲ
1178 4481 1336 4563 (26),
1382 4483 1499 4549 νέος
1546 4483 1838 4562 ἐπάνεισιν,

171 4574 441 4654 εὐσθενὴς,
506 4571 615 4630 ἄνω
681 4571 922 4655 βλέπων,
983 4574 1198 4652 ῥωσθεὶς
1261 4573 1321 4631 ἐκ
1365 4572 1449 4642 ιῆς
1504 4577 1695 4655 χειρὸς
1753 4582 1842 4637 καὶ

252 4680 309 4725 ⁸³
338 4679 489 4746 Gen.
523 4696 641 4756 xu,
680 4687 707 4742 1
745 4699 883 4764 sqq.

254 4791 380 4867 (15)
418 4791 504 4855 Ei:
532 4796 719 4870 τοῦτο.
752 4786 946 4870 ξεεεη
980 4792 1125 4870 πρὸς,
1146 4798 1327 4854 τοῦτο,

256 4870 381 4951 (16)
426 4868 949 4951 2no$e_lz<._Pass.,
984 4868 1314 4936 σιτοδοσίας.

298 4951 388 5023 17)
421 4951 555 5010 Ἀεί.
591 4947 695 5012 Or.
729 4949 790 5026 2,
822 4954 895 5015 εἰς
926 4952 1026 5011 ἀεί.

298 4958 388 5023 17)
422 4958 555 5010 Ἀεί.
591 4958 695 5012 Ur.
729 4958 790 5026 2,
822 4958 895 5015 εἰς
926 4958 1026 5011 ἀεί.

258 4958 387 5113 (18)
412 5032 471 5089 Τί
492 5032 593 5110 γὰρ
622 5028 783 5113 δεῖ...
814 5030 1119 5113 διατρίϐειν.
1152 5029 1251 5094 Sic
1282 5029 1687 5113 plureiseg-,
1722 5038 1840 5097 etc.

170 5114 239 5173 In
266 5108 396 5187 3d,,
433 5113 481 5169 τί
509 5108 626 5189 ’γὰρ
656 5108 801 5191 δὴν,
835 5108 1110 5191 διατρίϐει,

256 5191 379 5271 (19)
431 5188 547 5271 Τῆς
594 5188 883 5255 εὐσεϐείας.
936 5188 1170 5271 Ᾱιιυάἰι
1209 5191 1285 5254 ad
1325 5217 1353 5250 ε
1386 5191 1629 5254 Eusebii
1662 5217 1691 5249 ι
1728 5212 1843 5253 no-

174 5270 317 5335 men
351 5270 512 5354 quod
541 5286 579 5335 a
604 5287 747 5335 voce
799 5270 1060 5348 εὐσεϐεια,
1084 5270 1146 5334 id
1179 5280 1271 5335 est
1305 5293 1336 5334 ‹
1369 5274 1585 5356 pietas,
1621 5298 1649 5329 ι
1678 5272 1842 5335 deri-

175 5362 368 5417 vatur.

257 5432 378 5513 (20}
407 5439 526 5493 Τῶν
555 5454 613 5491 τε
642 5432 753 5525 τῆς.
775 5432 1052 5526 πατρίδος,
1084 5441 1200 5526 etc,
1246 5434 1493 5526 _N.icetas
1524 5434 1838 5526 .exponit;

171 5512 467 5597 ἄρχοντας·
517 5535 542 5572 ι
579 5512 940 5598 praesides,»
975 5514 1135 5577 haud
1162 5514 1345 5578 dubie
1374 5512 1698 5597 provincias
1719 5515 1843 5598 epi-

174 5596 394 5677 scOpos
423 5613 492 5658 ac
524 5596 811 5677 prolatos.

257 5616 280 5659 ο
327 5615 394 5657 os
423 5615 492 5658 ac
524 5615 811 5677 prolatos.

257 5615 390 5759 (gl)
421 5678 521 5736 Καὶ
551 5682 693 5750 νικᾷ.
726 5676 830 5739 Sic
882 5674 1093 5757 plures
1121 5673 1306 5757 Re“.
1339 5684 1399 5739 et
1427 5676 1534 5741 Or.
1566 5676 1629 5742 2.
1663 5679 1845 5741 Deest

1929 4397 2148 4459 fractus
2198 4414 2271 4457 ac
2324 4394 2671 4457 debilitatus
2711 4397 2894 4466 esset,
2929 4392 3310 4470 animamque
3356 4399 3581 4470 ageret,

1926 4488 2039 4549 iter
2085 4496 2284 4547 tamen
2326 4484 2569 4564 aggredi
2603 4503 2721 4545 non
2777 4482 3090 4555 dubitavit,
3122 4488 3186 4543 ut
3218 4480 3443 4544 calculo
3474 4500 3586 4542 suo

1927 4578 2285 4641 electionem
2328 4576 2583 4655 juvaret,
2618 4572 2875 4655 Spiritus
2924 4570 3198 4634 videlicet
3247 4590 3359 4651 ope
3407 4578 3583 4652 atque

1932 4790 2536 4953 “(igﬁiatpopeat
2560 4868 2812 4953 ntelligit
2842 4866 3167 4953 Eusebium
3198 4867 3582 4953 Samosateu—

1930 4948 2078 5035 sem,
2116 4953 2214 5035 qui
2249 4948 2385 5014 cum
2416 4948 2730 5029 Gregorio,
2768 4950 3025 5029 theologi
3051 4950 3239 5011 nostri
3274 4950 3583 5029 patre,Ba-

1928 5034 2126 5095 silium
2165 5032 2695 5095 consecravit.Mox
2723 5032 3151 5111 γνωρίμους.8ἰο
3178 5031 3429 5093 codd.ln
3453 5029 3578 5103 ed.,

1927 5138 2286 5195 γνωρισμουςο

2013 5194 2142 5271 (23)
2173 5196 2338 5271 Ἐμὸν
2360 5192 2531 5273 λέγω.
2558 5194 2675 5273 διο
2726 5195 2913 5273 Βοεε.
2949 5211 3004 5269 c,
3053 5192 3116 5267 d,
3153 5190 3258 5271 pb,
3301 5187 3481 5252 Coisl.
3517 5192 3577 5264 2,

1927 5276 2035 5339 Or.
2063 5282 2123 5349 2,
2150 5275 2317 5338 Pass.
2352 5271 2532 5334 Deest
2555 5272 2700 5354 λέγω
2726 5274 2786 5335 in
2827 5271 2920 5335 ed.

2007 5357 2132 5430 (24)
2166 5354 2552 5419 Έκλελοιπώς.
2589 5355 2778 5430 Pass,
2813 5354 3101 5418 λελοιπώς,

2007 5359 2111 5429 (94
2166 5359 2552 5419 Έκλελοιπώς.
2589 5359 2778 5430 Pass,
2813 5359 3101 5418 λελοιπώς,

2004 5359 2137 5519 (25g
2168 5438 2471 5517 θαρσῆαας.
2526 5433 2673 5515 Reg.
2732 5453 2785 5517 c,
2839 5437 2914 5517 ph
2975 5441 3033 5496 et
3088 5431 3193 5496 0r.
3247 5430 3307 5507 2,
3368 5430 3573 5511 θιῤῥῄ-

1926 5540 2048 5583 σας.

2007 5598 2131 5678 (26)
2162 5606 2390 5676 Φορειῳ.
2415 5594 2562 5674 Reg.
2589 5597 2714 5673 bm,
2745 5601 2933 5678 φορίῳ.
