4150 6390
217 298 340 394 549

987 329 1273 394 ORATIO
1320 327 1533 393 XLIII.
1582 363 1656 374 -
1701 319 1782 394 ΙΝ
1826 294 2144 394 LAUDEM
2188 325 2469 396 BASILII
2513 331 2794 397 MAGNI.

3503 334 3620 399 550

221 463 344 542 μὲν,
379 463 729 545 συγγινώσκει
760 461 838 526 δέ.
877 465 974 524 Καὶ
1006 465 1144 542 μετᾶ
1199 471 1355 529 τςῦτο
1406 463 1696 522 ἐπιστάντα
1750 466 1872 541 μὲν,

1970 483 2027 527 ac
2053 465 2229 529 simul
2262 467 2546 549 temporis
2575 467 2732 529 illius
2753 466 3037 530 invidiam
3060 469 3613 551 vitans,praesertim

223 555 326 623 τὴν
361 552 417 610 δὲ
472 559 572 621 τῆς
630 553 888 634 καθέδρας
948 555 1110 632 τιμὴν
1155 558 1216 614 οὗ
1243 554 1549 631 δεξάμενον,
1579 561 1680 623 τῆς
1711 558 1877 623 αὐτῆς

227 643 406 702 ἕνεκεν
465 645 657 724 αἰτίας,
717 642 833 701 οὒδὲ
896 649 991 713 τὴν
1046 649 1152 701 τῶν
1197 643 1565 725 πρεσϐυτέρων
1608 646 1880 722 προτίμηο

228 755 333 810 σιν,
385 733 502 790 οὔτε
562 733 869 815 ἐπέμψατο,
925 737 1012 792 καὶ
1061 735 1482 814 προσεπῄνεσεν,
1545 737 1602 791 εὖ
1657 742 1826 792 ποιῶν
1860 753 1876 771 ⁶

229 831 396 905 τῦφον
455 824 892 903 κατηγορηθῆναι
950 824 1157 901 μᾶλλον
1210 824 1299 880 ὑπ’
1359 822 1552 903 ὀλίγων
1603 823 1878 901 ἐλόμενος,

227 920 333 970 τῶν
399 913 597 980 ταύτην
631 914 1014 992 ἀγνοησάντων
1059 915 1158 983 τὴν
1201 913 1527 994 οἰκονομίαν,
1561 915 1598 984 ἥ
1646 935 1697 970 τι
1741 921 1882 993 πρᾶ-

226 1002 310 1069 ξαι
353 1009 432 1077 τῷ
488 1003 636 1082 λογῳ
691 1006 778 1061 καὶ
834 1017 955 1069 τοῖς
1015 1004 1175 1062 αὐτοῦ
1230 1001 1581 1080 βουλεύμασιν
1624 1004 1874 1063 ἐναντίον.

227 1093 436 1170 Καίτοι,
469 1096 584 1158 πῶς
615 1092 679 1150 ἂν
728 1093 930 1169 μᾶλλον
981 1093 1168 1161 ἔδειξεν
1212 1093 1484 1171 ἅνθρωπος
1537 1095 1717 1162 πάσης
1771 1099 1882 1152 Oto-

224 1184 382 1246 πείας
426 1185 515 1241 καὶ
573 1181 860 1248 κολακείας
907 1185 1132 1263 κρείττω
1193 1183 1291 1251 τὴν
1335 1183 1521 1263 ψυχὴν
1564 1181 1735 1264 ἔχων,
1793 1185 1881 1240 καὶ

220 1273 357 1352 πρὸς
403 1272 460 1328 ἓν
491 1273 656 1348 μόνον
701 1273 938 1354 βλέπων,
991 1275 1083 1330 τὸν
1128 1280 1222 1330 τοῦ
1252 1271 1420 1330 καλοῦ
1465 1275 1654 1350 νόμον,
1697 1271 1734 1340 ἥ
1765 1275 1882 1351 περὶ

221 1364 382 1437 ἡμῶν
427 1361 567 1421 οὕτω
609 1361 930 1438 διανοηθεὶς,
993 1371 1083 1429 οὖς
1139 1367 1196 1420 ἒν
1240 1364 1470 1442 πρώτοις
1526 1365 1630 1421 τῶν
1693 1364 1881 1422 ἑαυτου

221 1451 392 1532 φίλων
425 1456 510 1512 καὶ
542 1457 782 1524 συνήθων
812 1454 1098 1534 ἐγνώρισεν
1135 1471 1152 1530 ;

1967 575 2098 617 cum
2131 573 2230 620 res
2262 558 2394 637 ejus
2452 557 2716 618 nondum
2769 567 2990 638 pacatae
3037 576 3148 620 ess:
3175 568 3257 631 nt,
3303 578 3372 620 ac
3420 560 3616 621 adhuc

1969 645 2681 720 turbarentur,desiderio
2707 667 2840 709 meo
2873 649 3105 708 frenum
3127 647 3619 730 injeci,domique

1969 754 2064 796 me
2083 736 2507 808 continui.0uo
2529 736 2768 801 nomine
2793 755 3026 796 niecum
3050 737 3293 817 quidem
3317 737 3419 798 ille
3442 757 3620 818 exl-o-

1969 826 2512 896 stulavit,czeterum
2549 826 2780 887 veniam
2806 825 2987 889 dedit.
3026 831 3110 890 Ac
3143 836 3510 907 postea,cum
3546 828 3616 888 ad

1967 933 2102 976 eum
2154 917 2472 990 venissem,
2533 925 2710 996 atque
2770 915 2976 976 eadem
3010 915 3084 977 de
3116 935 3295 976 causa
3323 917 3622 979 cathedra:

1968 1004 2254 1066 honorem
2267 1005 2798 1086 ,insignioremquc
2813 1006 2965 1066 inter
2981 1005 3357 1085 presbyteros
3375 1007 3618 1068 honoris

1969 1096 2161 1156 locum
2195 1112 2589 1169 recusassem,
2644 1115 2762 1156 non
2812 1095 2986 1156 modo
3023 1114 3218 1157 meum
3254 1097 3365 1157 hoc
3397 1096 3615 1158 factum

1967 1203 2082 1245 non
2116 1185 2537 1259 incusavit,sed
2574 1184 2775 1261 etiam,
2805 1192 2869 1246 ut
2901 1185 3128 1263 debuit,
3163 1187 3568 1267 comprobavit
3597 1206 3612 1264 ;

1962 1285 2140 1355 atque
2172 1295 2202 1336 a
2238 1275 2670 1356 nonnullis,qui
2699 1273 2946 1336 rationis
2977 1275 3163 1357 ipsius
3197 1278 3386 1356 ignari
3419 1288 3619 1370 erant,

1965 1363 2149 1427 fastus
2196 1365 2528 1427 insimulari
2592 1364 2818 1441 maluit,
2874 1384 3048 1444 quam
3099 1366 3320 1447 aliquid
3382 1363 3603 1444 facere,

1965 1456 2122 1534 quod
2159 1455 2371 1515 rationi
2422 1454 2810 1535 consiliisque
2867 1455 2990 1515 suis
3041 1456 3474 1520 adversaretur.
3545 1459 3621 1520 At

222 1548 410 1614 certe,
449 1561 708 1624 quonam
749 1543 926 1605 modo
959 1543 1319 1604 luculentius
1349 1541 1653 1624 specimen
1677 1542 1861 1605 edere
1906 1544 2194 1625 potuisset
2218 1545 2400 1605 animi
2445 1544 2518 1606 ab
2552 1545 2711 1604 omni
2745 1544 3082 1605 adulatione
3133 1555 3188 1605 et
3219 1550 3620 1608 assentatione

219 1631 434 1712 alieni,
462 1632 773 1713 solamque
803 1633 1037 1694 honesti
1072 1632 1264 1711 legem
1298 1631 1608 1712 intuentis,
1643 1652 1818 1714 quam
1847 1633 1928 1694 ita
1959 1633 2032 1694 dc
2067 1633 2415 1715 nobis,quos
2442 1633 2499 1694 in
2537 1634 2970 1715 przecipuorum
3005 1634 3328 1695 amicorum
3357 1644 3412 1696 et
3443 1635 3619 1696 fami~

219 1719 439 1783 liarum
474 1723 606 1783 loco
639 1740 1013 1802 numeroque
1045 1722 1278 1805 habuit,
1303 1721 1718 1785 constituens?

300 1811 397 1870 Μ’.
445 1811 713 1893 ”Επειτα,
760 1814 821 1868 τὸ
855 1813 1137 1884 στασιάζον
1167 1816 1298 1894 πρὸς
1341 1816 1528 1870 ἒαυτὸν
1581 1813 1870 1890 μαλάσσει,

2040 1813 2555 1891 XL.Deinde,eos,
2592 1815 2692 1896 qui
2718 1814 2788 1876 ab
2812 1815 2938 1895 ipso
2960 1805 3611 1892 dissidebant,emolli?,

217 1903 307 1958 καὶ
339 1905 614 1981 θεραπεύει
663 1905 843 1982 λόγοις
897 1905 1136 1983 ἰατρικῆς
1195 1903 1614 1984 μεγαλόφρονος.
1663 1906 1735 1962 Οὔ
1790 1905 1878 1981 γὰρ

1970 1923 2028 1965 ac
2064 1905 2338 1966 sublimis
2362 1917 2421 1968 et
2452 1906 2700 1968 excelsae
2731 1906 3041 1968 medicina:
3073 1905 3409 1966 rationibus
3426 1915 3614 1969 curat.

210 1993 584 2072 θωπευτικῶς,
643 1991 759 2049 οὐδὲ
803 1992 1153 2072 ἀνελευθέρως
1184 2002 1340 2051 τοῦτο
1392 2007 1562 2070 ποιεῖ,
1611 1993 1745 2050 ἀλλὰ
1790 1995 1878 2050 καὶ

1970 1994 2087 2057 Non
2111 1997 2267 2056 enim
2294 1997 2617 2058 adulatorie
2641 2015 2706 2058 ac
2729 1996 3156 2076 serviliter,sed
3184 2014 3468 2076 perquam
3493 1997 3618 2060 l'or-

212 2079 331 2138 λίαν
379 2087 630 2149 νεανικῶς
683 2085 770 2140 καὶ
816 2082 1269 2163 μεγαλοπρεπῶς,
1331 2084 1403 2148 ὡς
1449 2082 1510 2140 ἄν
1570 2107 1650 2148 τις
1704 2085 1762 2140 οὔ
1815 2085 1876 2140 τὸ

211 2173 380 2251 παρὸν
416 2175 633 2230 σκοπῶν
667 2173 853 2251 μόνον,
900 2173 1039 2231 ἀλλὰ
1071 2176 1162 2232 καὶ
1220 2177 1320 2242 τὴν
1365 2173 1663 2251 μέλλουσαν
1691 2175 1872 2232 εὐπεί-

215 2264 362 2318 θειαν
421 2265 740 2340 οἰκονομῶν,
814 2256 980 2343 Ὀρῶν
1035 2265 1135 2344 γὰρ
1195 2263 1320 2335 (34)
1376 2267 1436 2320 τὸ
1488 2265 1586 2340 μὲν
1642 2263 1875 2343 ἁπαλὸν,

208 2347 440 2408 ἔκλυτον
485 2355 577 2408 καί
638 2352 954 2434 μαλακίζον,
1011 2356 1074 2411 τὸ
1149 2352 1203 2410 δὲ
1265 2354 1550 2428 αὐστηρὸν,
1609 2356 1878 2433 τραχῦνον

209 2443 305 2496 καὶ
357 2440 747 2514 ἆπαυθαδιάζον
805 2443 948 2523 (35),
982 2443 1303 2524 ἀμφοτέροις
1351 2444 1544 2519 βοηθεῖ
1588 2441 1657 2498 δι’
1698 2441 1876 2512 ἀλλή-

214 2526 339 2585 λων
375 2548 391 2565 ·
438 2530 696 2605 ἐπιεικείᾳ
755 2533 854 2608 μὲν
912 2534 972 2588 τὸ
1017 2530 1321 2612 ἀντιτυπὲς,
1367 2530 1675 2609 στεῤῥότητι
1720 2531 1774 2587 δὲ
1819 2539 1878 2589 τὸ

218 2618 430 2676 ἀπαλέιν
460 2622 821 2700 κερασάμενος
855 2638 870 2651 ⁸
932 2620 1085 2699 ὀλίγα
1141 2622 1240 2698 μὲν
1289 2621 1451 2700 λόγου
1507 2619 1878 2701 προσδεηθεὶς,

1963 2085 2098 2144 titer
2130 2096 2188 2147 et
2224 2085 2538 2163 magniﬁce
2593 2087 2702 2148 hoc
2731 2085 2890 2160 facit,
2929 2095 2989 2146 ut
3021 2085 3122 2166 qui
3155 2105 3271 2146 non
3306 2087 3619 2166 praesentis

1961 2175 2158 2235 solum
2192 2177 2481 2256 temporis
2506 2177 2800 2237 rationem
2835 2174 3218 2247 haberet,sed
3243 2178 3421 2236 etiam
3455 2177 3624 2237 futu-

1960 2283 2086 2326 ram
2107 2265 2509 2326 obedientiam
2533 2264 3051 2344 procurareLNam
3069 2284 3201 2325 cum
3225 2264 3622 2347 perspiceret,

1963 2354 2338 2416 subditorum
2372 2356 2602 2415 animos
2635 2354 2890 2416 mollitie
2925 2355 3289 2429 enervari,et
3312 2355 3493 2417 nimia
3519 2376 3627 2415 au-

1962 2444 2232 2507 steritate
2253 2463 2499 2524 asperos
2534 2453 2709 2524 atque
2742 2453 3124 2505 contumaces
3151 2443 3348 2519 reddi,
3387 2445 3626 2521 utrique

1966 2534 2122 2594 malo
2149 2536 2523 2614 peralterum
2544 2534 3126 2604 medetur,duritiam
3159 2533 3438 2595 nimirum
3462 2553 3624 2596 man-

1967 2625 2282 2685 suetudine
2314 2635 2369 2685 et
2401 2623 2710 2691 facilitate,
2767 2623 3076 2684 mollitiem
3113 2631 3307 2683 autem
3340 2623 3623 2701 gravitate

222 2707 363 2788 ἔργῳ
419 2708 474 2766 δὲ
530 2711 596 2766 τὰ
655 2709 824 2767 πλείω
854 2709 1089 2778 δυνηθεὶς
1121 2713 1251 2792 πρὸς
1282 2712 1380 2778 τὴν
1428 2711 1710 2790 θεραπείαν
1747 2727 1762 2742 ⁰
1823 2709 1881 2766 οὗ

1970 2721 2141 2792 atque
2173 2713 2353 2774 animi
2389 2712 2668 2774 ﬁrmitate
2707 2721 3070 2792 temperans;
3094 2729 3372 2771 sermone
3395 2715 3466 2772 ad
3494 2714 3622 2772 ani-

223 2799 396 2880 τέχνῃ
451 2798 822 2876 δουλούμενος,
884 2800 1006 2857 ἀλλ’
1063 2800 1236 2875 εὐνοίᾳ
1290 2799 1726 2880 σφετεριζόμενος
1760 2818 1778 2837 ⁸
1825 2805 1881 2860 οὒ

1970 2820 2197 2862 marum
2233 2802 2610 2863 curationem
2649 2801 2801 2862 haud
2837 2801 3083 2860 multum
3109 2799 3404 2878 indigens,
3440 2820 3621 2880 opere

227 2887 504 2963 δυναστείᾳ
537 2889 662 2971 (36)
698 2891 1150 2972 προσχρώμενος,
1205 2889 1341 2947 ἀλλὰ
1374 2895 1451 2963 τῷ
1481 2888 1728 2946 δύνασθαι
1759 2891 1880 2969 μὲν,

1971 2911 2151 2972 quam
2184 2892 2443 2972 plurima
2469 2891 2816 2973 perﬁciens;
2851 2910 2968 2951 non
2989 2890 3204 2952 callido
3227 2889 3473 2950 artiﬁcio
3506 2890 3618 2952 bo-

227 2977 488 3060 φείδεσθαι
533 2980 588 3036 δὲ
646 2981 1070 3062 προσαγόμενος,
1127 2983 1198 3040 Τὸ
1250 2979 1303 3036 δὲ
1333 2980 1471 3060 (37)
1499 2980 1776 3058 μέγιστον,
1810 2986 1881 3054 τῷ

1973 2981 2165 3042 mines
2197 2982 2501 3061 subigens,
2528 2982 2631 3043 sed
2668 2980 3077 3042 benevolentia
3107 2980 3218 3040 sibi
3253 2979 3618 3055 concilians;

221 3071 424 3134 πάντας
477 3071 732 3138 ἡττᾶσθαι
779 3077 881 3138 τῆς
927 3072 1084 3129 αὒτου
1137 3070 1396 3146 διανοίας,
1464 3073 1552 3128 καὶ
1599 3070 1881 3150 ἀπρόσιτον

1974 3090 2084 3134 nec
2112 3073 2347 3152 imperii
2383 3080 2668 3152 potestate
2693 3071 2996 3134 utens..sed
3027 3088 3130 3151 per
3161 3069 3618 3151 indulgentiam,

226 3157 416 3217 εἰδέναι
448 3161 544 3228 τὴν
566 3161 760 3241 ἀρετήν
797 3176 810 3190 ⁸
845 3163 933 3216 καὶ
962 3161 1089 3236 μίαν
1120 3161 1218 3236 μὲν
1274 3161 1486 3226 ἑαυτοῖς
1542 3158 1664 3241 (38)
1712 3183 1881 3228 σωτη.

1973 3182 2148 3242 quam
2192 3165 2247 3222 in
2282 3171 2572 3241 potestate
2608 3161 2952 3230 adhibebat,
2991 3180 3093 3221 eos
3125 3160 3416 3221 alliciens.
3453 3159 3619 3231 Quod

223 3249 340 3330 ρίαν
387 3250 660 3328 ἡγεῖσθαι,
706 3253 766 3306 τὸ
823 3250 941 3326 μετ’
1024 3249 1223 3310 ἐκείνου
1284 3273 1342 3308 τε
1408 3253 1498 3308 καὶ
1556 3249 1646 3307 ὑπ’
1705 3249 1887 3324 ἐκείνῳ

219 3341 506 3418 τετάγθαι,
539 3339 633 3395 ἓνα
662 3339 716 3395 δὲ
759 3339 1018 3416 κίνδυνον,
1048 3343 1108 3397 τὸ
1139 3342 1485 3422 προσκρούειν
1548 3340 1756 3421 ἐκείνῷ,
1799 3341 1887 3397 καὶ

221 3428 572 3501 ἀλλοτρίωσιν
622 3430 728 3487 ἀπὸ
783 3437 920 3490 Πεοῦ
959 3433 1190 3507 νομίζειν
1244 3432 1341 3500 τὴν
1385 3429 1481 3488 ἀπ’
1524 3432 1725 3488 ἑκείνου
1769 3429 1886 3487 διά-

221 3542 408 3578 στασιν
441 3539 457 3557 ⁸
499 3521 666 3588 οὕτως
698 3521 910 3586 ἑκόντες
943 3521 1310 3602 ὑπεχώρησαν
1344 3520 1468 3602 (39)
1522 3523 1609 3578 καὶ
1639 3523 1885 3591 ἡττήθη-

225 3633 324 3669 σαν
377 3609 537 3693 (40),
597 3614 687 3669 καὶ
743 3614 817 3678 ὡς
861 3611 988 3693 ἤχῳ
1036 3613 1264 3693 βροντῆς
1295 3611 1676 3687 ὑπεκλίθησαν,
1726 3610 1888 3675 ἄλλος

226 3699 390 3758 ἄλλον
448 3705 522 3768 εἷς
573 3701 867 3781 ἂπολογὶαν
927 3703 1340 3780 προφθάνοντες,
1430 3704 1516 3758 κιλῖ
1575 3702 1636 3758 τὸ
1695 3703 1888 3780 μέτρον

227 3797 331 3858 τῆς
365 3792 659 3874 ἀπεχθείας
711 3796 783 3856 εἷς
847 3793 1038 3872 μέτρον
1074 3793 1480 3873 μετενεγκόντες
1526 3794 1750 3872 Edwin,
1799 3793 1887 3849 καὶ

223 3885 323 3947 τῆς
365 3884 436 3942 εἷς
485 3885 678 3952 ἀρετὴν
723 3880 1035 3957 ἐπιδόσεως,
1105 3883 1171 3951 ἥν
1238 3881 1304 3951 δὴ
1363 3882 1534 3958 μόνην
1589 3882 1884 3961 ἀπολογίαν

221 3969 584 4051 ισχυροτάτην
614 3971 865 4053 ηὕρισκον
901 3972 1052 4052 (41)’
1097 3972 1246 4041 ωλὴν
1291 3972 1344 4028 εἴ
1390 3995 1470 4036 τις
1519 3970 1643 4051 (42)
1674 3970 1757 4029 διὰ
1789 3995 1883 4027 κα-

222 4061 343 4118 κίαν
373 4061 585 4120 ἀνίατον
643 4062 891 4139 ἠμελήθη
953 4065 1042 4120 καὶ
1103 4061 1393 4143 παρεῤῥίφη
1444 4060 1592 4142 (43),
1623 4061 1700 4117 ἵν’
1730 4065 1887 4125 αὐτὸς

222 4150 279 4208 ἰν
325 4151 496 4228 ἑαυτῷ
525 4151 776 4230 συντριϐῇ
835 4154 921 4210 καὶ
985 4153 1362 4229 καταναλωθῇ,
1419 4153 1657 4229 καθάπερ
1689 4153 1766 4214 ἰὸς
1799 4175 1888 4209 σι-

221 4240 368 4322 δήρῳ
390 4241 889 4316 συνδαπανώμενος.

1973 3262 2168 3313 autem
2201 3251 2435 3312 maximi
2459 3250 3324 3318 momentiest,omnesmentis
3345 3250 3620 3311 acumine

1970 3341 2080 3421 ipsi
2114 3342 2688 3422 cedebant,eamque
2712 3343 2895 3419 ipsius
2915 3341 3187 3402 virtutem
3221 3359 3352 3401 esse
3385 3351 3616 3416 norant,

1971 3441 2033 3493 ut
2054 3433 2124 3492 ad
2152 3451 2280 3493 eam
2302 3453 2478 3494 nemo
2502 3433 2767 3513 aspirare
2821 3443 3044 3510 posset;
3071 3439 3246 3510 atque
3267 3448 3444 3490 unam
3469 3430 3621 3490 hanc

1973 3523 2210 3584 demum
2228 3522 2340 3584 sibi
2365 3523 2619 3584 salutem
2635 3541 2766 3582 esse
2781 3519 3299 3592 arbitrabantur,si
3320 3538 3448 3579 cum
3467 3518 3617 3598 ipso,

1973 3624 2028 3674 et
2059 3614 2167 3674 sub
2204 3617 2352 3692 ipso.
2389 3632 2523 3674 sese
2573 3611 2957 3685 collocarent,
2993 3629 3171 3670 unum
3228 3627 3365 3670 vero
3395 3610 3531 3668 802
3563 3619 3620 3671 et

1972 3703 2376 3766 certissimum
2402 3700 2816 3783 periculum,si
2841 3700 2900 3760 in
2921 3700 3105 3780 ipsius
3120 3699 3505 3761 offensionem
3531 3700 3613 3760 in~

1971 3803 2328 3866 currerent;
2363 3793 2435 3852 ab
2469 3811 2536 3852 eo
2572 3793 2742 3852 etiam
2778 3789 3060 3870 tlisjungi,
3109 3790 3256 3850 nihil
3292 3789 3452 3851 aliud
3485 3808 3620 3851 esse

1962 3884 2338 3964 judicabant,
2371 3903 2544 3962 quam
2579 3902 2610 3942 a
2637 3884 2759 3944 Deo
2791 3879 3151 3942 abalienari:
3181 3879 3266 3941 sic
3298 3880 3454 3941 ultro
3482 3898 3619 3941 ces-

1973 3985 2203 4054 serunt,
2239 3993 2304 4034 ac
2339 3993 2550 4034 manus
2607 3973 2929 4047 dederunt,
2994 3979 3050 4032 et
3083 3971 3248 4052 quasi
3276 3971 3347 4031 ad
3382 3970 3622 4031 tonitrui

1971 4084 2183 4124 sonum
2216 4084 2350 4125 sese
2374 4064 2803 4131 submiserunt,
2834 4062 2987 4123 alius
3003 4063 3183 4124 alium
3217 4061 3286 4121 ad
3308 4059 3417 4140 ipsi
3440 4061 3620 4121 satis-

1971 4154 2308 4215 facit-ndum
2343 4163 2804 4231 antevertentcs,
2835 4160 3302 4233 conceptamque
3336 4150 3498 4230 prius
3523 4152 3624 4211 ad-

1970 4263 2177 4306 versus
2202 4243 2394 4323 ipsum
2422 4245 2541 4305 odii
2567 4245 2772 4317 vim,in
2797 4262 2912 4302 non
2942 4234 3229 4303 minorem
3262 4241 3623 4303 benevolen-

223 4332 325 4396 tias
354 4333 498 4408 vim,
523 4350 591 4394 ac
618 4330 852 4394 virtutis
884 4331 1328 4393 incrementum
1365 4331 1564 4412 (quam
1590 4329 1834 4412 quidem
1870 4350 2046 4394 unam
2080 4335 2482 4396 ﬁrmissimam
2519 4334 2630 4414 ipsi
2662 4331 3063 4393 satisfaciendi
3095 4332 3384 4391 rationem
3439 4331 3616 4393 inve-

225 4422 493 4505 niebant)
521 4429 986 4501 commutantes;
1020 4430 1416 4503 praeterquam
1449 4422 1499 4483 si
1540 4422 1674 4504 quis
1703 4422 1779 4482 ob
1812 4421 2179 4504 deploratam
2213 4425 2658 4504 improbitatem
2713 4423 3020 4502 neglectus
3050 4441 3117 4482 ac
3166 4421 3464 4501 projectus
3505 4433 3614 4504 est,

225 4523 293 4576 ut
320 4514 446 4597 ipse
472 4514 536 4576 in
565 4514 761 4596 seipse
790 4520 1233 4588 contererelur,
1263 4525 1442 4595 atque
1479 4525 1961 4597 consumeretur,
1995 4535 2112 4577 non
2145 4535 2320 4578 secus
2364 4535 2431 4576 ac
2477 4513 2686 4592 rubigo
2731 4513 2904 4574 simul
2949 4531 3082 4573 cum
3135 4512 3292 4574 ferro
3346 4515 3620 4574 consumi

227 4605 398 4668 solet.

308 4695 454 4760 MA'.
487 4693 640 4754 Ἐπεὶ
669 4692 724 4752 δὲ
753 4695 819 4754 τὰ
847 4693 990 4753 οἴκοι
1023 4716 1158 4752 κατα
1191 4701 1311 4753 νοῦν
1358 4694 1520 4776 εῖχεν
1569 4695 1736 4769 αὐτῷ,
1796 4695 1881 4752 καὶ

2050 4686 2193 4750 XLI.
2250 4685 2568 4767 Postquam
2602 4693 2801 4776 autem
2834 4701 2931 4745 res
2965 4683 3150 4763 ipsius
3179 4683 3521 4776 domesticae
3549 4702 3619 4746 ex

222 4789 295 4852 ὡς
327 4789 423 4844 οὐκ
463 4784 528 4842 ἂν
556 4807 636 4850 τις
684 4787 837 4860 ᾠήθη
887 4791 995 4842 τῶν
1037 4784 1275 4843 ἁπίστων
1325 4772 1576 4842 κάκεῖνον
1606 4785 1878 4862 ἠγνοηκό-

1970 4778 2148 4842 animi
2178 4776 2477 4839 sententia
2498 4774 2834 4836 constitutae
2863 4781 3090 4854 sunt,et
3108 4772 3617 4854 quemadmodum

306 4907 438 5049 (34?
473 4907 642 4987 Ὀρῶν
686 4907 809 4987 γὰρ,
845 4913 958 4969 etc.
993 4904 1237 4969 Nicetas
1268 4924 1336 4967 ex
1370 4903 1774 4967 Demosthene
1794 4921 1881 4966 re-

306 4998 408 5049 't.o
438 5005 694 5049 erosnue
715 4987 772 5047 in
798 4986 1259 5048 mansuetudine
1282 4987 1524 5049 quidem
1552 4985 1814 5048 humiles
1833 4993 1881 5048 et

1971 4903 2191 4961 στείαῖς.

2059 4981 2181 5049 (3Ἷ)
2217 4982 2287 5038 Τὸ
2325 4978 2400 5038 δὲ.
2450 4978 2506 5041 Si

224 4975 772 5068 feri,piero'sque'in
796 4975 1259 5048 mansuetudine
1282 4987 1524 5066 quidem
1552 4985 1814 5048 humiles
1833 4993 1891 5048 et
2059 4981 2192 5068 (ἔξἻ)⁸
2217 4982 2287 5038 T'o
2319 4978 2400 5068 δὲ.
2450 4978 2544 5041 Sic
2573 4979 2763 5060 Rege.
2788 4996 2845 5054 a,
2880 4976 3002 5052 bm,
3041 4977 3143 5058 ph,
3164 4975 3265 5040 0r.
3303 4977 3616 5051 λειόθε-

228 5059 750 5150 δῢῇεὲιοεῄιῄςτδι
767 5068 910 5150 it_ate
927 5076 1128 5150 autem
1145 5059 1494 5150 arrogantes
1512 5073 1570 5127 et
1588 5075 1893 5150 contuma-
1977 5059 2075 5126 est
2083 5061 2151 5150 δέ
2162 5059 2236 5150 ςὶῃ
2262 5059 2359 5123 ed.

231 5145 335 5213 ces
361 5145 765 5211 haberi.Hanc
797 5145 1218 5210 Demosthenis
1240 5145 1594 5209 sententiam
1619 5147 1679 5208 in
1697 5147 1889 5209 inter-

271 5230 564 5294 retatione
591 5245 698 5289 sua
726 5228 1109 5308 amplectitur
1141 5228 1374 5291 Billius.
1409 5227 1654 5290 Fatetur
1682 5236 1878 5290 tamen

282 5310 502 5392 regorii
531 5310 712 5392 verba
770 5327 886 5370 non
943 5308 1326 5392 incommode
1377 5327 1551 5391 posse
1581 5309 1882 5372 transitive

222 5389 438 5474 accipi.
460 5390 842 5474 Addimnset
863 5389 1228 5474 accipienda
1251 5389 1412 5452 esse.

313 5469 428 5552 (35)
459 5470 900 5552 Ἀπαυθαδιάζον.
933 5471 1145 5552 l’lures
1191 5469 1378 5552 Regg.
1412 5489 1483 5533 ac
1529 5469 1728 5547 Colb.,
1754 5474 1883 5530 αὗθ-

227 5548 456 5626 αδιάζον.
493 5553 684 5634 Βθεε.
714 5551 907 5634 bmet
932 5548 1127 5634 Pass,
1161 5548 1456 5634 αὔθαδζζον.

314 5635 440 5718 (⁵6)
477 5631 786 5709 “viauia.
821 5633 969 5714 Reg.
1003 5631 1121 5715 ph,
1159 5631 1263 5697 0r.
1317 5632 1358 5695 2
1410 5640 1472 5696 et
1499 5631 1693 5710 Pass.,
1725 5631 1884 5690 δυνα-

2057 5141 2178 5220 (38)
2209 5141 2476 5208 Ἐπιυτοῖς.
2513 5139 2663 5202 Tres
2693 5141 2904 5217 “6314.,
2931 5143 3134 5220 αὐτοῖς.

2050 5218 2167 5300 (39)
2203 5223 2620 5303 ἰ’πεχώρτ,σαν.
2654 5220 2862 5303 qub.
2895 5219 3059 5303 addit
3092 5218 3292 5303 nail-.55.
3330 5232 3332 5234 ’

2050 5297 2170 5374 (40)
2206 5307 2300 5360 Καὶ
2333 5297 2672 5372 ﬁnitam“.
2720 5298 2858 5362 Haec
2879 5299 3097 5360 desunt
3127 5299 3184 5359 in
3218 5297 3368 5374 Reg.
3400 5317 3455 5362 e.

2079 5385 2184 5466 41)
2214 5382 2494 5466 Ηύρισκον.
2529 5380 2712 5466 Regg.
2747 5400 2801 5451 C,
2835 5379 2896 5451 d,
2935 5379 3038 5466 pii,
3072 5380 3332 5466 εἶξξισκον,

2079 5386 2184 5466 41)
2214 5386 2494 5464 Ηῧρισκον.
2529 5386 2712 5460 Regg.
2747 5400 2801 5451 c,
2835 5386 2896 5451 d,
2935 5386 3038 5456 ph,
3072 5386 3332 5440 εὕοισκον,

2051 5386 2181 5546 (42η
2215 5465 2361 5532 Πλὴν
2407 5462 2460 5520 εἴ
2502 5486 2604 5527 τις.
2663 5463 2849 5538 Regg.
2885 5478 2939 5534 c,
2974 5459 3036 5540 d,
3087 5459 3320 5540 Chrys,
3359 5457 3462 5523 Or.
3497 5457 3536 5520 ἓ
3564 5470 3626 5522 et

1971 5545 2213 5622 Cornix,
2237 5547 2282 5602 ei
2313 5547 2391 5622 μή
2423 5567 2527 5607 τις.

2057 5625 2184 5710 (45(
2203 5619 2538 5706 Παρεῤῥίφη.
2572 5621 2720 5702 Reg.
2748 5640 2804 5702 c,
2837 5619 3122 5701 ἆπεῤῥίφη.
