4150 6388
192 312 311 375 585
973 309 1255 373 ORATIO
1299 309 1509 373 XLIII.
1557 343 1633 355 -——
1681 310 1763 373 IN
1808 310 2121 373 LAUDEM
2170 306 2454 375 BASILII
2497 306 2770 375 MAGNI.
3481 307 3602 379 586

194 442 257 499 τὰ
306 439 536 523 παλαιὰ,
573 443 670 498 ὸσα
699 442 839 505 τινὲς
889 444 1003 505 τοις
1060 441 1219 503 θείοις
1251 439 1452 518 λογίοις
1508 438 1786 519 Ξνίδρωσαν
1824 456 1870 498 ἰ

1958 439 2155 502 nmina
2182 448 2244 502 et
2272 438 2744 504 lucubrationes.
2773 438 2899 504 Nec
2919 439 3318 521 scriptoribus
3344 436 3600 500 materia

193 533 385 609 βοᾶται
431 532 498 588 τὰ
544 531 659 613 νέα,
694 532 781 588 καὶ
814 532 964 594 οὗτος
998 530 1210 610 ἄριστος
1241 533 1378 603 ἡμῖν
1428 531 1484 588 ἐν
1527 530 1729 612 λόγοις,
1791 533 1849 596 ὃς

1958 528 2054 590 illa
2083 528 2199 591 alia
2228 536 2287 590 et
2315 528 2488 609 copia
2519 535 2650 609 post
2680 547 2842 610 eum,
2882 537 3097 610 prater
3128 528 3313 610 ipsius
3342 525 3589 606 scripta,

196 622 258 676 ἂν
306 622 371 677 τὰ
419 620 621 678 ἐκείνου
666 621 901 696 μάλιστα
962 621 1207 701 τυγχάνῃ
1271 621 1578 699 γινώσκων,
1626 623 1713 677 καὶ
1771 619 1855 677 διὰ

1958 617 2231 698 ιυρρθιὶῐ.
2254 617 2519 681 Silentur
2538 626 3151 700 vetera,quacunque
3173 618 3233 679 in
3256 615 3593 678 divinorum

200 709 455 789 γλώσσης
516 710 713 791 φέρων,
785 713 875 767 καὶ
935 712 1209 782 συνετίζων
1259 711 1354 775 τὰς
1401 711 1566 775 ἀκοάς
1603 726 1617 742 ⁸
1665 712 1856 787 ἤρκεσε

1958 706 2323 769 πεουιοτιιω
2375 707 2797 789 explanatione
2825 726 2859 769 a
2888 707 3241 789 quibusdam
3294 705 3599 768 elaborata

200 801 302 880 γαρ
334 801 417 862 εἷς
452 798 567 857 ἀντὶ
618 802 832 857 πάντων
875 814 993 865 τοῖς
1045 798 1473 879 σπουδαιοτέροις
1533 803 1606 865 εἷς
1637 799 1858 858 παιδευ-

1958 806 2083 858 sunt
2108 814 2121 860 :
2161 813 2315 858 nova
2338 796 2736 876 pradicantur
2758 818 2776 874 ;
2799 804 2977 878 atque
2997 798 3046 858 is
3069 796 3227 877 apud
3258 813 3368 857 nos
3387 794 3596 858 erudi—

200 912 306 947 σιν.

1951 886 2220 948 tissimus
2248 885 2524 963 habetur,
2560 886 2664 967 qui
2693 886 2876 949 libros
2905 885 3093 966 ipsius
3121 902 3301 962 quam
3345 884 3601 947 maxime

202 976 479 1057 intelligit
508 997 575 1041 ac
608 978 809 1057 lingua
834 985 1051 1054 versat,
1086 978 1464 1056 auribusque
1494 977 1776 1041 installat.
1828 975 1994 1040 Unus
2042 975 2228 1058 enim,
2261 979 2530 1039 omnium
2581 975 2737 1053 loco,
2772 975 3057 1039 studiosis
3087 974 3160 1037 ad
3196 972 3597 1037 eruditionem

200 1068 664 1149 comparandam
695 1068 937 1132 sufﬁcit.

287 1148 422 1219 ΞΖ’.
456 1159 602 1238 Ἐγὼ
648 1168 805 1217 τοῦτο
863 1158 1027 1235 μόνον
1083 1158 1241 1218 αὐτοῦ
1299 1157 1655 1237 διηγήσομαι.
1687 1156 1869 1218 ’Ὅταν

203 1250 309 1317 τὴν
385 1249 716 1329 Ἐξαημερον
807 1249 964 1306 αὐτοῦ
1046 1250 1529 1329 μεταχειρίζωμαι,
1616 1251 1701 1306 καὶ
1785 1247 1869 1305 διὰ

199 1337 459 1417 γλώσσης
513 1339 675 1419 φέρω,
741 1340 876 1395 μετὰ
939 1342 1029 1396 τοῦ
1086 1342 1297 1396 κτίστου
1356 1339 1596 1416 γίνομαι,
1644 1340 1732 1395 καὶ
1775 1362 1867 1418 γι-

198 1428 397 1485 νώσκω
452 1432 673 1490 κτίσεως
735 1428 953 1508 λόγους,
1012 1431 1105 1485 καὶ
1150 1428 1402 1503 θαυμάζω
1481 1430 1574 1485 τὸν
1646 1430 1867 1495 κτίστην

203 1516 371 1599 πλέον
429 1517 463 1586 ἢ
522 1518 803 1597 πρότερον,
848 1517 967 1594 ὄψει
1028 1519 1169 1595 μόνῃ
1214 1516 1513 1593 διδασκάλῳ
1556 1518 1863 1599 χρώμενος,

211 1598 397 1666 ’Ὅταν
442 1622 562 1673 τοῖς
594 1607 995 1688 ἆντιῤῥητικοῖς
1040 1609 1250 1688 ἐντύχω
1300 1606 1509 1688 λόγοις,
1544 1598 1605 1665 τὸ
1636 1605 1869 1683 Σοδομι-

210 1700 365 1755 τικὸν
412 1699 521 1776 ὁρῶ
564 1705 687 1778 πῦρ,
746 1704 791 1773 ᾦ
835 1705 1146 1778 τεφροῦνται
1201 1702 1439 1777 γλῶσσαι
1505 1699 1731 1776 πονηραὶ
1782 1700 1869 1755 καὶ

2033 1155 2267 1220 LXVII.
2289 1156 2413 1219 Hoc
2438 1163 2663 1218 tantum
2685 1155 2762 1218 de
2781 1173 2852 1217 eo
2873 1155 3089 1217 dicam.
3108 1152 3254 1217 Cum
3267 1151 3609 1217 Hexaeme-

1952 1267 2065 1311 ron
2088 1247 2251 1308 illius
2270 1247 2331 1308 in
2358 1265 2569 1308 manus
2589 1264 2787 1321 sumo,
2814 1255 2996 1324 atque
3015 1245 3076 1307 in
3101 1263 3204 1307 ore
3226 1242 3442 1325 habeo,
3469 1262 3605 1306 cum

1952 1339 2231 1400 Creatore
2262 1338 2620 1415 conjungor,
2639 1354 2709 1397 ac
2740 1334 3061 1400 creationis
3094 1333 3359 1395 rationes
3391 1350 3608 1412 cogno-

1952 1424 2557 1503 sco,Creatoremque
2571 1425 2757 1504 magis
2775 1426 3043 1487 admiror
3053 1443 3120 1487 ac
3134 1423 3607 1505 suspicio,quam

1957 1517 2119 1596 prius
2144 1515 2433 1591 solebam,
2460 1535 2595 1578 cum
2631 1515 2761 1578 solo
2791 1524 3038 1597 aspectu
3062 1515 3347 1596 magistro
3377 1522 3605 1579 uterer.

1954 1609 2098 1669 Cum
2114 1604 2300 1666 libros
2321 1605 2674 1686 eos,quibus
2689 1606 3109 1667 hareticorum
3124 1604 3346 1687 scripta
3358 1604 3605 1688 refutat,

1955 1695 2114 1772 lego,
2147 1694 2579 1758 Sodomiticum
2613 1695 2814 1775 ignem
2845 1713 3051 1770 cerno,
3076 1714 3192 1776 quo
3224 1694 3511 1776 improba
3538 1712 3607 1756 ac

209 1788 539 1867 παράνομοι,
599 1788 634 1855 ἢ
685 1789 773 1845 τὸν
832 1787 1084 1855 Χαλάνης
1128 1788 1325 1866 πὺργον
1385 1788 1529 1869 (44),
1564 1790 1740 1853 κακῶς
1775 1787 1869 1863 μέν

1958 1785 2265 1847 scelerata
2286 1784 2580 1866 linguain
2600 1786 2865 1848 cinerem
2880 1785 3234 1863 rediguntur
3252 1784 3444 1862 36,aut
3459 1784 3610 1848 Cha-

212 1874 682 1952 οίιιοδομούμενον,
723 1877 904 1941 καλῶς
935 1875 987 1933 δὲ
1046 1878 1326 1953 λυόμενον,
1377 1874 1559 1935 ’Ὅταν
1588 1891 1707 1942 τοῖς
1751 1880 1867 1957 περὶ

211 1967 539 2042 Πνεύματος,
606 1969 831 2046 εὑρίσκω
890 1969 1046 2046 Θεὸο,
1094 1969 1152 2025 ὃν
1212 1967 1357 2047 ἔχω,
1417 1969 1505 2024 καὶ
1561 1968 1867 2046 παῤῥησιά-

213 2064 375 2130 ζομαι
432 2078 532 2124 την
585 2055 864 2131 ἀλήθειαν,
919 2056 1247 2113 ἐπιϐατεύων
1287 2058 1383 2125 τῆς
1438 2056 1637 2115 ἐκείνου
1683 2058 1865 2115 θεολο·

212 2149 333 2224 γίας
377 2148 465 2203 καὶ
493 2148 736 2225 θεωρίας.
788 2145 969 2205 ’Ὅταν
1014 2161 1138 2211 ταῖς
1183 2147 1368 2210 ἄλλαις
1410 2146 1753 2227 εξηγήσεσιν,
1808 2151 1869 2214 εις

208 2250 331 2300 τοῖς
377 2238 545 2317 μικρὰ
589 2236 879 2314 βλέπουσιν
936 2238 1282 2318 ἀναπτύσσει,
1343 2240 1566 2317 τρισσῶς
1624 2236 1752 2317 (45)
1816 2238 1871 2293 ἐν

214 2340 336 2390 ταῖς
382 2325 629 2406 στερῤατς
662 2329 848 2383 ἑαυτοῦ
879 2325 1004 2407 (46)
1040 2326 1197 2393 πλαξὶ
1224 2331 1323 2397 τῆς
1356 2326 1569 2406 καρδίας
1626 2327 1872 2407 ἀπογρα-

220 2417 488 2493 ψάμενος,
549 2417 794 2492 πείθομαι
844 2418 922 2493 μὴ
976 2416 1140 2496 μέχρι
1193 2424 1286 2474 τοῦ
1343 2418 1658 2496 γράμματος
1706 2417 1871 2474 ἵστα-

215 2509 355 2580 σθαι,
392 2504 530 2583 μηδὲ
574 2506 790 2583 βλέπειν
832 2506 898 2562 τά
930 2505 1040 2562 ἅνω
1070 2505 1189 2578 (47)
1225 2506 1413 2585 μόνον,
1466 2505 1603 2563 ἀλλὰ
1633 2509 1722 2563 καὶ
1767 2528 1871 2563 πε-

218 2594 445 2675 ραιτέρω
475 2593 785 2669 διαϐαίνειν,
835 2596 923 2651 καὶ
967 2596 1041 2659 εἰς
1075 2596 1232 2671 βάθος
1291 2595 1366 2652 ἔτι
1418 2608 1623 2676 χωρεῖν
1656 2596 1716 2652 ἐκ
1770 2597 1873 2673 βά-

214 2689 361 2759 θους,
452 2682 679 2744 ἄϐυσσον
739 2682 952 2757 ἆϐύσσῳ
1023 2684 1513 2763 προσκαλούμενος,
1594 2687 1683 2742 καὶ
1741 2689 1873 2765 φωτὶ

216 2781 329 2856 φῶς
374 2775 649 2855 εὑρίσκων,
714 2773 909 2853 μέχρις
962 2772 1022 2829 ἂν
1075 2774 1257 2851 φθάσω
1288 2776 1419 2853 πρὸς
1465 2776 1527 2831 ’τὸ
1556 2774 1869 2855 ἀκρότατον.

223 2864 403 2922 ’Ὅταν
448 2862 695 2930 ἀθλητῶν
756 2863 1045 2941 ἐγκωμίοις
1104 2862 1512 2940 προσομιλάσω,
1574 2872 1874 2945 περιφρονῶ

1954 1874 2103 1937 lana
2132 1875 2344 1938 turrim
2365 1876 2454 1952 37,
2483 1882 2549 1938 ut
2581 1876 2735 1938 male
2765 1883 3193 1950 constructam,
3220 1874 3300 1936 ita
3322 1884 3485 1939 recte
3508 1876 3606 1937 in-

1955 1972 2279 2044 terruptam
2311 1974 2488 2046 atque
2519 1964 2799 2028 deletam.
2827 1963 2973 2028 Cum
3005 1983 3095 2046 ea,
3122 1983 3253 2045 qua
3278 1964 3354 2027 de
3384 1964 3609 2045 Spiritu

1954 2063 2159 2117 sancto
2192 2055 2454 2136 scripsit,
2487 2056 2716 2129 evolvo,
2749 2055 2963 2137 Deum,
2998 2074 3177 2137 quem
3209 2055 3427 2135 habeo,
3466 2073 3612 2117 nan-

1955 2143 2487 2224 ciseor,veritatem
2512 2145 2704 2209 libero
2726 2146 2866 2207 822
2890 2155 2945 2208 et
2980 2145 3195 2208 ﬁdenti
3224 2145 3425 2207 animo
3449 2163 3609 2226 pra-

1955 2234 2282 2310 dico,illius
2302 2235 2582 2298 videlicet
2606 2235 2923 2317 theologia
2934 2244 3111 2317 atque
3124 2234 3613 2315 contemplationi

1954 2324 2413 2388 insistens.Cum
2434 2325 2582 2389 alias
2597 2328 2727 2405 ejus
2744 2326 3154 2389 enarrationes
3171 2324 3614 2406 perlego,quasi

1956 2415 2050 2490 iis,
2077 2415 2181 2496 qui
2212 2415 2506 2478 hebetiori
2536 2416 2777 2493 ingenio
2811 2424 2972 2493 sunt,
3010 2415 3289 2497 explicat,
3324 2414 3612 2478 trifariam

1959 2504 2017 2566 in
2037 2503 2247 2566 solidis
2267 2504 2466 2567 cordis
2490 2505 2581 2568 sui
2609 2505 2827 2567 tabulis
2844 2504 3300 2579 describens,eo
3321 2503 3609 2577 adducor,

1959 2600 2023 2656 ut
2046 2613 2166 2656 non
2188 2594 2249 2656 in
2273 2602 2516 2658 externo
2545 2596 2757 2658 littera
2782 2596 3009 2658 cortice
3039 2596 3253 2677 pedem
3278 2595 3475 2673 ﬁgam,
3504 2612 3615 2657 nec

1957 2682 2273 2746 verborum
2300 2692 2526 2747 tantum
2543 2685 2922 2767 superficiem
2942 2685 3349 2767 spectem,sed
3366 2684 3615 2748 ulterius

1958 2773 2515 2857 progrediar,atque
2538 2794 2611 2838 ex
2634 2776 2930 2857 profundo
2954 2775 3014 2835 in
3031 2773 3399 2855 profundum
3427 2784 3615 2836 trans-

1957 2882 2110 2937 eam,
2148 2864 2426 2946 abyssum
2479 2884 2587 2947 per
2629 2864 2911 2946 abyssum
2967 2866 3247 2927 invocans
3276 2866 3362 2947 38,
3394 2884 3464 2928 ac
3509 2882 3617 2946 per

215 2956 277 3011 τὸ
322 2959 503 3034 σῶμα,
549 2954 636 3010 καὶ
680 2954 891 3024 σύνειμι
952 2967 1073 3017 τοῖς
1132 2952 1532 3028 ἐπαινουμένοις
1595 2954 1741 3025 (48),
1787 2957 1870 3011 καὶ

1959 2952 2164 3016 lumen
2198 2953 2404 3017 lumen
2426 2955 2761 3038 inveniens,
2784 2954 3179 3037 quoadusque
3209 2955 3283 3017 ad
3313 2972 3615 3018 summum

218 3046 349 3123 πρὸς
412 3046 511 3111 τὴν
556 3042 779 3110 ἄθλησιν
825 3041 1173 3123 διεγείρομαι,
1210 3040 1388 3101 ’Ὅταν
1435 3044 1644 3113 ἠθικοῖς
1696 3044 1870 3124 λόγοις

1962 3043 2199 3104 tandem
2225 3046 2513 3109 verticem
2540 3064 2891 3127 pervenero.
2920 3044 3066 3108 Cum
3096 3056 3419 3125 martyrum
3436 3064 3614 3107 enco-

217 3135 307 3192 καὶ
364 3147 713 3211 πρακτικοῖς,
779 3136 1096 3213 καθαίρομαι
1158 3133 1343 3213 ψυχὴν
1401 3137 1488 3191 καὶ
1546 3142 1723 3211 σῶμα,
1788 3137 1870 3191 καὶ

1963 3133 2080 3195 mia
2104 3133 2485 3217 lego,corpus
2506 3144 2850 3211 contemno,
2870 3143 2929 3197 et
2949 3154 3085 3197 cum
3102 3135 3197 3210 iis,
3220 3135 3323 3217 qui
3342 3134 3614 3197 laudibus

216 3225 341 3286 ναὸς
372 3225 503 3281 Θεοῦ
533 3224 751 3301 γίνομαι
808 3221 1072 3291 δεκτικὸς,
1136 3224 1224 3279 καὶ
1279 3222 1498 3303 ὄργανον
1550 3235 1870 3303 κρουόμενον

1960 3222 2313 3297 eﬂ‘eruntur,
2335 3226 2536 3288 animo
2568 3235 2983 3303 versor,atque
3012 3225 3084 3287 ad
3118 3232 3422 3287 certamen
3448 3225 3611 3289 exci-

222 3313 520 3389 Πνεύματι,
552 3315 640 3369 καὶ
669 3315 807 3379 θείας
851 3312 1089 3388 ὑμνῳδὸν
1142 3312 1295 3380 δόξης
1343 3336 1401 3369 τε
1430 3316 1518 3371 καὶ
1549 3313 1817 3391 δυνάμεως
1853 3331 1867 3345 ⁸

1962 3326 2078 3381 tor.
2114 3313 2259 3377 Cum
2293 3316 2590 3377 orationes
2624 3335 2745 3399 eas,
2779 3334 2923 3397 quas
2952 3317 3030 3377 de
3064 3315 3329 3377 moribus
3360 3334 3429 3376 ac
3456 3314 3613 3377 bene

217 3404 396 3478 τούτῳ
451 3402 579 3484 (49)
614 3403 1043 3482 μεθαρμόζομαι,
1091 3405 1177 3459 καὶ
1205 3403 1541 3483 ῥυθμίζομαι,
1575 3406 1663 3460 καὶ
1713 3404 1870 3467 ἄλλος

1958 3402 2195 3465 vivendi
2216 3404 2445 3467 ratione
2468 3406 2732 3487 scripsit,
2758 3405 2820 3467 in
2848 3423 3064 3467 manus
3080 3404 3537 3487 accipio,animo
3556 3411 3617 3466 et

211 3492 272 3559 ἓξ
336 3492 498 3549 ἄλλου
554 3493 795 3573 γίνομαι,
827 3493 927 3559 τὴν
986 3493 1127 3549 θείαν
1158 3491 1442 3549 ἀλλοίωσιν
1472 3491 1870 3569 ἂλλοιούμενος.

1960 3511 2212 3574 corpore
2244 3496 2907 3576 purgor,templumque
2927 3494 3035 3556 Dei
3060 3513 3249 3574 capax
3273 3495 3609 3569 efficior,at-

209 3601 331 3666 que
377 3582 845 3645 instrumentum
892 3582 1184 3643 musicum
1229 3602 1264 3644 a
1311 3581 1534 3662 Spiritu
1584 3582 1903 3665 pulsatum,
1936 3581 2319 3666 divinamque
2374 3584 2623 3662 gloriam
2657 3593 2717 3648 et
2747 3583 3067 3665 potentiam
3118 3603 3378 3660 canens;
3424 3584 3613 3666 ipsius

211 3673 420 3738 afﬂatu
451 3671 717 3752 corrigo:
740 3679 802 3734 et
832 3671 1184 3753 concinnor,
1220 3681 1399 3753 atque
1422 3671 1623 3735 divina
1654 3673 1968 3755 quamdam
2004 3673 2329 3735 mutatione
2356 3674 2512 3737 alius
2543 3693 2613 3737 ex
2634 3675 2750 3737 alio
2772 3674 3023 3737 etﬁcior.

301 3762 445 3827 EH’.
497 3760 649 3821 Ἐπεὶ
710 3760 765 3818 δὲ
797 3762 1072 3842 θεολογίας
1127 3765 1425 3839 ἒμνήσθην,
1490 3766 1578 3821 καὶ
1630 3769 1730 3832 τῆς
1762 3766 1870 3845 περῖ

2041 3762 2302 3828 LXVIII.
2346 3762 2640 3837 Quoniam
2674 3772 2871 3827 autem
2906 3763 3216 3842 theologia
3248 3762 3617 3826 mentionem

212 3861 375 3913 τοῦτο
427 3852 521 3910 τοῦ
564 3852 752 3933 ἀνδρὸς
795 3852 1026 3928 μάλιστα
1088 3852 1517 3933 μεγαλοφωνίας,
1551 3854 1627 3912 ἒτι
1657 3855 1870 3911 κάκεῖνο

1960 3852 2097 3928 feci,
2129 3854 2381 3935 ejusque
2399 3855 2459 3916 in
2479 3855 2733 3917 dicendo
2757 3853 3162 3933 sublimitatis,
3186 3872 3309 3931 qua
3334 3852 3433 3913 ille
3462 3854 3519 3913 in
3546 3871 3617 3915 eo

198 3943 507 4024 προσθήσω
555 3954 672 4006 τοῖς
734 3941 1060 4021 εἰρημένοις.
1116 3944 1541 4022 Χρησιμώτατον
1611 3945 1713 4024 γὰρ
1756 3957 1870 4009 τοῖς

1963 3942 2336 4023 potissimum
2361 3944 2697 4025 argumenti
2725 3961 2947 4024 genere
2984 3961 3127 4005 usus
3153 3950 3263 4018 est,
3292 3942 3403 4005 hoc
3425 3943 3623 4009 adhuc

211 4031 468 4098 πολλοῖς,
515 4037 607 4088 τοῦ
664 4031 744 4107 μὴ
795 4030 1144 4107 βλάπτεσθαι,
1191 4033 1292 4099 τὴν
1336 4033 1505 4112 χείρω
1560 4036 1678 4111 περὶ
1720 4035 1870 4089 αὐτοῦ

1960 4032 2370 4113 superioribus
2392 4033 2738 4114 adjungam.
2766 4032 3156 4114 Simplicibus
3174 4032 3334 4095 enim
3361 4033 3510 4093 etim
3521 4050 3623 4111 pe-

214 4120 370 4187 δόξαν
430 4119 683 4202 ἔχοντας.
734 4122 872 4199 Πρὸς
916 4118 967 4175 δὲ
1016 4122 1139 4186 τοὺς
1170 4122 1492 4201 κακούργους
1540 4124 1567 4178 ὁ
1598 4121 1784 4203 λόγος,
1819 4122 1870 4179 οῗ

1958 4120 2091 4184 ritis
2106 4122 2486 4183 utilissimum
2504 4132 2595 4186 est
2611 4123 3022 4203 providere.ne
3035 4122 3253 4185 damno
3267 4122 3621 4190 afficiantur.

221 4224 337 4274 τοῖς
388 4212 590 4267 ἑαυτῶν
635 4223 828 4274 κακοῖς
859 4210 1166 4287 βοηθοῦσιν,
1199 4210 1252 4277 ὶξ
1295 4212 1370 4267 ὧν
1418 4210 1601 4277 ἄλλοις
1633 4211 1870 4292 ἐπηρεά-

1960 4210 2114 4272 male
2139 4219 2199 4274 et
2222 4211 2466 4274 sinistre
2488 4212 2563 4274 de
2584 4212 2718 4294 ipso
2748 4213 3181 4276 existimantes.
3210 4211 3354 4274 Mihi
3382 4230 3518 4274 vero
3546 4211 3621 4273 ad

219 4310 423 4373 ζουσιν.
484 4295 728 4363 Ἐκεῖνος
789 4300 915 4379 γὰρ,
975 4298 1129 4357 ἕνεκα
1170 4300 1301 4380 (50)
1361 4304 1455 4358 τοῦ
1510 4302 1662 4370 ὀρθοῦ
1714 4300 1870 4381 λόγου

1960 4300 2267 4382 improbos
2298 4310 2361 4365 et
2391 4302 2682 4383 malignos
2714 4303 2911 4368 oratio
2942 4311 3055 4377 est,
3089 4302 3194 4384 qui
3241 4321 3311 4363 ex
3342 4320 3412 4364 eo
3460 4302 3623 4379 quod

220 4392 440 4457 καὶτῆς
473 4389 612 4446 κατὰ
639 4389 736 4457 τὴν
802 4388 958 4468 ἁγίαν
1019 4388 1213 4469 Τριάδα
1269 4394 1548 4470 συναφείας
1608 4392 1697 4448 καὶ
1748 4413 1870 4449 συν-

1964 4390 2114 4453 alios
2148 4391 2464 4455 calumniis
2512 4393 2845 4469 incessunt,
2876 4392 3033 4456 vitiis
3084 4391 3208 4454 suis
3239 4411 3414 4473 opem
3464 4390 3627 4453 ferre

217 4481 371 4545 θείας
406 4478 554 4556 (51),
590 4480 625 4549 ἢ
660 4481 754 4537 οὒκ
782 4477 890 4537 οἷδ’
922 4478 950 4537 ὅ
1010 4503 1061 4538 τι
1092 4482 1407 4561 κυριώτερον
1455 4483 1569 4563 χρὴ
1594 4484 1765 4539 εἰπεῖν
1791 4490 1870 4540 κατ

1970 4480 2322 4544 moliuntur.
2355 4479 2462 4543 Ille
2511 4482 2730 4545 etenim
2782 4500 2887 4564 pro
2935 4489 3102 4543 recta
3148 4480 3443 4555 doctrina,
3481 4498 3624 4540 san-

217 4570 546 4651 σαφέστερον
605 4568 755 4651 (52),
809 4571 888 4647 μὴ
934 4568 1015 4627 ὅτι
1072 4572 1271 4651 θρόνων
1325 4575 1604 4648 ὶκπεσετν,
1639 4577 1724 4637 οἷς
1770 4572 1870 4631 οωέ

1972 4580 2202 4652 ctaque
2230 4570 2539 4635 Trinitatis
2582 4572 3009 4653 conjunctione
3037 4580 3097 4633 et
3128 4568 3493 4649 condeitate,
3520 4572 3627 4631 aut

301 4687 357 4734 ³ο
384 4687 534 4755 Gen.
566 4689 815 4773 x1x,24.
901 4686 956 4733 ³⁷
990 4689 1140 4756 Gen.
1172 4709 1255 4769 ιι,
1285 4692 1323 4754 4
1355 4711 1487 4775 sqq.
1572 4690 1628 4736 ³8
1660 4692 1821 4758 Psal.
1853 4708 1976 4774 XLI,
2010 4693 2071 4757 8.

308 4817 428 4906 (μ)
471 4815 737 4906 ,ξαλάνης
794 4817 1021 4906 πύργον..
1077 4815 1177 4906 Si_c
1204 4816 1627 4906 Septuaginta
1670 4826 1870 4906 vocant

1965 4816 2414 4906 Scripturarum
2440 4814 2834 4906 intelligentia
2853 4815 3177 4906 profectus;
3183 4815 3545 4906 habeamus.

223 4893 437 4979 turrim
470 4896 658 4979 illam,
689 4915 827 4974 qua
869 4893 1060 4960 "turris
1117 4893 1498 4979 Babylonica,
1532 4919 1638 4962 seu
1670 4898 1870 4975 Babel,

1980 4976 2006 4979 _
2048 4893 2169 4979 ΗΒ)
2210 4893 2680 4979 ζεπαινοθμένοιὲυ
2766 4893 2868 4958 Sid
2946 4914 3051 4979 sex
3136 4895 3348 4979 “esse.
3407 4896 3624 4979 ἀθρεῖν

224 4976 424 5059 vocari
453 4976 628 5040 solet.
856 5057 899 5059 _
942 5058 982 5059 η
1246 4975 1263 4979 ⁷
1968 4975 2163 5059 Ωοιὸε,
2198 4975 2300 5041 Or.
2334 4978 2396 5057 2,
2430 4976 2591 5059 Par.,
2625 4980 2815 5057 Pass,
2850 4978 3073 5039 etc.Sic
3098 4975 3277 5038 etiam
3306 4976 3451 5053 legit
3479 4976 3618 5040 Bill.

313 5058 726 5147 (45}1‘pméc.
766 5082 794 5115 ι
854 5057 1193 5147 Trifariam,
1249 5084 1278 5116 ι
1315 5059 1394 5147 id
1424 5060 1870 5147 e_s_t,_historice.

1971 5058 2207 5147 ln
2239 5060 2509 5147 ἓπαίνοιῇ
2577 5057 2583 5059 ⁷
2784 5139 2794 5147 _
3032 5136 3079 5147 η
3188 5134 3222 5147 Α
3275 5136 3286 5147 ,
3328 5136 3339 5147 ⁹

227 5134 555 5227 moraliter,
586 5146 648 5199 et
674 5139 1133 5218 anagogice,seu
1161 5142 1425 5221 mystice.
1453 5134 1607 5205 Male
1638 5142 1700 5204 in
1730 5140 1879 5221 Reg.
2040 5134 2425 5227 _(49)'Tm_5np._
2452 5136 3155 5227 ΙόβεΆΠνεύματθιξιξΗοο
3188 5134 3475 5216 Spiritu,»
3510 5137 3625 5215 vel,

227 5189 555 5235 ...πψτη
589 5189 648 5199 --
674 5189 1133 5218 -....g..,,.-..,--..
1161 5189 1425 5221 μων.
1453 5189 1607 5205 ...ων
1638 5189 1700 5204 ...
1730 5189 1870 5221 -...g.

226 5238 285 5296 c,
320 5242 349 5276 τ
386 5242 547 5284 ανως.

314 5243 441 5365 (Ξθ)
476 5298 722 5359 Ἑαυτοῦ.
757 5300 867 5360 Pro
897 5302 1150 5365 ἐμαυτοῦ.
1182 5301 1264 5362 ait
1301 5300 1717 5365 Combefisius.
1758 5328 1783 5359 α
1820 5303 1870 5365 [ι

1977 5243 2002 5278 ε
2038 5189 2878 5301 θρέἶίπέξέῥῖιη’ίιὶι”ς)”εἶίῖιὲιιῖ““›”
2894 5189 3153 5279 ἑίιιῗέἶ
3172 5189 3438 5297 ῥ’ἑῖέεὶξῗ

2051 5303 2165 5365 (50)
2198 5301 2427 5363 "Evam.
2465 5298 2579 5362 Sex
2609 5299 2798 5365 Rem.
2836 5306 2894 5361 et
2917 5298 3082 5360 Pass.
3114 5298 3362 5365 addunt,
3402 5298 3495 5365 μέν

314 5299 441 5382 (46)
476 5299 722 5359 Ἑαυτοῦ.
757 5300 867 5360 Pro
897 5302 1150 5381 ἐμαυτοῦ,
1182 5301 1264 5362 ait
1301 5300 1717 5367 Combeﬁsius.
1758 5328 1783 5359 α
1820 5303 1886 5365 In
2051 5299 2165 5370 (50)
2198 5299 2427 5363 "Eva-1.1.
2465 5299 2579 5362 Sex
2609 5299 2798 5378 Regg.
2836 5306 2894 5361 et
2917 5299 3082 5360 Pass.
3114 5299 3362 5369 addunt,
3402 5299 3520 5371 μὲν.

226 5380 429 5446 cordis
462 5379 578 5442 mei
604 5378 848 5461 tabulis.
888 5405 911 5439 υ
1092 5460 1095 5461 ν
2052 5384 2176 5461 (51)
2212 5385 2306 5440 Καὶ
2338 5385 2581 5445 συνθεὶας
2643 5380 2824 5441 Cois].
2862 5380 2920 5458 1,
2971 5389 3057 5434 καὶ
3090 5381 3379 5457 συμφσέας,
3424 5400 3444 5435 (ι
3482 5399 3633 5441 conn

321 5461 448 5543 (47)
505 5458 651 5529 Μηδὲ
695 5461 912 5539 βλέπειν
957 5462 1022 5517 τὰ
1066 5460 1209 5543 ἅνω,
1269 5460 1524 5543 Exponit
1583 5463 1822 5527 Nicetas

1983 5458 2273 5526 Cretione.
2312 5487 2338 5517 ι

240 5536 496 5625 ζΐῷηλῶς
555 5536 960 5625 αὔτα-θεωρεῖν
998 5562 1010 5574 ·
1080 5568 1112 5625 σεΔ
1144 5542 1281 5625 Alta
1306 5536 1510 5625 Asensu
1564 5546 1870 5625 intelligert

2067 5543 2191 5623 (5‘2)
2225 5544 2576 5622 Σαφὲστερον.
2612 5542 2832 5621 Regg.,
2866 5540 2989 5621 bm,
3025 5540 3127 5620 pl],
3181 5536 3284 5600 Or.
3321 5541 3357 5599 ⁸2
3392 5552 3447 5601 Cl
3474 5544 3632 5615 Par.,

234 5619 598 5705 Scripturas.
638 5642 669 5705 ιξ
705 5619 870 5705 Quod
906 5640 980 5686 ne
1015 5622 1259 5705 quidem
1293 5622 1578 5703 Gregorio
1603 5619 1870 5689 satis'est

1982 5625 2264 5705 συναφεστε
2273 5646 2359 5700 ρον
2370 5668 2383 5681 .

236 5702 344 5765 sed
371 5702 624 5764 ulterius
645 5703 821 5781 jubet
844 5702 1147 5783 progredi,
1185 5712 1247 5766 ut
1274 5702 1534 5785 majdres
1564 5725 1804 5788 semper
1836 5708 1897 5768 in

540 5811 827 5883 .pmos.
874 5813 992 5875 Gn.
1037 5813 1316 5878 XXXVI.
3244 5808 3320 5870 19
