  <div class='ocr_page' id='page_1' title='image "/cluster/home/n/w/nwhite01/storage/ocr_20150623/36:no.2/coo.31924054869338/303.png"; bbox 0 0 4150 6394; ppageno 0'>
   <div class='ocr_carea' id='block_1_1' title="bbox 502 314 613 380">
    <p class='ocr_par' dir='ltr' id='par_1_1' title="bbox 502 314 613 380">
     <span class='ocr_line' id='line_1_1' title="bbox 502 314 613 380; baseline 0 -1"><span class='ocrx_word' id='word_1_1' title='bbox 502 314 613 380; x_wconf 77' lang='grc'>591</span> 
     </span>
    </p>
   </div>
   <div class='ocr_carea' id='block_1_2' title="bbox 498 541 2153 623">
    <p class='ocr_par' dir='ltr' id='par_1_2' title="bbox 498 541 2153 623">
     <span class='ocr_line' id='line_1_2' title="bbox 498 541 2153 623; baseline 0 -20"><span class='ocrx_word' id='word_1_2' title='bbox 498 559 810 617; x_wconf 87' lang='lat' dir='ltr'>nem,cum</span> <span class='ocrx_word' id='word_1_3' title='bbox 832 541 947 601; x_wconf 88' lang='lat' dir='ltr'>illis</span> <span class='ocrx_word' id='word_1_4' title='bbox 967 542 1248 603; x_wconf 88' lang='lat' dir='ltr'>Basilium</span> <span class='ocrx_word' id='word_1_5' title='bbox 1276 550 1541 603; x_wconf 89' lang='lat' dir='ltr'>nostrum</span> <span class='ocrx_word' id='word_1_6' title='bbox 1567 542 2153 623; x_wconf 83' lang='lat' dir='ltr'>conferamus,atque</span> 
     </span>
    </p>
   </div>
   <div class='ocr_carea' id='block_1_3' title="bbox 503 630 2151 712">
    <p class='ocr_par' dir='ltr' id='par_1_3' title="bbox 503 630 2151 712">
     <span class='ocr_line' id='line_1_3' title="bbox 503 630 2151 712; baseline 0.001 -20"><span class='ocrx_word' id='word_1_7' title='bbox 503 630 870 710; x_wconf 87' lang='lat' dir='ltr'>hinc,qualis</span> <span class='ocrx_word' id='word_1_8' title='bbox 889 630 1511 710; x_wconf 81' lang='lat' dir='ltr'>fuerit,agnoscamus.</span> <span class='ocrx_word' id='word_1_9' title='bbox 1533 632 1720 693; x_wconf 86' lang='lat' dir='ltr'>Adam</span> <span class='ocrx_word' id='word_1_10' title='bbox 1741 633 1841 692; x_wconf 86' lang='lat' dir='ltr'>Dei</span> <span class='ocrx_word' id='word_1_11' title='bbox 1868 651 2043 693; x_wconf 89' lang='lat' dir='ltr'>manu</span> <span class='ocrx_word' id='word_1_12' title='bbox 2066 632 2151 712; x_wconf 73' lang='grc'>40,</span> 
     </span>
    </p>
   </div>
   <div class='ocr_carea' id='block_1_4' title="bbox 501 720 2150 801">
    <p class='ocr_par' dir='ltr' id='par_1_4' title="bbox 501 720 2150 801">
     <span class='ocr_line' id='line_1_4' title="bbox 501 720 2150 801; baseline 0.002 -20"><span class='ocrx_word' id='word_1_13' title='bbox 501 739 568 782; x_wconf 84' lang='lat' dir='ltr'>ac</span> <span class='ocrx_word' id='word_1_14' title='bbox 600 720 948 781; x_wconf 86' lang='lat' dir='ltr'>deliciarum</span> <span class='ocrx_word' id='word_1_15' title='bbox 1001 720 1279 801; x_wconf 83' lang='lat' dir='ltr'>paradisi,</span> <span class='ocrx_word' id='word_1_16' title='bbox 1307 730 1363 782; x_wconf 89' lang='lat' dir='ltr'>et</span> <span class='ocrx_word' id='word_1_17' title='bbox 1393 722 1583 800; x_wconf 90' lang='lat' dir='ltr'>prima</span> <span class='ocrx_word' id='word_1_18' title='bbox 1614 720 1742 800; x_wconf 91' lang='lat' dir='ltr'>lege</span> <span class='ocrx_word' id='word_1_19' title='bbox 1792 721 2010 801; x_wconf 86' lang='lat' dir='ltr'>dignus</span> <span class='ocrx_word' id='word_1_20' title='bbox 2042 722 2150 784; x_wconf 89' lang='lat' dir='ltr'>ba-</span> 
     </span>
    </p>
   </div>
   <div class='ocr_carea' id='block_1_5' title="bbox 504 809 2153 892">
    <p class='ocr_par' dir='ltr' id='par_1_5' title="bbox 504 809 2153 892">
     <span class='ocr_line' id='line_1_5' title="bbox 504 809 2153 892; baseline 0.001 -22"><span class='ocrx_word' id='word_1_21' title='bbox 504 809 664 870; x_wconf 90' lang='lat' dir='ltr'>bitus</span> <span class='ocrx_word' id='word_1_22' title='bbox 699 818 831 879; x_wconf 89' lang='lat' dir='ltr'>est;</span> <span class='ocrx_word' id='word_1_23' title='bbox 867 809 968 870; x_wconf 94' lang='lat' dir='ltr'>ille</span> <span class='ocrx_word' id='word_1_24' title='bbox 1005 822 1224 885; x_wconf 90' lang='lat' dir='ltr'>tamen,</span> <span class='ocrx_word' id='word_1_25' title='bbox 1251 830 1326 871; x_wconf 89' lang='lat' dir='ltr'>ne</span> <span class='ocrx_word' id='word_1_26' title='bbox 1355 810 1498 886; x_wconf 89' lang='lat' dir='ltr'>quid</span> <span class='ocrx_word' id='word_1_27' title='bbox 1531 810 1745 872; x_wconf 65' lang='lat' dir='ltr'>debitae</span> <span class='ocrx_word' id='word_1_28' title='bbox 1778 811 2010 892; x_wconf 87' lang='lat' dir='ltr'>parenti</span> <span class='ocrx_word' id='word_1_29' title='bbox 2040 832 2153 872; x_wconf 91' lang='lat' dir='ltr'>no-</span> 
     </span>
    </p>
   </div>
   <div class='ocr_carea' id='block_1_6' title="bbox 502 897 2150 981">
    <p class='ocr_par' dir='ltr' id='par_1_6' title="bbox 502 897 2150 981">
     <span class='ocr_line' id='line_1_6' title="bbox 502 897 2150 981; baseline -0.001 -22"><span class='ocrx_word' id='word_1_30' title='bbox 502 908 623 959; x_wconf 91' lang='lat' dir='ltr'>stro</span> <span class='ocrx_word' id='word_1_31' title='bbox 650 897 999 961; x_wconf 70' lang='lat' dir='ltr'>reverentize</span> <span class='ocrx_word' id='word_1_32' title='bbox 1022 900 1516 961; x_wconf 85' lang='lat' dir='ltr'>contumeliosum</span> <span class='ocrx_word' id='word_1_33' title='bbox 1543 900 1761 977; x_wconf 89' lang='lat' dir='ltr'>dicam,</span> <span class='ocrx_word' id='word_1_34' title='bbox 1796 910 2150 981; x_wconf 70' lang='lat' dir='ltr'>praeceptum</span> 
     </span>
    </p>
   </div>
   <div class='ocr_carea' id='block_1_7' title="bbox 506 987 2157 1069">
    <p class='ocr_par' dir='ltr' id='par_1_7' title="bbox 506 987 2157 1069">
     <span class='ocr_line' id='line_1_7' title="bbox 506 987 2157 1069; baseline 0.001 -21"><span class='ocrx_word' id='word_1_35' title='bbox 506 988 755 1049; x_wconf 90' lang='lat' dir='ltr'>minime</span> <span class='ocrx_word' id='word_1_36' title='bbox 795 987 1078 1047; x_wconf 88' lang='lat' dir='ltr'>servavit:</span> <span class='ocrx_word' id='word_1_37' title='bbox 1118 988 1215 1048; x_wconf 91' lang='lat' dir='ltr'>hic</span> <span class='ocrx_word' id='word_1_38' title='bbox 1262 995 1485 1063; x_wconf 91' lang='lat' dir='ltr'>autem,</span> <span class='ocrx_word' id='word_1_39' title='bbox 1514 997 1573 1050; x_wconf 91' lang='lat' dir='ltr'>et</span> <span class='ocrx_word' id='word_1_40' title='bbox 1620 989 1765 1050; x_wconf 92' lang='lat' dir='ltr'>illud</span> <span class='ocrx_word' id='word_1_41' title='bbox 1812 990 2062 1069; x_wconf 87' lang='lat' dir='ltr'>accepit,</span> <span class='ocrx_word' id='word_1_42' title='bbox 2098 997 2157 1050; x_wconf 89' lang='lat' dir='ltr'>et</span> 
     </span>
    </p>
   </div>
   <div class='ocr_carea' id='block_1_8' title="bbox 499 1076 2151 1156">
    <p class='ocr_par' dir='ltr' id='par_1_8' title="bbox 499 1076 2151 1156">
     <span class='ocr_line' id='line_1_8' title="bbox 499 1076 2151 1156; baseline 0.001 -17"><span class='ocrx_word' id='word_1_43' title='bbox 499 1078 770 1153; x_wconf 78' lang='lat' dir='ltr'>servavit,</span> <span class='ocrx_word' id='word_1_44' title='bbox 809 1094 917 1137; x_wconf 91' lang='lat' dir='ltr'>nec</span> <span class='ocrx_word' id='word_1_45' title='bbox 947 1094 1016 1136; x_wconf 82' lang='lat' dir='ltr'>ex</span> <span class='ocrx_word' id='word_1_46' title='bbox 1047 1076 1310 1139; x_wconf 63' lang='lat' dir='ltr'>scientia}</span> <span class='ocrx_word' id='word_1_47' title='bbox 1345 1078 1505 1155; x_wconf 88' lang='lat' dir='ltr'>ligno</span> <span class='ocrx_word' id='word_1_48' title='bbox 1555 1079 1923 1140; x_wconf 84' lang='lat' dir='ltr'>incommodi</span> <span class='ocrx_word' id='word_1_49' title='bbox 1972 1079 2151 1156; x_wconf 84' lang='lat' dir='ltr'>quid-</span> 
     </span>
    </p>
   </div>
   <div class='ocr_carea' id='block_1_9' title="bbox 499 1166 2154 1248">
    <p class='ocr_par' dir='ltr' id='par_1_9' title="bbox 499 1166 2154 1248">
     <span class='ocr_line' id='line_1_9' title="bbox 499 1166 2154 1248; baseline 0.001 -20"><span class='ocrx_word' id='word_1_50' title='bbox 499 1186 678 1244; x_wconf 90' lang='lat' dir='ltr'>quam</span> <span class='ocrx_word' id='word_1_51' title='bbox 709 1166 939 1246; x_wconf 86' lang='lat' dir='ltr'>accepit</span> <span class='ocrx_word' id='word_1_52' title='bbox 960 1186 973 1246; x_wconf 87' lang='lat'><strong>;</strong></span> <span class='ocrx_word' id='word_1_53' title='bbox 996 1184 1107 1227; x_wconf 84' lang='lat' dir='ltr'>nec</span> <span class='ocrx_word' id='word_1_54' title='bbox 1123 1166 1352 1242; x_wconf 92' lang='lat' dir='ltr'>dubito,</span> <span class='ocrx_word' id='word_1_55' title='bbox 1370 1169 1870 1244; x_wconf 84' lang='lat' dir='ltr'>quinﬂammeum</span> <span class='ocrx_word' id='word_1_56' title='bbox 1896 1169 2154 1248; x_wconf 77' lang='lat' dir='ltr'>gladium</span> 
     </span>
    </p>
   </div>
   <div class='ocr_carea' id='block_1_10' title="bbox 496 1257 2159 1339">
    <p class='ocr_par' dir='ltr' id='par_1_10' title="bbox 496 1257 2159 1339">
     <span class='ocr_line' id='line_1_10' title="bbox 496 1257 2159 1339; baseline 0.001 -22"><span class='ocrx_word' id='word_1_57' title='bbox 496 1264 979 1337; x_wconf 67' lang='lat' dir='ltr'>praetergressus,</span> <span class='ocrx_word' id='word_1_58' title='bbox 1008 1257 1078 1317; x_wconf 90' lang='lat' dir='ltr'>ad</span> <span class='ocrx_word' id='word_1_59' title='bbox 1107 1257 1446 1336; x_wconf 88' lang='lat' dir='ltr'>paradisum</span> <span class='ocrx_word' id='word_1_60' title='bbox 1475 1257 1829 1337; x_wconf 83' lang='lat' dir='ltr'>pervenerit.</span> <span class='ocrx_word' id='word_1_61' title='bbox 1860 1257 2018 1320; x_wconf 88' lang='lat' dir='ltr'>Enos</span> <span class='ocrx_word' id='word_1_62' title='bbox 2043 1258 2159 1339; x_wconf 88' lang='lat' dir='ltr'>pri-</span> 
     </span>
    </p>
   </div>
   <div class='ocr_carea' id='block_1_11' title="bbox 496 1343 2151 1427">
    <p class='ocr_par' dir='ltr' id='par_1_11' title="bbox 496 1343 2151 1427">
     <span class='ocr_line' id='line_1_11' title="bbox 496 1343 2151 1427; baseline 0 -20"><span class='ocrx_word' id='word_1_63' title='bbox 496 1365 627 1407; x_wconf 91' lang='lat' dir='ltr'>mus</span> <span class='ocrx_word' id='word_1_64' title='bbox 658 1365 763 1427; x_wconf 90' lang='lat' dir='ltr'>spe</span> <span class='ocrx_word' id='word_1_65' title='bbox 798 1343 1091 1405; x_wconf 91' lang='lat' dir='ltr'>adductus</span> <span class='ocrx_word' id='word_1_66' title='bbox 1124 1354 1236 1426; x_wconf 88' lang='lat' dir='ltr'>est,</span> <span class='ocrx_word' id='word_1_67' title='bbox 1271 1353 1335 1407; x_wconf 93' lang='lat' dir='ltr'>ut</span> <span class='ocrx_word' id='word_1_68' title='bbox 1368 1345 1684 1408; x_wconf 91' lang='lat' dir='ltr'>Dominum</span> <span class='ocrx_word' id='word_1_69' title='bbox 1733 1348 2033 1409; x_wconf 87' lang='lat' dir='ltr'>invocaret</span> <span class='ocrx_word' id='word_1_70' title='bbox 2063 1346 2151 1407; x_wconf 70' lang='grc' dir='ltr'>δίε</span> 
     </span>
    </p>
   </div>
   <div class='ocr_carea' id='block_1_12' title="bbox 1722 310 2625 383">
    <p class='ocr_par' dir='ltr' id='par_1_12' title="bbox 1722 310 2625 383">
     <span class='ocr_line' id='line_1_12' title="bbox 1722 310 2625 383; baseline -0.002 0"><span class='ocrx_word' id='word_1_71' title='bbox 1722 320 1784 383; x_wconf 87' lang='lat' dir='ltr'>S.</span> <span class='ocrx_word' id='word_1_72' title='bbox 1832 310 2199 382; x_wconf 80' lang='lat' dir='ltr'>GREGORH</span> <span class='ocrx_word' id='word_1_73' title='bbox 2242 314 2625 381; x_wconf 81' lang='lat' dir='ltr'>THEOLOGI</span> 
     </span>
    </p>
   </div>
   <div class='ocr_carea' id='block_1_13' title="bbox 498 450 2160 533">
    <p class='ocr_par' dir='ltr' id='par_1_13' title="bbox 498 450 2145 533">
     <span class='ocr_line' id='line_1_13' title="bbox 498 450 2145 533; baseline -0.001 -19"><span class='ocrx_word' id='word_1_74' title='bbox 498 454 802 523; x_wconf 82' lang='lat' dir='ltr'>doctores,</span> <span class='ocrx_word' id='word_1_75' title='bbox 828 452 1009 513; x_wconf 87' lang='lat' dir='ltr'>fortes</span> <span class='ocrx_word' id='word_1_76' title='bbox 1031 450 1173 511; x_wconf 69' lang='lat'>825</span> <span class='ocrx_word' id='word_1_77' title='bbox 1193 469 1381 533; x_wconf 91' lang='lat' dir='ltr'>usque</span> <span class='ocrx_word' id='word_1_78' title='bbox 1410 452 1482 513; x_wconf 89' lang='lat' dir='ltr'>ad</span> <span class='ocrx_word' id='word_1_79' title='bbox 1506 452 1813 532; x_wconf 80' lang='lat' dir='ltr'>sanguinis</span> <span class='ocrx_word' id='word_1_80' title='bbox 1847 453 2145 531; x_wconf 80' lang='lat' dir='ltr'>profusio-</span> 
     </span>
    </p>
   </div>
   <div class='ocr_carea' id='block_1_14' title="bbox 2250 450 2747 533">
    <p class='ocr_par' dir='ltr' id='par_1_14' title="bbox 2250 452 2747 532">
     <span class='ocr_line' id='line_1_14' title="bbox 2250 452 2747 532; baseline 0.002 -24"><span class='ocrx_word' id='word_1_81' title='bbox 2250 452 2427 532; x_wconf 62' lang='grc' dir='ltr'>λέχρις</span> <span class='ocrx_word' id='word_1_82' title='bbox 2493 454 2747 531; x_wconf 63' lang='grc' dir='ltr'>αἳματος,</span> 
     </span>
    </p>
   </div>
   <div class='ocr_carea' id='block_1_15' title="bbox 3780 316 3903 383">
    <p class='ocr_par' dir='ltr' id='par_1_15' title="bbox 3780 316 3903 383">
     <span class='ocr_line' id='line_1_15' title="bbox 3780 316 3903 383; baseline 0.024 -3"><span class='ocrx_word' id='word_1_83' title='bbox 3780 316 3903 383; x_wconf 60' lang='grc' dir='ltr'>59ἑ2</span> 
     </span>
    </p>
   </div>
   <div class='ocr_carea' id='block_1_16' title="bbox 2835 452 3905 533">
    <p class='ocr_par' dir='ltr' id='par_1_16' title="bbox 2835 452 3905 533">
     <span class='ocr_line' id='line_1_16' title="bbox 2835 452 3905 533; baseline -0.003 -22"><span class='ocrx_word' id='word_1_84' title='bbox 2835 452 2959 533; x_wconf 85' lang='grc' dir='ltr'>παρ’</span> <span class='ocrx_word' id='word_1_85' title='bbox 3055 454 3275 517; x_wconf 78' lang='grc' dir='ltr'>ἐκείνοις</span> <span class='ocrx_word' id='word_1_86' title='bbox 3350 456 3474 533; x_wconf 77' lang='grc'>(72)</span> <span class='ocrx_word' id='word_1_87' title='bbox 3524 458 3589 513; x_wconf 79' lang='grc' dir='ltr'>τὰ</span> <span class='ocrx_word' id='word_1_88' title='bbox 3662 456 3905 531; x_wconf 78' lang='grc' dir='ltr'>ἡμέτερα</span> 
     </span>
    </p>
   </div>
   <div class='ocr_carea' id='block_1_17' title="bbox 2729 544 3904 626">
    <p class='ocr_par' dir='ltr' id='par_1_17' title="bbox 2729 544 3904 626">
     <span class='ocr_line' id='line_1_17' title="bbox 2729 544 3904 626; baseline 0.005 -27"><span class='ocrx_word' id='word_1_89' title='bbox 2729 544 3003 601; x_wconf 74' lang='grc' dir='ltr'>κάντεῦθεν</span> <span class='ocrx_word' id='word_1_90' title='bbox 3085 546 3174 601; x_wconf 79' lang='grc' dir='ltr'>τὸν</span> <span class='ocrx_word' id='word_1_91' title='bbox 3271 545 3431 626; x_wconf 78' lang='grc' dir='ltr'>ἄνδρα</span> <span class='ocrx_word' id='word_1_92' title='bbox 3525 548 3904 624; x_wconf 77' lang='grc' dir='ltr'>γνωρίσωμεν.</span> 
     </span>
    </p>
   </div>
   <div class='ocr_carea' id='block_1_18' title="bbox 2240 622 3904 714">
    <p class='ocr_par' dir='ltr' id='par_1_18' title="bbox 2240 622 3904 714">
     <span class='ocr_line' id='line_1_18' title="bbox 2240 622 3904 714; baseline 0.002 -28"><span class='ocrx_word' id='word_1_93' title='bbox 2240 622 2409 707; x_wconf 60' lang='grc' dir='ltr'>Ἀδὰμ.</span> <span class='ocrx_word' id='word_1_94' title='bbox 2452 632 2651 701; x_wconf 74' lang='grc' dir='ltr'>ἠξιώθη</span> <span class='ocrx_word' id='word_1_95' title='bbox 2699 641 2829 691; x_wconf 80' lang='grc' dir='ltr'>Θεοῦ</span> <span class='ocrx_word' id='word_1_96' title='bbox 2892 636 3096 714; x_wconf 65' lang='grc' dir='ltr'>χειρὸς,</span> <span class='ocrx_word' id='word_1_97' title='bbox 3166 638 3252 692; x_wconf 83' lang='grc' dir='ltr'>καὶ</span> <span class='ocrx_word' id='word_1_98' title='bbox 3312 622 3904 714; x_wconf 14' lang='grc' dir='ltr'>παραδείσουὴτρυφῆς,</span> 
     </span>
    </p>
   </div>
   <div class='ocr_carea' id='block_1_19' title="bbox 2239 722 3899 802">
    <p class='ocr_par' dir='ltr' id='par_1_19' title="bbox 2239 722 3899 802">
     <span class='ocr_line' id='line_1_19' title="bbox 2239 722 3899 802; baseline 0.006 -27"><span class='ocrx_word' id='word_1_99' title='bbox 2239 723 2325 775; x_wconf 85' lang='grc' dir='ltr'>καὶ</span> <span class='ocrx_word' id='word_1_100' title='bbox 2371 723 2589 800; x_wconf 80' lang='grc' dir='ltr'>πρώτης</span> <span class='ocrx_word' id='word_1_101' title='bbox 2637 723 2946 797; x_wconf 68' lang='grc' dir='ltr'>νομοθεσίας</span> <span class='ocrx_word' id='word_1_102' title='bbox 2974 739 2986 752; x_wconf 88' lang='grc'><strong><em>⁸</em></strong></span> <span class='ocrx_word' id='word_1_103' title='bbox 3029 722 3175 798; x_wconf 86' lang='grc' dir='ltr'>ἀλλ’,</span> <span class='ocrx_word' id='word_1_104' title='bbox 3209 726 3252 780; x_wconf 83' lang='grc' dir='ltr'>εἰ</span> <span class='ocrx_word' id='word_1_105' title='bbox 3283 727 3360 800; x_wconf 72' lang='grc' dir='ltr'>μή</span> <span class='ocrx_word' id='word_1_106' title='bbox 3392 748 3441 779; x_wconf 87' lang='grc' dir='ltr'>τι</span> <span class='ocrx_word' id='word_1_107' title='bbox 3473 723 3615 802; x_wconf 86' lang='grc' dir='ltr'>λέγω</span> <span class='ocrx_word' id='word_1_108' title='bbox 3643 723 3899 801; x_wconf 67' lang='grc' dir='ltr'>βλάσφηο</span> 
     </span>
    </p>
   </div>
   <div class='ocr_carea' id='block_1_20' title="bbox 2240 810 3911 892">
    <p class='ocr_par' dir='ltr' id='par_1_20' title="bbox 2240 810 3911 892">
     <span class='ocr_line' id='line_1_20' title="bbox 2240 810 3911 892; baseline 0.001 -26"><span class='ocrx_word' id='word_1_109' title='bbox 2240 834 2340 885; x_wconf 83' lang='grc' dir='ltr'>μον</span> <span class='ocrx_word' id='word_1_110' title='bbox 2402 810 2541 869; x_wconf 74' lang='grc' dir='ltr'>αἰδοῖ</span> <span class='ocrx_word' id='word_1_111' title='bbox 2597 816 2689 868; x_wconf 69' lang='grc' dir='ltr'>τοῦ</span> <span class='ocrx_word' id='word_1_112' title='bbox 2753 814 3113 892; x_wconf 79' lang='grc' dir='ltr'>προπάτορος,</span> <span class='ocrx_word' id='word_1_113' title='bbox 3170 815 3265 882; x_wconf 74' lang='grc' dir='ltr'>τὴν</span> <span class='ocrx_word' id='word_1_114' title='bbox 3310 813 3531 881; x_wconf 73' lang='grc' dir='ltr'>ἐντολὴν</span> <span class='ocrx_word' id='word_1_115' title='bbox 3583 812 3911 892; x_wconf 45' lang='lat'>0347.339611-</span> 
     </span>
    </p>
   </div>
   <div class='ocr_carea' id='block_1_21' title="bbox 2236 544 2622 620">
    <p class='ocr_par' dir='ltr' id='par_1_21' title="bbox 2236 544 2622 620">
     <span class='ocr_line' id='line_1_21' title="bbox 2236 544 2622 620; baseline 0.005 -22"><span class='ocrx_word' id='word_1_116' title='bbox 2236 544 2622 620; x_wconf 56' lang='grc' dir='ltr'>θεωρίσαντες,</span> 
     </span>
    </p>
   </div>
   <div class='ocr_carea' id='block_1_22' title="bbox 2240 900 3907 980">
    <p class='ocr_par' dir='ltr' id='par_1_22' title="bbox 2240 900 3907 980">
     <span class='ocr_line' id='line_1_22' title="bbox 2240 900 3907 980; baseline 0.001 -25"><span class='ocrx_word' id='word_1_117' title='bbox 2240 900 2321 964; x_wconf 79' lang='grc' dir='ltr'>ξεν</span> <span class='ocrx_word' id='word_1_118' title='bbox 2358 920 2371 932; x_wconf 80' lang='grc'><strong><em>⁸</em></strong></span> <span class='ocrx_word' id='word_1_119' title='bbox 2434 904 2460 957; x_wconf 76' lang='grc' dir='ltr'>ὁ</span> <span class='ocrx_word' id='word_1_120' title='bbox 2520 900 2598 980; x_wconf 81' lang='grc' dir='ltr'>δὲ,</span> <span class='ocrx_word' id='word_1_121' title='bbox 2646 903 2734 959; x_wconf 90' lang='grc' dir='ltr'>καὶ</span> <span class='ocrx_word' id='word_1_122' title='bbox 2794 902 3001 967; x_wconf 63' lang='grc' dir='ltr'>ἐδέξατο</span> <span class='ocrx_word' id='word_1_123' title='bbox 3044 903 3269 973; x_wconf 78' lang='grc' dir='ltr'>ταύτην,</span> <span class='ocrx_word' id='word_1_124' title='bbox 3332 905 3418 959; x_wconf 80' lang='grc' dir='ltr'>καὶ</span> <span class='ocrx_word' id='word_1_125' title='bbox 3462 902 3776 977; x_wconf 85' lang='grc' dir='ltr'>διεσώσατο,</span> <span class='ocrx_word' id='word_1_126' title='bbox 3815 904 3907 957; x_wconf 75' lang='grc' dir='ltr'>καὶ</span> 
     </span>
    </p>
   </div>
   <div class='ocr_carea' id='block_1_23' title="bbox 2239 988 3901 1073">
    <p class='ocr_par' dir='ltr' id='par_1_23' title="bbox 2239 988 3901 1073">
     <span class='ocr_line' id='line_1_23' title="bbox 2239 988 3901 1073; baseline 0.001 -29"><span class='ocrx_word' id='word_1_127' title='bbox 2239 996 2313 1063; x_wconf 86' lang='grc' dir='ltr'>τῷ</span> <span class='ocrx_word' id='word_1_128' title='bbox 2372 988 2505 1063; x_wconf 78' lang='grc' dir='ltr'>Ξύλῳ</span> <span class='ocrx_word' id='word_1_129' title='bbox 2562 994 2657 1058; x_wconf 77' lang='grc' dir='ltr'>τῆς</span> <span class='ocrx_word' id='word_1_130' title='bbox 2720 992 2969 1069; x_wconf 87' lang='grc' dir='ltr'>γνώσεως</span> <span class='ocrx_word' id='word_1_131' title='bbox 3020 991 3115 1048; x_wconf 67' lang='grc' dir='ltr'>οὒκ</span> <span class='ocrx_word' id='word_1_132' title='bbox 3172 990 3395 1063; x_wconf 75' lang='grc' dir='ltr'>ἐϐλάϐη,</span> <span class='ocrx_word' id='word_1_133' title='bbox 3446 995 3531 1049; x_wconf 81' lang='grc' dir='ltr'>καὶ</span> <span class='ocrx_word' id='word_1_134' title='bbox 3574 992 3901 1073; x_wconf 70' lang='grc' dir='ltr'>τὴνςρλογί-</span> 
     </span>
    </p>
   </div>
   <div class='ocr_carea' id='block_1_24' title="bbox 2242 1079 3903 1161">
    <p class='ocr_par' dir='ltr' id='par_1_24' title="bbox 2242 1079 3903 1161">
     <span class='ocr_line' id='line_1_24' title="bbox 2242 1079 3903 1161; baseline 0.002 -27"><span class='ocrx_word' id='word_1_135' title='bbox 2242 1103 2337 1147; x_wconf 91' lang='grc' dir='ltr'>νην</span> <span class='ocrx_word' id='word_1_136' title='bbox 2399 1079 2523 1155; x_wconf 86' lang='grc'>(73)</span> <span class='ocrx_word' id='word_1_137' title='bbox 2579 1082 2837 1160; x_wconf 72' lang='grc' dir='ltr'>ῥομφαίαν</span> <span class='ocrx_word' id='word_1_138' title='bbox 2902 1080 3197 1161; x_wconf 82' lang='grc' dir='ltr'>παρελθὼν,</span> <span class='ocrx_word' id='word_1_139' title='bbox 3258 1082 3313 1137; x_wconf 78' lang='grc' dir='ltr'>εὖ</span> <span class='ocrx_word' id='word_1_140' title='bbox 3374 1081 3520 1157; x_wconf 76' lang='grc' dir='ltr'>οῖδα,</span> <span class='ocrx_word' id='word_1_141' title='bbox 3582 1106 3674 1139; x_wconf 79' lang='grc' dir='ltr'>του</span> <span class='ocrx_word' id='word_1_142' title='bbox 3720 1104 3903 1159; x_wconf 81' lang='grc' dir='ltr'>παρα-</span> 
     </span>
    </p>
   </div>
   <div class='ocr_carea' id='block_1_25' title="bbox 2242 1169 3900 1251">
    <p class='ocr_par' dir='ltr' id='par_1_25' title="bbox 2242 1169 3900 1251">
     <span class='ocr_line' id='line_1_25' title="bbox 2242 1169 3900 1251; baseline 0.001 -27"><span class='ocrx_word' id='word_1_143' title='bbox 2242 1169 2411 1227; x_wconf 81' lang='grc' dir='ltr'>δείσου</span> <span class='ocrx_word' id='word_1_144' title='bbox 2446 1171 2768 1251; x_wconf 69' lang='grc' dir='ltr'>τετύχηκεν,</span> <span class='ocrx_word' id='word_1_145' title='bbox 2830 1169 2995 1236; x_wconf 87' lang='grc' dir='ltr'>Ἐνὼς</span> <span class='ocrx_word' id='word_1_146' title='bbox 3054 1169 3249 1237; x_wconf 69' lang='grc' dir='ltr'>ἤλπισε</span> <span class='ocrx_word' id='word_1_147' title='bbox 3285 1179 3494 1250; x_wconf 73' lang='grc' dir='ltr'>πρῶτος</span> <span class='ocrx_word' id='word_1_148' title='bbox 3526 1170 3900 1229; x_wconf 78' lang='grc' dir='ltr'>ἐπικαλεῖσθαι</span> 
     </span>
    </p>
   </div>
   <div class='ocr_carea' id='block_1_26' title="bbox 2242 1259 3899 1341">
    <p class='ocr_par' dir='ltr' id='par_1_26' title="bbox 2242 1259 3899 1341">
     <span class='ocr_line' id='line_1_26' title="bbox 2242 1259 3899 1341; baseline 0 -26"><span class='ocrx_word' id='word_1_149' title='bbox 2242 1263 2334 1315; x_wconf 77' lang='grc' dir='ltr'>τὸν</span> <span class='ocrx_word' id='word_1_150' title='bbox 2391 1262 2577 1338; x_wconf 72' lang='grc' dir='ltr'>Κύριον</span> <span class='ocrx_word' id='word_1_151' title='bbox 2614 1282 2625 1293; x_wconf 90' lang='grc'><strong>·</strong></span> <span class='ocrx_word' id='word_1_152' title='bbox 2664 1264 2691 1317; x_wconf 78' lang='grc' dir='ltr'><strong>ὁ</strong></span> <span class='ocrx_word' id='word_1_153' title='bbox 2722 1259 2801 1341; x_wconf 72' lang='grc' dir='ltr'>δὲ,</span> <span class='ocrx_word' id='word_1_154' title='bbox 2848 1263 2933 1315; x_wconf 84' lang='grc' dir='ltr'>καὶ</span> <span class='ocrx_word' id='word_1_155' title='bbox 2980 1260 3356 1336; x_wconf 81' lang='grc' dir='ltr'>ἐπικέκληται,</span> <span class='ocrx_word' id='word_1_156' title='bbox 3412 1264 3500 1317; x_wconf 90' lang='grc' dir='ltr'>καὶ</span> <span class='ocrx_word' id='word_1_157' title='bbox 3544 1276 3661 1324; x_wconf 79' lang='grc' dir='ltr'>τοῖς</span> <span class='ocrx_word' id='word_1_158' title='bbox 3715 1260 3899 1323; x_wconf 62' lang='grc' dir='ltr'>ἄλλοις</span> 
     </span>
    </p>
   </div>
   <div class='ocr_carea' id='block_1_27' title="bbox 2244 1348 3903 1430">
    <p class='ocr_par' dir='ltr' id='par_1_27' title="bbox 2244 1348 3903 1430">
     <span class='ocr_line' id='line_1_27' title="bbox 2244 1348 3903 1430; baseline 0.001 -27"><span class='ocrx_word' id='word_1_159' title='bbox 2244 1348 2513 1427; x_wconf 70' lang='grc' dir='ltr'>ἐκήρυξεν,</span> <span class='ocrx_word' id='word_1_160' title='bbox 2556 1349 2583 1406; x_wconf 80' lang='grc' dir='ltr'>ὅ</span> <span class='ocrx_word' id='word_1_161' title='bbox 2618 1358 2708 1407; x_wconf 79' lang='grc' dir='ltr'>τοῦ</span> <span class='ocrx_word' id='word_1_162' title='bbox 2742 1349 3112 1406; x_wconf 74' lang='grc' dir='ltr'>ἐπικαλεῖσθαι</span> <span class='ocrx_word' id='word_1_163' title='bbox 3144 1349 3279 1406; x_wconf 78' lang='grc' dir='ltr'>πολὺ</span> <span class='ocrx_word' id='word_1_164' title='bbox 3341 1351 3679 1430; x_wconf 86' lang='grc' dir='ltr'>τιμιώτερον.</span> <span class='ocrx_word' id='word_1_165' title='bbox 3712 1350 3903 1429; x_wconf 72' lang='grc' dir='ltr'>Ἑνὼχ</span> 
     </span>
    </p>
   </div>
   <div class='ocr_carea' id='block_1_28' title="bbox 493 1433 2160 1519">
    <p class='ocr_par' dir='ltr' id='par_1_28' title="bbox 493 1433 2157 1518">
     <span class='ocr_line' id='line_1_28' title="bbox 493 1433 2157 1518; baseline 0.001 -19"><span class='ocrx_word' id='word_1_166' title='bbox 493 1437 590 1499; x_wconf 92' lang='lat' dir='ltr'>hic</span> <span class='ocrx_word' id='word_1_167' title='bbox 614 1446 840 1509; x_wconf 88' lang='lat' dir='ltr'>autem,</span> <span class='ocrx_word' id='word_1_168' title='bbox 871 1454 989 1495; x_wconf 92' lang='lat' dir='ltr'>non</span> <span class='ocrx_word' id='word_1_169' title='bbox 1018 1433 1210 1495; x_wconf 92' lang='lat' dir='ltr'>solum</span> <span class='ocrx_word' id='word_1_170' title='bbox 1241 1435 1554 1512; x_wconf 87' lang='lat' dir='ltr'>invocavit,</span> <span class='ocrx_word' id='word_1_171' title='bbox 1584 1438 1713 1507; x_wconf 83' lang='lat' dir='ltr'>sed,</span> <span class='ocrx_word' id='word_1_172' title='bbox 1738 1437 1895 1518; x_wconf 88' lang='lat' dir='ltr'>quod</span> <span class='ocrx_word' id='word_1_173' title='bbox 1921 1438 2157 1500; x_wconf 86' lang='lat' dir='ltr'>invoca-</span> 
     </span>
    </p>
   </div>
   <div class='ocr_carea' id='block_1_29' title="bbox 2250 1433 3901 1519">
    <p class='ocr_par' dir='ltr' id='par_1_29' title="bbox 2250 1439 3901 1519">
     <span class='ocr_line' id='line_1_29' title="bbox 2250 1439 3901 1519; baseline 0 -25"><span class='ocrx_word' id='word_1_174' title='bbox 2250 1440 2494 1507; x_wconf 72' lang='grc' dir='ltr'>αετετέθη</span> <span class='ocrx_word' id='word_1_175' title='bbox 2541 1446 2732 1516; x_wconf 80' lang='grc' dir='ltr'>μικρᾶς</span> <span class='ocrx_word' id='word_1_176' title='bbox 2806 1439 3071 1505; x_wconf 70' lang='grc' dir='ltr'>εὖσεϐείας</span> <span class='ocrx_word' id='word_1_177' title='bbox 3138 1439 3237 1519; x_wconf 75' lang='grc' dir='ltr'>(ἔτι</span> <span class='ocrx_word' id='word_1_178' title='bbox 3292 1442 3391 1518; x_wconf 79' lang='grc' dir='ltr'>γὰρ</span> <span class='ocrx_word' id='word_1_179' title='bbox 3452 1440 3507 1496; x_wconf 76' lang='grc' dir='ltr'>ἐν</span> <span class='ocrx_word' id='word_1_180' title='bbox 3567 1455 3749 1504; x_wconf 75' lang='grc' dir='ltr'>σκιαῖς</span> <span class='ocrx_word' id='word_1_181' title='bbox 3832 1441 3901 1508; x_wconf 75' lang='grc' dir='ltr'>ἦν</span> 
     </span>
    </p>
   </div>
   <div class='ocr_carea' id='block_1_30' title="bbox 497 1525 2160 1610">
    <p class='ocr_par' dir='ltr' id='par_1_30' title="bbox 497 1525 2157 1606">
     <span class='ocr_line' id='line_1_30' title="bbox 497 1525 2157 1606; baseline 0.001 -18"><span class='ocrx_word' id='word_1_182' title='bbox 497 1527 659 1588; x_wconf 88' lang='lat' dir='ltr'>tione</span> <span class='ocrx_word' id='word_1_183' title='bbox 685 1525 878 1586; x_wconf 90' lang='lat' dir='ltr'>multo</span> <span class='ocrx_word' id='word_1_184' title='bbox 913 1525 1291 1604; x_wconf 63' lang='lat' dir='ltr'>praestantius</span> <span class='ocrx_word' id='word_1_185' title='bbox 1314 1533 1427 1600; x_wconf 87' lang='lat' dir='ltr'>est,</span> <span class='ocrx_word' id='word_1_186' title='bbox 1454 1526 1581 1587; x_wconf 91' lang='lat' dir='ltr'>aliis</span> <span class='ocrx_word' id='word_1_187' title='bbox 1598 1546 1838 1606; x_wconf 82' lang='lat' dir='ltr'>quoque</span> <span class='ocrx_word' id='word_1_188' title='bbox 1866 1528 2157 1606; x_wconf 64' lang='lat' dir='ltr'>prazdica-</span> 
     </span>
    </p>
   </div>
   <div class='ocr_carea' id='block_1_31' title="bbox 2250 1525 3902 1610">
    <p class='ocr_par' dir='ltr' id='par_1_31' title="bbox 2250 1528 3902 1610">
     <span class='ocr_line' id='line_1_31' title="bbox 2250 1528 3902 1610; baseline 0 -26"><span class='ocrx_word' id='word_1_189' title='bbox 2250 1532 2272 1597; x_wconf 69' lang='grc' dir='ltr'>ὴ</span> <span class='ocrx_word' id='word_1_190' title='bbox 2320 1528 2527 1609; x_wconf 79' lang='grc' dir='ltr'>πίστις)</span> <span class='ocrx_word' id='word_1_191' title='bbox 2586 1530 2741 1587; x_wconf 83' lang='grc' dir='ltr'>ἆθλον</span> <span class='ocrx_word' id='word_1_192' title='bbox 2773 1531 3060 1609; x_wconf 73' lang='grc' dir='ltr'>εὑράμενος</span> <span class='ocrx_word' id='word_1_193' title='bbox 3119 1530 3238 1610; x_wconf 72' lang='grc'>(74)</span> <span class='ocrx_word' id='word_1_194' title='bbox 3292 1531 3391 1597; x_wconf 70' lang='grc' dir='ltr'>την</span> <span class='ocrx_word' id='word_1_195' title='bbox 3446 1535 3747 1606; x_wconf 68' lang='grc' dir='ltr'>μετάθεσιδ,</span> <span class='ocrx_word' id='word_1_196' title='bbox 3814 1531 3902 1586; x_wconf 82' lang='grc' dir='ltr'>καὶ</span> 
     </span>
    </p>
   </div>
   <div class='ocr_carea' id='block_1_32' title="bbox 496 1614 2160 1699">
    <p class='ocr_par' dir='ltr' id='par_1_32' title="bbox 496 1614 2155 1697">
     <span class='ocr_line' id='line_1_32' title="bbox 496 1614 2155 1697; baseline 0.001 -22"><span class='ocrx_word' id='word_1_197' title='bbox 496 1616 597 1680; x_wconf 89' lang='lat' dir='ltr'>vit.</span> <span class='ocrx_word' id='word_1_198' title='bbox 633 1615 844 1677; x_wconf 87' lang='lat' dir='ltr'>Enoch</span> <span class='ocrx_word' id='word_1_199' title='bbox 882 1614 1205 1673; x_wconf 90' lang='lat' dir='ltr'>translatus</span> <span class='ocrx_word' id='word_1_200' title='bbox 1250 1622 1339 1674; x_wconf 91' lang='lat' dir='ltr'>est</span> <span class='ocrx_word' id='word_1_201' title='bbox 1367 1614 1447 1686; x_wconf 68' lang='lat'>49,</span> <span class='ocrx_word' id='word_1_202' title='bbox 1484 1616 1704 1694; x_wconf 67' lang='lat' dir='ltr'>exiguae</span> <span class='ocrx_word' id='word_1_203' title='bbox 1738 1616 1968 1696; x_wconf 90' lang='lat' dir='ltr'>pietatis</span> <span class='ocrx_word' id='word_1_204' title='bbox 1999 1635 2155 1697; x_wconf 70' lang='lat' dir='ltr'>prte-</span> 
     </span>
    </p>
   </div>
   <div class='ocr_carea' id='block_1_33' title="bbox 2250 1614 3893 1699">
    <p class='ocr_par' dir='ltr' id='par_1_33' title="bbox 2250 1616 3893 1699">
     <span class='ocr_line' id='line_1_33' title="bbox 2250 1616 3893 1699; baseline 0 -24"><span class='ocrx_word' id='word_1_205' title='bbox 2250 1625 2331 1675; x_wconf 78' lang='grc' dir='ltr'>τοῦ</span> <span class='ocrx_word' id='word_1_206' title='bbox 2379 1618 2501 1686; x_wconf 75' lang='grc' dir='ltr'>ἑξῆς</span> <span class='ocrx_word' id='word_1_207' title='bbox 2540 1620 2653 1695; x_wconf 72' lang='grc' dir='ltr'>βίου</span> <span class='ocrx_word' id='word_1_208' title='bbox 2712 1623 2801 1675; x_wconf 78' lang='grc' dir='ltr'>τὸν</span> <span class='ocrx_word' id='word_1_209' title='bbox 2862 1616 3094 1675; x_wconf 77' lang='grc' dir='ltr'>γίνδυνον</span> <span class='ocrx_word' id='word_1_210' title='bbox 3126 1618 3445 1699; x_wconf 64' lang='grc' dir='ltr'>διαπέφευγε</span> <span class='ocrx_word' id='word_1_211' title='bbox 3481 1639 3497 1655; x_wconf 83' lang='grc'><strong>⁸</strong></span> <span class='ocrx_word' id='word_1_212' title='bbox 3536 1627 3625 1676; x_wconf 78' lang='grc' dir='ltr'>τοῦ</span> <span class='ocrx_word' id='word_1_213' title='bbox 3654 1619 3731 1699; x_wconf 76' lang='grc' dir='ltr'>δὲ,</span> <span class='ocrx_word' id='word_1_214' title='bbox 3766 1620 3893 1683; x_wconf 79' lang='grc' dir='ltr'>ὅλος</span> 
     </span>
    </p>
   </div>
   <div class='ocr_carea' id='block_1_34' title="bbox 502 1702 2160 1806">
    <p class='ocr_par' dir='ltr' id='par_1_34' title="bbox 502 1702 2157 1785">
     <span class='ocr_line' id='line_1_34' title="bbox 502 1702 2157 1785; baseline 0.001 -19"><span class='ocrx_word' id='word_1_215' title='bbox 502 1706 687 1766; x_wconf 90' lang='lat' dir='ltr'>minm</span> <span class='ocrx_word' id='word_1_216' title='bbox 717 1704 892 1783; x_wconf 81' lang='lat' dir='ltr'>(ﬁdes</span> <span class='ocrx_word' id='word_1_217' title='bbox 912 1702 1072 1763; x_wconf 92' lang='lat' dir='ltr'>enim</span> <span class='ocrx_word' id='word_1_218' title='bbox 1099 1703 1292 1763; x_wconf 85' lang='lat' dir='ltr'>adhuc</span> <span class='ocrx_word' id='word_1_219' title='bbox 1317 1704 1374 1763; x_wconf 91' lang='lat' dir='ltr'>in</span> <span class='ocrx_word' id='word_1_220' title='bbox 1401 1703 1629 1765; x_wconf 88' lang='lat' dir='ltr'>umbris</span> <span class='ocrx_word' id='word_1_221' title='bbox 1651 1705 1937 1785; x_wconf 86' lang='lat' dir='ltr'>erat),hac</span> <span class='ocrx_word' id='word_1_222' title='bbox 1962 1715 2157 1767; x_wconf 88' lang='lat' dir='ltr'>trans-</span> 
     </span>
    </p>
   </div>
   <div class='ocr_carea' id='block_1_35' title="bbox 2250 1702 3893 1806">
    <p class='ocr_par' dir='ltr' id='par_1_35' title="bbox 2250 1708 3893 1786">
     <span class='ocr_line' id='line_1_35' title="bbox 2250 1708 3893 1786; baseline 0.001 -22"><span class='ocrx_word' id='word_1_223' title='bbox 2250 1712 2268 1765; x_wconf 75' lang='grc'>5</span> <span class='ocrx_word' id='word_1_224' title='bbox 2323 1710 2433 1786; x_wconf 86' lang='grc' dir='ltr'>βίος</span> <span class='ocrx_word' id='word_1_225' title='bbox 2473 1714 2753 1785; x_wconf 59' lang='grc' dir='ltr'>μετάθεσις</span> <span class='ocrx_word' id='word_1_226' title='bbox 2810 1710 2901 1785; x_wconf 74' lang='grc' dir='ltr'>ἦν,</span> <span class='ocrx_word' id='word_1_227' title='bbox 2945 1708 3161 1775; x_wconf 79' lang='grc' dir='ltr'>τελείως</span> <span class='ocrx_word' id='word_1_228' title='bbox 3220 1710 3274 1764; x_wconf 80' lang='grc' dir='ltr'>ἐν</span> <span class='ocrx_word' id='word_1_229' title='bbox 3344 1711 3442 1786; x_wconf 82' lang='grc' dir='ltr'>βίῳ</span> <span class='ocrx_word' id='word_1_230' title='bbox 3500 1709 3684 1784; x_wconf 81' lang='grc' dir='ltr'>τελείῳ</span> <span class='ocrx_word' id='word_1_231' title='bbox 3739 1708 3893 1766; x_wconf 77' lang='grc' dir='ltr'>δοκι-</span> 
     </span>
    </p>
   </div>
   <div class='ocr_carea' id='block_1_36' title="bbox 498 1792 2160 1875">
    <p class='ocr_par' dir='ltr' id='par_1_36' title="bbox 498 1792 2153 1875">
     <span class='ocr_line' id='line_1_36' title="bbox 498 1792 2153 1875; baseline -0.001 -19"><span class='ocrx_word' id='word_1_232' title='bbox 498 1795 719 1857; x_wconf 90' lang='lat' dir='ltr'>latione</span> <span class='ocrx_word' id='word_1_233' title='bbox 752 1799 1131 1869; x_wconf 87' lang='lat' dir='ltr'>consecutus,</span> <span class='ocrx_word' id='word_1_234' title='bbox 1166 1792 1425 1873; x_wconf 77' lang='lat' dir='ltr'>vitaeque</span> <span class='ocrx_word' id='word_1_235' title='bbox 1468 1795 1776 1871; x_wconf 90' lang='lat' dir='ltr'>sequentis</span> <span class='ocrx_word' id='word_1_236' title='bbox 1828 1794 2153 1875; x_wconf 90' lang='lat' dir='ltr'>periculum</span> 
     </span>
    </p>
   </div>
   <div class='ocr_carea' id='block_1_37' title="bbox 2250 1792 3897 1875">
    <p class='ocr_par' dir='ltr' id='par_1_37' title="bbox 2250 1796 3897 1875">
     <span class='ocr_line' id='line_1_37' title="bbox 2250 1796 3897 1875; baseline 0 -20"><span class='ocrx_word' id='word_1_237' title='bbox 2250 1798 2551 1874; x_wconf 68' lang='grc' dir='ltr'>μασθέντος.</span> <span class='ocrx_word' id='word_1_238' title='bbox 2611 1804 2727 1857; x_wconf 79' lang='grc' dir='ltr'>Νῶε</span> <span class='ocrx_word' id='word_1_239' title='bbox 2782 1796 3009 1855; x_wconf 70' lang='grc' dir='ltr'>κιϐὼτον</span> <span class='ocrx_word' id='word_1_240' title='bbox 3060 1798 3366 1872; x_wconf 76' lang='grc' dir='ltr'>ἐπιστεύθη,</span> <span class='ocrx_word' id='word_1_241' title='bbox 3423 1802 3510 1856; x_wconf 85' lang='grc' dir='ltr'>καὶ</span> <span class='ocrx_word' id='word_1_242' title='bbox 3541 1800 3742 1875; x_wconf 80' lang='grc' dir='ltr'>κόσμου</span> <span class='ocrx_word' id='word_1_243' title='bbox 3771 1797 3897 1855; x_wconf 80' lang='grc' dir='ltr'>δευ-</span> 
     </span>
    </p>
   </div>
   <div class='ocr_carea' id='block_1_38' title="bbox 506 1883 2160 1968">
    <p class='ocr_par' dir='ltr' id='par_1_38' title="bbox 506 1883 2156 1967">
     <span class='ocr_line' id='line_1_38' title="bbox 506 1883 2156 1967; baseline -0.001 -20"><span class='ocrx_word' id='word_1_244' title='bbox 506 1885 717 1965; x_wconf 82' lang='lat' dir='ltr'>effugit</span> <span class='ocrx_word' id='word_1_245' title='bbox 750 1904 761 1943; x_wconf 96' lang='lat'><strong>:</strong></span> <span class='ocrx_word' id='word_1_246' title='bbox 793 1883 972 1961; x_wconf 82' lang='lat' dir='ltr'>hujus</span> <span class='ocrx_word' id='word_1_247' title='bbox 1004 1891 1199 1943; x_wconf 89' lang='lat' dir='ltr'>autem</span> <span class='ocrx_word' id='word_1_248' title='bbox 1233 1883 1350 1943; x_wconf 89' lang='lat' dir='ltr'>vita</span> <span class='ocrx_word' id='word_1_249' title='bbox 1379 1884 1573 1944; x_wconf 87' lang='lat' dir='ltr'>omnis</span> <span class='ocrx_word' id='word_1_250' title='bbox 1610 1885 1756 1945; x_wconf 90' lang='lat' dir='ltr'>nihil</span> <span class='ocrx_word' id='word_1_251' title='bbox 1788 1885 1947 1946; x_wconf 84' lang='lat' dir='ltr'>aliud</span> <span class='ocrx_word' id='word_1_252' title='bbox 1980 1905 2156 1967; x_wconf 91' lang='lat' dir='ltr'>quam</span> 
     </span>
    </p>
   </div>
   <div class='ocr_carea' id='block_1_39' title="bbox 2250 1883 3897 1968">
    <p class='ocr_par' dir='ltr' id='par_1_39' title="bbox 2250 1888 3897 1968">
     <span class='ocr_line' id='line_1_39' title="bbox 2250 1888 3897 1968; baseline 0.001 -25"><span class='ocrx_word' id='word_1_253' title='bbox 2250 1888 2390 1968; x_wconf 76' lang='grc' dir='ltr'>εέρου</span> <span class='ocrx_word' id='word_1_254' title='bbox 2450 1888 2728 1965; x_wconf 86' lang='grc' dir='ltr'>σπέρματα</span> <span class='ocrx_word' id='word_1_255' title='bbox 2774 1889 2908 1961; x_wconf 78' lang='grc' dir='ltr'>ξύλῳ</span> <span class='ocrx_word' id='word_1_256' title='bbox 2962 1888 3136 1968; x_wconf 85' lang='grc' dir='ltr'>μικρῷ</span> <span class='ocrx_word' id='word_1_257' title='bbox 3204 1890 3572 1966; x_wconf 70' lang='grc' dir='ltr'>πιστευθέντα,</span> <span class='ocrx_word' id='word_1_258' title='bbox 3636 1890 3721 1946; x_wconf 80' lang='grc' dir='ltr'>καὶ</span> <span class='ocrx_word' id='word_1_259' title='bbox 3776 1890 3897 1947; x_wconf 79' lang='grc' dir='ltr'>καθ’</span> 
     </span>
    </p>
   </div>
   <div class='ocr_carea' id='block_1_40' title="bbox 507 1972 2160 2055">
    <p class='ocr_par' dir='ltr' id='par_1_40' title="bbox 507 1972 2160 2055">
     <span class='ocr_line' id='line_1_40' title="bbox 507 1972 2160 2055; baseline 0 -18"><span class='ocrx_word' id='word_1_260' title='bbox 507 1974 818 2037; x_wconf 82' lang='lat' dir='ltr'>translatio</span> <span class='ocrx_word' id='word_1_261' title='bbox 843 1979 989 2047; x_wconf 87' lang='lat' dir='ltr'>erat,</span> <span class='ocrx_word' id='word_1_262' title='bbox 1017 1972 1238 2051; x_wconf 91' lang='lat' dir='ltr'>quippe</span> <span class='ocrx_word' id='word_1_263' title='bbox 1260 1973 1357 2052; x_wconf 92' lang='lat' dir='ltr'>qui</span> <span class='ocrx_word' id='word_1_264' title='bbox 1384 1972 1645 2052; x_wconf 78' lang='lat' dir='ltr'>perfecte</span> <span class='ocrx_word' id='word_1_265' title='bbox 1672 1974 1731 2033; x_wconf 88' lang='lat' dir='ltr'>in</span> <span class='ocrx_word' id='word_1_266' title='bbox 1766 1974 1880 2035; x_wconf 90' lang='lat' dir='ltr'>vita</span> <span class='ocrx_word' id='word_1_267' title='bbox 1898 1975 2160 2055; x_wconf 86' lang='lat' dir='ltr'>perfecta</span> 
     </span>
    </p>
   </div>
   <div class='ocr_carea' id='block_1_41' title="bbox 2250 1972 3900 2055">
    <p class='ocr_par' dir='ltr' id='par_1_41' title="bbox 2250 1976 3900 2054">
     <span class='ocr_line' id='line_1_41' title="bbox 2250 1976 3900 2054; baseline 0.001 -22"><span class='ocrx_word' id='word_1_268' title='bbox 2250 1976 2441 2033; x_wconf 60' lang='lat' dir='ltr'><strong>53:1th</strong></span> <span class='ocrx_word' id='word_1_269' title='bbox 2500 1978 2819 2053; x_wconf 86' lang='grc' dir='ltr'>σωζόμενα⁶</span> <span class='ocrx_word' id='word_1_270' title='bbox 2882 1980 2908 2034; x_wconf 78' lang='grc' dir='ltr'>ὁ</span> <span class='ocrx_word' id='word_1_271' title='bbox 2966 1976 3020 2033; x_wconf 79' lang='grc' dir='ltr'>δὲ</span> <span class='ocrx_word' id='word_1_272' title='bbox 3082 1976 3459 2054; x_wconf 84' lang='grc' dir='ltr'>κατακλυσμὸν</span> <span class='ocrx_word' id='word_1_273' title='bbox 3518 1977 3755 2043; x_wconf 91' lang='grc' dir='ltr'>ἀσεϐείας</span> <span class='ocrx_word' id='word_1_274' title='bbox 3809 1978 3900 2035; x_wconf 80' lang='grc' dir='ltr'>δι-</span> 
     </span>
    </p>
   </div>
   <div class='ocr_carea' id='block_1_42' title="bbox 498 2062 2160 2148">
    <p class='ocr_par' dir='ltr' id='par_1_42' title="bbox 498 2062 2155 2147">
     <span class='ocr_line' id='line_1_42' title="bbox 498 2062 2155 2147; baseline 0.001 -20"><span class='ocrx_word' id='word_1_275' title='bbox 498 2066 784 2147; x_wconf 88' lang='lat' dir='ltr'>probatus</span> <span class='ocrx_word' id='word_1_276' title='bbox 819 2062 1232 2143; x_wconf 87' lang='lat' dir='ltr'>etexploratus</span> <span class='ocrx_word' id='word_1_277' title='bbox 1262 2063 1463 2125; x_wconf 82' lang='lat' dir='ltr'>fuerit.</span> <span class='ocrx_word' id='word_1_278' title='bbox 1489 2062 1614 2125; x_wconf 89' lang='lat' dir='ltr'>Noe</span> <span class='ocrx_word' id='word_1_279' title='bbox 1633 2083 1827 2125; x_wconf 89' lang='lat' dir='ltr'>arcam</span> <span class='ocrx_word' id='word_1_280' title='bbox 1862 2065 2002 2127; x_wconf 85' lang='lat' dir='ltr'>ﬁdei</span> <span class='ocrx_word' id='word_1_281' title='bbox 2034 2084 2155 2128; x_wconf 61' lang='lat' dir='ltr'>suae</span> 
     </span>
    </p>
   </div>
   <div class='ocr_carea' id='block_1_43' title="bbox 2250 2062 3899 2148">
    <p class='ocr_par' dir='ltr' id='par_1_43' title="bbox 2250 2065 3899 2148">
     <span class='ocr_line' id='line_1_43' title="bbox 2250 2065 3899 2148; baseline 0.001 -25"><span class='ocrx_word' id='word_1_282' title='bbox 2250 2067 2418 2148; x_wconf 70' lang='grc' dir='ltr'>ἔφυγε,</span> <span class='ocrx_word' id='word_1_283' title='bbox 2464 2069 2552 2124; x_wconf 85' lang='grc' dir='ltr'>καὶ</span> <span class='ocrx_word' id='word_1_284' title='bbox 2614 2065 2842 2123; x_wconf 74' lang='grc' dir='ltr'>κιϐωτὸν</span> <span class='ocrx_word' id='word_1_285' title='bbox 2903 2069 3167 2146; x_wconf 73' lang='grc' dir='ltr'>σωτηρίας</span> <span class='ocrx_word' id='word_1_286' title='bbox 3212 2069 3311 2135; x_wconf 77' lang='grc' dir='ltr'>τὴν</span> <span class='ocrx_word' id='word_1_287' title='bbox 3364 2069 3553 2127; x_wconf 76' lang='grc' dir='ltr'>ἑαυτοῦ</span> <span class='ocrx_word' id='word_1_288' title='bbox 3608 2071 3899 2136; x_wconf 83' lang='grc' dir='ltr'>πεποίηται</span> 
     </span>
    </p>
   </div>
   <div class='ocr_carea' id='block_1_44' title="bbox 500 2152 2160 2238">
    <p class='ocr_par' dir='ltr' id='par_1_44' title="bbox 500 2152 2155 2231">
     <span class='ocr_line' id='line_1_44' title="bbox 500 2152 2155 2231; baseline 0.001 -15"><span class='ocrx_word' id='word_1_289' title='bbox 500 2156 886 2216; x_wconf 89' lang='lat' dir='ltr'>commissam</span> <span class='ocrx_word' id='word_1_290' title='bbox 934 2152 1164 2231; x_wconf 88' lang='lat' dir='ltr'>accepit</span> <span class='ocrx_word' id='word_1_291' title='bbox 1191 2154 1275 2228; x_wconf 73' lang='lat'>45,</span> <span class='ocrx_word' id='word_1_292' title='bbox 1313 2161 1371 2213; x_wconf 93' lang='lat' dir='ltr'>et</span> <span class='ocrx_word' id='word_1_293' title='bbox 1400 2154 1652 2215; x_wconf 90' lang='lat' dir='ltr'>secundi</span> <span class='ocrx_word' id='word_1_294' title='bbox 1687 2154 1893 2216; x_wconf 91' lang='lat' dir='ltr'>mundi</span> <span class='ocrx_word' id='word_1_295' title='bbox 1922 2156 2155 2217; x_wconf 82' lang='lat' dir='ltr'>semina</span> 
     </span>
    </p>
   </div>
   <div class='ocr_carea' id='block_1_45' title="bbox 2250 2152 3901 2238">
    <p class='ocr_par' dir='ltr' id='par_1_45' title="bbox 2250 2156 3901 2238">
     <span class='ocr_line' id='line_1_45' title="bbox 2250 2156 3901 2238; baseline 0 -24"><span class='ocrx_word' id='word_1_296' title='bbox 2250 2157 2416 2230; x_wconf 71' lang='grc' dir='ltr'>πόλιν,</span> <span class='ocrx_word' id='word_1_297' title='bbox 2479 2161 2691 2238; x_wconf 74' lang='grc' dir='ltr'>κούφως</span> <span class='ocrx_word' id='word_1_298' title='bbox 2752 2166 2857 2213; x_wconf 77' lang='grc' dir='ltr'>τῶν</span> <span class='ocrx_word' id='word_1_299' title='bbox 2917 2160 3193 2237; x_wconf 72' lang='grc' dir='ltr'>αἱρετικῶο</span> <span class='ocrx_word' id='word_1_300' title='bbox 3260 2156 3670 2236; x_wconf 64' lang='grc' dir='ltr'>ὅπερπλέουσάν,</span> <span class='ocrx_word' id='word_1_301' title='bbox 3717 2159 3768 2224; x_wconf 77' lang='grc' dir='ltr'>ἐξ</span> <span class='ocrx_word' id='word_1_302' title='bbox 3832 2159 3901 2214; x_wconf 78' lang='grc' dir='ltr'>οὗ</span> 
     </span>
    </p>
   </div>
   <div class='ocr_carea' id='block_1_46' title="bbox 500 2242 2160 2326">
    <p class='ocr_par' dir='ltr' id='par_1_46' title="bbox 500 2242 2148 2326">
     <span class='ocr_line' id='line_1_46' title="bbox 500 2242 2148 2326; baseline 0.001 -20"><span class='ocrx_word' id='word_1_303' title='bbox 500 2264 678 2326; x_wconf 90' lang='lat' dir='ltr'>parvo</span> <span class='ocrx_word' id='word_1_304' title='bbox 699 2244 859 2322; x_wconf 88' lang='lat' dir='ltr'>ligno</span> <span class='ocrx_word' id='word_1_305' title='bbox 885 2242 1137 2321; x_wconf 87' lang='lat' dir='ltr'>credita,</span> <span class='ocrx_word' id='word_1_306' title='bbox 1162 2250 1338 2323; x_wconf 91' lang='lat' dir='ltr'>atque</span> <span class='ocrx_word' id='word_1_307' title='bbox 1362 2243 1517 2304; x_wconf 90' lang='lat' dir='ltr'>inter</span> <span class='ocrx_word' id='word_1_308' title='bbox 1550 2244 1737 2304; x_wconf 89' lang='lat' dir='ltr'>undas</span> <span class='ocrx_word' id='word_1_309' title='bbox 1762 2255 2148 2308; x_wconf 79' lang='lat' dir='ltr'>conservata:</span> 
     </span>
    </p>
   </div>
   <div class='ocr_carea' id='block_1_47' title="bbox 2250 2242 2998 2326">
    <p class='ocr_par' dir='ltr' id='par_1_47' title="bbox 2250 2246 2998 2324">
     <span class='ocr_line' id='line_1_47' title="bbox 2250 2246 2998 2324; baseline 0.004 -22"><span class='ocrx_word' id='word_1_310' title='bbox 2250 2247 2436 2324; x_wconf 84' lang='grc' dir='ltr'>ιόσμον</span> <span class='ocrx_word' id='word_1_311' title='bbox 2468 2246 2590 2303; x_wconf 75' lang='grc' dir='ltr'>ὅλον</span> <span class='ocrx_word' id='word_1_312' title='bbox 2621 2246 2998 2305; x_wconf 82' lang='grc' dir='ltr'>ἀνεκαλέσατο.</span> 
     </span>
    </p>
   </div>
   <div class='ocr_carea' id='block_1_48' title="bbox 499 2331 3901 2416">
    <p class='ocr_par' dir='ltr' id='par_1_48' title="bbox 499 2331 3901 2416">
     <span class='ocr_line' id='line_1_48' title="bbox 499 2331 3901 2416; baseline 0.001 -21"><span class='ocrx_word' id='word_1_313' title='bbox 499 2336 593 2395; x_wconf 89' lang='lat' dir='ltr'>hic</span> <span class='ocrx_word' id='word_1_314' title='bbox 622 2344 821 2395; x_wconf 91' lang='lat' dir='ltr'>autem</span> <span class='ocrx_word' id='word_1_315' title='bbox 857 2331 1180 2411; x_wconf 89' lang='lat' dir='ltr'>impietatis</span> <span class='ocrx_word' id='word_1_316' title='bbox 1209 2331 1493 2393; x_wconf 90' lang='lat' dir='ltr'>diluvium</span> <span class='ocrx_word' id='word_1_317' title='bbox 1529 2334 1753 2413; x_wconf 74' lang='lat' dir='ltr'>effugit,</span> <span class='ocrx_word' id='word_1_318' title='bbox 1782 2354 2071 2416; x_wconf 89' lang='lat' dir='ltr'>suamque</span> <span class='ocrx_word' id='word_1_319' title='bbox 2101 2335 2398 2398; x_wconf 89' lang='lat' dir='ltr'>civitatem</span> <span class='ocrx_word' id='word_1_320' title='bbox 2431 2354 2628 2397; x_wconf 89' lang='lat' dir='ltr'>arcam</span> <span class='ocrx_word' id='word_1_321' title='bbox 2670 2336 2876 2397; x_wconf 87' lang='lat' dir='ltr'>salutis</span> <span class='ocrx_word' id='word_1_322' title='bbox 2929 2336 3152 2407; x_wconf 78' lang='lat' dir='ltr'>eﬂ‘ecit,</span> <span class='ocrx_word' id='word_1_323' title='bbox 3189 2338 3246 2398; x_wconf 89' lang='lat' dir='ltr'>in</span> <span class='ocrx_word' id='word_1_324' title='bbox 3267 2337 3675 2400; x_wconf 66' lang='lat' dir='ltr'>haereticorum</span> <span class='ocrx_word' id='word_1_325' title='bbox 3708 2338 3901 2399; x_wconf 85' lang='lat' dir='ltr'>undis</span> 
     </span>
    </p>
   </div>
   <div class='ocr_carea' id='block_1_49' title="bbox 486 2421 3031 2505">
    <p class='ocr_par' dir='ltr' id='par_1_49' title="bbox 486 2421 3031 2505">
     <span class='ocr_line' id='line_1_49' title="bbox 486 2421 3031 2505; baseline 0.001 -20"><span class='ocrx_word' id='word_1_326' title='bbox 486 2423 657 2485; x_wconf 79' lang='lat' dir='ltr'>facile</span> <span class='ocrx_word' id='word_1_327' title='bbox 690 2438 747 2485; x_wconf 81' lang='lat' dir='ltr'>et</span> <span class='ocrx_word' id='word_1_328' title='bbox 780 2421 987 2483; x_wconf 89' lang='lat' dir='ltr'>leviter</span> <span class='ocrx_word' id='word_1_329' title='bbox 1017 2430 1534 2502; x_wconf 83' lang='lat' dir='ltr'>supernatantem,</span> <span class='ocrx_word' id='word_1_330' title='bbox 1566 2431 1749 2498; x_wconf 91' lang='lat' dir='ltr'>atque</span> <span class='ocrx_word' id='word_1_331' title='bbox 1781 2442 1861 2486; x_wconf 83' lang='lat' dir='ltr'>ex</span> <span class='ocrx_word' id='word_1_332' title='bbox 1894 2443 1964 2486; x_wconf 92' lang='lat' dir='ltr'>eo</span> <span class='ocrx_word' id='word_1_333' title='bbox 1999 2423 2345 2487; x_wconf 91' lang='lat' dir='ltr'>universum</span> <span class='ocrx_word' id='word_1_334' title='bbox 2384 2423 2591 2487; x_wconf 89' lang='lat' dir='ltr'>orbem</span> <span class='ocrx_word' id='word_1_335' title='bbox 2624 2427 3031 2505; x_wconf 89' lang='lat' dir='ltr'>recuperavit.</span> 
     </span>
    </p>
   </div>
   <div class='ocr_carea' id='block_1_50' title="bbox 576 2510 2160 2597">
    <p class='ocr_par' dir='ltr' id='par_1_50' title="bbox 576 2510 2157 2591">
     <span class='ocr_line' id='line_1_50' title="bbox 576 2510 2157 2591; baseline 0 -16"><span class='ocrx_word' id='word_1_336' title='bbox 576 2511 788 2575; x_wconf 72' lang='lat' dir='ltr'>LXXI.</span> <span class='ocrx_word' id='word_1_337' title='bbox 812 2510 1054 2589; x_wconf 85' lang='lat' dir='ltr'>Magnus</span> <span class='ocrx_word' id='word_1_338' title='bbox 1084 2510 1410 2585; x_wconf 88' lang='lat' dir='ltr'>Abraham,</span> <span class='ocrx_word' id='word_1_339' title='bbox 1436 2520 1491 2573; x_wconf 90' lang='lat' dir='ltr'>et</span> <span class='ocrx_word' id='word_1_340' title='bbox 1524 2512 1883 2591; x_wconf 85' lang='lat' dir='ltr'>patriarcha,</span> <span class='ocrx_word' id='word_1_341' title='bbox 1912 2522 1972 2577; x_wconf 93' lang='lat' dir='ltr'>et</span> <span class='ocrx_word' id='word_1_342' title='bbox 1992 2532 2157 2576; x_wconf 68' lang='lat' dir='ltr'>novae</span> 
     </span>
    </p>
   </div>
   <div class='ocr_carea' id='block_1_51' title="bbox 2250 2510 3899 2597">
    <p class='ocr_par' dir='ltr' id='par_1_51' title="bbox 2325 2514 3899 2597">
     <span class='ocr_line' id='line_1_51' title="bbox 2325 2514 3899 2597; baseline 0 -25"><span class='ocrx_word' id='word_1_343' title='bbox 2325 2514 2463 2578; x_wconf 56' lang='grc' dir='ltr'>ΟΜ.</span> <span class='ocrx_word' id='word_1_344' title='bbox 2500 2515 2676 2589; x_wconf 80' lang='grc' dir='ltr'>Μέγας</span> <span class='ocrx_word' id='word_1_345' title='bbox 2708 2515 2738 2571; x_wconf 74' lang='grc' dir='ltr'>’ὁ</span> <span class='ocrx_word' id='word_1_346' title='bbox 2772 2514 3037 2596; x_wconf 74' lang='grc' dir='ltr'>Ἀϐρααμ,</span> <span class='ocrx_word' id='word_1_347' title='bbox 3072 2518 3157 2572; x_wconf 87' lang='grc' dir='ltr'>καὶ</span> <span class='ocrx_word' id='word_1_348' title='bbox 3210 2518 3574 2597; x_wconf 70' lang='grc' dir='ltr'>πατριάρχης,</span> <span class='ocrx_word' id='word_1_349' title='bbox 3620 2518 3707 2573; x_wconf 81' lang='grc' dir='ltr'>καὶ</span> <span class='ocrx_word' id='word_1_350' title='bbox 3735 2518 3899 2584; x_wconf 60' lang='grc' dir='ltr'>θύτης</span> 
     </span>
    </p>
   </div>
   <div class='ocr_carea' id='block_1_52' title="bbox 492 2604 2160 2685">
    <p class='ocr_par' dir='ltr' id='par_1_52' title="bbox 492 2604 2160 2683">
     <span class='ocr_line' id='line_1_52' title="bbox 492 2604 2160 2683; baseline 0.001 -20"><span class='ocrx_word' id='word_1_351' title='bbox 492 2607 747 2665; x_wconf 70' lang='lat' dir='ltr'>victima:</span> <span class='ocrx_word' id='word_1_352' title='bbox 778 2610 1090 2681; x_wconf 85' lang='lat' dir='ltr'>mactator,</span> <span class='ocrx_word' id='word_1_353' title='bbox 1125 2620 1285 2677; x_wconf 90' lang='lat' dir='ltr'>eum,</span> <span class='ocrx_word' id='word_1_354' title='bbox 1316 2622 1493 2682; x_wconf 91' lang='lat' dir='ltr'>quem</span> <span class='ocrx_word' id='word_1_355' title='bbox 1527 2621 1595 2664; x_wconf 86' lang='lat' dir='ltr'>ex</span> <span class='ocrx_word' id='word_1_356' title='bbox 1629 2604 2034 2683; x_wconf 86' lang='lat' dir='ltr'>promissione</span> <span class='ocrx_word' id='word_1_357' title='bbox 2062 2623 2160 2665; x_wconf 84' lang='lat' dir='ltr'>ac-</span> 
     </span>
    </p>
   </div>
   <div class='ocr_carea' id='block_1_53' title="bbox 2250 2604 3902 2685">
    <p class='ocr_par' dir='ltr' id='par_1_53' title="bbox 2250 2605 3902 2685">
     <span class='ocr_line' id='line_1_53' title="bbox 2250 2605 3902 2685; baseline -0.001 -22"><span class='ocrx_word' id='word_1_358' title='bbox 2250 2610 2433 2673; x_wconf 78' lang='grc' dir='ltr'>καινῆς</span> <span class='ocrx_word' id='word_1_359' title='bbox 2488 2605 2692 2685; x_wconf 80' lang='grc' dir='ltr'>θυσίας,</span> <span class='ocrx_word' id='word_1_360' title='bbox 2740 2608 2829 2661; x_wconf 76' lang='grc' dir='ltr'>τὸν</span> <span class='ocrx_word' id='word_1_361' title='bbox 2875 2606 2933 2660; x_wconf 80' lang='grc' dir='ltr'>ἐκ</span> <span class='ocrx_word' id='word_1_362' title='bbox 2982 2612 3079 2673; x_wconf 77' lang='grc' dir='ltr'>τῆς</span> <span class='ocrx_word' id='word_1_363' title='bbox 3138 2606 3460 2685; x_wconf 72' lang='grc' dir='ltr'>ἐπαγγελίας</span> <span class='ocrx_word' id='word_1_364' title='bbox 3516 2616 3591 2680; x_wconf 81' lang='grc' dir='ltr'>τῷ</span> <span class='ocrx_word' id='word_1_365' title='bbox 3649 2605 3902 2664; x_wconf 75' lang='grc' dir='ltr'>δεδωκότι</span> 
     </span>
    </p>
   </div>
   <div class='ocr_carea' id='block_1_54' title="bbox 495 2690 2160 2777">
    <p class='ocr_par' dir='ltr' id='par_1_54' title="bbox 495 2690 2160 2774">
     <span class='ocr_line' id='line_1_54' title="bbox 495 2690 2160 2774; baseline -0.003 -19"><span class='ocrx_word' id='word_1_366' title='bbox 495 2703 761 2774; x_wconf 84' lang='lat' dir='ltr'>ceperat,</span> <span class='ocrx_word' id='word_1_367' title='bbox 786 2690 1062 2752; x_wconf 81' lang='lat' dir='ltr'>heueﬁcii</span> <span class='ocrx_word' id='word_1_368' title='bbox 1084 2692 1313 2751; x_wconf 89' lang='lat' dir='ltr'>auctori</span> <span class='ocrx_word' id='word_1_369' title='bbox 1338 2693 1930 2772; x_wconf 82' lang='lat' dir='ltr'>oﬂ‘erens,victimam</span> <span class='ocrx_word' id='word_1_370' title='bbox 1964 2712 2160 2774; x_wconf 89' lang='lat' dir='ltr'>prom.</span> 
     </span>
    </p>
   </div>
   <div class='ocr_carea' id='block_1_55' title="bbox 2250 2690 3904 2777">
    <p class='ocr_par' dir='ltr' id='par_1_55' title="bbox 2250 2695 3904 2777">
     <span class='ocr_line' id='line_1_55' title="bbox 2250 2695 3904 2777; baseline -0.001 -26"><span class='ocrx_word' id='word_1_371' title='bbox 2250 2695 2623 2776; x_wconf 83' lang='grc' dir='ltr'>προσαγαγὼν,</span> <span class='ocrx_word' id='word_1_372' title='bbox 2669 2698 2866 2775; x_wconf 73' lang='grc' dir='ltr'>ἱερεῖον</span> <span class='ocrx_word' id='word_1_373' title='bbox 2916 2695 3149 2771; x_wconf 83' lang='grc' dir='ltr'>ἕτοιμον,</span> <span class='ocrx_word' id='word_1_374' title='bbox 3203 2699 3289 2753; x_wconf 76' lang='grc' dir='ltr'>καὶ</span> <span class='ocrx_word' id='word_1_375' title='bbox 3344 2698 3471 2776; x_wconf 83' lang='grc' dir='ltr'>πρὸς</span> <span class='ocrx_word' id='word_1_376' title='bbox 3530 2698 3627 2763; x_wconf 75' lang='grc' dir='ltr'>τὴν</span> <span class='ocrx_word' id='word_1_377' title='bbox 3687 2699 3904 2777; x_wconf 61' lang='grc' dir='ltr'>σφαγὴν</span> 
     </span>
    </p>
   </div>
   <div class='ocr_carea' id='block_1_56' title="bbox 493 2781 2158 2867">
    <p class='ocr_par' dir='ltr' id='par_1_56' title="bbox 493 2781 2158 2867">
     <span class='ocr_line' id='line_1_56' title="bbox 493 2781 2158 2867; baseline -0.001 -22"><span class='ocrx_word' id='word_1_378' title='bbox 493 2793 653 2867; x_wconf 86' lang='lat' dir='ltr'>ptam</span> <span class='ocrx_word' id='word_1_379' title='bbox 684 2782 1042 2860; x_wconf 87' lang='lat' dir='ltr'>etalacrem,</span> <span class='ocrx_word' id='word_1_380' title='bbox 1068 2789 1242 2860; x_wconf 85' lang='lat' dir='ltr'>atque</span> <span class='ocrx_word' id='word_1_381' title='bbox 1267 2782 1339 2841; x_wconf 87' lang='lat' dir='ltr'>ad</span> <span class='ocrx_word' id='word_1_382' title='bbox 1362 2781 1586 2843; x_wconf 64' lang='lat' dir='ltr'>caedem</span> <span class='ocrx_word' id='word_1_383' title='bbox 1619 2790 2048 2863; x_wconf 81' lang='lat' dir='ltr'>properantem</span> <span class='ocrx_word' id='word_1_384' title='bbox 2074 2784 2158 2849; x_wconf 72' lang='grc'>44.</span> 
     </span>
    </p>
   </div>
   <div class='ocr_carea' id='block_1_57' title="bbox 2248 2783 3901 2865">
    <p class='ocr_par' dir='ltr' id='par_1_57' title="bbox 2248 2783 3901 2865">
     <span class='ocr_line' id='line_1_57' title="bbox 2248 2783 3901 2865; baseline -0.001 -22"><span class='ocrx_word' id='word_1_385' title='bbox 2248 2785 2595 2863; x_wconf 73' lang='grc' dir='ltr'>ἐπειγόμενον</span> <span class='ocrx_word' id='word_1_386' title='bbox 2630 2801 2642 2813; x_wconf 87' lang='grc'><strong><em>⁸</em></strong></span> <span class='ocrx_word' id='word_1_387' title='bbox 2709 2783 2829 2840; x_wconf 69' lang='grc' dir='ltr'>ἀλλ’</span> <span class='ocrx_word' id='word_1_388' title='bbox 2889 2783 3004 2839; x_wconf 74' lang='grc' dir='ltr'>οὒδὲ</span> <span class='ocrx_word' id='word_1_389' title='bbox 3056 2787 3115 2840; x_wconf 77' lang='grc' dir='ltr'>τὸ</span> <span class='ocrx_word' id='word_1_390' title='bbox 3173 2785 3369 2842; x_wconf 78' lang='grc' dir='ltr'>ἐκείνου</span> <span class='ocrx_word' id='word_1_391' title='bbox 3442 2789 3652 2865; x_wconf 69' lang='grc' dir='ltr'>μικρὸν,</span> <span class='ocrx_word' id='word_1_392' title='bbox 3713 2788 3901 2843; x_wconf 72' lang='grc' dir='ltr'>ἑαυτὸν</span> 
     </span>
    </p>
   </div>
   <div class='ocr_carea' id='block_1_58' title="bbox 493 2870 2162 2953">
    <p class='ocr_par' dir='ltr' id='par_1_58' title="bbox 493 2870 2162 2953">
     <span class='ocr_line' id='line_1_58' title="bbox 493 2870 2162 2953; baseline -0.001 -18"><span class='ocrx_word' id='word_1_393' title='bbox 493 2878 573 2936; x_wconf 89' lang='lat' dir='ltr'>At</span> <span class='ocrx_word' id='word_1_394' title='bbox 604 2891 715 2934; x_wconf 92' lang='lat' dir='ltr'>nec</span> <span class='ocrx_word' id='word_1_395' title='bbox 750 2888 924 2949; x_wconf 87' lang='lat' dir='ltr'>parva</span> <span class='ocrx_word' id='word_1_396' title='bbox 953 2870 1155 2929; x_wconf 86' lang='lat' dir='ltr'>Basilii</span> <span class='ocrx_word' id='word_1_397' title='bbox 1179 2870 1308 2931; x_wconf 87' lang='lat' dir='ltr'>laus</span> <span class='ocrx_word' id='word_1_398' title='bbox 1339 2880 1450 2945; x_wconf 89' lang='lat' dir='ltr'>est,</span> <span class='ocrx_word' id='word_1_399' title='bbox 1479 2872 1584 2947; x_wconf 91' lang='lat' dir='ltr'>qui</span> <span class='ocrx_word' id='word_1_400' title='bbox 1618 2876 1883 2953; x_wconf 89' lang='lat' dir='ltr'>seipsum</span> <span class='ocrx_word' id='word_1_401' title='bbox 1916 2871 2034 2933; x_wconf 90' lang='lat' dir='ltr'>Deo</span> <span class='ocrx_word' id='word_1_402' title='bbox 2060 2871 2162 2933; x_wconf 91' lang='lat' dir='ltr'>ob-</span> 
     </span>
    </p>
   </div>
   <div class='ocr_carea' id='block_1_59' title="bbox 499 2958 2159 3041">
    <p class='ocr_par' dir='ltr' id='par_1_59' title="bbox 499 2958 2159 3041">
     <span class='ocr_line' id='line_1_59' title="bbox 499 2958 2159 3041; baseline -0.004 -17"><span class='ocrx_word' id='word_1_403' title='bbox 499 2962 654 3038; x_wconf 89' lang='lat' dir='ltr'>tulit,</span> <span class='ocrx_word' id='word_1_404' title='bbox 693 2980 803 3021; x_wconf 92' lang='lat' dir='ltr'>nec</span> <span class='ocrx_word' id='word_1_405' title='bbox 835 2958 1155 3040; x_wconf 88' lang='lat' dir='ltr'>quidquam</span> <span class='ocrx_word' id='word_1_406' title='bbox 1192 2962 1249 3020; x_wconf 93' lang='lat' dir='ltr'>in</span> <span class='ocrx_word' id='word_1_407' title='bbox 1286 2960 1415 3039; x_wconf 87' lang='lat' dir='ltr'>ejus</span> <span class='ocrx_word' id='word_1_408' title='bbox 1464 2960 1691 3035; x_wconf 87' lang='lat' dir='ltr'>locum,</span> <span class='ocrx_word' id='word_1_409' title='bbox 1732 2970 2015 3041; x_wconf 87' lang='lat' dir='ltr'>tanquam</span> <span class='ocrx_word' id='word_1_410' title='bbox 2051 2958 2159 3040; x_wconf 88' lang='lat' dir='ltr'>ipsi</span> 
     </span>
    </p>
   </div>
   <div class='ocr_carea' id='block_1_60' title="bbox 498 3046 2219 3134">
    <p class='ocr_par' dir='ltr' id='par_1_60' title="bbox 498 3046 2219 3134">
     <span class='ocr_line' id='line_1_60' title="bbox 498 3046 2219 3134; baseline -0.001 -21"><span class='ocrx_word' id='word_1_411' title='bbox 498 3071 627 3134; x_wconf 81' lang='lat' dir='ltr'>par,</span> <span class='ocrx_word' id='word_1_412' title='bbox 656 3050 963 3131; x_wconf 82' lang='lat' dir='ltr'>(quidnam</span> <span class='ocrx_word' id='word_1_413' title='bbox 998 3049 1155 3109; x_wconf 90' lang='lat' dir='ltr'>enim</span> <span class='ocrx_word' id='word_1_414' title='bbox 1193 3049 1341 3109; x_wconf 83' lang='lat' dir='ltr'>illud</span> <span class='ocrx_word' id='word_1_415' title='bbox 1376 3050 1610 3127; x_wconf 80' lang='lat' dir='ltr'>esset?)</span> <span class='ocrx_word' id='word_1_416' title='bbox 1631 3050 2020 3112; x_wconf 89' lang='lat' dir='ltr'>substitutum</span> <span class='ocrx_word' id='word_1_417' title='bbox 2048 3060 2156 3125; x_wconf 88' lang='lat' dir='ltr'>est,</span> <span class='ocrx_word' id='word_1_418' title='bbox 2179 3046 2219 3094; x_wconf 74' lang='grc' dir='ltr'><em>ε</em></span> 
     </span>
    </p>
   </div>
   <div class='ocr_carea' id='block_1_61' title="bbox 497 3138 2159 3223">
    <p class='ocr_par' dir='ltr' id='par_1_61' title="bbox 497 3138 2159 3223">
     <span class='ocr_line' id='line_1_61' title="bbox 497 3138 2159 3223; baseline -0.001 -19"><span class='ocrx_word' id='word_1_419' title='bbox 497 3143 603 3204; x_wconf 87' lang='lat' dir='ltr'>sed</span> <span class='ocrx_word' id='word_1_420' title='bbox 636 3140 812 3223; x_wconf 79' lang='lat' dir='ltr'>plene</span> <span class='ocrx_word' id='word_1_421' title='bbox 850 3138 1234 3219; x_wconf 80' lang='lat' dir='ltr'>perfecteque</span> <span class='ocrx_word' id='word_1_422' title='bbox 1266 3138 1521 3202; x_wconf 89' lang='lat' dir='ltr'>litatum.</span> <span class='ocrx_word' id='word_1_423' title='bbox 1553 3138 1714 3201; x_wconf 90' lang='lat' dir='ltr'>Isaac</span> <span class='ocrx_word' id='word_1_424' title='bbox 1747 3140 1949 3219; x_wconf 87' lang='lat' dir='ltr'>etiam,</span> <span class='ocrx_word' id='word_1_425' title='bbox 1983 3146 2159 3202; x_wconf 81' lang='lat' dir='ltr'>ante-</span> 
     </span>
    </p>
   </div>
   <div class='ocr_carea' id='block_1_62' title="bbox 496 3229 2159 3311">
    <p class='ocr_par' dir='ltr' id='par_1_62' title="bbox 496 3229 2159 3311">
     <span class='ocr_line' id='line_1_62' title="bbox 496 3229 2159 3311; baseline -0.001 -19"><span class='ocrx_word' id='word_1_426' title='bbox 496 3252 674 3311; x_wconf 89' lang='lat' dir='ltr'>quam</span> <span class='ocrx_word' id='word_1_427' title='bbox 701 3233 758 3291; x_wconf 91' lang='lat' dir='ltr'>in</span> <span class='ocrx_word' id='word_1_428' title='bbox 794 3232 982 3292; x_wconf 91' lang='lat' dir='ltr'>lucem</span> <span class='ocrx_word' id='word_1_429' title='bbox 1013 3230 1315 3307; x_wconf 89' lang='lat' dir='ltr'>ederetur,</span> <span class='ocrx_word' id='word_1_430' title='bbox 1345 3229 1677 3311; x_wconf 89' lang='lat' dir='ltr'>promissus</span> <span class='ocrx_word' id='word_1_431' title='bbox 1697 3240 1785 3291; x_wconf 89' lang='lat' dir='ltr'>est</span> <span class='ocrx_word' id='word_1_432' title='bbox 1806 3232 1868 3280; x_wconf 71' lang='lat'>45</span> <span class='ocrx_word' id='word_1_433' title='bbox 1894 3253 1907 3301; x_wconf 90' lang='lat'><strong>;</strong></span> <span class='ocrx_word' id='word_1_434' title='bbox 1939 3232 2031 3292; x_wconf 90' lang='lat' dir='ltr'>hic</span> <span class='ocrx_word' id='word_1_435' title='bbox 2052 3250 2159 3291; x_wconf 89' lang='lat' dir='ltr'>au-</span> 
     </span>
    </p>
   </div>
   <div class='ocr_carea' id='block_1_63' title="bbox 498 3318 2163 3401">
    <p class='ocr_par' dir='ltr' id='par_1_63' title="bbox 498 3318 2163 3401">
     <span class='ocr_line' id='line_1_63' title="bbox 498 3318 2163 3401; baseline -0.002 -19"><span class='ocrx_word' id='word_1_436' title='bbox 498 3331 621 3383; x_wconf 90' lang='lat' dir='ltr'>tem</span> <span class='ocrx_word' id='word_1_437' title='bbox 659 3330 873 3401; x_wconf 83' lang='lat' dir='ltr'>sponte</span> <span class='ocrx_word' id='word_1_438' title='bbox 899 3319 1164 3399; x_wconf 90' lang='lat' dir='ltr'>seipsum</span> <span class='ocrx_word' id='word_1_439' title='bbox 1213 3319 1505 3398; x_wconf 88' lang='lat' dir='ltr'>promisit,</span> <span class='ocrx_word' id='word_1_440' title='bbox 1540 3337 1607 3380; x_wconf 90' lang='lat' dir='ltr'>ac</span> <span class='ocrx_word' id='word_1_441' title='bbox 1655 3318 2013 3395; x_wconf 86' lang='lat' dir='ltr'>Rebeccam,</span> <span class='ocrx_word' id='word_1_442' title='bbox 2050 3319 2163 3380; x_wconf 88' lang='lat' dir='ltr'>hoc</span> 
     </span>
    </p>
   </div>
   <div class='ocr_carea' id='block_1_64' title="bbox 497 3408 2159 3494">
    <p class='ocr_par' dir='ltr' id='par_1_64' title="bbox 497 3408 2159 3494">
     <span class='ocr_line' id='line_1_64' title="bbox 497 3408 2159 3494; baseline -0.004 -19"><span class='ocrx_word' id='word_1_443' title='bbox 497 3422 610 3494; x_wconf 86' lang='lat' dir='ltr'>est,</span> <span class='ocrx_word' id='word_1_444' title='bbox 640 3412 1124 3483; x_wconf 86' lang='lat' dir='ltr'>Ecclesiam,non</span> <span class='ocrx_word' id='word_1_445' title='bbox 1154 3412 1355 3484; x_wconf 81' lang='lat' dir='ltr'>procul</span> <span class='ocrx_word' id='word_1_446' title='bbox 1381 3408 1826 3487; x_wconf 79' lang='lat' dir='ltr'>quaesitam,sed</span> <span class='ocrx_word' id='word_1_447' title='bbox 1857 3428 1889 3470; x_wconf 92' lang='lat' dir='ltr'>e</span> <span class='ocrx_word' id='word_1_448' title='bbox 1913 3409 2159 3490; x_wconf 89' lang='lat' dir='ltr'>propin-</span> 
     </span>
    </p>
   </div>
   <div class='ocr_carea' id='block_1_65' title="bbox 500 3498 2161 3583">
    <p class='ocr_par' dir='ltr' id='par_1_65' title="bbox 500 3498 2161 3583">
     <span class='ocr_line' id='line_1_65' title="bbox 500 3498 2161 3583; baseline -0.002 -19"><span class='ocrx_word' id='word_1_449' title='bbox 500 3523 619 3583; x_wconf 90' lang='lat' dir='ltr'>quo</span> <span class='ocrx_word' id='word_1_450' title='bbox 654 3507 1048 3578; x_wconf 87' lang='lat' dir='ltr'>assumptam,</span> <span class='ocrx_word' id='word_1_451' title='bbox 1084 3516 1328 3558; x_wconf 79' lang='lat' dir='ltr'>uxorem</span> <span class='ocrx_word' id='word_1_452' title='bbox 1364 3498 1553 3579; x_wconf 85' lang='lat' dir='ltr'>duxit,</span> <span class='ocrx_word' id='word_1_453' title='bbox 1582 3516 1691 3560; x_wconf 90' lang='lat' dir='ltr'>nec</span> <span class='ocrx_word' id='word_1_454' title='bbox 1723 3516 1829 3579; x_wconf 89' lang='lat' dir='ltr'>per</span> <span class='ocrx_word' id='word_1_455' title='bbox 1855 3516 2161 3560; x_wconf 89' lang='lat' dir='ltr'>servorum</span> 
     </span>
    </p>
   </div>
   <div class='ocr_carea' id='block_1_66' title="bbox 496 3586 2163 3671">
    <p class='ocr_par' dir='ltr' id='par_1_66' title="bbox 496 3586 2163 3671">
     <span class='ocr_line' id='line_1_66' title="bbox 496 3586 2163 3671; baseline -0.002 -18"><span class='ocrx_word' id='word_1_456' title='bbox 496 3592 857 3671; x_wconf 84' lang='lat' dir='ltr'>legationem</span> <span class='ocrx_word' id='word_1_457' title='bbox 892 3588 973 3657; x_wconf 74' lang='grc'>46,</span> <span class='ocrx_word' id='word_1_458' title='bbox 1002 3587 1106 3647; x_wconf 89' lang='lat' dir='ltr'>sed</span> <span class='ocrx_word' id='word_1_459' title='bbox 1141 3588 1341 3647; x_wconf 90' lang='lat' dir='ltr'>divino</span> <span class='ocrx_word' id='word_1_460' title='bbox 1370 3586 1662 3648; x_wconf 82' lang='lat' dir='ltr'>beneﬁcio</span> <span class='ocrx_word' id='word_1_461' title='bbox 1695 3607 2039 3649; x_wconf 91' lang='lat' dir='ltr'>concessam</span> <span class='ocrx_word' id='word_1_462' title='bbox 2070 3596 2163 3650; x_wconf 90' lang='lat' dir='ltr'>at-</span> 
     </span>
    </p>
   </div>
   <div class='ocr_carea' id='block_1_67' title="bbox 498 3677 2163 3763">
    <p class='ocr_par' dir='ltr' id='par_1_67' title="bbox 498 3677 2163 3763">
     <span class='ocr_line' id='line_1_67' title="bbox 498 3677 2163 3763; baseline -0.002 -21"><span class='ocrx_word' id='word_1_463' title='bbox 498 3702 613 3763; x_wconf 87' lang='lat' dir='ltr'>que</span> <span class='ocrx_word' id='word_1_464' title='bbox 640 3680 1169 3757; x_wconf 79' lang='lat' dir='ltr'>commissam;nec</span> <span class='ocrx_word' id='word_1_465' title='bbox 1190 3677 1247 3738; x_wconf 85' lang='lat' dir='ltr'>in</span> <span class='ocrx_word' id='word_1_466' title='bbox 1273 3678 1529 3737; x_wconf 84' lang='lat' dir='ltr'>ﬁliorum</span> <span class='ocrx_word' id='word_1_467' title='bbox 1553 3677 1895 3756; x_wconf 72' lang='lat' dir='ltr'>przelatione</span> <span class='ocrx_word' id='word_1_468' title='bbox 1910 3679 2163 3739; x_wconf 89' lang='lat' dir='ltr'>circum-</span> 
     </span>
    </p>
   </div>
   <div class='ocr_carea' id='block_1_68' title="bbox 500 3766 2161 3847">
    <p class='ocr_par' dir='ltr' id='par_1_68' title="bbox 500 3766 2161 3847">
     <span class='ocr_line' id='line_1_68' title="bbox 500 3766 2161 3847; baseline -0.003 -13"><span class='ocrx_word' id='word_1_469' title='bbox 500 3779 716 3834; x_wconf 90' lang='lat' dir='ltr'>ventus</span> <span class='ocrx_word' id='word_1_470' title='bbox 747 3767 968 3841; x_wconf 85' lang='lat' dir='ltr'>est,sed</span> <span class='ocrx_word' id='word_1_471' title='bbox 994 3767 1502 3846; x_wconf 90' lang='lat' dir='ltr'>unieuique,quod</span> <span class='ocrx_word' id='word_1_472' title='bbox 1536 3766 2009 3847; x_wconf 89' lang='lat' dir='ltr'>promerebatur,</span> <span class='ocrx_word' id='word_1_473' title='bbox 2028 3786 2161 3829; x_wconf 93' lang='lat' dir='ltr'>cum</span> 
     </span>
    </p>
   </div>
   <div class='ocr_carea' id='block_1_69' title="bbox 501 3856 2162 3942">
    <p class='ocr_par' dir='ltr' id='par_1_69' title="bbox 501 3856 2162 3942">
     <span class='ocr_line' id='line_1_69' title="bbox 501 3856 2162 3942; baseline -0.003 -19"><span class='ocrx_word' id='word_1_474' title='bbox 501 3857 1011 3942; x_wconf 76' lang='lat' dir='ltr'>Spiritusjudicio</span> <span class='ocrx_word' id='word_1_475' title='bbox 1044 3864 1101 3916; x_wconf 93' lang='lat' dir='ltr'>et</span> <span class='ocrx_word' id='word_1_476' title='bbox 1124 3856 1385 3931; x_wconf 87' lang='lat' dir='ltr'>delectu,</span> <span class='ocrx_word' id='word_1_477' title='bbox 1417 3856 1548 3917; x_wconf 89' lang='lat' dir='ltr'>sine</span> <span class='ocrx_word' id='word_1_478' title='bbox 1574 3856 1693 3918; x_wconf 93' lang='lat' dir='ltr'>ulla</span> <span class='ocrx_word' id='word_1_479' title='bbox 1719 3857 1926 3919; x_wconf 82' lang='lat' dir='ltr'>fraude</span> <span class='ocrx_word' id='word_1_480' title='bbox 1947 3876 2015 3920; x_wconf 89' lang='lat' dir='ltr'>ac</span> <span class='ocrx_word' id='word_1_481' title='bbox 2039 3858 2162 3919; x_wconf 86' lang='lat' dir='ltr'>cir—</span> 
     </span>
    </p>
   </div>
   <div class='ocr_carea' id='block_1_70' title="bbox 502 3946 2166 4029">
    <p class='ocr_par' dir='ltr' id='par_1_70' title="bbox 502 3946 2166 4029">
     <span class='ocr_line' id='line_1_70' title="bbox 502 3946 2166 4029; baseline -0.002 -17"><span class='ocrx_word' id='word_1_482' title='bbox 502 3948 991 4029; x_wconf 87' lang='lat' dir='ltr'>cumscriptione,</span> <span class='ocrx_word' id='word_1_483' title='bbox 1023 3946 1253 4005; x_wconf 88' lang='lat' dir='ltr'>tribuit.</span> <span class='ocrx_word' id='word_1_484' title='bbox 1280 3946 1410 4008; x_wconf 74' lang='lat' dir='ltr'>Jnm</span> <span class='ocrx_word' id='word_1_485' title='bbox 1446 3965 1583 4007; x_wconf 90' lang='lat' dir='ltr'>vero</span> <span class='ocrx_word' id='word_1_486' title='bbox 1613 3946 1823 4011; x_wconf 85' lang='lat' dir='ltr'>Jacobi</span> <span class='ocrx_word' id='word_1_487' title='bbox 1856 3948 2073 4010; x_wconf 88' lang='lat' dir='ltr'>scalam</span> <span class='ocrx_word' id='word_1_488' title='bbox 2106 3956 2166 4009; x_wconf 91' lang='lat' dir='ltr'>et</span> 
     </span>
    </p>
   </div>
   <div class='ocr_carea' id='block_1_71' title="bbox 500 4035 2163 4118">
    <p class='ocr_par' dir='ltr' id='par_1_71' title="bbox 500 4035 2163 4118">
     <span class='ocr_line' id='line_1_71' title="bbox 500 4035 2163 4118; baseline -0.001 -17"><span class='ocrx_word' id='word_1_489' title='bbox 500 4043 841 4101; x_wconf 86' lang='lat' dir='ltr'>columnam</span> <span class='ocrx_word' id='word_1_490' title='bbox 876 4054 1004 4097; x_wconf 91' lang='lat' dir='ltr'>eam</span> <span class='ocrx_word' id='word_1_491' title='bbox 1057 4035 1257 4107; x_wconf 89' lang='lat' dir='ltr'>laudo,</span> <span class='ocrx_word' id='word_1_492' title='bbox 1296 4056 1467 4117; x_wconf 88' lang='lat' dir='ltr'>quam</span> <span class='ocrx_word' id='word_1_493' title='bbox 1512 4039 1633 4099; x_wconf 91' lang='lat' dir='ltr'>Deo</span> <span class='ocrx_word' id='word_1_494' title='bbox 1688 4037 1877 4111; x_wconf 83' lang='lat' dir='ltr'>unxit,</span> <span class='ocrx_word' id='word_1_495' title='bbox 1913 4038 2163 4118; x_wconf 82' lang='lat' dir='ltr'>ejusque</span> 
     </span>
    </p>
   </div>
   <div class='ocr_carea' id='block_1_72' title="bbox 504 4124 2161 4209">
    <p class='ocr_par' dir='ltr' id='par_1_72' title="bbox 504 4124 2161 4209">
     <span class='ocr_line' id='line_1_72' title="bbox 504 4124 2161 4209; baseline 0 -20"><span class='ocrx_word' id='word_1_496' title='bbox 504 4130 684 4190; x_wconf 85' lang='lat' dir='ltr'>etiam</span> <span class='ocrx_word' id='word_1_497' title='bbox 721 4145 856 4187; x_wconf 90' lang='lat' dir='ltr'>cum</span> <span class='ocrx_word' id='word_1_498' title='bbox 890 4146 959 4186; x_wconf 85' lang='lat' dir='ltr'>eo</span> <span class='ocrx_word' id='word_1_499' title='bbox 992 4124 1478 4187; x_wconf 88' lang='lat' dir='ltr'>colluctationem</span> <span class='ocrx_word' id='word_1_500' title='bbox 1512 4129 1596 4207; x_wconf 73' lang='grc'>47,</span> <span class='ocrx_word' id='word_1_501' title='bbox 1624 4147 1994 4209; x_wconf 64' lang='lat' dir='ltr'>quaecunque</span> <span class='ocrx_word' id='word_1_502' title='bbox 2028 4139 2161 4190; x_wconf 86' lang='lat' dir='ltr'>tan-</span> 
     </span>
    </p>
   </div>
   <div class='ocr_carea' id='block_1_73' title="bbox 505 4216 2161 4299">
    <p class='ocr_par' dir='ltr' id='par_1_73' title="bbox 505 4216 2161 4299">
     <span class='ocr_line' id='line_1_73' title="bbox 505 4216 2161 4299; baseline 0.003 -24"><span class='ocrx_word' id='word_1_503' title='bbox 505 4218 642 4277; x_wconf 80' lang='lat' dir='ltr'>dem</span> <span class='ocrx_word' id='word_1_504' title='bbox 678 4216 779 4275; x_wconf 90' lang='lat' dir='ltr'>illa</span> <span class='ocrx_word' id='word_1_505' title='bbox 806 4222 930 4275; x_wconf 89' lang='lat' dir='ltr'>erat</span> <span class='ocrx_word' id='word_1_506' title='bbox 956 4237 971 4285; x_wconf 93' lang='lat'><strong>;</strong></span> <span class='ocrx_word' id='word_1_507' title='bbox 997 4223 1086 4275; x_wconf 90' lang='lat' dir='ltr'>est</span> <span class='ocrx_word' id='word_1_508' title='bbox 1112 4216 1381 4295; x_wconf 85' lang='lat' dir='ltr'>quidem,</span> <span class='ocrx_word' id='word_1_509' title='bbox 1413 4225 1471 4278; x_wconf 92' lang='lat' dir='ltr'>ut</span> <span class='ocrx_word' id='word_1_510' title='bbox 1500 4218 1626 4296; x_wconf 88' lang='lat' dir='ltr'>ipse</span> <span class='ocrx_word' id='word_1_511' title='bbox 1653 4218 1890 4299; x_wconf 91' lang='lat' dir='ltr'>opinor,</span> <span class='ocrx_word' id='word_1_512' title='bbox 1920 4219 2161 4280; x_wconf 90' lang='lat' dir='ltr'>humani</span> 
     </span>
    </p>
   </div>
   <div class='ocr_carea' id='block_1_74' title="bbox 508 4304 2162 4387">
    <p class='ocr_par' dir='ltr' id='par_1_74' title="bbox 508 4304 2162 4387">
     <span class='ocr_line' id='line_1_74' title="bbox 508 4304 2162 4387; baseline 0.002 -23"><span class='ocrx_word' id='word_1_513' title='bbox 508 4304 731 4364; x_wconf 87' lang='lat' dir='ltr'>moduli</span> <span class='ocrx_word' id='word_1_514' title='bbox 765 4322 897 4363; x_wconf 90' lang='lat' dir='ltr'>cum</span> <span class='ocrx_word' id='word_1_515' title='bbox 924 4304 1124 4364; x_wconf 91' lang='lat' dir='ltr'>divina</span> <span class='ocrx_word' id='word_1_516' title='bbox 1148 4304 1512 4368; x_wconf 88' lang='lat' dir='ltr'>sublimitate</span> <span class='ocrx_word' id='word_1_517' title='bbox 1542 4306 1914 4387; x_wconf 84' lang='lat' dir='ltr'>comparatio</span> <span class='ocrx_word' id='word_1_518' title='bbox 1939 4315 2162 4367; x_wconf 89' lang='lat' dir='ltr'>etcon-</span> 
     </span>
    </p>
   </div>
   <div class='ocr_carea' id='block_1_75' title="bbox 2246 2872 3898 2955">
    <p class='ocr_par' dir='ltr' id='par_1_75' title="bbox 2246 2872 3898 2955">
     <span class='ocr_line' id='line_1_75' title="bbox 2246 2872 3898 2955; baseline -0.001 -22"><span class='ocrx_word' id='word_1_519' title='bbox 2246 2877 2555 2955; x_wconf 73' lang='grc' dir='ltr'>προσήγαγε</span> <span class='ocrx_word' id='word_1_520' title='bbox 2594 2881 2669 2948; x_wconf 81' lang='grc' dir='ltr'>τῷ</span> <span class='ocrx_word' id='word_1_521' title='bbox 2702 2876 2842 2949; x_wconf 77' lang='grc' dir='ltr'>Θεῷ,</span> <span class='ocrx_word' id='word_1_522' title='bbox 2899 2875 2985 2930; x_wconf 85' lang='grc' dir='ltr'>καὶ</span> <span class='ocrx_word' id='word_1_523' title='bbox 3045 2872 3195 2929; x_wconf 71' lang='grc' dir='ltr'>οὒδὲν</span> <span class='ocrx_word' id='word_1_524' title='bbox 3245 2878 3317 2938; x_wconf 84' lang='grc' dir='ltr'>ὡς</span> <span class='ocrx_word' id='word_1_525' title='bbox 3347 2875 3586 2950; x_wconf 85' lang='grc' dir='ltr'>ἰσότιμον</span> <span class='ocrx_word' id='word_1_526' title='bbox 3620 2874 3898 2955; x_wconf 56' lang='grc' dir='ltr'>ἀντεδόθη,</span> 
     </span>
    </p>
   </div>
   <div class='ocr_carea' id='block_1_76' title="bbox 2252 2963 3899 3046">
    <p class='ocr_par' dir='ltr' id='par_1_76' title="bbox 2252 2963 3899 3046">
     <span class='ocr_line' id='line_1_76' title="bbox 2252 2963 3899 3046; baseline -0.001 -23"><span class='ocrx_word' id='word_1_527' title='bbox 2252 2966 2324 3046; x_wconf 86' lang='grc' dir='ltr'>(τί</span> <span class='ocrx_word' id='word_1_528' title='bbox 2366 2967 2465 3043; x_wconf 76' lang='grc' dir='ltr'>γὰρ</span> <span class='ocrx_word' id='word_1_529' title='bbox 2509 2966 2595 3020; x_wconf 84' lang='grc' dir='ltr'>καὶ</span> <span class='ocrx_word' id='word_1_530' title='bbox 2637 2964 2703 3031; x_wconf 78' lang='grc' dir='ltr'>ἦν</span> <span class='ocrx_word' id='word_1_531' title='bbox 2732 2966 2779 3041; x_wconf 68' lang='grc' dir='ltr'>ς)</span> <span class='ocrx_word' id='word_1_532' title='bbox 2830 2963 2965 3019; x_wconf 80' lang='grc' dir='ltr'>ὥστε</span> <span class='ocrx_word' id='word_1_533' title='bbox 3012 2966 3097 3020; x_wconf 85' lang='grc' dir='ltr'>καὶ</span> <span class='ocrx_word' id='word_1_534' title='bbox 3152 2964 3501 3031; x_wconf 71' lang='grc' dir='ltr'>τελειωθῆναι</span> <span class='ocrx_word' id='word_1_535' title='bbox 3563 2967 3623 3023; x_wconf 84' lang='grc' dir='ltr'>τὸ</span> <span class='ocrx_word' id='word_1_536' title='bbox 3675 2964 3899 3021; x_wconf 73' lang='grc' dir='ltr'>καλλιέ⁴</span> 
     </span>
    </p>
   </div>
   <div class='ocr_carea' id='block_1_77' title="bbox 2246 3048 3899 3135">
    <p class='ocr_par' dir='ltr' id='par_1_77' title="bbox 2246 3048 3899 3135">
     <span class='ocr_line' id='line_1_77' title="bbox 2246 3048 3899 3135; baseline 0.001 -26"><span class='ocrx_word' id='word_1_537' title='bbox 2246 3077 2417 3135; x_wconf 86' lang='grc' dir='ltr'>ρημα.</span> <span class='ocrx_word' id='word_1_538' title='bbox 2458 3053 2638 3110; x_wconf 76' lang='grc' dir='ltr'>Ἰσαὰκ</span> <span class='ocrx_word' id='word_1_539' title='bbox 2672 3048 2980 3131; x_wconf 75' lang='grc' dir='ltr'>ἐπηγγέλθη</span> <span class='ocrx_word' id='word_1_540' title='bbox 3014 3055 3100 3109; x_wconf 84' lang='grc' dir='ltr'>καὶ</span> <span class='ocrx_word' id='word_1_541' title='bbox 3132 3055 3233 3135; x_wconf 82' lang='grc' dir='ltr'>πρὸ</span> <span class='ocrx_word' id='word_1_542' title='bbox 3267 3055 3524 3133; x_wconf 84' lang='grc' dir='ltr'>γενέσεως</span> <span class='ocrx_word' id='word_1_543' title='bbox 3561 3072 3575 3085; x_wconf 89' lang='grc'><strong>·</strong></span> <span class='ocrx_word' id='word_1_544' title='bbox 3636 3057 3663 3110; x_wconf 84' lang='grc' dir='ltr'>ὁ</span> <span class='ocrx_word' id='word_1_545' title='bbox 3699 3052 3752 3110; x_wconf 81' lang='grc' dir='ltr'>δὲ</span> <span class='ocrx_word' id='word_1_546' title='bbox 3800 3057 3899 3111; x_wconf 74' lang='grc' dir='ltr'>αὖ·-</span> 
     </span>
    </p>
   </div>
   <div class='ocr_carea' id='block_1_78' title="bbox 2244 3134 3899 3223">
    <p class='ocr_par' dir='ltr' id='par_1_78' title="bbox 2244 3134 3899 3223">
     <span class='ocr_line' id='line_1_78' title="bbox 2244 3134 3899 3223; baseline 0 -22"><span class='ocrx_word' id='word_1_547' title='bbox 2244 3141 2608 3221; x_wconf 86' lang='grc' dir='ltr'>τεπάγγελτος</span> <span class='ocrx_word' id='word_1_548' title='bbox 2635 3142 2699 3210; x_wconf 75' lang='grc' dir='ltr'>ἦν</span> <span class='ocrx_word' id='word_1_549' title='bbox 2737 3142 2875 3219; x_wconf 79' lang='grc'>(75),</span> <span class='ocrx_word' id='word_1_550' title='bbox 2912 3144 2998 3199; x_wconf 85' lang='grc' dir='ltr'>καὶ</span> <span class='ocrx_word' id='word_1_551' title='bbox 3024 3143 3121 3209; x_wconf 79' lang='grc' dir='ltr'>την</span> <span class='ocrx_word' id='word_1_552' title='bbox 3158 3134 3463 3217; x_wconf 75' lang='grc' dir='ltr'>Ῥεϐέκκαν,</span> <span class='ocrx_word' id='word_1_553' title='bbox 3508 3142 3650 3223; x_wconf 83' lang='grc' dir='ltr'>λέγω</span> <span class='ocrx_word' id='word_1_554' title='bbox 3681 3142 3744 3211; x_wconf 73' lang='grc' dir='ltr'>δὴ</span> <span class='ocrx_word' id='word_1_555' title='bbox 3776 3144 3899 3221; x_wconf 71' lang='grc'>(76)</span> 
     </span>
    </p>
   </div>
   <div class='ocr_carea' id='block_1_79' title="bbox 2244 3230 3900 3312">
    <p class='ocr_par' dir='ltr' id='par_1_79' title="bbox 2244 3230 3900 3312">
     <span class='ocr_line' id='line_1_79' title="bbox 2244 3230 3900 3312; baseline 0.001 -22"><span class='ocrx_word' id='word_1_556' title='bbox 2244 3236 2342 3301; x_wconf 75' lang='grc' dir='ltr'>τὴν</span> <span class='ocrx_word' id='word_1_557' title='bbox 2380 3230 2727 3305; x_wconf 82' lang='grc' dir='ltr'>Ἐκκλησίαν,</span> <span class='ocrx_word' id='word_1_558' title='bbox 2763 3235 2822 3289; x_wconf 70' lang='grc' dir='ltr'>οὗ</span> <span class='ocrx_word' id='word_1_559' title='bbox 2873 3230 3162 3312; x_wconf 60' lang='grc' dir='ltr'>πόρρωθεν,</span> <span class='ocrx_word' id='word_1_560' title='bbox 3218 3231 3339 3288; x_wconf 85' lang='grc' dir='ltr'>ἀλλ’</span> <span class='ocrx_word' id='word_1_561' title='bbox 3393 3234 3607 3312; x_wconf 78' lang='grc' dir='ltr'>ἐγγύθεν</span> <span class='ocrx_word' id='word_1_562' title='bbox 3639 3236 3900 3311; x_wconf 67' lang='grc' dir='ltr'>ἡγᾶγετο,</span> 
     </span>
    </p>
   </div>
   <div class='ocr_carea' id='block_1_80' title="bbox 2246 3318 3905 3401">
    <p class='ocr_par' dir='ltr' id='par_1_80' title="bbox 2246 3318 3905 3401">
     <span class='ocr_line' id='line_1_80' title="bbox 2246 3318 3905 3401; baseline 0.001 -23"><span class='ocrx_word' id='word_1_563' title='bbox 2246 3322 2365 3383; x_wconf 68' lang='grc' dir='ltr'>οὐδὲ</span> <span class='ocrx_word' id='word_1_564' title='bbox 2394 3320 2478 3377; x_wconf 80' lang='grc' dir='ltr'>διὰ</span> <span class='ocrx_word' id='word_1_565' title='bbox 2509 3318 2788 3399; x_wconf 89' lang='grc' dir='ltr'>πρεσϐείας</span> <span class='ocrx_word' id='word_1_566' title='bbox 2837 3321 3131 3401; x_wconf 73' lang='grc' dir='ltr'>οἰκετικῆς,</span> <span class='ocrx_word' id='word_1_567' title='bbox 3179 3320 3301 3377; x_wconf 87' lang='grc' dir='ltr'>ἀλλ’</span> <span class='ocrx_word' id='word_1_568' title='bbox 3358 3321 3419 3379; x_wconf 79' lang='grc' dir='ltr'>ἐκ</span> <span class='ocrx_word' id='word_1_569' title='bbox 3471 3329 3601 3379; x_wconf 79' lang='grc' dir='ltr'>Θεοῦ</span> <span class='ocrx_word' id='word_1_570' title='bbox 3658 3321 3905 3381; x_wconf 76' lang='grc' dir='ltr'>δοθεῖσαν</span> 
     </span>
    </p>
   </div>
   <div class='ocr_carea' id='block_1_81' title="bbox 2244 3409 3906 3491">
    <p class='ocr_par' dir='ltr' id='par_1_81' title="bbox 2244 3409 3906 3491">
     <span class='ocr_line' id='line_1_81' title="bbox 2244 3409 3906 3491; baseline -0.001 -21"><span class='ocrx_word' id='word_1_571' title='bbox 2244 3415 2333 3471; x_wconf 84' lang='grc' dir='ltr'>καὶ</span> <span class='ocrx_word' id='word_1_572' title='bbox 2392 3415 2768 3468; x_wconf 82' lang='grc' dir='ltr'>πιστευθετσαν</span> <span class='ocrx_word' id='word_1_573' title='bbox 2805 3426 2817 3439; x_wconf 92' lang='grc'><strong>·</strong></span> <span class='ocrx_word' id='word_1_574' title='bbox 2888 3409 3004 3466; x_wconf 70' lang='grc' dir='ltr'>οὐδὲ</span> <span class='ocrx_word' id='word_1_575' title='bbox 3068 3412 3421 3491; x_wconf 73' lang='grc' dir='ltr'>κατεσοφίσθη</span> <span class='ocrx_word' id='word_1_576' title='bbox 3478 3414 3595 3490; x_wconf 86' lang='grc' dir='ltr'>περὶ</span> <span class='ocrx_word' id='word_1_577' title='bbox 3650 3414 3747 3481; x_wconf 80' lang='grc' dir='ltr'>τὴν</span> <span class='ocrx_word' id='word_1_578' title='bbox 3796 3420 3906 3469; x_wconf 77' lang='grc' dir='ltr'>τῶν</span> 
     </span>
    </p>
   </div>
   <div class='ocr_carea' id='block_1_82' title="bbox 2245 3499 3905 3585">
    <p class='ocr_par' dir='ltr' id='par_1_82' title="bbox 2245 3499 3905 3585">
     <span class='ocr_line' id='line_1_82' title="bbox 2245 3499 3905 3585; baseline 0.001 -25"><span class='ocrx_word' id='word_1_579' title='bbox 2245 3502 2448 3560; x_wconf 87' lang='grc' dir='ltr'>τέκνων</span> <span class='ocrx_word' id='word_1_580' title='bbox 2482 3502 2826 3582; x_wconf 86' lang='grc' dir='ltr'>προτίμησιν,</span> <span class='ocrx_word' id='word_1_581' title='bbox 2860 3499 2982 3557; x_wconf 84' lang='grc' dir='ltr'>ἀλλ’</span> <span class='ocrx_word' id='word_1_582' title='bbox 3015 3501 3225 3575; x_wconf 80' lang='grc' dir='ltr'>ἑκάστῳ</span> <span class='ocrx_word' id='word_1_583' title='bbox 3252 3503 3318 3558; x_wconf 83' lang='grc' dir='ltr'>τὰ</span> <span class='ocrx_word' id='word_1_584' title='bbox 3349 3504 3479 3582; x_wconf 81' lang='grc' dir='ltr'>πρὸς</span> <span class='ocrx_word' id='word_1_585' title='bbox 3512 3502 3653 3568; x_wconf 77' lang='grc' dir='ltr'>ἀξίαν</span> <span class='ocrx_word' id='word_1_586' title='bbox 3685 3504 3905 3585; x_wconf 85' lang='grc' dir='ltr'>ἀπαρα-</span> 
     </span>
    </p>
   </div>
   <div class='ocr_carea' id='block_1_83' title="bbox 2245 3589 3904 3671">
    <p class='ocr_par' dir='ltr' id='par_1_83' title="bbox 2245 3589 3904 3671">
     <span class='ocr_line' id='line_1_83' title="bbox 2245 3589 3904 3671; baseline 0.003 -27"><span class='ocrx_word' id='word_1_587' title='bbox 2245 3591 2504 3671; x_wconf 81' lang='grc' dir='ltr'>λογίστως</span> <span class='ocrx_word' id='word_1_588' title='bbox 2567 3589 2721 3665; x_wconf 74' lang='grc' dir='ltr'>ἔνεμε</span> <span class='ocrx_word' id='word_1_589' title='bbox 2772 3589 2895 3669; x_wconf 71' lang='grc'>(77)</span> <span class='ocrx_word' id='word_1_590' title='bbox 2940 3590 3076 3665; x_wconf 83' lang='grc' dir='ltr'>μετὰ</span> <span class='ocrx_word' id='word_1_591' title='bbox 3118 3596 3217 3657; x_wconf 74' lang='grc' dir='ltr'>τῆς</span> <span class='ocrx_word' id='word_1_592' title='bbox 3282 3593 3377 3647; x_wconf 79' lang='grc' dir='ltr'>τοῦ</span> <span class='ocrx_word' id='word_1_593' title='bbox 3434 3592 3741 3667; x_wconf 80' lang='grc' dir='ltr'>Πνεύματος</span> <span class='ocrx_word' id='word_1_594' title='bbox 3785 3595 3904 3671; x_wconf 75' lang='grc' dir='ltr'>κρί-</span> 
     </span>
    </p>
   </div>
   <div class='ocr_carea' id='block_1_84' title="bbox 2246 3677 3906 3761">
    <p class='ocr_par' dir='ltr' id='par_1_84' title="bbox 2246 3677 3906 3761">
     <span class='ocr_line' id='line_1_84' title="bbox 2246 3677 3906 3761; baseline -0.004 -24"><span class='ocrx_word' id='word_1_595' title='bbox 2246 3703 2402 3746; x_wconf 81' lang='grc' dir='ltr'>σεως.</span> <span class='ocrx_word' id='word_1_596' title='bbox 2467 3678 2707 3736; x_wconf 83' lang='grc' dir='ltr'>Ἐπαινῶ</span> <span class='ocrx_word' id='word_1_597' title='bbox 2754 3680 2850 3747; x_wconf 72' lang='grc' dir='ltr'>τὴν</span> <span class='ocrx_word' id='word_1_598' title='bbox 2895 3677 3090 3735; x_wconf 86' lang='grc' dir='ltr'>Ἰακὼϐ</span> <span class='ocrx_word' id='word_1_599' title='bbox 3145 3678 3400 3761; x_wconf 81' lang='grc' dir='ltr'>κλίματα,</span> <span class='ocrx_word' id='word_1_600' title='bbox 3470 3682 3557 3738; x_wconf 82' lang='grc' dir='ltr'>καὶ</span> <span class='ocrx_word' id='word_1_601' title='bbox 3602 3683 3701 3749; x_wconf 78' lang='grc' dir='ltr'>την</span> <span class='ocrx_word' id='word_1_602' title='bbox 3760 3685 3906 3753; x_wconf 75' lang='grc' dir='ltr'>στή-</span> 
     </span>
    </p>
   </div>
   <div class='ocr_carea' id='block_1_85' title="bbox 2247 3767 3905 3849">
    <p class='ocr_par' dir='ltr' id='par_1_85' title="bbox 2247 3767 3905 3849">
     <span class='ocr_line' id='line_1_85' title="bbox 2247 3767 3905 3849; baseline -0.001 -20"><span class='ocrx_word' id='word_1_603' title='bbox 2247 3773 2348 3839; x_wconf 89' lang='grc' dir='ltr'>λην</span> <span class='ocrx_word' id='word_1_604' title='bbox 2379 3768 2540 3849; x_wconf 74' lang='grc'>(78),</span> <span class='ocrx_word' id='word_1_605' title='bbox 2574 3768 2642 3837; x_wconf 75' lang='grc' dir='ltr'>ἢν</span> <span class='ocrx_word' id='word_1_606' title='bbox 2674 3767 2865 3845; x_wconf 73' lang='grc' dir='ltr'>ἤλειψε</span> <span class='ocrx_word' id='word_1_607' title='bbox 2896 3772 2973 3843; x_wconf 80' lang='grc' dir='ltr'>τῷ</span> <span class='ocrx_word' id='word_1_608' title='bbox 3005 3772 3143 3849; x_wconf 77' lang='grc' dir='ltr'>Θεῷ,</span> <span class='ocrx_word' id='word_1_609' title='bbox 3178 3771 3265 3825; x_wconf 85' lang='grc' dir='ltr'>καὶ</span> <span class='ocrx_word' id='word_1_610' title='bbox 3297 3770 3395 3837; x_wconf 68' lang='grc' dir='ltr'>τὴν</span> <span class='ocrx_word' id='word_1_611' title='bbox 3445 3774 3577 3849; x_wconf 67' lang='grc' dir='ltr'>πρὸς</span> <span class='ocrx_word' id='word_1_612' title='bbox 3608 3771 3764 3827; x_wconf 75' lang='grc' dir='ltr'>αὐτὸν</span> <span class='ocrx_word' id='word_1_613' title='bbox 3794 3775 3905 3828; x_wconf 66' lang='grc' dir='ltr'>παι</span> 
     </span>
    </p>
   </div>
   <div class='ocr_carea' id='block_1_86' title="bbox 2246 3855 3908 3940">
    <p class='ocr_par' dir='ltr' id='par_1_86' title="bbox 2246 3855 3908 3940">
     <span class='ocr_line' id='line_1_86' title="bbox 2246 3855 3908 3940; baseline 0.003 -27"><span class='ocrx_word' id='word_1_614' title='bbox 2246 3861 2372 3935; x_wconf 84' lang='grc' dir='ltr'>λην,</span> <span class='ocrx_word' id='word_1_615' title='bbox 2408 3857 2526 3926; x_wconf 70' lang='grc' dir='ltr'>ἥτις</span> <span class='ocrx_word' id='word_1_616' title='bbox 2556 3859 2686 3914; x_wconf 72' lang='grc' dir='ltr'>ποτὲ</span> <span class='ocrx_word' id='word_1_617' title='bbox 2718 3860 2784 3925; x_wconf 76' lang='grc' dir='ltr'>ἦν</span> <span class='ocrx_word' id='word_1_618' title='bbox 2810 3874 2825 3890; x_wconf 87' lang='lat'><strong>&#39;</strong></span> <span class='ocrx_word' id='word_1_619' title='bbox 2889 3857 3053 3931; x_wconf 79' lang='grc' dir='ltr'>οἶμαι</span> <span class='ocrx_word' id='word_1_620' title='bbox 3086 3855 3139 3913; x_wconf 78' lang='grc' dir='ltr'><em>δὲ</em></span> <span class='ocrx_word' id='word_1_621' title='bbox 3189 3860 3283 3916; x_wconf 70' lang='grc' dir='ltr'>τοῦ</span> <span class='ocrx_word' id='word_1_622' title='bbox 3332 3859 3658 3928; x_wconf 84' lang='grc' dir='ltr'>ἀνθρωπείου</span> <span class='ocrx_word' id='word_1_623' title='bbox 3706 3859 3908 3940; x_wconf 82' lang='grc' dir='ltr'>μέτρου</span> 
     </span>
    </p>
   </div>
   <div class='ocr_carea' id='block_1_87' title="bbox 2247 3945 3904 4030">
    <p class='ocr_par' dir='ltr' id='par_1_87' title="bbox 2247 3945 3904 4030">
     <span class='ocr_line' id='line_1_87' title="bbox 2247 3945 3904 4030; baseline 0.001 -24"><span class='ocrx_word' id='word_1_624' title='bbox 2247 3952 2379 4030; x_wconf 81' lang='grc' dir='ltr'>πρὸς</span> <span class='ocrx_word' id='word_1_625' title='bbox 2411 3948 2471 4004; x_wconf 85' lang='grc' dir='ltr'>τὸ</span> <span class='ocrx_word' id='word_1_626' title='bbox 2500 3952 2644 4004; x_wconf 80' lang='grc' dir='ltr'>Θεϊον</span> <span class='ocrx_word' id='word_1_627' title='bbox 2686 3945 2817 4023; x_wconf 72' lang='grc' dir='ltr'>ὕψος</span> <span class='ocrx_word' id='word_1_628' title='bbox 2850 3946 3316 4027; x_wconf 84' lang='grc' dir='ltr'>ἀντιπαρέκτασις,</span> <span class='ocrx_word' id='word_1_629' title='bbox 3350 3949 3438 4005; x_wconf 87' lang='grc' dir='ltr'>καὶ</span> <span class='ocrx_word' id='word_1_630' title='bbox 3464 3947 3718 4014; x_wconf 83' lang='grc' dir='ltr'>ἀντίθεσις</span> <span class='ocrx_word' id='word_1_631' title='bbox 3758 3948 3904 4029; x_wconf 76' lang='lat'>(79),</span> 
     </span>
    </p>
   </div>
   <div class='ocr_carea' id='block_1_88' title="bbox 2249 4034 3906 4119">
    <p class='ocr_par' dir='ltr' id='par_1_88' title="bbox 2249 4034 3906 4119">
     <span class='ocr_line' id='line_1_88' title="bbox 2249 4034 3906 4119; baseline -0.006 -22"><span class='ocrx_word' id='word_1_632' title='bbox 2249 4040 2365 4097; x_wconf 71' lang='grc' dir='ltr'>ὅθεν</span> <span class='ocrx_word' id='word_1_633' title='bbox 2396 4039 2484 4095; x_wconf 85' lang='grc' dir='ltr'>καὶ</span> <span class='ocrx_word' id='word_1_634' title='bbox 2526 4036 2643 4115; x_wconf 69' lang='grc' dir='ltr'>ἄγει</span> <span class='ocrx_word' id='word_1_635' title='bbox 2676 4037 2797 4109; x_wconf 88' lang='grc'>(80)</span> <span class='ocrx_word' id='word_1_636' title='bbox 2826 4038 2892 4093; x_wconf 81' lang='grc' dir='ltr'>τὰ</span> <span class='ocrx_word' id='word_1_637' title='bbox 2939 4034 3179 4112; x_wconf 82' lang='grc' dir='ltr'>σύμϐολα</span> <span class='ocrx_word' id='word_1_638' title='bbox 3222 4042 3320 4104; x_wconf 83' lang='grc' dir='ltr'>τῆς</span> <span class='ocrx_word' id='word_1_639' title='bbox 3370 4038 3688 4114; x_wconf 82' lang='grc' dir='ltr'>ἡττωμένης</span> <span class='ocrx_word' id='word_1_640' title='bbox 3743 4040 3906 4119; x_wconf 69' lang='grc' dir='ltr'>γενέ-</span> 
     </span>
    </p>
   </div>
   <div class='ocr_carea' id='block_1_89' title="bbox 2245 4126 3909 4206">
    <p class='ocr_par' dir='ltr' id='par_1_89' title="bbox 2245 4126 3909 4206">
     <span class='ocr_line' id='line_1_89' title="bbox 2245 4126 3909 4206; baseline -0.003 -18"><span class='ocrx_word' id='word_1_641' title='bbox 2245 4152 2381 4194; x_wconf 89' lang='grc' dir='ltr'>σεως</span> <span class='ocrx_word' id='word_1_642' title='bbox 2426 4127 2568 4204; x_wconf 68' lang='grc'>(81).</span> <span class='ocrx_word' id='word_1_643' title='bbox 2618 4126 2856 4184; x_wconf 85' lang='grc' dir='ltr'>Ἐπαινῶ</span> <span class='ocrx_word' id='word_1_644' title='bbox 2904 4128 2993 4183; x_wconf 86' lang='grc' dir='ltr'>καὶ</span> <span class='ocrx_word' id='word_1_645' title='bbox 3031 4127 3131 4194; x_wconf 73' lang='grc' dir='ltr'>τὴν</span> <span class='ocrx_word' id='word_1_646' title='bbox 3186 4128 3303 4205; x_wconf 86' lang='grc' dir='ltr'>περὶ</span> <span class='ocrx_word' id='word_1_647' title='bbox 3372 4128 3437 4183; x_wconf 82' lang='grc' dir='ltr'>τὰ</span> <span class='ocrx_word' id='word_1_648' title='bbox 3488 4127 3764 4206; x_wconf 85' lang='grc' dir='ltr'>θρέμματα</span> <span class='ocrx_word' id='word_1_649' title='bbox 3811 4137 3909 4187; x_wconf 78' lang='grc' dir='ltr'>τοῦ</span> 
     </span>
    </p>
   </div>
   <div class='ocr_carea' id='block_1_90' title="bbox 2246 4216 3906 4299">
    <p class='ocr_par' dir='ltr' id='par_1_90' title="bbox 2246 4216 3906 4299">
     <span class='ocr_line' id='line_1_90' title="bbox 2246 4216 3906 4299; baseline 0 -22"><span class='ocrx_word' id='word_1_650' title='bbox 2246 4218 2431 4299; x_wconf 83' lang='grc' dir='ltr'>ἀνδρὸς</span> <span class='ocrx_word' id='word_1_651' title='bbox 2484 4218 2822 4296; x_wconf 76' lang='grc' dir='ltr'>εὐμηχανίαν</span> <span class='ocrx_word' id='word_1_652' title='bbox 2878 4217 2966 4272; x_wconf 83' lang='grc' dir='ltr'>καὶ</span> <span class='ocrx_word' id='word_1_653' title='bbox 3011 4217 3318 4297; x_wconf 73' lang='grc' dir='ltr'>εὐημερίαν,</span> <span class='ocrx_word' id='word_1_654' title='bbox 3381 4218 3469 4273; x_wconf 79' lang='grc' dir='ltr'>καὶ</span> <span class='ocrx_word' id='word_1_655' title='bbox 3528 4218 3648 4281; x_wconf 82' lang='grc' dir='ltr'>τοὺς</span> <span class='ocrx_word' id='word_1_656' title='bbox 3694 4216 3906 4277; x_wconf 79' lang='grc' dir='ltr'>δώδεκα</span> 
     </span>
    </p>
   </div>
   <div class='ocr_carea' id='block_1_91' title="bbox 2247 4304 3906 4387">
    <p class='ocr_par' dir='ltr' id='par_1_91' title="bbox 2247 4304 3906 4387">
     <span class='ocr_line' id='line_1_91' title="bbox 2247 4304 3906 4387; baseline 0.002 -24"><span class='ocrx_word' id='word_1_657' title='bbox 2247 4310 2299 4375; x_wconf 77' lang='grc' dir='ltr'>ἐξ</span> <span class='ocrx_word' id='word_1_658' title='bbox 2345 4312 2503 4367; x_wconf 73' lang='grc' dir='ltr'>αὐτοῦ</span> <span class='ocrx_word' id='word_1_659' title='bbox 2560 4306 2927 4386; x_wconf 77' lang='grc' dir='ltr'>πατριάρχας,</span> <span class='ocrx_word' id='word_1_660' title='bbox 2956 4308 3044 4363; x_wconf 82' lang='grc' dir='ltr'>καὶ</span> <span class='ocrx_word' id='word_1_661' title='bbox 3102 4308 3194 4362; x_wconf 82' lang='grc' dir='ltr'>τὸν</span> <span class='ocrx_word' id='word_1_662' title='bbox 3224 4309 3329 4363; x_wconf 82' lang='grc' dir='ltr'>τῶν</span> <span class='ocrx_word' id='word_1_663' title='bbox 3362 4304 3618 4385; x_wconf 78' lang='grc' dir='ltr'>εὐλογιῶν</span> <span class='ocrx_word' id='word_1_664' title='bbox 3646 4312 3906 4387; x_wconf 80' lang='grc' dir='ltr'>μερισμὸν</span> 
     </span>
    </p>
   </div>
   <div class='ocr_carea' id='block_1_92' title="bbox 507 4386 2160 4475">
    <p class='ocr_par' dir='ltr' id='par_1_92' title="bbox 507 4386 2160 4475">
     <span class='ocr_line' id='line_1_92' title="bbox 507 4386 2160 4475; baseline 0.001 -20"><span class='ocrx_word' id='word_1_665' title='bbox 507 4394 714 4475; x_wconf 83' lang='lat' dir='ltr'>tentio,</span> <span class='ocrx_word' id='word_1_666' title='bbox 741 4395 903 4456; x_wconf 90' lang='lat' dir='ltr'>unde</span> <span class='ocrx_word' id='word_1_667' title='bbox 930 4395 1105 4455; x_wconf 92' lang='lat' dir='ltr'>etiam</span> <span class='ocrx_word' id='word_1_668' title='bbox 1134 4404 1457 4475; x_wconf 64' lang='lat' dir='ltr'>procreatae</span> <span class='ocrx_word' id='word_1_669' title='bbox 1479 4386 1705 4458; x_wconf 69' lang='lat' dir='ltr'>naturae</span> <span class='ocrx_word' id='word_1_670' title='bbox 1726 4395 1976 4457; x_wconf 75' lang='lat' dir='ltr'>devictae</span> <span class='ocrx_word' id='word_1_671' title='bbox 1997 4404 2160 4457; x_wconf 89' lang='lat' dir='ltr'>notas</span> 
     </span>
    </p>
   </div>
   <div class='ocr_carea' id='block_1_93' title="bbox 2250 4386 3908 4475">
    <p class='ocr_par' dir='ltr' id='par_1_93' title="bbox 2250 4386 3908 4475">
     <span class='ocr_line' id='line_1_93' title="bbox 2250 4386 3908 4475; baseline -0.001 -19"><span class='ocrx_word' id='word_1_672' title='bbox 2250 4401 2340 4456; x_wconf 84' lang='grc' dir='ltr'>σὺν</span> <span class='ocrx_word' id='word_1_673' title='bbox 2371 4401 2467 4455; x_wconf 72' lang='grc' dir='ltr'>οὒκ</span> <span class='ocrx_word' id='word_1_674' title='bbox 2496 4398 2710 4475; x_wconf 78' lang='grc' dir='ltr'>ἀγεννεῖ</span> <span class='ocrx_word' id='word_1_675' title='bbox 2739 4397 3044 4474; x_wconf 80' lang='grc' dir='ltr'>προφητείᾳ</span> <span class='ocrx_word' id='word_1_676' title='bbox 3068 4403 3158 4453; x_wconf 74' lang='grc' dir='ltr'>τοῦ</span> <span class='ocrx_word' id='word_1_677' title='bbox 3188 4394 3502 4471; x_wconf 56' lang='grc' dir='ltr'>μέλλοντος</span> <span class='ocrx_word' id='word_1_678' title='bbox 3546 4386 3670 4452; x_wconf 83' lang='grc' dir='ltr'>ἀλλ’</span> <span class='ocrx_word' id='word_1_679' title='bbox 3697 4386 3908 4455; x_wconf 80' lang='grc' dir='ltr'>ἐπαινῶ</span> 
     </span>
    </p>
   </div>
   <div class='ocr_carea' id='block_1_94' title="bbox 501 4483 2160 4565">
    <p class='ocr_par' dir='ltr' id='par_1_94' title="bbox 501 4483 2160 4565">
     <span class='ocr_line' id='line_1_94' title="bbox 501 4483 2160 4565; baseline 0.002 -22"><span class='ocrx_word' id='word_1_680' title='bbox 501 4486 645 4544; x_wconf 65' lang='lat'>326</span> <span class='ocrx_word' id='word_1_681' title='bbox 681 4486 850 4563; x_wconf 82' lang='lat' dir='ltr'>gerit.</span> <span class='ocrx_word' id='word_1_682' title='bbox 888 4483 1051 4545; x_wconf 86' lang='lat' dir='ltr'>Illius</span> <span class='ocrx_word' id='word_1_683' title='bbox 1083 4502 1319 4563; x_wconf 91' lang='lat' dir='ltr'>quoque</span> <span class='ocrx_word' id='word_1_684' title='bbox 1353 4486 1511 4546; x_wconf 88' lang='lat' dir='ltr'>circa</span> <span class='ocrx_word' id='word_1_685' title='bbox 1547 4486 1743 4546; x_wconf 91' lang='lat' dir='ltr'>ovium</span> <span class='ocrx_word' id='word_1_686' title='bbox 1775 4504 1985 4565; x_wconf 82' lang='lat' dir='ltr'>greges</span> <span class='ocrx_word' id='word_1_687' title='bbox 2015 4486 2160 4546; x_wconf 91' lang='lat' dir='ltr'>arti-</span> 
     </span>
    </p>
   </div>
   <div class='ocr_carea' id='block_1_95' title="bbox 2250 4483 3909 4565">
    <p class='ocr_par' dir='ltr' id='par_1_95' title="bbox 2250 4484 3909 4565">
     <span class='ocr_line' id='line_1_95' title="bbox 2250 4484 3909 4565; baseline 0 -20"><span class='ocrx_word' id='word_1_688' title='bbox 2250 4490 2338 4546; x_wconf 87' lang='grc' dir='ltr'>καὶ</span> <span class='ocrx_word' id='word_1_689' title='bbox 2369 4488 2556 4543; x_wconf 84' lang='grc' dir='ltr'>τούτου</span> <span class='ocrx_word' id='word_1_690' title='bbox 2589 4488 2688 4553; x_wconf 87' lang='grc' dir='ltr'>την</span> <span class='ocrx_word' id='word_1_691' title='bbox 2719 4488 2814 4542; x_wconf 75' lang='grc' dir='ltr'>οὒκ</span> <span class='ocrx_word' id='word_1_692' title='bbox 2857 4486 3142 4565; x_wconf 81' lang='grc' dir='ltr'>ὁραθετσαν</span> <span class='ocrx_word' id='word_1_693' title='bbox 3187 4487 3375 4565; x_wconf 84' lang='grc' dir='ltr'>μόνον,</span> <span class='ocrx_word' id='word_1_694' title='bbox 3430 4484 3568 4541; x_wconf 84' lang='grc' dir='ltr'>ἀλλά</span> <span class='ocrx_word' id='word_1_695' title='bbox 3596 4488 3682 4543; x_wconf 76' lang='grc' dir='ltr'>καὶ</span> <span class='ocrx_word' id='word_1_696' title='bbox 3712 4484 3909 4545; x_wconf 74' lang='grc' dir='ltr'>διαϐα-</span> 
     </span>
    </p>
   </div>
   <div class='ocr_carea' id='block_1_96' title="bbox 505 4572 2160 4655">
    <p class='ocr_par' dir='ltr' id='par_1_96' title="bbox 505 4572 2160 4653">
     <span class='ocr_line' id='line_1_96' title="bbox 505 4572 2160 4653; baseline 0.001 -19"><span class='ocrx_word' id='word_1_697' title='bbox 505 4575 710 4638; x_wconf 86' lang='lat' dir='ltr'>ﬁcium</span> <span class='ocrx_word' id='word_1_698' title='bbox 738 4584 793 4634; x_wconf 90' lang='lat' dir='ltr'>et</span> <span class='ocrx_word' id='word_1_699' title='bbox 819 4574 1188 4642; x_wconf 85' lang='lat' dir='ltr'>felicitatem,</span> <span class='ocrx_word' id='word_1_700' title='bbox 1218 4587 1277 4633; x_wconf 79' lang='lat' dir='ltr'>et</span> <span class='ocrx_word' id='word_1_701' title='bbox 1308 4572 1626 4634; x_wconf 89' lang='lat' dir='ltr'>duodecim</span> <span class='ocrx_word' id='word_1_702' title='bbox 1652 4593 1720 4635; x_wconf 86' lang='lat' dir='ltr'>ex</span> <span class='ocrx_word' id='word_1_703' title='bbox 1752 4593 1822 4634; x_wconf 90' lang='lat' dir='ltr'>eo</span> <span class='ocrx_word' id='word_1_704' title='bbox 1848 4582 2022 4635; x_wconf 88' lang='lat' dir='ltr'>natos</span> <span class='ocrx_word' id='word_1_705' title='bbox 2055 4593 2160 4653; x_wconf 88' lang='lat' dir='ltr'>pa-</span> 
     </span>
    </p>
   </div>
   <div class='ocr_carea' id='block_1_97' title="bbox 2250 4572 3909 4655">
    <p class='ocr_par' dir='ltr' id='par_1_97' title="bbox 2250 4573 3909 4655">
     <span class='ocr_line' id='line_1_97' title="bbox 2250 4573 3909 4655; baseline -0.004 -19"><span class='ocrx_word' id='word_1_706' title='bbox 2250 4582 2433 4636; x_wconf 75' lang='grc' dir='ltr'>θετσαν</span> <span class='ocrx_word' id='word_1_707' title='bbox 2477 4573 2708 4651; x_wconf 65' lang='grc' dir='ltr'>κλίματα</span> <span class='ocrx_word' id='word_1_708' title='bbox 2740 4586 2861 4639; x_wconf 74' lang='grc' dir='ltr'>ταῖς</span> <span class='ocrx_word' id='word_1_709' title='bbox 2917 4576 3051 4631; x_wconf 82' lang='grc' dir='ltr'>κατὰ</span> <span class='ocrx_word' id='word_1_710' title='bbox 3083 4576 3242 4655; x_wconf 86' lang='grc' dir='ltr'>μέρος</span> <span class='ocrx_word' id='word_1_711' title='bbox 3275 4577 3346 4641; x_wconf 84' lang='grc' dir='ltr'>εἶς</span> <span class='ocrx_word' id='word_1_712' title='bbox 3378 4576 3571 4645; x_wconf 77' lang='grc' dir='ltr'>ἀρετὴν</span> <span class='ocrx_word' id='word_1_713' title='bbox 3606 4574 3722 4655; x_wconf 75' lang='grc'>(82)</span> <span class='ocrx_word' id='word_1_714' title='bbox 3769 4578 3909 4635; x_wconf 66' lang='grc' dir='ltr'>ἀια.</span> 
     </span>
    </p>
   </div>
   <div class='ocr_carea' id='block_1_98' title="bbox 507 4662 2160 4749">
    <p class='ocr_par' dir='ltr' id='par_1_98' title="bbox 507 4662 2160 4742">
     <span class='ocr_line' id='line_1_98' title="bbox 507 4662 2160 4742; baseline 0.001 -19"><span class='ocrx_word' id='word_1_715' title='bbox 507 4664 820 4737; x_wconf 89' lang='lat' dir='ltr'>triarchas,</span> <span class='ocrx_word' id='word_1_716' title='bbox 846 4668 907 4725; x_wconf 85' lang='lat' dir='ltr'>et</span> <span class='ocrx_word' id='word_1_717' title='bbox 928 4662 1413 4723; x_wconf 87' lang='lat' dir='ltr'>benedictionum</span> <span class='ocrx_word' id='word_1_718' title='bbox 1443 4663 1817 4742; x_wconf 89' lang='lat' dir='ltr'>partitionem</span> <span class='ocrx_word' id='word_1_719' title='bbox 1838 4681 1976 4724; x_wconf 87' lang='lat' dir='ltr'>cum</span> <span class='ocrx_word' id='word_1_720' title='bbox 2005 4681 2160 4741; x_wconf 87' lang='lat' dir='ltr'>egre-</span> 
     </span>
    </p>
   </div>
   <div class='ocr_carea' id='block_1_99' title="bbox 2250 4662 3910 4749">
    <p class='ocr_par' dir='ltr' id='par_1_99' title="bbox 2250 4664 3910 4749">
     <span class='ocr_line' id='line_1_99' title="bbox 2250 4664 3910 4749; baseline 0 -24"><span class='ocrx_word' id='word_1_721' title='bbox 2250 4668 2459 4737; x_wconf 84' lang='grc' dir='ltr'>ϐάσεσι,</span> <span class='ocrx_word' id='word_1_722' title='bbox 2505 4668 2593 4722; x_wconf 80' lang='grc' dir='ltr'>καὶ</span> <span class='ocrx_word' id='word_1_723' title='bbox 2625 4666 2725 4733; x_wconf 73' lang='grc' dir='ltr'>τὴν</span> <span class='ocrx_word' id='word_1_724' title='bbox 2754 4664 2986 4741; x_wconf 73' lang='grc' dir='ltr'>στήλην,</span> <span class='ocrx_word' id='word_1_725' title='bbox 3021 4666 3088 4734; x_wconf 74' lang='grc' dir='ltr'>ἢν</span> <span class='ocrx_word' id='word_1_726' title='bbox 3138 4665 3232 4722; x_wconf 76' lang='grc' dir='ltr'>οὒκ</span> <span class='ocrx_word' id='word_1_727' title='bbox 3284 4664 3532 4741; x_wconf 68' lang='grc' dir='ltr'>ἤλειψεν,</span> <span class='ocrx_word' id='word_1_728' title='bbox 3569 4665 3683 4722; x_wconf 87' lang='grc' dir='ltr'>ἀλλ’</span> <span class='ocrx_word' id='word_1_729' title='bbox 3717 4666 3910 4749; x_wconf 74' lang='grc' dir='ltr'>ἤγειρε</span> 
     </span>
    </p>
   </div>
   <div class='ocr_carea' id='block_1_100' title="bbox 506 4752 2160 4834">
    <p class='ocr_par' dir='ltr' id='par_1_100' title="bbox 506 4752 2160 4834">
     <span class='ocr_line' id='line_1_100' title="bbox 506 4752 2160 4834; baseline 0.002 -22"><span class='ocrx_word' id='word_1_730' title='bbox 506 4754 599 4832; x_wconf 87' lang='lat' dir='ltr'>gia</span> <span class='ocrx_word' id='word_1_731' title='bbox 621 4754 952 4814; x_wconf 86' lang='lat' dir='ltr'>futurarum</span> <span class='ocrx_word' id='word_1_732' title='bbox 979 4770 1180 4812; x_wconf 91' lang='lat' dir='ltr'>rerum</span> <span class='ocrx_word' id='word_1_733' title='bbox 1204 4752 1589 4831; x_wconf 59' lang='lat' dir='ltr'>praedictione</span> <span class='ocrx_word' id='word_1_734' title='bbox 1612 4754 2017 4834; x_wconf 83' lang='lat' dir='ltr'>conjunctam,</span> <span class='ocrx_word' id='word_1_735' title='bbox 2042 4753 2160 4816; x_wconf 90' lang='lat' dir='ltr'>lau-</span> 
     </span>
    </p>
   </div>
   <div class='ocr_carea' id='block_1_101' title="bbox 2250 4752 3912 4834">
    <p class='ocr_par' dir='ltr' id='par_1_101' title="bbox 2250 4752 3912 4832">
     <span class='ocr_line' id='line_1_101' title="bbox 2250 4752 3912 4832; baseline -0.004 -20"><span class='ocrx_word' id='word_1_736' title='bbox 2250 4763 2327 4832; x_wconf 85' lang='grc' dir='ltr'>τῷ</span> <span class='ocrx_word' id='word_1_737' title='bbox 2358 4761 2497 4831; x_wconf 82' lang='grc' dir='ltr'>Θεῷ,</span> <span class='ocrx_word' id='word_1_738' title='bbox 2528 4754 2595 4810; x_wconf 79' lang='grc' dir='ltr'>τὰ</span> <span class='ocrx_word' id='word_1_739' title='bbox 2622 4760 2727 4810; x_wconf 85' lang='grc' dir='ltr'>τῶν</span> <span class='ocrx_word' id='word_1_740' title='bbox 2759 4752 2965 4811; x_wconf 79' lang='grc' dir='ltr'>ἀσεϐῶν</span> <span class='ocrx_word' id='word_1_741' title='bbox 3024 4754 3458 4830; x_wconf 77' lang='grc' dir='ltr'>στηλιτεύονσαν,</span> <span class='ocrx_word' id='word_1_742' title='bbox 3509 4757 3597 4811; x_wconf 80' lang='grc' dir='ltr'>καὶ</span> <span class='ocrx_word' id='word_1_743' title='bbox 3649 4755 3748 4823; x_wconf 69' lang='grc' dir='ltr'>τὴν</span> <span class='ocrx_word' id='word_1_744' title='bbox 3790 4758 3912 4816; x_wconf 80' lang='grc' dir='ltr'>πά-</span> 
     </span>
    </p>
   </div>
   <div class='ocr_carea' id='block_1_102' title="bbox 588 4870 2160 4958">
    <p class='ocr_par' dir='ltr' id='par_1_102' title="bbox 588 4873 2160 4958">
     <span class='ocr_line' id='line_1_102' title="bbox 588 4873 2160 4958; baseline 0.001 -21"><span class='ocrx_word' id='word_1_745' title='bbox 588 4875 649 4958; x_wconf 64' lang='lat'>49</span> <span class='ocrx_word' id='word_1_746' title='bbox 680 4874 829 4937; x_wconf 88' lang='lat' dir='ltr'>Gen.</span> <span class='ocrx_word' id='word_1_747' title='bbox 857 4891 900 4949; x_wconf 84' lang='grc' dir='ltr'>ι,</span> <span class='ocrx_word' id='word_1_748' title='bbox 937 4876 1175 4958; x_wconf 45' lang='lat' dir='ltr'>Qisqq.</span> <span class='ocrx_word' id='word_1_749' title='bbox 1263 4873 1501 4958; x_wconf 62' lang='lat' dir='ltr'>“Gen.</span> <span class='ocrx_word' id='word_1_750' title='bbox 1536 4892 1618 4956; x_wconf 83' lang='lat' dir='ltr'>tv,</span> <span class='ocrx_word' id='word_1_751' title='bbox 1645 4875 1746 4935; x_wconf 85' lang='lat'>26.</span> <span class='ocrx_word' id='word_1_752' title='bbox 1794 4957 1800 4958; x_wconf 13' lang='grc' dir='ltr'>ί</span> <span class='ocrx_word' id='word_1_753' title='bbox 1833 4874 1891 4924; x_wconf 66' lang='grc'><strong>49</strong></span> <span class='ocrx_word' id='word_1_754' title='bbox 1923 4876 2160 4958; x_wconf 57' lang='lat' dir='ltr'>Gem],</span> 
     </span>
    </p>
   </div>
   <div class='ocr_carea' id='block_1_103' title="bbox 2250 4870 3911 4958">
    <p class='ocr_par' dir='ltr' id='par_1_103' title="bbox 2250 4870 3911 4958">
     <span class='ocr_line' id='line_1_103' title="bbox 2250 4870 3911 4958; baseline -0.001 -18"><span class='ocrx_word' id='word_1_755' title='bbox 2250 4877 2433 4956; x_wconf 86' lang='lat' dir='ltr'>lsqq.</span> <span class='ocrx_word' id='word_1_756' title='bbox 2520 4870 2756 4958; x_wconf 62' lang='lat' dir='ltr'>&quot;Gen.</span> <span class='ocrx_word' id='word_1_757' title='bbox 2793 4889 2875 4936; x_wconf 84' lang='lat' dir='ltr'>v1.</span> <span class='ocrx_word' id='word_1_758' title='bbox 2914 4872 2989 4937; x_wconf 83' lang='grc'><strong>13</strong></span> <span class='ocrx_word' id='word_1_759' title='bbox 3019 4891 3153 4954; x_wconf 78' lang='lat' dir='ltr'>sqq.</span> <span class='ocrx_word' id='word_1_760' title='bbox 3240 4871 3297 4916; x_wconf 67' lang='grc' dir='ltr'>ιι</span> <span class='ocrx_word' id='word_1_761' title='bbox 3322 4871 3475 4939; x_wconf 85' lang='lat' dir='ltr'>Gen.</span> <span class='ocrx_word' id='word_1_762' title='bbox 3524 4889 3670 4955; x_wconf 82' lang='lat' dir='ltr'>xxn,</span> <span class='ocrx_word' id='word_1_763' title='bbox 3708 4881 3729 4934; x_wconf 87' lang='lat'><strong>1</strong></span> <span class='ocrx_word' id='word_1_764' title='bbox 3767 4893 3911 4958; x_wconf 90' lang='lat' dir='ltr'>sqq.</span> 
     </span>
    </p>
   </div>
   <div class='ocr_carea' id='block_1_104' title="bbox 504 4953 2817 5037">
    <p class='ocr_par' dir='ltr' id='par_1_104' title="bbox 504 4953 2817 5037">
     <span class='ocr_line' id='line_1_104' title="bbox 504 4953 2817 5037; baseline -0.001 -17"><span class='ocrx_word' id='word_1_765' title='bbox 504 4957 739 5020; x_wconf 55' lang='lat' dir='ltr'>“Gen.</span> <span class='ocrx_word' id='word_1_766' title='bbox 776 4974 935 5031; x_wconf 79' lang='lat' dir='ltr'>xvtn,</span> <span class='ocrx_word' id='word_1_767' title='bbox 974 4955 1050 5017; x_wconf 82' lang='grc'>10</span> <span class='ocrx_word' id='word_1_768' title='bbox 1095 4973 1229 5036; x_wconf 80' lang='lat' dir='ltr'>sqq.</span> <span class='ocrx_word' id='word_1_769' title='bbox 1318 4953 1373 4997; x_wconf 70' lang='grc' dir='ltr'>ιδ</span> <span class='ocrx_word' id='word_1_770' title='bbox 1403 4956 1556 5017; x_wconf 89' lang='lat' dir='ltr'>Gen.</span> <span class='ocrx_word' id='word_1_771' title='bbox 1591 4953 1755 5035; x_wconf 69' lang='lat' dir='ltr'>XXIV,</span> <span class='ocrx_word' id='word_1_772' title='bbox 1779 4957 1817 5019; x_wconf 92' lang='lat'>3</span> <span class='ocrx_word' id='word_1_773' title='bbox 1849 4974 1980 5037; x_wconf 88' lang='lat' dir='ltr'>sqq.</span> <span class='ocrx_word' id='word_1_774' title='bbox 2067 4956 2123 5000; x_wconf 66' lang='lat'>‘7</span> <span class='ocrx_word' id='word_1_775' title='bbox 2152 4958 2302 5021; x_wconf 89' lang='lat' dir='ltr'>Gen.</span> <span class='ocrx_word' id='word_1_776' title='bbox 2336 4953 2542 5031; x_wconf 67' lang='lat' dir='ltr'>innt,</span> <span class='ocrx_word' id='word_1_777' title='bbox 2578 4953 2655 5015; x_wconf 69' lang='grc'>12</span> <span class='ocrx_word' id='word_1_778' title='bbox 2684 4972 2817 5035; x_wconf 89' lang='lat' dir='ltr'>sqq.</span> 
     </span>
    </p>
   </div>
   <div class='ocr_carea' id='block_1_105' title="bbox 587 5076 2158 5159">
    <p class='ocr_par' dir='ltr' id='par_1_105' title="bbox 587 5076 2158 5159">
     <span class='ocr_line' id='line_1_105' title="bbox 587 5076 2158 5159; baseline 0.018 -35"><span class='ocrx_word' id='word_1_779' title='bbox 587 5080 718 5159; x_wconf 64' lang='lat'>(72)</span> <span class='ocrx_word' id='word_1_780' title='bbox 761 5078 887 5149; x_wconf 60' lang='lat'>[119’</span> <span class='ocrx_word' id='word_1_781' title='bbox 920 5078 1002 5139; x_wconf 79' lang='grc' dir='ltr'>ἐκ.</span> <span class='ocrx_word' id='word_1_782' title='bbox 1041 5077 1225 5159; x_wconf 81' lang='lat' dir='ltr'>R_egg.</span> <span class='ocrx_word' id='word_1_783' title='bbox 1260 5076 1408 5156; x_wconf 90' lang='lat' dir='ltr'>d,ph</span> <span class='ocrx_word' id='word_1_784' title='bbox 1438 5084 1497 5139; x_wconf 92' lang='lat' dir='ltr'>et</span> <span class='ocrx_word' id='word_1_785' title='bbox 1526 5081 1721 5155; x_wconf 89' lang='lat' dir='ltr'>Poss.,</span> <span class='ocrx_word' id='word_1_786' title='bbox 1749 5079 1875 5159; x_wconf 79' lang='grc' dir='ltr'>παρ’</span> <span class='ocrx_word' id='word_1_787' title='bbox 1906 5080 2158 5145; x_wconf 69' lang='grc' dir='ltr'>ἐκείνους·</span> 
     </span>
    </p>
   </div>
   <div class='ocr_carea' id='block_1_106' title="bbox 590 5157 1631 5241">
    <p class='ocr_par' dir='ltr' id='par_1_106' title="bbox 590 5157 1631 5241">
     <span class='ocr_line' id='line_1_106' title="bbox 590 5157 1631 5241; baseline 0 -20"><span class='ocrx_word' id='word_1_788' title='bbox 590 5157 710 5241; x_wconf 64' lang='grc'>(73)</span> <span class='ocrx_word' id='word_1_789' title='bbox 746 5160 1036 5238; x_wconf 78' lang='grc' dir='ltr'>Φλογίνην.</span> <span class='ocrx_word' id='word_1_790' title='bbox 1072 5157 1216 5241; x_wconf 54' lang='lat' dir='ltr'>Reg.</span> <span class='ocrx_word' id='word_1_791' title='bbox 1255 5160 1355 5238; x_wconf 86' lang='lat' dir='ltr'>ph,</span> <span class='ocrx_word' id='word_1_792' title='bbox 1391 5161 1631 5238; x_wconf 78' lang='grc' dir='ltr'>πυρίνην.</span> 
     </span>
    </p>
   </div>
   <div class='ocr_carea' id='block_1_107' title="bbox 592 5237 1647 5322">
    <p class='ocr_par' dir='ltr' id='par_1_107' title="bbox 592 5237 1647 5322">
     <span class='ocr_line' id='line_1_107' title="bbox 592 5237 1647 5322; baseline 0.001 -23"><span class='ocrx_word' id='word_1_793' title='bbox 592 5237 717 5322; x_wconf 69' lang='grc'>(74)</span> <span class='ocrx_word' id='word_1_794' title='bbox 753 5237 1076 5322; x_wconf 50' lang='grc' dir='ltr'>ξὺρᾶεαενος,</span> <span class='ocrx_word' id='word_1_795' title='bbox 1113 5237 1309 5322; x_wconf 81' lang='lat' dir='ltr'>Or._2,</span> <span class='ocrx_word' id='word_1_796' title='bbox 1345 5237 1647 5322; x_wconf 54' lang='grc' dir='ltr'>ειξρόμενος.</span> 
     </span>
    </p>
   </div>
   <div class='ocr_carea' id='block_1_108' title="bbox 618 5310 1515 5400">
    <p class='ocr_par' dir='ltr' id='par_1_108' title="bbox 618 5310 1515 5400">
     <span class='ocr_line' id='line_1_108' title="bbox 618 5310 1515 5400; baseline -0.002 -15"><span class='ocrx_word' id='word_1_797' title='bbox 618 5310 722 5400; x_wconf 78' lang='grc'>75)</span> <span class='ocrx_word' id='word_1_798' title='bbox 753 5310 869 5384; x_wconf 65' lang='grc' dir='ltr'>Ἠν.</span> <span class='ocrx_word' id='word_1_799' title='bbox 899 5310 1085 5381; x_wconf 30' lang='lat' dir='ltr'>‘Deest</span> <span class='ocrx_word' id='word_1_800' title='bbox 1116 5320 1175 5379; x_wconf 92' lang='lat' dir='ltr'>in</span> <span class='ocrx_word' id='word_1_801' title='bbox 1209 5310 1356 5398; x_wconf 83' lang='lat' dir='ltr'>Reg.</span> <span class='ocrx_word' id='word_1_802' title='bbox 1392 5310 1515 5383; x_wconf 80' lang='lat' dir='ltr'>bm.</span> 
     </span>
    </p>
   </div>
   <div class='ocr_carea' id='block_1_109' title="bbox 592 5326 1494 5484">
    <p class='ocr_par' dir='ltr' id='par_1_109' title="bbox 592 5326 1494 5484">
     <span class='ocr_line' id='line_1_109' title="bbox 618 5326 1490 5400; baseline -0.007 -15"><span class='ocrx_word' id='word_1_803' title='bbox 618 5326 722 5400; x_wconf 78' lang='grc'>’75)</span> <span class='ocrx_word' id='word_1_804' title='bbox 762 5326 869 5384; x_wconf 81' lang='grc' dir='ltr'>Ἠν.</span> <span class='ocrx_word' id='word_1_805' title='bbox 906 5326 1085 5381; x_wconf 86' lang='lat' dir='ltr'>Deest</span> <span class='ocrx_word' id='word_1_806' title='bbox 1116 5326 1175 5379; x_wconf 85' lang='lat' dir='ltr'>in</span> <span class='ocrx_word' id='word_1_807' title='bbox 1209 5326 1356 5398; x_wconf 72' lang='lat' dir='ltr'>Heg.</span> <span class='ocrx_word' id='word_1_808' title='bbox 1392 5326 1490 5381; x_wconf 89' lang='lat' dir='ltr'>bm</span> 
     </span>
     <span class='ocr_line' id='line_1_110' title="bbox 592 5326 1494 5484; baseline -0.002 -21"><span class='ocrx_word' id='word_1_809' title='bbox 592 5326 721 5484; x_wconf 50' lang='lat' dir='ltr'>E76)</span> <span class='ocrx_word' id='word_1_810' title='bbox 760 5406 859 5475; x_wconf 68' lang='grc' dir='ltr'>Δή.</span> <span class='ocrx_word' id='word_1_811' title='bbox 896 5401 1081 5484; x_wconf 72' lang='lat' dir='ltr'>Deest</span> <span class='ocrx_word' id='word_1_812' title='bbox 1108 5400 1168 5460; x_wconf 89' lang='lat' dir='ltr'>in</span> <span class='ocrx_word' id='word_1_813' title='bbox 1187 5401 1348 5484; x_wconf 69' lang='lat' dir='ltr'>Beg.</span> <span class='ocrx_word' id='word_1_814' title='bbox 1390 5402 1494 5479; x_wconf 89' lang='lat' dir='ltr'>ph.</span> 
     </span>
    </p>
   </div>
   <div class='ocr_carea' id='block_1_110' title="bbox 594 5480 1473 5561">
    <p class='ocr_par' dir='ltr' id='par_1_110' title="bbox 594 5480 1473 5561">
     <span class='ocr_line' id='line_1_111' title="bbox 594 5480 1473 5561; baseline 0.022 -40"><span class='ocrx_word' id='word_1_815' title='bbox 594 5480 713 5559; x_wconf 59' lang='lat' dir='ltr'>(T77,</span> <span class='ocrx_word' id='word_1_816' title='bbox 754 5484 997 5557; x_wconf 66' lang='grc' dir='ltr'>ἰιςνεμε,</span> <span class='ocrx_word' id='word_1_817' title='bbox 1046 5480 1146 5542; x_wconf 76' lang='lat' dir='ltr'>Or.</span> <span class='ocrx_word' id='word_1_818' title='bbox 1178 5482 1239 5561; x_wconf 68' lang='grc'>2,</span> <span class='ocrx_word' id='word_1_819' title='bbox 1274 5481 1473 5558; x_wconf 76' lang='grc' dir='ltr'>ἔνειμε.</span> 
     </span>
    </p>
   </div>
   <div class='ocr_carea' id='block_1_111' title="bbox 601 5561 1659 5643">
    <p class='ocr_par' dir='ltr' id='par_1_111' title="bbox 601 5561 1659 5643">
     <span class='ocr_line' id='line_1_112' title="bbox 601 5561 1659 5643; baseline -0.003 -18"><span class='ocrx_word' id='word_1_820' title='bbox 601 5564 725 5643; x_wconf 80' lang='lat'>(78)</span> <span class='ocrx_word' id='word_1_821' title='bbox 762 5562 1210 5643; x_wconf 42' lang='grc' dir='ltr'>Στήληνενυῐς.</span> <span class='ocrx_word' id='word_1_822' title='bbox 1248 5561 1595 5643; x_wconf 54' lang='grc' dir='ltr'>ςΤίιυΙιιῐῃ.</span> <span class='ocrx_word' id='word_1_823' title='bbox 1630 5582 1659 5622; x_wconf 80' lang='grc'><strong>›</strong></span> 
     </span>
    </p>
   </div>
   <div class='ocr_carea' id='block_1_112' title="bbox 596 5639 2163 5723">
    <p class='ocr_par' dir='ltr' id='par_1_112' title="bbox 596 5639 2163 5723">
     <span class='ocr_line' id='line_1_113' title="bbox 596 5639 2163 5723; baseline 0.008 -23"><span class='ocrx_word' id='word_1_824' title='bbox 596 5639 715 5719; x_wconf 63' lang='lat'>(79}</span> <span class='ocrx_word' id='word_1_825' title='bbox 753 5646 851 5700; x_wconf 86' lang='grc' dir='ltr'>Καὶ</span> <span class='ocrx_word' id='word_1_826' title='bbox 909 5642 1189 5723; x_wconf 51' lang='grc' dir='ltr'>ἀντιθεῖις.</span> <span class='ocrx_word' id='word_1_827' title='bbox 1242 5639 1339 5723; x_wconf 87' lang='lat' dir='ltr'>Sic</span> <span class='ocrx_word' id='word_1_828' title='bbox 1394 5660 1495 5703; x_wconf 85' lang='lat' dir='ltr'>sex</span> <span class='ocrx_word' id='word_1_829' title='bbox 1546 5641 1761 5722; x_wconf 82' lang='lat' dir='ltr'>Regg.,</span> <span class='ocrx_word' id='word_1_830' title='bbox 1809 5642 1928 5707; x_wconf 78' lang='lat' dir='ltr'>duo</span> <span class='ocrx_word' id='word_1_831' title='bbox 1958 5642 2163 5723; x_wconf 89' lang='lat' dir='ltr'>Coisl.,</span> 
     </span>
    </p>
   </div>
   <div class='ocr_carea' id='block_1_113' title="bbox 516 5719 1495 5803">
    <p class='ocr_par' dir='ltr' id='par_1_113' title="bbox 516 5719 1495 5803">
     <span class='ocr_line' id='line_1_114' title="bbox 516 5719 1495 5803; baseline -0.003 -17"><span class='ocrx_word' id='word_1_832' title='bbox 516 5719 618 5786; x_wconf 89' lang='lat' dir='ltr'>Or.</span> <span class='ocrx_word' id='word_1_833' title='bbox 648 5723 709 5803; x_wconf 74' lang='grc'>2,</span> <span class='ocrx_word' id='word_1_834' title='bbox 744 5726 907 5799; x_wconf 89' lang='lat' dir='ltr'>Par.,</span> <span class='ocrx_word' id='word_1_835' title='bbox 942 5730 1057 5782; x_wconf 88' lang='lat' dir='ltr'>etc.</span> <span class='ocrx_word' id='word_1_836' title='bbox 1093 5720 1271 5782; x_wconf 86' lang='lat' dir='ltr'>Deest</span> <span class='ocrx_word' id='word_1_837' title='bbox 1300 5722 1364 5783; x_wconf 89' lang='lat' dir='ltr'>in</span> <span class='ocrx_word' id='word_1_838' title='bbox 1397 5722 1495 5784; x_wconf 88' lang='lat' dir='ltr'>ed.</span> 
     </span>
    </p>
   </div>
   <div class='ocr_carea' id='block_1_114' title="bbox 2328 5074 3147 5159">
    <p class='ocr_par' dir='ltr' id='par_1_114' title="bbox 2328 5074 3147 5159">
     <span class='ocr_line' id='line_1_115' title="bbox 2328 5074 3147 5159; baseline -0.002 -18"><span class='ocrx_word' id='word_1_839' title='bbox 2328 5078 2460 5159; x_wconf 89' lang='lat'>(80)</span> <span class='ocrx_word' id='word_1_840' title='bbox 2498 5076 2688 5159; x_wconf 62' lang='grc' dir='ltr'>’ἌγειΪ</span> <span class='ocrx_word' id='word_1_841' title='bbox 2738 5074 2932 5151; x_wconf 88' lang='lat' dir='ltr'>Pass.,</span> <span class='ocrx_word' id='word_1_842' title='bbox 2966 5076 3147 5157; x_wconf 76' lang='grc' dir='ltr'>ἀλγεῖ.</span> 
     </span>
    </p>
   </div>
   <div class='ocr_carea' id='block_1_115' title="bbox 2332 5156 3916 5239">
    <p class='ocr_par' dir='ltr' id='par_1_115' title="bbox 2332 5156 3916 5239">
     <span class='ocr_line' id='line_1_116' title="bbox 2332 5156 3916 5239; baseline 0.002 -26"><span class='ocrx_word' id='word_1_843' title='bbox 2332 5156 2456 5239; x_wconf 84' lang='grc'>(81)</span> <span class='ocrx_word' id='word_1_844' title='bbox 2491 5156 2741 5232; x_wconf 81' lang='grc' dir='ltr'>Σύμϐολα</span> <span class='ocrx_word' id='word_1_845' title='bbox 2771 5163 2868 5239; x_wconf 74' lang='grc' dir='ltr'>τῆς</span> <span class='ocrx_word' id='word_1_846' title='bbox 2897 5156 3213 5239; x_wconf 76' lang='grc' dir='ltr'>ἡττωμένης</span> <span class='ocrx_word' id='word_1_847' title='bbox 3263 5157 3547 5239; x_wconf 79' lang='grc' dir='ltr'>γενέσεως,</span> <span class='ocrx_word' id='word_1_848' title='bbox 3588 5182 3615 5239; x_wconf 67' lang='grc' dir='ltr'>α</span> <span class='ocrx_word' id='word_1_849' title='bbox 3648 5157 3916 5223; x_wconf 63' lang='grc' dir='ltr'>Πενίοῑω</span> 
     </span>
    </p>
   </div>
   <div class='ocr_carea' id='block_1_116' title="bbox 2248 5236 3913 5320">
    <p class='ocr_par' dir='ltr' id='par_1_116' title="bbox 2248 5236 3913 5320">
     <span class='ocr_line' id='line_1_117' title="bbox 2248 5236 3913 5320; baseline 0.001 -18"><span class='ocrx_word' id='word_1_850' title='bbox 2248 5236 2539 5319; x_wconf 64' lang='lat' dir='ltr'>geniturae</span> <span class='ocrx_word' id='word_1_851' title='bbox 2570 5245 2799 5320; x_wconf 47' lang='lat' dir='ltr'>notas»</span> <span class='ocrx_word' id='word_1_852' title='bbox 2834 5236 3061 5320; x_wconf 77' lang='lat' dir='ltr'>Quibus</span> <span class='ocrx_word' id='word_1_853' title='bbox 3093 5236 3293 5302; x_wconf 85' lang='lat' dir='ltr'>verbis</span> <span class='ocrx_word' id='word_1_854' title='bbox 3321 5238 3554 5301; x_wconf 90' lang='lat' dir='ltr'>videtur</span> <span class='ocrx_word' id='word_1_855' title='bbox 3585 5238 3913 5320; x_wconf 79' lang='lat' dir='ltr'>Gregorius</span> 
     </span>
    </p>
   </div>
   <div class='ocr_carea' id='block_1_117' title="bbox 2252 5318 3911 5400">
    <p class='ocr_par' dir='ltr' id='par_1_117' title="bbox 2252 5318 3911 5400">
     <span class='ocr_line' id='line_1_118' title="bbox 2252 5318 3911 5400; baseline 0.002 -19"><span class='ocrx_word' id='word_1_856' title='bbox 2252 5318 2590 5400; x_wconf 71' lang='lat' dir='ltr'>signiﬁcare</span> <span class='ocrx_word' id='word_1_857' title='bbox 2620 5318 2734 5400; x_wconf 82' lang='lat' dir='ltr'>hoc</span> <span class='ocrx_word' id='word_1_858' title='bbox 2793 5318 2996 5400; x_wconf 64' lang='lat' dir='ltr'>praelio</span> <span class='ocrx_word' id='word_1_859' title='bbox 3043 5320 3160 5381; x_wconf 91' lang='lat' dir='ltr'>vim</span> <span class='ocrx_word' id='word_1_860' title='bbox 3195 5320 3416 5381; x_wconf 87' lang='lat' dir='ltr'>liberos</span> <span class='ocrx_word' id='word_1_861' title='bbox 3447 5318 3803 5400; x_wconf 78' lang='lat' dir='ltr'>procreandi</span> <span class='ocrx_word' id='word_1_862' title='bbox 3842 5323 3911 5385; x_wconf 88' lang='lat' dir='ltr'>in</span> 
     </span>
    </p>
   </div>
   <div class='ocr_carea' id='block_1_118' title="bbox 2248 5397 3915 5483">
    <p class='ocr_par' dir='ltr' id='par_1_118' title="bbox 2248 5397 3915 5483">
     <span class='ocr_line' id='line_1_119' title="bbox 2248 5397 3915 5483; baseline 0.003 -21"><span class='ocrx_word' id='word_1_863' title='bbox 2248 5397 2474 5483; x_wconf 57' lang='lat' dir='ltr'>Ja&#39;cobo</span> <span class='ocrx_word' id='word_1_864' title='bbox 2509 5397 2855 5483; x_wconf 65' lang='lat' dir='ltr'>exstinctam</span> <span class='ocrx_word' id='word_1_865' title='bbox 2883 5399 3090 5483; x_wconf 81' lang='lat' dir='ltr'>fuisse,</span> <span class='ocrx_word' id='word_1_866' title='bbox 3125 5410 3184 5463; x_wconf 88' lang='lat' dir='ltr'>et</span> <span class='ocrx_word' id='word_1_867' title='bbox 3210 5397 3678 5482; x_wconf 57' lang='lat' dir='ltr'>quidem&#39;nullos</span> <span class='ocrx_word' id='word_1_868' title='bbox 3701 5415 3915 5483; x_wconf 87' lang='lat' dir='ltr'>postea</span> 
     </span>
    </p>
   </div>
   <div class='ocr_carea' id='block_1_119' title="bbox 2256 5480 3916 5566">
    <p class='ocr_par' dir='ltr' id='par_1_119' title="bbox 2256 5480 3916 5566">
     <span class='ocr_line' id='line_1_120' title="bbox 2256 5480 3916 5566; baseline 0.004 -23"><span class='ocrx_word' id='word_1_869' title='bbox 2256 5482 2713 5566; x_wconf 62' lang='lat' dir='ltr'>habuitprazter</span> <span class='ocrx_word' id='word_1_870' title='bbox 2765 5480 3105 5566; x_wconf 85' lang='lat' dir='ltr'>Benjamin,</span> <span class='ocrx_word' id='word_1_871' title='bbox 3163 5480 3341 5562; x_wconf 80' lang='lat' dir='ltr'>quem</span> <span class='ocrx_word' id='word_1_872' title='bbox 3389 5488 3513 5543; x_wconf 90' lang='lat' dir='ltr'>tum</span> <span class='ocrx_word' id='word_1_873' title='bbox 3550 5480 3741 5545; x_wconf 78' lang='lat' dir='ltr'>mater</span> <span class='ocrx_word' id='word_1_874' title='bbox 3772 5484 3916 5566; x_wconf 80' lang='lat' dir='ltr'>ejus</span> 
     </span>
    </p>
   </div>
   <div class='ocr_carea' id='block_1_120' title="bbox 2254 5561 3099 5640">
    <p class='ocr_par' dir='ltr' id='par_1_120' title="bbox 2254 5561 3099 5640">
     <span class='ocr_line' id='line_1_121' title="bbox 2254 5561 3099 5640; baseline -0.002 -16"><span class='ocrx_word' id='word_1_875' title='bbox 2254 5561 2482 5625; x_wconf 84' lang='lat' dir='ltr'>Rachel</span> <span class='ocrx_word' id='word_1_876' title='bbox 2503 5561 2575 5622; x_wconf 85' lang='lat' dir='ltr'>in</span> <span class='ocrx_word' id='word_1_877' title='bbox 2607 5568 2779 5622; x_wconf 89' lang='lat' dir='ltr'>utero</span> <span class='ocrx_word' id='word_1_878' title='bbox 2811 5561 3099 5640; x_wconf 87' lang='lat' dir='ltr'>gestabat.</span> 
     </span>
    </p>
   </div>
   <div class='ocr_carea' id='block_1_121' title="bbox 2334 5642 3921 5725">
    <p class='ocr_par' dir='ltr' id='par_1_121' title="bbox 2334 5642 3921 5725">
     <span class='ocr_line' id='line_1_122' title="bbox 2334 5642 3921 5725; baseline -0.006 -20"><span class='ocrx_word' id='word_1_879' title='bbox 2334 5642 2469 5725; x_wconf 43' lang='lat'>(89)</span> <span class='ocrx_word' id='word_1_880' title='bbox 2490 5644 2575 5706; x_wconf 75' lang='grc' dir='ltr'>Εἷς</span> <span class='ocrx_word' id='word_1_881' title='bbox 2604 5642 2818 5720; x_wconf 77' lang='grc' dir='ltr'>ἀρετήν.</span> <span class='ocrx_word' id='word_1_882' title='bbox 2857 5644 3045 5725; x_wconf 53' lang='lat' dir='ltr'>Pass,</span> <span class='ocrx_word' id='word_1_883' title='bbox 3079 5643 3176 5711; x_wconf 79' lang='grc' dir='ltr'>τῆς</span> <span class='ocrx_word' id='word_1_884' title='bbox 3204 5642 3417 5723; x_wconf 74' lang='grc' dir='ltr'>ἀρετῆς,</span> <span class='ocrx_word' id='word_1_885' title='bbox 3456 5662 3481 5698; x_wconf 75' lang='grc' dir='ltr'>α</span> <span class='ocrx_word' id='word_1_886' title='bbox 3516 5658 3623 5723; x_wconf 78' lang='lat' dir='ltr'>per</span> <span class='ocrx_word' id='word_1_887' title='bbox 3643 5643 3921 5725; x_wconf 74' lang='lat' dir='ltr'>singula.</span> 
     </span>
    </p>
   </div>
   <div class='ocr_carea' id='block_1_122' title="bbox 2250 5722 3040 5799">
    <p class='ocr_par' dir='ltr' id='par_1_122' title="bbox 2250 5722 3040 5799">
     <span class='ocr_line' id='line_1_123' title="bbox 2250 5722 3040 5799; baseline -0.006 -13"><span class='ocrx_word' id='word_1_888' title='bbox 2250 5722 2383 5786; x_wconf 86' lang='lat' dir='ltr'>rum</span> <span class='ocrx_word' id='word_1_889' title='bbox 2413 5722 2701 5785; x_wconf 77' lang='lat' dir='ltr'>virtutum</span> <span class='ocrx_word' id='word_1_890' title='bbox 2730 5722 2974 5799; x_wconf 79' lang='lat' dir='ltr'>gradus.</span> <span class='ocrx_word' id='word_1_891' title='bbox 3013 5745 3040 5781; x_wconf 75' lang='grc' dir='ltr'><strong>ι</strong></span> 
     </span>
    </p>
   </div>
  </div>
