4150 6408
447 246 564 310 595
1737 244 1800 310 S.
1850 241 2131 310 GREGOI

2261 242 2642 311 THEOLOGI
3733 245 3862 310 596

453 385 708 449 salutem
734 405 841 468 per
863 387 1041 451 ﬁdem
1065 384 1720 470 assequunturmonne
1738 383 2108 445 diversarum

2222 381 2387 460 ιλῆροι
2417 405 2520 458 μου
2553 401 2570 419 ⁸
2614 381 2805 463 κλῆροι
2850 385 2955 442 τῶν
2987 383 3163 464 χαμαὶ
3220 380 3558 462 ίρχομίνων,
3602 383 3694 440 καὶ
3753 380 3866 458 ἀρ-

453 475 878 541 haereditatum
900 495 970 542 ac
993 478 1542 558 mansionum,quae
1557 475 1712 556 apud
1737 477 1926 538 Deum
1952 481 2112 547 sunt,

2222 472 2514 548 ταξαμένων
2556 471 2742 549 πολλῷ
2771 473 3105 552 τιμιώτεροι.

449 565 806 645 assignator,
836 586 982 648 quas
1009 567 1303 630 militibus
1334 568 1458 629 suis
1487 564 1820 628 distribuit?
1852 563 2022 626 Adeo
2068 570 2132 624 ut
2163 560 2274 624 hac
2307 579 2552 644 quoque
2579 579 2723 624 voce
2755 562 2882 643 ipse
2913 562 3008 625 uti
3035 560 3240 644 possit:
3277 561 3482 624 Funes
3511 561 3874 629 ceciderunt

453 657 608 718 mihi
635 657 702 718 in
730 657 1045 737 praeclaris
1065 658 1129 709 ⁵6
1156 679 1168 721 :
1203 666 1262 719 et
1290 674 1496 720 rursus
1529 676 1544 716 :
1581 656 1654 718 In
1678 654 1964 717 manibus
1995 655 2114 716 tuis
2143 659 2336 716 sortes
2362 670 2511 714 mea
2541 652 2630 733 57;
2665 660 2859 716 sortes
2881 650 3085 734 utique
3109 651 3342 734 iis,qum
3371 651 3536 714 humi
3571 659 3852 733 serpunt.

454 763 521 806 ac
545 743 726 825 diripi
752 753 1020 825 possunt,
1060 746 1244 809 multo
1278 745 1741 827 praestantiores.

535 832 783 898 LXXIII.
815 835 1030 916 Atque,
1055 844 1119 898 ut
1163 836 1423 916 judices,
1459 842 1516 896 et
1539 834 1812 915 judicum
1843 833 2109 896 clarissi—

458 942 587 986 mos
612 943 881 1006 quosque
903 934 1352 1007 praetereamus,
1386 925 1631 990 Samuel
1663 926 1827 988 inter
1855 941 1974 996 eos,
2008 927 2116 1002 qui

2222 923 2402 999 ιριτῶν
2471 921 2592 985 τοὺς
2673 919 3138 998 εὖδοκιμοτάτους,
3227 920 3507 998 Σαμουὴλ,
3599 921 3653 979 ἓν
3737 935 3871 986 τοῖς

457 1017 982 1078 invocantnomen
1024 1017 1156 1094 ejus
1185 1014 1332 1096 “,et
1360 1021 1496 1077 ante
1528 1013 1898 1076 nativiiatem
1936 1012 2118 1073 dona-

2222 1009 2644 1086 ιπικαλουμένοις
2712 1012 2774 1068 τὸ
2817 1011 2986 1088 ὄνομα
3032 1011 3213 1082 αὑτοῦ,
3268 1012 3359 1069 καὶ
3429 1017 3544 1082 Θεῷ
3588 1010 3706 1088 (97)
3771 1011 3870 1067 δο-

459 1112 552 1166 tus
579 1102 656 1184 59,
681 1112 743 1167 et
778 1116 908 1186 post
941 1106 1309 1168 nativitatem
1335 1103 1647 1167 confestim
1682 1121 1950 1180 sacer,ac
1985 1119 2118 1163 cor-

2222 1104 2293 1167 τὸς
2341 1102 2443 1180 πρὸ
2475 1100 2759 1182 γενέσεως,
2807 1103 2894 1158 καὶ
2964 1103 3101 1178 μετὰ
3141 1103 3242 1170 τὴν
3293 1101 3540 1180 γέννησιν
3590 1103 3734 1168 εὒθὺς
3782 1106 3872 1158 ἱε-

458 1213 536 1256 nu
561 1212 668 1256 suo
685 1211 859 1273 reges
883 1202 942 1256 et
959 1195 1304 1258 sacerdotes
1321 1212 1552 1272 ungens
1571 1191 1807 1266 “.Quid
1832 1192 2118 1255 Basilius?

2222 1192 2318 1271 ὣς,
2351 1191 2438 1247 καὶ
2473 1192 2642 1270 χρίων
2697 1189 2950 1268 βασιλέας
2982 1192 3070 1247 καὶ
3110 1191 3283 1271 ἰερὲας
3341 1188 3426 1247 διὰ
3481 1199 3574 1247 τοῦ
3615 1193 3872 1270 κέρατος.

457 1281 666 1345 Nonne
689 1282 761 1345 ab
787 1283 1060 1356 infantia,
1097 1284 1249 1347 etab
1273 1284 1401 1365 ipsa
1434 1283 1706 1358 matrice,
1742 1286 1864 1346 Deo
1904 1299 2115 1344 conse-

2222 1280 2367 1344 )ὗτος
2398 1278 2476 1355 δὲ,
2530 1282 2626 1337 οὐκ
2653 1280 2714 1337 ἐκ
2742 1279 2966 1361 βρέφους
3018 1288 3134 1356 θεῷ
3185 1281 3575 1357 καθιερωμένος
3607 1281 3712 1338 ἀπὸ
3746 1283 3875 1358 μή-

459 1381 678 1450 cratus,
709 1391 776 1435 ac
803 1392 935 1435 cum
960 1373 1229 1455 diploide
1249 1374 1416 1437 altari
1442 1372 1682 1434 oblatus
1714 1380 1823 1445 est,
1859 1381 1916 1432 et
1937 1371 2121 1433 coale-

2222 1392 2355 1450 ερας,
2400 1372 2488 1427 καὶ
2535 1372 2672 1446 μετὰ
2727 1371 2823 1440 τῆς
2867 1369 3148 1436 διπλοΐδος
3205 1369 3332 1450 (98)
3363 1368 3728 1446 ἒπιδεδομένος
3787 1380 3870 1448 τῷ

460 1465 573 1526 stia
603 1462 1028 1543 perspiciebat,
1065 1472 1123 1525 et
1143 1471 1361 1526 unctus
1389 1462 1630 1524 Domini
1663 1469 1812 1537 erat,
1833 1470 1888 1523 et
1910 1469 2126 1523 unctor

2222 1462 2435 1540 Ξήματι,
2477 1461 2567 1516 καὶ
2619 1458 2832 1537 βλέπων
2888 1462 2955 1517 τὰ
2985 1460 3295 1540 ἂπουράνια,
3331 1461 3421 1517 καὶ
3476 1463 3695 1540 χριστὸς
3750 1473 3868 1522 Ku-

461 1569 695 1632 eorum,
721 1552 824 1632 qui
855 1569 923 1616 ex
957 1552 1185 1633 Spiritu
1209 1551 1728 1634 perﬁciebantur?
1757 1551 1934 1613 David
1969 1551 2126 1613 inter

2222 1551 2317 1608 ›ίο›
2346 1551 2411 1618 ἧν
2439 1548 2597 1630 (96),
2630 1551 2717 1607 καὶ
2747 1550 2979 1631 χρίστης
3008 1557 3116 1607 τῶν
3178 1549 3564 1626 τελειουμένων
3597 1555 3658 1608 εκ
3688 1553 3868 1609 Πνεύ-

465 1660 643 1720 reges
673 1642 870 1704 clarus
902 1650 962 1705 et
991 1643 1250 1706 celebris
1271 1641 1529 1724 6',cujus
1560 1641 1766 1704 multa:
1781 1641 2026 1718 quidem
2049 1641 2124 1702 de

2222 1661 2374 1704 ιατος
2409 1659 2426 1720 ς
2465 1637 2624 1697 Δαϐὶδ
2670 1641 2727 1696 ἰν
2755 1639 3060 1717 βασιλεῦσιν
3105 1639 3375 1721 ἀοίδιμος,
3422 1640 3482 1697 οὗ
3511 1639 3703 1698 πολλαὶ
3766 1644 3870 1718 μὶν

461 1730 734 1794 hostibus
785 1732 1052 1796 victoriae
1108 1751 1177 1795 ac
1237 1731 1524 1814 triumphi
1573 1732 1841 1793 historiis
1909 1728 2122 1812 proditi

2227 1737 2532 1810 στοροῦνται
2591 1731 2726 1786 κατὰ
2765 1737 2871 1786 τῶν
2934 1730 3148 1810 ὲχθρῶν
3198 1730 3336 1786 νίκαι
3386 1731 3473 1787 καὶ
3516 1731 3770 1807 τρόπαια,
3832 1735 3871 1800 ἦ

465 1829 691 1895 sunt,et
719 1822 1092 1904 praecipuum
1117 1823 1303 1886 decus
1325 1841 1392 1885 ac
1415 1829 1829 1884 ornamentum
1850 1831 2123 1884 estman-

2222 1821 2449 1899 τραότης
2491 1817 2547 1876 δὲ
2604 1820 2666 1877 τὸ
2709 1819 3134 1896 ἐπισημότατον,
3169 1822 3256 1877 καὶ
3311 1821 3413 1898 πρὸ
3464 1823 3564 1887 τῆς
3594 1820 3877 1897 βασιλείας

2285 829 2429 895 οΓ¹.
2465 832 2587 906 Καὶ,
2631 831 2725 889 ’ίνα
2775 832 2898 896 τοὺς
2941 833 3122 912 κριτὰς
3165 830 3617 910 παραδράμωμεν,
3665 831 3700 899 ἢ
3757 835 3877 888 τῶν

465 1910 720 1973 suetudo
750 1910 826 1987 ⁸³,
865 1920 922 1974 et
955 1921 1092 1976 ante
1121 1912 1347 1991 regiam
1382 1912 1728 1990 dignitatem
1763 1911 1852 1973 vis
1881 1911 2128 1974 citharae

467 2001 686 2062 malum
713 1999 1002 2080 Spiritum
1033 2002 1366 2065 incantans.
1394 2001 1676 2065 Salomon
1703 2002 1901 2062 cordis
1923 2001 2122 2063 latitu-

463 2089 665 2152 dinem
693 2110 727 2152 a
756 2089 880 2154 Deo
913 2091 1260 2172 postulavit,
1300 2100 1360 2154 et
1407 2091 1666 2153 obtinuit
1692 2089 1772 2173 ⁸³,
1805 2110 1997 2172 eoque
2028 2110 2128 2153 sa-

465 2180 706 2261 pientiae
727 2189 784 2242 et
805 2182 1329 2262 contemplationis
1346 2199 1708 2263 progressus
1731 2191 2134 2254 est,utomues

464 2269 657 2331 astatis
684 2288 807 2331 suae
825 2271 1111 2332 mortales
1137 2271 1400 2332 nominis
1418 2270 1770 2334 celebritate
1792 2280 2125 2351 superaret.

461 2357 721 2421 Basilius
750 2368 973 2435 autem,
1004 2360 1120 2422 nisi
1155 2379 1252 2423 me
1283 2361 1481 2441 opinio
1514 2360 1684 2440 fallit,
1711 2380 1823 2422 nec
1849 2361 1938 2422 illi
1970 2360 2123 2422 leni-

463 2449 739 2526 tatis,nec
761 2450 897 2512 huic
919 2450 1232 2530 sapientiae
1256 2450 1432 2514 laude
1455 2451 1914 2534 quidquam,aut
1940 2450 2124 2512 mini-

464 2557 629 2601 mum
651 2547 816 2602 certe
840 2540 1296 2614 concedit;adeo
1315 2548 1381 2602 ut
1402 2542 1833 2621 imperatorum
1859 2559 2122 2622 quoque,

464 2628 564 2709 qui
599 2628 936 2692 daemonum
987 2630 1365 2711 intemperiis
1411 2630 1811 2711 agitabantur,
1861 2632 2123 2693 furorem

462 2717 802 2800 emolliret;
838 2737 951 2781 nec
999 2719 1208 2800 regina
1244 2728 1468 2782 tantum
1501 2721 1729 2798 Austri,
1758 2731 1857 2782 aut
1886 2720 2124 2802 quidam

463 2808 1070 2882 duntaxatliomines,
1100 2811 1410 2890 sapientiae
1430 2811 1618 2891 ipsius
1641 2811 1792 2873 fama
1819 2810 2125 2885 commoti,

466 2915 498 2961 e
523 2896 740 2959 ﬁnibus
765 2906 940 2960 terra:
969 2900 1040 2961 ad
1077 2918 1214 2961 eum
1243 2918 1310 2963 se
1340 2900 1707 2972 conferrent,
1731 2901 1834 2963 sed
1851 2899 2131 2962 omnibus

2207 1913 2243 1979 ἡ
2272 1909 2372 1978 τῆς
2415 1909 2627 1987 κινύρας
2680 1907 2923 1983 δύναμις,
2987 1911 3075 1966 καὶ
3135 1916 3372 1983 πονηροῦ
3431 1912 3733 1985 πνεύματος
3783 1913 3872 1991 (1)

2209 1998 2605 2074 κατεπᾴδουσα,
2638 1997 2898 2076 Σολομὼν
2955 1997 3158 2063 πλάτος
3190 1996 3406 2078 καρδίας
3451 2001 3693 2077 ᾐτήσατο
3723 2005 3875 2081 παρὰ

2215 2092 2370 2160 Θεοῦ,
2403 2090 2494 2146 καὶ
2545 2089 2870 2169 τετύχηκεν,
2925 2090 3013 2146 hri
3065 2088 3322 2146 πλεῖστον
3369 2089 3637 2168 προελθὼν
3681 2097 3874 2171 σοφίας

2215 2181 2304 2237 καὶ
2346 2179 2588 2257 θεωρίας,
2637 2178 2774 2236 ὥστε
2837 2178 3076 2257 γενέσθαι
3133 2185 3238 2253 τῷν
3293 2178 3412 2236 καθ’
3457 2181 3641 2239 ἑαυτὸν
3681 2183 3863 2238 ἁπάν-

2219 2291 2325 2327 των
2353 2267 2798 2344 εὐδοκιμώτατος.
2836 2260 2894 2328 Ὀ
2939 2267 3019 2342 δὲ,
3069 2279 3164 2328 τοῦ
3213 2269 3313 2344 μὲν
3347 2275 3425 2344 τῷ
3453 2273 3625 2348 πράῳ,
3656 2273 3746 2327 τοῦ
3803 2270 3863 2326 δὲ

2208 2357 2275 2436 τῇ
2320 2357 2501 2438 σοφίᾳ,
2563 2359 2700 2414 κατὰ
2743 2359 2834 2415 τὸν
2894 2357 3024 2434 ἔμδν
3081 2357 3264 2437 λόγον,
3299 2357 3415 2416 οῦδὲ
3446 2360 3481 2426 ἢ
3527 2369 3699 2439 μιν.ρῴ
3744 2359 3873 2418 λεί..

2208 2470 2365 2506 πεται
2395 2464 2409 2478 ⁸
2457 2449 2596 2504 ὥστε
2651 2449 2739 2505 καὶ
2793 2447 3060 2526 βασιλέων
3105 2451 3294 2527 θράσος
3341 2448 3731 2526 δαιμονούντων
3782 2450 3878 2530 (2)

2209 2535 2645 2614 καταμαλάσσειν
2679 2556 2692 2569 ⁸
2729 2539 2817 2594 καὶ
2868 2538 2947 2614 μὴ
3005 2537 3322 2615 βασίλισσαν
3380 2539 3532 2596 νότου
3591 2542 3778 2616 μόνον,
3837 2541 3878 2608 ἢ

2208 2629 2299 2685 τὸν
2351 2625 2502 2684 δεῖνα
2539 2626 2654 2708 (3),
2687 2629 2823 2685 κατᾶ
2881 2626 3038 2692 κλέος
3086 2628 3185 2696 τῆς
3223 2630 3384 2686 αὐτοῦ
3443 2631 3628 2708 σοφίας
3673 2629 3732 2688 ἐκ
3766 2636 3876 2686 τῶν

2209 2718 2454 2798 περάτων
2505 2719 2606 2786 τῆς
2666 2723 2769 2795 γῆς
2823 2718 3090 2798 ἀπαντᾷν,
3148 2717 3287 2774 ἀλλὰ
3324 2720 3412 2775 καὶ
3463 2719 3546 2788 (4)
3579 2725 3706 2776 πᾶσι
3752 2733 3879 2784 τοῖς

2211 2807 2400 2888 πέρασι
2459 2807 2558 2874 τὴν
2616 2805 2818 2864 ἰκείνοδ
2873 2808 3059 2887 σοφίαν
3090 2808 3456 2887 γνωρίζεσθαι.
3509 2810 3697 2866 Καὶτᾶ
3747 2809 3875 2878 ἑξῆς

2211 2898 2438 2975 παρήσω
2493 2902 2588 2953 τοῦ
2640 2895 3024 2973 Σολομῶντος·
3086 2895 3216 2953 πάσι
3274 2894 3330 2953 δὲ
3386 2895 3545 2970 δῆλα,
3581 2897 3678 2953 κάν
3707 2899 3876 2974 ἡμεῖς

464 2986 628 3049 orbis
660 2987 880 3048 ﬁnibus
913 2989 1206 3068 sapientia
1240 2989 1427 3070 ipsius
1469 3001 1607 3053 nota
1637 3001 1818 3054 esset.
1853 2991 1960 3071 Ac,
1995 2996 2184 3069 quiec
2208 2985 2543 3067 φειδώμεθα.

464 3077 538 3138 de
569 3076 891 3140 Salomone
917 3087 1270 3159 sequuntur,
1305 3079 1544 3141 silentio
1572 3080 1890 3162 praeteribo
1918 3098 1932 3142 :
1971 3087 2108 3139 sunt
2137 3086 2336 3140 autem
2366 3093 2437 3138 ea
2467 3073 2699 3138 cunctis
2728 3076 3053 3157 conspicua
3082 3075 3224 3138 898
3250 3083 3307 3138 et
3332 3075 3662 3157 explorata,
3689 3075 3872 3139 etiam

467 3165 520 3227 si
559 3184 670 3227 nos
697 3165 900 3229 dicere
931 3168 1456 3248 supersedeamus.

545 3251 798 3319 LXXIV.
829 3255 979 3319 Eliae
1014 3257 1298 3339 loquendi
1334 3256 1887 3339 libertatem,quam
1920 3257 2130 3321 adver-

469 3363 569 3408 sus
591 3352 874 3424 tyrannos
894 3345 1508 3429 adhibuit,ipsiusque
1540 3366 1647 3430 per
1669 3349 1865 3426 ignem
1895 3356 2128 3428 raptum

467 3433 677 3497 laudas
704 3432 790 3497 5‘?
832 3433 1066 3498 Laudas
1113 3437 1292 3497 etiam
1321 3437 1629 3518 pulchram
1653 3437 1850 3500 Elisaei
1872 3437 2130 3499 haeredi-

471 3531 676 3600 tatem,
712 3523 876 3586 illam
902 3525 1188 3587 nimirum
1215 3525 1704 3610 melotem,quam
1726 3527 1874 3589 Elia;
1890 3526 2135 3607 spiritus

467 3614 788 3677 comitatus
826 3614 1045 3677 est“?
1095 3614 1287 3695 Hujus
1341 3636 1580 3698 quoque
1631 3619 1807 3678 vitam
1843 3617 2040 3692 lauda,
2075 3618 2134 3676 in

469 3705 608 3784 igne
640 3703 1003 3782 traductam,
1039 3705 1098 3766 id
1136 3713 1251 3784 est,
1279 3706 1336 3767 in
1371 3708 1765 3769 tentationum
1799 3707 2135 3786 agmine,ac

467 3794 717 3857 salutem
745 3811 853 3876 per
877 3793 1079 3873 ignem
1102 3803 1353 3876 partam,
1377 3805 1652 3860 urentem
1673 3796 1916 3877 quidem
1940 3796 2132 3865 illum.

472 3883 577 3946 sed
609 3902 731 3945 non
757 3891 1165 3965 perurentem,
1194 3885 1353 3966 quod
1386 3895 1476 3948 est
1505 3886 1643 3949 rubi
1675 3887 2024 3948 miraculum
2053 3885 2132 3963 6⁸,

473 3973 940 4051 sublimitusque
972 3974 1059 4034 illi
1081 3991 1430 4039 concessam
1460 3976 1992 4057 pellem,nimirum
2020 3975 2133 4036 vir-

467 4063 806 4142 ginitatem.
841 4062 1010 4125 Mitto
1042 4080 1180 4124 rore
1211 4063 1484 4145 perfusos
1515 4065 1573 4126 in
1633 4064 1891 4127 ﬂammis
1924 4065 2131 4126 adole-

469 4149 788 4213 scentes“
814 4173 830 4229 ;
867 4159 925 4212 et
974 4151 1282 4233 fugitivum
1340 4155 1691 4236 prephetam
1721 4154 1798 4229 ⁸⁵,
1835 4154 1895 4216 in
1931 4165 2134 4218 ventre

475 4239 594 4302 ceti
619 4248 988 4318 precantem,
1019 4250 1195 4325 atque
1221 4262 1290 4306 ex
1332 4243 1540 4307 bestia;
1559 4245 1928 4327 praecordiis,
1963 4247 2132 4323 quasi

469 4347 504 4392 e
536 4329 814 4405 thalamo,
849 4331 1245 4411 prodeuntem
1274 4354 1290 4410 ;
1339 4342 1396 4397 et
1409 4335 1639 4414 justum
1672 4333 1865 4410 illum,
1894 4333 2132 4395 leonum

2294 3247 2428 3315 0A..
2489 3252 2765 3319 Ἐπαινετς
2825 3248 3011 3313 Ἠλίου
3064 3256 3165 3324 τὴν
3212 3256 3344 3334 πρὸς
3411 3257 3534 3320 τοὺς
3594 3257 3878 3336 τυράννους

2213 3345 2534 3425 παῤῥησίαν,
2585 3347 2672 3401 καὶ
2717 3345 2815 3413 τὴν
2860 3343 2949 3424 (5)
2999 3342 3080 3402 διὰ
3117 3347 3282 3425 πυρὸς
3345 3347 3648 3424 ἁρπαγήν,
3692 3346 3876 3405 Ἐλισ-

2215 3437 2365 3493 σαίου
2394 3456 2452 3492 τε
2493 3436 2595 3503 τὴν
2636 3433 2808 3503 καλὴν
2846 3433 3231 3511 κληρονομίαν,
3291 3437 3392 3504 τὴν
3441 3435 3716 3517 μελωτήν,
3813 3439 3880 3494 τὸ

2220 3518 2402 3584 Ἠλίου
2459 3531 2669 3601 πνεῦμα
2740 3523 3252 3606 συνηκολούθησενς
3324 3523 3562 3584 Ἐπαίνει
3634 3527 3880 3584 κάκείνου

2217 3619 2316 3686 τὴν
2377 3618 2432 3674 ἐν
2463 3619 2584 3694 πυρὶ
2629 3616 2799 3696 ζωὴν,
2855 3617 2932 3692 τῷ
2990 3615 3182 3688 πλήθει
3227 3617 3371 3696 λέγω
3400 3618 3509 3675 τῶν
3541 3619 3877 3699 πειρασμῶν,

2217 3709 2307 3765 καὶ
2363 3707 2461 3775 τὴν
2521 3704 2605 3763 διὰ
2645 3708 2809 3786 πυρὸς
2860 3707 3153 3784 σωτηρίαν,
3213 3707 3452 3772 καίοντος
3511 3710 3634 3783 μὲν,
3687 3710 3744 3766 οὗ
3773 3731 3881 3765 κα-

2217 3797 2531 3862 τακαίοντος
2583 3794 2663 3870 δί,
2723 3798 2785 3853 τὸ
2831 3798 2951 3876 περὶ
3002 3797 3100 3864 τὴν
3131 3797 3292 3874 βάτον
3321 3799 3518 3874 θαῦμα,
3553 3800 3730 3856 καίτὸ
3775 3821 3882 3854 κα-

2217 3884 2311 3943 λὸν
2339 3885 2392 3952 ἐξ
2420 3884 2583 3962 ὕψους
2629 3884 2802 3966 δέρος,
2861 3891 2960 3954 τὴν
3023 3887 3304 3966 ἀσαρκίαν,
3334 3887 3446 3947 Ἐὦ
3501 3889 3695 3963 τᾶλλα,
3757 3889 3882 3953 τοὺς

2217 3974 2586 4055 δροσισθέντας
2618 3975 2672 4032 ἒν
2723 3977 2843 4054 πυρὶ
2897 3977 3103 4041 νεανίας
3139 3993 3154 4007 ⁸
3217 3979 3306 4033 τὸν
3339 3976 3394 4033 ἐν
3437 3981 3636 4057 γαστρὶ
3685 3980 3884 4047 inv/.102):

2217 4064 2499 4141 εὐξάμενον
2543 4065 2825 4144 προφήτην
2872 4064 3075 4145 φυγάδα
3135 4068 3245 4141 καὶ,
3321 4068 3395 4127 ὡς
3451 4068 3558 4124 ἀπὸ
3615 4066 3882 4146 θαλάμου,

2215 4157 2309 4212 τοῦ
2340 4156 2503 4235 θηρὸς
2533 4154 2859 4236 προελθόντα
2894 4171 2908 4186 ⁸
2956 4158 3048 4212 τὸν
3106 4156 3159 4213 ἐν
3220 4155 3404 4231 λάκκῳ
3453 4155 3677 4238 δίκαιον,
3725 4157 3888 4214 λεόν-

2215 4267 2322 4302 των
2363 4245 2553 4324 θράσος
2599 4242 2906 4314 πεδήσαντα
2946 4264 2958 4278 ⁸
2994 4245 3030 4313 ἢ
3087 4247 3190 4314 τὴν
3219 4252 3326 4303 τῶν
3359 4246 3495 4304 ιπτὰ
3527 4245 3886 4303 Μακκαϐαίων

2218 4334 2462 4410 ἄθλησιν,
2497 4335 2590 4391 σὺν
2619 4337 2752 4412 ἱερεῖ
2794 4336 2881 4391 καὶ
2927 4337 3088 4414 μητρὶ
3130 4335 3526 4394 τελειωθέντων
3583 4337 3636 4393 ἐν
3668 4336 3884 4416 αἵματι,

474 4419 738 4484 furorem
769 4421 831 4483 in
863 4421 998 4485 lacu
1031 4425 1394 4487 vincientem
1440 4423 1516 4483 69.
1550 4423 1717 4487 Mitto
1749 4433 1983 4500 septem
2009 4425 2131 4484 Ma-

2222 4425 2304 4482 καὶ
2351 4425 2623 4489 παντοίοις
2671 4425 2920 4502 βασάνων
2971 4424 3192 4486 εἴδεσιν.
3254 4418 3343 4482 Ὠν
3399 4425 3610 4491 ἐκεῖνος
3639 4425 3886 4499 ζηλώσας

482 4509 860 4574 οιηώωοτιιω
876 4512 1324 4576 dimicationem
1341 4513 1442 4594 qui
1458 4533 1592 4576 cum
1609 4514 1924 4576 sacerdote
1945 4521 2002 4574 et
2019 4532 2131 4574 ma-

2222 4515 2318 4578 τὴν
2346 4515 2645 4593 καρτερίαν,
2679 4516 2767 4572 καὶ
2796 4516 2896 4581 την
2926 4513 3080 4582 δόξαν
3123 4514 3415 4594 ὴνὶγκατο,

487 4605 578 4662 tre
607 4599 670 4662 in
699 4601 1023 4682 sanguine,
1043 4610 1226 4683 atque
1248 4604 1442 4664 omnis
1473 4603 1712 4683 generis
1745 4603 2057 4667 tormentis
2079 4602 2474 4666 consummati
2520 4610 2660 4665 sunt
2687 4603 2778 4667 70.
2810 4603 3075 4677 Quorum
3103 4603 3207 4667 ille
3241 4604 3613 4668 tolerantiam
3640 4605 3888 4668 aemula-

484 4697 608 4773 tus,
635 4689 883 4768 gloriam
908 4710 1146 4773 quoque
1168 4693 1395 4756 retulit.

507 4769 792 4843 “LXXV.
821 4769 1088 4842 Transeo
1113 4781 1241 4861 jam
1273 4781 1347 4843 ad
1395 4783 1630 4847 Novum
1665 4784 2143 4856 Testamentum,

2312 4783 2448 4847 OE'.
2481 4782 2603 4844 Ἐπὶ
2632 4783 2688 4842 δὲ
2718 4787 2818 4855 τὴν
2867 4786 3005 4847 Νέαν
3062 4785 3275 4862 μέτειμι
3330 4790 3628 4864 Διαθήκτ,ν,
3661 4790 3744 4846 κοὶ
3767 4802 3891 4852 τοῖς

486 4886 556 4932 ac
577 4867 788 4947 iis,qui
812 4868 908 4932 hic
931 4869 1108 4934 laude
1152 4880 1334 4953 atque
1363 4872 1554 4952 gloria
1584 4872 1937 4946 ﬂoruerunt,
1962 4871 2131 4952 ipsius

2233 4873 2454 4932 ἐνταῦθα
2508 4873 2803 4952 εὗδοκίμοις
2877 4878 2942 4933 τὰ
3001 4875 3202 4933 ἐκείνου
3280 4877 3666 4955 παρεξετάςας,
3715 4879 3890 4953 τιμήο

560 4974 626 5027 56
654 4974 810 5064 Psal.
841 4993 940 5058 xv,
973 4977 1036 5041 6.
1073 4979 1182 5064 “5'!
1214 4977 1372 5064 Psal.
1402 4997 1540 5061 xxx,
1580 4979 1674 5043 16.
1715 4977 2008 5064 ’.δε-Ρξει.
2038 4996 2131 5041 χοι

2225 4979 2329 5064 ,_6.
2413 4978 2478 5030 59
2523 4979 2733 5064 I_I_Ieg.
2779 4999 2821 5057 ι,
2857 4982 2957 5045 20.
3042 4981 3108 5032 ϐο
3143 4985 3169 5046 I
3199 4982 3532 5064 Regtim,
3572 4983 3669 5046 13.
3752 4982 3804 5032 ϐί
3839 4981 3892 5046 lI

489 5055 641 5135 Reg.
663 5073 741 5137 v,
762 5057 820 5119 l.
848 5054 982 5137 sqq.
1068 5054 1123 5100 ⁸³
1154 5060 1307 5123 Psal.
1338 5054 1538 5136 cum,
1564 5067 1622 5122 t.

571 5244 698 5323 (97)
729 5250 866 5319 Θεῷ.
903 5242 1087 5309 Deest
1115 5247 1174 5308 in
1205 5245 1306 5310 Or.
1337 5247 1373 5311 2
1405 5255 1464 5310 et
1493 5247 1630 5309 Bas.

577 5324 893 5411 (98)_Metc‘t
921 5333 1020 5396 τῆς
1072 5327 1370 5395 διπλοΐδος.
1424 5328 1674 5411 Nicetes
1703 5330 1970 5411 exponit,
2001 5333 2149 5411 ἱερα-

499 5406 650 5494 εξκρν
706 5406 1033 5494 ὠμοῖόριφν,
1097 5427 1314 5494 genus
1345 5410 1514 5494 stola:
1544 5406 1936 5494 sacerdotalis
1993 5406 2150 5494 apud

495 5483 803 5548 Hebraeos.

502 5645 794 5728 prmcidit.

1711 5057 1764 5102 ⁸³
1794 5058 1871 5122 JII
1904 5061 2052 5140 Reg.
2087 5077 2168 5141 ιν,
2200 5061 2279 5124 29
2303 5077 2450 5191 sqq.9

1735 5141 1938 5191 681ηη
1991 5158 2050 5191 ll.
2091 5148 2114 5191 Ι
2163 5160 2272 5191 erm

484 5138 551 5190 66
579 5136 773 5203 Exod.
808 5136 977 5220 ιιιίῖ
1063 5139 1127 5190 67
1149 5142 1300 5204 Dan.
1333 5157 1420 5216 III,
1455 5143 1491 5205 5
1516 5159 1650 5223 sqq.
1735 5141 1800 5191 68
1827 5142 1963 5205 Jon.
1989 5136 2054 5216 ιί,
2091 5148 2114 5202 t
2154 5136 2300 5222 'sqq.

888 5489 1069 5572 icitur
1090 5489 1268 5572 etiam
1294 5490 1532 5572 διπλοῖς,
1586 5512 1609 5547 ιι
1638 5490 1911 5572 chlamys
1945 5511 1960 5557 :
1987 5489 2110 5554 {ut
2139 5490 2163 5554 Ι

498 5564 842 5654 Reg._x_rtv.
906 5569 965 5648 5,
1001 5567 1105 5631 ubi
1168 5571 1350 5634 David
1411 5564 1576 5634 oram
1609 5564 1936 5654 chlamydis
1966 5572 2162 5638 Saulis

2517 5057 2576 5103 ⁸⁸
2599 5057 2979 5146 lV’Beg._I,t
3017 5081 3183 5146 sqq._
3219 5057 3398 5146 -δδῖίν
3431 5065 3572 5146 Beg.
3605 5081 3665 5136 ιι,
3690 5065 3730 5126 9
3751 5082 3890 5146 sqq.

2472 5138 2621 5205 Dan.
2649 5157 2775 5225 11v,
2799 5138 2878 5206 98
2908 5162 3040 5226 sqq.
3066 5138 3085 5145 ’
3108 5138 3193 5195 ’⁷ο
3218 5143 3270 5208 Il
3299 5145 3496 5209 Much.
3519 5138 3620 5226 vn,
3656 5146 3682 5206 1
3713 5138 3851 5227 sqq.

2318 5247 2444 5332 (99)
2482 5243 2596 5309 Ἠν.
2633 5248 2813 5314 Deest
2840 5255 2901 5312 in
2937 5250 3206 5332 pluribus
3240 5251 3417 5314 codd.

2313 5330 2405 5414 )
2437 5332 2764 5414 Πνεύματος.
2799 5330 3082 5414 chéph,
3116 5332 3386 5410 δαίμονος.

2318 5410 2403 5495 (ἓξ
2437 5413 2864 5495 ᾼαιμονορντων.
2901 5410 3108 5476 Plures
3139 5414 3356 5495 Regg.,
3390 5413 3788 5495 δαιμονώντων,

2351 5489 2417 5570 3)
2450 5492 2536 5552 ’Ἦ
2562 5494 2650 5551 τὸν
2671 5492 2842 5553 δεῖνα.
2877 5495 3040 5555 Pass.
3051 5541 3068 5572 ,
3105 5489 3360 5569 μηδὲῖὸύ
3390 5489 3561 5557 δεῖνα.

2353 5572 2419 5666 ἐ)
2451 5575 2571 5666 E2":-
2605 5575 2785 5666 ρθοει
2813 5573 2872 5666 in
2907 5584 3160 5666 ιιξιειιξοτ
3190 5578 3379 5666 “.9988-
3409 5572 3604 5666 θεοῖ-
3639 5574 3700 5666 9.-

2353 5653 2415 5732 5)
2450 5655 2580 5724 Τήν.
2615 5658 2793 5719 Deest
2821 5655 2880 5717 in
2914 5653 3192 5737 pluribus
3219 5653 3408 5737 Βοὲς.
3443 5662 3503 5720 et
3530 5660 3633 5722 Or.
3667 5655 3731 5719 2.
