4138 6402
202 305 337 373 609

1113 294 1392 366 ORATIO
1435 295 1645 364 XLIV.
1692 328 1769 342 —-
1813 297 1898 362 IN
1942 292 2213 361 NOVAM
2262 286 2718 362 DOMINICAM.

3496 295 3615 366 610

212 465 316 518 ρον
372 442 506 524 (70)
565 441 850 519 λυόμενός,
899 441 987 496 καὶ
1041 439 1327 519 τριήμερος
1380 436 1746 511 ἀνιστάμενος,
1795 432 1906 488 καὶ.

1981 426 2131 524 )mni
2154 429 2474 509 antiquior,
2508 437 2568 491 et
2609 430 2895 511 templum
2949 451 3163 496 recens
3215 435 3462 516 factum,
3493 453 3613 500 uno

207 533 395 608 μένων
442 535 516 595 είς
559 534 681 594 τοὺς
740 531 959 602 αἰῶνας,
993 527 1069 584 ’ἶν’
1133 528 1241 606 ἐγὼ
1273 530 1448 596 σωθῶ,
1507 527 1596 583 καὶ
1653 534 1745 582 τοῦ
1772 544 1882 579 πα-

207 620 380 678 λαιοῦ
437 623 726 698 πτώματος
781 619 1071 686 ἀνακληθῶ
1133 617 1285 698 (Ἠ),
1350 618 1436 672 καὶ
1482 615 1720 693 γένωμαι
1754 635 1878 668 και-

203 711 283 779 νὴ
373 713 568 786 κτίσις,
616 709 702 766 διὰ
772 710 866 776 τῆς
947 709 1199 774 τοιαύτης
1279 703 1672 784 φιλανθρωπίας
1743 702 1879 757 ἁνα-

207 799 594 876 πλαττόμενος
700 799 984 870 Ἐπιζητεϊ
1046 795 1100 852 δὲ
1160 797 1188 852 ὁ
1245 799 1388 858 θεῖος
1451 792 1611 849 Δαϐὶὸ
1667 789 1880 869 καρδίαν

203 893 453 969 καθαρὰν
509 891 563 946 ἒν
635 892 806 964 ἐαυτῷ
892 887 1239 963 κτιζομένην,
1311 886 1402 940 καὶ
1472 890 1680 958 πνεῦμα
1737 881 1879 942 εὒθὲς

206 968 628 1058 τοτςγὲγκάτοις
659 976 1096 1056 ὶγκαινιζόμενον
1129 994 1147 1006 ·
1207 977 1314 1053 οὐχ
1343 976 1414 1035 ὡς
1449 972 1544 1028 οὒκ
1575 970 1742 1051 ἔχων,
1777 968 1878 1047 (τίς

204 1067 342 1146 γὰρ,
393 1069 437 1124 si
469 1071 547 1144 μὴ
587 1066 746 1124 Δαϐὶδ
776 1071 802 1123 ὁ
861 1073 1118 1127 τοσοῦτος
1155 1063 1191 1142 ;)
1230 1062 1333 1119 ἀλλ
1383 1064 1457 1126 ὡς
1487 1062 1669 1118 καινὸν
1712 1058 1880 1138 γινώ-

208 1181 364 1214 σκων
397 1161 458 1215 τὸ
491 1167 578 1216 νῦν
623 1159 704 1215 ἀεὶ
753 1157 886 1238 (72)
947 1155 1382 1236 προστιθέμενον.
1417 1154 1516 1210 Καὶ
1559 1152 1611 1208 τί
1651 1150 1734 1207 δεῖ
1786 1170 1876 1225 μοι

209 1248 488 1305 πλειόνων
518 1249 858 1328 Ἐγκαινίων,
913 1247 1032 1303 ἒνὸν
1084 1247 1150 1304 τὰ
1192 1248 1429 1323 παρόντα
1475 1243 1756 1320 γνωρίσαι,
1791 1241 1879 1296 καὶ

209 1338 246 1394 ἃ
310 1340 547 1418 σήμερον
605 1340 1034 1418 πανηγυρίςομεν
1091 1336 1241 1414 (73),
1291 1338 1360 1402 τῆ
1407 1339 1519 1410 ζωῇ
1551 1333 1686 1408 μετὰ
1713 1331 1876 1386 θάνα-

213 1450 315 1484 τον
378 1426 833 1504 πλησιάσαντες;
882 1427 1180 1505 Ἐγκαίνια,
1239 1424 1514 1502 Ἐγκαίνια
1561 1424 1595 1488 ἡ
1628 1422 1880 1498 πανήγυ-

219 1518 302 1597 ρίς
357 1517 509 1597 (74),
545 1517 783 1600 ἀδελφοί,
833 1517 1080 1595 Λεγέσθω
1124 1515 1224 1594 γὰρ
1253 1512 1513 1576 πολλάκις
1543 1510 1626 1591 ὑφ’
1659 1510 1876 1600 ἡδονῆς.

223 1609 331 1665 Καὶ
384 1609 500 1665 τίνα
545 1599 764 1684 ταῦτα;
815 1611 874 1665 Οἱ
934 1607 1032 1681 μὲν
1091 1605 1322 1684 είδὸτης,
1402 1602 1637 1668 διδάξατε
1669 1620 1686 1638 ⁶
1736 1603 1782 1656 οἱ
1826 1599 1880 1655 δὲ

213 1697 568 1778 ἀγνοοῦντες,
598 1699 700 1767 τὴν
730 1699 902 1765 ἀκοὴν
933 1694 1309 1774 ἰγκαινίζεσθε,

310 1966 400 2025 Γ¹.
436 1973 560 2033 Φῶς
589 1967 654 2035 ἦν
691 1963 819 2047 (Ἱ5)
852 1964 1164 2038 ἀπρόσιτον,
1200 1963 1289 2019 καὶ
1319 1961 1625 2043 ἁδιάδοχον,
1674 1964 1701 2017 ὁ
1735 1962 1887 2032 Θεὸς,

219 2053 345 2111 οὔτε
379 2055 698 2136 ἀρξάμενον,
767 2053 882 2111 οὔτε
929 2053 1287 2129 παυσόμενον,
1336 2049 1453 2109 οὔτε
1509 2051 1888 2130 μετρούμενον,

221 2144 558 2222 ἆειλαμπὲς,
604 2143 926 2226 τριλαμπὲς,
975 2142 1176 2222 ὀλίγοις
1232 2140 1358 2199 ὅσον
1413 2141 1522 2198 ἐστὶ
1584 2141 1888 2220 θεωρούμε-

223 2256 338 2308 νον,
379 2239 541 2310 οῖμαι
587 2234 670 2308 δὲ,
721 2232 837 2291 οὐδὲ
886 2232 1110 2312 ὀλίγοις.
1165 2232 1264 2290 Καὶ
1314 2237 1464 2311 φῶτα
1508 2230 1742 2310 δεύτερα,
1798 2236 1890 2286 τοῦ

219 2325 451 2403 πρώτου
481 2327 669 2390 Φωτὸς
725 2323 1148 2401 ἆπαυγάσματα,
1201 2323 1251 2377 αἱ
1281 2321 1400 2399 περὶ
1429 2321 1587 2378 αὑτὸν
1616 2317 1886 2394 δυνάμεις,

219 2415 313 2469 καὶ
347 2415 424 2469 τὰ
453 2413 792 2494 λειτουργικὰ
837 2413 1135 2488 πνεύματα.
1183 2412 1254 2468 Τὸ
1298 2409 1352 2465 δὲ
1410 2408 1534 2484 παρ’
1567 2412 1704 2482 ἡμῖν
1732 2416 1888 2465 τοῦτο

223 2508 368 2581 φῶς,
408 2503 511 2583 οὔχ
565 2502 783 2583 ὕστερον
843 2499 1038 2580 ἤρξατο
1096 2502 1282 2580 μόνον,
1336 2498 1471 2555 ἀλλᾶ
1503 2501 1590 2554 καὶ
1619 2500 1762 2554 νυκτὶ
1790 2499 1885 2555 τέ-

233 2612 452 2666 μνεται,
513 2594 603 2650 καὶ
650 2592 828 2668 τέμνει
887 2591 1050 2648 νύκτα
1109 2589 1371 2668 ἱσομοιρίᾳ
1420 2588 1572 2668 (Ἶὸ),
1626 2587 1748 2662 ὄψει
1799 2610 1892 2644 πι-

238 2682 487 2756 στευθέν,
534 2683 623 2738 καὶ
652 2681 764 2759 ἀέρι
812 2679 972 2760 χυθὲν
1019 2679 1172 2759 (77),
1233 2680 1321 2734 καὶ
1372 2675 1644 2754 λαμϐάνον
1679 2679 1706 2732 ὃ
1738 2674 1884 2731 δίδωσ

237 2794 348 2830 σιν.
407 2762 562 2851 Ὀρᾷν
594 2793 654 2828 -ε
697 2773 798 2850 γὰρ
841 2769 961 2846 ὄψει
1008 2769 1260 2849 παρέχει,
1293 2769 1381 2825 καὶ
1441 2775 1652 2846 πρῶτον
1707 2769 1889 2843 ὁρᾶται

233 2864 385 2942 παρὰ
447 2862 563 2936 178)
605 2862 703 2929 τῆς
763 2860 963 2940 ὅψεως,
1029 2861 1118 2917 καὶ
1161 2872 1280 2922 τοῖς
1336 2861 1552 2936 ὁρατοῖς
1597 2855 1888 2936 περιρρέον,

233 2951 540 3030 παῤῥησίαν
597 2949 729 3031 (³79)
802 2951 1103 3030 χαρίζεται,
1176 2945 1458 3014 Βουληοεὶς
1517 2948 1617 3025 γὰρ
1673 2949 1700 3002 ὁ
1761 2947 1891 3008 Θεὸς

1965 516 2298 596 eodemque
2316 518 2415 580 die
2438 518 2797 600 solutum,ac
2815 521 2986 583 tertio
3008 523 3247 603 postdie
3269 524 3613 605 excitatum,

1966 613 2146 686 atque
2178 605 2238 667 in
2268 609 2486 670 saecula
2533 628 2801 684 manens,
2840 620 2900 670 ut
2931 611 3062 692 ipse
3093 612 3346 675 salutem
3395 631 3618 674 conse-

1970 705 2322 778 quar,atque
2362 719 2395 759 a
2425 699 2604 760 veteri
2647 700 2815 779 lapsu
2847 718 3114 776 revocer,
3141 720 3211 762 ac
3246 720 3354 783 per
3395 701 3613 780 hujus-

1965 785 2126 845 modi
2159 788 2514 850 beneﬁcium
2562 793 2943 871 instauratus,
2983 809 3136 852 nova
3180 801 3455 855 creatura
3484 792 3616 854 elli-

1964 874 2106 936 ciar.
2135 876 2287 948 Quin
2314 877 2548 938 divinus
2573 897 2809 959 quoque
2831 879 3010 942 David
3033 899 3138 942 cor
3158 882 3446 944 mundum
3469 883 3527 943 in
3554 900 3620 944 se

1964 963 2179 1034 creari.
2205 983 2274 1026 ac
2324 967 2598 1044 spiritum
2636 976 2860 1028 rectum
2895 969 2955 1029 in
2988 969 3321 1032 visceribus
3350 970 3620 1032 innovari

1967 1052 2323 1134 postulat90,
2347 1074 2466 1116 non
2489 1057 2647 1136 quod
2673 1075 2791 1118 non
2816 1058 3031 1121 habeat
3052 1061 3212 1139 (quis
3231 1057 3392 1120 enim
3425 1058 3614 1121 habe-

1963 1159 2030 1202 re
2059 1144 2263 1223 possit,
2293 1144 2341 1204 si
2375 1153 2570 1205 tantus
2602 1145 2688 1206 vir
2719 1165 2788 1208 eo
2824 1154 3098 1227 careat?)
3130 1169 3146 1224 ;
3179 1148 3282 1210 sed
3315 1148 3473 1229 quod
3510 1166 3617 1229 pro

1966 1249 2117 1291 novo
2148 1233 2204 1291 id
2236 1233 2437 1308 ducat,
2470 1234 2628 1314 quod
2662 1255 2820 1297 nunc
2851 1237 3118 1317 quotidie
3151 1239 3462 1302 accrescit.
3497 1238 3616 1301 Sed

1965 1320 2110 1401 quid
2136 1324 2280 1384 mihi
2307 1325 2476 1403 plura
2494 1326 2773 1387 Encaania
2787 1328 3068 1407 colligere
3087 1347 3336 1390 necesse
3358 1337 3614 1410 est,cum

1965 1415 2282 1491 praesentia
2307 1415 2616 1476 declarare
2641 1425 2982 1497 promptum
3007 1418 3327 1498 sit,eaque,
3350 1437 3481 1499 quae
3502 1419 3616 1480 ho-

1963 1501 2175 1562 dierno
2197 1502 2460 1579 die,vitae
2485 1514 2619 1584 post
2644 1515 2894 1567 mortem
2914 1507 2984 1567 ad
2987 1508 3010 1586 j
3022 1506 3619 1588 uncti,celebramus?

1970 1589 2269 1666 Encamia,
2299 1592 2598 1674 Encaenia,
2625 1594 2736 1656 hoc
2757 1595 2973 1657 festum
2991 1605 3099 1670 est,
3125 1595 3362 1660 fratres.
3387 1596 3615 1658 Identi-

1971 1681 2106 1742 dem
2132 1684 2292 1744 enim
2319 1683 2432 1744 hoc
2454 1684 2701 1745 verbum
2736 1703 2857 1765 prae
2882 1687 3174 1766 voluptate
3203 1694 3528 1767 repetatur.
3552 1685 3625 1747 Et

1971 1790 2240 1851 quaenam
2273 1772 2374 1834 illa
2393 1771 2424 1832 ?
2455 1771 2567 1845 Qui
2599 1774 2789 1850 scitis,
2812 1776 3023 1836 docete
3051 1795 3066 1852 ;
3092 1777 3192 1855 qui
3218 1776 3484 1857 nescitis,
3508 1794 3623 1838 au-

1974 1861 2147 1923 ribus
2179 1863 2570 1926 innovemini.

2056 1951 2156 2016 lll.
2186 1957 2405 2015 Lumen
2429 1964 2556 2015 erat
2576 1953 3090 2036 inaccessibile,ac
3112 1953 3483 2018 successioni
3501 1957 3618 2015 mi-

1977 2041 2138 2104 nime
2160 2041 2694 2120 obnoxium,Deus,
2722 2064 2834 2107 nec
2851 2045 3207 2126 principium
3231 2045 3484 2126 habens,
3512 2063 3627 2106 nec

1975 2131 2156 2193 ﬁnem
2182 2133 2670 2204 habiturum,nec
2687 2135 2749 2196 in
2772 2135 3210 2197 dimensionem
3235 2135 3626 2216 cadens,per-

1977 2230 2153 2302 petuo
2176 2223 2406 2303 fulgore
2423 2225 2696 2305 rutilans,
2719 2226 2878 2286 trino
2909 2225 3229 2307 Splendore
3245 2225 3500 2298 micans,
3527 2232 3623 2286 at-

1976 2331 2092 2393 que
2119 2314 2438 2396 ejusmodi,
2472 2323 2536 2377 ut
2567 2316 2794 2396 paucis,
2827 2316 2949 2375 imo
2999 2335 3073 2377 ne
3112 2316 3316 2395 paucis
3347 2316 3620 2392 quidem,

1976 2404 2290 2484 perspicua
2336 2405 2412 2465 sit
2449 2406 2635 2486 ipsius
2681 2405 3048 2484 magnitudo.
3102 2403 3377 2467 Secunda
3422 2415 3622 2468 autem

1974 2493 2220 2574 lumina,
2252 2495 2549 2576 primique
2599 2494 2865 2557 Luminis
2917 2496 3092 2575 radii,
3132 2496 3378 2556 virtutes
3422 2496 3621 2576 ipsum

1975 2583 2626 2666 circumstantes,atque
2643 2585 2978 2646 administri
2992 2585 3339 2666 spiritus.At
3354 2595 3623 2647 nostrum

1975 2672 2198 2748 lumen,
2236 2693 2353 2735 non
2388 2674 2564 2736 modo
2594 2674 2788 2736 serius
2817 2684 3010 2735 ortum
3055 2674 3279 2750 habuit,
3304 2675 3410 2735 sed
3441 2675 3620 2736 etiam

1975 2771 2150 2823 nocte
2173 2764 2856 2843 scinditur,noctemque
2889 2764 3137 2827 vicissim
3157 2763 3342 2843 aequis
3359 2762 3624 2844 partibus

1976 2862 2159 2928 secat,
2185 2853 2374 2916 oculis
2397 2853 2907 2931 concreditum,ac
2931 2872 3037 2934 per
3057 2872 3258 2916 aerem
3280 2854 3501 2924 fusum,
3528 2861 3624 2913 at-

1975 2961 2090 3024 que
2122 2943 2203 3019 id,
2239 2944 2400 3022 quod
2441 2945 2561 3020 dat,
2596 2945 2922 3024 accipiens.
2955 2943 3098 3005 Nam
3149 2943 3339 3006 oculis
3368 2942 3623 3005 liberam

236 3039 388 3096 τόνδε
450 3041 542 3097 τὸν
597 3039 802 3116 κόσμον
854 3041 1236 3112 συστήσασθαι,
1270 3037 1359 3093 τὸν
1389 3035 1441 3102 ἒξ
1472 3040 1674 3116 ὁρατῶν
1702 3058 1759 3094 τε
1805 3037 1893 3092 καὶ

1981 3034 2266 3095 cernendi
2296 3035 2634 3096 facultatem
2663 3034 2909 3116 praebet,
2940 3041 3001 3096 et
3032 3034 3289 3114 primum
3329 3032 3402 3094 ab
3435 3032 3625 3095 oculis

232 3130 486 3209 ἀοράτων
519 3129 907 3210 συνεστηκότα,
966 3131 1056 3185 τὸν
1105 3127 1275 3207 μέγαν
1334 3129 1422 3184 καί
1449 3129 1750 3203 θαυμαστὸν
1793 3131 1890 3193 τῆς

235 3217 671 3298 μεγαλειότητος
717 3218 876 3277 αὒτοῦ
933 3217 1060 3296 (80)
1114 3219 1344 3298 κήρυκα,
1390 3231 1508 3280 τοῖς
1555 3218 1652 3294 μὲν
1701 3214 1891 3279 ἀϊδίοις

230 3311 396 3374 αὐτός
447 3309 562 3364 ἐστι
607 3309 748 3388 φῶς,
778 3309 862 3364 κοὶ
891 3307 987 3364 οὒκ
1020 3304 1152 3362 ἄλλο
1197 3308 1326 3385 (81)
1359 3321 1373 3337 ·
1415 3308 1483 3386 (τί
1511 3309 1610 3386 γὰρ
1640 3305 1742 3362 ἔδει
1772 3329 1892 3387 φω..

227 3402 324 3464 τὸς
387 3397 634 3477 δευτέρω
661 3409 780 3462 τοῖς
823 3397 886 3453 τὸ
917 3396 1170 3474 μέγιστον
1201 3394 1387 3475 ἔχουσι
1422 3405 1462 3471 ς)
1510 3410 1635 3474 τοϊγ
1663 3397 1810 3453 κάτω
1840 3395 1893 3452 δὲ

223 3491 318 3549 καὶ
379 3489 502 3566 περὶ
555 3490 703 3561 ἡμᾶς
781 3486 1004 3566 πρώτην
1091 3484 1353 3561 ἐκλάμπει
1413 3487 1514 3554 τὴν
1571 3490 1663 3543 τοῦ
1717 3489 1892 3568 φωτὸς

227 3578 424 3638 τούτου
469 3577 714 3654 δύναμιν.
772 3578 871 3635 Καὶ
921 3577 1023 3656 γὰρ
1097 3575 1294 3655 ἔπρεπε
1350 3584 1427 3652 τῷ
1485 3575 1710 3656 μεγάλῳ
1761 3581 1893 3658 φωτὶ

225 3671 326 3740 τῆς
416 3667 770 3746 δημιουργίας
854 3666 916 3723 ἐκ
984 3667 1161 3747 φωτὸς
1243 3664 1512 3747 ἄρξασθαι,
1571 3668 1617 3742 ᾧ
1667 3666 1778 3724 λύει
1833 3669 1895 3724 τὸ

223 3759 448 3834 σκότος,
483 3759 571 3815 καὶ
621 3759 716 3827 τὴν
760 3757 1065 3837 ἐπέχουσαν
1114 3757 1247 3821 τέως
1300 3757 1563 3834 ἀκοσμίαν
1615 3759 1702 3814 καὶ
1760 3759 1895 3814 ἀτα-

223 3851 363 3918 ξίαν.

1976 3124 2261 3204 cernitur,
2287 3124 2588 3206 rebusque
2611 3126 2704 3198 iis,
2735 3143 2868 3201 quae
2890 3123 3002 3186 sub
3021 3137 3328 3204 aspectum
3349 3123 3487 3184 857
3518 3141 3624 3184 ca-

1977 3212 2608 3294 dunt,circumfusum,
2637 3214 2909 3278 ﬁduciam
2936 3212 3280 3276 aﬁert.Nam
3306 3233 3440 3275 cum
3464 3216 3626 3277 Dens

1977 3303 2137 3364 hunc
2157 3321 2225 3365 ex
2250 3303 2584 3364 visibilibus
2607 3313 2667 3365 et
2685 3303 3083 3364 invisibilibus
3114 3302 3297 3364 rebus
3338 3313 3624 3365 constan-

1980 3401 2098 3454 tem
2131 3394 2441 3474 mundum,
2477 3395 2657 3474 hunc,
2684 3395 2950 3474 inquam,
2978 3411 3254 3470 magnum
3287 3403 3345 3455 et
3373 3392 3625 3455 admira-

1978 3484 2160 3546 bilem
2190 3484 2517 3563 majestatis
2549 3503 2673 3546 suae
2718 3501 3080 3565 praeconem,
3112 3482 3338 3563 ﬁngere
3367 3503 3436 3546 ac
3487 3503 3626 3547 con-

1979 3583 2184 3637 stuere
2213 3575 2517 3649 voluisset,
2545 3575 2784 3636 aeternis
2812 3574 3051 3655 quidem
3082 3574 3310 3635 nullum
3341 3575 3504 3636 aliud
3529 3575 3627 3637 lu-

1979 3683 2118 3726 men
2151 3682 2326 3744 quam
2367 3665 2628 3745 seipsnm
2663 3665 2937 3744 praebuit.
2972 3661 3121 3734 Quid
3162 3663 3322 3726 enim
3364 3663 3629 3727 secundo

1983 3755 2205 3818 lumine
2227 3774 2376 3835 opus
2399 3755 2474 3815 iis
2498 3766 2645 3835 erat,
2676 3754 2779 3835 qui
2800 3753 3125 3816 maximum
3150 3752 3496 3815 habebant?
3525 3753 3630 3816 ln-

1980 3845 2302 3910 {erioribus
2325 3853 2524 3906 autem
2552 3855 2729 3925 atque
2751 3842 3026 3907 humanis
3049 3843 3302 3923 primam
3325 3843 3505 3923 hujus
3529 3843 3629 3906 lu-

225 3939 413 4003 minis
448 3936 571 3998 vim
597 3935 838 4018 protuli.
863 3934 1276 3999 Conveniebat
1306 3936 1531 4018 quippe
1565 3955 1777 4016 magno
1808 3937 2068 4011 Lumini,
2103 3935 2406 4015 opiﬁcium
2439 3954 2612 3996 suum
2635 3953 2670 3996 a
2702 3934 2929 3995 lumine
2960 3933 3282 4014 auspicari,
3307 3952 3427 4010 quo
3451 3941 3628 3997 tene-

230 4030 397 4101 bras,
444 4033 799 4106 vastamque
827 4024 990 4087 illam
1022 4043 1225 4087 rerum
1260 4024 1599 4104 congeriem
1632 4034 1693 4087 et
1721 4027 2136 4089 confusionem
2167 4025 2368 4086 omnia
2400 4030 2817 4104 occupantem,
2855 4022 3026 4084 solvit
3053 4041 3122 4084 ac
3155 4022 3422 4103 depellit.

313 4110 400 4180 Δ’.
440 4117 541 4176 Καὶ
571 4123 724 4172 τοῦτο
758 4129 853 4172 ουκ
900 4116 1181 4193 ὀργανικὸν
1231 4114 1326 4171 ἀπ’
1386 4117 1564 4194 ἀρχῆς
1595 4113 1889 4192 ἀναδείξας,

2061 4113 2156 4176 1V.
2179 4112 2300 4176 Nec
2319 4132 2457 4176 vero
2482 4114 2541 4175 id
2568 4113 2914 4193 organicum
2939 4131 2973 4173 a
2995 4113 3314 4195 principio,
3337 4130 3473 4195 nec,
3499 4131 3634 4177 mea

229 4209 350 4270 οὐδὲ
411 4206 668 4285 iam»,
700 4207 773 4268 ὡς
808 4207 835 4260 δ
865 4204 993 4280 δμὸς
1047 4203 1230 4283 λόγος’
1285 4203 1404 4260 ἀ)λ’
1465 4205 1773 4280 ἀσώματονν
1807 4217 1896 4270 καὶ

229 4299 457 4369 ἀνήλιον
495 4292 618 4375 (82)
658 4317 666 4327 -

1981 4205 2226 4287 quidem
2249 4205 2572 4285 sententia,
2599 4205 2794 4266 solare
2817 4205 3086 4285 protulit,
3110 4221 3318 4265 verum
3340 4204 3630 4286 incorpo-

708 4293 890 4351 ἔπειτα
922 4293 977 4350 δὲ
1007 4295 1096 4350 καὶ
1145 4292 1283 4370 ἡλίῳ
1313 4292 1487 4373 δὸθὲν,
1518 4297 1898 4375 καταφωτίζειν

1982 4313 2174 4374 reum,
2202 4312 2314 4355 nec
2336 4312 2371 4355 a
2392 4293 2520 4354 sole
2543 4293 2939 4374 productum;
2967 4293 3072 4354 sed
3096 4303 3304 4374 postea
3322 4291 3397 4356 ad
3421 4292 3632 4356 orbem

227 4396 411 4449 πᾶσαν
441 4389 544 4452 τὴν
597 4383 941 4458 οἰκουμένην.
1006 4381 1226 4451 Ἐπειδὴ
1281 4385 1381 4464 γὰρ
1431 4397 1549 4448 τοῖς
1582 4381 1763 4448 ἄλλοις
1796 4387 1901 4455 τὴν

1988 4393 2280 4447 terrarum
2298 4383 2716 4445 illustrandum
2740 4384 2852 4445 soli
2875 4384 3155 4445 traditum
3181 4393 3292 4445 est.
3316 4384 3464 4445 Nam
3495 4402 3631 4445 cum

230 4479 370 4546 ὕλην
451 4474 888 4554 προϋποστήσας,
970 4471 1300 4540 εἰδοποίησεν
1383 4471 1625 4553 ὕστερον,
1690 4475 1900 4551 ἑκάστῳ

1982 4475 2044 4536 in
2067 4474 2198 4536 aliis
2221 4471 2404 4535 rebus
2421 4473 2573 4535 hanc
2596 4473 2891 4535 rationem
2912 4473 3296 4547 tenuisset,ut
3315 4473 3627 4535 materiam

230 4568 405 4641 τάξιν,
436 4565 526 4620 καὶ
583 4566 801 4643 σχῆμα,
848 4562 938 4618 καὶ
989 4561 1209 4640 μέγεθος
1268 4563 1523 4642 περιθεὶς,
1565 4561 1659 4618 ἵνα
1685 4565 1896 4640 θαυμα-

195 4685 202 4690 ·
231 4655 510 4737 τουργήσῃ
538 4674 590 4709 τι
623 4657 831 4729 μεῖζον,
885 4650 1108 4708 ἐνταῦθα
1149 4654 1212 4708 τὸ
1263 4650 1412 4716 εἶδος
1456 4657 1555 4720 τῆς
1588 4650 1723 4720 ὕλης
1757 4677 1894 4735 προ-

315 4778 382 4830 90
411 4773 575 4841 Psal.
599 4790 660 4850 ιι,
697 4773 796 4837 12.

324 4885 458 4967 (70)
491 4873 560 4967 Ὠ
581 4883 905 4967 αὒεξημερόν.
941 4881 1175 4967 ᾼιιυόίῑ
1202 4883 1275 4945 ad
1308 4883 1430 4967 haec
1483 4882 1662 4967 verba
1703 4881 1890 4967 ἔθευ.

238 4984 304 5043 ιι,
332 4960 459 5046 ’19)
491 4960 745 5046 aS_o_lvi_te
775 4960 1062 5044 templum
1094 4965 1233 5046 hoc,
1266 4973 1320 5028 et
1367 4966 1426 5026 in
1459 4964 1649 5027 tribus
1678 4965 1892 5027 diebus

240 5041 510 5118 eicitabo
544 5041 716 5105 illud.
749 5067 778 5097 ι

325 5128 444 5204 (71)
471 5121 813 5202 Ἀνακληρῶ.
849 5121 914 5184 In
945 5123 1331 5206 quibusdam,
1353 5127 1731 5208 ἆνακαινισθῶ,
1771 5126 1893 5187 εἰη-

236 5223 446 5272 nover.
488 5226 515 5256 ³

324 5282 618 5371 (72):“;
676 5280 857 5371 Deest
903 5282 965 5345 in
1012 5285 1278 5367 quinque
1309 5289 1523 5367 Hegg.,
1574 5285 1890 5350 duodecim

240 5366 441 5445 Colb.,
471 5366 665 5439 Pass.,
697 5369 814 5425 etc.

320 5453 448 5526 (73)
501 5447 952 5530 Πανηγυρίζομεν.
1011 5447 1109 5530 Sic
1169 5448 1354 5527 Regg.
1426 5448 1550 5530 bm,
1613 5448 1716 5530 ph,
1777 5456 1893 5511 etc.

243 5533 388 5607 Alii,
420 5526 886 5606 πανηγυρίζωμιν,
944 5528 1118 5591 male.
1153 5562 1230 5573 —
1288 5526 1499 5591 Comb.
1553 5526 1892 5610 ἑορτάζομεν,

245 5615 416 5679 Enrr.

1980 4564 2146 4646 prius
2177 4563 2484 4641 conderet,
2509 4581 2578 4625 ac
2610 4562 2830 4626 deinde
2862 4581 2993 4626 eam
3023 4564 3215 4625 forma
3241 4561 3626 4638 convestiret,

1977 4654 2191 4718 ordine
2219 4653 2517 4728 videlicet,
2552 4654 2742 4734 ﬁgura
2768 4672 2838 4717 ac
2869 4654 3278 4736 magnitudine
3308 4653 3631 4735 unicuique

2059 4882 2186 4966 (75)
2217 4889 2340 4966 Φῶς
2368 4883 2455 4952 ἧν.
2510 4883 2773 4959 Nicetas,
2825 4901 3002 4965 quem
3059 4883 3332 4966 sequitur
3389 4882 3624 4960 Billius,

1976 4969 2087 5045 φῶς
2133 4963 2233 5045 ἓν,
2265 4986 2293 5018 α
2327 4963 2526 5028 lumen
2549 4983 2758 5028 unum.
2799 4988 2823 5023 ii

2222 5043 2533 5128 ’ἰσομοιρίφ
2569 5045 2717 5124 Reg.
2751 5048 2857 5128 Eb,
2881 5050 2938 5102 ἓν
2968 5048 3263 5128 ἰσομοιρίᾳ,

2083 5127 2185 5204 7'7)
2222 5128 2409 5188 Χυθέν.
2457 5125 2721 5197 Quatuor

1975 5229 2010 5264 γ
2023 5208 2154 5264 εθέν.

1979 5229 2154 5286 χευεν.

2059 5286 2173 5365 (78)
2204 5287 2367 5367 Παρά.
2400 5286 2503 5351 Or.
2537 5291 2597 5366 1,
2630 5289 2737 5347 διά.

2060 5367 2190 5452 (79)
2223 5368 2549 5452 ῌαῤῥησίπιν.
2585 5369 2824 5432 Nicetas
2843 5369 3431 5452 exponitﬁavépmw,
3469 5389 3630 5433 «ma-

1979 5447 2443 5511 nifestationem.
2482 5473 2505 5509 ι)

2067 5528 2190 5615 (_8_0)_
2220 5531 2407 5615 assos.
2441 5530 2583 5615 puo
2615 5531 2783 5594 Colb.
2816 5533 3050 5615 Comb.,
3086 5543 3227 5607 etc.,
3266 5536 3473 5597 ἑαυτοῦ.

2066 5611 2131 5690 (8
2147 5613 2197 5692 I)
2225 5610 2589 5673 ”AAAo.Tres
2608 5615 2821 5692 Regg.,
2854 5610 3109 5692 quatuor
3130 5615 3368 5680 Colb.et
3389 5615 3630 5691 Comb.,

2815 5141 2972 5206 egg.,
3009 5129 3200 5204 Pass.,
3234 5127 3442 5209 Savil.,
3476 5137 3624 5210 etc.,

329 5694 459 5776 (74)
487 5683 550 5750 Ἠ
580 5689 902 5776 πανήγυρις.
958 5688 1121 5776 Unus
1162 5687 1359 5766 Colb.,
1415 5693 1449 5759 ἡ
1483 5699 1722 5767 παροῦσα
1757 5713 1899 5749 παν-
1982 5683 2168 5776 ἅλὶςσς,

252 5768 463 5857 impie;
501 5797 531 5829 ι
564 5783 829 5868 procem
846 5768 1152 5836 festivitas.
1193 5795 1223 5829 ι

2069 5772 2189 5852 (82)
2225 5775 2322 5834 Καὶ
2352 5774 2597 5845 ἀνήλιον.
2626 5774 2761 5838 Bill.
2793 5801 2821 5831 κ
2855 5785 2918 5838 et
2943 5777 3088 5841 solis
3120 5794 3358 5860 expers.
3401 5800 3427 5836 ι
