4138 6462
299 313 455 396 629
1276 337 1559 401 onmo
1604 337 1788 400 XLV.
1857 363 1936 377 --
1998 333 2082 398 ιιι
2125 333 2484 411 simorum
2528 334 2844 399 PASGHA.

319 464 479 539 μίαν
522 471 774 524 συνιοῦσι
822 469 1108 546 κυριότητα
1155 469 1243 524 καὶ
1271 468 1497 534 θεότητα
1532 483 1547 498 ⁶
1596 466 1726 545 ὅπερ
1771 467 1871 523 καὶ·
1904 466 2013 544 ι81]

2111 464 2495 540 faventes,vel
2516 474 2756 549 propter
2778 467 3025 532 effusam
3043 468 3296 534 deorum
3315 471 3760 536 multitudinem

313 551 505 617 ἄλλῳ
547 558 663 613 τινὶ
691 563 799 613 τῶν
833 555 961 636 (82)
991 560 1094 638 πρὸ
1123 558 1278 633 ἣμῶν
1308 557 1735 639 πεφιλοσόφηται
1766 555 2013 613 κάλλιστά

2109 555 2467 633 gentilismo.
2500 555 2646 618 Nam
2677 557 2992 638 utrobique
3024 559 3244 622 malum
3276 560 3502 639 aequale
3525 569 3638 642 est,
3664 572 3763 624 ta-

303 663 378 698 τε
415 644 531 700 καὶ
568 644 915 719 ὑψηλοτατα.

2112 645 2287 707 metsi
2309 645 2369 707 in
2391 646 2706 708 contrariis
2726 648 3085 728 reperiatur.
3116 647 3217 711 Sic
3237 648 3518 711 nimirum
3543 648 3763 713 Sancta

310 744 720 795 sanctorum
753 752 884 816 qum
913 735 1092 797 etiam
1125 753 1161 798 a
1181 735 1516 816 seraphinis
1546 733 1932 815 obteguntur,
1964 750 2035 796 ac
2069 731 2255 796 tribus
2287 735 2853 799 sauctiﬁcationibus
2893 737 2956 799 in
2985 755 3163 798 unam
3208 737 3673 800 dominationem
3706 738 3765 800 et

309 819 664 884 deitatem
699 823 1075 897 coeuntibus,
1110 825 1490 888 celebrantur
1519 826 1572 906 7,
1606 821 2114 906 quemadmodum
2132 831 2191 884 et
2216 822 2368 886 alius
2397 825 2639 905 quidam
2671 833 2808 888 ante
2831 844 2907 888 no
2939 826 3342 908 pulcherrime
3364 833 3423 889 et
3452 825 3762 891 sublimis-

312 909 504 971 sime
546 912 1011 994 philosophatus
1031 924 1147 976 est.

416 1000 522 1061 E'.
602 1001 751 1062 Ἐπεὶ
808 1001 864 1060 δὲ
918 1004 1014 1061 οῦκ
1055 1003 1206 1084 ἤρκει
1260 1012 1330 1082 τῇ
1388 1005 1679 1084 ἀγαθότητι
1735 1010 1913 1076 τοῦτο,
1960 1003 2022 1058 τὸ

318 1096 641 1149 κινεῖσθαι
686 1093 848 1168 μόνον
1001 1095 1193 1163 ἑαυτῆς
1237 1095 1452 1174 θεωρίᾳ,
1507 1092 1627 1151 ἀλλ’
1660 1092 1762 1150 ἔδει
1795 1096 2022 1174 χεθῆναι

317 1183 394 1237 τὸ
431 1181 662 1261 ἀγαθὸν
696 1185 786 1240 καὶ
817 1182 1048 1264 ὁδεῦσαι,
1096 1187 1167 1250 ὡς
1209 1184 1429 1244 πλείονα
1485 1184 1631 1241 εἶναι
1687 1185 1754 1242 τὰ
1807 1183 2020 1262 εὐεργε-

316 1271 599 1347 τούμενα
632 1272 813 1352 (τοῦτο
842 1274 942 1352 γὰρ
971 1279 1071 1340 τῆς
1117 1272 1282 1351 ἄκρας
1311 1273 1377 1342 ἧν
1424 1271 1778 1352 ἁγαθότητος)
1817 1291 1835 1311 ⁶
1865 1278 2021 1350 πρῶ-

314 1381 427 1415 τον
495 1362 614 1435 μὲν
665 1362 839 1419 ἑννοετ
896 1363 991 1426 τὰς
1051 1361 1338 1442 ἀγγελικὰς
1413 1361 1660 1438 δυνάμεις
1709 1363 1798 1420 καὶ
1854 1361 2018 1437 οὖρα-

316 1450 485 1516 νίους
533 1468 550 1482 ⁰
609 1453 696 1508 καὶ
725 1453 788 1508 τὸ
817 1450 1056 1526 ἐννόημα
1116 1450 1269 1531 ἔργον
1323 1452 1414 1527 ἦν,
1467 1451 1626 1531 Λόγῳ
1669 1449 2013 1531 συμπληρού-

2108 1455 2196 1509 ιιιε
2227 1449 2500 1526 cogitavit
2529 1467 2547 1526 ;
2579 1457 2757 1531 atque
2786 1450 2887 1512 illa
2914 1450 3190 1530 cogitatio
3226 1469 3376 1531 opus
3407 1459 3556 1526 erat,
3585 1452 3749 1533 quod

318 1561 542 1614 μενον,
615 1544 705 1598 καὶ
749 1543 1016 1618 Πνεῦματι
1075 1541 1440 1618 τελειούμενον
1476 1558 1491 1574 ·
1553 1544 1639 1601 καὶ
1697 1541 1864 1606 οὕτως
1911 1542 2013 1598 ῦπ-

2108 1536 2298 1598 Verbo
2321 1537 2845 1613 conﬁciebatur,ac
2863 1539 3086 1620 Spiritu
3107 1539 3521 1619 perficiebatur
3538 1557 3555 1617 ;
3574 1549 3753 1622 atque

321 1629 603 1696 ἀστησαν
637 1631 1016 1710 λαμπρότητες
1048 1629 1313 1710 δεύτεραι,
1366 1630 1664 1712 λειτουργοὶ
1717 1630 1814 1699 τῆς
1864 1631 2013 1710 πρώ-

2108 1627 2188 1688 ita
2213 1628 2460 1690 secundi
2483 1628 2834 1709 splendores
2857 1628 3152 1710 procreati
3173 1637 3333 1704 sunt,
3358 1630 3536 1710 primi
3557 1628 3757 1710 splen-

319 1740 438 1785 της
515 1719 934 1799 λαμπρότητος,
999 1720 1113 1778 εἴτε
1171 1722 1326 1799 νοερά
1382 1722 1682 1802 πνεύματα,
1741 1719 1854 1777 εἴτε
1895 1731 2013 1799 πῦρ,

2108 1716 2268 1778 doris
2291 1717 2626 1781 administri
2649 1741 2666 1797 ;
2691 1719 2814 1781 sive
2834 1720 3077 1799 spiritus
3100 1727 3301 1781 mente
3322 1720 3755 1801 pmditos,sive

320 1813 456 1866 οἷον
500 1808 674 1865 ἄυλον
718 1811 805 1867 καὶ
853 1810 1164 1891 ἀσώματον,
1228 1808 1343 1868 εἴτε
1403 1811 1521 1868 τινά
1554 1812 1706 1890 φύσιν
1737 1808 1909 1878 ἄλλην
1940 1809 2013 1866 ὅτι

2110 1809 2304 1885 ignem
2359 1815 2634 1889 tanquam
2689 1809 2955 1872 materia
3004 1816 3063 1871 et
3108 1811 3378 1890 corporis
3422 1818 3750 1892 expertem,

320 1898 641 1977 ἐγγυτάτω
703 1898 834 1980 (83)
889 1902 998 1957 τῶν
1059 1888 1374 1982 εἰρημένων,
1408 1888 1600 1965 ταύτας
1636 1899 1761 1982 (84)
1808 1899 2013 1968 ὑπολη-

2108 1896 2244 1958 849
2290 1898 2411 1960 sive
2459 1888 2631 1960 aliam
2673 1899 2989 1980 quamdam
3047 1888 3314 1961 naturam
3366 1888 3634 1981 proxime
3680 1888 3758 1964 ad

332 1989 553 2050 πτέον.
621 1989 889 2057 Βούλομαι
947 1990 1046 2066 μὲν
1103 1992 1300 2065 εἰπεῖν,
1356 1991 1438 2049 ὅτι
1485 1990 1766 2062 ἀκινήτους
1798 1991 1930 2070 πρὸς
1959 1992 2013 2048 τὸ

2108 2005 2227 2064 eas,
2262 2007 2410 2067 quas
2469 1988 2753 2065 diximus,
2804 1989 3216 2061 accedentem.
3267 2008 3370 2051 eos
3416 1989 3756 2055 existimare

323 2080 483 2134 κακὸ
501 2103 548 2147 δ,
615 2081 704 2136 καὶ
749 2081 920 2155 μόνην
978 2080 1209 2160 ἑχούσας
1255 2081 1356 2149 τὴν
1411 2087 1504 2138 τοῦ
1558 2079 1726 2138 καλοῦ
1784 2078 2013 2160 κίνησιν,

2108 2086 2357 2158 oportet.
2395 2076 2581 2141 Gestit
2623 2080 2868 2157 quidem
2914 2080 3152 2142 animus
3182 2079 3384 2142 dicere
3425 2079 3497 2141 ad
3534 2080 3755 2143 malum

335 2166 442 2224 ἅτε
481 2170 611 2248 περὶ
645 2171 776 2227 Θεὸν
832 2169 1014 2245 οὔσας,
1048 2172 1136 2227 καὶ
1170 2172 1232 2227 τὰ
1279 2177 1465 2250 πρῶτα
1510 2171 1572 2229 lx
1611 2179 1744 2231 Θεοῦ
1799 2169 2013 2245 λαμπο-

2108 2164 2468 2243 immobiles,
2499 2186 2568 2231 ac
2593 2170 2970 2232 solummodo
3001 2169 3075 2231 ad
3109 2169 3331 2232 bonum
3387 2187 3745 2250 propensos,

343 2258 538 2331 μένας
579 2258 668 2335 (τὰ
729 2261 829 2338 γὰρ
874 2260 1095 2317 ἐνταῦθα
1152 2259 1395 2330 δευτέρας
1428 2259 1766 2336 ἃλλάμψεως)
1802 2275 1816 2291 ⁸
1850 2260 2013 2317 πείθει

2108 2264 2303 2336 utpote
2322 2255 2509 2320 Deum
2528 2258 3085 2334 circumstantes,ac
3103 2259 3389 2340 primario
3406 2259 3511 2321 Dei
3526 2259 3756 2339 fulgore

329 2345 394 2403 δέ
432 2371 544 2424 με,
603 2351 680 2424 μὴ
735 2350 1044 2422 ἀκινήτους,
1107 2349 1246 2406 ἀλλὰ
1323 2349 1666 2420 δυσκινήτους
1721 2349 1866 2430 (85),
1926 2351 2013 2407 καὶ

2108 2347 2468 2410 collucentes
2493 2347 2638 2422 (haec
2661 2349 2820 2410 enim
2845 2348 3134 2410 inferiora
3155 2349 3436 2411 secundae
3456 2350 3758 2411 illumina-

330 2438 760 2514 ὑπολαμϐάνειν
791 2441 985 2504 ταύτας
1016 2442 1105 2497 καὶ
1157 2440 1356 2519 λέγειν,
1390 2444 1418 2497 ὁ
1461 2441 1547 2498 διὰ
1601 2443 1701 2508 τὴν
1758 2440 2012 2519 λαμπρό-

2108 2436 2278 2498 tionis
2296 2439 2460 2515 sunt)
2485 2457 2502 2518 ;
2533 2446 2836 2511 verum,ut
2869 2457 2988 2500 non
3011 2439 3253 2501 omnino
3278 2439 3756 2516 immobiles,sed

329 2550 489 2596 τητα
558 2529 890 2610 Ἐωσφόρος,
935 2531 1127 2593 σκότος
1171 2529 1255 2585 διὰ
1289 2531 1386 2598 τὴν
1441 2529 1660 2608 ἔπαρσιν
1718 2533 1807 2587 καὶ
1865 2533 2013 2607 γενό-

2108 2543 2254 2605 aegre
2277 2525 2532 2588 mobiles
2554 2526 2893 2590 existimem
2922 2547 2993 2590 ac
3024 2528 3245 2609 dicam,
3267 2527 3414 2591 mihi
3436 2529 3756 2609 persuadet

336 2641 519 2693 μενος
584 2621 674 2675 καὶ
717 2617 1033 2696 λεγόμενος,
1092 2617 1152 2674 αἵ
1210 2639 1269 2675 τε
1327 2618 1418 2674 ὑπ’
1466 2619 1624 2674 αὑτὸν
1665 2619 2013 2678 ἀποστατικαὶ

2108 2614 2224 2696 ille,
2255 2613 2331 2678 ob
2362 2615 2775 2696 splendorem,
2809 2618 3070 2698 Lucifer,
3103 2618 3206 2698 qui
3243 2627 3490 2699 propter
3534 2635 3748 2698 super-

331 2706 638 2789 δυνάμεις,
672 2706 985 2785 δημιουργοὶ
1015 2706 1110 2775 τῆς
1139 2708 1327 2771 κακίας
1378 2710 1447 2785 τῇ
1490 2715 1582 2766 τοῦ
1631 2706 1798 2765 καλοῦ
1847 2715 2011 2790 φυγῇ,

2108 2703 2256 2765 biam
2282 2704 2471 2784 caligo
2495 2705 2744 2768 effectus
2774 2713 2887 2782 est,
2913 2725 2984 2769 ac
3012 2708 3378 2783 nominatur,
3404 2715 3463 2770 et
3491 2707 3754 2770 rebelles

337 2799 436 2852 καὶ
472 2798 618 2868 ἡμῖν
657 2796 919 2876 πρόξενοι.

2108 2794 2297 2874 angeli
2328 2795 2383 2856 ei
2416 2794 2695 2878 subjecti,
2717 2796 2845 2858 vitii
2867 2814 2975 2878 per
2999 2796 3143 2860 boni
3188 2797 3384 2876 fugam
3425 2797 3740 2859 architecti

2097 2883 2492 2966 ejusdemque
2524 2884 2696 2947 nobis
2721 2893 3022 2951 auctores.

427 2973 546 3050 ς’.
603 2977 754 3033 Οὕτω
785 2977 884 3054 μὲν
928 2978 1016 3035 οῦν
1066 2981 1094 3034 ὁ
1144 2981 1335 3046 νοητὸς
1394 2980 1537 3052 αὐτῷ
1593 2979 1683 3035 καὶ
1725 2976 1809 3034 διὰ
1849 2987 2013 3035 ταῦτα

2179 2975 2276 3037 VI.
2313 2973 2409 3037 Sic
2439 2973 2616 3054 igitur
2658 2983 2837 3058 atque
2885 2975 2961 3038 ob
2990 2977 3098 3039 has
3143 2993 3371 3052 causas,
3412 2976 3669 3039 mundus
3699 2979 3752 3040 is

2187 1002 2258 1066 V.
2290 1001 2580 1076 Quoniam
2611 1013 2807 1068 autem
2859 1005 3108 1068 bonitati
3160 1005 3409 1069 minime
3438 1007 3580 1070 satis
3632 1015 3763 1071 erat

2104 1109 2212 1154 sua
2239 1093 2427 1173 ipsius
2456 1094 2647 1156 solum
2678 1094 3186 1176 contemplatione
3237 1096 3486 1172 moveri,
3513 1097 3618 1160 sed
3651 1097 3762 1160 bo-

2105 1197 2248 1241 num
2307 1181 2561 1244 diffundi
2617 1201 2686 1244 ac
2742 1183 3059 1263 propagari
3115 1182 3448 1266 oportebat,
3480 1191 3542 1245 ut
3590 1185 3761 1265 plura

2104 1277 2472 1347 essent,quaa
2492 1269 2784 1334 beneficio
2807 1271 3192 1334 afﬁcerentur
3209 1271 3295 1348 (id
3319 1272 3480 1334 enim
3502 1289 3758 1336 summa

2104 1356 2382 1419 bonitatis
2402 1361 2578 1440 erat),
2606 1360 2860 1441 primum
2891 1361 3158 1441 angelos,
3188 1371 3247 1423 et
3274 1361 3551 1425 caelestes
3579 1362 3759 1443 spiri-

346 3067 575 3134 ὑπέστη
627 3070 857 3144 κόσμος.
919 3071 993 3132 ὡς
1043 3069 1139 3146 ἐμὲ
1187 3076 1314 3148 γοῦν
1356 3070 1476 3149 περὶ
1529 3069 1730 3126 τούτων
1786 3068 2012 3149 φιλοσο-

2108 3062 2543 3139 intellectualis,
2569 3067 2643 3127 ab
2675 3083 2747 3128 eo
2779 3073 3013 3129 creatus
3044 3073 3154 3142 est,
3184 3074 3470 3148 quantum
3503 3066 3746 3148 quidem

348 3165 557 3239 φῆσαι,
623 3169 796 3239 μικρῷ
853 3160 999 3239 λόγῳ
1047 3162 1114 3217 τὰ
1163 3160 1374 3240 μεγάλα
1431 3160 1833 3236 σταθμώμενον,
1866 3157 2015 3219 Ἐπεὶ

347 3249 405 3305 δὲ
471 3251 540 3306 τὰ
600 3257 786 3327 πρῶτα
841 3250 1018 3316 καλῶς
1090 3251 1249 3330 εἶχεν
1322 3252 1488 3324 αὐτῷ,
1547 3249 1783 3328 δεύτερον
1842 3248 2014 3307 ἒννοεϊ

350 3340 592 3418 κόσμον,
627 3339 808 3396 ὑλικὸν
859 3342 948 3398 καὶ
980 3341 1250 3420 ὁρώμενον
1282 3356 1294 3370 ⁸
1331 3342 1419 3397 καὶ
1474 3340 1625 3402 οὗτός
1657 3339 1792 3414 ἰστι,
1838 3342 1899 3396 τό
1959 3339 2011 3406 ἐξ

345 3431 604 3506 οὒρανοῦ,
649 3431 737 3485 καὶ
796 3436 922 3508 γῆς,
988 3432 1078 3486 καὶ
1105 3430 1214 3486 τῶν
1245 3431 1300 3485 ἐν
1329 3429 1480 3506 μέαῳ
1523 3428 1650 3507 (86)
1678 3430 1924 3505 σύστημά
1953 3451 2009 3486 τε

348 3523 442 3577 καὶ
489 3521 760 3598 σύγκριμα
794 3537 808 3552 ⁶
871 3520 1148 3578 ἐπαινετὸν
1203 3521 1304 3596 μὲν
1349 3524 1447 3587 τῆς
1478 3517 1593 3576 καθ’
1644 3520 1870 3577 ’ἑκαστον
1916 3521 2009 3576 εὖ-

349 3612 541 3688 quin,
591 3607 1093 3686 ἀξιεπαινετώτερον
1154 3606 1209 3664 δὲ
1267 3610 1366 3675 τῆς
1438 3608 1490 3673 ἐξ
1563 3609 1810 3665 ἁπάντων
1861 3613 2009 3683 εὐαρ-

344 3700 581 3775 μοστίας
633 3700 720 3754 καὶ
771 3700 1106 3778 συμφωνίας,
1150 3697 1313 3755 ἄλλου
1363 3700 1493 3777 πρὸς
1539 3696 1670 3754 ἄλλο
1727 3720 1777 3754 τι
1826 3698 2006 3764 καλῶς

348 3789 610 3869 ἔχοντος,
674 3791 761 3845 καὶ
802 3789 1017 3846 πάντων
1048 3789 1182 3867 πρὸς
1231 3788 1462 3863 ἅπαντα,
1511 3789 1584 3850 εἰς
1631 3788 1745 3851 ἑνὸς
1802 3787 2006 3862 κόσμου

351 3877 742 3955 συμπλήρωσιν
774 3896 787 3910 ⁸
859 3877 953 3933 ἵνα
1007 3876 1172 3955 δείξῃ,
1224 3879 1303 3952 μὴ
1362 3878 1525 3953 μόνον
1584 3879 1779 3933 οἰκείαν
1836 3878 2008 3950 ἑαυτῷ

349 3968 534 4048 φύσιν,
570 3966 706 4023 ἀλλὰ
761 3968 850 4023 καὶ
906 3966 1081 4034 πάντη
1129 3966 1282 4035 ξένην
1331 3968 1729 4036 ὑποστήσασθαι
1789 3965 2005 4031 δυνατὸς

2097 3154 2226 3234 ipse
2256 3155 2332 3215 de
2365 3155 2458 3216 his
2488 3155 2672 3218 rebus
2704 3156 3107 3238 philosophari
3134 3174 3313 3238 queo,
3350 3157 3558 3236 exigua
3609 3176 3750 3220 ora-

2097 3243 2259 3305 tione
2287 3262 2384 3306 res
2415 3263 2661 3324 magnas
2701 3245 3066 3325 expendens.
3101 3248 3497 3328 Posteaquam
3550 3255 3748 3310 autem

2098 3333 2323 3412 primas
2357 3341 2556 3415 partes
2586 3336 2874 3414 praeclare
2914 3335 3263 3398 constitutas
3291 3337 3457 3404 vidit,
3489 3336 3746 3400 alterum

2095 3422 2408 3503 mundum,
2437 3424 2684 3485 materia
2708 3432 3080 3486 constantem
3105 3436 3166 3486 et
3186 3426 3612 3507 aspectabilem
3644 3446 3747 3489 co-

2093 3513 2312 3593 gitavit,
2339 3513 2491 3574 hanc
2521 3513 2802 3575 nimirum
2831 3532 2902 3576 ex
2932 3514 3105 3590 coelo,
3134 3521 3192 3578 et
3222 3524 3401 3584 terra.
3429 3524 3488 3580 et
3515 3517 3611 3578 his
3637 3533 3742 3579 re-

2094 3602 2202 3664 bus
2224 3621 2355 3683 qua;
2376 3621 2584 3665 eorum
2610 3604 2922 3684 complexu
2945 3604 3348 3685 continentur,
3369 3615 3743 3685 coagmenta-

2095 3693 2316 3755 tionem
2343 3701 2398 3754 et
2422 3693 2888 3756 concretionem:
2910 3693 3273 3756 laudabilem
3293 3695 3453 3756 illam
3475 3696 3741 3776 quidem,

2093 3781 2167 3842 ob
2196 3780 2560 3860 singularum
2585 3783 2838 3862 partium
2871 3783 3270 3864 elegantiam;
3297 3801 3501 3846 verum
3534 3783 3744 3845 lauda-

2093 3871 2473 3952 biliorem,ob
2497 3891 2650 3948 eam,
2677 3893 2810 3955 quae
2833 3894 2902 3936 ex
2927 3875 3223 3937 universis
3247 3874 3744 3951 exsistit,concin-

2092 3960 2333 4022 nitatem
2358 3969 2534 4038 atque
2553 3963 2933 4025 concordiam
2947 3964 3082 4045 ,alia
3101 3983 3168 4027 re
3188 3964 3466 4028 videlicet
3484 3965 3556 4026 ad
3581 3965 3743 4027 aliud

348 4058 446 4119 ὤν,
483 4059 702 4114 Οἰκεϊον
734 4057 828 4133 μὲν
861 4059 960 4134 γὰρ
1008 4059 1284 4130 θεότητος,
1338 4059 1390 4113 αἱ
1451 4057 1624 4136 νοεραὶ
1655 4056 1856 4136 φύσεις,
1917 4058 2005 4113 καὶ

2108 4049 2367 4131 [uiddam
2396 4053 2644 4131 pulchre
2669 4055 3206 4136 quadrante,atque
3226 4054 3506 4116 omnibus
3526 4054 3598 4115 ad
3619 4072 3746 4116 om-

349 4155 425 4222 νῷ
486 4148 638 4222 μόνῳ
695 4146 899 4214 ληπταί
931 4165 948 4183 ⁸
1009 4145 1152 4212 ξένον
1213 4146 1334 4227 (87)
1391 4144 1446 4202 δὲ
1490 4145 1852 4220 παντάπασιν,
1887 4146 2004 4202 ὅσαι

2108 4143 2186 4206 tia
2209 4148 2356 4206 scite
2378 4145 2899 4223 convenientibus,
2925 4147 2999 4210 ad
3025 4149 3202 4211 unius
3232 4147 3435 4210 mundi
3467 4155 3742 4209 ornatum

347 4239 450 4295 ὑπὸ
483 4237 588 4304 τὴν
619 4237 869 4304 αἴσθησιν
901 4254 917 4270 ⁸
953 4238 1040 4294 καὶ
1084 4237 1282 4294 τούτων
1333 4237 1505 4293 αὐτῶν
1538 4235 1614 4292 ἔτι
1659 4235 1998 4314 ποῤῥωτιὶρω,

355 4325 380 4346 Θ
677 4324 697 4346 \
719 4332 745 4342 -ο
823 4326 846 4345 ν
864 4332 874 4346 I
1117 4328 1133 4346 \
1174 4327 1187 4346 ,
1241 4328 1252 4346 1

2108 4233 2364 4297 )mnibus
2391 4235 2658 4296 numeris
2680 4236 3144 4311 absolvendum;
3169 4245 3229 4299 ut
3263 4238 3643 4318 perspicuum
3661 4237 3744 4299 fa-

352 4325 470 4382 ὅσαι
508 4324 783 4392 παντελῶς
815 4326 1018 4407 ἄψυχοι
1049 4328 1136 4383 καὶ
1164 4327 1430 4393 ἀκίνητοι.

2088 4333 2270 4400 ceret,
2309 4343 2395 4400 se,
2433 4344 2552 4387 non
2585 4326 2762 4389 modo
2795 4326 3030 4406 sibiipsi
3059 4337 3364 4408 cagnatam
3399 4336 3460 4391 et
3492 4329 3741 4407 propin-

353 4433 532 4495 quam
569 4425 862 4491 naturam,
888 4415 994 4478 sed
1024 4414 1204 4480 etiam
1237 4414 1477 4477 omnino
1505 4414 1760 4477 alienam
1793 4431 1970 4494 posse
1999 4433 2339 4498 procreare.
2373 4413 2702 4479 Divinitatis
2760 4415 2918 4478 enim
2951 4417 3302 4498 propinquae
3344 4424 3487 4478 sunt
3517 4415 3744 4479 intelli-

352 4514 566 4581 gentes
596 4511 845 4576 natura,
869 4522 1125 4586 quaeque
1158 4511 1356 4566 mente
1388 4503 1515 4566 sola
1544 4503 1768 4584 percipi
1799 4513 2051 4584 queunt;
2084 4503 2295 4566 alienae
2325 4514 2520 4566 autem
2548 4504 2817 4586 omnino,
2854 4524 3223 4586 quaecunque
3249 4506 3360 4568 sub
3389 4523 3605 4568 sensus
3635 4523 3740 4567 ca-

349 4592 522 4665 dunt;
562 4599 746 4673 atque
765 4592 857 4655 bis
877 4592 1072 4656 adhuc
1101 4593 1481 4674 remotiores,
1516 4610 1652 4674 quae
1681 4590 1881 4654 anima
1912 4593 2075 4656 omni
2101 4604 2160 4656 et
2193 4601 2356 4654 motu
2385 4602 2614 4656 carent.

432 4684 514 4741 Z’.
557 4691 693 4747 Νοῦς
724 4685 822 4759 μὲΑ
852 4687 941 4742 οὗν
971 4683 1074 4752 ἤδη
1103 4688 1189 4742 καὶ
1219 4683 1470 4752 αἴσθησις
1513 4684 1661 4763 (78),
1711 4683 1878 4747 οὕτως
1910 4685 2004 4741 ἀπ’

2171 4681 2294 4745 VII.
2320 4683 2638 4745 Enimvero
2671 4702 2843 4746 mens
2865 4685 2992 4764 jam
3024 4693 3082 4746 et
3111 4702 3349 4758 sensus,
3377 4686 3462 4747 sic
3488 4685 3648 4747 inter
3674 4703 3740 4747 se

357 4773 609 4844 ἀλλήλων
667 4774 992 4845 διακριθέντα
1062 4775 1206 4855 (89),
1289 4782 1394 4831 τῶν
1473 4777 1614 4831 ἰδίων
1665 4772 1798 4851 ὅρων
1857 4771 2002 4838 ἐντὸς

2108 4773 2366 4849 liscreta,
2401 4772 2620 4835 ﬁnibus
2669 4773 2793 4836 suis
2834 4792 2900 4836 se
2931 4774 3345 4851 continebant,
3381 4774 3740 4857 opiﬁcisque

435 4883 462 4930 7
495 4881 610 4944 Isa.
643 4897 726 4961 vn,
759 4886 796 4942 2
818 4899 947 4964 sqq.

433 4991 557 5069 (8i)
593 4990 775 5069 ’Ὅπερ
805 4993 913 5053 καί.
948 4990 1075 5054 Duo
1107 4989 1275 5055 Colb.
1310 4999 1369 5053 et
1398 4989 1501 5055 0r.
1540 4993 1598 5070 ι,
1632 4991 1659 5046 8
1689 4995 1796 5048 καί.

432 5067 557 5149 (se)
593 5067 856 5130 Τινὶτῶν.
893 5072 992 5135 Sic
1041 5073 1246 5152 negg.
1280 5071 1340 5152 ει,
1396 5071 1506 5152 ph,
1535 5067 1634 5134 οι.
1667 5071 1737 5152 ξι,
1775 5078 1889 5133 etc.
1935 5067 2002 5133 In

356 5151 446 5213 ecl.
479 5152 649 5231 deest
670 5158 803 5213 τῶν.
837 5153 1088 5214 Budaeus
1109 5150 1850 5231 intelligitsDionysiumJ
1877 5153 2000 5214 Re-

357 5231 485 5308 gius
507 5230 839 5312 Mazarinus
864 5242 922 5294 et
946 5234 1206 5307 Nicetas,
1236 5255 1260 5291 ι
1293 5230 1752 5310 Athanasium,»
1788 5231 2003 5312 quibus

357 5311 730 5376 assentimur.

435 5391 534 5472 (83
585 5394 918 5472 Ἐγγυτάτω.
953 5395 1019 5458 In
1050 5391 1377 5465 nonnullis,
1413 5392 1740 5471 ἒγγυτάτων.

435 5393 816 5555 (84ἶΤοώτας.
849 5475 948 5539 Sic
969 5493 1076 5538 sex
1111 5471 1322 5553 Regg.,
1356 5471 1490 5535 Par.
1529 5471 1683 5554 Jes.,
1715 5471 1740 5534 Ι

360 5554 622 5616 Pravein
643 5555 730 5616 ed.
750 5602 768 5628 ,
801 5564 984 5616 ταῦτα.

2087 4988 2491 5054 continentur.
2526 4991 2675 5071 Nam
2709 5013 2732 5048 σ
2765 4991 3048 5064 mundus,
3090 5016 3113 5047 η
3150 4999 3214 5053 ut
3243 4989 3326 5053 ait
3353 4990 3735 5071 Aristoteles,

2092 5093 2118 5123 «
2154 5077 2243 5130 εει
2274 5070 2709 5211 ἓοεεωεηιειίο
2733 5090 2800 5133 ex
2826 5072 2975 5134 coelo
2998 5081 3056 5134 et
3090 5081 3245 5134 terra
3275 5073 3620 5152 naturisque
3651 5070 3739 5134 in?

2092 5157 2273 5211 lenne
2324 5169 2413 5211 us.
2455 5175 2481 5206 ι

2088 5157 2413 5212 termcdiis.
2455 5175 2481 5206 ι

2088 5309 2118 5314 _
2167 5230 2531 5314 (87)_E§vov.
2574 5231 2674 5314 Sic
2701 5233 2889 5314 Begg.
2946 5232 3072 5306 bm,
3108 5233 3211 5314 ph,
3264 5231 3444 5295 Coisl.
3499 5232 3558 5312 1,
3613 5238 3732 5296 etc.

2080 5309 2267 5393 Prave
2298 5311 2357 5373 in
2390 5311 2526 5376 Par.
2561 5311 2685 5393 ed.,
2717 5309 2883 5378 ξένου.

2164 5391 2276 5464 (88)
2314 5400 2447 5456 Νοῦς
2505 5394 2602 5469 μὲν
2645 5391 2734 5450 οὖν
2793 5393 2897 5462 ἤδη
2971 5397 3059 5452 καὶ
3128 5393 3404 5461 αἴσθησις.
3471 5415 3500 5449 α
3559 5392 3730 5456 Mens

591 5471 816 5539 Τοώτας.
849 5475 948 5539 Sic
969 5493 1076 5538 sex
1111 5471 1322 5553 Regg.,
1356 5471 1490 5535 Par.
1529 5471 1683 5554 Jes.,
1715 5471 1850 5536 Bas.
1876 5479 1992 5536 etc.
2074 5471 2204 5554 jam
2234 5479 2292 5554 et
2335 5491 2570 5536 sensus.
2609 5496 2637 5529 ι
2674 5474 2954 5554 [ιιιεηίεἱι
2998 5472 3320 5553 Gregorius
3365 5472 3618 5554 angelos
3671 5480 3730 5535 et

2080 5551 2372 5637 visibilem
2403 5554 2687 5637 mundum
2707 5573 2746 5637 a
2766 5551 2964 5637 Verbo
2985 5551 3240 5637 creatos,
3275 5553 3402 5637 qui,
3433 5551 3594 5616 vocis
3625 5570 3729 5615 or-

430 5637 548 5717 (84)
581 5637 957 5717 ευσκινήτους.
993 5636 1093 5701 Sic
1116 5637 1303 5716 Regg.
1330 5653 1385 5713 c,
1419 5634 1482 5711 d,
1509 5635 1613 5717 ph,
1638 5632 1847 5715 Savil.,
1880 5641 1994 5698 etc.
2082 5650 2234 5717 gano
2266 5633 2558 5716 destituti,
2591 5635 2820 5716 opiﬁcis
2851 5635 2943 5697 sui
2973 5635 3222 5716 gloriam
3273 5632 3450 5699 tacite
3479 5651 3730 5698 enarra-

356 5712 413 5772 ln
443 5715 536 5775 ed.
552 5764 568 5792 ,
601 5714 949 5786 δυσκυνήτους
960 5769 972 5782 .

431 5793 552 5877 (86)
587 5797 686 5855 Καὶ
718 5804 822 5854 τῶν
852 5799 908 5856 ὲν
937 5799 1105 5876 μέσῳ.
1159 5818 1182 5856 I
1219 5802 1293 5864 Εἰ
1340 5796 1523 5862 rebus
1556 5797 1796 5877 mediis,
1823 5817 1851 5858 δ
1900 5794 1997 5858 ni-
2053 5861 2059 5865 .

2082 5713 2249 5788 bant,
2282 5733 2416 5778 cum
2450 5713 2714 5779 nondum
2748 5717 2928 5779 homo
2956 5713 3192 5781 creatus
3222 5725 3403 5782 esset.

2164 5796 2678 5880 (ββλ-λιπκριθὲντα.
2724 5796 2824 5880 Sic
2903 5798 3177 5880 plerique
3236 5797 3503 5862 melioris
3571 5803 3727 5859 nota

364 5871 572 5940 mirum
601 5892 742 5943 sere
771 5883 833 5942 et
871 5871 1067 5962 aqua,
1090 5898 1224 5966 qua
1270 5878 1427 5944 inter
1445 5878 1664 5944 coelum
1687 5885 1749 5945 et
1778 5871 2000 5944 terram

2108 5874 2260 5942 LOdd.
2294 5879 2361 5943 ln
2391 5871 2516 5960 ed.,
2548 5871 2920 5959 Staxptﬁévnc:
