4138 6408
387 302 504 367 657

1321 304 1601 371 ORATIO
1643 306 1829 370 XLV.
1877 335 1953 349 —-
1998 305 2088 397 IN.
2121 303 2486 369 BANCTUM
2530 305 2849 370 PASCHA.

3663 304 3787 374 658

378 459 504 531 σῃς.
553 441 664 531 Μή,
691 462 795 531 μου
855 440 1048 531 ἅπτου,
1106 439 1321 531 πύρρω-
1361 441 1541 521 στῆθι,
1601 437 1894 531 σεϐάσθητι
1954 442 2049 498 τὸν

2151 441 2348 531 iculta.
2375 441 2437 504 Si
2457 440 2723 505 audieris
2748 460 2762 505 :
2791 444 2924 506 Non
2948 460 3042 508 me
3059 452 3314 524 tangere
3331 443 3407 518 ⁸⁸,
3440 446 3645 525 procul
3669 453 3780 531 sta,

385 529 581 606 Λόγον,
619 529 757 588 ἀλλὰ
788 531 867 607 μὴ
894 529 1165 600 lumbi;
1229 529 1358 591 Οἵδε
1416 531 1516 610 γὰρ
1563 529 1654 596 οἷς
1698 531 1836 611 ὁιρθῇ
1891 533 2048 609 πρῶ-

387 641 500 681 τον.
560 619 897 699 Ἐγκαίνισον
954 622 1054 689 τὴν
1106 622 1394 679 ἀνάστασιν
1428 639 1446 658 ·
1503 626 1573 698 τῇ
1621 619 1724 693 Εὕα
1753 620 2045 698 βοήθησον,

387 711 457 786 τῇ
501 712 690 788 πρώτῃ
735 713 858 789 (i7)
902 713 1163 789 πεσούσῃ,
1224 719 1294 790 τῇ
1352 711 1540 792 πρώτῃ
1587 714 1808 791 Τριστὸν
1863 712 2048 770 ἀσπά-

391 803 606 872 σασθαι,
643 806 732 859 καὶ
781 803 1033 883 γνωρίσαι
1091 817 1213 868 τοῖς
1271 806 1571 878 μαθηταῖς,
1618 808 1780 861 Γενοῦ
1823 801 2046 880 Πέτρος,

395 890 431 959 ἢ
477 889 607 973 (28)
644 893 897 964 Ἰωάννης
933 909 947 924 ⁸
998 893 1084 951 ἰπὶ
1112 896 1205 953 τὸν
1229 894 1398 974 τάφον
1439 893 1744 974 ζπείχθητι,
1804 893 2050 972 ἀντιτρὲ-

393 1003 536 1062 χων,
600 984 931 1065 συντρέχων,
993 984 1095 1054 τὴν
1180 983 1355 1052 καλὴν
1427 981 1660 1061 ἅμιλλαν
1727 980 2049 1059 ἁμιλλώμε-

401 1094 490 1138 νος
535 1073 684 1153 (29).
721 1073 830 1133 Κᾶν
861 1073 1173 1155 προληφθῇς
1226 1081 1304 1150 τῷ
1360 1075 1543 1154 τάχει,
1577 1074 1646 1143 τῇ
1705 1071 1909 1152 σπουδῇ
1968 1073 2051 1130 νίο

393 1183 564 1228 κησον
641 1166 719 1237 μὴ
781 1166 1101 1244 παρακύψας
1133 1166 1208 1230 εἷς
1265 1166 1325 1222 τὸ
1385 1177 1679 1245 μνημεῖον,
1728 1162 1847 1220 ἀλλ’
1901 1161 2050 1223 ’ἔνδον

398 1255 710 1330 γενόμενος.
750 1254 857 1315 Κᾶν
886 1257 961 1320 ὡς
994 1262 1189 1332 Θωμᾶς
1249 1253 1600 1336 ἂπολειφθῇς,
1659 1259 1769 1311 τῶν
1798 1257 2054 1329 μαθητῶν

399 1346 774 1424 συνηγμένων,
806 1348 897 1412 οἶς
949 1349 1170 1424 Χριστὸς
1215 1347 1589 1426 ιμφανίζεται,
1635 1344 1764 1403 ὅταν
1791 1342 1943 1422 ἴδῃς,
1977 1344 2056 1420 μὴ

399 1434 707 1514 ἀπιστήσῃς
744 1451 758 1467 ·
794 1433 892 1493 κᾶν
924 1436 1251 1516 ἀπιστήσῃς,
1298 1448 1417 1502 τοῖς
1477 1434 1692 1514 λέγουσι
1722 1436 2005 1493 πίστευσον
2035 1448 2051 1465 ⁸

404 1525 449 1601 ei
490 1523 544 1580 δὲ
591 1525 729 1600 μηδέ
772 1527 1004 1601 τούτοις,
1050 1538 1170 1590 τοῖς
1201 1526 1386 1591 τύποις
1418 1533 1526 1584 τῶν
1553 1524 1703 1594 ἥλων
1731 1523 2051 1591 πιστώθητι.

403 1596 513 1672 "Av
545 1596 619 1678 εἷς
652 1614 774 1688 ᾅδου
802 1596 999 1697 κατίῃ,⁷
1038 1614 1384 1694 συγκάτελθε.
1434 1618 1599 1673 Γνὶνθι
1648 1615 1737 1672 καὶ
1778 1615 1846 1670 τὰ
1873 1613 2055 1670 ὶκετσε

399 1705 493 1760 τοῦ
524 1709 750 1782 Χριστοῦ
943 1706 1235 1786 μυστήρια,
1287 1705 1368 1768 τίς
1424 1707 1459 1774 ἦ
1488 1704 1766 1780 οἰκονομία
1809 1709 1907 1771 τῆς
1966 1701 2053 1759 δι-

2135 528 2395 591 Verbum
2424 549 2731 606 venerare,
2758 551 2877 594 non
2907 541 3104 595 autem
3141 552 3346 597 maere.
3375 533 3545 598 Novit
3570 537 3730 599 enim
3754 528 3790 600 ε

2133 619 2348 699 quibus
2377 621 2630 701 primum
2661 621 3123 702 conspiciendus
3174 624 3271 685 sit.
3305 623 3790 690 Resurrectionis

2133 709 2461 772 encaauiuu.
2512 712 2751 775 celebra
2782 730 2798 786 ;
2832 717 2965 777 Evee
3009 732 3318 787 succurre,
3352 734 3484 796 quae
3532 717 3786 798 primum

2133 799 2317 880 lapsa,
2331 801 2494 882 prior
2507 821 2747 883 quoque
2765 803 3064 867 Christum
3081 804 3455 882 salutavit,ac
3474 805 3791 888 discipulis

2135 889 2437 952 indicavit.
2483 894 2723 954 Petrum
2755 893 2847 954 vel
2875 895 3165 956 Joannem
3199 894 3455 978 imitare,
3476 896 3550 959 ad
3582 899 3789 978 sepul-

2134 999 2301 1041 crum
2324 999 2596 1062 pr0pera,
2622 983 2803 1046 simul
2830 1002 2898 1044 ac
2928 985 3202 1046 certatim
3235 1003 3487 1049 currens
3505 988 3592 1069 87,
3613 997 3794 1066 atque

2136 1070 2384 1131 honesta
2406 1072 2784 1134 aemulatione
2811 1073 3382 1148 contendens.Quod
3409 1077 3456 1137 si
3480 1078 3793 1142 celeritate

2133 1162 2762 1239 antevertaris,studio
2788 1163 3110 1245 vince,non
3142 1165 3427 1228 inclinato
3451 1186 3702 1248 corpore
3724 1167 3785 1228 in

2141 1263 2594 1313 mouumentum
2621 1253 3062 1334 introspiciens,
3093 1257 3194 1318 sed
3222 1255 3282 1317 in
3306 1255 3503 1336 ipsum
3527 1257 3788 1337 ingredi-

2143 1359 2270 1402 ens.
2294 1341 2459 1414 Quod
2488 1343 2559 1423 si,
2593 1343 2840 1407 Thema;
2861 1344 3068 1422 instar,
3089 1363 3123 1406 a
3146 1355 3300 1408 caatu
3327 1346 3788 1426 discipulorum,

2140 1431 2358 1510 quibus
2380 1433 2653 1513 apparuit
2673 1434 2965 1508 Christus,
2994 1433 3670 1518 abfueris,posteaquam
3695 1437 3786 1498 vi-

2139 1521 2301 1582 deris
2326 1523 2493 1597 88,ne
2515 1524 2603 1586 rei
2627 1525 2803 1586 ﬁdem
2828 1525 3104 1606 abroges.
3133 1524 3302 1598 Quod
3320 1527 3368 1588 si
3388 1526 3448 1588 id
3475 1527 3580 1589 tibi
3606 1526 3786 1590 ﬁdem

2141 1631 2258 1672 non
2281 1611 2443 1687 facit,
2469 1613 2851 1677 narrantibus
2881 1615 3090 1677 saltem
3124 1615 3326 1678 crede.
3352 1616 3414 1679 Si
3437 1635 3514 1680 ne
3534 1617 3629 1679 his
3650 1616 3786 1698 qui-

2141 1703 2214 1762 de
2229 1725 2276 1760 m
2291 1711 2369 1782 ,at
2391 1711 2554 1765 certe
2576 1705 2876 1767 clavorum
2891 1706 3390 1785 impressionibus
3411 1707 3587 1770 ﬁdem
3611 1706 3786 1771 habe.

401 1792 544 1861 πλῆς
579 1794 949 1870 καταϐάσεως,
984 1797 1062 1861 τίς
1095 1799 1123 1853 6
1167 1795 1329 1875 λόγος
1365 1814 1378 1828 ·
1417 1794 1598 1854 ἁπλῶς
1649 1795 1806 1865 σώζει
1849 1793 2054 1857 πάντας

2151 1790 2204 1853 Si
2230 1793 2286 1853 in
2316 1792 2610 1856 infernum
2630 1794 2977 1868 descendat,
2997 1796 3172 1858 Simul
3196 1797 3520 1860 descende.
3546 1796 3629 1860 Ea
3649 1816 3793 1878 quo—

396 1882 693 1962 ὶπιφανεὶς,
718 1885 755 1954 ἢ
786 1900 947 1943 iuer
975 1887 1098 1952 τοὺς
1132 1886 1486 1949 πιστεύοντας
1519 1883 1675 1965 (31).

2077 1873 2116 1924 Β
2141 1903 2256 1962 quo
2282 1886 2561 1965 mysteria
2585 1903 2903 1968 cognosce,
2924 1905 3058 1964 quae
3082 1887 3349 1951 Christus
3373 1886 3493 1949 illic
3517 1873 3792 1969 designa-

395 1971 503 2054 vit,
535 1973 694 2051 quod
728 1974 984 2055 duplicis
1013 1975 1343 2038 descensus
1373 1973 1718 2050 consilium,
1755 1990 1890 2056 quae
1928 1972 2086 2037 ratio
2118 1974 2301 2035 fuerit
2331 1994 2343 2038 :
2376 1978 2819 2055 utrumfomnes
2849 1977 2980 2040 sine
3010 1977 3129 2040 ulla
3160 1977 3514 2059 exceptione
3537 1977 3793 2041 adventu

397 2081 504 2124 suo
533 2064 723 2127 salvos
745 2063 977 2147 fecerit,
1004 2084 1078 2127 an
1103 2065 1224 2128 illic
1251 2083 1490 2147 quoque
1522 2064 1831 2142 duntaxat,
1863 2062 1968 2146 qui
1997 2064 2403 2127 crediderunt.

483 2153 614 2219 κε’,
673 2155 781 2214 Κᾶν
861 2159 935 2220 εἱς
992 2158 1240 2236 οὖρανοὺς
1320 2156 1465 2237 ἀνίῃ,
1525 2154 1806 2214 συνάνελθε
1842 2171 1856 2186 ⁸
1909 2163 2066 2234 γενοῦ

405 2246 542 2318 μετὰ
598 2252 704 2302 τῶν
766 2248 1233 2325 παραπεμπόντων
1292 2245 1561 2326 ἀγγέλων,
1615 2244 1653 2314 ἢ
1686 2245 1793 2303 τῶν
1821 2241 2062 2326 δεχομέ-

400 2356 523 2390 νων.
597 2337 847 2410 Ἀρθῆναι
906 2349 1030 2399 ταῖς
1090 2333 1282 2401 πύλαις
1354 2334 1713 2407 διακέλευσαι,
1783 2332 2058 2406 ὑψηλοτέ-

399 2447 514 2503 ραις
569 2425 836 2504 γενέσθαι,
881 2423 959 2481 ⁹ίν⁹
1018 2425 1080 2482 ἔκ
1137 2435 1234 2485 τοῦ
1287 2423 1422 2506 (32)
1480 2428 1673 2482 παθεῖν
1726 2421 2057 2503 ὑψηλότερον

403 2512 676 2581 δέξωνται.
732 2515 1044 2595 Ἀπόκριναι
1090 2527 1209 2579 τοῖς
1239 2513 1497 2592 ἀποροῦσι
1531 2511 1616 2570 διὰ
1666 2514 1728 2570 τὸ
1752 2519 1933 2588 σῶμα,
1971 2513 2057 2572 καὶ

403 2605 472 2663 τὰ
515 2612 607 2662 τοῦ
639 2606 842 2668 Πάθους
892 2602 1154 2680 σύμϐολα,
1210 2607 1296 2667 οἷς
1351 2604 1428 2678 μὴ
1460 2601 1731 2660 κατελθὼν
1765 2600 1890 2683 (33)
1924 2623 2055 2658 συν-

405 2693 714 2774 ανὲρχεται,
768 2695 857 2750 καὶ
914 2691 1000 2750 διὰ
1032 2701 1186 2751 τοῦτο
1244 2692 1662 2768 πυνθανομένοις
1698 2707 1713 2724 ⁸
1767 2693 1859 2757 Τίς
1911 2691 2057 2749 ἑστιν

409 2782 557 2847 οὗτος
614 2785 642 2839 6
698 2782 948 2860 βασιλεὺς
1003 2782 1100 2851 τῆς
1145 2780 1354 2863 δόξηςς
1414 2781 1497 2838 ὅτι
1568 2790 1754 2862 Κύριος
1811 2784 2064 2861 κραταιὸς

413 2873 499 2927 καὶ
530 2869 749 2934 δυνατὸς
803 2871 860 2930 ἂν
917 2874 1045 2929 πᾶσί
1100 2894 1159 2930 τε
1216 2885 1303 2938 οτς
1333 2872 1413 2929 ἀεὶ
1443 2871 1734 2953 πεποίηκε,
1768 2873 1857 2929 καὶ
1886 2885 2060 2946 ποιεῖ,

2228 2155 2366 2216 865
2387 2156 2562 2219 XXV.
2585 2155 2646 2220 Si
2670 2158 2730 2219 in
2751 2159 2936 2224 caelos
2955 2158 3262 2236 ascendat,
3289 2159 3466 2222 simul
3491 2160 3751 2222 ascende
3777 2182 3790 2219 :

2147 2246 2567 2310 comitantibus
2596 2247 2689 2310 vel
2718 2248 3152 2330 excipientibus
3177 2249 3407 2330 angelis
3433 2258 3490 2312 te
3510 2249 3791 2332 adjunge.

2144 2335 2244 2397 Ροι
2263 2336 2361 2409 tis,
2396 2346 2462 2397 ut
2489 2337 2835 2400 attollantur
2863 2339 2928 2389 89
2955 2357 3024 2401 ac
3051 2338 3434 2402 sublimiores
3479 2340 3644 2414 ﬁant,
3672 2340 3795 2401 im-

2145 2443 2311 2506 pera,
2338 2444 2456 2506 quo
2481 2443 2515 2486 a
2537 2426 2814 2505 passione
2836 2426 3248 2493 sublimiorem
3273 2428 3535 2510 capiant.
3561 2428 3798 2513 His,qui

2145 2524 2387 2595 propter
2415 2533 2633 2596 corpus
2653 2525 2713 2576 et
2737 2514 3039 2578 Passionis
3061 2516 3395 2597 signa,quze
3413 2517 3474 2579 in
3499 2518 3799 2583 descensu

2140 2622 2258 2664 non
2287 2603 2487 2678 allata,
2513 2622 2718 2666 secum
2751 2606 3086 2668 ascendens
3117 2607 3269 2688 tulit,
3297 2617 3499 2669 mente
3528 2607 3710 2670 dubia
3741 2620 3802 2673 et

2145 2693 2390 2773 ancipiti
2423 2702 2580 2774 sunt,
2610 2703 2788 2775 atque
2815 2695 2954 2758 ideo
2986 2704 3455 2776 percunctantur
3483 2717 3499 2758 :
3537 2697 3683 2772 Quis
3709 2699 3800 2761 est

2147 2785 2260 2845 iste
2284 2783 2414 2845 Rea:
2428 2786 2648 2860 gloriae
2666 2783 2689 2846 ?
2706 2785 3030 2866 Responde
3055 2806 3071 2847 :
3101 2786 3393 2849 Dominus
3413 2788 3594 2864 fortis
3614 2793 3672 2849 et
3690 2804 3798 2868 p0-

2149 2882 2278 2935 tens
2297 2875 2384 2948 90,
2423 2883 2543 2935 tum
2577 2874 2636 2935 in
2667 2873 2742 2936 iis
2771 2875 3077 2952 omnibus,
3108 2893 3241 2956 quas
3271 2893 3516 2957 semper
3543 2876 3713 2953 fecit,
3741 2886 3799 2941 et

407 2963 601 3035 καὶτῷ
647 2965 733 3016 νῦν
779 2960 1002 3040 πολέμῳ
1052 2965 1143 3020 καὶ
1197 2964 1435 3041 τροπαίῳ
1479 2962 1725 3043 περὶτῆς
1781 2961 2057 3042 ἀνθρωπό-

2151 2964 2305 3033 facit,
2341 2971 2467 3028 tum
2501 2964 2559 3025 in
2601 2965 2878 3045 praesenti
2927 2964 3086 3029 bello
3116 2985 3186 3029 ac
3240 2974 3483 3046 tropaeo,
3518 2985 3624 3047 pro
3677 2967 3796 3030 hu-

407 3073 571 3119 τητος
606 3067 623 3082 ⁸
658 3053 746 3108 καὶ
775 3052 864 3119 δὸς
894 3057 971 3128 τῷ
1001 3051 1171 3128 δίπλῳ
1198 3058 1297 3121 τῆς
1356 3053 1670 3132 ἐρωτήσεως
1711 3049 1906 3121 διπλῆν
1963 3053 2057 3121 τὴν

2151 3074 2322 3117 mana
2348 3063 2554 3117 natura
2596 3063 2796 3117 erecto
2823 3076 2839 3138 ;
2862 3072 2933 3120 ac
2959 3055 3186 3136 duplici
3224 3055 3674 3136 interrogationi
3695 3074 3795 3119 re-

412 3141 714 3227 απόκρισιν,
752 3142 860 3202 Κᾶν
915 3144 1211 3218 θυμάζωσι,
1264 3141 1511 3223 λέγοντες
1559 3141 1713 3224 (34),
1774 3143 1912 3201 κατὰ
1965 3144 2057 3212 τὴν

2151 3165 2431 3225 sponsum
2461 3146 2676 3227 duplex
2704 3145 2997 3226 repende.
3024 3145 3192 3220 Quod
3217 3145 3628 3220 si,secundum
3652 3146 3796 3209 dra-

406 3221 636 3289 ’Πσιῖου
679 3231 1102 3311 δραματοτργίαν
1135 3231 1264 3310 (35)
1296 3249 1310 3264 ⁸
1345 3221 1436 3298 Τίς
1465 3221 1618 3299 οὗτος
1665 3221 1703 3290 6
1761 3233 2060 3312 παραγενό-

404 3343 565 3396 μενος
611 3321 664 3388 ἐξ
695 3320 899 3402 Ἐδὼμ,
932 3325 1020 3379 καὶ
1053 3329 1161 3380 τῶν
1208 3325 1410 3403 γηίνων
1447 3342 1464 3397 ;
1507 3323 1567 3399 ἢ,
1613 3323 1736 3389 Πῶς
1766 3323 1951 3402 ἐρυθρὰ
1995 3323 2060 3380 τὰ

400 3413 590 3487 ἱμάτια
633 3419 726 3469 τοῦ
756 3412 978 3488 ἀναίμου
1023 3415 1112 3470 καὶ
1142 3412 1452 3489 ἀσωμάτου,
1501 3415 1575 3477 ὡς
1619 3411 1939 3492 ληνοϐάτου,
1972 3414 2062 3469 καὶ

408 3501 593 3582 πλήρη
647 3502 814 3570 ληνὸν
863 3505 1246 3584 πατήσαντοςς
1307 3501 1578 3582 προϐαλοῦ
1625 3503 1688 3561 τί)
1733 3504 1934 3582 ὡραῖον
1959 3505 2060 3570 τῆς

410 3593 610 3660 στολῆς
654 3604 746 3652 τοῦ
783 3595 1109 3658 πεπονθότος
1169 3594 1442 3675 σώματος,
1505 3599 1582 3667 τῷ
1638 3593 1799 3652 Πάθει
1855 3591 2062 3650 καλλω-

403 3683 704 3749 πισθίντος,
765 3685 854 3741 καὶ
896 3690 965 3760 τῇ
1023 3683 1252 3752 Θεότητι
1306 3682 1756 3764 λαμπρυνθέντος,
1801 3682 1867 3751 ἧς
1911 3679 2062 3739 οὒδὶν

404 3773 848 3853 δρατιμιώτερον,
881 3773 996 3830 οὐδὲ
1026 3774 1370 3854 ὢραιότερον.

493 4042 648 4118 KQ".
684 4043 825 4122 Πρὸς
849 4044 1014 4099 ταῦτα
1043 4041 1094 4098 τί
1120 4063 1279 4120 φασιν
1309 4044 1445 4118 ἡμῖν
1475 4045 1521 4100 οἱ
1552 4061 1879 4120 συκοφανται
1905 4035 2067 4120 (36),

2147 3237 2604 3314 maticamillam
2619 3237 2780 3316 apud
2793 3236 3004 3300 Isaiam
3021 3257 3408 3318 personarum
3425 3238 3795 3320 loquentium

2145 3326 2980 3406 inductionem,admiratione
3002 3329 3208 3402 deﬁxi,
3231 3328 3510 3392 dixerint:
3543 3330 3690 3406 Quis
3708 3336 3800 3394 est

2144 3418 2392 3496 ἰδία,ᾳυὶ
2419 3418 2494 3478 de
2515 3417 2735 3492 Edam,
2755 3417 3060 3498 rebusque
3085 3420 3342 3482 terrenis
3365 3423 3533 3484 venit
3550 3420 3604 3471 9‘
3623 3419 3654 3480 ?
3675 3427 3794 3496 aut,

2148 3507 2457 3580 Quomodo
2482 3506 2662 3569 rubra
2685 3514 2823 3569 sunt
2853 3508 3006 3590 ejus,
3033 3507 3135 3586 qui
3158 3509 3466 3588 sanguinis
3485 3529 3554 3571 ac
3575 3528 3795 3591 corpo-

2147 3597 2229 3658 ris
2271 3615 2482 3679 expers
2513 3606 2625 3673 est,
2650 3599 3026 3674 vestimenta,
3050 3617 3168 3660 non
3201 3618 3374 3662 secus
3402 3619 3473 3663 ac
3506 3600 3797 3678 vinitoris,

2147 3685 2251 3763 qui
2309 3687 2569 3749 torcular
2628 3688 2868 3769 plenum
2917 3688 3284 3754 calcaverit?
3316 3690 3482 3752 stolze
3531 3691 3800 3771 corporis

2149 3776 2301 3854 passi
2335 3777 2845 3856 pulchritudinem
2879 3797 2950 3840 ex
2977 3778 3224 3841 adverso
3249 3779 3472 3860 profer,
3500 3779 3659 3861 quod
3695 3798 3802 3859 per

2154 3865 2495 3928 Passionem
2517 3874 2866 3929 exornatum
2890 3877 3076 3946 est,ac
3100 3887 3206 3949 per
3227 3870 3667 3950 Deitatem,qua
3688 3888 3802 3931 nec

2149 3955 2469 4017 amabilius
2492 3957 2848 4038 quidquam,
2883 3976 2995 4021 nec
3027 3958 3357 4038 pulchrius,
3393 3958 3796 4039 exsplenduit.

2232 4044 2438 4110 XXVI.
2478 4045 2629 4118 Quid
2679 4048 2754 4109 ad
2799 4048 2926 4111 haec
2961 4048 3134 4112 nobis
3162 4050 3542 4130 sycophanta:
3571 4049 3798 4125 dicunt,

410 4133 459 4189 οι
489 4133 669 4211 πικροὶ
731 4135 828 4201 τῆς
890 4129 1154 4198 Θεότητος
1214 4129 1481 4212 λογισταὶ,
1540 4135 1588 4189 οἱ
1635 4131 1923 4209 κατήγοροι
1966 4135 2057 4221 tibi

2151 4137 2380 4210 acerbi,
2407 4136 2675 4218 inquam,
2700 4138 2795 4200 isti
2821 4138 3157 4202 Divinitatis
3187 4129 3576 4221 eXpensores,
3599 4157 3803 4202 rerum

405 4222 832 4299 ὶπαινουμὲνων,
868 4225 914 4279 οἱ
965 4222 1226 4278 σκοτεινοὶ
1255 4223 1374 4302 περὶ
1403 4223 1465 4279 τὸ
1523 4227 1660 4303 φῶς,
1707 4222 1754 4278 οἱ
1795 4221 1914 4299 περὶ
1971 4220 2070 4288 τὴν

2154 4229 2538 4289 honestarum
2555 4237 2615 4290 et
2630 4229 3016 4292 laudabilium
3037 4234 3700 4311 reprehensores,circa
3718 4230 3805 4292 lu-

409 4313 598 4393 σοφίαν
630 4297 960 4387 άπαίδευτοι,
995 4310 1127 4390 ὑπὲρ
1155 4309 1231 4366 ὧν
1284 4297 1506 4390 Χριστὸς
1538 4297 1763 4391 ’δωρεὰν
1811 4297 2057 4391 ιιὶειτέθεινε¹

2154 4335 2280 4377 cem
2310 4317 2634 4392 tenebrosi,
2663 4318 2824 4380 circa
2843 4297 3194 4400 sapientiam
3223 4297 3644 4400 imperitiipro
3666 4321 3804 4401 qui-

402 4404 469 4459 τὰ
533 4402 802 4482 ἆχάριστα
844 4404 1137 4477 κτίσματα,
1189 4401 1255 4458 τὰ
1283 4407 1380 4459 τοῦ
1427 4409 1666 4481 πονηροῦ
1721 4399 2062 4475 πλάσματας

408 4500 574 4552 Τοῦτο
621 4491 873 4570 ἄγκαλετς
936 4496 1054 4566 Θεῷ
1109 4492 1210 4560 τὴν
1252 4493 1598 4572 εὖεργεσίανς
1660 4489 1746 4547 διὰ
1773 4496 1929 4547 τοῦτο
1971 4513 2066 4566 μι-

403 4583 552 4660 κρὸς,
619 4580 701 4639 ὅτι
764 4579 848 4638 διὰ
908 4581 964 4638 ei
1018 4581 1272 4643 ταπεινός
1304 4600 1321 4656 ς
1354 4579 1436 4638 ὅτι
1467 4581 1553 4638 ἰπὶ
1602 4583 1664 4640 τὸ
1715 4580 2066 4656 πλανώμενον

404 4671 565 4740 ἦλθεν
624 4670 659 4728 ὅ
705 4671 913 4746 Ποιμὴν
959 4673 987 4728 6
1036 4669 1225 4751 καλὸς,
1287 4674 1316 4729 6
1373 4672 1529 4738 τιθεὶς
1586 4671 1686 4739 τὴν
1719 4670 1904 4752 ψυχὴν
1935 4671 2067 4750 ὑπὲρ

404 4763 511 4820 τῶν
547 4759 854 4843 προϐάτων,
891 4760 977 4819 ἐπὶ
1017 4762 1084 4818 τὰ
1131 4759 1230 4842 ὅρη
1271 4762 1359 4819 καὶ
1405 4762 1526 4825 τοὺς
1568 4761 1810 4839 βουνοὺς,
1866 4757 1951 4841 ἂρ’
1993 4763 2067 4816 ὧν

2153 4407 2263 4468 bus
2282 4408 2551 4470 Christus
2569 4409 2752 4486 gratis
2769 4419 3042 4472 mortuus
3064 4416 3179 4490 est,
3206 4410 3471 4490 ingratiis
3492 4419 3804 4484 creaturae,

2156 4499 2320 4578 pravi
2342 4498 2502 4559 illius
2529 4499 2810 4578 ﬁgmenta
2833 4499 2857 4563 ’ἰ
2877 4500 3112 4562 Siccine
3147 4502 3268 4564 Deo
3299 4499 3658 4561 beneﬁcium
3682 4500 3805 4561 cri-

2155 4587 2301 4649 mini
2339 4588 2520 4650 vertis
2546 4596 2572 4653 ?
2594 4588 2758 4651 Eone
2781 4608 2997 4671 parvus
3025 4597 3136 4662 est,
3164 4590 3300 4671 quia
3325 4597 3567 4670 propter
3600 4597 3657 4650 te
3687 4589 3805 4652 hu-

2155 4677 2482 4757 milis,quia
2504 4680 2575 4740 ad
2601 4698 2769 4741 ovem
2795 4689 3095 4741 errantem
3125 4679 3318 4742 bonus
3342 4679 3443 4740 ille
3468 4681 3678 4743 Pastor
3699 4698 3804 4741 ve-

2153 4771 2259 4844 nit,
2286 4767 2546 4830 animam
2568 4787 2735 4831 suam
2755 4789 2860 4850 pro
2882 4769 3093 4832 ovibus
3116 4788 3345 4851 ponens
3367 4769 3447 4846 99,
3472 4769 3546 4831 ad
3571 4779 3808 4834 montes

485 4897 743 4959 881mm.
779 4913 879 4970 xx,
923 4896 1016 4961 l7.
1099 4895 1165 4946 87
1195 4893 1320 4957 ibid
1375 4895 1438 4957 2.
1521 4895 1588 4946 88
1615 4893 1764 4957 ibid.
1797 4891 1879 4958 24
1903 4910 2037 4975 sqq.
2123 4891 2187 4942 89
2219 4891 2376 4953 Psal.
2407 4906 2580 4965 χχιιι,
2611 4892 2673 4968 7,
2708 4893 2767 4956 9.
2815 4892 2881 4943 90
2910 4891 3054 4956 ibid.
3088 4893 3149 4955 8.
3194 4891 3244 4937 9|
3277 4890 3390 4955 Isa.
3415 4907 3583 4972 Lxm,
3611 4892 3638 4953 1
3666 4911 3805 4974 sqq.

407 4977 667 5041 mloan.
701 4979 892 5054 x,il.

483 5100 617 5179 (27)
653 5105 733 5176 τῇ
762 5098 976 5179 πρώτῃ.
996 5095 1109 5179 _Sic
1138 5096 1322 5179 codd.
1346 5095 1528 5179 Deest
1556 5103 1623 5177 τῇ
1655 5095 1717 5160 in
1749 5095 1852 5160 ed.

492 5177 624 5258 (28)
653 5177 873 5258 Πέτρος,
908 5179 967 5248 ἢ.
995 5177 1063 5242 In
1091 5178 1424 5252 nonnullis,
1459 5178 1682 5259 Πέτρος,
1705 5180 1821 5240 καί.

522 5260 623 5339 ’29)
659 5260 1067 5336 Αμιλλώμινος,
1094 5259 1201 5326 Or.
1237 5261 1294 5336 1,
1331 5259 1723 5339 (ἁμιλλώμενοιἐ

2235 5097 2356 5172 (35)
2388 5095 2843 5175 Δραματουργίαν.
2889 5094 3211 5175 Gregorius
3240 5094 3339 5158 hic
3373 5112 3492 5156 non
3524 5093 3808 5175 intelligit

2156 5175 2358 5257 falsam
2392 5173 2913 5257 compositionem,
2946 5173 3152 5257 quales
3182 5184 3323 5257 sunt
3351 5183 3520 5236 actus
3552 5173 3806 5257 (abuiusi

2156 5255 2371 5338 quibus
2394 5254 2732 5338 dramatica
2752 5254 3026 5338 poemata
3054 5254 3588 5338 conﬁciunturzsed
3617 5273 3807 5338 genus

662 5335 911 5419 Χριστοῦ.
940 5341 1090 5421 Reg.
1129 5339 1194 5425 b,
1218 5335 1336 5403 duo
1369 5335 1543 5406 Colb.
1593 5347 1654 5403 et
1680 5337 1785 5404 0r.
1822 5337 1881 5420 1,
1914 5345 2071 5414 θεοῦ,
2157 5335 2459 5430 scribendi
2491 5337 2574 5430 ita
2599 5335 2932 5430 institutum
2946 5336 3691 5430 ,utpersonas‘loquentes
3707 5335 3805 5398 ha-

417 5446 442 5478 ·
481 5421 614 5486 Dei.
652 5440 682 5482 ›

607 5501 636 5582 )
650 5504 1040 5585 βιοτεύοντας.
1075 5503 1142 5585 In
1156 5500 1554 5585 quibusdam,
1565 5502 1988 5585 πιστεύσαντας.

647 5581 757 5644 ”Ιν’
788 5584 850 5665 lx
868 5591 983 5665 τοῦ.
1018 5581 1287 5665 Οοίξ1ξ1,
1317 5583 1411 5642 ’ίνα
1439 5582 1762 5665 τὸνὲκγτοῠ.

663 5664 966 5725 Κατελθών.
996 5663 1180 5745 cois].
1213 5662 1282 5738 1,
1303 5664 1701 5745 συγνιατελθών.

420 5824 482 5883 λι
504 5744 627 5824 (34)
686 5746 1000 5821 Θαυμάζωσι
1073 5744 1342 5827 λέγοντες.
1386 5744 1600 5811 'Savil.
1627 5794 1645 5827 ,
1713 5745 2067 5823 θαυμάζοντες

483 5846 642 5883 vum.

483 5846 642 5905 γωσι.

2158 5417 2291 5479 beat
2324 5418 2826 5496 quemadmodum
2860 5418 2921 5480 in
2944 5417 3110 5480 Isaia
3138 5417 3332 5481 verbis
3361 5417 3680 5480 habentur.

2240 5499 2365 5578 (36)
2438 5499 2570 5581 [lpoc
2640 5499 2802 5556 ταῦτα
2873 5506 2945 5581 τί,
2988 5523 3144 5581 φασιν
3215 5502 3360 5581 ἡμῖν,
3420 5500 3466 5556 οἱ
3535 5496 3805 5581 συκοφάν-

2157 5604 2268 5658 ται,
2296 5579 2576 5662 ,ειεεΗωο
2599 5588 2658 5662 et
2677 5579 3208 5662 sequentia'usque
3237 5579 3312 5642 ad
3336 5580 3516 5641 ﬁnem
3537 5579 3668 5640 fere
3698 5595 3805 5662 nu-

2160 5654 2310 5723 meri
2361 5660 2461 5736 29,
2521 5659 2703 5723 verbo
2755 5654 2828 5722 ad
2878 5654 3129 5724 verbum
3186 5669 3531 5725 mutuantur
3577 5676 3648 5723 ex
3701 5654 3804 5722 0r.

2154 5757 2395 5822 xxxviii,
2429 5760 2592 5805 num.
2635 5744 2706 5806 14
2736 5749 2797 5804 et
2825 5743 2922 5804 t5.
