4138 6426
250 324 375 391 681
1339 315 1706 391 LITURGlA
1752 327 1812 394 S.
1858 321 2226 395 GRIGORII
2276 322 2616 403 COPTICA.
3579 324 3701 396 682

243 458 468 536 igneas
518 455 608 520 Tu
627 475 691 520 es
709 457 862 538 ignis
877 474 1245 525 consumens
1263 481 1368 544 per
1386 463 1752 525 divinitatem
1773 471 1958 537 luam,
1986 480 2022 519 Α
2049 481 2253 525 eorum
2289 464 2390 546 qui
2436 472 2573 526 sunt
2602 461 2957 528 invisibiles.
3007 464 3382 529 Connumera
3405 487 3512 530 nos
3542 469 3699 532 inter

248 555 535 627 propter
566 547 956 627 splendorem
991 558 1154 613 tuum
1180 552 1574 629 ineffabilem,
1599 567 1659 615 et
1687 571 1954 616 amorem
2041 561 2359 634 potestates
2411 555 2706 632 cmlestes,
2741 564 2805 615 ut
2849 554 3122 616 dicamus
3176 574 3308 618 cum
3361 555 3500 629 illis,
3534 558 3693 638 abji-

249 644 442 725 tuum
470 655 615 717 erga
640 638 939 702 homines.
971 639 1102 704 Non
1125 642 1658 725 combussisti,nec
1682 641 1955 724 repulisti
2038 644 2263 704 cientes
2283 663 2493 706 omnes
2512 645 2903 724 cogitationes
2921 645 3209 707 absurdas
3227 652 3287 708 et
3305 646 3697 720 inutiles,c|a-

250 723 736 790 fraudulentum
772 730 1149 804 traditorem,
1185 753 1319 795 curn
1352 723 1606 796 accessit
1633 733 1705 795 ad
1737 723 1817 808 te,
1849 731 1953 793 sed
2041 750 2392 813 memusque
2425 734 2579 794 idem
2601 723 2770 814 quod
2803 735 2887 796 illi
2921 734 3128 796 dicunt
3148 735 3490 798 incessabili
3519 755 3692 814 voce,

253 814 592 906 osculatus
614 834 679 879 es
702 836 838 880 eum
869 819 1075 884 osculo
1100 822 1375 898 amici,ut
1400 823 1667 884 traberes
1688 822 1857 884 illum
1881 820 1954 883 ad
2038 830 2214 902 atque
2239 842 2343 884 ore
2364 823 2752 905 indesinenti,
2775 823 3208 886 henedicamus
3226 826 3694 906 magnitudinem

257 905 733 988 paenitentiam,
767 917 826 969 et
863 909 938 970 ad
971 912 1238 974 audaciae
1277 931 1400 974 suae
1429 912 1816 992 agnitionem.
1848 910 1956 974 Di-
2046 919 2226 973 tuam.

255 1013 426 1074 gnos
447 995 546 1057 fac
576 1014 709 1077 nos,
737 996 1086 1077 Domine,in
1108 1002 1222 1064 hac
1245 1003 1390 1064 hora
1414 1001 1686 1077 terribili,
1716 1009 1782 1064 ut
1806 1019 1958 1063 una-
2129 1001 2459 1064 Diaconus.
2495 1003 2582 1064 Ad
2615 1004 2906 1065 orientem
2937 1003 3205 1082 aspicite.

257 1083 396 1145 nim
410 1103 486 1146 es
518 1085 744 1167 absque
764 1087 1112 1169 duplicitate
1131 1091 1355 1173 cordis,
1377 1092 1731 1172 caeterisque
1753 1089 1959 1171 nequi—
2120 1089 2438 1153 Sacerdos.
2466 1092 2551 1154 Tu
2574 1110 2640 1152 es
2669 1092 2829 1153 enim
2865 1093 2956 1153 cui
2989 1092 3275 1154 assistunt
3301 1094 3611 1158 cherubim
3643 1105 3702 1158 et

260 1173 394 1254 tiis,
428 1174 766 1237 salutemus
789 1177 1047 1243 invicem
1068 1180 1129 1242 in
1159 1182 1364 1244 osculo
1383 1190 1593 1244 sancto
1621 1202 1637 1242 :
1662 1189 1721 1243 et
1748 1198 1824 1242 ne
1849 1198 1958 1242 nos
2039 1180 2339 1258 seraphim
2375 1181 2536 1242 senis
2567 1180 2703 1242 aliis
2734 1181 3010 1242 instructi
3039 1201 3052 1242 :
3081 1199 3184 1244 sex
3213 1181 3321 1244 ala:
3353 1183 3475 1254 uni,
3505 1193 3564 1246 et
3589 1201 3700 1247 sex

260 1263 582 1343 projicias
612 1264 672 1325 in
693 1265 1020 1349 judicium,
1045 1270 1095 1331 si
1126 1271 1325 1332 minus
1349 1271 1611 1352 perfecte
1637 1270 1839 1332 mundi
1863 1269 1951 1332 si-
2040 1269 2146 1328 alae
2174 1268 2348 1330 alteri
2378 1287 2391 1331 :
2428 1270 2661 1331 duabus
2690 1271 2797 1331 alis
2828 1270 3026 1331 vriant
3056 1271 3239 1334 facies
3273 1291 3434 1353 suas,
3469 1273 3701 1338 duabus

260 1371 437 1434 mus,
472 1370 673 1435 neque
705 1358 854 1417 sicut
884 1358 1172 1438 placitum
1203 1361 1560 1424 estbonitati
1589 1369 1724 1436 tuae,
1754 1377 1787 1421 a
1809 1361 1955 1421 faece
2037 1364 2237 1436 tegunt
2268 1359 2449 1438 pedes
2475 1370 2704 1432 suos,et
2726 1359 2956 1421 duabus
2979 1359 3198 1422 volant:
3231 1360 3559 1427 clamantes
3585 1381 3704 1442 que

266 1445 556 1523 peccati,
581 1462 615 1505 a
641 1445 932 1525 nequitia,
957 1456 1017 1508 et
1046 1450 1351 1512 mortifera
1380 1450 1732 1530 injuriarum
1752 1468 1953 1512 recor-
2037 1445 2189 1507 alter
2216 1450 2286 1508 ad
2315 1450 2592 1524 alterum,
2620 1450 2827 1510 dicunt
2847 1449 3127 1529 hymnum
3154 1453 3582 1530 tryumphalem
3608 1469 3705 1513 sa-

267 1532 579 1598 datione:
609 1535 715 1596 sed
753 1545 809 1596 tu
843 1556 951 1617 per
971 1538 1336 1602 ineffabilem
1361 1541 1744 1602 clementiam
1769 1549 1951 1616 tuam,

263 1621 380 1703 qui
416 1625 582 1684 nosti
611 1624 1107 1701 imbecillitatem,
1135 1638 1193 1691 et
1222 1629 1685 1710 propensionem
1717 1630 1790 1691 ad
1813 1629 1963 1691 infe-

263 1716 446 1776 riora
474 1715 746 1795 ﬁgmenti
774 1721 983 1799 nostri,
1012 1719 1145 1781 dele
1167 1739 1377 1782 omnes
1403 1722 1667 1784 maculas
1694 1729 1957 1802 peccato-

266 1823 415 1866 rum
464 1813 838 1884 nostrorum,
873 1815 939 1868 ut
968 1827 1086 1870 non
1118 1809 1196 1870 sit
1247 1808 1421 1871 nobis
1455 1811 1512 1872 in
1558 1811 1852 1891 judicium
1904 1819 1961 1873 et

260 1894 864 1960 condemnationem
901 1898 1013 1959 hoc
1055 1900 1407 1978 mysterium
1444 1900 1764 1963 divinitatis
1813 1908 1951 1962 tuae.

263 1981 361 2046 Tu
391 1984 568 2047 enim
604 1994 820 2066 potens
851 2005 916 2049 es
948 1987 1158 2050 tollere
1209 1999 1452 2070 peccata
1493 1991 1716 2066 omnia,
1752 1999 1812 2053 et
1840 2009 1952 2052 au-

265 2073 444 2136 ferre
465 2074 794 2154 injustitias
809 2084 869 2138 et
881 2076 1221 2158 iniquitates
1236 2079 1545 2140 hominum
1565 2080 1950 2159 miserorum,

267 2172 330 2225 tu
357 2164 474 2244 qui
499 2183 716 2244 purgas
737 2173 919 2228 totum
945 2168 1231 2229 mundum
1261 2177 1356 2229 :et
1381 2177 1435 2230 te
1455 2167 1632 2232 decet
1648 2169 1951 2248 gloriﬁca-

269 2253 382 2335 tio,
424 2272 555 2316 uno
587 2273 713 2331 ore,
746 2265 805 2317 et
835 2255 909 2318 ab
938 2276 1322 2338 unoquoque,
1356 2259 1683 2336 veneratio,
1719 2257 1950 2337 magni-

267 2343 540 2405 ﬁcentia
562 2353 623 2405 et
653 2345 920 2408 adoratio
950 2365 1084 2408 cum
1120 2346 1289 2408 Patre
1325 2354 1422 2409 tuo
1455 2347 1612 2409 bono
1644 2358 1702 2409 et
1729 2346 1951 2428 Spiritu

270 2441 502 2497 sancto
535 2432 893 2509 viviﬁcante,
918 2434 1145 2513 tibique
1177 2435 1689 2513 consubstantiali,
1717 2455 1877 2498 nunc
1894 2453 1952 2504 et

268 2540 556 2604 semper.
587 2531 645 2585 et
683 2525 740 2585 in
771 2524 988 2586 saecula
1027 2525 1406 2589 saeculorum.
1444 2528 1665 2592 Amen.

350 2613 698 2676 Sacerdos.
725 2613 993 2677 Charitas
1010 2615 1118 2680 Dei
1143 2615 1554 2697 Patris,gratia
1576 2616 1714 2679 Filii
1745 2619 1950 2698 unige-

271 2704 384 2766 niti
414 2703 670 2766 Domini
702 2705 812 2768 Dei
842 2714 901 2768 et
929 2705 1255 2769 Salvatoris
1303 2709 1492 2770 nostri
1536 2709 1675 2770 Jesu
1707 2709 1950 2792 Christi,

272 2803 336 2857 et
361 2794 841 2857 communicatio
867 2805 926 2858 et
947 2797 1170 2858 donum
1195 2797 1455 2878 Spiritus
1479 2799 1696 2879 sancti,
1718 2799 1794 2861 sit
1816 2818 1951 2864 cum

275 2882 582 2946 omnibus
611 2884 799 2949 vobis.

361 2972 679 3056 Populus.
717 2974 787 3039 Et
820 2995 953 3038 cum
988 2976 1202 3057 spiritu
1232 2985 1355 3041 tuo.

357 3063 705 3129 Sacerdos.
740 3063 990 3128 Sursum
1023 3066 1211 3128 corda
1243 3076 1459 3132 vestra.

369 3154 683 3235 Populus.
713 3154 1018 3218 Habemus
1045 3157 1117 3217 ad
1150 3156 1496 3220 Dominum.

363 3245 694 3309 Sacerdos.
732 3246 960 3308 Gratias
992 3263 1238 3324 agamus
1277 3247 1553 3310 Domino.

373 3333 674 3416 Populus.
715 3333 970 3415 Dignum
1001 3345 1059 3397 et
1075 3337 1302 3415 justum
1337 3345 1448 3401 est.

373 3424 706 3488 Sacerdos.
741 3423 994 3506 Dignum
1019 3435 1077 3488 et
1101 3426 1330 3505 justum
1365 3436 1476 3490 est.
1515 3426 1655 3492 Ter.

378 3513 539 3577 Vere
566 3515 809 3595 dignum
842 3523 900 3576 et
918 3517 1144 3595 justum
1171 3524 1282 3592 est,
1308 3526 1372 3577 ut
1399 3525 1456 3578 te
1477 3517 1736 3593 laudem,
1769 3517 1958 3583 bene-

288 3604 494 3668 dicam
525 3603 722 3680 tibi,et
741 3605 994 3667 serviam
1020 3604 1527 3688 tibi,adoremque
1551 3616 1608 3669 et
1631 3609 1958 3686 gloriﬁcem

288 3702 373 3776 te,
407 3693 522 3774 qui
553 3712 618 3756 es
648 3712 827 3771 unus,
863 3695 1051 3771 solus,
1083 3695 1244 3758 Deus
1271 3715 1469 3778 verus,
1502 3707 1732 3762 amator
1761 3699 1958 3762 homi-

286 3783 1964 3868 num,ineﬂ‘abilis,invisibilis,incomprebensibilis,siue

292 3874 1054 3957 priucipio,aaternus,sine
1077 3878 1954 3960 tempore,incircumscriptus,

290 3963 1502 4047 ininvestigabilis,immutabilis,Creator
1532 3967 1959 4044 omnium,Sa|-

289 4064 461 4117 vator
483 4055 754 4117 omnium
783 4076 800 4129 ;
822 4053 927 4132 qui
949 4053 1209 4117 remittis
1233 4067 1473 4138 peccata
1495 4065 1718 4134 nostra,
1741 4059 1843 4140 qui
1867 4078 1959 4122 re-

291 4145 478 4208 dimis
499 4143 574 4207 ab
599 4144 847 4207 interitu
873 4143 1046 4205 vitam
1067 4147 1466 4228 nostram,qui
1494 4165 1743 4209 coronas
1765 4167 1874 4210 nos
1895 4149 1955 4210 in

295 4233 722 4298 misericordia
738 4243 799 4296 et
817 4234 1425 4299 miserationibus.Tu
1441 4255 1504 4299 es
1524 4255 1700 4318 quem
1723 4237 1964 4299 laudant

2041 1535 2184 1597 Iutis
2211 1548 2520 1619 nostraz,et
2543 1539 2785 1599 vocibus
2810 1538 3086 1617 gloriosis
3111 1539 3352 1601 laudant
3374 1541 3700 1605 clamantes

2044 1633 2101 1686 et
2131 1627 2420 1690 dicentes.

2127 1716 2452 1780 Diaconus.
2485 1719 2904 1781 Attendamus.

2130 1807 2412 1886 Populus.
2459 1806 2738 1883 Sanctus,
2774 1818 3034 1889 sanctus,
3070 1817 3326 1870 sanctus.

2124 1897 2443 1959 Sacerdos.
2473 1898 2728 1959 Sanctus
2758 1906 2999 1958 sanctus
3033 1898 3348 1971 Dominus,
3370 1909 3430 1959 et
3459 1908 3701 1962 sanctus

2042 1985 2100 2045 in
2135 1986 2316 2048 rebus
2337 1986 2639 2056 omnibus,
2665 1995 2721 2047 et
2747 1987 3097 2067 praclarum
3124 1987 3324 2049 lumen
3355 1987 3706 2052 substantia:

2045 2076 2350 2145 tlt33,SlCUt
2372 2077 2693 2140 ineffabilia
2717 2087 2806 2140 est
2826 2085 3087 2157 potestas
3114 2077 3423 2157 sapientiae
3447 2086 3705 2159 tum,nec

2039 2164 2235 2224 verbis
2259 2165 2543 2245 explicari
2571 2175 2763 2246 potest
2787 2167 3033 2245 pelagus
3057 2167 3279 2228 amoris
3302 2166 3388 2229 tui
3415 2185 3552 2245 erga
3589 2167 3706 2229 ho-

2039 2255 2485 2316 mines.Creasti
2504 2273 2597 2315 me
2619 2255 2922 2316 hominem
2941 2274 3049 2334 per
3065 2255 3494 2332 benignitatem
3510 2264 3699 2335 tuam,

2038 2363 2233 2420 neque
2265 2343 2578 2423 indigebas
2603 2363 2735 2405 mea
2756 2345 3058 2411 servitute.
3087 2347 3192 2406 sed
3221 2364 3329 2424 ego
3353 2346 3695 2423 indigebam

2035 2433 2820 2515 dominationetuazpropter
2834 2434 3208 2494 clementiam
3230 2445 3385 2497 tuam
3403 2455 3697 2516 magnam,

2035 2523 2225 2583 fecisti
2261 2543 2353 2584 me
2384 2543 2518 2584 cum
2554 2544 2670 2585 non
2703 2543 2899 2584 essem
2933 2525 3209 2587 :erexisti
3245 2525 3389 2586 mihi
3417 2527 3600 2587 caelos
3636 2528 3696 2588 in

2038 2614 2540 2691 tectum;tirmasti
2558 2613 2705 2675 mihi
2726 2623 2942 2674 terram
2962 2623 3418 2693 utsempeream
3433 2616 3704 2677 ambula-

2037 2722 2206 2766 rem:
2249 2712 2494 2784 propter
2525 2723 2622 2765 me
2672 2704 3014 2766 conclusisti
3065 2722 3227 2765 mare
3260 2725 3274 2780 ;
3311 2714 3554 2785 propter
3613 2723 3711 2767 me

2039 2793 2372 2874 produxisti
2399 2804 2672 2855 naturam
2697 2795 3065 2870 animalium,
3090 2807 3148 2855 et
3167 2795 3366 2855 omnia
3389 2795 3683 2874 subjecist

2045 2883 2153 2943 sub
2187 2885 2438 2964 pedibus
2471 2884 2643 2958 meis,
2670 2903 2781 2946 nec
2807 2903 3015 2965 passus
3039 2902 3104 2948 es
3125 2884 3336 2945 deesse
3360 2885 3702 2964 mihiquid-

2044 2992 2217 3054 quam
2283 2991 2355 3034 ex
2404 2973 2691 3053 operibus
2744 2974 3199 3054 magniﬁcentia
3252 2983 3405 3036 tuae:
3449 2975 3548 3056 qui
3609 2993 3705 3038 me

2041 3065 2288 3137 creasti,
2325 3063 2571 3143 posuisti
2601 3083 2838 3124 manum
2870 3070 3031 3126 tuam
3070 3081 3251 3144 super
3281 3081 3415 3125 me:
3471 3065 3704 3128 descri-

2050 3151 2213 3230 psisti
2251 3153 2310 3212 in
2346 3171 2440 3213 me
2473 3154 2790 3233 imaginem
2822 3153 3133 3234 potestatis
3165 3164 3280 3214 tuae
3308 3153 3528 3216 dedisti
3560 3154 3706 3218 mihi

1979 3237 2020 3287 ο
2045 3244 2266 3303 donum
2293 3243 2578 3306 rationis:
2600 3245 2887 3324 aperuisti
2909 3244 3054 3305 mihi
3077 3244 3412 3324 paradisum
3438 3245 3707 3326 volupta-

2045 3334 2118 3392 tis
2147 3354 2158 3394 :
2196 3333 2408 3393 dedisti
2437 3333 2577 3393 mihi
2604 3334 2912 3395 scientiam
2941 3333 3296 3411 cognitionis
3323 3341 3435 3395 tua:
3467 3357 3480 3397 :
3514 3335 3700 3396 mani-

2044 3423 2235 3482 festati
2269 3423 2410 3484 mihi
2435 3423 2710 3483 arborem
2748 3423 2877 3483 vitae
2905 3443 2917 3484 :
2948 3422 3265 3483 ostendisti
3299 3423 3442 3484 mihi
3467 3425 3700 3504 spinam

2046 3513 2277 3586 mortis,
2307 3532 2383 3572 ne
2408 3532 2476 3574 ex
2501 3532 2570 3573 ea
2593 3514 2975 3574 comederem
3009 3533 3022 3575 :
3054 3513 3198 3572 mihi
3225 3513 3608 3588 interuixisti,
3636 3533 3704 3576 ex

2046 3621 2112 3664 ea
2143 3604 2268 3663 sola
2300 3621 2373 3662 ne
2391 3603 2636 3665 ederem
2663 3623 2678 3662 :
2711 3604 2948 3663 comedi
2972 3604 3302 3662 voluntarie
3331 3622 3346 3677 ;
3371 3613 3582 3684 sponte
3603 3623 3708 3665 ne-

2044 3692 2197 3771 glexi
2222 3693 2560 3752 mandatum
2587 3691 3239 3772 tuum,contempsique
3265 3701 3558 3772 praecepta
3583 3702 3703 3766 tua;

2046 3792 2226 3860 atque
2256 3782 2462 3843 induxi
2497 3783 2639 3844 mihi
2674 3782 2986 3842 setentiam
3025 3782 3255 3842 mortis.

2129 3873 2414 3952 Populus.
2442 3871 2634 3951 Kyrie,
2674 3872 2932 3934 eleison.
2965 3869 3241 3945 Domine,
3271 3870 3580 3932 miserere.

2124 3962 2440 4023 Sacerdos.
2471 3961 2584 4041 Tu,
2609 3960 2883 4033 Domine,
2906 3960 3249 4020 convertisti
3285 3959 3430 4020 mihi
3467 3978 3702 4039 poenam

2043 4051 2102 4110 in
2136 4051 2388 4111 salutem
2418 4071 2436 4127 -,
2470 4052 2620 4111 sicut
2651 4059 2850 4129 pastor
2882 4049 3074 4110 bonus
3103 4058 3402 4110 errantem
3433 4049 3698 4109 sollicite

2045 4141 2392 4217 qutesivisti;
2423 4150 2697 4220 tanquam
2745 4150 2911 4220 pater
2945 4159 3117 4201 verus
3149 4138 3429 4200 laborasti
3463 4157 3700 4200 mecum

2048 4231 2150 4311 qui
2171 4230 2794 4306 cecideramzalligasti
2821 4248 2914 4290 me
2937 4229 3218 4290 omnibus
3245 4227 3706 4288 medicamentis

293 4324 592 4406 angeliﬁt
610 4326 864 4388 adorant,
886 4325 1231 4405 archangeli
1261 4335 1362 4403 ;tu
1383 4346 1447 4389 es
1476 4327 1570 4389 cui
1596 4326 1966 4391 benedicunt
1985 4403 2015 4406 _
2047 4321 2481 4382 viviﬁcantibus
2508 4343 2519 4378 :
2546 4329 2604 4380 tu
2633 4319 2843 4379 misisti
2865 4319 2933 4379 ad
2961 4337 3053 4378 me
3074 4319 3394 4399 prophetas
3423 4340 3436 4381 :
3467 4330 3708 4398 propter

299 4403 698 4497 principatus,
725 4414 798 4476 ad
822 4434 1002 4496 quem
1024 4403 1286 4478 clamant
1306 4415 1745 4479 dominationes
1771 4440 1788 4493 ;
1817 4425 1874 4478 tu
1900 4437 1964 4478 es
1985 4403 2032 4456 ί)
2052 4431 2145 4472 me
2170 4410 2726 4485 inﬁrmum,dedisti
2753 4409 2896 4469 mihi
2917 4409 3066 4487 legis
3088 4409 3374 4468 auxilium
3400 4428 3413 4470 :
3442 4418 3498 4467 tu
3522 4407 3708 4468 admi-

297 4506 479 4586 cujus
501 4505 749 4586 gloriam
765 4505 1074 4568 celebrant
1097 4514 1454 4587 potestates;
1477 4516 1538 4569 tu
1561 4525 1624 4568 es
1647 4507 1744 4568 cui
1766 4505 1964 4568 throni

300 4613 546 4658 sursum
571 4595 811 4657 mittunt
830 4595 1076 4675 gloriam
1103 4604 1161 4658 et
1181 4596 1690 4660 honoremzmillia
1714 4597 1962 4659 millium

301 4687 598 4749 assistunt
619 4703 819 4748 coram
853 4693 933 4767 te,
969 4694 1029 4748 et
1059 4686 1212 4748 dena
1243 4686 1428 4748 millia
1459 4686 1680 4750 denum
1706 4687 1965 4748 millium

302 4775 898 4842 ministranttibi.Tu
924 4794 987 4838 es
1009 4795 1188 4858 quem
1214 4776 1585 4840 benedicunt
1605 4776 1963 4853 invisibiles,

304 4884 487 4947 quem
520 4866 772 4929 adorant
798 4865 1091 4943 visibiles,
1121 4873 1183 4930 et
1212 4885 1426 4930 omnes
1458 4867 1686 4930 faciunt
1708 4866 1960 4930 verbum

306 4963 504 5028 tuum,
538 4954 795 5020 Domine
825 4964 1050 5020 noster.

389 5046 720 5111 Dtaconus.
754 5045 867 5120 Qui
896 5046 1120 5108 sedetis
1149 5045 1396 5126 surgite.

393 5135 707 5200 Sacerdos.
745 5134 994 5198 [Eterne
1028 5135 1302 5212 Domine,
1339 5138 1501 5200 Deus
1530 5154 1707 5202 verus
1737 5136 1812 5199 de
1842 5135 1965 5198 Deo

308 5226 589 5308 vero,qui
605 5225 919 5288 ostendisti
942 5226 1118 5288 nobis
1134 5225 1336 5288 lumen
1359 5226 1569 5308 Patris,
1595 5228 1698 5308 qui
1721 5226 1965 5304 largitus

300 5334 376 5384 es
405 5316 584 5378 nobis
605 5317 1011 5396 cognitionem
1033 5316 1298 5380 veritatis
1324 5315 1581 5399 Spiritus
1609 5317 1799 5380 sancti
1829 5339 1846 5395 ;
1869 5326 1971 5399 qui

315 5405 707 5470 manilestasti
749 5406 922 5470 nobis
954 5407 1293 5487 mysterium
1331 5407 1459 5470 .boc
1491 5425 1767 5486 magnum
1800 5409 1965 5471 vitae:

321 5496 428 5577 qui
461 5495 820 5560 constituisti
845 5495 1104 5560 chorum
1146 5496 1638 5578 incorporeorum
1670 5498 1827 5559 inter
1857 5499 1971 5560 ho-

319 5585 555 5651 mines:
582 5586 684 5668 qui
703 5585 922 5654 dedisti
947 5587 1031 5649 eis
1059 5586 1161 5669 qui
1191 5594 1332 5649 sunt
1349 5605 1531 5668 super
1557 5595 1801 5666 terram,
1825 5606 1970 5651 can-

320 5674 503 5739 ticum
520 5676 1106 5758 seraphim,suscipe
1118 5695 1223 5739 voc
1234 5696 1297 5740 es
1309 5688 1708 5751 nostras,cum
1728 5678 1974 5742 vocibus

643 5789 907 5857 PATRQL.
952 5791 1066 5850 Gn.
1116 5789 1392 5852 XXXVI.

2049 4501 2277 4562 nistrati
2322 4501 2466 4562 mihi
2529 4501 2812 4575 salutem,
2849 4508 2906 4559 at
2956 4517 3063 4577 ego
3116 4508 3523 4574 transgressus
3573 4515 3706 4556 sum

2049 4591 2235 4670 legem
2266 4607 2590 4671 tuam,qu&3
2616 4599 2706 4652 est
2728 4590 2931 4652 lumen
2961 4587 3354 4666 verum,quod
3378 4585 3706 4654 accendisti

2050 4682 2388 4743 errantibus
2421 4693 2478 4741 et
2510 4681 2944 4759 ignorantibus.

2137 4772 2426 4854 Populus.
2463 4770 2734 4852 Domine,
2776 4771 3077 4831 miserere.

2128 4863 2441 4929 Sacerdos.
2465 4859 2553 4922 Tu
2587 4863 2688 4941 qui
2724 4881 2786 4922 es
2804 4860 3236 4940 sempiternus,
3267 4859 3476 4918 venisti
3501 4857 3573 4917 ad
3598 4876 3706 4918 nos

2049 4973 2229 5035 super
2253 4962 2496 5023 terram,
2524 4952 2884 5012 descendisti
2908 4949 2968 5010 in
2997 4961 3230 5009 uterum
3258 4947 3540 5026 Virginis,
3556 4946 3710 5008 Deus

2052 5042 2648 5121 incircumscriptus;
2681 5060 2797 5100 non
2832 5039 3099 5120 rapinam
3135 5037 3456 5098 arbitratus
3489 5054 3554 5095 es
3579 5054 3709 5096 esse

2049 5135 2336 5214 aequalem
2373 5132 2520 5202 Deo,
2546 5131 2648 5191 sed
2677 5129 3005 5190 tiumiliasti
3031 5127 3314 5207 teipsum,
3343 5136 3403 5187 et
3424 5127 3708 5204 accepisti

2052 5229 2300 5288 turmam
2328 5218 2997 5299 servi,benedixistique
3020 5227 3285 5277 naturam
3313 5233 3506 5275 meam
3527 5214 3587 5274 in
3614 5224 3709 5288 te;

2057 5315 2357 5399 perfecisti
2384 5311 2572 5390 legem
2595 5321 2752 5371 tuam
2782 5327 2884 5388 pro
2911 5303 3348 5399 me,osteudi_sti
3372 5303 3709 5399 mihi-ratio:-

2056 5391 2194 5471 nem
2217 5401 2567 5480 resurgendi
2593 5409 2723 5481 post
2747 5400 2911 5478 lapsu
2925 5395 3275 5459 mzliberasti
3301 5412 3402 5455 eos
3425 5391 3529 5470 qui
3549 5393 3708 5474 apud

2057 5497 2288 5559 inferos
2327 5491 2770 5554 detinebantur:
2794 5486 3084 5550 sustulisti
3108 5483 3587 5545 maledictionem
3614 5484 3706 5545 le-

2056 5588 2146 5668 gis
2172 5604 2184 5649 :
2211 5580 2555 5646 destruxisti
2582 5578 2976 5668 peccatumgin
2999 5592 3204 5668 carne:
3222 5572 3537 5636 ostendisti
3557 5573 3709 5668 mihi

2055 5662 2386 5760 potentiam
2410 5669 2648 5752 imperii
2670 5668 2775 5731 tui:
2794 5666 3014 5729 dedisti
3034 5665 3217 5728 visum
3239 5662 3711 5726 caeciszexcitasti

3313 5770 3389 5832 ‘22
