4138 6408
444 348 564 417 689

1495 351 1868 418 LITURGIA
1911 353 1973 416 8.
2020 350 2388 418 GBEGORII
2429 353 2768 419 GOPTIGA.

3709 354 3828 420 690

439 484 596 547 diam
623 485 740 549 illis
764 487 866 568 qui
894 490 952 550 in
983 487 1330 570 pcenitentia
1353 495 1492 550 sunt
1519 489 1620 566 (8),
1649 485 2085 566 benignitatem
2111 490 2154 540 Α
2176 495 2516 548 nostrorum
2557 487 3049 563 orthodoxorum,
3088 489 3187 569 qui
3221 494 3366 550 sunt
3395 486 3456 550 in
3490 487 3731 570 palatio,
3766 495 3825 549 et

437 574 743 651 divitibus,
771 578 1121 640 modestiam
1143 577 1215 640 iis
1233 576 1335 658 qui
1365 577 1424 638 in
1455 577 1743 658 dignitate
1769 577 2098 649 sunt,auxi-

441 662 582 725 lium
619 668 1020 748 pauperibus:
1055 686 1234 729 senes
1277 666 1498 730 robora
1532 685 1546 729 :
1585 669 1837 748 juvenes
1865 665 2042 727 erudi
2072 687 2086 725 :

438 751 714 816 inﬁdeles
737 765 1020 820 converte
1054 775 1068 817 :
1093 765 1331 822 cessent
1349 757 1424 818 ab
1454 756 1718 820 Ecclesia
1749 755 2086 820 schismata:

439 841 710 923 deprime
729 846 1070 924 superbiam
1091 848 1492 922 bmreseon,et
1511 865 1619 908 nos
1642 863 1852 910 omnes
1866 844 1937 906 ad
1956 861 2094 909 con-

442 933 706 995 cordiam
742 935 976 1015 pietatis
1001 936 1266 998 adunare
1295 934 1578 1015 digneris.

529 1024 818 1102 Populus.
851 1025 1130 1108 Domine,
1165 1026 1477 1089 miserere.

535 1112 869 1178 Diaconus.
906 1115 1086 1180 Orate
1118 1133 1222 1196 pro
1268 1131 1414 1198 pace
1465 1116 1643 1178 unius
1683 1113 1990 1179 catholicae
2032 1120 2092 1174 et

441 1203 784 1282 apostolica
815 1204 922 1267 Dei
952 1205 1258 1270 Ecclesiae.

520 1293 1420 1367 Sacerdoa.Memento,Domine
1433 1292 2086 1376 pacis,unicae,sanctaa,

435 1382 743 1446 catholicae
793 1394 850 1447 et
905 1385 1246 1466 apostolicae
1289 1385 1572 1449 Ecclesia;
1611 1392 1748 1457 tuae,
1773 1402 1909 1464 quas
1936 1390 2029 1444 est
2058 1401 2090 1443 a

435 1471 658 1534 finibus
690 1493 878 1555 usque
907 1476 980 1537 ad
1014 1476 1163 1536 ﬁnes
1196 1483 1393 1549 terrae,
1424 1484 1481 1537 et
1508 1493 1714 1538 eorum
1773 1472 1876 1554 qui
1927 1479 2090 1536 recte

435 1560 786 1640 dispensant
821 1563 883 1626 in
914 1583 988 1626 ea
1014 1565 1258 1626 verbum
1292 1564 1578 1626 veritatis.

523 1653 855 1718 Diaconus.
884 1656 1065 1716 Orate
1098 1672 1202 1736 pro
1231 1655 1507 1736 pontiﬁce
1533 1662 1733 1716 nostro
1755 1669 1904 1735 papa
1925 1652 2092 1714 Auba

433 1738 504 1802 N.
539 1739 610 1802 D.
643 1743 1095 1824 archiepiscopo
1129 1762 1356 1822 magna;
1385 1744 1552 1807 urbis
1592 1740 1998 1817 Alexandria,
2033 1749 2092 1803 et

437 1848 548 1913 pro
580 1833 925 1896 orthodoxis
957 1833 1272 1914 episcopis.

517 1919 825 1985 Sacerdos.
856 1923 1190 1986 Pmsertim
1214 1941 1358 1985 vero
1383 1922 1733 2003 patriarchae
1765 1919 1953 1983 nostri
1972 1923 2087 1983 Pa-

440 2010 542 2071 tris
573 2011 932 2075 venerabilis
976 2013 1145 2075 Anba
1172 2014 1246 2075 N.
1281 2023 1341 2076 et
1369 2011 1558 2074 Patris
1595 2009 1782 2073 nostri
1823 2010 2086 2092 epiSCOpi

433 2101 602 2164 Anba
625 2099 694 2164 N.
723 2111 780 2163 et
802 2121 1008 2164 eorum
1041 2102 1142 2183 qui
1177 2103 1274 2168 hic
1305 2102 1614 2176 adsunt,et
1637 2099 1739 2182 qui
1767 2100 2088 2181 requieve-

431 2199 593 2264 runt,
643 2191 1085 2272 episcoporum,
1139 2192 1637 2272 begumenorum,
1682 2188 2082 2267 sacerdotum,

432 2279 843 2355 diaconorum,
866 2282 1391 2354 subdiaconorum,
1413 2282 1724 2362 lectorum,
1746 2284 2082 2354 cantorum,

429 2371 889 2446 exorcistarum,
914 2371 1369 2447 monachorum,
1394 2371 1710 2452 virginum,
1746 2370 2083 2449 viduarum,

430 2459 896 2540 cominentium,
932 2461 1362 2541 orphanorum,
1390 2460 1700 2540 laicorum,
1728 2469 1785 2522 et
1816 2463 2085 2527 omnium

436 2548 703 2610 ﬁdelium
735 2548 1015 2612 Ecclesiae
1046 2557 1160 2611 tuae
1188 2557 1430 2614 sanctae.

517 2636 855 2700 Diaconus.
916 2637 1096 2702 Orate
1155 2657 1262 2720 pro
1320 2657 1463 2720 rege
1513 2646 1718 2701 nostro
1776 2640 2084 2706 Christum

435 2736 667 2790 amante
701 2727 806 2809 (9).

514 2816 837 2882 Sacerdos.
863 2820 1190 2895 Memento,
1211 2818 1487 2899 Domine,
1515 2837 1721 2881 eorum
1747 2821 1847 2902 qui
1864 2838 2084 2901 regna-

432 2917 650 2969 verunt
680 2925 812 2972 cum
849 2907 1084 2989 pietate,
1120 2915 1177 2968 et
1207 2926 1413 2969 eorum
1450 2909 1552 2990 qui
1583 2918 1858 2990 regnant.

511 2996 842 3060 Diaconus.
881 3000 1031 3059 Mem
1050 3004 1212 3073 ento,
1240 2995 1510 3072 Domine,
1539 2999 1802 3062 ﬁdelium
1837 3001 2082 3063 fratrum

427 3105 463 3147 n
473 3095 766 3151 ostrorum
780 3135 793 3150 .

2181 579 2375 636 omnis
2415 577 2732 640 exercitus.

2266 655 2783 720 DiaconusOrate
2805 676 2910 738 pro
2933 658 3007 721 iis
3023 657 3125 740 qui
3146 666 3284 720 Sunt
3303 659 3368 720 in
3392 657 3610 738 palatio
3634 659 3826 721 fratri-

2177 742 2289 807 bus
2319 766 2426 808 nos
2457 747 2755 828 ﬁdelibus,
2791 756 2849 810 et
2878 747 3248 828 orthodoxis,
3281 754 3340 810 et
3383 767 3488 827 pro
3541 748 3824 812 universo

2178 835 2438 899 exercitu
2451 886 2464 900 .

2259 925 3402 1004 Sacerdos.Memento,Domine,eorum
3421 926 3642 1009 quitibi
3660 927 3828 990 obtu-

2179 1014 2376 1078 lerunt
2402 1018 2525 1082 hinc
2557 1019 2732 1091 dona,
2762 1027 2822 1081 et
2851 1037 3056 1081 eorum
3091 1017 3190 1099 qui
3223 1035 3331 1098 pro
3363 1037 3427 1079 se
3457 1018 3818 1092 obtulerunt,

2175 1114 2460 1169 eteorum
2486 1128 2590 1189 pro
2615 1108 2834 1191 quibus
2857 1107 3052 1172 oblata
3075 1116 3234 1170 sunt:
3258 1107 3524 1170 concede
3543 1107 3826 1171 omnibus

2176 1198 2515 1260 mercedem
2547 1219 2580 1262 e
2611 1200 2781 1262 coelo.

2255 1288 2572 1351 Diaconus.
2607 1289 2783 1353 Orate
2807 1309 2912 1370 pro
2945 1290 3018 1352 iis
3048 1289 3149 1371 qui
3184 1287 3544 1349 obtulerunt.

2256 1376 3565 1454 SacerdosMementoDomine,hahitantium
3581 1377 3640 1437 in
3661 1397 3820 1440 mon-

2177 1469 2332 1530 tibus
2374 1479 2433 1529 et
2461 1470 2759 1533 cavernis:
2795 1475 2856 1533 et
2884 1470 3133 1533 fratrum
3167 1476 3500 1528 nostrorum
3548 1468 3649 1548 qui
3681 1476 3819 1529 sunt

2176 1560 2234 1621 in
2269 1558 2608 1637 captivitate
2637 1581 2648 1621 :
2679 1558 2947 1621 concede
2975 1558 3093 1620 illis
3125 1566 3191 1619 ut
3215 1556 3460 1638 paciﬁce
3483 1557 3556 1618 ad
3575 1575 3684 1618 sua
3715 1557 3824 1620 do-

2175 1649 2394 1710 micilia
2421 1657 2812 1714 revertantur.

2256 1739 2573 1802 Diaconus.
2609 1738 2785 1802 Orate
2818 1757 2923 1819 pro
2955 1737 3224 1819 captivis.

2114 1818 2150 1870 Β
2257 1829 2544 1908 Populus.
2583 1818 2857 1905 Domine,
2893 1818 3203 1891 miserere.

2255 1921 2586 1982 Diaconos.
2614 1920 2874 1980 Adorate
2902 1919 3136 1997 Agnum
3172 1918 3432 1980 Verbum
3457 1918 3563 1980 Dei
3589 1920 3739 2002 (10).

2253 2008 2556 2071 Sacerdos
2585 2018 2840 2072 secreto.
2868 2009 3191 2088 Memento,
3220 2009 3494 2083 Domine,
3522 2009 3824 2072 tenuitatis

2173 2118 2320 2161 meae
2355 2107 2413 2160 et
2443 2098 2682 2161 remitte
2707 2098 2850 2159 mihi
2881 2107 3123 2178 peccata
3154 2117 3309 2175 mea,
3335 2107 3396 2159 ut
3427 2097 3528 2159 ubi
3556 2098 3823 2160 abunda-

2171 2188 2252 2249 vit
2285 2188 2595 2269 iniquitas,
2628 2188 2711 2249 ibi
2757 2187 3203 2268 superabundet
3233 2187 3421 2266 gratia
3451 2197 3585 2250 tua:
3622 2207 3818 2269 nequa

2174 2288 2415 2360 propter
2448 2288 2682 2358 peccata
2726 2297 2859 2340 mea
2890 2278 3152 2358 propria,
3185 2287 3242 2339 et
3291 2286 3534 2360 propter
3564 2277 3826 2342 maculas

2172 2369 2375 2430 cordis
2397 2369 2514 2430 mei
2538 2368 2814 2449 deprives
2845 2370 3128 2448 populum
3156 2376 3318 2430 tuum
3351 2368 3538 2447 gratia
3566 2369 3825 2450 Spiritus

2171 2459 2359 2520 sancti
2391 2459 2496 2521 tui.

2258 2549 2546 2629 Populus.
2571 2547 2853 2610 Miserere
2882 2548 3094 2622 nostri,
3118 2548 3276 2613 Deus
3297 2548 3567 2611 Salvator
3597 2559 3822 2616 noster.

2252 2639 2559 2702 Sacerdos
2584 2639 2709 2704 alta
2728 2637 3045 2710 voce.Quia
3066 2637 3316 2718 p0pulus
3337 2646 3469 2698 tuus
3485 2646 3544 2698 et
3561 2640 3828 2702 Ecclesia

2170 2739 2267 2790 tua
2291 2737 2346 2790 te
2371 2727 2689 2789 obsecrant
2718 2736 2778 2789 et
2807 2726 3041 2789 Patrem
3069 2735 3232 2788 tuum
3257 2734 3476 2801 tecum,
3504 2727 3775 2791 dicentes
3805 2753 3817 2794 :

2171 2820 2456 2880 Miserere
2477 2817 2688 2891 nostri,
2708 2817 2866 2880 Deus
2890 2815 3155 2880 Salvator
3175 2823 3396 2877 noster.
3417 2815 3694 2879 Concede
3712 2834 3823 2896 po-

2173 2910 2309 2988 pulo
2345 2918 2442 2970 tuo
2476 2927 2579 2970 cor
2610 2927 2795 2970 unum
2827 2931 2838 2966 :
2885 2907 2961 2970 da
3007 2906 3499 2987 tranquillitatem
3554 2907 3816 2973 mundo:

2173 2990 2523 3080 temperiem
2551 2998 2770 3061 bonam
2790 2997 2950 3060 aeri:
2975 2997 3245 3076 dignare,
3272 2995 3544 3071 Domine,
3572 2995 3822 3058 benedi-

2169 3108 2305 3150 cere
2329 3089 2441 3150 hoc
2463 3107 2619 3149 anno
2642 3095 2852 3150 ventos
2875 3087 3007 3149 caeli
3033 3097 3092 3148 et
3122 3086 3318 3165 fruges
3343 3093 3534 3148 terrae.
3564 3084 3820 3164 Dignare

506 3178 818 3241 Sacerdos.
856 3175 1177 3258 Memento,
1211 3176 1490 3258 Domine,
1523 3178 1789 3241 ﬁdelium
1829 3180 2077 3244 fratrum
2096 3190 2140 3246 c
2167 3179 2438 3254 Domine,
2464 3178 2825 3240 benedicere
2849 3195 3030 3258 aquas
3055 3176 3342 3252 ﬂuminis,
3370 3175 3699 3238 ascendere
3723 3195 3822 3238 eas

503 3313 601 3387 (8).
633 3313 784 3387 Hinc
817 3311 1696 3387 demonstratur,pmnitentiam
1748 3315 1803 3371 in
1855 3315 2085 3387 Coptica

428 3384 679 3442 Ecclesia
719 3384 908 3441 locum
941 3383 1078 3441 olim
1112 3384 1402 3450 habuisse,
1428 3384 1645 3442 dudum
1677 3393 1807 3444 ante
1836 3383 2086 3446 obscena

431 3456 532 3513 illa
580 3466 836 3528 tempora
886 3455 1149 3528 Joannis,
1183 3463 1238 3512 et
1273 3456 1444 3513 Marci
1491 3457 1594 3514 ﬁlii
1635 3458 1810 3515 Zaraa
1842 3462 2084 3527 patriar-

431 3527 822 3600 charum,’qui
855 3527 1276 3600 confessionem
1301 3537 1691 3599 peccatorum,
1716 3539 1771 3586 et
1793 3530 2084 3598 Cononem,

436 3599 557 3657 sive
586 3599 930 3656 hboriosam
980 3599 1402 3670 pmnitentiam,
1439 3601 1642 3658 tollere
1692 3604 1882 3660 conati
1933 3611 2089 3670 sunt,

438 3670 646 3744 deique
684 3669 1057 3744 innovatione
1084 3669 1299 3728 dictum
1330 3679 1415 3730 est
1463 3673 1520 3728 in
1548 3673 1795 3731 Historia
1833 3669 2090 3732 Alcman;

438 3742 602 3800 drivia
636 3746 705 3812 (ι)
731 3754 783 3817 et
829 3742 996 3817 alibi:
1025 3743 1154 3800 Esse
1185 3744 1264 3817 in»
1287 3743 1642 3815 pmnitentia,
1673 3753 1847 3803 status
1890 3756 1996 3817 est,
2029 3757 2092 3805 ut

437 3829 632 3873 eorum
664 3815 762 3886 qui
806 3817 862 3871 in
896 3814 1093 3872 eadem
1125 3815 1383 3886 oratione
1411 3814 1958 3882 commemorantur,
1982 3814 2088 3875 ’va-

435 3887 523 3960 rii_
555 3885 881 3960 suntlﬁNon
933 3901 1066 3960 vero
1119 3887 1166 3960 is
1217 3885 1378 3944 locus
1428 3888 1838 3960 intelligendus
1889 3899 1974 3947 est
2022 3891 2092 3947 de

430 3958 659 4028 publica
723 3957 1072 4030 illa,iqualis
1126 3959 1191 4030 in,
1233 3973 1341 4030 usu
1387 3968 1509 4016 erat
1569 3957 1766 4030 primis
1816 3960 2091 4020 Ecclesia

432 4031 679 4103 saeculis,
714 4029 1075 4100 pcenitentia,
1103 4028 1288 4103 cujus_
1314 4028 1965 4103 dudum,_’praeterquam
2020 4035 2091 4091 ad

427 4101 696 4174 publicos
729 4110 1055 4174 peccatores
1086 4100 1501 4174 emendandos,
1529 4100 1844 4174 diSciplina
1876 4105 2087 4161 omissa

431 4171 532 4230 est.
568 4172 677 4252 Sed
729 4171 824 4228 hic
872 4171 1235 4252 intelligendi
1276 4182 1419 4252 sunt
1458 4173 1558 4235 illi,
1594 4171 1705 4252 qui
1740 4175 1885 4231 facta
1939 4176 2090 4245 apud

432 4244 790 4300 sacerdotem
840 4242 1225 4316 confessione,
1267 4242 1565 4316 (lationem,
1595 4242 1708 4301 hoc
1754 4256 1841 4302 est
1892 4242 2091 4316 pta—nas

431 4316 744 4387 canonicas
778 4313 1187 4384 suscipiebant,
1226 4323 1279 4372 et
1315 4315 1564 4386 aliquam
1609 4315 1840 4374 illarum
1873 4313 2091 4387 partem

432 4385 887 4454 compleverant,
922 4394 1229 4456 antequam
1260 4385 1729 4444 communionem
1762 4385 2093 4446 sacramen-

431 4465 622 4516 torum
663 4458 1030 4533 _obtineren_t,
1065 4472 1095 4513 a
1145 4472 1257 4533 qua
1307 4458 1652 4533 arcebantur
1709 4474 1826 4533 per
1857 4460 2092 4533 aliquod

433 4531 708 4601 temporis
762 4529 1150 4602 intervallum.
1187 4530 1312 4587 Haec
1371 4529 1672 4602 disciplina
1710 4529 1904 4590 ‘fusius
1953 4529 2090 4590 alibi

2170 3317 2430 3388 Liturgiae
2452 3315 2849 3388 antiquitatem
2881 3313 3264 3388 commendat,
3290 3321 3564 3388 tanquam
3598 3313 3821 3388 scriptae

2171 3392 2277 3447 sub
2327 3384 2661 3446 Christianis
2726 3385 3034 3456 .lEgyptum
3085 3385 3514 3456 obtinentibus,
3534 3384 3665 3456 quia
3718 3399 3822 3454 pro

2172 3462 2287 3518 illis
2319 3470 2528 3522 oratur,
2576 3467 2630 3514 et
2660 3457 2774 3514 illis
2805 3455 2914 3527 qui
2949 3464 3083 3513 sunt
3117 3459 3173 3513 in
3227 3457 3457 3527 palatio.
3493 3455 3603 3512 Sed
3655 3457 3819 3527 pala-

2171 3536 2315 3592 tium
2357 3547 2469 3588 non
2528 3531 2708 3601 magis
2761 3525 3113 3601 Christianos
3160 3525 3331 3601 quam
3374 3525 3822 3586 Mubamedanos

2175 3605 2464 3674 principes
2512 3599 2789 3674 designat,
2815 3614 3008 3674 neque
3039 3599 3109 3655 ad
3157 3599 3431 3674 familiam
3464 3602 3678 3674 regiam
3729 3615 3823 3658 re-

2172 3671 2303 3734 ferri
2367 3671 2552 3739 debet,
2604 3672 2703 3728 sed
2764 3671 2832 3727 ad
2901 3671 3102 3727 fratres
3141 3672 3515 3740 orthodoxos,
3567 3673 3678 3728 hoc
3737 3683 3822 3730 est

2172 3750 2455 3806 Jacobitas
2504 3745 2878 3810 Christianos,
2911 3742 3008 3812 qui
3051 3751 3185 3799 tunc
3213 3751 3374 3799 erant
3399 3745 3456 3798 in
3485 3743 3672 3800 aulico
3712 3745 3822 3800 mi-

2175 3822 2429 3878 nisterio.
2465 3818 2666 3875 Multos
2695 3814 2848 3872 enim
2882 3814 3056 3870 fuisse
3087 3815 3184 3884 qui
3220 3815 3565 3883 scripturam
3599 3818 3658 3871 in
3690 3816 3820 3873 aula

2175 3894 2406 3954 sultani,
2441 3897 2537 3944 aut
2583 3889 2642 3944 in
2692 3887 2898 3943 divano
2949 3896 3302 3950 exercerent,
3337 3893 3489 3955 patet
3526 3901 3596 3941 ex
3645 3889 3822 3944 variis

2177 3967 2418 4021 historae
2457 3959 2852 4019 Alexandrinae
2893 3957 3055 4022 locis,
3088 3957 3241 4028 quod
3272 3956 3484 4028 pariter
3512 3958 3822 4027 saepissime

2176 4035 2412 4104 contigit
2461 4036 2519 4088 in
2562 4033 2689 4088 aula
2741 4029 3124 4104 Bagdadensi,
3157 4029 3253 4086 ubi
3309 4029 3471 4104 multi
3491 4029 3822 4104 _Christiani

2179 4100 2379 4175 magna
2412 4104 2564 4174 apud
2586 4100 3090 4175 quosdamcalifas
3115 4103 3452 4158 auctoritate
3481 4101 3821 4175 ﬂoruerunt,

2181 4173 2498 4236 Nes‘toriani
2536 4173 2840 4244 praecipue.
2877 4173 3020 4228 Hinc
3055 4187 3206 4242 saepe
3257 4183 3496 4243 utraque
3545 4173 3824 4245 Ecclesia,

2175 4249 2479 4307 Jacobitica
2527 4253 2579 4301 et
2629 4245 2986 4312 Nestoriana,
3020 4245 3284 4300 maximis
3324 4245 3512 4301 turbis
3562 4261 3663 4315 per
3694 4245 3824 4304 illo-

2176 4335 2304 4378 rum
2337 4320 2635 4390 hominum
2667 4315 3042 4390 ambitionem
3072 4315 3276 4390 agitata
3308 4323 3423 4390 est:
3456 4327 3510 4372 et
3545 4319 3599 4390 in
3653 4317 3825 4390 Egy-

2179 4405 2270 4462 pto
2302 4393 2408 4447 sub
2442 4389 2659 4446 ultimis
2705 4385 2967 4462 sulta_nis_,
3000 4385 3203 4462 Turcis
3251 4396 3306 4444 et
3354 4386 3649 4462 Circassis,
3681 4385 3826 4462 quos

2181 4458 2524 4521 Mamalucos
2568 4467 2796 4528 vocant,
2827 4458 3152 4515 durissimae
3197 4458 3630 4528 persecutiones
3664 4458 3826 4515 eiici-

2179 4545 2300 4594 tata:
2331 4544 2483 4591 sunt.
2516 4533 2696 4601 Quam
2739 4530 3041 4587 lectionem
3088 4538 3314 4586 secutus
3345 4529 3516 4586 fuerit
3555 4531 3826 4588 Maronita

433 4612 784 4676 exponetur,
807 4617 880 4676 ex
926 4601 1096 4676 variis
1136 4602 1471 4676 auctoribus
1502 4601 1622 4676 tum
1655 4618 1726 4661 ex
1764 4605 2089 4662 canonibus
2111 4611 2460 4676 Dinterpres
2508 4621 2637 4662 cum
2678 4604 2878 4676 vertit:
2934 4601 3208 4676 Memento,
3241 4601 3478 4667 Domine,
3512 4617 3705 4676 regum
3733 4604 3830 4676 qui

432 4673 947 4746 pmnitentialibus.
967 4674 1068 4746 qui
1097 4683 1326 4731 exstant
1346 4675 1397 4730 in
1433 4674 1728 4732 codicibus
1766 4677 2093 4733 manuscri-

429 4747 558 4873 ptis.
605 4747 1025 4829 _Pmnitentium
1084 4760 1313 4817 quoque
1370 4746 1582 4830 mentio
1638 4747 1702 4828 ﬁt
1766 4747 1936 4814 infra,
1977 4750 2088 4831 .qui

455 4819 678 4873 ntelltat
711 4820 857 4873 forte
913 4819 1147 4873 debent.
1199 4832 1301 4873 ner
1352 4833 1449 4873 eos
1484 4833 1581 4873 aut
1645 4835 1706 4873 ιη
1754 4819 2088 4873 confessions

455 4819 678 4889 ntelligi
711 4820 857 4878 forte
913 4819 1147 4883 debent,
1199 4832 1301 4888 per
1352 4833 1449 4876 eos
1484 4819 1581 4890 qui
1645 4819 1706 4874 in
1754 4819 2095 4890 confessione

433 4895 607 5030 “Egi.
640 4959 871 5020 Servata
911 4961 1030 5017 hac
1060 4953 1309 5019 formula
1344 4968 1428 5018 est
1468 4977 1540 5018 ex
1569 4961 1745 5019 veteri
1774 4961 2100 5032 disciplina,

434 5039 566 5087 ante
599 5041 933 5105 occupatam
961 5033 1062 5105 aM
1085 5032 1456 5091 uhamedanis
1487 5033 1880 5105 IEgyptumJn
1914 5033 2106 5093 Graeco

875 5103 1326 5185 βασιλευσάντων,
1363 5124 1494 5186 quas
1552 5103 1736 5167 verba
1793 5105 2106 5169 versiones

436 5108 543 5158 τῶν
599 5102 827 5168 εὒσιϐῶς

435 5181 689 5257 Arabicae
716 5183 972 5257 quaedam
1009 5181 1435 5253 expresserunt.
1477 5185 1696 5256 Nempe
1727 5200 1860 5242 cum
1901 5200 2105 5257 regna-

438 5263 567 5327 rent
599 5252 903 5310 Christiani
954 5252 1351 5327 imperatores,
1385 5257 1507 5314 haec
1557 5252 1812 5314 formula
1857 5252 2105 5327 usurpa-

437 5323 628 5388 batur,
659 5333 1029 5400 quarpostea
1074 5326 1139 5400 in
1203 5326 1365 5383 libris
1407 5338 1632 5385 servata
1674 5337 1777 5392 est,
1813 5323 2101 5400 adjunctis

434 5404 623 5453 tamen
663 5397 848 5473 verbis
903 5397 1143 5465 ultimis,
1167 5399 1299 5473 quia
1328 5397 2103 5473 pro_principibus,quales-

435 5483 664 5540 cunque
751 5469 889 5529 sint.
953 5477 1120 5526 orant
1187 5467 1534 5534 Orientales,
1598 5467 1676 5527 si'
1733 5467 2100 5530 Nestdrianos

436 5541 783 5623 «incipimus.
816 5541 875 5598 in
909 5540 1461 5623 quorum_Litu_rgia
1493 5542 1872 5623 memoria_ﬁt
1915 5560 2100 5623 regam

432 5610 692 5681 ﬁdelium.
722 5626 837 5669 non
871 5610 1142 5680 aliorum,
1177 5612 1262 5670 Ex
1295 5610 1396 5670 illo
1426 5613 1554 5673 loco
1584 5623 1740 5673 recte
1778 5610 2099 5675 Salmasius

503 5737 564 5802 (³)
600 5733 761 5800 Hist.
797 5734 980 5800 Patr.
1015 5736 1197 5800 Alcm.
1235 5755 1289 5818 p.
1327 5737 1470 5805 505.

2174 4687 2298 4738 sunt
2337 4674 2489 4734 electi
2531 4677 2590 4732 in
2618 4674 3223 4748 perfectioneﬂpietatis,
3259 4680 3307 4728 et
3339 4690 3527 4730 eorum
3572 4675 3669 4747 qui
3702 4674 3831 4733 sunt

2176 4751 2426 4834 eligendi,
2458 4763 2571 4805 non
2620 4747 3153 4834 isatitsiintelligitur,
3192 4761 3328 4834 cum
3364 4748 3828 4834 sententiamrsi-

2187 4817 2378 4880 milcm
2472 4835 2658 4892 neque
2722 4817 2984 4889 Copticus
3043 4831 3229 4890 neque
3301 4819 3580 4875 Arabicus
3639 4827 3828 4878 textus

2186 4896 2444 4953 offerant.

2258 4965 2364 5034 (10)
2403 4965 2529 5022 Haec
2582 4961 2810 5019 diaconi
2850 4961 3099 5034 hortatio
3134 4962 3190 5018 in
3238 4962 3435 5019 codice
3487 4962 3679 5034 Graeco
3710 4976 3827 5019 non

2190 5033 2481 5115 occurritg
2515 5034 2775 5115 pia_sane
2810 5040 2882 5115 et
2909 5033 3242 5115 singularis,
3277 5048 3448 5104 quam
3481 5048 3551 5089 ex
3601 5033 3827 5115 Goptiea

2192 5111 2385 5180 lingua
2418 5109 2486 5166 ad
2519 5105 3158 5180 verbum_interpretati
3190 5120 3406 5180 sumus,
3438 5105 3831 5180 consentiente

2188 5175 2428 5240 Arabica
2464 5179 2744 5235 versione.
2776 5175 2836 5247 1n
2868 5188 2985 5247 uno
3015 5191 3084 5231 ex
3115 5177 3408 5233 codicibus
3439 5178 3648 5247 Regiis.
3675 5176 3830 5232 illius

2188 5254 2329 5310 adeo
2377 5253 2580 5323 legitur
2611 5246 2854 5323 formula
2885 5246 3000 5323 _illa
3050 5247 3318 5318 frequens
3368 5246 3609 5323 Aderate
3655 5248 3834 5303 Deum

2179 5341 2309 5381 cum
2365 5318 2608 5380 timore:
2663 5318 2816 5391 quod
2876 5318 3065 5375 Graece
3124 5334 3239 5376 non
3302 5321 3719 5390 pronuntietur,
3771 5328 3834 5376 ut

2187 5413 2386 5453 omnrs
2417 5393 2652 5457 similes,
2688 5405 2814 5464 eam
2836 5405 2959 5464 non
2996 5391 3136 5448 adeo
3168 5393 3461 5463 antiquam
3499 5406 3624 5449 esse
3654 5393 3837 5464 signi-

2187 5471 2289 5524 {ica
2303 5483 2359 5524 re
2389 5467 2630 5522 videtur.
2667 5463 2803 5536 Erat
2831 5463 2887 5536 ip
2919 5460 3194 5535 Scaligeri
3224 5460 3441 5536 codice,
3466 5464 3563 5520 sed
3588 5460 3835 5536 pessime

2185 5543 2465 5609 interpres
2515 5535 2798 5594 reddidit:
2831 5533 2990 5590 Orate
3029 5533 3135 5608 pro
3171 5549 3231 5590 eo
3258 5534 3351 5609 qui
3394 5533 3838 5608 portat'oerbum

2185 5612 2302 5670 Dei.
