4138 6548
321 352 436 420 695

1387 346 1760 410 LITURGIA
1807 345 1866 406 S.
1914 339 2282 407 GREGOBII
2327 346 2662 411 COPTICL

3605 345 3725 418 696

320 495 523 550 noster
542 487 681 549 Iesu
705 485 973 550 Christe.
997 485 1086 547 Tu
1119 503 1228 565 per
1252 481 1633 546 clementiam
1658 487 1818 544 tuam
1847 498 1972 540 ma-
1998 486 2034 529 Α
2061 477 2254 542 miles.
2289 482 2375 542 Tu
2402 500 2587 564 nunc,
2605 481 2882 561 Domine,
2909 503 3042 547 cum
3068 485 3329 548 levamus
3359 484 3562 547 oculos
3599 493 3726 544 cor'

321 596 502 658 gnam
535 576 731 638 fecisti
764 595 875 638 nos
899 576 1112 655 dignos
1141 575 1427 637 filiatioue
1459 589 1565 653 per
1622 571 1976 650 baptismum

324 676 621 740 sanctum,
646 665 979 728 etdocuisti
997 664 1368 726 nosformam
1394 661 1666 722 oratione
1693 661 1974 739 mysticae,

323 765 389 819 ut
420 774 526 837 per
563 773 690 817 eam
735 756 1151 816 invocaremus
1182 753 1416 816 Patrem
1457 760 1642 813 tuum.
1676 750 1762 811 Tu
1799 769 1976 818 nunc,

323 845 602 917 Domine,
638 845 730 906 fac
764 864 874 906 nos
913 845 1149 923 dignos,
1186 851 1249 903 ut
1281 841 1646 904 conscientia
1678 841 1896 900 munda
1929 849 1984 899 et

325 936 680 1015 cogitatione
705 934 882 1003 bona.
910 933 1416 1015 quemadmodum
1451 931 1623 993 decet
1647 931 1820 1002 ﬁlios,
1848 950 1981 990 cum

327 1025 630 1087 desiderio
651 1033 708 1084 et
732 1024 969 1097 fiducia,
999 1024 1325 1086 audeamus
1348 1022 1630 1083 invocare
1652 1023 1836 1084 Deum
1870 1020 1980 1080 Pa-

327 1122 479 1177 trem
499 1123 662 1176 tuum
679 1121 950 1173 sanctum
973 1113 1074 1193 qui
1095 1113 1262 1174 estin
1277 1111 1443 1173 cmlis
1465 1119 1523 1172 et
1544 1109 1843 1172 dicamus:
1871 1109 1946 1170 Pa
1967 1143 1984 1151 -

327 1211 418 1266 ter
449 1211 679 1276 noster,
715 1212 835 1264 etc.

725 1290 952 1354 Oratio
978 1300 1116 1372 post
1142 1291 1318 1353 Pater
1349 1299 1570 1352 noster.

407 1380 625 1453 Etiam,
671 1382 946 1453 Domine,
992 1381 1092 1461 qui
1143 1381 1362 1443 dedisti
1412 1380 1586 1442 nobis
1637 1390 1981 1460 potestatem

325 1470 1686 1550 calcandiserpentesetscorpiones.etomnem
1708 1473 1981 1530 virtutem

324 1561 575 1633 inimici,
612 1569 854 1621 contere
881 1562 1075 1640 capita
1124 1562 1256 1639 ejus
1305 1559 1415 1622 sub
1468 1559 1718 1638 pedibus
1768 1561 1985 1620 nostris

324 1650 699 1724 velociter,et
725 1651 953 1730 repelle
978 1670 1010 1711 a
1033 1650 1203 1712 nobis
1223 1668 1434 1711 omnes
1454 1650 1581 1728 ejus
1600 1650 1987 1728 cogitationes

2065 568 2230 630 dium
2265 579 2602 633 nostrorum
2635 573 2706 633 ad
2743 581 2823 650 te,
2858 573 3135 649 Domine,
3170 575 3270 656 qui
3319 572 3575 637 remittis
3608 571 3726 633 ini-

2068 658 2325 738 quitates
2385 664 2771 744 nostras.qui
2815 663 3064 725 redimis
3117 664 3193 726 de
3249 663 3493 726 interitu
3545 662 3722 722 vitam

2071 758 2331 811 nostram
2358 753 2710 826 ;adoramus
2735 753 3206 816 misericordiam
3237 763 3394 815 tuam
3420 754 3726 815 inenarra-

2070 837 2277 919 bilem,
2312 858 2708 924 rogamusque
2740 851 2817 915 te,
2852 853 2914 907 ut
2949 845 3249 906 concedas
3288 843 3460 905 nobis
3511 860 3718 922 pacem

2073 939 2256 991 tuam.
2298 929 2514 994 Omnia
2564 933 2738 995 nobis
2786 932 3028 1010 dedisti,
3063 935 3306 1015 acquire
3357 951 3465 993 nos
3515 931 3641 1010 tibi,
3685 951 3721 993 ο

2070 1020 2272 1097 Deus;
2307 1041 2501 1104 neque
2534 1025 2694 1086 enim
2745 1024 2925 1086 alium
2977 1025 3250 1086 novimus
3302 1031 3517 1102 praeter
3549 1031 3626 1096 te,
3663 1031 3721 1084 et

2070 1129 2287 1172 nomen
2307 1121 2469 1173 tuum
2490 1124 2759 1176 sanctum
2781 1115 3255 1194 pronuntiamus.
3274 1113 3566 1176 Converte
3590 1131 3722 1192 nos,

2071 1201 2332 1269 Deus.ad
2362 1204 2633 1266 timorem
2661 1213 2850 1278 tuum,
2872 1213 2929 1265 et
2955 1203 3320 1266 desiderium
3344 1202 3428 1263 tui
3455 1224 3470 1280 ;
3499 1211 3556 1264 et
3576 1222 3724 1267 con-

2071 1292 2218 1355 cede
2251 1302 2314 1354 ut
2341 1296 2759 1373 perveniamus
2782 1294 2855 1356 ad
2891 1294 3227 1357 fruitionem
3262 1293 3554 1355 bonorum
3590 1301 3728 1352 tuo—

2069 1401 2224 1445 rum.
2241 1382 2311 1444 Et
2333 1384 2431 1464 qui
2455 1383 3099 1466 inclinaveruntcapita
3125 1404 3230 1447 sua
3254 1383 3364 1445 sub
3387 1401 3560 1444 manu
3590 1391 3714 1461 tua,

2071 1472 2286 1535 extolle
2320 1491 2424 1535 eos
2452 1476 2508 1536 in
2539 1475 2717 1554 hujus
2746 1475 2878 1536 vitae
2908 1474 3167 1537 decursu
3197 1495 3211 1536 :
3237 1492 3384 1536 orna
3409 1491 3511 1534 eos
3533 1472 3724 1533 virtu-

2071 1563 2252 1636 tibus,
2280 1571 2337 1624 et
2371 1573 2582 1643 prmsta
2619 1573 2680 1626 ut
2708 1584 2918 1626 omnes
2965 1565 3132 1642 digni
3168 1563 3354 1625 simus
3405 1581 3590 1639 regno
3623 1570 3726 1624 tuo

2070 1653 2317 1725 cmlesti,
2347 1671 2452 1733 per
2474 1652 2914 1735 beneplacitum
2946 1654 3050 1716 Dei
3073 1654 3261 1717 Patris
3288 1652 3370 1714 tui
3398 1651 3561 1724 boui,
3589 1671 3723 1712 cum

328 1741 535 1811 malas,
559 1743 886 1802 contrarias
915 1739 1092 1801 nobis
1121 1761 1134 1801 :
1173 1749 1232 1801 tu
1263 1759 1330 1803 es
1362 1740 1521 1802 enim
1563 1741 1685 1803 Rex
1719 1740 1982 1801 omnium
2014 1769 2046 1816 ῃ
2071 1762 2186 1824 quo
2214 1750 2270 1802 tu
2301 1761 2365 1804 es
2389 1741 2766 1816 benedictus,
2792 1752 2851 1804 et
2880 1763 3014 1806 cum
3048 1742 3271 1823 Spiritu
3299 1747 3506 1804 sancto
3535 1740 3728 1803 viviﬁ-

323 1838 620 1909 nostrum,
649 1830 882 1892 Christe
912 1828 1070 1891 Deus
1099 1838 1303 1892 noster
1332 1848 1345 1893 :
1386 1839 1443 1892 et
1478 1839 1539 1891 tu
1572 1847 1636 1891 es
1667 1831 1763 1891 cui
1797 1830 1982 1890 mitti-

329 1938 461 1982 mus
492 1919 752 1994 laudem,
790 1929 905 1983 etc.

407 2009 708 2072 Sacerdos
740 2010 892 2072 dicit
923 2009 1264 2072 orationem
1299 2009 1746 2072 lnclinationis.

415 2098 745 2162 Diacouus.
781 2098 1070 2162 lnclinate
1101 2099 1294 2179 capita
1327 2108 1521 2161 vestra
1543 2098 1816 2162 Domino.

409 2191 520 2263 Tu,
549 2189 822 2261 Domine,
850 2188 1210 2251 inclinavisti
1235 2189 1419 2250 cmlos
1447 2197 1505 2252 et
1527 2188 1986 2268 descentlisti,et

325 2279 678 2342 incarnatus
703 2299 767 2340 es
794 2292 1038 2360 propter
1064 2279 1316 2340 salutem
1345 2278 1586 2356 generis
1611 2279 1854 2340 humani
1884 2300 1895 2341 :
1925 2288 1982 2340 tu

328 2369 507 2432 sedes
527 2388 708 2449 super
728 2370 1038 2431 cherubim
1064 2378 1122 2431 et
1145 2369 1856 2450 seraphim,respicisque
1880 2369 1984 2430 hu-

324 2506 651 2566 testimouia
699 2505 982 2571 vellicent,
1041 2513 1105 2562 ut
1170 2506 1516 2562 obscuritate
1569 2504 1812 2570 alicuius
1873 2506 1982 2562 loci

328 2579 658 2643 abutantur,
715 2577 1132 2650 perspicuaiei
1203 2594 1326 2650 qua
1404 2576 1634 2650 illorum
1705 2579 1981 2634 novitates

326 2650 587 2708 funditus
615 2657 901 2721 evertunt,
936 2663 1008 2705 ne
1039 2648 1296 2705 indicant
1330 2648 1586 2721 quidem.

361 2745 368 2751 -
399 2722 667 2793 Sequitur
701 2721 776 2793 in,
799 2719 996 2778 eadem
1026 2721 1302 2782 oratione.
1336 2719 1386 2778 et
1423 2720 1684 2793 mysteria
1747 2720 1847 2777 tibi
1882 2722 1983 2777 soli

325 2792 557 2865 cognita.
623 2793 686 2850 lu
746 2792 939 2865 Graeco
980 2801 1134 2850 textu
1196 2793 1292 2865 qui
1364 2792 1656 2849 manifeste
1721 2794 1980 2849 vitiosam

330 2863 688 2946 scripturam
712 2863 891 2926 habet
919 2866 1185 2946 p'aa'trﬁptu
1215 2863 1301 2920 id”)
1344 2871 1656 2946 npovooﬁcitv
1693 2868 1831 2946 abte?
1876 2888 1980 2940 σος,

337 2943 512 3024 Κύρίε.
550 2945 705 3006 nbllr
737 2963 937 3024 sensu;
971 2945 1127 3005 hunc
1161 2943 1453 3024 expressit
1479 2943 1666 3024 Arabs
1691 2944 1984 3024 interpres

463 2995 725 3099 agas.
738 2995 1544 3099 '.;.".:.‘:t.ti5;‘;n;atgcia‘is}:
1560 2995 1984 3099 “eimagis;

2068 1841 2264 1908 caute,
2299 1832 2528 1914 tibique
2571 1833 3086 1910 consubstantiali,
3125 1853 3304 1905 nunc,
3340 1840 3454 1894 etc.

2121 1922 2425 1985 Sacerdos
2440 1923 2602 1986 dicet
2617 1942 2729 1986 ora
2741 1926 2964 1986 tionem
2981 1924 3382 1987 Absolutionis
3394 1922 3474 1984 ad
3493 1921 3728 1984 Filium

2067 2012 2321 2076 Domine
2341 2015 2484 2074 Jesu
2509 2012 2748 2076 Christe
2769 2013 2909 2077 Filii
2936 2013 3262 2091 unigenite,
3290 2021 3436 2093 etc.,
3462 2020 3527 2073 ut
3551 2013 3613 2074 in
3639 2011 3734 2076 Li-

2070 2104 2286 2181 iurgia
2317 2105 2513 2166 sancti
2546 2104 2792 2166 Basilii.

2148 2193 2447 2256 Sacerdos
2477 2194 2626 2256 dicit
2657 2194 3146 2272 Confessionem.

2149 2283 2380 2362 Corpus
2411 2291 2689 2345 sanctum
2729 2283 2853 2364 (l5)
2889 2292 2947 2345 et
2983 2283 3222 2364 sanguis
3255 2283 3552 2362 pretiosus
3589 2281 3732 2345 Jesu

2069 2371 2288 2433 Christi
2317 2371 2458 2436 Filii
2485 2372 2596 2435 Dei
2635 2374 2843 2435 nostri.
2882 2375 3076 2438 Amen
3112 2373 3257 2445 (16).

2066 2521 2197 2587 nem
2230 2508 2620 2587 Eucharistiae,
2668 2511 2911 2587 _Grae_ce,
2981 2510 3202 2587 Latine.
3259 2508 3514 2587 Syrisce,
3549 2509 3726 2580 Egy-

2065 2581 2269 2653 ptiace,
2299 2581 2636 2653 @thiopice.
2668 2582 2921 2649 Persice,
2949 2590 3046 2640 aut
3086 2583 3382 2639 Armenice
3410 2581 3440 2636 φ

2109 2652 2246 2732 ,διξὰ
2273 2652 2415 2732 illud
2449 2651 2691 2732 minoris
2725 2654 2996 2732 momenti
3039 2663 3124 2710 est
3169 2670 3187 2732 ί
3216 2669 3278 2709 ea
3305 2666 3438 2732 quas
3477 2651 3718 2732 subjunf

2068 2724 2167 2792 git.
2206 2725 2460 2797 mentita,
2493 2727 2652 2790 falsa,
2695 2725 2978 2797 plenaque
3009 2724 3238 2787 erroris.
3303 2725 3638 2797 ignorantis:
3668 2731 3722 2780 et

2067 2795 2427 2866 temeritatis,
2451 2798 2713 2854 excusari
2753 2795 2912 2855 nulla
2938 2797 3170 2867 ratione
3191 2804 3453 2867 possunt,
3506 2795 3621 2867 nisi
3653 2809 3726 2851 ex

2067 2868 2318 2940 auctoris
2352 2865 2822 2940 imperitiahqum
2847 2872 3140 2926 excusatio
3163 2865 3362 2940 locum
3385 2865 3501 2925 nun
3535 2865 3724 2923 habet.

2067 2935 2203 3012 Quis
2226 2942 2378 2995 enim
2411 2935 2644 3012 cogebat
2675 2935 2988 3004 hominem,
3023 2941 3126 3012 qui,
3154 2941 3210 2995 in
3241 2939 3491 3012 Ecclesia
3531 2940 3727 3012 catho-

2069 3007 2174 3064 lica
2207 3019 2375 3067 natus
2405 3021 2461 3070 et
2484 3007 2800 3081 baptizatus
2832 3007 3230 3070 avitam'ﬂdem
3257 3010 3588 3082 juvenilitt-r
3621 3010 3728 3065 de-

330 3083 476 3167 btica
510 3083 677 3154 l'ectio
712 3119 723 3150 :
757 3096 828 3151 Et
875 3083 1142 3168 mysteria
1169 3114 1283 3170 qua
1314 3098 1410 3154 tibi
1459 3097 1678 3168 cognita
1709 3105 1846 3159 sunt,
1882 3097 1984 3150 Do-
2007 3119 2048 3171 ο
2073 3091 2350 3171 δεῖξιεΐξξν
2384 3083 2456 3171 fit?
2487 3083 2662 3171 "ibus.
2686 3084 3300 3171 'h90logi0i3,$§(lbef0
3327 3083 3353 3171 Ῐ

327 3172 515 3248 mine,
578 3192 912 3249 μμυστηριον
981 3191 1097 3226 ετον
1157 3191 1333 3248 ερνοιη
1366 3191 1560 3245 μμωου
1592 3191 1730 3234 ητα-ς
1801 3191 1982 3232 atavos.

327 3248 528 3307 Versio
559 3248 1148 3321 Arabica'gmyslerio
1173 3250 1335 3321 plena
1381 3249 1520 3320 quod
1567 3249 1668 3304 tibi
1724 3249 1993 3321 cognitum

331 3327 428 3383 est,
463 3321 681 3377 Domine
714 3337 726 3375 :
761 3319 908 3377 male
931 3319 1213 3378 Maronit‘a
1247 3343 1259 3376 :
1305 3319 1609 3393 mysterium
1674 3319 1989 3393 spirituale.

331 3393 618 3450 Sententia
651 3407 719 3448 ex
753 3393 1200 3462 praecedentibus
1231 3391 1371 3449 haec'
1393 3401 1495 3449 est.
1556 3391 1764 3447 Fecisti
1824 3393 1980 3447 obla-

333 3466 518 3522 tiones
552 3465 873 3521 invisibiles
906 3479 974 3520 ex
1006 3465 1352 3534 visibilibus,
1393 3477 1446 3520 et
1478 3465 1838 3534 mysterium.
1877 3465 1996 3519 sive

379 3550 440 3593 er
470 3536 813 3608 mysterium,
838 3535 988 3608 quod
1022 3536 1180 3593 solus
1211 3537 1476 3600 Domine,
1531 3534 1830 3604 intelligis,
1862 3549 1992 3608 cum

379 3550 440 3593 er
470 3550 804 3608 mysterium
838 3550 988 3607 quoa
1022 3550 1180 3593 sotus
1211 3550 1476 3600 nomine,
1531 3550 1830 3604 tntetngts,
1862 3550 1987 3592 cum

335 3550 612 3670 Romanae
635 3607 850 3669 mentis
871 3607 1026 3688 vires
1059 3615 1321 3688 superet.
1358 3611 1509 3673 Nam
1547 3620 1795 3688 προιδεῖν
1827 3607 1987 3688 quod

338 3696 425 3746 est
459 3689 515 3744 in
549 3689 744 3746 Grmco
775 3696 955 3754 textu,
997 3687 1286 3758 Copt’icus,
1317 3699 1380 3745 ut
1431 3687 1716 3757 superius,
1749 3687 1992 3758 explicat

341 3777 663 3852 perufpvow
695 3760 806 3852 hoc
841 3769 929 3852 est
960 3757 1132 3851 voatv:
1170 3759 1532 3852 Arabes-per
1561 3777 1632 3820 ea
1660 3757 1836 3817 verba
1862 3778 1996 3834 qum

339 3840 659 3914 {Metili-gere,
682 3847 739 3914 et
769 3841 1257 3914 animoconcipere
1272 3843 1318 3914 si
1327 3841 1529 3914 gniﬂca
1539 3849 1619 3914 nt.

411 3913 520 3982 (15)
555 3912 629 3968 De
658 3912 753 3968 illa
792 3911 995 3969 eximia
1037 3911 1143 3968 nec
1181 3911 1355 3969 ullius
1422 3912 1492 3968 ad
1548 3911 1994 3968 Protestantium

340 3992 590 4056 mentem
623 3983 1111 4056 interpretationis
1142 3999 1349 4056 capace
1380 3982 1758 4051 confessione,
1781 3983 1994 4056 dictum

340 4053 517 4127 estad
556 4053 1228 4127 Liturgiam_S.Basiiii;‘
1283 4070 1464 4126 pauca
1523 4062 1741 4112 tantum
1797 4055 1994 4127 (φερτ-

340 4125 623 4199 vabimus.
669 4125 792 4199 quae
822 4125 892 4182 ad
954 4126 1118 4183 istam
1179 4128 1412 4199 proprie
1465 4135 1744 4197 spectant.
1809 4125 1998 4180 EXstat

344 4198 401 4251 in
435 4212 499 4252 ea
531 4197 652 4266 ipsa
685 4197 938 4268 Liturgia
986 4213 1156 4269 quam
1185 4197 1404 4256 icitavit
1434 4199 1768 4257 Salmasius.
1812 4207 1871 4252 ut
1902 4213 1995 4252 ar-

344 4277 613 4344 gumenta
646 4269 1197 4344 subministrantem,
1230 4271 1440 4344 quibus
1497 4280 1550 4344 et
1599 4269 1995 4344 Caihoiicisos

343 4339 767 4412 occluderetur,
790 4350 843 4398 et
871 4340 1231 4399 Calvinistica
1247 4338 1426 4401 causa
1461 4341 1860 4412 triumpharet.
1888 4338 1996 4395 Cur

342 4411 518 4481 igitur
548 4411 618 4468 de
651 4413 755 4470 ista
790 4414 1148 4471 confessione
1181 4416 1251 4472 ita
1315 4416 1538 4472 locutus
1571 4411 1656 4470 est
1688 4414 1743 4468 in
1779 4429 1878 4469 sua
1930 4415 1994 4463 ad

339 4482 613 4557 Daiiaum
638 4485 896 4556 epistola,
936 4494 996 4543 ut
1027 4488 1310 4557 integram
1343 4487 1653 4543 orationem
1683 4497 1799 4539 non
1834 4493 1999 4557 retu-

337 4554 489 4620 ierit,
523 4554 690 4627 quod'
707 4567 828 4613 erat
857 4566 1047 4614 tamen
1081 4554 1496 4621 necessarium.
1557 4565 1611 4614 et
1650 4565 1842 4612 notam
1894 4555 1994 4611 fal-

339 4627 626 4701 sissimam
686 4627 1002 4701 adiecerit?
1063 4629 1249 4685 Verba
1302 4629 1425 4701 ejus
1505 4637 1689 4684 sunt:
1753 4649 1795 4701 ιΔ
1867 4627 1999 4701 Post

341 4696 786 4770 celebrationem
831 4697 1030 4764 C1302,
1085 4710 1138 4756 et
1191 4696 1688 4770 participationem
1749 4698 1872 4769 ejus
1917 4698 1997 4754 fa-

342 4777 515 4843 ctam,
545 4768 697 4824 idem
730 4770 998 4827 sacerdos
1032 4768 1244 4828 monet.
1304 4773 1360 4828 id
1402 4768 1555 4843 quod
1589 4786 1616 4826 a
1677 4768 2004 4826 communi-

343 4839 609 4921 cautibus
625 4849 971 4921 susceptum
1014 4851 1123 4921 est,
1148 4855 1346 4900 verum
1380 4839 1508 4921 esse
1538 4855 1749 4911 corpus
1795 4851 2002 4921 ct_san~

339 4910 573 5040 guinem
620 4910 846 4976 Christi,
886 4913 941 4968 id
973 4923 1058 4971 est
1100 4914 1350 4972 fructum
1382 4915 1512 4971 vitis
1544 4910 1704 4970 verae.
1767 4913 1864 4984 qui
1923 4924 2005 4968 est

386 4982 622 5040 hristus.
652 4983 726 5040 ita
758 4983 1120 5040 signiﬁcans.
1160 4987 1355 5040 vinum
1395 4986 1616 5040 calicis.
1665 4999 1779 5040 non
1838 4985 2004 5040 aliter

386 4982 622 5047 hristus.
652 4983 726 5040 ita
758 4983 1120 5055 signiﬁcans.
1160 4987 1355 5044 vinum
1395 4986 1616 5054 calicis,
1665 4982 1796 5041 non
1838 4985 2004 5041 aliter

339 5055 530 5111 vocari
591 5058 932 5126 sanguinem
981 5057 1211 5115 Domini
1255 5074 1474 5122 verum,
1539 5071 1710 5127 quam
1791 5067 1849 5112 ut
1881 5057 2002 5124 ipse

343 5139 537 5200 veram
572 5141 633 5182 se
663 5128 846 5200 vitem
864 5130 1195 5200 appellavn.
1239 5150 1261 5182 ι
1314 5129 1593 5188 Excusari
1626 5143 1764 5184 sane
1823 5127 2005 5200 0δίνί-

339 5197 488 5275 nista
520 5197 1078 5275 potest,_Calvinist:e
1120 5201 1363 5275 loquens
1395 5201 1461 5258 de
1495 5216 1600 5258 usu
1631 5199 1996 5275 ridiculovo-

339 5270 421 5345 eis
445 5269 653 5345 Cinnae,
690 5271 761 5345 ad
793 5271 1130 5345 Liturgiam,
1170 5269 1458 5345 totamque
1519 5287 1740 5345 sacram
1779 5269 2000 5345 Euchaf

338 5341 504 5397 ristiae
572 5341 1296 5415 celebrandre'actiouem
1363 5341 1826 5415 signiﬁcandam.
1889 5343 1995 5399 Sed

337 5425 468 5469 cum
503 5413 728 5483 publice
760 5416 1045 5482 scribunt,
1077 5420 1158 5476 uti
1184 5417 1391 5475 debent
1425 5413 1552 5473 illis
1594 5414 2000 5484 vocibus.quas

338 5484 603 5560 universa
639 5484 895 5543 Ecclesia
929 5505 1036 5546 usu
1061 5504 1175 5547 non
1209 5491 1528 5560 interrupto
1563 5485 1883 5560 multorum
1913 5503 2005 5541 sa:-

338 5555 603 5637 cuiorum
665 5562 1026 5637 consecravit
1058 5577 1239 5637 {cum
1292 5555 1468 5637 multa
1497 5570 1643 5637 gens
1681 5557 2001 5614 Christiana

335 5630 733 5702 cujuscunque
769 5630 1024 5702 ritus_et
1076 5634 1303 5702 linguae,
1356 5634 1430 5690 ita
1497 5630 1684 5688 locuta
1749 5643 2003 5699 unquam

334 5694 509 5772 fuisse
541 5694 881 5772 reperiatur.
917 5700 1130 5763 Cedant
1164 5694 1400 5764 "eruditi
1458 5703 1560 5765 illi,
1629 5702 1729 5772 qui
1789 5694 2003 5757 tantam

334 5764 1091 5856 grieniaiiuni‘linguaruui
1123 5779 1388 5847 peritiam
1439 5764 1663 5856 ubique
1691 5779 2000 5856 ostentant.

335 5845 631 5898 θιιοιοΐθω
660 5839 870 5915 ullum]
900 5846 1000 5919 qui
1047 5839 1267 5908 Ctinam
1319 5839 1608 5907 vocaverit
1663 5843 2006 5904 celebratio-

2149 3152 2344 3224 Oratio
2373 3169 2495 3224 quae
2525 3152 2944 3212 confessionem
3010 3156 3284 3220 continet,
3327 3168 3443 3211 non
3520 3152 3733 3209 dicitur

2077 3232 2202 3306 post
2232 3223 2678 3309 celebrationem
2735 3227 3239 3309 l.iturgi:e._neque
3289 3235 3415 3309 post
3467 3238 3732 3309 commu-

2077 3297 2335 3359 nionem.
2395 3298 2496 3354 sed
2547 3306 2850 3368 antequam
2902 3297 2973 3357 ea
3008 3297 3382 3368 distribuatur
3414 3319 3445 3368 τί
3486 3306 3548 3353 ut
3603 3297 3725 3366 ipsa

2079 3368 2292 3424 rituum
2323 3371 2504 3427 series
2565 3367 2711 3426 satis
2762 3369 2974 3428 indicat
3009 3393 3018 3425 :
3055 3369 3195 3426 adeo
3242 3378 3304 3427 ut
3359 3367 3728 3433 Salmasium,

2076 3447 2173 3514 aut
2203 3440 2513 3513 Liturgiam
2545 3456 2660 3499 non
2694 3441 2897 3514 legisse
2949 3451 3226 3514 oporteat,
3281 3449 3379 3498 aut
3438 3439 3728 3514 neminem

2074 3509 2331 3584 futurum
2363 3509 2888 3584 Existimassefqui.
2924 3509 3104 3570 oculis
3143 3513 3204 3569 in
3247 3527 3369 3569 eam
3432 3510 3727 3582 conjectis,

2079 3580 2204 3657 fal_s_i
2237 3598 2369 3640 eum
2408 3586 2720 3643 testimonii
2743 3580 2905 3642 reum
2931 3593 3286 3657 agnosceret.

2151 3653 2344 3727 Neque
2376 3657 2568 3713 minus
2591 3657 2731 3714 falso
2763 3653 3027 3721 amrma't.
3059 3672 3087 3712 a
3135 3655 3428 3712 sacerdote
3460 3653 3568 3710 dici
3604 3660 3734 3726 post

2080 3728 2566 3793 communionem,
2599 3728 2655 3784 id
2686 3729 2838 3799 quod
2870 3746 2898 3786 a
2930 3727 3492 3799 communicantibus
3542 3740 3731 3799 susce-

2081 3805 2238 3873 ptum
2271 3807 2518 3873 est,,esse
2549 3796 2744 3871 corpus
2801 3805 2852 3857 et
2909 3801 3224 3873 sanguinem
3279 3798 3501 3873 Caristi,
3561 3796 3616 3850 id
3661 3800 3736 3873 est

2077 3867 2316 3944 fructum
2344 3872 2472 3927 vitis
2500 3867 2653 3937 certe,
2713 3887 2835 3944 quae
2872 3877 2950 3930 est
3008 3867 3275 3944 Christus.
3335 3871 3524 3940 Neque
3553 3869 3736 3944 enim

2079 3941 2392 4016 quidquam
2425 3944 2613 4000 simile
2644 3941 2942 4016 leg‘iturin
3003 3943 3363 4016 orationibus
3423 3941 3735 4012 gratiarum

2079 4011 2319 4069 actionis
2351 4031 2366 4074 :
2402 4025 2455 4071 et
2517 4031 2648 4073 cum
2687 4011 2954 4073 sacerdos
2999 4015 3180 4071 dicit:
3236 4014 3344 4070 Hoc
3410 4011 3488 4068 est
3550 4027 3740 4082 ret-pus

2079 4091 2350 4160 verume:
2379 4088 2602 4160 sanguis
2628 4088 2920 4158 pretiosus,
2981 4087 3189 4160 Christi
3241 4085 3334 4160 Dei
3365 4085 3564 4160 nostri,
3602 4095 3733 4160 etc._,

2082 4155 2198 4210 haec
2229 4155 2498 4216 dicuntur
2537 4155 2668 4216 ante
2697 4159 3187 4216 communionem.
3243 4156 3731 4214 Communicaturi

2078 4229 2452 4303 respondent,
2486 4243 2795 4302 au'equam
2826 4245 2990 4288 sacra
3026 4230 3292 4303 mysteria
3351 4227 3730 4303 susceperint,

2079 4307 2152 4364 ita
2191 4299 2539 4367 credere‘se,
2573 4299 2974 4359 et‘credituros
3007 4299 3369 4358 ad'uitimuni
3403 4315 3584 4369 usque
3618 4299 3737 4354 vitae

2079 4374 2370 4448 spiritum.
2414 4378 2520 4448 h_oc
2556 4374 2709 4448 quod
2743 4375 2934 4432 vident
2964 4374 3022 4430 in
3055 4372 3367 4448 sacerdotis
3398 4371 3738 4448 celebrantis

2082 4443 2273 4512 manu,
2309 4445 2463 4516 quod
2511 4445 2815 4516 episcopus
2844 4455 2900 4502 et
2928 4445 3219 4514 sacerdos,
3275 4458 3409 4502 cum
3461 4443 3740 4516 ordinan-

2083 4529 2212 4601 tur,‘
2261 4514 2437 4575 manu
2467 4514 2812 4601 suscipiunt,
2863 4532 3048 4601 neque
3101 4516 3404 4601 adhucpri
3473 4514 3743 4601 admove:

2082 4597 2241 4659 runt,
2273 4603 2399 4646 esse
2438 4588 2648 4658 corpus
2681 4599 2735 4646 et
2767 4588 3110 4660 sanguinem
3151 4588 3397 4660 Domini,
3446 4595 3502 4644 et
3551 4596 3739 4660 tamen

2021 4690 2063 4740 ι)
2083 4681 2156 4725 ex
2187 4661 2499 4742 hypothesi
2531 4659 2921 4738 Salmasiana,
2949 4660 3102 4722 dona
3135 4659 3456 4740 proposita.
3521 4659 3740 4742 προκεί-

2089 4738 2248 4824 μενκς
2265 4738 2452 4824 ίιιίιιῆι
2479 4742 2688 4824 adhuc
2704 4749 2868 4817 sunt,
2917 4738 3147 4822 praeter
3163 4738 3374 4824 partem
3408 4748 3496 4824 et__
3516 4738 3741 4824 viuum,

2088 4818 2318 4881 cum'in
2351 4822 2475 4879 solo
2516 4837 2622 4880 usu
2659 4821 2800 4881 ﬁant
2841 4818 3050 4891 corpus
3085 4832 3139 4876 et
3164 4818 3670 4892 sanguisChristi.

2158 4894 2441 4967 Nequein
2475 4903 2588 4951 tota
2623 4894 2732 4950 bac
2765 4896 3041 4967 Liturgia,
3073 4901 3170 4950 aut
3200 4891 3314 4967 ulla
3348 4891 3746 4967 cujuscunque

2087 4969 2231 5025 ritus
2252 4963 2306 5024 et
2334 4965 2540 5038 lingua:
2575 4968 2910 5036 reperietur.
2939 4963 3072 5022 talis
3102 4963 3560 5038 sacerdotumad
3595 4975 3744 5038 rom-

2085 5033 2899 5112 municantesmonitioauam
2923 5033 3739 5112 commentus_estSalmasiii§.

2085 5110 2366 5167 elementa
2399 5125 2524 5166 esse
2555 5107 2765 5171 corpus
2808 5109 3032 5171 Christi,
3087 5116 3147 5165 ut
3176 5107 3434 5165 Christus
3487 5116 3569 5163 est
3617 5107 3746 5159 vitis

2087 5196 2241 5238 vera.
2272 5182 2337 5239 In
2364 5181 2624 5239 oratione
2657 5175 2952 5238 fractiouis
2975 5179 3047 5237 ad
3079 5179 3287 5236 Filium
3320 5177 3528 5248 legitur
3556 5194 3567 5234 :
3598 5175 3742 5230 Piac-

2080 5255 2292 5324 ραι-ηειί
2321 5252 2470 5309 nobis
2494 5269 2683 5324 panem
2707 5254 2979 5316 caelestem,
3011 5266 3206 5324 corpus
3265 5250 3356 5305 hoc
3405 5259 3591 5324 tuum_
3619 5264 3748 5301 san-

2080 5322 2226 5380 ctum
2255 5342 2317 5382 in
2346 5322 2674 5396 mysterio...
2719 5324 2986 5396 Miscuiin
3015 5323 3167 5379 nobis
3197 5324 3421 5379 calicem
3461 5337 3533 5396 ea;
3561 5322 3747 5392 [metu

2081 5397 2208 5472 uitis
2249 5393 2665 5472 vei-wfquwest
2689 5398 2848 5472 _latu_s
2880 5395 3155 5472 divinum
3185 5400 3347 5472 tuam
3373 5400 3440 5472 _et
3483 5393 3754 5472 inamare-

2086 5469 2275 5525 latum.
2310 5469 2389 5525 Ita
2425 5463 2774 5526 Gaudentius
2805 5469 2956 5526 Brix.
2981 5476 3151 5524 tract.
3185 5467 3226 5522 ll
3256 5467 3334 5522 De
3365 5464 3589 5522 Pasch;
3620 5463 3756 5529 Quid

2086 5541 2226 5614 quod
2251 5539 2451 5614 accipis
2480 5556 2671 5614 corpus
2704 5546 2780 5614 esi
2809 5539 2965 5614 iuius
2998 5537 3165 5614 panis
3223 5537 3468 5614 micatis,
3511 5543 3558 5589 et
3600 5549 3760 5614 Asan-

2086 5556 2224 5613 quoa
2251 5557 2363 5596 acci
2405 5556 2451 5597 ts
2480 5556 2671 5614 corpus
2704 5556 2780 5598 est
2809 5556 2959 5596 unus
2998 5556 3165 5610 panis
3223 5556 3468 5606 catum,
3511 5556 3558 5589 ει
3623 5556 3758 5592 san-

2085 5611 2206 5684 gm‘s
2223 5619 2297 5668 est
2322 5556 2470 5669 έᾶίω
2504 5628 2678 5670 sacrae
2724 5613 2874 5670 vitis.
2927 5611 3046 5668 Non
3081 5609 3255 5681 igitur
3287 5610 3560 5666 dixerunt
3579 5606 3758 5735 cem}

3579 5689 3723 5735 sttan
3742 5689 3758 5728 Ι

2169 5755 2300 5833 (16)
2335 5763 2501 5831 Σῶμα
2545 5756 2697 5836 ἂγιον
2729 5759 2815 5814 καὶ
2889 5756 3034 5833 αἷμα
3066 5753 3247 5830 τίμιον
3289 5753 3470 5822 Ἰησοῦ
3530 5757 3754 5832 Χριστοῦ

2088 5837 2180 5895 τοῦ
2225 5837 2345 5897 ι’ἱοῦ
2370 5845 2461 5898 τοῦ
2507 5845 2641 5897 Θεοῦ
2684 5839 2868 5915 ἡμῶν.
2911 5837 3114 5915 Ἀμήν.
