4138 6398
384 321 499 389 717

1309 330 1679 397 LITURGIA
1721 329 1786 395 ὃ.
1830 323 2198 393 GBEGORII
2241 323 2826 394 ALEXANDRINA.

3638 327 3757 393 718

466 463 730 546 Εὔφρανον
789 463 946 524 πάλιν
991 467 1077 523 καὶ
1100 465 1437 524 ἀνακαίνισον
1494 467 1553 523 τὸ
1585 465 1868 544 πρόσωπον
1925 469 2023 532 τῆς

2190 461 2446 524 Laetifica
2477 462 2652 524 etiam
2684 471 2742 524 et
2774 479 2994 525 renova
3021 462 3232 526 faciem
3266 471 3462 527 terrae.

379 576 504 632 γης.

460 645 590 708 τοὺς
646 645 879 711 αὔλακας
935 646 1100 715 αὐτῆς
1151 645 1398 722 μέθυσον,
1461 644 1727 716 πλήθυνον
1799 644 1865 701 τὰ
1898 665 2025 722 γεν-

377 727 589 800 νήματα
645 729 830 794 αὖτῆς⁹
903 727 1244 807 παράστησον
1273 729 1410 803 ἡμῖν
1467 727 1597 786 αὐτὰ
1647 727 1719 788 είς
1790 724 2024 804 σπέρμα,

373 815 459 870 καὶ
519 815 592 878 είς
641 817 908 895 θερισμὸν,
965 817 1052 872 καὶ
1124 825 1211 876 νῦν
1274 815 1507 895 εὖλογῶν
1557 815 1876 894 εὒλόγησον.
1917 814 2027 880 Τὴν

372 905 514 974 ζωὴν
570 905 723 980 ἡμῶν
795 907 1170 984 οἷκονόμησον,
1247 907 1551 986 Εὺλόγησον
1608 909 1702 964 τὸν
1767 903 2024 984 στέφανον

370 1000 464 1050 τοῦ
508 993 743 1053 ἐνιαῦτοῦ
812 998 912 1064 τῆς
985 997 1360 1077 χρηστὸτητὸς
1390 1018 1507 1078 σου,
1564 994 1648 1053 διὰ
1701 995 1823 1059 τοὺς
1868 1015 2028 1051 πτω-

373 1085 504 1163 χοὺς
540 1088 630 1141 τοῦ
691 1084 821 1144 λαοῦ
874 1109 988 1167 σου,
1052 1083 1136 1142 διὰ
1172 1088 1272 1151 τὴν
1314 1088 1516 1168 χήραν,
1560 1086 1647 1142 καὶ
1678 1086 1769 1142 τὸν
1799 1083 2026 1164 ὀρφανόν

374 1172 457 1229 διὰ
513 1174 604 1232 τὸν
668 1174 835 1253 ξένον,
897 1178 982 1233 καὶ
1041 1177 1132 1233 τὸν
1190 1175 1546 1255 προσήλυτον,
1611 1176 1698 1232 καὶ
1754 1173 1822 1230 δι’
1881 1176 2024 1250 ἡμᾶς

377 1261 578 1326 πάντας
621 1265 741 1329 τοὺς
775 1264 1082 1338 ἐλπίζοντας
1144 1266 1230 1324 ἐπὶ
1287 1267 1390 1342 σοὶ,
1425 1268 1513 1324 καὶ
1571 1263 2022 1341 ἐπικαλουμένους

379 1354 440 1409 τὸ
496 1353 666 1431 ὂνομά
721 1377 813 1416 σου
863 1357 924 1412 τὸ
990 1355 1160 1435 ἅγιον.
1222 1359 1282 1415 Ol
1339 1358 1438 1435 γὰρ
1493 1354 1752 1437 ὀφθαλμοὶ
1812 1355 2026 1410 πάντων

381 1443 455 1506 εἱς
515 1444 573 1499 σὲ
630 1443 918 1518 ἐλπίζουσι,
968 1449 1055 1503 καὶ
1125 1449 1186 1503 σὺ
1244 1445 1394 1511 δίδως
1454 1449 1551 1515 τήν
1606 1446 1804 1526 τροφὴν
1857 1444 2029 1500 αὖτῶν

381 1530 436 1587 ἐν
507 1535 764 1614 εὐκαιρίᾳ,
839 1537 1070 1604 Ποίησον
1130 1536 1248 1614 μεθ’
1303 1539 1458 1615 ἡμῶν
1508 1537 1644 1596 κατὰ
1694 1536 1794 1603 τὴν
1823 1534 2027 1612 ἀγαθὸ-

381 1625 518 1691 τητά
559 1647 674 1705 σου,
728 1628 757 1683 ὁ
813 1625 982 1692 διδοὺς
1047 1627 1248 1707 τροφὴν
1299 1628 1447 1704 πάσῃ
1506 1627 1680 1707 σαρκί,
1734 1623 2028 1703 Πλήρωσον

383 1719 556 1794 χαρᾶς
624 1717 710 1772 καὶ
790 1717 1111 1795 εὖφροσόνης
1181 1717 1276 1781 τὰς
1324 1715 1537 1797 καρδίας
1588 1717 1769 1796 ἡμῶν,
1827 1712 1921 1770 ’ἵνα
1973 1711 2026 1768 ἐν

379 1809 533 1882 πᾶσι,
595 1804 822 1864 πάντοτε
908 1812 1084 1864 πᾶσαν
1151 1807 1466 1886 αὐτάρκειαν
1523 1806 1770 1886 ἔχοντες,
1832 1823 2024 1882 περισ-

376 1892 648 1969 σεύσωμεν
677 1895 750 1960 εἰς
783 1901 887 1953 πᾶν
946 1894 1096 1976 ἔργον
1139 1896 1356 1977 ἀγαθὸν,
1417 1903 1510 1954 τοῦ
1571 1894 1754 1954 ποιεῖν
1812 1893 1873 1949 τὸ
1928 1891 2020 1948 Θέ-
2045 1924 2085 1976 Β

373 1981 524 2064 λημά
541 2005 633 2041 σου
654 1987 714 2042 τὸ
757 1985 932 2064 ἅγιον.

459 2063 516 2155 ἸΟ
541 2072 670 2139 λαὸς
700 2063 874 2154 λέγει.
913 2078 1066 2155 Κύριε
1090 2077 1334 2144 ἐλέησον.

461 2152 517 2221 Ὀ
567 2165 732 2244 ἱερεὺς
775 2152 944 2246 λέγει,
973 2152 1060 2225 καὶ
1097 2168 1124 2224 ό
1163 2166 1293 2232 λαὸς
1337 2167 1697 2248 ἀποκρίνεται,

460 2254 613 2336 Κύριε
645 2254 865 2324 ἐλέησον
876 2305 889 2319 ,

466 2344 687 2423 Χάρισαι
718 2353 794 2421 τῷ
827 2345 941 2422 λαῴ
972 2370 1066 2423 σου
1094 2350 1192 2415 τὴν
1225 2349 1500 2425 ὃμὸνοιαν.

463 2441 548 2508 Τῷ
589 2435 778 2511 κὸσμῳ
801 2439 901 2503 τὴν
931 2438 1252 2502 εὐστάθειαν,

464 2530 550 2598 Τῷ
578 2524 689 2586 ἆέοι
733 2525 829 2592 τὴν
858 2527 1155 2603 εὐκρασίαν,

464 2622 592 2678 Τοῖς
619 2621 829 2671 νοσοῦσι
873 2616 972 2683 τὴν
1014 2617 1305 2695 σωτηρίαν.

466 2712 593 2767 Τοῖς
625 2701 893 2778 δεομένοις
928 2706 1022 2771 τὴν
1044 2703 1319 2780 ἆνάψυξιν,

466 2803 591 2858 Τοῖς
621 2793 677 2851 ἐτ
705 2793 925 2873 ἐξορίαις
953 2794 1050 2862 τὴν
1077 2793 1276 2854 ἄνεσιν.

464 2893 591 2950 Τοῖς
622 2885 872 2964 ὀρφανοῖς
897 2885 992 2952 τὴν
1022 2885 1291 2962 βοήθειαν.

460 2983 593 3038 Ταῖς
625 2975 824 3055 χήραις
854 2975 952 3044 τὴν
978 2973 1288 3050 ἀντίληψιν.

465 3074 588 3131 Τοῖς
619 3062 948 3141 Θλιϐομένοις
979 3064 1285 3146 ἐπάρκησον
1305 3065 1378 3129 εἷς
1409 3063 1626 3143 ἀγαθὸν,

461 3155 593 3220 Τοὺς
623 3155 856 3220 ἑστῶτας
887 3155 1187 3236 ὀχύρωσον,

462 3333 590 3398 Τοὺς
621 3335 970 3398 πεπτωκὸτας
1014 3334 1242 3415 ἒγιιρον,

464 3424 595 3487 Τοὺς
624 3423 916 3492 ἃστηκὸτας
939 3423 1253 3506 ἀσφάλισαι.

464 3513 578 3572 Τῶν
610 3513 1016 3592 γεκοιμημένων
1047 3516 1338 3591 μνήσθητι.

463 3608 582 3661 Τῶν
609 3604 664 3663 ἓν
693 3603 953 3685 ὁμολογίᾳ
981 3605 1074 3672 τὰς
1103 3603 1382 3686 πρεσϐείας
1423 3603 1735 3686 πρὸσδεξαι,

464 3788 597 3853 Τοὺς
679 3775 1057 3868 ἡμαρτηκότας
1142 3788 1232 3846 καὶ
1288 3787 1748 3866 μετανοήσαντας,
1812 3783 2032 3863 συναρί-

382 3875 588 3954 θμησον
618 3877 754 3956 μετὰ
780 3879 886 3936 τῶν
926 3881 1129 3936 πιστῶν
1159 3901 1280 3943 σου,

464 3969 597 4033 Τοὺς
654 3969 870 4032 πιστοὺς
952 3970 1338 4048 συναρίθμησον
1396 3967 1534 4044 μετὰ
1579 3963 1858 4044 μαρτύρων
1907 3983 2023 4023 σου.

452 4059 704 4137 Μιμητᾶς
769 4059 892 4124 τοὺς
953 4060 1220 4138 παρόντας
1248 4059 1303 4119 ἐν
1334 4065 1414 4133 τῷ
1472 4061 1626 4131 τόπῳ
1681 4054 1853 4128 τούτῳ
1914 4059 2021 4110 τῶν

377 4149 620 4230 ἀγγέλων
652 4151 1012 4218 κατάστησον,

454 4241 552 4299 Καὶ
581 4242 725 4317 ἡμᾶς
781 4246 851 4317 τῇ
921 4247 990 4319 σῇ
1047 4242 1228 4322 χάριτι
1275 4241 1406 4318 πρὸς
1449 4237 1548 4304 τὴν
1577 4236 1679 4304 σὴν
1735 4231 2012 4308 κεκλημέ-

372 4352 488 4393 νους
517 4328 780 4388 διακόνίαν
822 4329 1059 4397 ἀναξίους
1091 4329 1242 4395 ὄντας
1275 4324 1545 4394 ὑπόδεξαι.

453 4411 510 4479 Ὀ
540 4419 668 4484 λαὸς
699 4419 868 4500 λέγει,
915 4423 1069 4501 Κύριε
1093 4420 1336 4489 ἐλέησον,

453 4501 510 4570 Ὀ
562 4511 729 4588 ἱερεὺς
771 4510 941 4590 λέγει.
1016 4512 1315 4591 Μνήσθητι,
1350 4509 1525 4588 Κύριε,
1597 4507 1687 4563 καὶ
1758 4504 1854 4572 τῆς
1902 4505 2009 4560 πό-

2190 642 2399 706 Sulcos
2425 645 2554 724 ejus
2582 642 2836 723 inebria,
2875 642 3206 724 multiplica
3235 644 3543 723 genimina
3576 646 3708 726 ejus
3737 667 3750 705 :

2109 735 2306 815 praebe
2329 735 2502 796 nobis
2533 735 2630 796 illa
2660 735 2732 795 ad
2768 752 2974 797 semen
3007 742 3064 795 et
3095 733 3168 797 ad
3201 753 3484 808 messem,
3515 744 3573 799 et
3595 756 3754 799 nunc

2108 822 2473 886 benedicens
2489 824 2850 886 benedicito.
2881 824 3075 886 Vitam
3098 833 3357 887 nostram
3379 845 3542 906 rege:
3579 825 3758 889 bene-

2112 913 2209 976 dic
2230 933 2468 977 coronae
2491 914 2631 977 anni
2653 914 3034 993 benignitatis
3058 922 3451 997 tuw,propter
3471 936 3760 998 pauperes

2114 1005 2313 1084 populi
2348 1005 2453 1085 tui,
2489 1012 2730 1086 propter
2759 1003 2994 1065 viduam
3029 1011 3089 1065 et
3119 1006 3483 1089 orphanum,
3517 1015 3760 1087 propter

2111 1094 2407 1174 hospitem
2443 1103 2500 1157 et
2529 1095 2842 1169 advenam,
2869 1101 2927 1156 et
2960 1103 3203 1175 propter
3237 1114 3343 1156 nos
3375 1115 3584 1158 omnes
3616 1114 3758 1177 spe-

2109 1194 2310 1247 rantes
2333 1186 2391 1244 in
2427 1193 2504 1261 te,
2533 1193 2591 1247 et
2620 1186 2966 1246 invocantes
3003 1202 3222 1246 nomen
3256 1193 3418 1247 tuum
3456 1194 3753 1248 sanctum.

2109 1271 2280 1337 Oculi
2303 1277 2460 1336 enim
2488 1275 2753 1336 omnium
2778 1274 2838 1335 in
2869 1281 2924 1335 te
2946 1282 3212 1352 sperant,
3239 1283 3293 1335 et
3319 1283 3378 1336 tu
3413 1276 3519 1337 das
3551 1295 3749 1337 escam

2108 1364 2348 1426 illorum
2382 1365 2442 1426 in
2470 1375 2740 1444 tempore
2770 1373 3128 1444 opportuno.
3158 1362 3273 1425 Fac
3305 1364 3618 1427 nobiscum
3651 1384 3752 1428 se-

2111 1455 2371 1517 cundum
2398 1456 2719 1518 bonitatem
2745 1454 3034 1534 tuam,qai
3052 1453 3157 1515 das
3173 1472 3368 1516 escam
3389 1454 3748 1519 omnicarni.

2109 1542 2299 1626 Imple
2321 1546 2532 1624 gaudio
2558 1553 2614 1607 et
2637 1545 2838 1608 laetitia
2857 1544 3037 1606 corda
3063 1550 3286 1624 nostra,
3312 1551 3376 1605 ut
3397 1546 3458 1605 in
3480 1546 3758 1607 omnibus

2109 1652 2350 1715 semper
2380 1654 2618 1699 omnem
2665 1633 3079 1697 sufﬁcientiam
3134 1632 3444 1711 habentes,
3478 1632 3756 1695 abunde-

2110 1743 2244 1787 mus
2275 1726 2333 1787 in
2365 1745 2543 1788 omne
2570 1745 2719 1807 opus
2749 1724 2999 1803 bonum,
3022 1723 3094 1784 ad
3126 1723 3458 1786 faciendam
3493 1723 3755 1786 volunta-

2108 1821 2227 1876 tem
2264 1824 2421 1877 tuam
2454 1821 2746 1879 sanctam.

2195 2088 2487 2167 Populus.
2521 2083 2698 2167 Kyrie
2728 2086 2977 2167 eleison.

2192 2165 2485 2230 Sacerdos
2503 2165 2653 2229 dicit
2669 2171 2726 2228 et
2738 2165 2997 2246 populus
3016 2166 3356 2246 respondet.

2191 2253 2368 2335 Kyrie
2400 2255 2649 2318 eleison.

2189 2345 2464 2406 Concede
2497 2345 2716 2424 populo
2761 2353 2857 2406 tuo
2884 2343 3294 2423 concordiam,

2191 2433 2415 2496 Mundo
2451 2433 2800 2513 praeclarum
2838 2440 3075 2506 statum,

2191 2522 2328 2583 Aeri
2365 2523 2740 2603 temperiem,

2193 2611 2645 2691 Egrotantibus
2676 2611 2953 2686 salutem,

2193 2701 2602 2782 Indigentibus
2632 2701 3034 2781 refrigerium,

2191 2789 2312 2853 Illis
2343 2792 2444 2872 qui
2474 2792 2535 2853 in
2567 2790 2792 2853 exsiliis
2823 2800 2980 2867 sunt,
3014 2790 3301 2872 quietem,

2198 2881 2498 2961 Orphanis
2530 2880 2843 2961 auxilium,

2191 2971 2400 3032 Viduis
2431 2972 2900 3051 protectionem.

2189 3060 2550 3140 Angustintis
2592 3060 2980 3124 subministra
3029 3069 3316 3138 quantum
3350 3079 3499 3142 opus
3547 3071 3662 3140 est,
3697 3077 3763 3131 ut

2039 3120 2082 3173 ο
2107 3120 2431 3214 δθὶιῖἒίὶίιζ

2190 3239 2426 3304 Stantes
2457 3242 2767 3305 conﬁrma.

2188 3329 2306 3392 Eos
2334 3331 2439 3409 qui
2473 3332 2822 3395 ceciderunt
2851 3331 3041 3411 erige.

2192 3423 2451 3484 Securos
2487 3431 2699 3504 praasta
2730 3441 2834 3484 eos
2866 3422 2966 3504 qui
2999 3427 3180 3486 stant.

2193 3513 2558 3575 Mortuorum
2595 3513 3004 3576 reminiscere.

2196 3600 2416 3664 Eorum
2446 3603 2549 3686 qui
2580 3603 2642 3666 in
2687 3602 3063 3667 confessione
3102 3610 3265 3683 sunt,
3302 3603 3762 3666 intercessiones

2115 3693 2376 3773 suscipe.

2199 3783 2318 3846 Eos
2348 3783 2452 3861 qui
2483 3792 2902 3866 peccaverunt,
2936 3790 2994 3844 et
3040 3788 3288 3862 egerunt
3322 3780 3754 3861 paenitentiam,

2111 3890 2441 3935 annumera
2471 3893 2605 3935 cum
2638 3873 2916 3935 ﬁdelibus
2949 3873 3084 3933 tuis.

2191 3964 2426 4026 Fideles
2455 3981 2787 4026 annumera
2818 3979 2951 4024 cum
2990 3958 3347 4041 martyribus
3380 3960 3523 4025 tuis.

2189 4053 2304 4116 Eos
2335 4055 2437 4136 qui
2468 4054 2529 4115 in
2559 4054 2674 4116 hoc
2712 4053 2842 4114 loco
2873 4058 3204 4134 praesentes
3236 4058 3398 4129 sunt,
3433 4051 3758 4114 imitatores

2105 4144 2452 4222 angelorum
2482 4143 2798 4205 constitue.

2180 4232 2250 4294 Et
2281 4251 2386 4295 nos
2417 4232 2603 4312 gratia
2633 4241 2732 4295 tua
2761 4231 2834 4294 ad
2869 4240 3033 4294 tuum
3069 4239 3312 4294 vocatos
3346 4230 3751 4294 ministerium

2099 4323 2379 4404 indignos
2407 4323 2547 4386 licet
2579 4323 2845 4403 suscipe.

2179 4412 2478 4494 Populus.
2509 4411 2683 4494 Kyrie
2718 4412 2974 4475 eleison.

2180 4505 2492 4570 Sacerdos.
2510 4502 3189 4584 Memento,Domine,et
3211 4501 3377 4564 urbis
3407 4507 3627 4562 nostras
3647 4501 3756 4562 hu-

370 4605 505 4666 λεως
576 4603 730 4678 ἡμῶν
780 4603 1003 4678 ταύτης,
1033 4602 1121 4660 καὶ
1178 4590 1383 4659 τῶννέν
1427 4595 1682 4678 ὀρθοδόξῳ
1729 4597 1903 4652 πίστει
1930 4595 2013 4651 οἰ-

2132 4614 2195 4657 us
2220 4603 2278 4658 et
2307 4592 2699 4656 habitantium
2732 4593 2792 4656 in
2826 4612 2896 4655 ea
2929 4593 2994 4654 in
3022 4591 3348 4654 orthodoxa
3380 4590 3522 4671 ﬁde,
3557 4591 3752 4653 omnis

369 4693 602 4749 κούντων
660 4692 713 4751 ἐν
757 4693 912 4771 αὒτῇ,
972 4693 1061 4752 καὶ
1114 4693 1291 4761 πάσης
1322 4689 1530 4752 πόλεως
1577 4689 1663 4743 καὶ
1712 4685 1896 4766 χώρας
1929 4684 2021 4740 σὺν

373 4784 528 4840 παντὶ
557 4790 633 4857 τῷ
663 4784 849 4860 κόσμῳ
908 4785 1104 4848 αὒτῶν,
1139 4784 1236 4843 Καὶ
1291 4781 1444 4860 ῥῦσαι
1501 4778 1638 4854 ἣμᾶς
1700 4776 1804 4832 ἀπὸ
1861 4774 2021 4850 λιμοῦ

374 4874 461 4928 καὶ
509 4871 719 4950 λοιμοῦ,
780 4882 999 4951 σεισμοῦ
1029 4875 1118 4931 καὶ
1144 4867 1578 4945 καταποντισμοῦ
1608 4866 1689 4947 (1)
1719 4867 1906 4943 πυρὸς,
1933 4864 2022 4918 καὶ

375 4961 481 5018 ἀπὸ
551 4962 924 5043 αἰχμαλωσίας
953 4964 1254 5045 βαρϐάρων,
1343 4961 1430 5018 καὶ
1461 4959 1564 5016 ἀπὸ
1592 4959 1698 5013 τῶν
1728 4953 2022 5033 ἀλλοτρίων

377 5057 691 5130 μαχαιρῶν,
724 5055 812 5110 καὶ
855 5053 1261 5120 ἐπαναστάσεως
1291 5051 1498 5132 ἐχθρῶν
1528 5069 1585 5105 τε
1607 5046 1694 5103 καὶ
1723 5047 2023 5122 αἱρετικῶν.

461 5133 520 5223 ΪΟ
565 5139 694 5204 λαὸς
738 5139 906 5220 λέγει,
944 5146 1097 5223 Κύριε
1125 5142 1376 5212 ἐλέησον.

461 5220 519 5289 Ὀ
551 5230 718 5309 ἱερεὺς
749 5219 918 5311 λέγει.
971 5219 1270 5313 Μίιήσθητι,
1334 5231 1511 5310 Κύριε,
1565 5228 1671 5282 τῶν
1728 5219 2029 5313 προλαϐόν-

381 5318 484 5378 των
539 5321 696 5378 ὁσίων
779 5321 1029 5402 Πατέρων
1110 5312 1265 5398 ἡμῶν
1325 5317 1609 5400 ὄρθοδόξων
1693 5312 2022 5388 ἐπισκόπων,

379 5413 469 5468 καὶ
530 5411 745 5469 πάντων
823 5418 929 5470 τῶν
979 5411 1072 5470 ἄπ’
1121 5413 1311 5478 αἰῶνός
1391 5433 1472 5467 σοι
1531 5403 2023 5484 εὒαριστησάντων,

380 5502 544 5580 ἁγίων
575 5501 848 5583 Πατέρων,
903 5503 1277 5585 πατριαρχῶν,
1308 5496 1645 5572 ἀποστόλων,
1709 5497 2026 5585 προφητῶν,

1648 5581 1894 5661 ὁμολογη
1903 5591 2007 5644 τῶν
2018 5628 2035 5661 ,

385 5593 649 5672 κηρύκων,
745 5591 1160 5672 εὖαγγελιστῶν,
1246 5591 1547 5670 μαρτύρων,

2103 4704 2342 4768 quoque
2371 4684 2534 4746 urbis
2567 4691 2624 4745 et
2651 4683 2939 4763 regionis,
2967 4700 3106 4744 cum
3128 4684 3288 4744 omni
3325 4679 3541 4762 populo
3577 4681 3709 4760 ejus
3737 4702 3749 4740 :

2104 4776 2369 4840 etlibera
2401 4793 2507 4836 nos
2538 4793 2570 4835 a
2598 4773 2752 4835 fame
2778 4781 2834 4835 et
2859 4781 3046 4855 peste,
3066 4792 3099 4834 a
3122 4781 3297 4834 terra
3325 4779 3513 4847 motu,
3540 4788 3574 4831 a
3605 4770 3754 4832 sub-

2108 4866 2427 4941 mersione,
2453 4863 2528 4925 ab
2558 4864 2761 4944 igne,a
2794 4863 3131 4944 captivitate
3154 4859 3610 4933 barbarorum,a
3635 4859 3759 4939 gla-

2109 4955 2223 5018 diis
2252 4954 2487 5035 alienis,
2519 4953 2592 5015 ab
2637 4952 2859 5015 insultu
2908 4953 3169 5014 hostium
3203 4960 3262 5012 et
3308 4948 3754 5011 haereticorum.

2195 5136 2485 5220 Populus.
2518 5135 2694 5217 Kyrie
2718 5132 2971 5195 eleison.

2195 5215 2510 5292 Sacerdos.
2533 5215 3142 5298 Memento,Domine,
3170 5235 3376 5280 eorum
3401 5216 3508 5294 qui
3532 5215 3756 5279 dudum

2110 5319 2389 5384 obierunt
2404 5322 2744 5379 sanctorum
2760 5311 3000 5374 Patrum
3015 5315 3376 5388 nostrorum;
3398 5305 3756 5369 orthodoxa-

2110 5428 2240 5472 rum
2267 5407 2777 5489 episcoporum,et
2806 5401 3071 5463 omnium
3096 5397 3244 5489 quia
3271 5397 3487 5489 saeculo
3515 5397 3619 5459 tibi
3639 5397 3756 5477 pla-

2113 5487 2366 5564 cuerunt
2393 5503 2733 5558 sanctorum
2768 5495 3032 5565 Patrum,
3069 5487 3568 5569 patriarcharum,
3604 5505 3752 5568 apo--

2121 5589 2430 5659 stolorum,
2465 5585 2908 5666 prophetarum,
2941 5579 3421 5661 praedicatorum,
3455 5579 3756 5659 evangeli-

473 5711 551 5793 (1)
585 5710 751 5793 Legit
780 5714 1078 5795 interpres
1109 5732 1124 5778 ζ
1159 5723 1608 5795 καταποντισμοῦ,
1644 5717 1825 5796 πυρός,
1856 5715 2023 5795 virgu

2136 5707 2480 5792 nterposita.
2516 5707 2674 5768 Enn.
