4138 6400
384 312 501 377 723

1312 299 1681 364 LITURGIA
1725 297 1786 362 δ.
1835 291 2202 359 GBEGORII
2245 295 2826 363 ALEXANDRINA.

3645 290 3758 355 7⁸24

390 465 505 510 una
555 441 849 522 operatio,
891 457 1006 500 una
1037 435 1396 517 hypostaris,
1443 452 1559 494 una
1588 433 1878 507 voluntas,
1912 449 2050 492 una.

2139 454 2253 515 νεια,
2304 438 2397 510 μία
2452 434 2763 513 ὑπόστασις,
2851 435 2944 512 μία
3001 433 3240 512 θέλησις,
3302 432 3396 506 μία
3455 432 3607 522 φύσις
3666 436 3762 487 τοῦ

393 545 605 598 natura
635 531 743 594 Dei
764 529 952 595 Verbi
1002 527 1306 588 incarnata
1329 532 1386 585 et
1406 523 1669 585 adorata.
1707 525 2035 585 Cruciftxus

390 636 590 688 autem
627 621 737 683 sub
773 617 978 680 Pontio
1009 613 1660 691 Pilato,confessusque
1694 613 2032 692 praeclaram

388 713 825 778 confessionem
884 725 898 771 :
963 724 1170 788 passus
1229 713 1286 764 et
1343 702 1611 784 sepultus
1661 704 2034 763 resurrexisti

392 804 566 867 tertia
613 801 736 875 die,
770 805 828 860 et
857 794 1192 858 ascendens
1225 795 1281 855 in
1313 793 1551 872 caelum,
1608 792 1927 853 consedisti
1963 792 2033 852 ad

390 897 697 958 dexteram
750 885 1171 967 magnitudinis
1232 883 1444 951 Patris,
1477 883 1832 944 conculcasti
1871 901 2032 942 mor—

393 1001 540 1064 tem,
576 981 875 1043 infernum
909 975 1197 1056 spoliasti,
1229 972 1577 1064 confrigens
1604 983 1802 1064 portas
1827 992 2030 1044 aereas,

393 1085 452 1138 et
482 1063 677 1135 vectes
707 1069 936 1130 ferreos
964 1065 1198 1146 rupisti,
1235 1065 1524 1145 captivum
1553 1063 1842 1125 Adammn
1870 1083 2037 1123 revn-

391 1165 539 1228 casti
572 1181 640 1224 ex
675 1156 1084 1238 corruptione,
1144 1173 1372 1235 nosque
1423 1152 1684 1214 liberasti
1735 1173 1766 1213 a
1818 1153 2035 1213 diaboli

389 1254 694 1318 servitute.

473 1434 702 1498 Idcirco
736 1445 1013 1510 rogamus
1048 1435 1107 1488 et
1129 1426 1515 1508 imploramus
1549 1423 2036 1504 te,benigne,bo-

395 1531 783 1606 ne,praestare
801 1517 975 1580 nobis
1004 1516 1276 1597 dignare,
1319 1525 1380 1576 ut
1424 1533 1577 1606 puro
1601 1515 1782 1606 corde
1813 1515 2035 1606 audea-

399 1605 531 1680 mus
571 1613 801 1690 absque
833 1609 1065 1683 timore,
1113 1607 1388 1668 invocare
1420 1605 1684 1666 omnium
1721 1605 2037 1666 Dominum

392 1708 692 1772 ccelestem
727 1704 941 1773 Deum,
976 1700 1206 1759 Patrem
1230 1704 1525 1777 sanctum,
1559 1706 1618 1760 et
1649 1697 1877 1775 dicere,
1920 1705 2035 1757 etc.

761 1790 976 1855 Oratio
1006 1787 1133 1851 alia
1161 1786 1486 1868 [motionis
1515 1787 1672 1868 (26).

2117 530 2248 582 Θεοῦ
2321 525 2493 605 Λόγου
2560 526 2964 606 σεσαρκωμένη,
3000 526 3086 584 γαὶ
3119 520 3764 605 προσκυνουμένηΣταυ-

2117 617 2297 694 ρωθεῖς
2343 615 2397 672 δὲ
2471 619 2573 675 ὑπὸ
2657 619 2876 676 Ποντίου
2958 616 3211 691 Πιλάτου,
3274 616 3362 672 καὶ
3419 613 3766 692 ὁμολογήσας

2115 705 2215 773 τὴν
2273 705 2444 775 καλὴν
2502 707 2812 784 ὁμολογίανο
2870 709 3050 766 παθὼν
3113 709 3201 764 καὶ
3258 705 3440 786 ταφεὶς
3487 706 3575 760 καὶ
3628 703 3768 761 ἀνα-

2117 797 2244 860 στὰς
2301 801 2370 873 τῇ
2438 800 2588 876 τρίτῃ
2648 799 2848 875 ἡμέρᾳ,
2910 800 2998 856 καὶ
3066 796 3294 854 ἀνελθὼν
3346 797 3420 860 είς
3491 795 3763 873 οὗρανοὺτ,

2117 886 2204 941 καὶ
2247 887 2461 951 καθίσας
2511 887 2563 944 έν
2615 894 2684 966 τῇ
2740 887 2880 962 δεξιᾷ
2931 893 3031 956 τῆς
3063 886 3452 966 μεγαλωσύνης
3509 889 3602 941 τοῦ
3645 889 3762 939 Πα-

2115 976 2259 1056 τρὸς,
2333 978 2576 1048 πατήσας
2602 980 2695 1035 τὸν
2741 979 2989 1054 θάνατον,
3067 979 3153 1034 καὶ
3193 979 3286 1033 τὸν
3346 973 3480 1050 ᾅδην
3537 972 3765 1034 σκυλεύε-

2119 1088 2240 1143 auc,
2301 1067 2581 1146 συντρίψας
2639 1071 2808 1134 πύλας
2863 1067 3100 1150 χαλκᾶς,
3164 1068 3250 1125 καὶ
3303 1065 3544 1147 μοχλοὺς
3597 1064 3766 1134 σιδη-

2121 1163 2242 1231 ροῦς
2293 1155 2605 1240 συνθλάσας,
2693 1161 2782 1216 καὶ
2853 1161 2945 1218 τὸν
3003 1158 3352 1241 αίχμάλωτον
3404 1155 3575 1230 Ἀδὰμ
3628 1155 3764 1211 ἀνα-

2122 1245 2483 1323 καλεσάμενος
2541 1249 2602 1306 ἐκ
2675 1253 2891 1329 φθορᾶς,
2959 1251 3046 1306 καὶ
3102 1250 3246 1323 ἡμᾶς
3298 1244 3649 1322 ἐλευθερώσας
3707 1244 3769 1301 ἐκ

2122 1338 2220 1404 τῆς
2251 1341 2342 1393 τοῦ
2370 1333 2617 1394 διαόόλου
2659 1335 2918 1402 δουλείας.

2207 1422 2288 1482 Δι’
2338 1425 2366 1482 δ
2421 1424 2644 1503 δεόμεθα
2693 1430 2781 1487 καὶ
2835 1428 3244 1510 παρακαλοῦμέν
3277 1450 3358 1502 σε,
3404 1424 3767 1506 φιλάνθρωπε,

2121 1515 2308 1596 ἀγαθὲ,
2367 1515 2693 1584 καταείωσον
2742 1520 2886 1596 ἡμᾶς
2971 1520 3027 1576 ἂν
3081 1523 3283 1598 καθαρᾷ
3337 1515 3521 1598 καρδίᾳ
3567 1513 3768 1591 τολμᾷν

2121 1604 2337 1687 ἀφόϐως
2388 1606 2695 1666 έπιϐοᾶσθαι
2753 1611 2845 1667 τὸν
2903 1610 3118 1669 πάντων
3167 1607 3430 1676 δεσπότην
3457 1605 3766 1685 ἰπουράνιον

2124 1697 2276 1778 Θεὸν²
2313 1696 2520 1777 Πατέρα
2549 1696 2724 1778 ἅγιον,
2756 1700 2844 1757 καὶ
2886 1699 3084 1778 λέγειν,
3116 1723 3171 1763 κ,
3194 1721 3246 1758 τ.
3280 1697 3335 1759 λ.

2582 1789 2736 1870 Εὖχὴ
2765 1788 2904 1859 ἄλλη
2935 1790 3035 1860 τῆς
3074 1789 3337 1852 κλάσεως.

475 1887 566 1950 Τιι
614 1884 771 1947 enim
813 1897 878 1943 es
908 1877 1171 1942 Verbum
1204 1878 1413 1953 Patris,
1435 1887 1573 1939 ante
1604 1877 1820 1939 saecula
1853 1879 2032 1958 Deus,

2201 1877 2274 1935 Σὺ
2328 1878 2429 1959 γὰρ
2459 1882 2516 1936 εἷ
2559 1881 2589 1936 6
2644 1880 2816 1959 Λόγος
2871 1886 2965 1939 τοῦ
3037 1882 3268 1960 Πατρὸς,
3349 1879 3380 1937 ὃ
3454 1877 3772 1960 προαιώνιος

399 1995 644 2058 magnus
675 1970 968 2043 Pontifex,
1003 1970 1104 2050 qui
1139 1986 1244 2050 pro
1276 1969 1465 2030 salute
1513 1969 1750 2058 generis
1799 1967 2044 2058 humani

398 2057 772 2144 incarnatus,
809 2071 866 2124 et
899 2061 1078 2123 homo
1106 2058 1293 2125 factus
1324 2077 1412 2138 es,
1449 2057 1747 2119 advocasti
1775 2057 1849 2118 ad
1894 2066 1948 2118 te
1974 2075 2042 2116 ex

397 2156 676 2220 omnibus
705 2151 980 2231 gentibus
1012 2167 1198 2228 genus
1228 2148 1508 2223 electum,
1543 2146 1742 2224 regale
1766 2146 2044 2208 sacerdo-

400 2249 812 2325 tium,gentem
845 2248 1131 2314 sanctam,
1157 2237 1440 2319 populum
1475 2237 1533 2298 in
1565 2235 2042 2316 acquisitionem.

398 2337 630 2403 Idcirco
651 2348 926 2410 rogamus
969 2336 1027 2392 et
1055 2328 1445 2409 imploramus
1468 2337 1548 2408 te,
1574 2326 1853 2405 benigne,
1893 2325 2047 2386 bone

400 2426 677 2500 Domine,
713 2441 788 2484 ne
837 2422 896 2483 in
945 2419 1482 2501 reprehensionem
1514 2426 1572 2478 et
1604 2417 2044 2495 confusionem,

401 2537 519 2579 non
554 2516 615 2577 in
639 2512 927 2596 judicium
960 2519 1018 2572 et
1049 2507 1614 2571 condemnationem
1669 2515 2047 2588 peccatorum

400 2615 762 2678 nostrorum,
801 2603 903 2664 fiat
925 2601 1039 2662 hoc
1070 2598 1453 2670 sacrificium,
1481 2598 1637 2676 quod
1665 2617 1768 2678 pro
1802 2597 2050 2658 infirmi-

401 2697 624 2762 tatibus
646 2694 864 2756 nostris
894 2689 1351 2772 obtulimus,sed
1377 2689 1877 2770 quemadmodum
1904 2706 2046 2749 san-

400 2788 668 2852 ctissima
703 2794 803 2848 tua
829 2785 956 2846 haec
979 2791 1036 2844 et
1067 2781 1327 2862 pretiosa
1357 2798 1606 2842 munera
1636 2779 1798 2840 omni
1831 2777 2051 2840 sancti-

402 2887 517 2941 tate
547 2876 786 2958 replere
814 2874 1092 2950 dignatus
1124 2890 1211 2945 es,
1251 2889 1356 2951 per
1384 2870 1658 2950 illapsum
1689 2868 2050 2931 sanctissimi

398 2969 480 3030 tui
498 2967 754 3048 Spiritus
782 2980 964 3044 super
983 2961 1106 3037 illa,
1133 2961 1213 3022 ita
1246 2969 1306 3022 et
1347 2969 1612 3020 nostrum
1637 2969 2044 3038 peccatorum,

404 3073 713 3120 servorum
775 3065 1009 3117 tuorum
1066 3051 1434 3112 sanctificarc
1490 3050 1732 3128 dignare
1789 3050 2044 3121 animas,

2132 1969 2283 2044 Θεὸς,
2344 1971 2374 2026 6
2443 1968 2614 2049 μέγας
2686 1969 3020 2052 Ἀρχιερεῖις,
3097 1973 3126 2029 6
3179 1971 3267 2029 ἐπὶ
3326 1972 3592 2050 σωτηρίας
3678 1975 3772 2027 1:06

2129 2057 2312 2137 γένους
2366 2064 2473 2117 τῶν
2529 2059 2817 2139 ἀνθρώπων
2902 2063 3186 2141 σαρκωθεὶς
3261 2063 3350 2120 καὶ
3426 2059 3774 2139 ἔνανθρωπή-

2129 2169 2244 2224 σας,
2302 2150 2390 2206 καὶ
2447 2149 2946 2230 προσκαλεσάμενος
3017 2153 3191 2228 ὶαυτῷ
3267 2151 3326 2208 ἐκ
3377 2152 3590 2211 πάντων
3667 2148 3775 2206 τῶν

2130 2237 2289 2296 ἐθνῶν
2337 2238 2487 2318 γένος
2574 2239 2851 2322 ὶκλεκτὸν,
2910 2239 3179 2320 βασίλειον
3235 2242 3540 2322 ἱεράτευμα,
3630 2239 3773 2302 ἔθνος

2129 2327 2307 2407 ἅγιον,
2391 2327 2522 2387 λαδν
2578 2331 2652 2395 εἷς
2749 2332 3110 2411 περιποίησιν.
3170 2332 3247 2389 Δι’
3306 2331 3334 2390 ὅ
3391 2331 3638 2408 δεόμεθα,
3687 2329 3777 2387 καὶ

2131 2417 2540 2497 παρακαλοῦμέν
2625 2443 2710 2501 σε,
2803 2421 3160 2504 φιλάνθρωπε,
3237 2423 3397 2502 ἀγαθὲ
3457 2423 3636 2502 Κύριε,
3695 2420 3773 2495 μὴ

2132 2509 2206 2573 είς
2255 2507 2484 2590 ἔλεγχον
2551 2512 2639 2569 καὶ
2685 2510 2910 2589 ὄνειδος,
2971 2513 3049 2590 μῆ
3124 2517 3195 2582 εἷς
3245 2526 3439 2594 κρῖμα,
3495 2511 3631 2589 μηδέ
3702 2513 3776 2576 εἷς

2132 2600 2432 2679 κατάκριμα
2513 2607 2621 2659 τῶν
2705 2602 2980 2682 ἡμετέρων
3053 2605 3324 2680 ἁμαρτιῶν
3395 2605 3676 2684 γενηθήτω
3741 2603 3776 2670 ἡ

2131 2691 2279 2746 θυσία
2523 2691 2653 2770 ὑπὲρ
2702 2694 2800 2772 γὰρ
2859 2690 2893 2723 ⁸
2951 2694 3056 2752 τῶν
3105 2695 3386 2753 ἀσθενειῶν
3418 2697 3574 2771 ἡμῶν
3603 2715 3778 2772 προσ-

2132 2781 2458 2861 ηνέγκαμεν’
2517 2779 2636 2839 ἄλλ⁹
2690 2783 2868 2864 ὥσπερ
2929 2785 2995 2841 τὰ
3046 2786 3282 2866 πανάγιά
3311 2808 3405 2842 σου
3455 2787 3602 2861 τίμια
3636 2781 3778 2860 δῶρα

2131 2879 2297 2930 ταῦτα
2341 2872 2522 2940 πάσης
2581 2872 2878 2952 ἁγιωσύνης
2933 2873 3206 2952 έμπλῆσαι
3261 2874 3619 2943 κατηξίωσας,
3694 2870 3779 2928 διὰ

2132 2966 2230 3031 τῆς
2301 2963 2690 3042 ἱπιφοιτήσεως
2759 2972 2852 3022 τοῦ
2885 2965 3142 3044 παναγίου
3171 2988 3265 3026 σου
3296 2967 3599 3040 Πνεύματος
3693 2963 3785 3020 ἔπ’

2133 3055 2330 3135 αὐτῶν,
2385 3053 2553 3118 οὕτως
2613 3056 2702 3111 καὶ
2743 3057 2900 3130 ἡμῶν
2971 3061 3077 3111 τῶν
3157 3055 3513 3136 ἁμαρτωλῶν,
3582 3053 3782 3112 δούλων

399 3163 650 3227 corpora
682 3143 949 3225 spiritus,
985 3149 1042 3203 et
1071 3140 1490 3220 conscientias,
1517 3148 1579 3200 ut
1603 3139 1801 3200 anima
1834 3138 2044 3199 illumi-

2139 3166 2249 3220 σου,
2314 3133 2541 3223 Ῠάγιάσαι
2599 3142 2925 3212 καταξίωσον
2967 3147 3059 3213 τὰς
3130 3133 3336 3228 ψυχας,
3397 3147 3462 3203 τὰ
3531 3146 3782 3221 σώματα,

402 3249 562 3316 nata,
596 3235 745 3297 facie
773 3253 891 3296 non
937 3231 1204 3304 confusa,
1241 3229 1421 3291 corde
1463 3247 1630 3309 puro,
1683 3228 2050 3290 conscientia

2139 3234 2200 3292 τὰ
2256 3234 2556 3315 πνεύματα,
2638 3234 2731 3300 τὰς
2791 3234 3140 3314 σδνειδήσεις,
3196 3238 3344 3302 ὅπως
3402 3236 3784 3316 πεῳωτισμένῃ

403 3324 737 3406 hypocrisis
792 3341 1001 3396 vacua,
1056 3319 1230 3381 labiis
1287 3318 1706 3388 sanctiﬁcatis,
1762 3317 2050 3380 charitate

2139 3330 2315 3406 ψυχῇ,
2366 3324 2774 3406 ἀνεπαισχύντῳ
2803 3325 3094 3406 προσώπῳ,
3156 3325 3339 3406 καρδίᾳ
3383 3331 3605 3406 καθαρᾷ,
3656 3348 3783 3382 συν-

402 3415 688 3498 perfects,
722 3413 838 3476 ﬁde
861 3428 1093 3484 secura,
1129 3410 1450 3471 audeamus
1473 3426 1607 3469 cum
1641 3406 1876 3480 ﬁducia,
1911 3407 2050 3467 abs-

2139 3413 2336 3485 ειδήσει
2409 3416 2759 3496 ἀνυποκρίτῳ,
2823 3415 3167 3495 ἡγιασμένοις
3285 3417 3548 3498 χείλεσιν,
3603 3417 3787 3495 ἀγάπη

401 3523 520 3584 que
555 3505 792 3581 timore,
827 3503 1030 3565 dicere
1052 3510 1315 3562 sanctam
1349 3498 1680 3560 orationem
1723 3515 1900 3579 quam
1934 3507 2050 3558 tra-

2139 3503 2334 3579 τελείᾳ,
2439 3503 2608 3562 ἑλπίδι
2696 3505 2949 3587 ἀσφαλεῖ,
3025 3505 3310 3584 τολμῶμεν
3371 3509 3506 3584 μετὰ
3575 3507 3789 3585 παρῥη-

403 3594 604 3657 didisti
635 3592 858 3655 sanctis
889 3591 1004 3653 tuis
1035 3589 1364 3670 discipulis,
1419 3597 1478 3649 et
1521 3589 1704 3651 sacris
1741 3587 2050 3668 apostolis,

2141 3593 2280 3669 σίας,
2334 3593 2456 3651 ἄνευ
2511 3593 2696 3671 φόϐου,
2749 3595 2925 3675 λέγειν
2971 3596 3072 3666 τὴν
3116 3598 3268 3676 ἁγίαν
3325 3597 3663 3677 προσευχὴν,
3725 3595 3790 3665 ἢν

403 3685 660 3747 dicendo
687 3705 703 3746 :
733 3681 981 3756 Quando
1015 3679 1282 3754 orabitis,
1315 3681 1375 3741 in
1406 3679 1561 3740 hunc
1597 3678 1838 3739 modum
1861 3687 2053 3740 orate:

403 3777 585 3840 Pater
613 3783 842 3856 noster,
866 3783 984 3838 etc.

419 3980 442 3994 ο
491 3955 784 4036 Populus.
819 3954 1257 4030 Sanctiﬁcatur,
1290 3961 1407 4016 etc.

847 4043 1057 4107 Oratio
1090 4043 1217 4106 alia
1241 4043 1593 4122 fracttonis.

493 4133 856 4197 Benedictus
888 4151 975 4214 es,
1002 4131 1233 4197 Christe
1255 4131 1412 4195 Deus
1434 4135 1816 4211 omnipotens
1847 4130 2060 4193 libera-

415 4234 508 4286 tor
527 4223 810 4287 Ecclesiae
840 4233 1017 4287 tuaezo
1036 4223 1300 4288 Verbum
1325 4223 1486 4306 quod
1512 4224 1876 4304 cogitatione
1908 4240 2061 4283 asse-

409 4323 762 4396 quuntur,et
791 4315 965 4378 homo
999 4334 1178 4395 quem
1202 4314 1656 4387 intuentur.Qui
1690 4332 1797 4395 per
1829 4314 2064 4374 incom-

411 4405 887 4486 prehensibilem
913 4405 1388 4466 incarnationem
1406 4403 1942 4484 tuam,pr:eparasti
1966 4421 2068 4462 no-

415 4495 503 4557 bis
537 4514 748 4575 panem
769 4495 1220 4570 cmlestem,hoc
1242 4514 1458 4575 corpus
1479 4507 1640 4555 tuum
1661 4493 1818 4574 quod
1841 4493 2066 4554 consti-

416 4585 578 4646 tuisti
596 4585 656 4646 in
681 4585 1533 4658 sacramento,sanctissimum
1561 4585 1618 4644 in
1648 4581 2056 4646 omnibus.Mi-

410 4673 623 4736 scuisti
641 4673 814 4734 nobis
830 4673 1073 4736 calicem
1104 4691 1172 4734 ex
1201 4673 1314 4735 vite
1337 4673 1704 4747 vera,divino
1727 4673 1958 4735 scilicet
1979 4681 2067 4735 at-

408 4783 444 4845 q
466 4781 542 4824 ue
564 4762 943 4823 immaculato
979 4763 1163 4824 latere
1186 4763 1422 4837 tuo,Qui
1443 4773 1753 4845 postquam
1783 4763 2066 4824 tradidis-

407 4871 504 4914 ses
519 4852 899 4933 spiritum,ex
923 4852 1132 4915 eodem
1152 4853 1338 4915 latere
1357 4853 1614 4916 eﬂ‘udisti
1644 4857 1990 4934 sanguinem
2007 4863 2068 4915 et

411 4940 719 5025 aquam,in
749 4941 968 5023 quibus
987 4942 1376 5004 sanctiﬁcatio
1410 4952 1566 5004 esset
1595 4943 1870 5004 universo
1895 4962 2067 5005 mun.

414 5032 771 5098 do.Posside
801 5031 1099 5107 nos,bone
1113 5031 1670 5112 Domine,indignos
1683 5053 1888 5095 servos
1911 5043 2064 5100 tuos:

413 5121 502 5185 fac
527 5142 639 5185 nos
661 5123 944 5204 populum
958 5123 1607 5204 acquisitionis,regale
1638 5125 2065 5200 sacerdotium,

408 5221 648 5292 gentem
674 5225 962 5277 sanctam.
983 5214 1294 5278 Sanctiﬁca
1333 5215 1508 5276 etiam
1546 5233 1676 5296 uos,
1707 5213 2065 5295 Deus,sicut,

410 5305 792 5366 sanctiﬁcasti
825 5303 1135 5386 proposita
1167 5303 1298 5366 haec
1329 5314 1530 5364 sancta
1563 5323 1832 5378 munera,
1865 5315 1920 5365 et
1974 5306 2066 5366 fe-

408 5393 539 5455 cisti
590 5412 661 5456 ea
713 5393 1036 5455 invisibilia
1093 5412 1162 5455 ex
1220 5392 1577 5473 visibilibus,
1615 5396 1897 5475 mysteria
1933 5414 2067 5476 qua;

409 5483 576 5546 solus
632 5483 939 5557 intelliﬁlis,
964 5483 1214 5544 Domine
1249 5484 1420 5545 Deus
1451 5492 1512 5546 et
1567 5484 1831 5546 Salvator
1863 5493 2067 5547 noster

481 5615 600 5700 (26)
617 5618 976 5700 Benedictus
997 5619 1325 5700 es,Christe
1349 5620 1514 5682 Deus
1539 5622 1919 5684 noster.Cum
1944 5622 2070 5684 haec

405 5697 590 5756 oratio
625 5697 860 5776 legatur
892 5699 950 5761 in
974 5697 1220 5779 Coptico
1243 5701 1600 5780 exemplari,
1641 5701 1821 5763 multa
1847 5720 1985 5784 quze
2009 5702 2072 5764 in

2141 3683 2446 3760 μετέδωκας
2500 3699 2618 3752 τοῖς
2677 3683 2821 3752 ίδίοις
2883 3701 2998 3752 τοῖς
3071 3689 3239 3767 ἁγίοις
3270 3710 3364 3748 σου
3393 3691 3662 3762 μαθηταῖς
3702 3687 3792 3743 καὶ

2141 3776 2303 3854 ἱεροῖς
2337 3775 2680 3842 ἀποστόλοις.
2732 3775 2910 3836 ’Ὅταν
2966 3783 3362 3857 προσεύψησθε,
3393 3777 3560 3842 οὕτως
3615 3798 3790 3856 προσ·-

2144 3866 2366 3946 εύχεσθε
2397 3867 2574 3944 ὑμεῖς.
2612 3869 2784 3947 Πάτερ
2811 3871 2991 3948 ἡμῶν,
3022 3891 3077 3932 κ.
3111 3892 3163 3932 τ.
3197 3867 3249 3928 λ.

2224 3956 2287 4017 Ὀ
2319 3956 2449 4021 λαὸς
2479 3955 2650 4038 λέγει.
2697 3955 3060 4039 Ἀγιασθήτω,

2595 4050 2747 4130 Εὐχὴ
2778 4048 2919 4117 ἂλλη
2951 4055 3047 4118 τῆς
3082 4049 3347 4117 πλάσεως.

2228 4138 2534 4219 Εὐλογητὸς
2587 4141 2666 4214 εἴ,
2733 4139 2946 4218 Χριστέο
3009 4143 3036 4197 6
3085 4142 3239 4216 Θεὸς,
3300 4143 3329 4198 6
3386 4142 3789 4221 παντοκράτωρ,

2146 4235 2174 4289 6
2233 4230 2507 4311 λυτρωτὴς
2575 4235 2674 4299 τῆς
2741 4231 2929 4289 ἑαυτοῦ
2994 4229 3336 4300 Ἐκκλησίας⁹
3395 4235 3441 4287 ὦ
3511 4233 3676 4311 Λόγε,
3741 4229 3796 4288 ὅν

2150 4327 2460 4399 προνοοῦσιν
2520 4320 2701 4400 αὐτὸν,
2803 4321 2892 4377 καὶ
2975 4320 3240 4399 ἄνθρωπε,
3301 4320 3360 4377 ὄν
3409 4324 3798 4401 προθεωροῦσιν

2150 4407 2331 4469 αὐτόν.
2394 4406 2455 4466 Ὀ
2515 4406 2602 4465 διὰ
2647 4413 2746 4475 τῆς
2805 4406 3185 4478 ἄκαταλήπτου
3241 4409 3393 4488 ρῦτοῦ
3452 4408 3796 4486 σαρκώσεως,

2152 4497 2440 4572 ἑτοιμάσας
2488 4499 2628 4572 ἡμῖν
2697 4495 2854 4577 ἄρτον
2957 4497 3288 4577 έπουράνιον,
3329 4497 3486 4556 τοῦτο
3524 4499 3586 4554 τὸ
3648 4498 3805 4573 σῶμά

2150 4609 2268 4662 σου,
2321 4586 2378 4644 ὄν
2431 4587 2548 4644 ἕθου
2603 4590 2658 4644 ιν
2714 4587 3032 4664 μυστήριον*
3086 4589 3172 4645 καὶ
3228 4589 3484 4668 πανάγιον
3563 4588 3617 4642 ἐν
3685 4600 3803 4652 τοῖς

2150 4675 2368 4739 ἅπασιν.
2431 4676 2718 4754 Ἐκέρασας
2751 4680 2886 4755 ἡμῖν
2942 4679 3198 4759 ποτήριον
3247 4677 3299 4745 ἐξ
3367 4675 3612 4759 ἀμπέλου
3654 4675 3799 4744 ἀλη-

2150 4768 2317 4842 θείας,
2368 4771 2429 4825 ὲκ
2488 4767 2627 4832 θείας
2676 4769 2764 4825 καὶ
2820 4755 3098 4849 ἀχράντοο
3137 4792 3230 4827 σου
3287 4767 3532 4847 πλευρᾶς.
3597 4755 3654 4823 Ὀ
3710 4767 3799 4822 καὶ

2153 4859 2290 4933 μετὰ
2337 4855 2620 4916 δεδωκέναι
2675 4860 2736 4915 τὸ
2801 4862 3008 4934 πνεῦμα
3065 4859 3275 4940 ὶκχέων
3304 4858 3356 4924 ἐξ
3426 4859 3592 4924 ανὸτῆς
3653 4855 3797 4930 αἷμα

2150 4970 2238 5004 και
2311 4945 2470 5026 ὕδωρ,
2532 4948 2622 5014 οἷς
2676 4950 2943 5028 ἁγιασμὸς
3000 4954 3078 5024 τῷ
3125 4950 3312 5025 κόσμῳ
3361 4948 3541 5008 παντί.
3603 4952 3805 5013 Κτῆσαι

2149 5039 2320 5112 ἡμᾶς,
2399 5037 2562 5116 ἀγαθὲ
2632 5039 2810 5118 Κύριε,
2894 5038 3016 5103 τοὺς
3073 5037 3310 5105 ἀναξίους
3374 5037 3600 5104 δούλους
3689 5055 3802 5095 σου·

2152 5127 2377 5195 ποίησον
2432 5130 2576 5202 ἡμᾶς
2626 5125 2755 5185 λαὸν
2804 5128 3124 5203 περιούσιον,
3157 5127 3435 5205 βασίλειον
3495 5129 3807 5209 ἱεράτευμα,

2153 5219 2296 5280 ἔθνος
2382 5216 2556 5296 ἂγιον.
2615 5215 2862 5296 Ἀγίασον
2948 5219 3036 5274 καὶ
3090 5220 3262 5294 ἡμᾶς,
3323 5220 3350 5274 6
3418 5219 3574 5287 Θεὸς,
3634 5219 3814 5297 ὥσπερ

2149 5309 2380 5386 ἡγίασας
2420 5308 2486 5363 τὰ
2535 5308 2856 5386 προκείμενα
2907 5309 2995 5365 καὶ
3045 5307 3178 5387 ἅγιπ
3247 5306 3387 5384 δῶρα
3478 5315 3668 5379 ταῦτα,
3726 5308 3816 5362 καὶ

2160 5396 2413 5465 ἐποίησας
2475 5396 2605 5456 αὖτᾶ
2664 5397 2864 5476 ἀόρατα
2931 5397 2991 5456 ὲκ
3044 5405 3152 5455 τῶν
3225 5399 3451 5478 ὁρατῶν,
3537 5397 3812 5474 μυστήρια

2147 5485 2246 5547 ὤν’
2276 5495 2614 5561 προνοοῦσιν,
2658 5488 2789 5547 αὐτά
2838 5509 2949 5564 σοι,
3004 5489 3154 5566 Κύριε
3218 5488 3246 5544 6
3305 5488 3459 5559 Θεὸς,
3524 5485 3550 5541 :3
3598 5486 3789 5564 Σωτὴρ

2156 5639 2228 5705 ea
2255 5621 2568 5705 observatu
2589 5621 2935 5702 dignissima
2961 5630 3122 5705 sunt,
3143 5619 3529 5705 exposuimus
3555 5619 3616 5683 in
3650 5621 3813 5684 notis

2154 5703 2229 5766 ad
2255 5703 2534 5767 eumdem
2558 5703 2780 5786 locum,
2807 5722 2956 5786 quas
2983 5704 3144 5769 vide.
