4138 6388
352 310 466 374 725

1277 303 1646 371 LITURGIA
1687 303 1752 368 8.
1795 302 2168 367 GREGORII
2214 298 2804 367 ALEXANDRINA.

3610 291 3733 372 126

351 475 504 548 ἡμῶν
576 471 786 538 Ἰησοῦς
852 469 1097 550 Χριστός,
1174 469 1247 526 Σὺ
1318 469 1428 545 οὖν,
1510 467 1688 547 Κύριε,
1756 466 1842 523 διὰ
1895 471 2021 532 τῆς.

2115 483 2216 526 esu
2249 461 2602 526 Christe.Tu
2633 463 2830 544 igitur,
2867 464 3141 545 Domine,
3170 482 3277 545 per
3302 466 3546 528 multam
3572 475 3729 532 tuam

353 560 560 628 πολλῆς
605 583 696 618 σου
743 558 1138 640 εύσπλαγχνιας
1196 556 1530 626 κατηξίωσας
1581 560 1724 634 ἡμᾶς
1770 555 1854 612 διὰ
1909 561 2000 612 τοῦ

353 654 718 730 βαπτίσματος
779 649 1016 730 γενέσθαι
1099 651 1172 713 εἷς
1231 650 1371 714 υἱοὺς
1457 649 1546 704 καὶ
1603 647 1998 727 κληρονόμους.

355 741 620 807 Ἐδίδαξας
666 743 809 817 ἡμᾶς
874 742 965 796 τὸν
1009 740 1172 796 τύπον
1248 740 1346 807 τῆς
1402 743 1710 818 προσευχῆς
1752 737 1810 798 ὅς
1859 736 1999 792 ἐστιν

353 833 738 911 ἳμμυστήριος,
786 819 880 888 τοῦ
932 829 1321 910 προσεύχεσθαι
1366 828 1419 885 ἓν
1467 831 1598 904 αὒτῇ
1639 828 1731 885 τὸν
1786 827 1996 906 ἄχραν-

357 921 445 980 τόν
505 943 596 978 σου
640 920 871 999 Πατέρα,
925 921 997 976 Σὺ
1061 919 1147 977 οὗν
1217 920 1303 975 καὶ
1367 925 1480 998 νῦν,
1544 916 1771 974 δέσποτα
1826 914 2000 992 Κύριε,

355 1011 682 1077 καταξὶωσον
723 1013 875 1084 ἡμᾶς
916 1013 972 1066 ἒν
1030 1009 1326 1089 ἂγιασμὲνῃ
1388 1006 1705 1088 συνειδήσει,
1778 1009 1865 1063 καὶ
1915 1004 2002 1062 λο-

356 1124 534 1177 γισμω
591 1099 774 1180 ἀγαθῷ
852 1101 908 1157 δν
976 1100 1295 1177 πρέπει.....
1373 1097 1520 1172 πόθῳ
1585 1098 1672 1154 καὶ
1739 1095 2002 1174 παρῥησίᾳ

356 1191 527 1270 ἀγαθῇ
584 1189 785 1266 τολμᾷν
857 1189 1226 1248 ἐπικαλεῖσθαι
1306 1190 1398 1246 τὸν
1471 1187 1526 1244 ἐν
1581 1191 1700 1251 τοῖς
1757 1185 2001 1264 οὖρανοϊς

355 1279 506 1361 ἅγιον
551 1282 703 1355 Θεὸν,
741 1280 948 1360 Πατᾶρα
979 1302 1097 1361 σου³
1144 1282 1233 1337 καὶ
1260 1278 1462 1359 λέγειν,

439 1360 496 1428 Ὀ
528 1369 655 1434 λαὸς
699 1370 867 1451 λέγει.
916 1360 1090 1446 Πάτερ
1143 1371 1322 1447 ἡμῶν,
1385 1369 1484 1427 Καὶ
1544 1366 1681 1445 μετὰ
1726 1367 1789 1423 τὸ
1835 1364 2004 1441 Πάτερ

352 1459 510 1535 ἡμῶν
540 1463 566 1517 ὁ
596 1462 762 1540 ἱερεὺς
791 1459 962 1540 λέγει.

436 1551 557 1630 Ναὶ,
593 1551 768 1630 Κύριε,
824 1553 1012 1631 Κύριε,
1071 1551 1099 1606 ὁ
1149 1546 1393 1614 δεδωκὼς
1451 1547 1595 1625 ἡμῖν
1626 1547 1728 1616 τὴν
1772 1544 2008 1612 ὶξουσίαν

2086 553 2526 615 misericodiam
2561 560 2843 632 praestare
2886 553 3058 615 nobis
3113 553 3387 633 dignatus
3413 574 3498 630 es,
3535 565 3596 617 ut
3627 575 3734 637 per

2085 643 2439 724 baptismum
2468 643 2850 705 efﬁceremur
2902 643 3008 704 ﬁlii
3042 651 3101 706 et
3143 644 3436 708 bzeredes.
3465 645 3734 710 Docuisti

2087 753 2194 795 nos
2228 733 2474 795 formam
2511 732 2797 794 orationis
2829 733 3281 815 mysticam,qua
3304 737 3736 799 oraremusim-

2092 823 2453 884 maculatum
2507 825 2734 884 Patrem
2780 831 2970 885 tuum.
3027 822 3112 885 Tu
3155 843 3296 904 ergo
3327 825 3503 887 etiam
3553 846 3732 903 nunc,

2089 913 2436 974 Dominator
2457 911 2727 994 Domine,
2757 912 2969 989 dignos
2998 912 3168 976 efﬁce
3197 921 3401 991 nos,ut
3431 934 3566 976 cum
3598 935 3738 978 con-

2089 1003 2339 1067 scientia
2382 1003 2770 1078 sanctiﬁcata,
2809 1011 2866 1065 et
2900 1011 3098 1066 mente
3137 1003 3294 1065 bona
3341 1004 3532 1085 qualis
3585 1006 3737 1069 ﬁlios

2092 1093 2264 1156 decet
2297 1113 2429 1155 cum
2458 1093 2847 1173 desiderio,et
2869 1093 3086 1155 ﬁducia
3116 1092 3272 1155 bona
3302 1094 3634 1158 audeamus
3654 1096 3740 1158 in-

2087 1184 2431 1262 vocare,qui
2448 1183 2506 1244 in
2521 1183 2685 1245 cmlis
2710 1183 3267 1246 estsanctumDeum
3287 1182 3520 1246 Patrem
3546 1193 3733 1259 tuum,

2317 1292 2347 1334 r
2391 1321 2404 1334 .

2092 1283 2147 1337 et
2172 1276 2457 1443 234123.
2493 1363 2672 1426 Pater
2700 1373 2921 1441 noster,
2955 1370 3011 1427 et
3049 1373 3447 1445 posteaquam
3477 1367 3739 1429 recitata

2091 1462 2174 1519 est
2210 1455 2420 1517 Oratio
2454 1456 2812 1531 Dominica,
2847 1455 3129 1519 sacerdos
3156 1456 3333 1518 dicit.

2177 1547 2278 1614 Ita,
2309 1545 2560 1606 Domine
2596 1566 2609 1606 :
2644 1547 2920 1619 Domine,
2949 1545 3054 1623 qui
3087 1543 3306 1606 dedisti
3336 1543 3509 1607 nobis
3536 1553 3740 1625 potes-

354 1651 452 1700 τοῦ
483 1655 674 1696 πατεῖν
705 1640 884 1696 ἐπάνω
932 1639 1106 1720 ὄφεων
1157 1641 1244 1696 καὶ
1287 1639 1577 1720 σκορπίων,
1611 1637 1700 1695 καὶ
1753 1637 1842 1693 ὶπὶ
1896 1641 2006 1692 πᾶ-

2120 1643 2275 1697 atom
2311 1635 2575 1697 calcandi
2609 1645 2920 1716 serpentes
2958 1642 3018 1698 et
3048 1635 3344 1717 scorpios,
3379 1654 3739 1717 omnemque

357 1754 454 1790 σαν
513 1731 729 1808 δύναμιν
783 1738 877 1789 τοῦ
922 1731 1138 1812 ἐχθροῦ,
1187 1731 1469 1809 σύντριψον
1519 1731 1608 1786 καὶ
1650 1724 2010 1792 καθυπόταξον

2115 1732 2441 1786 )otestatem
2474 1724 2721 1800 inimici,
2765 1733 3011 1787 contere
3042 1732 3099 1785 et
3129 1723 3358 1804 subjice
3401 1724 3595 1805 capita
3619 1725 3742 1786 ini-

356 1822 451 1888 τᾶς
489 1821 726 1901 κεφαλὰς
771 1825 878 1879 τῶν
929 1821 1138 1902 ἐχθρῶν
1195 1822 1351 1898 ἡμῶν
1405 1821 1507 1878 ὑπὸ
1563 1818 1686 1884 τοὺς
1745 1816 1911 1882 πόδας
1956 1817 2008 1873 ἓν

2115 1817 2388 1877 nieorum
2421 1822 2760 1877 nostrorum
2807 1815 2916 1876 sub
2971 1813 3224 1896 pedibus
3256 1815 3472 1876 nostris
3512 1814 3742 1876 voloci-

359 1914 551 1993 τάχει,
613 1914 705 1969 καὶ
764 1918 941 1969 πᾶσαν
993 1912 1096 1978 τὴν
1152 1909 1482 1992 κακότεχνον
1535 1911 1704 1967 αὐτῶν
1776 1907 2008 1964 ἐπίνοιαν

355 2003 452 2070 τὴν
486 1999 616 2059 καθ’
659 2004 818 2078 ἡμῶν
848 1999 1215 2079 διασιιέδασον,
1277 2001 1359 2058 ὅτι
1401 2002 1462 2058 σὺ
1492 2003 1548 2056 εἶ
1578 1997 1823 2076 βασιλεὺς
1880 1997 2012 2074 ἤμει

363 2092 528 2170 τέρων
565 2089 593 2121 ⁸⁸
638 2093 870 2173 πάντων,
919 2091 1110 2166 Χριστὲ
1154 2095 1182 2149 ὁ
1227 2091 1356 2155 Θεός
1391 2107 1404 2121 ⁸
1453 2089 1540 2148 καὶ
1587 2091 1666 2147 σοὶ
1715 2089 1811 2157 τὴν
1862 2086 2013 2154 δόξαν

369 2185 457 2240 καὶ
512 2183 610 2252 τὴν
668 2183 1037 2264 εὖχαριστείαν
1092 2185 1181 2240 καὶ
1229 2182 1330 2251 τὴν
1379 2181 1736 2262 προσκύνησιν
1777 2177 2015 2254 ἀναπέμ-

365 2294 560 2350 πομεν⁹
620 2274 738 2330 καθ’
792 2274 1026 2341 ἑκάστην
1079 2272 1308 2353 ἡμέραν,
1365 2273 1457 2330 σὺν
1506 2276 1584 2346 τῷ
1646 2269 1869 2351 ἀνάρχῳ
1923 2291 2016 2326 σου

368 2365 554 2442 Πατρὶ,
586 2364 675 2420 καὶ
715 2369 794 2438 τῷ
823 2363 959 2442 ἁγίῳ
987 2363 1280 2440 Πνεύματι,
1311 2368 1422 2436 νῦν,
1455 2385 1512 2421 κ.
1546 2384 1600 2424 τ,
1633 2360 1688 2424 λ,

461 2444 518 2510 ιΟ
561 2450 802 2517 διάκονος
832 2452 1004 2531 λέγει.
1033 2453 1136 2516 Τὰς
1168 2450 1403 2532 κεφαλὰς
1431 2454 1604 2528 ὑμῶν.

812 2543 968 2622 Εόχὴ
996 2548 1095 2610 τῆς
1125 2541 1555 2622 κεφαλοκλισίας,

456 2623 513 2688 Ὀ
535 2630 718 2695 κλίνας
751 2632 1000 2712 οὐρανοὺς
1043 2631 1132 2688 καὶ
1185 2629 1454 2688 κατελθὼν
1487 2631 1572 2689 ἐπὶ
1617 2635 1718 2698 τῆς
1765 2635 1894 2710 γῆς,
1943 2630 2014 2691 εἰς

370 2725 635 2799 σωτηρίαν
679 2728 773 2779 τοῦ
827 2721 1009 2799 γένους
1047 2721 1155 2778 τῶν
1211 2721 1523 2802 ἂνθρὼπων,
1575 2725 1603 2778 'o
1650 2725 1748 2789 τῆς
1778 2724 1879 2787 σῆς
1905 2719 2014 2799 χά-

372 2835 514 2892 ριτος
573 2818 748 2869 πᾶσαν
825 2811 1136 2877 ὲξαπλὼσας
1222 2813 1321 2880 τὴν
1375 2810 1616 2880 εὐθηνίαν
1649 2827 1662 2840 ⁸
1737 2813 1765 2867 ὁ
1847 2809 2015 2867 ποιῶν

371 2904 544 2960 πάντκ
587 2904 718 2982 ὑπὲρ
761 2905 824 2960 ἒκ
868 2909 1144 2982 περισσοῦ²
1198 2902 1272 2958 ὧν
1318 2903 1624 2979 αἰτούμεθα,
1683 2901 1718 2970 ἢ
1769 2901 2012 2976 νοούμεν-

2097 1916 2209 1979 ter,
2245 1923 2604 1986 omnemque
2631 1905 2896 1967 dolosam
2931 1923 3138 1968 eorum
3167 1903 3452 1967 adversus
3504 1922 3614 1965 nos
3635 1923 3743 1966 co-

2095 1995 2438 2074 gitationem
2487 1995 2732 2075 dissipa,
2767 1995 3049 2077 quoniam
3109 2001 3169 2056 tu
3203 2012 3270 2056 es
3323 1993 3445 2056 Rex
3476 1993 3740 2057 omnium

2101 2093 2388 2159 nostrum,
2422 2083 2652 2147 Christe
2686 2087 2866 2166 Deus;
2905 2085 3135 2162 tibique
3155 2083 3427 2164 gloriam,
3451 2091 3508 2146 et
3527 2085 3745 2164 gratia-

2099 2194 2229 2236 rum
2260 2175 2552 2236 actionem
2585 2183 2645 2237 et
2684 2174 3093 2236 adorationem
3121 2174 3385 2255 quotidie
3416 2173 3744 2254 offerimus,

2102 2264 2397 2342 simulque
2431 2267 2583 2328 Patri
2610 2271 2708 2326 tuo
2739 2265 2845 2342 qui
2876 2265 3006 2328 sine
3038 2263 3330 2346 principio
3362 2270 3473 2340 est,
3511 2271 3568 2328 et
3600 2283 3745 2328 san-

2102 2363 2195 2417 cto
2226 2353 2494 2436 Spiritui,
2531 2373 2712 2434 nunc,
2737 2362 2850 2417 etc.

2186 2534 2504 2596 Diaconus.
2538 2532 2824 2597 Inclinate
2844 2535 3037 2616 capita
3058 2542 3279 2618 vestra,
3302 2544 3418 2600 etc.

2449 2626 2664 2688 Oratio
2696 2626 3117 2689 inclinationis
3144 2634 3384 2708 capitis.

2182 2719 2292 2792 Qui
2323 2718 2621 2780 inclinans
2652 2717 2836 2782 ccelos
2867 2719 3234 2783 descendisti
3290 2722 3349 2785 in
3403 2729 3645 2803 terram,
3671 2724 3746 2786 ad

2104 2810 2350 2870 salutem
2403 2809 2650 2871 humani
2705 2810 2966 2890 generis,
2995 2812 3102 2888 qni
3131 2812 3338 2891 gratiae
3367 2821 3482 2875 tuae
3506 2830 3748 2876 omnem

2104 2899 2523 2960 abundantiam
2545 2899 2877 2980 explicasti:
2903 2901 3001 2982 qui
3027 2902 3225 2964 omnia
3255 2901 3400 2964 facis
3429 2901 3748 2965 abundan-

375 2994 730 3074 φιλὰνθρωπε,
779 2991 964 3071 ἀγαθὲ,
1046 2991 1279 3050 ἔκτεινον
1355 3015 1448 3050 σου
1532 2993 1629 3061 τὴν
1688 3004 1852 3072 χεῖρα
1921 2989 2020 3057 τὴν

2115 2991 2218 3051 tius
2241 3008 2416 3070 quam
2465 2990 2722 3069 petimus
2757 2998 2812 3051 et
2844 2991 3194 3070 cogitamus:
3250 2992 3532 3072 benigne,
3567 2992 3746 3069 bone,

375 3083 626 3162 ἀόρατον,
670 3085 768 3150 τὴν
830 3081 1218 3161 εὖλογημένην,
1289 3084 1390 3152 τὴν
1437 3084 1640 3160 μεστὴν
1697 3081 1874 3146 ἐλέους
1933 3082 2016 3136 καῖ

2115 3079 2356 3142 extende
2388 3099 2626 3141 manum
2644 3089 2801 3142 tuam
2828 3081 3751 3164 invisibilem,benedictam,ple-

375 3173 684 3250 οἰκτιρμῶν,
719 3173 807 3228 καὶ
842 3170 1076 3251 εὐλογῶν
1127 3171 1419 3250 εὒλόγησον
1467 3174 1586 3238 τοὺς
1637 3170 1850 3235 δούλους
1899 3192 2015 3249 σου⁷

2115 3191 2237 3233 nam
2255 3171 2744 3234 etmisericordia:
2770 3181 2828 3234 et
2843 3172 3757 3250 miserationum,etbenedicens

377 3265 463 3318 καὶ
521 3262 800 3339 κσθάρισον
855 3263 1043 3324 αὐτοὺς
1104 3262 1208 3318 ἀπὸ
1261 3263 1458 3327 παντὸς
1507 3263 1784 3340 μολυσμοῦ
1826 3262 2020 3340 σαρκὸς

2115 3262 2356 3325 benedic
2414 3262 2599 3323 servis
2651 3261 2790 3342 tuis,
2825 3281 3044 3344 eosque
3075 3265 3298 3326 munda
3327 3265 3399 3327 ab
3433 3263 3597 3328 omni
3633 3265 3753 3325 ini-

375 3353 462 3408 καὶ
517 3351 814 3426 πνεύματος
848 3365 862 3380 ⁸
897 3352 985 3407 καὶ
1033 3353 1256 3420 ποίησον
1307 3353 1450 3429 ἡμᾶς
1483 3355 1750 3434 μετόχους
1782 3353 1869 3408 καὶ
1900 3373 2020 3408 συσ-

377 3441 590 3514 σὼμους
648 3438 889 3518 γενέσθαι
939 3446 1010 3516 τῇ
1069 3446 1140 3516 σῇ
1198 3441 1407 3521 χᾶριτι,
1464 3440 1611 3507 ὅπως
1671 3441 1724 3498 ἐν
1782 3441 2024 3521 ἁγιότητι

378 3533 464 3588 καὶ
512 3529 823 3607 δικαιοσύνῃ
886 3551 968 3586 σοι
1027 3531 1125 3599 τὴν
1190 3532 1391 3588 ἱκεσίαν
1442 3532 1797 3612 προσᾶγοντες
1832 3535 1879 3612 ⁸,
1938 3533 2026 3587 καὶ

380 3624 459 3678 σοὶ
499 3622 688 3701 πρέπει
733 3627 879 3677 πᾶσα
951 3619 1098 3696 δὸξα,
1157 3620 1520 3701 μεγαλοσύνῃ⁹
1582 3622 1773 3702 κρᾶτος
1831 3642 1888 3678 τε
1942 3624 2028 3678 καὶ

373 3713 606 3791 ἱξουσία,
639 3711 748 3768 ἅμα
799 3718 876 3786 τῷ
935 3709 1188 3792 ἀχρᾶντῳ
1246 3734 1339 3770 σου
1383 3716 1568 3792 flat-cpi,
1630 3714 1718 3769 καὶ
1760 3719 1838 3787 τῷ
1894 3713 2028 3791 ἁγίῳ

378 3803 671 3883 Πιθεύμιτι,
715 3800 826 3881 νῦν³
858 3823 914 3862 κ.
949 3823 1000 3863 τ,
1036 3801 1089 3862 λ,

917 3892 1072 3972 Εὒχτὶ
1101 3892 1240 3960 ἄλλη
1263 3892 1483 3969 ὁμοίως.

462 3983 727 4061 Πρόσχες,
793 3981 945 4060 Κύριε
989 3981 1167 4048 Ἰησοῦ
1209 3984 1401 4061 Χριστὲ
1462 3985 1491 4038 ὸ
1549 3983 1679 4047 Θεὸς
1739 3985 1917 4059 ἡμῶν,
1981 3984 2032 4048 εξ

380 4075 528 4153 ἁγίου
593 4079 684 4128 τοῦ
737 4073 1153 4150 κατοικητηρίου
1209 4095 1324 4144 σου,
1386 4074 1472 4129 καὶ
1529 4072 1636 4128 ἀπὸ
1695 4073 1878 4149 θρόνου
1933 4078 2031 4138 τῆς

2111 3353 2490 3433 quinamento
2522 3351 2717 3412 carnis
2743 3361 2801 3413 et
2832 3352 3079 3433 Spiritus
3114 3373 3128 3417 :
3165 3363 3224 3416 et
3253 3355 3344 3417 fac
3372 3374 3480 3416 nos
3505 3354 3752 3436 partici-

2115 3461 2218 3524 pes
2251 3459 2380 3501 esse
2413 3449 2470 3501 et
2499 3459 2935 3521 concorporeos
2965 3447 3079 3506 tua;
3112 3445 3337 3526 gratiae,
3372 3445 3510 3506 utin
3542 3445 3758 3507 sancti-

2114 3540 2228 3591 tate
2252 3529 2560 3611 etjustitia
2590 3529 2694 3591 tibi
2717 3531 3204 3612 supplicationem
3232 3534 3577 3596 otl'eramus:
3615 3541 3669 3595 et
3702 3541 3759 3598 te

2113 3621 2286 3683 decet
2318 3621 2515 3683 omnis
2551 3621 2739 3700 gloria
2791 3623 3148 3701 magnitudo,
3187 3632 3446 3704 potestas
3477 3631 3534 3686 et
3559 3624 3758 3705 impe-

2113 3711 2293 3784 rium,
2329 3729 2463 3771 cum
2495 3710 2872 3772 immaculato
2903 3720 3002 3773 tuo
3035 3711 3208 3775 Patre
3240 3720 3298 3774 et
3327 3720 3531 3775 sancto
3563 3713 3759 3794 Spiri-

2117 3807 2198 3874 tu,
2236 3819 2418 3877 nunc,
2441 3809 2556 3864 etc.

2441 3891 2658 3956 Oratio
2687 3891 2816 3956 alia
2851 3894 3131 3958 similiter
3158 3896 3435 3960 dicenda.

2199 3986 2480 4057 Attende,
2517 3987 2769 4048 Domine
2798 3989 2936 4050 Jesu
2968 3990 3198 4053 Christe
3227 3990 3388 4055 Deus
3418 3999 3644 4073 noster,
3691 4011 3762 4055 ex

2117 4085 2317 4136 sancto
2365 4075 2703 4137 habitaculo
2737 4085 2860 4159 tuo,
2894 4086 2952 4140 et
2984 4098 3052 4141 ex
3083 4081 3295 4143 throno
3345 4083 3549 4162 gloria:
3595 4083 3766 4163 regni

383 4160 654 4241 βασιλείας
715 4182 833 4234 σου,
885 4159 1147 4255 xui-Elei;
1190 4163 1262 4225 εἷς
1334 4164 1394 4218 τὸ
1453 4162 1668 4240 ἁγιάσαι
1712 4163 1858 4237 ἡμᾶς
1915 4162 2021 4218 τοὺς

2123 4166 2227 4237 tui,
2265 4175 2322 4226 et
2356 4166 2494 4255 veni
2512 4166 2581 4227 ad
2617 4168 3107 4232 sanctiﬁcandum
3141 4191 3249 4234 nos
3279 4159 3379 4255 qui
3411 4159 3767 4236 inclinamur

379 4249 752 4314 ὶπικλίναντάς
809 4272 926 4314 σου,
993 4241 1050 4308 Ὀ
1096 4249 1205 4307 ἅνω
1270 4253 1346 4327 τῷ
1403 4253 1560 4329 πατρὶ
1614 4253 2012 4331 συγκαθήμενος

2123 4273 2321 4314 coram
2357 4262 2433 4315 te.
2464 4253 2572 4325 Qui
2598 4274 2830 4317 sursum
2865 4259 3041 4320 sedes
3066 4280 3200 4322 cum
3230 4241 3503 4338 Patre,et
3525 4261 3622 4324 hic
3655 4281 3766 4324 no-

384 4342 472 4396 καὶ
517 4337 618 4396 ὦδε
688 4341 826 4415 ἡμῖν
884 4339 1120 4417 ἀοράτως
1179 4340 1346 4397 συνών
1379 4360 1393 4374 ·
1469 4342 1556 4398 καὶ
1604 4340 1931 4406 καταξίωσον
1970 4349 2021 4418 τῇ

2124 4342 2356 4405 hiscum
2388 4345 2764 4407 invisibiliter
2794 4347 2956 4410 ades:
2990 4350 3356 4433 dignareque
3386 4337 3615 4432 potenti
3637 4369 3768 4415 ma-

386 4436 610 4511 χραταιᾷ
639 4451 732 4486 σου
755 4431 919 4511 χειρὶ,
969 4429 1282 4505 μεταδοῦναι
1313 4432 1450 4506 ἡμῖν
1480 4438 1571 4489 τοῦ
1613 4431 1881 4513 ἀχρᾶντου
1925 4431 2021 4488 σώ‹

2126 4455 2202 4495 nu
2228 4443 2346 4508 tua,
2381 4434 2697 4515 participes
2726 4437 2924 4499 facere
2956 4429 3074 4501 nos
3115 4429 3477 4506 immaculati
3503 4441 3769 4522 corporis

387 4523 554 4598 ματός
595 4541 716 4592 σου,
761 4521 848 4577 καὶ
893 4517 958 4576 δι’
1031 4521 1191 4597 ἡμῶν
1262 4525 1423 4580 παντὶ
1472 4529 1548 4597 τῷ
1607 4521 1744 4598 λαῷ.
1807 4523 1878 4578 Σὺ
1939 4523 2021 4601 γὰί

2124 4525 2206 4585 tui
2238 4539 2294 4585 et
2322 4523 2564 4603 pretiosi
2592 4527 2921 4603 sanguinis,
2957 4539 3009 4591 et
3044 4550 3150 4610 per
3181 4552 3289 4594 nos
3313 4551 3552 4596 omnem
3588 4517 3768 4612 popu-

387 4612 442 4668 εἴ
487 4613 514 4667 ὁ
546 4609 688 4668 κλῶν
728 4612 815 4667 καὶ
845 4609 1143 4688 κλώμενος,
1191 4613 1277 4669 καὶ
1334 4612 1598 4678 ἄκλαστος
1636 4631 1650 4646 ⁸
1698 4613 1783 4670 καὶ
1830 4613 1910 4670 σοὶ
1943 4613 2039 4680 τὴν

385 4700 540 4768 δόξαν
593 4700 1005 4779 ἆναπέμπομεν,
1081 4703 1171 4760 σὺν
1247 4708 1324 4776 τῷ
1395 4706 1578 4784 Πατρὶ,
1638 4704 1726 4761 καὶ
1775 4707 1853 4777 τῷ
1907 4701 2040 4783 ἅγίῳ

388 4794 673 4868 Πνεύματι,
717 4799 820 4873 νῦν³
855 4815 911 4856 κ,
946 4815 999 4854 τ.
1032 4791 1086 4856 λ,

470 4930 604 5010 (27)
627 4928 944 5013 Sententia
979 4928 1195 5009 haec,et
1215 4934 1347 4996 aliae
1370 4931 1597 4996 similes
1629 4947 1763 5013 quae
1793 4930 1854 4991 in
1880 4928 2040 5013 Cra}-

387 5008 594 5096 corum
617 5008 1118 5096 Orientalumque
1136 5015 1305 5077 libris
1322 5014 1544 5096 passim
1565 5008 2038 5096 océurrunt_,illis

387 5090 485 5234 qui
516 5106 720 5152 veram
753 5090 1186 5157 elementorum
1236 5097 1297 5158 in
1325 5090 1554 5176 'corpns
1585 5101 1644 5155 et
1685 5090 2036 5172 sanguinem

435 5170 1171 5234 hristitransmutationem
1204 5175 1716 5234 reiiciunt.venire
1732 5192 2036 5234 nunquam

435 5170 1171 5257 hristitransmutationem
1204 5170 1716 5257 rejiciun't,venire
1732 5170 2036 5257 nunquam

389 5259 634 5345 possunt
659 5253 719 5313 in
742 5258 1144 5345 mentemznec
1175 5259 1248 5320 ab
1271 5253 1779 5345 'illis,quacunque
1809 5255 2039 5345 ratione

390 5334 887 5422 illashtorqueant,
933 5347 1180 5422 possunt
1208 5334 1519 5422 explicari.
1553 5334 1849 5422 Christum
1883 5336 2041 5398 scili-

392 5412 850 5503 cet,0rien‘tales
871 5412 1337 5484 in’Eucharistia
1363 5418 1828 5503 praesentemita
1851 5436 2037 5503 agno-

393 5495 630 5586 cunt,u_t
659 5495 1499 5586 yiyentem,_sac_erdotemque_
1518 5498 1861 5586 secundum
1883 5495 2038 5560 ordi-

394 5595 533 5638 nem
569 5576 1038 5658 Melchisedech,
1071 5576 1422 5648 Pontiﬁcem
1474 5584 1811 5646 futurorum
1845 5579 2040 5643 bono-

395 5659 665 5749 rum,qui
687 5671 1132 5749 sacramentum
1157 5665 1313 5749 quod
1337 5667 1468 5749 ipse
1499 5662 2042 5749 instituit,praasen-

397 5739 478 5802 tia
504 5737 700 5822 una,et
728 5737 1017 5808 ineﬂ'abili
1047 5737 1390 5830 operatione
1414 5744 1676 5830 Spiritus
1698 5737 1885 5808 sancti
1908 5761 2042 5826 per-

2126 4617 2268 4676 lum.
2304 4614 2388 4676 Tu
2414 4617 2573 4676 enim
2598 4634 2662 4678 es
2711 4617 2815 4694 qui
2843 4617 3063 4699 frangis
3096 4632 3154 4685 et
3185 4623 3498 4704 frangeris,
3551 4642 3769 4704 quam-

2126 4705 2213 4765 vis
2244 4705 2527 4766 infractus
2560 4706 2708 4786 (2'7),
2745 4715 2801 4768 et
2831 4709 2936 4771 tibi
2979 4712 3226 4790 gloriam
3273 4715 3589 4777 referimus
3634 4733 3768 4776 cum

2125 4795 2296 4858 Patre
2325 4804 2382 4858 et
2409 4805 2615 4858 sancto
2637 4795 2883 4878 Spiritu,
2915 4821 3094 4875 nunc,
3148 4812 3261 4866 etc.

2129 4929 2394 4992 ﬁciatEo
2418 4939 2688 5012 spectant
2708 4931 2805 4994 illa
2827 4951 2956 5010 quae
2975 4931 3252 5012 superius
3287 4935 3562 5012 leguntur
3595 4951 3610 4997 :
3646 4931 3770 5012 Qui

2122 5018 2241 5086 tunc
2272 5011 2610 5086 benedixisti.
2634 5012 2789 5067 etiam
2819 5029 2962 5086 nuinc
2991 5010 3207 5070 benedic
3243 5037 3253 5068 :
3287 5010 3378 5086 qui
3417 5019 3536 5070 tunc
3566 5010 3775 5086 sancti-

2120 5085 2317 5150 ﬁcasu'.
2339 5085 2496 5137 etiam
2527 5099 2670 5138 nunc
2697 5085 2972 5154 sancti/ica
2995 5104 3008 5138 :
3031 5087 3126 5156 qui
3165 5084 3308 5140 tunc
3331 5087 3566 5156 fregisti,
3608 5084 3774 5156 etiam

2120 5171 2261 5238 nunc:
2289 5156 2488 5238 frange
2517 5173 2527 5210 :
2561 5156 2649 5238 αις
2695 5165 2821 5238 tunc
2871 5155 3076 5238 dedisti
3126 5155 3488 5238 discipulis)!
3517 5155 3772 5238 apostplis

2126 5227 2924 5297 tuis,etiamnunc,Domine,da
2952 5229 3102 5285 nobis
3141 5227 3281 5284 omni
3305 5228 3506 5300 popqu
3547 5236 3639 5300 tuo
3665 5227 3776 5298 lgl-

2129 5308 2221 5360 tur
2250 5300 2532 5361 sacerdos
2550 5309 2864 5380 antequam
2891 5299 3354 5362 eucharisticum
3376 5299 3594 5380 panem
3619 5299 3774 5359 fran-

2125 5387 2244 5458 gat,
2269 5381 2424 5461 quod
2450 5383 2643 5442 facere
2675 5379 3185 5456 debet,utChristi
3209 5379 3548 5462 exemplum
3584 5379 3775 5440 imite-

2127 5471 2241 5536 tur,
2279 5481 2414 5524 eum
2448 5463 2777 5534 invocat,ut
2808 5462 3086 5524 fractioni
3121 5480 3384 5542 prtesens
3412 5462 3775 5542 sit,eamque

2124 5544 2459 5606 sanctificet
2493 5561 2507 5608 :
2544 5561 2735 5620 eaque
2793 5545 3049 5620 ratione,
3095 5541 3367 5608 Christus
3398 5541 3614 5621 frangit
3666 5558 3773 5621 per

2126 5625 2449 5686 sacerdotis
2475 5624 2898 5699 ministerium,
2931 5626 3082 5686 sicut
3123 5623 3426 5687 henedicit
3455 5632 3512 5686 et
3541 5623 3772 5684 sancti-

2128 5707 2260 5768 ﬁcat
2293 5705 2500 5769 eodem
2529 5706 2688 5768 illius
2720 5705 3069 5770 ministerio.
3103 5707 3252 5772 Cum
3295 5723 3436 5768 vero
3469 5703 3637 5786 panis
3671 5703 3772 5767 ille
