4138 6394
295 301 405 377 741
3572 305 3688 376 ’142

384 1785 597 1862 Vobis,
633 1787 764 1852 Viri
799 1786 1267 1868 humanissimi,
1305 1789 1444 1869 hoc,
1479 1789 1936 1870 qualecunque
1961 1793 2082 1870 est,
2119 1790 2585 1853 Anecdotorum
2619 1789 2996 1870 opusculum
3029 1787 3319 1868 debetur,

383 1919 561 1993 Nam,
600 1924 670 1981 ut
726 1924 1086 2000 temporum
1142 1918 1456 1982 rationem
1515 1937 1765 2001 sequar,
1804 1921 2032 2000 viginti
2064 1927 2128 1984 et
2158 1923 2325 2002 quod
2357 1922 2636 1986 excurrit
2665 1921 2811 1985 anni
2842 1927 3014 2002 sunt,
3048 1937 3124 1983 ex
3155 1935 3280 1999 quo
3337 1919 3455 1998 Tu,
3515 1915 3680 1978 ami-

301 2034 554 2100 cissime
615 2036 1030 2115 Krabingere,
1085 2036 1269 2118 mihi,
1329 2043 1482 2102 tunc
1540 2039 1852 2103 Monachii
1909 2041 2320 2104 commoranti
2379 2041 2690 2122 librisque
2735 2039 2970 2104 Graecis
3001 2055 3191 2102 manu
3220 2036 3494 2116 scriptis,
3559 2033 3692 2098 illic

300 2157 366 2219 in
438 2155 824 2221 bibliotheca
882 2157 1058 2236 regia
1122 2160 1482 2238 asservatis,
1541 2158 1848 2242 heluanti,
1913 2181 2057 2226 cum
2119 2164 2242 2227 alia
2279 2164 2551 2244 plurima
2580 2163 2898 2227 Anecdota
2927 2165 3163 2236 Graca,
3197 2176 3468 2242 quorum
3529 2157 3695 2220 bona

302 2291 448 2354 pars
477 2275 688 2340 adhuc
731 2275 977 2340 edenda
1006 2283 1221 2351 restat,
1261 2283 1391 2340 tum
1431 2277 1681 2341 Scholia
1709 2278 1772 2340 in
1807 2282 1867 2342 S.
1903 2285 2278 2362 Gregorium
2312 2284 2794 2363 Nazianzenum,
2828 2282 3062 2362 quibus
3111 2281 3176 2344 in
3203 2279 3322 2344 hoc
3381 2276 3688 2358 opusculo

300 2415 458 2462 usus
492 2416 656 2476 sum,
692 2400 770 2465 ad
803 2400 1292 2465 describendum
1327 2400 1427 2464 vel
1458 2401 1927 2480 excerpendum
1959 2404 2328 2483 propinasti.
2360 2407 2444 2466 Ac
2471 2401 2718 2466 etiamsi
2771 2401 2880 2464 diu
2928 2407 3048 2480 est,
3105 2399 3275 2481 quod
3329 2415 3450 2477 ego
3507 2398 3689 2460 suavi

299 2521 536 2582 Tecum
568 2519 977 2600 epistolarum
1009 2520 1389 2584 commercio
1418 2537 1588 2598 agre
1620 2538 1802 2585 careo
1834 2524 2120 2601 (fortasse
2167 2541 2304 2589 mea
2363 2524 2633 2602 quadam
2673 2522 2882 2602 culpa,
2944 2521 3216 2599 negotiis
3277 2520 3508 2584 misere
3556 2517 3693 2582 dis—

305 2639 515 2720 tenti);
546 2655 801 2719 semper
821 2644 1054 2714 tamen,
1088 2640 1240 2702 dum
1273 2641 1503 2722 vivam,
1540 2647 1720 2720 grato
1749 2659 1901 2721 erga
1930 2645 2019 2706 Te
2047 2641 2257 2705 animo
2289 2639 2561 2704 recolam
2593 2635 3107 2703 commorationis
3138 2635 3311 2700 illius
3345 2639 3685 2699 Monacen-

305 2759 393 2822 sis
433 2759 717 2836 delicias,
751 2775 1016 2841 quarum
1051 2763 1145 2823 Tu
1179 2777 1301 2824 non
1335 2761 1596 2825 minima
1631 2779 1772 2843 pars
1805 2763 2004 2827 fuisti.

387 2896 483 2959 Tu
543 2899 782 2976 autem,
844 2894 1172 2960 carissime
1229 2895 1439 2978 Rothi,
1491 2897 1790 2962 amicitia
1845 2895 2101 2961 vinculo
2133 2909 2256 2975 me,
2291 2893 2432 2958 Tibi
2465 2897 2650 2958 antea
2680 2893 2995 2975 ignotum,
3020 2889 3410 2955 adstrinxisti
3437 2888 3699 2969 egregio

305 3016 416 3080 illo
446 3015 779 3096 beneﬁcio,
810 3015 982 3096 quod
1012 3017 1147 3081 Tua
1171 3015 1626 3082 intercessione
1654 3017 1942 3098 effecisti,
1978 3024 2048 3080 ut
2078 3013 2582 3097 pretiosissimus
2610 3012 2720 3078 ille
2743 3013 2944 3079 codex
2999 3015 3061 3075 S.
3095 3008 3381 3090 Gregorii
3439 3007 3700 3076 Nazian-

305 3135 444 3204 zeni
492 3154 684 3202 manu
735 3138 1031 3220 scriptus,
1093 3155 1221 3220 quo
1278 3139 1430 3204 Elia
1505 3137 1943 3205 commentarii
2001 3133 2430 3215 continentur,
2483 3150 2650 3198 anno
2710 3133 3121 3198 MDCCGXLII
3178 3147 3258 3197 ex
3313 3128 3702 3196 bibliotheca

308 3257 563 3338 publica
623 3257 990 3332 Basileensi,
1043 3258 1393 3324 liberaliter
1438 3259 1871 3324 annuentibus
1928 3257 2068 3322 eius
2127 3253 2549 3330 curatoribus,
2616 3269 2724 3333 per
2774 3252 3194 3316 clarissimum
3269 3249 3696 3330 Gerlachium,

306 3377 483 3442 illius
513 3379 918 3444 bibliotheca
976 3379 1369 3462 prafectum,
1428 3381 1506 3444 ad
1567 3398 1667 3446 me
1720 3384 1984 3445 Bernam
2042 3375 2602 3455 transmitteretur,
2635 3380 2834 3453 utque
2863 3389 3010 3436 eum
3048 3378 3255 3435 terere
3283 3371 3443 3435 etin
3503 3386 3689 3434 usum

309 3499 662 3564 studiorum
699 3498 1162 3564 Platonicorum
1206 3506 1270 3564 et
1301 3503 1839 3583 Patrologicorum
1871 3516 1983 3582 pro
2014 3497 2225 3563 lubitu
2250 3512 2592 3578 excerpere
2621 3511 2896 3576 possem.
2947 3493 3253 3558 Eumdem
3282 3494 3378 3556 Tu
3409 3492 3702 3558 codicem

308 3637 419 3700 pro
469 3620 727 3701 egregia
780 3622 914 3685 Tua
972 3637 1125 3701 erga
1181 3638 1285 3686 me
1341 3623 1811 3705 benevolentia,
1843 3623 1948 3688 cui
1975 3621 2147 3686 idem
2175 3619 2285 3684 ille
2316 3618 2688 3684 Gerlachius
2719 3616 2951 3681 iterum
2983 3615 3362 3697 opitulatum
3393 3614 3531 3695 ivit,
3569 3631 3694 3678 nu—

316 3741 609 3822 perrime,
643 3757 843 3822 quum
874 3744 1180 3822 Excerpta
1211 3742 1427 3808 Eliana
1464 3745 1733 3809 Lutetia
1763 3742 2150 3807 Parisiorum
2181 3739 2470 3804 editurus
2499 3754 2734 3818 essem,
2791 3753 3014 3800 rursus
3070 3736 3149 3799 ad
3207 3750 3310 3799 me
3365 3734 3693 3798 transmit-

309 3864 576 3929 tendum
606 3863 863 3942 curasti,
901 3867 968 3926 ut
998 3879 1146 3943 qua
1177 3863 1326 3927 inde
1356 3862 1820 3944 excerpsissem
1858 3863 2203 3942 augere,et
2231 3857 2520 3940 plagulas
2549 3856 2958 3938 corrigendes
3001 3855 3081 3919 ad
3106 3854 3408 3935 ἀρχέτυπον
3438 3853 3698 3933 exigere

313 3996 591 4061 possem.

393 4112 564 4187 Quod
596 4115 805 4174 autem
839 4110 991 4175 Elia
1020 4109 1276 4173 tandem
1310 4109 1542 4173 edendi
1571 4111 1910 4177 consilium
1941 4117 2102 4198 cepi,
2139 4118 2438 4199 quodque
2488 4118 2699 4200 operis
2752 4119 3178 4184 redemtorem
3232 4115 3500 4180 Lutetia
3557 4131 3699 4179 sum

313 4236 561 4310 nactus,
594 4230 660 4294 id
692 4229 856 4306 Tibi,
895 4229 1351 4293 humanissime
1381 4230 1816 4314 Darembergi,
1850 4235 1963 4299 uni
1993 4237 2114 4302 soli
2145 4239 2538 4308 debeo.Nam
2595 4258 2795 4323 quum
2845 4258 2966 4321 ego
2996 4246 3144 4305 ante
3185 4239 3303 4305 hos
3330 4238 3699 4320 quindecim

312 4367 536 4432 annos,
595 4351 872 4416 dilatatis
929 4351 1258 4433 paullatim
1308 4352 1703 4434 antiquitatis
1762 4354 2014 4436 studiis,
2072 4374 2218 4421 cum
2289 4359 2637 4440 philologia
2718 4360 3230 4440 archaologiam,
3316 4357 3510 4421 etiam
3593 4373 3697 4437 pa-

295 4452 524 4550 itriam,
555 4472 944 4554 conjungere
973 4477 1059 4554 et,
1094 4488 1239 4554 qua
1268 4473 1468 4554 patrio
1502 4479 1651 4538 sunt
1708 4476 1842 4539 solo
1871 4477 2237 4557 recondita,
2298 4480 2695 4562 antiquitatis
2754 4480 3012 4545 Gallica
3074 4484 3138 4543 et
3193 4481 3491 4543 Romana
3538 4476 3693 4541 reli-

317 4593 499 4675 quias
528 4593 911 4675 perscrutari
942 4593 1300 4675 coepissem,
1335 4595 1565 4660 deinde
1597 4595 1876 4662 historia
1907 4597 2127 4677 patria
2182 4616 2439 4681 operam
2495 4616 2609 4684 per
2663 4599 3071 4681 septennium
3123 4613 3477 4679 navassem,
3537 4596 3700 4662 iam-

317 4733 465 4800 que,
500 4723 799 4798 tanquam
829 4715 1268 4797 peregrinator
1296 4717 1374 4780 ad
1405 4717 1622 4782 sedem
1646 4718 2083 4802 domesticam,
2116 4721 2196 4785 ad
2226 4721 2492 4805 pristina
2521 4720 2732 4784 studia
2759 4719 3118 4796 rediissem,
3147 4723 3210 4784 et
3254 4734 3400 4800 qua
3454 4717 3700 4799 pridem

313 4840 384 4905 in
413 4854 649 4920 genere
677 4837 1001 4919 philologo
1031 4853 1067 4900 a
1124 4853 1228 4902 me
1256 4837 1560 4903 elaborari
1624 4845 1829 4921 capta
1885 4847 2088 4924 erant,
2143 4848 2459 4907 maturare
2511 4841 2936 4922 instituerem,
2994 4875 3067 4886 —
3124 4842 3234 4923 Te,
3297 4841 3385 4903 mi
3441 4843 3703 4904 Darem-

320 4963 524 5043 bergi,
584 4978 722 5026 sors
773 4960 1045 5042 propitia
1101 4961 1329 5025 horum
1403 4964 1760 5028 studiorum
1815 4963 2124 5031 fautorem
2181 4963 2372 5029 simul
2419 4969 2484 5028 et
2547 4963 3010 5028 moderatorem
3070 4961 3230 5026 mihi
3287 4960 3543 5026 obtulit.
3604 4961 3701 5022 Tu

320 5099 446 5163 me,
479 5085 709 5162 ἀρχείων
733 5082 999 5163 pulvere
1039 5083 1363 5165 obrutum,
1415 5091 1480 5150 et
1537 5086 1641 5149 hic
1692 5088 1911 5152 Berna
1965 5088 2215 5170 quovis,
2277 5087 2523 5169 Hercle,
2580 5086 2660 5149 ad
2717 5085 3133 5150 humanitatis
3203 5084 3414 5149 studia
3468 5081 3698 5146 incita-

321 5209 535 5268 mento
578 5206 921 5284 carentem,
957 5219 1032 5266 ea
1056 5219 1126 5268 re
1157 5205 1441 5282 erexisti,
1470 5206 1642 5286 quod
1672 5223 1848 5272 meos
1890 5215 2150 5273 conatus
2181 5207 2323 5272 Tibi
2361 5207 2610 5289 Tuique
2651 5204 2968 5268 similibus
3023 5203 3278 5286 probari
3343 5200 3701 5267 declarasti.

327 5326 422 5389 Tu
479 5338 610 5397 me,
674 5320 831 5386 alios
886 5321 1136 5387 labores
1221 5323 1578 5404 philologos
1688 5327 2124 5409 meditantem,
2214 5327 2293 5391 ad
2382 5326 2602 5404 Eliam,
2663 5323 2914 5389 scriniis
2971 5323 3168 5388 instar
3224 5322 3504 5402 κιιμηλίου
3560 5336 3698 5385 ser-

325 5451 566 5527 vatum,
600 5445 918 5511 edendum
947 5445 1237 5509 excitasti
1271 5446 1364 5512 sic
1395 5465 1496 5512 me
1542 5448 2003 5531 interpellando
2040 5467 2059 5512 :
2099 5473 2122 5508 ι
2157 5449 2317 5526 Quin
2375 5453 2444 5512 tu
2496 5445 2846 5527 pretiosum
2899 5443 3072 5508 istud
3137 5443 3501 5509 Anecdoton
3558 5445 3706 5505 ante

329 5569 542 5634 omnia
570 5567 637 5632 in
664 5566 875 5634 lucem
903 5565 1138 5649 profer,
1171 5584 1252 5633 ne
1273 5567 1340 5635 id
1369 5569 1450 5634 ab
1480 5570 1604 5637 alio
1633 5573 1932 5654 quopiam
1962 5577 2329 5653 occupetur,
2365 5585 2528 5636 neve
2555 5583 2746 5649 quem
2778 5567 2874 5629 Tu
2904 5565 2970 5628 in
3032 5582 3108 5632 eo
3167 5565 3588 5633 describendo
3650 5563 3710 5626 la
