4138 6416
415 295 533 367 743
3682 275 3812 343 744

417 441 638 507 borem
689 437 1035 519 collocasti,
1081 433 1226 501 Tibi
1258 427 1476 498 irritus
1505 425 1831 495 reddatur.
1871 448 1895 485 ι
1932 423 2265 504 Quumque
2305 433 2429 501 ego
2487 413 2657 485 dicto
2711 433 2963 500 parens,
3022 411 3102 479 ad
3172 418 3428 497 tempus
3485 412 3806 496 sepositis,

417 581 580 648 quos
603 561 862 627 molitus
887 575 1081 631 eram,
1128 553 1477 628 laboribus,
1512 550 1662 615 Eliae
1720 545 2063 612 editionem
2113 556 2424 624 pararem,
2483 538 2726 603 interea
2807 538 3236 602 redemtorem
3295 537 3391 599 Tu
3453 533 3806 617 plurimum

417 683 842 754 reverendum
876 681 1201 759 Migneum
1235 673 1392 738 mihi
1424 667 1798 748 conciliasti,
1833 665 1897 729 id
1927 668 2024 728 est
2053 663 2260 726 virum
2292 666 2508 725 natum
2541 661 2992 743 promovendis
3041 658 3271 724 studiis
3327 658 3429 720 SS.
3495 655 3791 721 Ecclesiae

422 817 698 890 Patrum,
736 805 842 888 qui
875 819 1070 884 quum
1103 797 1380 881 primum
1429 791 1834 870 instituisset,
1871 785 2021 852 Eliae
2077 783 2563 850 commentarios
2622 783 2907 863 integros
2954 782 3167 860 edere,
3226 785 3524 862 essetque
3581 795 3803 844 eorum

423 933 590 1000 mole
616 947 653 994 a
679 925 1002 1011 proposito
1033 919 1399 999 deterritus,
1433 932 1509 982 eo
1539 911 1868 978 lubentius
1894 912 2015 976 hoc
2045 907 2300 972 illorum
2329 903 2776 986 compendium
2805 902 3254 969 redimendum
3284 901 3590 982 suscepit.

502 1063 783 1146 Accipite
808 1059 1024 1139 igitur,
1061 1058 1358 1119 Fautores
1389 1055 1453 1116 et
1479 1048 1679 1114 Amici
1710 1041 2322 1122 benevolentissimi,
2352 1044 2653 1119 tanquam
2685 1037 2848 1118 grati
2898 1033 3334 1101 testimonium
3387 1034 3604 1115 animi,
3658 1033 3799 1111 hoc,

419 1189 589 1273 quod
652 1182 848 1252 Vobis
903 1178 1194 1258 debetur,
1255 1171 1658 1256 opusculum,
1718 1167 1823 1233 cui
1883 1166 1936 1228 si
1988 1181 2064 1230 ea
2121 1162 2288 1228 desit
2342 1159 2649 1225 doctrinae
2691 1164 2755 1223 et
2783 1157 2969 1239 copia
2997 1162 3063 1222 et
3093 1155 3450 1239 perpolitio,
3483 1173 3611 1238 qua
3669 1157 3789 1222 viri

418 1305 677 1388 eruditi,
735 1299 941 1366 literis
996 1294 1277 1376 antiquis
1319 1290 1506 1357 otIicii
1535 1305 1689 1368 ergo
1718 1290 2034 1361 vacantes,
2067 1299 2259 1366 opera
2305 1299 2421 1347 sua
2475 1299 2703 1347 ornare
2734 1284 3243 1347 consueverunt:
3287 1295 3476 1360 spero
3511 1279 3663 1362 fore,
3725 1285 3797 1346 ut

416 1431 576 1501 mihi
606 1423 971 1510 ignoscatis.
1012 1423 1234 1502 Neque
1263 1415 1434 1483 enim
1467 1417 1593 1480 Vos
1650 1411 1824 1488 latet,
1873 1425 1975 1474 me
2033 1405 2443 1489 philologiam
2501 1410 2802 1486 tanquam
2858 1404 3122 1484 πὰριργον
3180 1405 3451 1466 tractare
3511 1407 3803 1468 coactum

419 1570 560 1620 esse
590 1554 655 1615 et
682 1544 933 1612 erudito
962 1541 1091 1608 otio
1120 1543 1364 1604 tantum
1396 1550 1522 1599 non
1552 1547 1789 1597 carere.
1824 1529 1944 1595 Sed
1978 1528 2077 1594 vel
2109 1526 2200 1592 sic
2228 1526 2309 1591 de
2338 1523 2540 1589 literis
2583 1520 2885 1603 antiquis,
2961 1519 3160 1585 sacris
3219 1519 3456 1601 pariter
3510 1537 3584 1584 ac
3641 1538 3795 1602 pro-

417 1674 603 1756 fanis,
634 1671 801 1736 bene
827 1662 1058 1730 mereri
1088 1678 1274 1744 porro
1294 1657 1592 1737 conabor,
1624 1654 1826 1718 donec
1855 1655 2004 1734 Vos,
2056 1650 2188 1715 Viri
2214 1645 2652 1727 eruditissimi,
2711 1660 2858 1710 cum
2914 1642 3232 1708 similibus
3285 1645 3581 1707 Vestrum
3637 1643 3801 1709 meis

421 1792 756 1862 conatibus
786 1788 999 1853 lavere
1027 1783 1239 1848 video.
1271 1778 1445 1857 Quod
1473 1781 1546 1841 ut
1573 1791 1762 1858 porro
1789 1771 2031 1839 faciatis
2060 1777 2259 1854 utque
2290 1786 2392 1836 me
2413 1783 2626 1834 amare
2654 1767 2955 1850 pergatis,
3010 1768 3135 1832 Vos
3195 1781 3351 1845 rogo
3402 1769 3595 1847 atque
3655 1784 3800 1832 oro.

421 1916 663 1985 Valete.

500 2061 734 2127 Dabam
763 2060 982 2122 Bernae
1015 2049 1451 2118 Helvetiorum
1475 2043 1680 2126 pridie
1709 2043 1834 2110 Cal.
1865 2042 2064 2124 April.
2099 2039 2568 2109 MDCGCLVIII.

2807 2213 2878 2273 Α.
2919 2210 3140 2274 Ianum
