  <div class='ocr_page' id='page_1' title='image "/cluster/home/n/w/nwhite01/storage/ocr_20150623/36:no.2/coo.31924054869338/479.png"; bbox 0 0 4102 6408; ppageno 0'>
   <div class='ocr_carea' id='block_1_1' title="bbox 450 220 3872 319">
    <p class='ocr_par' dir='ltr' id='par_1_1' title="bbox 450 220 3872 319">
     <span class='ocr_line' id='line_1_1' title="bbox 450 220 3872 319; baseline -0.004 0"><span class='ocrx_word' id='word_1_1' title='bbox 450 252 568 319; x_wconf 86' lang='lat'><strong>939</strong></span> <span class='ocrx_word' id='word_1_2' title='bbox 1532 238 1845 314; x_wconf 86' lang='lat' dir='ltr'><strong>NOTITIA</strong></span> <span class='ocrx_word' id='word_1_3' title='bbox 1890 246 2108 309; x_wconf 87' lang='lat' dir='ltr'><strong>conn.</strong></span> <span class='ocrx_word' id='word_1_4' title='bbox 2156 232 2725 316; x_wconf 78' lang='lat' dir='ltr'><strong>MOSQUENSIUM.</strong></span> <span class='ocrx_word' id='word_1_5' title='bbox 3735 220 3872 311; x_wconf 58' lang='lat' dir='ltr'><strong>suo</strong></span> 
     </span>
    </p>
   </div>
   <div class='ocr_carea' id='block_1_2' title="bbox 447 374 2067 466">
    <p class='ocr_par' dir='ltr' id='par_1_2' title="bbox 447 382 2063 466">
     <span class='ocr_line' id='line_1_2' title="bbox 447 382 2063 466; baseline -0.011 -13"><span class='ocrx_word' id='word_1_6' title='bbox 447 409 482 453; x_wconf 89' lang='lat' dir='ltr'><strong>a</strong></span> <span class='ocrx_word' id='word_1_7' title='bbox 539 407 716 451; x_wconf 89' lang='lat' dir='ltr'><strong>manu</strong></span> <span class='ocrx_word' id='word_1_8' title='bbox 777 388 964 450; x_wconf 88' lang='lat' dir='ltr'><strong>altera</strong></span> <span class='ocrx_word' id='word_1_9' title='bbox 1032 384 1249 466; x_wconf 79' lang='lat' dir='ltr'><strong>legitur</strong></span> <span class='ocrx_word' id='word_1_10' title='bbox 1310 405 1324 448; x_wconf 88' lang='lat'><strong>:</strong></span> <span class='ocrx_word' id='word_1_11' title='bbox 1383 383 1623 465; x_wconf 72' lang='grc' dir='ltr'>Ἐγράςρη</span> <span class='ocrx_word' id='word_1_12' title='bbox 1674 385 1760 440; x_wconf 75' lang='grc' dir='ltr'><strong>καὶ</strong></span> <span class='ocrx_word' id='word_1_13' title='bbox 1817 382 2063 439; x_wconf 72' lang='grc' dir='ltr'>ὶτελειώθ</span> 
     </span>
    </p>
   </div>
   <div class='ocr_carea' id='block_1_3' title="bbox 2238 374 3858 466">
    <p class='ocr_par' dir='ltr' id='par_1_3' title="bbox 2268 374 3858 458">
     <span class='ocr_line' id='line_1_3' title="bbox 2268 374 3858 458; baseline 0.004 -22"><span class='ocrx_word' id='word_1_14' title='bbox 2268 374 2338 439; x_wconf 88' lang='grc' dir='ltr'><strong>Κ.</strong></span> <span class='ocrx_word' id='word_1_15' title='bbox 2372 378 2568 440; x_wconf 80' lang='lat' dir='ltr'>Codex</span> <span class='ocrx_word' id='word_1_16' title='bbox 2603 379 2724 458; x_wconf 87' lang='grc'><strong>(15)</strong></span> <span class='ocrx_word' id='word_1_17' title='bbox 2749 374 3021 457; x_wconf 83' lang='lat' dir='ltr'><strong>ejusdem</strong></span> <span class='ocrx_word' id='word_1_18' title='bbox 3056 375 3435 443; x_wconf 89' lang='lat' dir='ltr'><strong>bibliotheca</strong></span> <span class='ocrx_word' id='word_1_19' title='bbox 3468 401 3631 443; x_wconf 93' lang='lat' dir='ltr'><strong>num.</strong></span> <span class='ocrx_word' id='word_1_20' title='bbox 3668 381 3858 456; x_wconf 85' lang='lat' dir='ltr'><strong>LXII,</strong></span> 
     </span>
    </p>
   </div>
   <div class='ocr_carea' id='block_1_4' title="bbox 448 468 2068 556">
    <p class='ocr_par' dir='ltr' id='par_1_4' title="bbox 448 471 2068 556">
     <span class='ocr_line' id='line_1_4' title="bbox 448 471 2068 556; baseline -0.006 -19"><span class='ocrx_word' id='word_1_21' title='bbox 448 482 486 549; x_wconf 72' lang='grc' dir='ltr'>ἦ</span> <span class='ocrx_word' id='word_1_22' title='bbox 544 480 657 537; x_wconf 78' lang='grc' dir='ltr'>θεία</span> <span class='ocrx_word' id='word_1_23' title='bbox 712 480 801 536; x_wconf 79' lang='grc' dir='ltr'>καὶ</span> <span class='ocrx_word' id='word_1_24' title='bbox 841 477 1129 556; x_wconf 76' lang='grc' dir='ltr'>θεολογικὴ</span> <span class='ocrx_word' id='word_1_25' title='bbox 1193 478 1282 533; x_wconf 78' lang='grc' dir='ltr'><strong>καὶ</strong></span> <span class='ocrx_word' id='word_1_26' title='bbox 1337 476 1451 555; x_wconf 77' lang='grc' dir='ltr'>ἱερὰ</span> <span class='ocrx_word' id='word_1_27' title='bbox 1494 474 1627 541; x_wconf 79' lang='grc' dir='ltr'>αὕτη</span> <span class='ocrx_word' id='word_1_28' title='bbox 1688 471 1867 551; x_wconf 80' lang='grc' dir='ltr'>βίϐλος</span> <span class='ocrx_word' id='word_1_29' title='bbox 1900 474 1952 529; x_wconf 67' lang='grc' dir='ltr'>ἓν</span> <span class='ocrx_word' id='word_1_30' title='bbox 1998 472 2068 529; x_wconf 78' lang='grc' dir='ltr'>ἔτι</span> 
     </span>
    </p>
   </div>
   <div class='ocr_carea' id='block_1_5' title="bbox 2241 468 3861 556">
    <p class='ocr_par' dir='ltr' id='par_1_5' title="bbox 2241 468 3861 551">
     <span class='ocr_line' id='line_1_5' title="bbox 2241 468 3861 551; baseline 0.004 -22"><span class='ocrx_word' id='word_1_31' title='bbox 2241 469 2373 531; x_wconf 72' lang='grc' dir='ltr'><strong>ιΐοι.</strong></span> <span class='ocrx_word' id='word_1_32' title='bbox 2408 468 2678 551; x_wconf 78' lang='lat' dir='ltr'><strong>Scriptus</strong></span> <span class='ocrx_word' id='word_1_33' title='bbox 2708 480 2799 534; x_wconf 89' lang='lat' dir='ltr'><strong>est</strong></span> <span class='ocrx_word' id='word_1_34' title='bbox 2828 489 2966 535; x_wconf 88' lang='lat' dir='ltr'><strong>sac.</strong></span> <span class='ocrx_word' id='word_1_35' title='bbox 3020 491 3078 536; x_wconf 91' lang='lat' dir='ltr'><strong>x.</strong></span> <span class='ocrx_word' id='word_1_36' title='bbox 3114 473 3392 536; x_wconf 90' lang='lat' dir='ltr'><strong>Coutinet</strong></span> <span class='ocrx_word' id='word_1_37' title='bbox 3421 476 3480 536; x_wconf 93' lang='lat' dir='ltr'><strong>in</strong></span> <span class='ocrx_word' id='word_1_38' title='bbox 3509 475 3663 536; x_wconf 88' lang='lat' dir='ltr'><strong>foliis</strong></span> <span class='ocrx_word' id='word_1_39' title='bbox 3691 492 3861 539; x_wconf 68' lang='grc' dir='ltr'>ραι</span> 
     </span>
    </p>
   </div>
   <div class='ocr_carea' id='block_1_6' title="bbox 450 558 3858 649">
    <p class='ocr_par' dir='ltr' id='par_1_6' title="bbox 450 558 3858 649">
     <span class='ocr_line' id='line_1_6' title="bbox 450 558 3858 649; baseline -0.001 -22"><span class='ocrx_word' id='word_1_40' title='bbox 450 568 680 646; x_wconf 78' lang='grc' dir='ltr'><strong>ςωμζ’.</strong></span> <span class='ocrx_word' id='word_1_41' title='bbox 718 567 781 639; x_wconf 89' lang='lat' dir='ltr'><strong>(i.</strong></span> <span class='ocrx_word' id='word_1_42' title='bbox 816 585 875 629; x_wconf 89' lang='lat' dir='ltr'><strong>e.</strong></span> <span class='ocrx_word' id='word_1_43' title='bbox 912 574 1043 649; x_wconf 87' lang='lat' dir='ltr'><strong>post</strong></span> <span class='ocrx_word' id='word_1_44' title='bbox 1078 564 1379 627; x_wconf 76' lang='lat' dir='ltr'><strong>Christum</strong></span> <span class='ocrx_word' id='word_1_45' title='bbox 1425 570 1624 625; x_wconf 88' lang='lat' dir='ltr'><strong>natum</strong></span> <span class='ocrx_word' id='word_1_46' title='bbox 1659 562 1858 642; x_wconf 74' lang='lat' dir='ltr'><strong>1349i,</strong></span> <span class='ocrx_word' id='word_1_47' title='bbox 1890 564 1977 619; x_wconf 80' lang='grc' dir='ltr'><strong>καὶ</strong></span> <span class='ocrx_word' id='word_1_48' title='bbox 2009 562 2103 619; x_wconf 75' lang='grc' dir='ltr'><strong>ιῧ-</strong></span> <span class='ocrx_word' id='word_1_49' title='bbox 2187 558 2490 649; x_wconf 86' lang='lat' dir='ltr'><strong>orationes</strong></span> <span class='ocrx_word' id='word_1_50' title='bbox 2519 576 2643 622; x_wconf 77' lang='lat' dir='ltr'><strong>xvr.</strong></span> <span class='ocrx_word' id='word_1_51' title='bbox 2680 562 2745 623; x_wconf 92' lang='lat' dir='ltr'><strong>In</strong></span> <span class='ocrx_word' id='word_1_52' title='bbox 2777 561 2889 623; x_wconf 86' lang='lat' dir='ltr'><strong>hoc</strong></span> <span class='ocrx_word' id='word_1_53' title='bbox 2920 560 3061 623; x_wconf 83' lang='lat' dir='ltr'><strong>folio</strong></span> <span class='ocrx_word' id='word_1_54' title='bbox 3100 563 3123 626; x_wconf 89' lang='lat'><strong>1</strong></span> <span class='ocrx_word' id='word_1_55' title='bbox 3170 571 3263 626; x_wconf 84' lang='lat' dir='ltr'><strong>est</strong></span> <span class='ocrx_word' id='word_1_56' title='bbox 3304 562 3496 626; x_wconf 91' lang='lat' dir='ltr'><strong>tabula</strong></span> <span class='ocrx_word' id='word_1_57' title='bbox 3529 564 3707 646; x_wconf 84' lang='lat' dir='ltr'><strong>picta,</strong></span> <span class='ocrx_word' id='word_1_58' title='bbox 3743 564 3858 626; x_wconf 87' lang='lat' dir='ltr'><strong>di-</strong></span> 
     </span>
    </p>
   </div>
   <div class='ocr_carea' id='block_1_7' title="bbox 455 647 2075 741">
    <p class='ocr_par' dir='ltr' id='par_1_7' title="bbox 455 647 2075 741">
     <span class='ocr_line' id='line_1_7' title="bbox 455 647 2075 741; baseline -0.002 -25"><span class='ocrx_word' id='word_1_59' title='bbox 455 663 645 741; x_wconf 73' lang='grc' dir='ltr'>χεσθαι</span> <span class='ocrx_word' id='word_1_60' title='bbox 677 657 811 737; x_wconf 73' lang='lat' dir='ltr'><strong>(sic)</strong></span> <span class='ocrx_word' id='word_1_61' title='bbox 844 647 937 714; x_wconf 74' lang='grc' dir='ltr'>τὸν</span> <span class='ocrx_word' id='word_1_62' title='bbox 967 655 1245 735; x_wconf 70' lang='grc' dir='ltr'>γράψαντα</span> <span class='ocrx_word' id='word_1_63' title='bbox 1275 657 1321 711; x_wconf 78' lang='grc' dir='ltr'>οἱ</span> <span class='ocrx_word' id='word_1_64' title='bbox 1353 656 1529 733; x_wconf 83' lang='grc' dir='ltr'>ἀναγι.</span> <span class='ocrx_word' id='word_1_65' title='bbox 1568 652 1734 733; x_wconf 77' lang='lat' dir='ltr'><strong>(Sic).</strong></span> <span class='ocrx_word' id='word_1_66' title='bbox 1774 650 2000 714; x_wconf 90' lang='lat' dir='ltr'><strong>Ibidem</strong></span> <span class='ocrx_word' id='word_1_67' title='bbox 2029 650 2075 713; x_wconf 89' lang='lat' dir='ltr'><strong>al</strong></span> 
     </span>
    </p>
   </div>
   <div class='ocr_carea' id='block_1_8' title="bbox 2245 647 3865 741">
    <p class='ocr_par' dir='ltr' id='par_1_8' title="bbox 2245 648 3865 741">
     <span class='ocr_line' id='line_1_8' title="bbox 2245 648 3865 741; baseline 0.004 -33"><span class='ocrx_word' id='word_1_68' title='bbox 2245 666 2310 741; x_wconf 82' lang='lat' dir='ltr'><strong>sa</strong></span> <span class='ocrx_word' id='word_1_69' title='bbox 2342 648 2403 709; x_wconf 92' lang='lat' dir='ltr'><strong>in</strong></span> <span class='ocrx_word' id='word_1_70' title='bbox 2430 648 2576 711; x_wconf 89' lang='lat' dir='ltr'><strong>duas</strong></span> <span class='ocrx_word' id='word_1_71' title='bbox 2609 650 2832 731; x_wconf 54' lang='lat' dir='ltr'><strong>partes.</strong></span> <span class='ocrx_word' id='word_1_72' title='bbox 2867 654 3177 741; x_wconf 78' lang='lat' dir='ltr'><strong>vetustate</strong></span> <span class='ocrx_word' id='word_1_73' title='bbox 3221 660 3421 717; x_wconf 87' lang='lat' dir='ltr'><strong>autem</strong></span> <span class='ocrx_word' id='word_1_74' title='bbox 3447 654 3526 715; x_wconf 89' lang='lat' dir='ltr'><strong>ita</strong></span> <span class='ocrx_word' id='word_1_75' title='bbox 3559 654 3865 735; x_wconf 83' lang='lat' dir='ltr'><strong>pleraque</strong></span> 
     </span>
    </p>
   </div>
   <div class='ocr_carea' id='block_1_9' title="bbox 457 737 2077 825">
    <p class='ocr_par' dir='ltr' id='par_1_9' title="bbox 457 737 2073 825">
     <span class='ocr_line' id='line_1_9' title="bbox 457 737 2073 825; baseline -0.007 -14"><span class='ocrx_word' id='word_1_76' title='bbox 457 737 572 810; x_wconf 79' lang='lat' dir='ltr'><strong>alia</strong></span> <span class='ocrx_word' id='word_1_77' title='bbox 602 747 778 810; x_wconf 84' lang='lat' dir='ltr'><strong>etiam</strong></span> <span class='ocrx_word' id='word_1_78' title='bbox 838 765 1016 808; x_wconf 88' lang='lat' dir='ltr'><strong>manu</strong></span> <span class='ocrx_word' id='word_1_79' title='bbox 1062 744 1274 823; x_wconf 80' lang='lat' dir='ltr'><strong>legitur</strong></span> <span class='ocrx_word' id='word_1_80' title='bbox 1307 762 1321 806; x_wconf 91' lang='lat'><strong>:</strong></span> <span class='ocrx_word' id='word_1_81' title='bbox 1371 744 1668 825; x_wconf 76' lang='grc' dir='ltr'>Ἀφιερώθη</span> <span class='ocrx_word' id='word_1_82' title='bbox 1702 746 1787 799; x_wconf 80' lang='grc' dir='ltr'><strong>καὶ</strong></span> <span class='ocrx_word' id='word_1_83' title='bbox 1816 751 1993 817; x_wconf 81' lang='grc' dir='ltr'>τοῦτο,</span> <span class='ocrx_word' id='word_1_84' title='bbox 2029 745 2073 799; x_wconf 87' lang='grc' dir='ltr'>ὡ</span> 
     </span>
    </p>
   </div>
   <div class='ocr_carea' id='block_1_10' title="bbox 2238 737 3858 825">
    <p class='ocr_par' dir='ltr' id='par_1_10' title="bbox 2238 737 3858 821">
     <span class='ocr_line' id='line_1_10' title="bbox 2238 737 3858 821; baseline 0.003 -23"><span class='ocrx_word' id='word_1_85' title='bbox 2238 737 2381 799; x_wconf 82' lang='lat' dir='ltr'><strong>eleta</strong></span> <span class='ocrx_word' id='word_1_86' title='bbox 2428 747 2590 812; x_wconf 89' lang='lat' dir='ltr'><strong>sunt,</strong></span> <span class='ocrx_word' id='word_1_87' title='bbox 2638 748 2699 800; x_wconf 91' lang='lat' dir='ltr'><strong>ut</strong></span> <span class='ocrx_word' id='word_1_88' title='bbox 2746 740 3018 802; x_wconf 85' lang='lat' dir='ltr'><strong>neutrius</strong></span> <span class='ocrx_word' id='word_1_89' title='bbox 3066 742 3248 819; x_wconf 87' lang='lat' dir='ltr'><strong>partis</strong></span> <span class='ocrx_word' id='word_1_90' title='bbox 3278 752 3687 821; x_wconf 81' lang='lat' dir='ltr'><strong>argumentum</strong></span> <span class='ocrx_word' id='word_1_91' title='bbox 3735 763 3858 804; x_wconf 86' lang='lat' dir='ltr'><strong>co-</strong></span> 
     </span>
    </p>
   </div>
   <div class='ocr_carea' id='block_1_11' title="bbox 457 828 2077 913">
    <p class='ocr_par' dir='ltr' id='par_1_11' title="bbox 457 832 2074 913">
     <span class='ocr_line' id='line_1_11' title="bbox 457 832 2074 913; baseline -0.005 -16"><span class='ocrx_word' id='word_1_92' title='bbox 457 841 639 897; x_wconf 79' lang='grc' dir='ltr'>καὶτὰ</span> <span class='ocrx_word' id='word_1_93' title='bbox 670 839 833 895; x_wconf 80' lang='grc' dir='ltr'>λοιπὰ</span> <span class='ocrx_word' id='word_1_94' title='bbox 880 836 971 893; x_wconf 72' lang='grc' dir='ltr'><strong>ὕπ’</strong></span> <span class='ocrx_word' id='word_1_95' title='bbox 1029 836 1158 912; x_wconf 69' lang='grc' dir='ltr'>ἐμοῦ</span> <span class='ocrx_word' id='word_1_96' title='bbox 1202 836 1440 910; x_wconf 75' lang='grc' dir='ltr'>Μαξίμου</span> <span class='ocrx_word' id='word_1_97' title='bbox 1499 832 1816 912; x_wconf 65' lang='grc' dir='ltr'>ἁμαρτω)λοῦ</span> <span class='ocrx_word' id='word_1_98' title='bbox 1864 856 2074 913; x_wconf 82' lang='grc' dir='ltr'>μοναχο</span> 
     </span>
    </p>
   </div>
   <div class='ocr_carea' id='block_1_12' title="bbox 2235 828 3855 913">
    <p class='ocr_par' dir='ltr' id='par_1_12' title="bbox 2235 828 3855 911">
     <span class='ocr_line' id='line_1_12' title="bbox 2235 828 3855 911; baseline 0.003 -23"><span class='ocrx_word' id='word_1_99' title='bbox 2235 828 2396 889; x_wconf 91' lang='lat' dir='ltr'><strong>nosci</strong></span> <span class='ocrx_word' id='word_1_100' title='bbox 2429 830 2633 909; x_wconf 86' lang='lat' dir='ltr'><strong>possit.</strong></span> <span class='ocrx_word' id='word_1_101' title='bbox 2670 829 2796 891; x_wconf 90' lang='lat' dir='ltr'><strong>Fol.</strong></span> <span class='ocrx_word' id='word_1_102' title='bbox 2823 832 2883 892; x_wconf 64' lang='grc' dir='ltr'><strong>ἓ.</strong></span> <span class='ocrx_word' id='word_1_103' title='bbox 2921 831 3136 911; x_wconf 78' lang='lat' dir='ltr'><strong>legitur</strong></span> <span class='ocrx_word' id='word_1_104' title='bbox 3166 833 3345 894; x_wconf 90' lang='lat' dir='ltr'><strong>index</strong></span> <span class='ocrx_word' id='word_1_105' title='bbox 3378 835 3712 895; x_wconf 86' lang='lat' dir='ltr'><strong>orationum</strong></span> <span class='ocrx_word' id='word_1_106' title='bbox 3744 835 3855 895; x_wconf 88' lang='lat' dir='ltr'><strong>lit-</strong></span> 
     </span>
    </p>
   </div>
   <div class='ocr_carea' id='block_1_13' title="bbox 458 917 2078 1005">
    <p class='ocr_par' dir='ltr' id='par_1_13' title="bbox 458 924 2077 1005">
     <span class='ocr_line' id='line_1_13' title="bbox 458 924 2077 1005; baseline -0.004 -21"><span class='ocrx_word' id='word_1_107' title='bbox 458 928 511 984; x_wconf 76' lang='grc' dir='ltr'>ἐν</span> <span class='ocrx_word' id='word_1_108' title='bbox 542 933 619 1002; x_wconf 81' lang='grc' dir='ltr'><strong>τῷ</strong></span> <span class='ocrx_word' id='word_1_109' title='bbox 648 928 781 1005; x_wconf 75' lang='grc' dir='ltr'>ἁγίῳ</span> <span class='ocrx_word' id='word_1_110' title='bbox 810 925 918 1004; x_wconf 78' lang='grc' dir='ltr'>ὄρει</span> <span class='ocrx_word' id='word_1_111' title='bbox 962 926 1016 981; x_wconf 68' lang='grc' dir='ltr'>ἰν</span> <span class='ocrx_word' id='word_1_112' title='bbox 1050 932 1115 1001; x_wconf 73' lang='grc' dir='ltr'>τῇ</span> <span class='ocrx_word' id='word_1_113' title='bbox 1150 926 1272 1002; x_wconf 78' lang='grc' dir='ltr'>ἁγίᾳ</span> <span class='ocrx_word' id='word_1_114' title='bbox 1301 930 1441 1001; x_wconf 83' lang='grc' dir='ltr'>μονῇ</span> <span class='ocrx_word' id='word_1_115' title='bbox 1479 932 1571 980; x_wconf 77' lang='grc' dir='ltr'><strong>τοῦ</strong></span> <span class='ocrx_word' id='word_1_116' title='bbox 1614 931 1773 1001; x_wconf 78' lang='grc' dir='ltr'><strong>κυροῦ</strong></span> <span class='ocrx_word' id='word_1_117' title='bbox 1810 924 2077 1005; x_wconf 69' lang='grc' dir='ltr'>Διονυσίου</span> 
     </span>
    </p>
   </div>
   <div class='ocr_carea' id='block_1_14' title="bbox 2241 917 3861 1005">
    <p class='ocr_par' dir='ltr' id='par_1_14' title="bbox 2241 917 3861 1000">
     <span class='ocr_line' id='line_1_14' title="bbox 2241 917 3861 1000; baseline 0.007 -25"><span class='ocrx_word' id='word_1_118' title='bbox 2241 917 2333 978; x_wconf 70' lang='lat' dir='ltr'><strong>eris</strong></span> <span class='ocrx_word' id='word_1_119' title='bbox 2355 919 2824 1000; x_wconf 79' lang='lat' dir='ltr'><strong>aureis,scriptis</strong></span> <span class='ocrx_word' id='word_1_120' title='bbox 2851 921 2910 981; x_wconf 89' lang='lat' dir='ltr'><strong>in</strong></span> <span class='ocrx_word' id='word_1_121' title='bbox 2939 921 3271 983; x_wconf 88' lang='lat' dir='ltr'><strong>cinnabari.</strong></span> <span class='ocrx_word' id='word_1_122' title='bbox 3297 922 3413 984; x_wconf 88' lang='lat' dir='ltr'><strong>Has</strong></span> <span class='ocrx_word' id='word_1_123' title='bbox 3444 923 3669 985; x_wconf 84' lang='lat' dir='ltr'><strong>litteras</strong></span> <span class='ocrx_word' id='word_1_124' title='bbox 3699 923 3861 985; x_wconf 84' lang='lat' dir='ltr'><strong>sub-</strong></span> 
     </span>
    </p>
   </div>
   <div class='ocr_carea' id='block_1_15' title="bbox 459 1003 2079 1093">
    <p class='ocr_par' dir='ltr' id='par_1_15' title="bbox 459 1003 2075 1093">
     <span class='ocr_line' id='line_1_15' title="bbox 459 1003 2075 1093; baseline -0.004 -19"><span class='ocrx_word' id='word_1_125' title='bbox 459 1017 542 1074; x_wconf 81' lang='grc' dir='ltr'><strong>διὰ</strong></span> <span class='ocrx_word' id='word_1_126' title='bbox 587 1003 925 1093; x_wconf 82' lang='grc' dir='ltr'>μνημόσυνον</span> <span class='ocrx_word' id='word_1_127' title='bbox 956 1021 1048 1071; x_wconf 82' lang='grc' dir='ltr'><strong>τοῦ</strong></span> <span class='ocrx_word' id='word_1_128' title='bbox 1100 1015 1233 1089; x_wconf 74' lang='grc' dir='ltr'>ἐμοῦ</span> <span class='ocrx_word' id='word_1_129' title='bbox 1281 1012 1649 1092; x_wconf 76' lang='grc' dir='ltr'>πεφιλημένου</span> <span class='ocrx_word' id='word_1_130' title='bbox 1699 1014 1921 1090; x_wconf 73' lang='grc' dir='ltr'>πατρός,</span> <span class='ocrx_word' id='word_1_131' title='bbox 1961 1003 2017 1071; x_wconf 76' lang='grc' dir='ltr'><strong>Ὀ</strong></span> <span class='ocrx_word' id='word_1_132' title='bbox 2047 1011 2075 1067; x_wconf 82' lang='grc' dir='ltr'>δ</span> 
     </span>
    </p>
   </div>
   <div class='ocr_carea' id='block_1_16' title="bbox 2239 1003 3859 1093">
    <p class='ocr_par' dir='ltr' id='par_1_16' title="bbox 2239 1007 3859 1075">
     <span class='ocr_line' id='line_1_16' title="bbox 2239 1007 3859 1075; baseline 0.006 -10"><span class='ocrx_word' id='word_1_133' title='bbox 2239 1007 2326 1069; x_wconf 63' lang='lat' dir='ltr'><strong>Ide</strong></span> <span class='ocrx_word' id='word_1_134' title='bbox 2344 1009 2651 1070; x_wconf 83' lang='lat' dir='ltr'><strong>renovavit</strong></span> <span class='ocrx_word' id='word_1_135' title='bbox 2672 1010 2975 1071; x_wconf 90' lang='lat' dir='ltr'><strong>recentior</strong></span> <span class='ocrx_word' id='word_1_136' title='bbox 3008 1029 3215 1072; x_wconf 90' lang='lat' dir='ltr'><strong>manus</strong></span> <span class='ocrx_word' id='word_1_137' title='bbox 3246 1011 3453 1075; x_wconf 91' lang='lat' dir='ltr'><strong>minio.</strong></span> <span class='ocrx_word' id='word_1_138' title='bbox 3487 1011 3550 1074; x_wconf 91' lang='lat' dir='ltr'><strong>In</strong></span> <span class='ocrx_word' id='word_1_139' title='bbox 3578 1014 3696 1075; x_wconf 82' lang='lat' dir='ltr'><strong>fine</strong></span> <span class='ocrx_word' id='word_1_140' title='bbox 3732 1014 3859 1074; x_wconf 89' lang='lat' dir='ltr'><strong>ad-</strong></span> 
     </span>
    </p>
   </div>
   <div class='ocr_carea' id='block_1_17' title="bbox 458 1094 2078 1184">
    <p class='ocr_par' dir='ltr' id='par_1_17' title="bbox 458 1103 2078 1184">
     <span class='ocr_line' id='line_1_17' title="bbox 458 1103 2078 1184; baseline -0.004 -20"><span class='ocrx_word' id='word_1_141' title='bbox 458 1108 715 1175; x_wconf 73' lang='grc' dir='ltr'>συλλῆσαι</span> <span class='ocrx_word' id='word_1_142' title='bbox 773 1106 911 1184; x_wconf 83' lang='lat' dir='ltr'><strong>(sic)</strong></span> <span class='ocrx_word' id='word_1_143' title='bbox 966 1105 1220 1184; x_wconf 68' lang='grc' dir='ltr'>θελήσας,</span> <span class='ocrx_word' id='word_1_144' title='bbox 1269 1104 1447 1182; x_wconf 48' lang='grc' dir='ltr'><strong>ἑλέτω</strong></span> <span class='ocrx_word' id='word_1_145' title='bbox 1494 1104 1588 1161; x_wconf 76' lang='grc' dir='ltr'><strong>τὰς</strong></span> <span class='ocrx_word' id='word_1_146' title='bbox 1620 1104 1745 1181; x_wconf 68' lang='grc' dir='ltr'>ἀρᾶς</span> <span class='ocrx_word' id='word_1_147' title='bbox 1792 1110 1897 1159; x_wconf 79' lang='grc' dir='ltr'><strong>τῶν</strong></span> <span class='ocrx_word' id='word_1_148' title='bbox 1937 1103 2078 1179; x_wconf 74' lang='grc' dir='ltr'>ἁγίωι</span> 
     </span>
    </p>
   </div>
   <div class='ocr_carea' id='block_1_18' title="bbox 2234 1094 3854 1184">
    <p class='ocr_par' dir='ltr' id='par_1_18' title="bbox 2234 1096 3854 1181">
     <span class='ocr_line' id='line_1_18' title="bbox 2234 1096 3854 1181; baseline 0.004 -27"><span class='ocrx_word' id='word_1_149' title='bbox 2234 1096 2342 1156; x_wconf 87' lang='lat' dir='ltr'><strong>itur</strong></span> <span class='ocrx_word' id='word_1_150' title='bbox 2379 1098 2553 1158; x_wconf 88' lang='lat' dir='ltr'><strong>etiam</strong></span> <span class='ocrx_word' id='word_1_151' title='bbox 2601 1098 2918 1177; x_wconf 80' lang='lat' dir='ltr'><strong>explicatio</strong></span> <span class='ocrx_word' id='word_1_152' title='bbox 2966 1098 3212 1160; x_wconf 88' lang='lat' dir='ltr'><strong>istorum</strong></span> <span class='ocrx_word' id='word_1_153' title='bbox 3247 1099 3577 1179; x_wconf 89' lang='lat' dir='ltr'><strong>signorum,</strong></span> <span class='ocrx_word' id='word_1_154' title='bbox 3601 1101 3674 1162; x_wconf 92' lang='lat' dir='ltr'><strong>de</strong></span> <span class='ocrx_word' id='word_1_155' title='bbox 3703 1100 3854 1181; x_wconf 87' lang='lat' dir='ltr'><strong>qui—</strong></span> 
     </span>
    </p>
   </div>
   <div class='ocr_carea' id='block_1_19' title="bbox 460 1183 2080 1275">
    <p class='ocr_par' dir='ltr' id='par_1_19' title="bbox 460 1183 1726 1275">
     <span class='ocr_line' id='line_1_19' title="bbox 460 1183 1726 1275; baseline -0.002 -22"><span class='ocrx_word' id='word_1_156' title='bbox 460 1198 732 1275; x_wconf 77' lang='grc' dir='ltr'>Πατὲρων,</span> <span class='ocrx_word' id='word_1_157' title='bbox 768 1183 1036 1271; x_wconf 74' lang='grc' dir='ltr'>Τμήματα</span> <span class='ocrx_word' id='word_1_158' title='bbox 1075 1193 1138 1265; x_wconf 82' lang='grc' dir='ltr'><strong>ιζ’</strong></span> <span class='ocrx_word' id='word_1_159' title='bbox 1189 1183 1278 1249; x_wconf 64' lang='grc' dir='ltr'>καὶ</span> <span class='ocrx_word' id='word_1_160' title='bbox 1306 1192 1622 1270; x_wconf 69' lang='grc' dir='ltr'><strong>λειτουργίαι</strong></span> <span class='ocrx_word' id='word_1_161' title='bbox 1652 1191 1726 1250; x_wconf 80' lang='grc' dir='ltr'><strong>δ’.</strong></span> 
     </span>
    </p>
   </div>
   <div class='ocr_carea' id='block_1_20' title="bbox 2233 1183 3853 1275">
    <p class='ocr_par' dir='ltr' id='par_1_20' title="bbox 2233 1187 3853 1271">
     <span class='ocr_line' id='line_1_20' title="bbox 2233 1187 3853 1271; baseline 0.003 -25"><span class='ocrx_word' id='word_1_162' title='bbox 2233 1204 2297 1245; x_wconf 93' lang='lat' dir='ltr'><strong>us</strong></span> <span class='ocrx_word' id='word_1_163' title='bbox 2313 1189 2487 1247; x_wconf 93' lang='lat' dir='ltr'><strong>modo</strong></span> <span class='ocrx_word' id='word_1_164' title='bbox 2521 1187 2635 1247; x_wconf 84' lang='lat' dir='ltr'><strong>dixi</strong></span> <span class='ocrx_word' id='word_1_165' title='bbox 2659 1190 2716 1247; x_wconf 94' lang='lat' dir='ltr'><strong>in</strong></span> <span class='ocrx_word' id='word_1_166' title='bbox 2752 1188 3104 1249; x_wconf 87' lang='lat' dir='ltr'><strong>recensione</strong></span> <span class='ocrx_word' id='word_1_167' title='bbox 3127 1189 3352 1250; x_wconf 88' lang='lat' dir='ltr'><strong>codicis</strong></span> <span class='ocrx_word' id='word_1_168' title='bbox 3371 1188 3484 1252; x_wconf 71' lang='lat' dir='ltr'><strong>{.In</strong></span> <span class='ocrx_word' id='word_1_169' title='bbox 3507 1190 3634 1271; x_wconf 87' lang='lat' dir='ltr'><strong>ipso</strong></span> <span class='ocrx_word' id='word_1_170' title='bbox 3654 1208 3853 1270; x_wconf 83' lang='lat' dir='ltr'><strong>Opere</strong></span> 
     </span>
    </p>
   </div>
   <div class='ocr_carea' id='block_1_21' title="bbox 536 1274 3854 1364">
    <p class='ocr_par' dir='ltr' id='par_1_21' title="bbox 536 1274 3854 1364">
     <span class='ocr_line' id='line_1_21' title="bbox 536 1274 3854 1364; baseline -0.002 -15"><span class='ocrx_word' id='word_1_171' title='bbox 536 1287 582 1350; x_wconf 92' lang='grc' dir='ltr'><strong>Ι.</strong></span> <span class='ocrx_word' id='word_1_172' title='bbox 606 1274 815 1348; x_wconf 84' lang='lat' dir='ltr'><strong>Codex</strong></span> <span class='ocrx_word' id='word_1_173' title='bbox 848 1283 968 1364; x_wconf 75' lang='lat' dir='ltr'><strong>I14)</strong></span> <span class='ocrx_word' id='word_1_174' title='bbox 998 1284 1268 1363; x_wconf 85' lang='lat' dir='ltr'><strong>ejusdem</strong></span> <span class='ocrx_word' id='word_1_175' title='bbox 1302 1280 1679 1342; x_wconf 90' lang='lat' dir='ltr'><strong>bibliotheca</strong></span> <span class='ocrx_word' id='word_1_176' title='bbox 1709 1279 2099 1355; x_wconf 88' lang='lat' dir='ltr'><strong>num.LXl,in</strong></span> <span class='ocrx_word' id='word_1_177' title='bbox 2184 1274 2356 1337; x_wconf 87' lang='lat' dir='ltr'><strong>initia</strong></span> <span class='ocrx_word' id='word_1_178' title='bbox 2374 1285 2431 1337; x_wconf 87' lang='lat' dir='ltr'><strong>et</strong></span> <span class='ocrx_word' id='word_1_179' title='bbox 2455 1277 2759 1339; x_wconf 84' lang='lat' dir='ltr'><strong>etindices</strong></span> <span class='ocrx_word' id='word_1_180' title='bbox 2781 1280 3112 1339; x_wconf 89' lang='lat' dir='ltr'><strong>orationum</strong></span> <span class='ocrx_word' id='word_1_181' title='bbox 3153 1298 3386 1341; x_wconf 92' lang='lat' dir='ltr'><strong>necnon</strong></span> <span class='ocrx_word' id='word_1_182' title='bbox 3412 1280 3619 1342; x_wconf 87' lang='lat' dir='ltr'><strong>littera</strong></span> <span class='ocrx_word' id='word_1_183' title='bbox 3646 1280 3854 1343; x_wconf 81' lang='lat' dir='ltr'><strong>initia-</strong></span> 
     </span>
    </p>
   </div>
   <div class='ocr_carea' id='block_1_22' title="bbox 456 1364 3854 1440">
    <p class='ocr_par' dir='ltr' id='par_1_22' title="bbox 456 1364 3854 1440">
     <span class='ocr_line' id='line_1_22' title="bbox 456 1364 3854 1440; baseline -0.001 -3"><span class='ocrx_word' id='word_1_184' title='bbox 456 1376 559 1440; x_wconf 86' lang='lat' dir='ltr'><strong>fol.</strong></span> <span class='ocrx_word' id='word_1_185' title='bbox 594 1375 874 1438; x_wconf 88' lang='lat' dir='ltr'><strong>Continet</strong></span> <span class='ocrx_word' id='word_1_186' title='bbox 902 1374 960 1434; x_wconf 90' lang='lat' dir='ltr'><strong>in</strong></span> <span class='ocrx_word' id='word_1_187' title='bbox 992 1373 1148 1435; x_wconf 86' lang='lat' dir='ltr'><strong>foliis</strong></span> <span class='ocrx_word' id='word_1_188' title='bbox 1196 1387 1527 1433; x_wconf 69' lang='lat' dir='ltr'><strong>ccuxxxvm</strong></span> <span class='ocrx_word' id='word_1_189' title='bbox 1587 1372 1887 1431; x_wconf 87' lang='lat' dir='ltr'><strong>orationes</strong></span> <span class='ocrx_word' id='word_1_190' title='bbox 1940 1388 2102 1437; x_wconf 84' lang='lat' dir='ltr'><strong>xxxt.</strong></span> <span class='ocrx_word' id='word_1_191' title='bbox 2189 1364 2276 1426; x_wconf 81' lang='lat' dir='ltr'><strong>les</strong></span> <span class='ocrx_word' id='word_1_192' title='bbox 2325 1383 2471 1427; x_wconf 81' lang='lat' dir='ltr'><strong>auro</strong></span> <span class='ocrx_word' id='word_1_193' title='bbox 2502 1375 2561 1428; x_wconf 76' lang='lat' dir='ltr'><strong>et</strong></span> <span class='ocrx_word' id='word_1_194' title='bbox 2593 1368 2900 1429; x_wconf 78' lang='lat' dir='ltr'><strong>cinnabari</strong></span> <span class='ocrx_word' id='word_1_195' title='bbox 2937 1386 3169 1430; x_wconf 84' lang='lat' dir='ltr'><strong>necnon</strong></span> <span class='ocrx_word' id='word_1_196' title='bbox 3203 1370 3332 1430; x_wconf 84' lang='lat' dir='ltr'><strong>aliis</strong></span> <span class='ocrx_word' id='word_1_197' title='bbox 3377 1368 3678 1431; x_wconf 83' lang='lat' dir='ltr'><strong>coloribus</strong></span> <span class='ocrx_word' id='word_1_198' title='bbox 3708 1379 3854 1431; x_wconf 91' lang='lat' dir='ltr'><strong>sunt</strong></span> 
     </span>
    </p>
   </div>
   <div class='ocr_carea' id='block_1_23' title="bbox 458 1456 3849 1545">
    <p class='ocr_par' dir='ltr' id='par_1_23' title="bbox 458 1456 3849 1545">
     <span class='ocr_line' id='line_1_23' title="bbox 458 1456 3849 1545; baseline -0.003 -15"><span class='ocrx_word' id='word_1_199' title='bbox 458 1465 729 1545; x_wconf 86' lang='lat' dir='ltr'><strong>Scriptus</strong></span> <span class='ocrx_word' id='word_1_200' title='bbox 760 1473 849 1526; x_wconf 91' lang='lat' dir='ltr'><strong>est</strong></span> <span class='ocrx_word' id='word_1_201' title='bbox 880 1462 940 1523; x_wconf 94' lang='lat' dir='ltr'><strong>in</strong></span> <span class='ocrx_word' id='word_1_202' title='bbox 973 1460 1342 1525; x_wconf 87' lang='lat' dir='ltr'><strong>membranis</strong></span> <span class='ocrx_word' id='word_1_203' title='bbox 1390 1478 1529 1524; x_wconf 88' lang='lat' dir='ltr'><strong>sac.</strong></span> <span class='ocrx_word' id='word_1_204' title='bbox 1581 1478 1639 1522; x_wconf 83' lang='lat' dir='ltr'><strong>x.</strong></span> <span class='ocrx_word' id='word_1_205' title='bbox 1687 1460 1819 1521; x_wconf 88' lang='lat' dir='ltr'><strong>Fuit</strong></span> <span class='ocrx_word' id='word_1_206' title='bbox 1868 1461 2010 1521; x_wconf 90' lang='lat' dir='ltr'><strong>olim</strong></span> <span class='ocrx_word' id='word_1_207' title='bbox 2044 1460 2103 1521; x_wconf 92' lang='lat' dir='ltr'><strong>in</strong></span> <span class='ocrx_word' id='word_1_208' title='bbox 2189 1456 2534 1536; x_wconf 90' lang='lat' dir='ltr'><strong>conspicua.</strong></span> <span class='ocrx_word' id='word_1_209' title='bbox 2587 1459 2757 1539; x_wconf 90' lang='lat' dir='ltr'><strong>Sape</strong></span> <span class='ocrx_word' id='word_1_210' title='bbox 2814 1459 2992 1520; x_wconf 91' lang='lat' dir='ltr'><strong>etiam</strong></span> <span class='ocrx_word' id='word_1_211' title='bbox 3051 1460 3343 1538; x_wconf 81' lang='lat' dir='ltr'><strong>imagines</strong></span> <span class='ocrx_word' id='word_1_212' title='bbox 3389 1469 3526 1521; x_wconf 92' lang='lat' dir='ltr'><strong>sunt</strong></span> <span class='ocrx_word' id='word_1_213' title='bbox 3570 1460 3849 1540; x_wconf 87' lang='lat' dir='ltr'><strong>adjecta,</strong></span> 
     </span>
    </p>
   </div>
   <div class='ocr_carea' id='block_1_24' title="bbox 458 1548 3850 1630">
    <p class='ocr_par' dir='ltr' id='par_1_24' title="bbox 458 1548 3850 1630">
     <span class='ocr_line' id='line_1_24' title="bbox 458 1548 3850 1630; baseline -0.002 -12"><span class='ocrx_word' id='word_1_214' title='bbox 458 1556 624 1617; x_wconf 87' lang='lat' dir='ltr'><strong>laura</strong></span> <span class='ocrx_word' id='word_1_215' title='bbox 644 1554 950 1618; x_wconf 80' lang='lat' dir='ltr'><strong>Athanasii</strong></span> <span class='ocrx_word' id='word_1_216' title='bbox 984 1554 1044 1613; x_wconf 92' lang='lat' dir='ltr'><strong>in</strong></span> <span class='ocrx_word' id='word_1_217' title='bbox 1070 1558 1269 1613; x_wconf 90' lang='lat' dir='ltr'><strong>monte</strong></span> <span class='ocrx_word' id='word_1_218' title='bbox 1298 1548 1469 1613; x_wconf 83' lang='lat' dir='ltr'><strong>Atho.</strong></span> <span class='ocrx_word' id='word_1_219' title='bbox 1504 1552 1649 1613; x_wconf 87' lang='lat' dir='ltr'><strong>Nam</strong></span> <span class='ocrx_word' id='word_1_220' title='bbox 1678 1550 1777 1613; x_wconf 92' lang='lat' dir='ltr'><strong>fol.</strong></span> <span class='ocrx_word' id='word_1_221' title='bbox 1814 1553 1835 1613; x_wconf 92' lang='grc'><strong>1</strong></span> <span class='ocrx_word' id='word_1_222' title='bbox 1866 1550 2101 1630; x_wconf 82' lang='lat' dir='ltr'><strong>legitur:</strong></span> <span class='ocrx_word' id='word_1_223' title='bbox 2190 1563 2323 1625; x_wconf 87' lang='lat' dir='ltr'><strong>qua</strong></span> <span class='ocrx_word' id='word_1_224' title='bbox 2364 1556 2779 1625; x_wconf 82' lang='lat' dir='ltr'><strong>argumentum</strong></span> <span class='ocrx_word' id='word_1_225' title='bbox 2813 1548 3148 1608; x_wconf 88' lang='lat' dir='ltr'><strong>orationum</strong></span> <span class='ocrx_word' id='word_1_226' title='bbox 3201 1549 3505 1612; x_wconf 76' lang='lat' dir='ltr'><strong>exhibent.</strong></span> <span class='ocrx_word' id='word_1_227' title='bbox 3542 1550 3665 1613; x_wconf 84' lang='lat' dir='ltr'><strong>Fol.</strong></span> <span class='ocrx_word' id='word_1_228' title='bbox 3700 1553 3740 1610; x_wconf 81' lang='grc'><strong>4</strong></span> <span class='ocrx_word' id='word_1_229' title='bbox 3780 1552 3850 1610; x_wconf 91' lang='lat' dir='ltr'><strong>in</strong></span> 
     </span>
    </p>
   </div>
   <div class='ocr_carea' id='block_1_25' title="bbox 459 1634 2079 1722">
    <p class='ocr_par' dir='ltr' id='par_1_25' title="bbox 459 1638 2079 1722">
     <span class='ocr_line' id='line_1_25' title="bbox 459 1638 2079 1722; baseline -0.004 -15"><span class='ocrx_word' id='word_1_230' title='bbox 459 1644 668 1703; x_wconf 77' lang='grc' dir='ltr'>Βιϐλίαν</span> <span class='ocrx_word' id='word_1_231' title='bbox 711 1652 810 1712; x_wconf 78' lang='grc' dir='ltr'>τῆς</span> <span class='ocrx_word' id='word_1_232' title='bbox 864 1646 1044 1722; x_wconf 74' lang='grc' dir='ltr'>τρίτης</span> <span class='ocrx_word' id='word_1_233' title='bbox 1087 1642 1280 1706; x_wconf 79' lang='grc' dir='ltr'><strong>θέσεως</strong></span> <span class='ocrx_word' id='word_1_234' title='bbox 1314 1638 1394 1701; x_wconf 85' lang='grc' dir='ltr'><strong>α’.</strong></span> <span class='ocrx_word' id='word_1_235' title='bbox 1452 1642 1519 1702; x_wconf 93' lang='lat' dir='ltr'><strong>In</strong></span> <span class='ocrx_word' id='word_1_236' title='bbox 1570 1640 1689 1703; x_wconf 83' lang='lat' dir='ltr'><strong>ﬁne</strong></span> <span class='ocrx_word' id='word_1_237' title='bbox 1736 1640 2079 1719; x_wconf 85' lang='lat' dir='ltr'><strong>singularun</strong></span> 
     </span>
    </p>
   </div>
   <div class='ocr_carea' id='block_1_26' title="bbox 2228 1634 3848 1722">
    <p class='ocr_par' dir='ltr' id='par_1_26' title="bbox 2236 1637 3848 1720">
     <span class='ocr_line' id='line_1_26' title="bbox 2236 1637 3848 1720; baseline 0.002 -25"><span class='ocrx_word' id='word_1_238' title='bbox 2236 1652 2309 1695; x_wconf 90' lang='lat' dir='ltr'><strong>ne</strong></span> <span class='ocrx_word' id='word_1_239' title='bbox 2332 1652 2364 1695; x_wconf 88' lang='lat' dir='ltr'><strong>a</strong></span> <span class='ocrx_word' id='word_1_240' title='bbox 2393 1653 2572 1696; x_wconf 88' lang='lat' dir='ltr'><strong>manu</strong></span> <span class='ocrx_word' id='word_1_241' title='bbox 2604 1637 2925 1697; x_wconf 84' lang='lat' dir='ltr'><strong>recentiori</strong></span> <span class='ocrx_word' id='word_1_242' title='bbox 2952 1637 3170 1716; x_wconf 84' lang='lat' dir='ltr'><strong>legitur</strong></span> <span class='ocrx_word' id='word_1_243' title='bbox 3194 1659 3209 1699; x_wconf 84' lang='lat'><strong>:</strong></span> <span class='ocrx_word' id='word_1_244' title='bbox 3233 1642 3633 1717; x_wconf 76' lang='grc' dir='ltr'>Ξηροποτάμου</span> <span class='ocrx_word' id='word_1_245' title='bbox 3655 1640 3848 1720; x_wconf 89' lang='lat' dir='ltr'><strong>(quod</strong></span> 
     </span>
    </p>
   </div>
   <div class='ocr_carea' id='block_1_27' title="bbox 456 1709 3847 1811">
    <p class='ocr_par' dir='ltr' id='par_1_27' title="bbox 456 1709 3847 1811">
     <span class='ocr_line' id='line_1_27' title="bbox 456 1709 3847 1811; baseline -0.003 -14"><span class='ocrx_word' id='word_1_246' title='bbox 456 1709 790 1797; x_wconf 87' lang='lat' dir='ltr'><strong>orationum</strong></span> <span class='ocrx_word' id='word_1_247' title='bbox 851 1709 1084 1793; x_wconf 79' lang='lat' dir='ltr'><strong>notatus</strong></span> <span class='ocrx_word' id='word_1_248' title='bbox 1130 1738 1219 1793; x_wconf 87' lang='lat' dir='ltr'><strong>est</strong></span> <span class='ocrx_word' id='word_1_249' title='bbox 1274 1747 1559 1790; x_wconf 88' lang='lat' dir='ltr'><strong>numerus</strong></span> <span class='ocrx_word' id='word_1_250' title='bbox 1611 1709 1909 1790; x_wconf 73' lang='lat' dir='ltr'><strong>versuum.</strong></span> <span class='ocrx_word' id='word_1_251' title='bbox 1945 1729 2105 1792; x_wconf 89' lang='lat' dir='ltr'><strong>Inest</strong></span> <span class='ocrx_word' id='word_1_252' title='bbox 2130 1709 2164 1757; x_wconf 75' lang='grc' dir='ltr'><strong><em>Β</em></strong></span> <span class='ocrx_word' id='word_1_253' title='bbox 2190 1725 2535 1786; x_wconf 89' lang='lat' dir='ltr'><strong>monasterii</strong></span> <span class='ocrx_word' id='word_1_254' title='bbox 2567 1744 2782 1789; x_wconf 88' lang='lat' dir='ltr'><strong>nomen</strong></span> <span class='ocrx_word' id='word_1_255' title='bbox 2816 1736 2904 1788; x_wconf 87' lang='lat' dir='ltr'><strong>est</strong></span> <span class='ocrx_word' id='word_1_256' title='bbox 2935 1728 3152 1789; x_wconf 92' lang='lat' dir='ltr'><strong>montis</strong></span> <span class='ocrx_word' id='word_1_257' title='bbox 3184 1729 3361 1802; x_wconf 78' lang='lat' dir='ltr'><strong>Atho)</strong></span> <span class='ocrx_word' id='word_1_258' title='bbox 3388 1729 3658 1793; x_wconf 79' lang='grc' dir='ltr'>Γεννάδιος</span> <span class='ocrx_word' id='word_1_259' title='bbox 3693 1734 3847 1811; x_wconf 78' lang='lat' dir='ltr'><strong>tepo-</strong></span> 
     </span>
    </p>
   </div>
   <div class='ocr_carea' id='block_1_28' title="bbox 460 1816 2458 1905">
    <p class='ocr_par' dir='ltr' id='par_1_28' title="bbox 460 1816 2458 1905">
     <span class='ocr_line' id='line_1_28' title="bbox 460 1816 2458 1905; baseline -0.005 -19"><span class='ocrx_word' id='word_1_260' title='bbox 460 1842 700 1905; x_wconf 88' lang='lat' dir='ltr'><strong>quoque</strong></span> <span class='ocrx_word' id='word_1_261' title='bbox 731 1820 1043 1902; x_wconf 81' lang='lat' dir='ltr'><strong>explicatio</strong></span> <span class='ocrx_word' id='word_1_262' title='bbox 1077 1821 1382 1899; x_wconf 86' lang='lat' dir='ltr'><strong>signorum</strong></span> <span class='ocrx_word' id='word_1_263' title='bbox 1398 1817 1811 1899; x_wconf 79' lang='lat' dir='ltr'><strong>scriba,quam</strong></span> <span class='ocrx_word' id='word_1_264' title='bbox 1832 1819 1956 1898; x_wconf 90' lang='lat' dir='ltr'><strong>jam</strong></span> <span class='ocrx_word' id='word_1_265' title='bbox 1980 1820 2108 1881; x_wconf 88' lang='lat' dir='ltr'><strong>edi-</strong></span> <span class='ocrx_word' id='word_1_266' title='bbox 2189 1816 2458 1905; x_wconf 73' lang='grc' dir='ltr'>μόναχος.</span> 
     </span>
    </p>
   </div>
   <div class='ocr_carea' id='block_1_29' title="bbox 458 1903 3849 1992">
    <p class='ocr_par' dir='ltr' id='par_1_29' title="bbox 458 1903 3849 1992">
     <span class='ocr_line' id='line_1_29' title="bbox 458 1903 3849 1992; baseline -0.001 -16"><span class='ocrx_word' id='word_1_267' title='bbox 458 1903 546 1976; x_wconf 84' lang='lat' dir='ltr'><strong>dit</strong></span> <span class='ocrx_word' id='word_1_268' title='bbox 576 1903 756 1975; x_wconf 63' lang='lat' dir='ltr'><strong>Dioni.</strong></span> <span class='ocrx_word' id='word_1_269' title='bbox 795 1912 952 1974; x_wconf 76' lang='lat' dir='ltr'><strong>Bibl.</strong></span> <span class='ocrx_word' id='word_1_270' title='bbox 986 1910 1236 1973; x_wconf 79' lang='lat' dir='ltr'><strong>Coistin.</strong></span> <span class='ocrx_word' id='word_1_271' title='bbox 1260 1909 1699 1981; x_wconf 87' lang='lat' dir='ltr'><strong>cod.CCXLlll,</strong></span> <span class='ocrx_word' id='word_1_272' title='bbox 1739 1930 1795 1989; x_wconf 77' lang='grc' dir='ltr'>ιι.</span> <span class='ocrx_word' id='word_1_273' title='bbox 1831 1909 1970 1973; x_wconf 89' lang='grc'><strong>300.</strong></span> <span class='ocrx_word' id='word_1_274' title='bbox 2006 1909 2108 1970; x_wconf 87' lang='lat' dir='ltr'><strong>Est</strong></span> <span class='ocrx_word' id='word_1_275' title='bbox 2268 1903 2334 1967; x_wconf 90' lang='lat' dir='ltr'><strong>L.</strong></span> <span class='ocrx_word' id='word_1_276' title='bbox 2370 1906 2567 1968; x_wconf 80' lang='lat' dir='ltr'><strong>Codex</strong></span> <span class='ocrx_word' id='word_1_277' title='bbox 2602 1906 2726 1987; x_wconf 84' lang='lat'><strong>(16)</strong></span> <span class='ocrx_word' id='word_1_278' title='bbox 2764 1908 3032 1988; x_wconf 83' lang='lat' dir='ltr'><strong>ejusdem</strong></span> <span class='ocrx_word' id='word_1_279' title='bbox 3067 1908 3447 1971; x_wconf 86' lang='lat' dir='ltr'><strong>bibliotheca</strong></span> <span class='ocrx_word' id='word_1_280' title='bbox 3472 1908 3849 1992; x_wconf 77' lang='lat' dir='ltr'><strong>num.LXlIl,</strong></span> 
     </span>
    </p>
   </div>
   <div class='ocr_carea' id='block_1_30' title="bbox 456 1993 3849 2081">
    <p class='ocr_par' dir='ltr' id='par_1_30' title="bbox 456 1993 3849 2081">
     <span class='ocr_line' id='line_1_30' title="bbox 456 1993 3849 2081; baseline -0.002 -15"><span class='ocrx_word' id='word_1_281' title='bbox 456 2004 559 2066; x_wconf 89' lang='lat' dir='ltr'><strong>hic</strong></span> <span class='ocrx_word' id='word_1_282' title='bbox 581 2002 767 2066; x_wconf 80' lang='lat' dir='ltr'><strong>codex</strong></span> <span class='ocrx_word' id='word_1_283' title='bbox 798 2021 952 2064; x_wconf 89' lang='lat' dir='ltr'><strong>unus</strong></span> <span class='ocrx_word' id='word_1_284' title='bbox 984 2019 1056 2063; x_wconf 85' lang='lat' dir='ltr'><strong>ex</strong></span> <span class='ocrx_word' id='word_1_285' title='bbox 1091 1999 1495 2081; x_wconf 89' lang='lat' dir='ltr'><strong>pulcherrime</strong></span> <span class='ocrx_word' id='word_1_286' title='bbox 1529 2000 1788 2079; x_wconf 85' lang='lat' dir='ltr'><strong>scriptis.</strong></span> <span class='ocrx_word' id='word_1_287' title='bbox 1834 2000 2104 2061; x_wconf 84' lang='lat' dir='ltr'><strong>Exorna-</strong></span> <span class='ocrx_word' id='word_1_288' title='bbox 2190 1995 2249 2056; x_wconf 90' lang='lat' dir='ltr'><strong>in</strong></span> <span class='ocrx_word' id='word_1_289' title='bbox 2281 1993 2383 2056; x_wconf 85' lang='lat' dir='ltr'><strong>fol.</strong></span> <span class='ocrx_word' id='word_1_290' title='bbox 2419 1994 2689 2075; x_wconf 89' lang='lat' dir='ltr'><strong>Scriptus</strong></span> <span class='ocrx_word' id='word_1_291' title='bbox 2722 2006 2811 2057; x_wconf 91' lang='lat' dir='ltr'><strong>est</strong></span> <span class='ocrx_word' id='word_1_292' title='bbox 2834 1998 2894 2057; x_wconf 93' lang='lat' dir='ltr'><strong>in</strong></span> <span class='ocrx_word' id='word_1_293' title='bbox 2922 1997 3285 2059; x_wconf 89' lang='lat' dir='ltr'><strong>membranis</strong></span> <span class='ocrx_word' id='word_1_294' title='bbox 3309 2018 3448 2061; x_wconf 91' lang='lat' dir='ltr'><strong>sac.</strong></span> <span class='ocrx_word' id='word_1_295' title='bbox 3479 2019 3534 2060; x_wconf 82' lang='lat' dir='ltr'><strong>x.</strong></span> <span class='ocrx_word' id='word_1_296' title='bbox 3560 1998 3849 2078; x_wconf 76' lang='lat' dir='ltr'><strong>Cotnple-</strong></span> 
     </span>
    </p>
   </div>
   <div class='ocr_carea' id='block_1_31' title="bbox 461 2085 3852 2171">
    <p class='ocr_par' dir='ltr' id='par_1_31' title="bbox 461 2085 3852 2171">
     <span class='ocr_line' id='line_1_31' title="bbox 461 2085 3852 2171; baseline -0.002 -15"><span class='ocrx_word' id='word_1_297' title='bbox 461 2104 553 2156; x_wconf 83' lang='lat' dir='ltr'><strong>tus</strong></span> <span class='ocrx_word' id='word_1_298' title='bbox 575 2102 662 2156; x_wconf 90' lang='lat' dir='ltr'><strong>est</strong></span> <span class='ocrx_word' id='word_1_299' title='bbox 694 2093 876 2154; x_wconf 90' lang='lat' dir='ltr'><strong>multo</strong></span> <span class='ocrx_word' id='word_1_300' title='bbox 904 2109 1047 2153; x_wconf 92' lang='lat' dir='ltr'><strong>auro</strong></span> <span class='ocrx_word' id='word_1_301' title='bbox 1079 2089 1378 2171; x_wconf 87' lang='lat' dir='ltr'><strong>variisque</strong></span> <span class='ocrx_word' id='word_1_302' title='bbox 1408 2088 1734 2151; x_wconf 87' lang='lat' dir='ltr'><strong>coloribus.</strong></span> <span class='ocrx_word' id='word_1_303' title='bbox 1769 2091 1920 2152; x_wconf 87' lang='lat' dir='ltr'><strong>Nota</strong></span> <span class='ocrx_word' id='word_1_304' title='bbox 1949 2090 2099 2151; x_wconf 86' lang='lat' dir='ltr'><strong>scri-</strong></span> <span class='ocrx_word' id='word_1_305' title='bbox 2190 2085 2369 2145; x_wconf 91' lang='lat' dir='ltr'><strong>ctitur</strong></span> <span class='ocrx_word' id='word_1_306' title='bbox 2421 2085 2482 2146; x_wconf 92' lang='lat' dir='ltr'><strong>in</strong></span> <span class='ocrx_word' id='word_1_307' title='bbox 2522 2085 2681 2146; x_wconf 83' lang='lat' dir='ltr'><strong>foliis</strong></span> <span class='ocrx_word' id='word_1_308' title='bbox 2723 2102 3065 2149; x_wconf 68' lang='lat' dir='ltr'><strong>cccuxxxm</strong></span> <span class='ocrx_word' id='word_1_309' title='bbox 3116 2088 3414 2151; x_wconf 88' lang='lat' dir='ltr'><strong>orationes</strong></span> <span class='ocrx_word' id='word_1_310' title='bbox 3468 2088 3675 2153; x_wconf 81' lang='lat' dir='ltr'><strong>XXIII.</strong></span> <span class='ocrx_word' id='word_1_311' title='bbox 3712 2090 3852 2153; x_wconf 87' lang='lat' dir='ltr'><strong>Fuit</strong></span> 
     </span>
    </p>
   </div>
   <div class='ocr_carea' id='block_1_32' title="bbox 458 2176 2078 2259">
    <p class='ocr_par' dir='ltr' id='par_1_32' title="bbox 458 2177 2078 2259">
     <span class='ocr_line' id='line_1_32' title="bbox 458 2177 2078 2259; baseline -0.008 -13"><span class='ocrx_word' id='word_1_312' title='bbox 458 2184 551 2246; x_wconf 89' lang='lat' dir='ltr'><strong>ba</strong></span> <span class='ocrx_word' id='word_1_313' title='bbox 583 2184 644 2245; x_wconf 91' lang='lat' dir='ltr'><strong>in</strong></span> <span class='ocrx_word' id='word_1_314' title='bbox 675 2183 793 2243; x_wconf 84' lang='lat' dir='ltr'><strong>ﬁne</strong></span> <span class='ocrx_word' id='word_1_315' title='bbox 824 2182 950 2242; x_wconf 88' lang='lat' dir='ltr'><strong>hac</strong></span> <span class='ocrx_word' id='word_1_316' title='bbox 994 2180 1293 2259; x_wconf 90' lang='lat' dir='ltr'><strong>reperitur</strong></span> <span class='ocrx_word' id='word_1_317' title='bbox 1328 2197 1342 2241; x_wconf 86' lang='lat'>:</span> <span class='ocrx_word' id='word_1_318' title='bbox 1390 2177 1708 2246; x_wconf 76' lang='grc' dir='ltr'>Ἐτελειώθτ.</span> <span class='ocrx_word' id='word_1_319' title='bbox 1756 2181 1810 2236; x_wconf 81' lang='grc' dir='ltr'>ἐν</span> <span class='ocrx_word' id='word_1_320' title='bbox 1877 2183 2078 2259; x_wconf 71' lang='grc' dir='ltr'>κυρίῳπ</span> 
     </span>
    </p>
   </div>
   <div class='ocr_carea' id='block_1_33' title="bbox 2226 2176 3846 2259">
    <p class='ocr_par' dir='ltr' id='par_1_33' title="bbox 2232 2176 3846 2243">
     <span class='ocr_line' id='line_1_33' title="bbox 2232 2176 3846 2243; baseline 0.002 -8"><span class='ocrx_word' id='word_1_321' title='bbox 2232 2178 2489 2237; x_wconf 90' lang='lat' dir='ltr'><strong>uondam</strong></span> <span class='ocrx_word' id='word_1_322' title='bbox 2524 2176 2582 2236; x_wconf 93' lang='lat' dir='ltr'><strong>in</strong></span> <span class='ocrx_word' id='word_1_323' title='bbox 2632 2178 2992 2239; x_wconf 88' lang='lat' dir='ltr'><strong>monasterio</strong></span> <span class='ocrx_word' id='word_1_324' title='bbox 3026 2178 3339 2240; x_wconf 88' lang='lat' dir='ltr'><strong>Iberorum</strong></span> <span class='ocrx_word' id='word_1_325' title='bbox 3376 2184 3591 2242; x_wconf 85' lang='lat' dir='ltr'><strong>montis</strong></span> <span class='ocrx_word' id='word_1_326' title='bbox 3623 2182 3846 2243; x_wconf 86' lang='lat' dir='ltr'><strong>Athus.</strong></span> 
     </span>
    </p>
   </div>
   <div class='ocr_carea' id='block_1_34' title="bbox 458 2263 2078 2352">
    <p class='ocr_par' dir='ltr' id='par_1_34' title="bbox 458 2269 2078 2352">
     <span class='ocr_line' id='line_1_34' title="bbox 458 2269 2078 2352; baseline -0.001 -23"><span class='ocrx_word' id='word_1_327' title='bbox 458 2276 799 2352; x_wconf 79' lang='grc' dir='ltr'>πανάγαστος</span> <span class='ocrx_word' id='word_1_328' title='bbox 859 2270 989 2338; x_wconf 72' lang='grc' dir='ltr'>αὕτη</span> <span class='ocrx_word' id='word_1_329' title='bbox 1049 2269 1230 2333; x_wconf 73' lang='grc' dir='ltr'>δέλτος</span> <span class='ocrx_word' id='word_1_330' title='bbox 1274 2280 1366 2329; x_wconf 79' lang='grc' dir='ltr'><strong>τοῦ</strong></span> <span class='ocrx_word' id='word_1_331' title='bbox 1416 2270 1468 2325; x_wconf 84' lang='grc' dir='ltr'><strong>ἐν</strong></span> <span class='ocrx_word' id='word_1_332' title='bbox 1500 2271 1670 2349; x_wconf 67' lang='grc' dir='ltr'>ἁγίιιις</span> <span class='ocrx_word' id='word_1_333' title='bbox 1706 2274 1905 2351; x_wconf 67' lang='lat' dir='ltr'><strong>Ila:pr</strong></span> <span class='ocrx_word' id='word_1_334' title='bbox 1951 2274 2078 2345; x_wconf 79' lang='grc' dir='ltr'><strong>ἡμῶ</strong></span> 
     </span>
    </p>
   </div>
   <div class='ocr_carea' id='block_1_35' title="bbox 2231 2263 3851 2352">
    <p class='ocr_par' dir='ltr' id='par_1_35' title="bbox 2231 2263 3851 2352">
     <span class='ocr_line' id='line_1_35' title="bbox 2231 2263 3851 2352; baseline 0.006 -28"><span class='ocrx_word' id='word_1_335' title='bbox 2231 2263 2335 2325; x_wconf 75' lang='lat' dir='ltr'><strong>lam</strong></span> <span class='ocrx_word' id='word_1_336' title='bbox 2396 2264 2499 2327; x_wconf 86' lang='lat' dir='ltr'><strong>fol.</strong></span> <span class='ocrx_word' id='word_1_337' title='bbox 2536 2268 2573 2352; x_wconf 84' lang='lat'>3</span> <span class='ocrx_word' id='word_1_338' title='bbox 2607 2264 2821 2344; x_wconf 86' lang='lat' dir='ltr'><strong>legitur</strong></span> <span class='ocrx_word' id='word_1_339' title='bbox 2854 2284 2867 2329; x_wconf 94' lang='lat'><strong>:</strong></span> <span class='ocrx_word' id='word_1_340' title='bbox 2909 2275 3015 2323; x_wconf 81' lang='grc' dir='ltr'>τῶν</span> <span class='ocrx_word' id='word_1_341' title='bbox 3051 2267 3301 2348; x_wconf 69' lang='grc' dir='ltr'><strong>Ἰϐήρων.</strong></span> <span class='ocrx_word' id='word_1_342' title='bbox 3354 2270 3508 2332; x_wconf 84' lang='lat' dir='ltr'><strong>Ante</strong></span> <span class='ocrx_word' id='word_1_343' title='bbox 3551 2271 3851 2333; x_wconf 79' lang='lat' dir='ltr'><strong>orationes</strong></span> 
     </span>
    </p>
   </div>
   <div class='ocr_carea' id='block_1_36' title="bbox 460 2351 2080 2442">
    <p class='ocr_par' dir='ltr' id='par_1_36' title="bbox 460 2351 2080 2442">
     <span class='ocr_line' id='line_1_36' title="bbox 460 2351 2080 2442; baseline -0.003 -20"><span class='ocrx_word' id='word_1_344' title='bbox 460 2351 754 2442; x_wconf 84' lang='grc' dir='ltr'>Γρηγορίου</span> <span class='ocrx_word' id='word_1_345' title='bbox 784 2372 876 2421; x_wconf 75' lang='grc' dir='ltr'><strong>τοῦ</strong></span> <span class='ocrx_word' id='word_1_346' title='bbox 927 2359 1189 2439; x_wconf 82' lang='grc' dir='ltr'>Θεολόγου</span> <span class='ocrx_word' id='word_1_347' title='bbox 1229 2362 1356 2436; x_wconf 82' lang='grc' dir='ltr'>μηνὶ</span> <span class='ocrx_word' id='word_1_348' title='bbox 1386 2360 1609 2435; x_wconf 77' lang='grc' dir='ltr'>’[ουνίῷ,</span> <span class='ocrx_word' id='word_1_349' title='bbox 1643 2360 1688 2416; x_wconf 83' lang='grc' dir='ltr'>ε’</span> <span class='ocrx_word' id='word_1_350' title='bbox 1731 2362 1904 2440; x_wconf 72' lang='grc' dir='ltr'>ἡμέρᾳ</span> <span class='ocrx_word' id='word_1_351' title='bbox 1933 2362 2080 2418; x_wconf 59' lang='grc' dir='ltr'>κάτει</span> 
     </span>
    </p>
   </div>
   <div class='ocr_carea' id='block_1_37' title="bbox 2227 2351 3847 2442">
    <p class='ocr_par' dir='ltr' id='par_1_37' title="bbox 2227 2351 3847 2432">
     <span class='ocr_line' id='line_1_37' title="bbox 2227 2351 3847 2432; baseline 0.006 -20"><span class='ocrx_word' id='word_1_352' title='bbox 2227 2353 2461 2432; x_wconf 74' lang='lat' dir='ltr'><strong>lregorii</strong></span> <span class='ocrx_word' id='word_1_353' title='bbox 2501 2351 2853 2415; x_wconf 85' lang='lat' dir='ltr'><strong>Nazianzeni</strong></span> <span class='ocrx_word' id='word_1_354' title='bbox 2886 2356 3108 2418; x_wconf 80' lang='lat' dir='ltr'><strong>inserta</strong></span> <span class='ocrx_word' id='word_1_355' title='bbox 3138 2367 3275 2419; x_wconf 90' lang='lat' dir='ltr'><strong>sunt</strong></span> <span class='ocrx_word' id='word_1_356' title='bbox 3329 2358 3445 2419; x_wconf 89' lang='lat' dir='ltr'><strong>duo</strong></span> <span class='ocrx_word' id='word_1_357' title='bbox 3478 2360 3615 2421; x_wconf 86' lang='lat' dir='ltr'><strong>folia</strong></span> <span class='ocrx_word' id='word_1_358' title='bbox 3649 2380 3847 2422; x_wconf 78' lang='lat' dir='ltr'><strong>mem-</strong></span> 
     </span>
    </p>
   </div>
   <div class='ocr_carea' id='block_1_38' title="bbox 458 2440 2078 2533">
    <p class='ocr_par' dir='ltr' id='par_1_38' title="bbox 458 2440 2078 2533">
     <span class='ocr_line' id='line_1_38' title="bbox 458 2440 2078 2533; baseline -0.002 -22"><span class='ocrx_word' id='word_1_359' title='bbox 458 2440 711 2529; x_wconf 70' lang='grc' dir='ltr'>’καυσίμῳ</span> <span class='ocrx_word' id='word_1_360' title='bbox 744 2501 760 2533; x_wconf 68' lang='grc'><em>,</em></span> <span class='ocrx_word' id='word_1_361' title='bbox 821 2453 931 2531; x_wconf 78' lang='grc' dir='ltr'><strong>ὥρᾳ</strong></span> <span class='ocrx_word' id='word_1_362' title='bbox 987 2451 1065 2526; x_wconf 81' lang='grc' dir='ltr'><strong>θ’,</strong></span> <span class='ocrx_word' id='word_1_363' title='bbox 1124 2449 1310 2512; x_wconf 82' lang='grc' dir='ltr'>ἷνδικτ,</span> <span class='ocrx_word' id='word_1_364' title='bbox 1380 2442 1457 2529; x_wconf 72' lang='grc' dir='ltr'><strong>γ’,</strong></span> <span class='ocrx_word' id='word_1_365' title='bbox 1530 2450 1677 2515; x_wconf 67' lang='lat' dir='ltr'><strong>Era);</strong></span> <span class='ocrx_word' id='word_1_366' title='bbox 1722 2451 1829 2507; x_wconf 73' lang='grc' dir='ltr'><strong>ἀπὸ</strong></span> <span class='ocrx_word' id='word_1_367' title='bbox 1887 2453 2078 2508; x_wconf 79' lang='grc' dir='ltr'>κτίσεω</span> 
     </span>
    </p>
   </div>
   <div class='ocr_carea' id='block_1_39' title="bbox 2230 2440 3850 2533">
    <p class='ocr_par' dir='ltr' id='par_1_39' title="bbox 2234 2445 3850 2528">
     <span class='ocr_line' id='line_1_39' title="bbox 2234 2445 3850 2528; baseline 0.005 -26"><span class='ocrx_word' id='word_1_368' title='bbox 2234 2460 2490 2504; x_wconf 86' lang='lat' dir='ltr'><strong>ranacea</strong></span> <span class='ocrx_word' id='word_1_369' title='bbox 2518 2462 2656 2506; x_wconf 88' lang='lat' dir='ltr'><strong>sac.</strong></span> <span class='ocrx_word' id='word_1_370' title='bbox 2695 2462 2755 2507; x_wconf 84' lang='lat' dir='ltr'><strong>1x</strong></span> <span class='ocrx_word' id='word_1_371' title='bbox 2785 2445 2843 2506; x_wconf 94' lang='lat' dir='ltr'><strong>in</strong></span> <span class='ocrx_word' id='word_1_372' title='bbox 2866 2445 3084 2526; x_wconf 91' lang='lat' dir='ltr'><strong>quibus</strong></span> <span class='ocrx_word' id='word_1_373' title='bbox 3116 2466 3253 2528; x_wconf 91' lang='lat' dir='ltr'><strong>pars</strong></span> <span class='ocrx_word' id='word_1_374' title='bbox 3286 2449 3573 2511; x_wconf 83' lang='lat' dir='ltr'><strong>orationis</strong></span> <span class='ocrx_word' id='word_1_375' title='bbox 3595 2450 3850 2512; x_wconf 82' lang='lat' dir='ltr'><strong>Joannis</strong></span> 
     </span>
    </p>
   </div>
   <div class='ocr_carea' id='block_1_40' title="bbox 460 2533 2080 2623">
    <p class='ocr_par' dir='ltr' id='par_1_40' title="bbox 460 2533 2080 2623">
     <span class='ocr_line' id='line_1_40' title="bbox 460 2533 2080 2623; baseline 0.002 -24"><span class='ocrx_word' id='word_1_376' title='bbox 460 2543 663 2618; x_wconf 82' lang='grc' dir='ltr'>κόσμου</span> <span class='ocrx_word' id='word_1_377' title='bbox 720 2533 934 2623; x_wconf 51' lang='grc' dir='ltr'>’ςυπγ’</span> <span class='ocrx_word' id='word_1_378' title='bbox 979 2541 1185 2621; x_wconf 79' lang='grc'><strong>(5483,</strong></span> <span class='ocrx_word' id='word_1_379' title='bbox 1248 2540 1290 2603; x_wconf 89' lang='lat' dir='ltr'><strong>i.</strong></span> <span class='ocrx_word' id='word_1_380' title='bbox 1350 2558 1407 2602; x_wconf 86' lang='lat' dir='ltr'><strong>e.</strong></span> <span class='ocrx_word' id='word_1_381' title='bbox 1469 2551 1602 2619; x_wconf 85' lang='lat' dir='ltr'><strong>post</strong></span> <span class='ocrx_word' id='word_1_382' title='bbox 1658 2542 1958 2601; x_wconf 87' lang='lat' dir='ltr'><strong>Christum</strong></span> <span class='ocrx_word' id='word_1_383' title='bbox 1996 2560 2080 2603; x_wconf 25' lang='lat' dir='ltr'><strong>nat</strong></span> 
     </span>
    </p>
   </div>
   <div class='ocr_carea' id='block_1_41' title="bbox 2226 2533 3846 2623">
    <p class='ocr_par' dir='ltr' id='par_1_41' title="bbox 2226 2534 3846 2621">
     <span class='ocr_line' id='line_1_41' title="bbox 2226 2534 3846 2621; baseline 0.002 -27"><span class='ocrx_word' id='word_1_384' title='bbox 2226 2534 2543 2595; x_wconf 76' lang='lat' dir='ltr'><strong>lamasceni</strong></span> <span class='ocrx_word' id='word_1_385' title='bbox 2594 2536 2837 2615; x_wconf 76' lang='lat' dir='ltr'><strong>legitur.</strong></span> <span class='ocrx_word' id='word_1_386' title='bbox 2871 2536 3137 2609; x_wconf 84' lang='lat' dir='ltr'><strong>Indicem</strong></span> <span class='ocrx_word' id='word_1_387' title='bbox 3169 2538 3349 2600; x_wconf 87' lang='lat' dir='ltr'><strong>habet</strong></span> <span class='ocrx_word' id='word_1_388' title='bbox 3382 2560 3398 2601; x_wconf 84' lang='lat'><strong>:</strong></span> <span class='ocrx_word' id='word_1_389' title='bbox 3437 2541 3679 2599; x_wconf 56' lang='grc' dir='ltr'>Ἰωάννου</span> <span class='ocrx_word' id='word_1_390' title='bbox 3708 2564 3846 2621; x_wconf 76' lang='grc' dir='ltr'>πρε-ν</span> 
     </span>
    </p>
   </div>
   <div class='ocr_carea' id='block_1_42' title="bbox 460 2625 3847 2713">
    <p class='ocr_par' dir='ltr' id='par_1_42' title="bbox 460 2625 3847 2713">
     <span class='ocr_line' id='line_1_42' title="bbox 460 2625 3847 2713; baseline 0 -27"><span class='ocrx_word' id='word_1_391' title='bbox 460 2639 584 2692; x_wconf 87' lang='lat' dir='ltr'><strong>tum</strong></span> <span class='ocrx_word' id='word_1_392' title='bbox 635 2630 803 2713; x_wconf 63' lang='grc'><strong>975),</strong></span> <span class='ocrx_word' id='word_1_393' title='bbox 838 2644 1103 2712; x_wconf 76' lang='grc' dir='ltr'>γραφεῖσα</span> <span class='ocrx_word' id='word_1_394' title='bbox 1147 2628 1232 2687; x_wconf 78' lang='grc' dir='ltr'>διὰ</span> <span class='ocrx_word' id='word_1_395' title='bbox 1273 2633 1463 2710; x_wconf 78' lang='grc' dir='ltr'>χειρὸς</span> <span class='ocrx_word' id='word_1_396' title='bbox 1513 2629 1773 2688; x_wconf 67' lang='grc' dir='ltr'>Νικολάου</span> <span class='ocrx_word' id='word_1_397' title='bbox 1822 2634 2105 2712; x_wconf 78' lang='grc' dir='ltr'>μοναχοῦ-</span> <span class='ocrx_word' id='word_1_398' title='bbox 2190 2625 2438 2703; x_wconf 81' lang='grc' dir='ltr'>σκυνὲρου</span> <span class='ocrx_word' id='word_1_399' title='bbox 2512 2628 2599 2683; x_wconf 81' lang='grc' dir='ltr'>καὶ</span> <span class='ocrx_word' id='word_1_400' title='bbox 2666 2636 2913 2707; x_wconf 81' lang='grc' dir='ltr'>μοναχοῡ</span> <span class='ocrx_word' id='word_1_401' title='bbox 2978 2638 3335 2703; x_wconf 70' lang='grc' dir='ltr'><strong>Δαμασκηνοῦ</strong></span> <span class='ocrx_word' id='word_1_402' title='bbox 3394 2630 3551 2709; x_wconf 81' lang='grc' dir='ltr'>λόγος</span> <span class='ocrx_word' id='word_1_403' title='bbox 3600 2633 3671 2698; x_wconf 76' lang='grc' dir='ltr'>εἰς</span> <span class='ocrx_word' id='word_1_404' title='bbox 3747 2635 3847 2699; x_wconf 75' lang='grc' dir='ltr'><strong>τὴν</strong></span> 
     </span>
    </p>
   </div>
   <div class='ocr_carea' id='block_1_43' title="bbox 460 2715 3852 2802">
    <p class='ocr_par' dir='ltr' id='par_1_43' title="bbox 460 2715 3852 2802">
     <span class='ocr_line' id='line_1_43' title="bbox 460 2715 3852 2802; baseline 0 -25"><span class='ocrx_word' id='word_1_405' title='bbox 460 2724 548 2778; x_wconf 83' lang='grc' dir='ltr'><strong>καὶ</strong></span> <span class='ocrx_word' id='word_1_406' title='bbox 600 2721 951 2802; x_wconf 75' lang='grc' dir='ltr'>πρεσϐυτέρου</span> <span class='ocrx_word' id='word_1_407' title='bbox 1008 2726 1179 2797; x_wconf 81' lang='grc' dir='ltr'>μονῆς</span> <span class='ocrx_word' id='word_1_408' title='bbox 1240 2726 1340 2787; x_wconf 76' lang='grc' dir='ltr'>τῆς</span> <span class='ocrx_word' id='word_1_409' title='bbox 1384 2722 1668 2800; x_wconf 71' lang='grc' dir='ltr'>ὑπερκγίας</span> <span class='ocrx_word' id='word_1_410' title='bbox 1730 2720 2013 2796; x_wconf 75' lang='grc' dir='ltr'>Θεοτόκου,</span> <span class='ocrx_word' id='word_1_411' title='bbox 2069 2721 2104 2789; x_wconf 81' lang='grc' dir='ltr'>ἧ</span> <span class='ocrx_word' id='word_1_412' title='bbox 2190 2715 2443 2790; x_wconf 81' lang='grc' dir='ltr'>κοίμησιν</span> <span class='ocrx_word' id='word_1_413' title='bbox 2476 2721 2577 2783; x_wconf 81' lang='grc' dir='ltr'><strong>τῆς</strong></span> <span class='ocrx_word' id='word_1_414' title='bbox 2606 2719 2873 2797; x_wconf 83' lang='grc' dir='ltr'>παναγίας</span> <span class='ocrx_word' id='word_1_415' title='bbox 2920 2722 3204 2783; x_wconf 78' lang='grc' dir='ltr'>Θεοτόκου.</span> <span class='ocrx_word' id='word_1_416' title='bbox 3236 2720 3499 2801; x_wconf 88' lang='lat' dir='ltr'><strong>Incipit:</strong></span> <span class='ocrx_word' id='word_1_417' title='bbox 3542 2721 3717 2778; x_wconf 77' lang='grc' dir='ltr'>’Ἔστι</span> <span class='ocrx_word' id='word_1_418' title='bbox 3751 2722 3852 2798; x_wconf 72' lang='grc' dir='ltr'>μὲν</span> 
     </span>
    </p>
   </div>
   <div class='ocr_carea' id='block_1_44' title="bbox 463 2801 2711 2890">
    <p class='ocr_par' dir='ltr' id='par_1_44' title="bbox 463 2801 2711 2890">
     <span class='ocr_line' id='line_1_44' title="bbox 463 2801 2711 2890; baseline -0.001 -19"><span class='ocrx_word' id='word_1_419' title='bbox 463 2801 741 2888; x_wconf 73' lang='grc' dir='ltr'>ἐπώνυμον</span> <span class='ocrx_word' id='word_1_420' title='bbox 798 2814 825 2868; x_wconf 80' lang='grc' dir='ltr'><em>ὃ</em></span> <span class='ocrx_word' id='word_1_421' title='bbox 879 2810 1138 2873; x_wconf 81' lang='grc' dir='ltr'>Πελεκᾶν,</span> <span class='ocrx_word' id='word_1_422' title='bbox 1201 2801 1363 2890; x_wconf 73' lang='grc' dir='ltr'><strong>’Υπὲρ</strong></span> <span class='ocrx_word' id='word_1_423' title='bbox 1422 2812 1503 2882; x_wconf 73' lang='grc' dir='ltr'><strong>οὗ,</strong></span> <span class='ocrx_word' id='word_1_424' title='bbox 1558 2818 1659 2875; x_wconf 74' lang='grc' dir='ltr'>πᾶς</span> <span class='ocrx_word' id='word_1_425' title='bbox 1690 2812 1717 2865; x_wconf 82' lang='grc' dir='ltr'>ὁ</span> <span class='ocrx_word' id='word_1_426' title='bbox 1760 2812 2104 2890; x_wconf 55' lang='grc' dir='ltr'>ἐντυγχάνων</span> <span class='ocrx_word' id='word_1_427' title='bbox 2190 2804 2477 2883; x_wconf 75' lang='grc' dir='ltr'>ἀνθρώπων</span> <span class='ocrx_word' id='word_1_428' title='bbox 2521 2805 2711 2869; x_wconf 69' lang='grc' dir='ltr'>οὖδείς.</span> 
     </span>
    </p>
   </div>
   <div class='ocr_carea' id='block_1_45' title="bbox 458 2893 2078 2982">
    <p class='ocr_par' dir='ltr' id='par_1_45' title="bbox 458 2898 2078 2981">
     <span class='ocr_line' id='line_1_45' title="bbox 458 2898 2078 2981; baseline 0 -24"><span class='ocrx_word' id='word_1_429' title='bbox 458 2902 625 2979; x_wconf 77' lang='grc' dir='ltr'>ταύτῃ</span> <span class='ocrx_word' id='word_1_430' title='bbox 677 2907 746 2978; x_wconf 81' lang='grc' dir='ltr'>τῇ</span> <span class='ocrx_word' id='word_1_431' title='bbox 810 2898 999 2981; x_wconf 64' lang='grc' dir='ltr'><strong>βίϐλῳ,</strong></span> <span class='ocrx_word' id='word_1_432' title='bbox 1055 2900 1142 2958; x_wconf 75' lang='grc' dir='ltr'>ἔσο</span> <span class='ocrx_word' id='word_1_433' title='bbox 1196 2901 1626 2980; x_wconf 77' lang='grc' dir='ltr'>ὑπερευχόμενος</span> <span class='ocrx_word' id='word_1_434' title='bbox 1699 2898 1783 2955; x_wconf 80' lang='grc' dir='ltr'><strong>διὰ</strong></span> <span class='ocrx_word' id='word_1_435' title='bbox 1842 2902 1933 2956; x_wconf 82' lang='grc' dir='ltr'>τὸν</span> <span class='ocrx_word' id='word_1_436' title='bbox 1995 2902 2078 2959; x_wconf 65' lang='grc' dir='ltr'><strong>Κύι</strong></span> 
     </span>
    </p>
   </div>
   <div class='ocr_carea' id='block_1_46' title="bbox 2221 2893 3841 2982">
    <p class='ocr_par' dir='ltr' id='par_1_46' title="bbox 2272 2893 3841 2982">
     <span class='ocr_line' id='line_1_46' title="bbox 2272 2893 3841 2982; baseline 0.005 -28"><span class='ocrx_word' id='word_1_437' title='bbox 2272 2895 2337 2955; x_wconf 90' lang='lat' dir='ltr'><strong>In</strong></span> <span class='ocrx_word' id='word_1_438' title='bbox 2364 2893 2476 2955; x_wconf 91' lang='lat' dir='ltr'><strong>hoc</strong></span> <span class='ocrx_word' id='word_1_439' title='bbox 2502 2895 2707 2958; x_wconf 78' lang='lat' dir='ltr'><strong>codice</strong></span> <span class='ocrx_word' id='word_1_440' title='bbox 2736 2896 2908 2958; x_wconf 92' lang='lat' dir='ltr'><strong>locuc</strong></span> <span class='ocrx_word' id='word_1_441' title='bbox 2932 2896 3031 2957; x_wconf 90' lang='lat' dir='ltr'><strong>ille</strong></span> <span class='ocrx_word' id='word_1_442' title='bbox 3062 2898 3347 2959; x_wconf 80' lang='lat' dir='ltr'><strong>orationis</strong></span> <span class='ocrx_word' id='word_1_443' title='bbox 3369 2899 3584 2975; x_wconf 86' lang='lat' dir='ltr'><strong>XLIII,</strong></span> <span class='ocrx_word' id='word_1_444' title='bbox 3612 2899 3688 2962; x_wconf 87' lang='lat' dir='ltr'><strong>de</strong></span> <span class='ocrx_word' id='word_1_445' title='bbox 3720 2919 3841 2982; x_wconf 87' lang='lat' dir='ltr'><strong>quo</strong></span> 
     </span>
    </p>
   </div>
   <div class='ocr_carea' id='block_1_47' title="bbox 458 2983 3848 3070">
    <p class='ocr_par' dir='ltr' id='par_1_47' title="bbox 458 2983 3848 3070">
     <span class='ocr_line' id='line_1_47' title="bbox 458 2983 3848 3070; baseline 0.001 -24"><span class='ocrx_word' id='word_1_446' title='bbox 458 3013 590 3070; x_wconf 84' lang='grc' dir='ltr'>ριον,</span> <span class='ocrx_word' id='word_1_447' title='bbox 2192 3001 2371 3063; x_wconf 90' lang='lat' dir='ltr'><strong>supra</strong></span> <span class='ocrx_word' id='word_1_448' title='bbox 2398 2983 2526 3047; x_wconf 87' lang='lat' dir='ltr'><strong>dixi</strong></span> <span class='ocrx_word' id='word_1_449' title='bbox 2558 2986 2617 3046; x_wconf 92' lang='lat' dir='ltr'><strong>in</strong></span> <span class='ocrx_word' id='word_1_450' title='bbox 2643 3003 2877 3048; x_wconf 91' lang='lat' dir='ltr'><strong>recens.</strong></span> <span class='ocrx_word' id='word_1_451' title='bbox 2914 2986 3050 3050; x_wconf 91' lang='lat' dir='ltr'><strong>cod.</strong></span> <span class='ocrx_word' id='word_1_452' title='bbox 3086 2988 3131 3062; x_wconf 88' lang='lat' dir='ltr'><strong>I,</strong></span> <span class='ocrx_word' id='word_1_453' title='bbox 3166 2989 3483 3068; x_wconf 88' lang='lat' dir='ltr'><strong>separatim</strong></span> <span class='ocrx_word' id='word_1_454' title='bbox 3518 2990 3754 3070; x_wconf 84' lang='lat' dir='ltr'><strong>legitur.</strong></span> <span class='ocrx_word' id='word_1_455' title='bbox 3781 2992 3848 3053; x_wconf 93' lang='lat' dir='ltr'><strong>In</strong></span> 
     </span>
    </p>
   </div>
   <div class='ocr_carea' id='block_1_48' title="bbox 543 3073 3853 3160">
    <p class='ocr_par' dir='ltr' id='par_1_48' title="bbox 543 3073 3853 3160">
     <span class='ocr_line' id='line_1_48' title="bbox 543 3073 3853 3160; baseline -0.001 -16"><span class='ocrx_word' id='word_1_456' title='bbox 543 3082 606 3144; x_wconf 91' lang='lat' dir='ltr'><strong>In</strong></span> <span class='ocrx_word' id='word_1_457' title='bbox 640 3080 753 3143; x_wconf 91' lang='lat' dir='ltr'><strong>hoc</strong></span> <span class='ocrx_word' id='word_1_458' title='bbox 785 3080 991 3142; x_wconf 90' lang='lat' dir='ltr'><strong>codice</strong></span> <span class='ocrx_word' id='word_1_459' title='bbox 1022 3079 1124 3143; x_wconf 87' lang='lat' dir='ltr'><strong>fol.</strong></span> <span class='ocrx_word' id='word_1_460' title='bbox 1168 3077 1280 3142; x_wconf 72' lang='lat'><strong>122</strong></span> <span class='ocrx_word' id='word_1_461' title='bbox 1313 3097 1479 3141; x_wconf 90' lang='lat' dir='ltr'><strong>verso</strong></span> <span class='ocrx_word' id='word_1_462' title='bbox 1510 3078 1725 3158; x_wconf 79' lang='lat' dir='ltr'><strong>legitur</strong></span> <span class='ocrx_word' id='word_1_463' title='bbox 1764 3092 1899 3142; x_wconf 92' lang='lat' dir='ltr'><strong>nota</strong></span> <span class='ocrx_word' id='word_1_464' title='bbox 1924 3100 1956 3141; x_wconf 90' lang='lat' dir='ltr'><strong>a</strong></span> <span class='ocrx_word' id='word_1_465' title='bbox 1982 3082 2107 3160; x_wconf 82' lang='lat' dir='ltr'><strong>pri-</strong></span> <span class='ocrx_word' id='word_1_466' title='bbox 2143 3156 2169 3160; x_wconf 91' lang='lat'><strong><em>_</em></strong></span> <span class='ocrx_word' id='word_1_467' title='bbox 2194 3074 2313 3135; x_wconf 83' lang='lat' dir='ltr'><strong>ﬁne</strong></span> <span class='ocrx_word' id='word_1_468' title='bbox 2344 3073 2633 3135; x_wconf 84' lang='lat' dir='ltr'><strong>orationis</strong></span> <span class='ocrx_word' id='word_1_469' title='bbox 2687 3074 2839 3138; x_wconf 86' lang='lat' dir='ltr'><strong>XXV</strong></span> <span class='ocrx_word' id='word_1_470' title='bbox 2898 3080 3080 3157; x_wconf 89' lang='lat' dir='ltr'><strong>(nunc</strong></span> <span class='ocrx_word' id='word_1_471' title='bbox 3148 3075 3383 3160; x_wconf 83' lang='lat' dir='ltr'><strong>XXIII),</strong></span> <span class='ocrx_word' id='word_1_472' title='bbox 3454 3098 3584 3159; x_wconf 80' lang='lat' dir='ltr'><strong>qua</strong></span> <span class='ocrx_word' id='word_1_473' title='bbox 3632 3082 3730 3142; x_wconf 90' lang='lat' dir='ltr'><strong>hic</strong></span> <span class='ocrx_word' id='word_1_474' title='bbox 3761 3090 3853 3142; x_wconf 92' lang='lat' dir='ltr'><strong>est</strong></span> 
     </span>
    </p>
   </div>
   <div class='ocr_carea' id='block_1_49' title="bbox 466 3156 3109 3251">
    <p class='ocr_par' dir='ltr' id='par_1_49' title="bbox 466 3156 3109 3251">
     <span class='ocr_line' id='line_1_49' title="bbox 466 3156 3109 3251; baseline -0.002 -18"><span class='ocrx_word' id='word_1_475' title='bbox 466 3190 560 3233; x_wconf 93' lang='lat' dir='ltr'><strong>ma</strong></span> <span class='ocrx_word' id='word_1_476' title='bbox 583 3190 760 3233; x_wconf 83' lang='lat' dir='ltr'><strong>manu</strong></span> <span class='ocrx_word' id='word_1_477' title='bbox 790 3171 1013 3251; x_wconf 86' lang='lat' dir='ltr'><strong>scripta</strong></span> <span class='ocrx_word' id='word_1_478' title='bbox 1029 3169 1504 3251; x_wconf 87' lang='lat' dir='ltr'><strong>cinnabari,qua</strong></span> <span class='ocrx_word' id='word_1_479' title='bbox 1532 3156 1790 3232; x_wconf 81' lang='lat' dir='ltr'><strong>refertur</strong></span> <span class='ocrx_word' id='word_1_480' title='bbox 1811 3173 1879 3233; x_wconf 88' lang='lat' dir='ltr'><strong>ad</strong></span> <span class='ocrx_word' id='word_1_481' title='bbox 1905 3156 2107 3247; x_wconf 79' lang='lat' dir='ltr'><strong>verba,</strong></span> <span class='ocrx_word' id='word_1_482' title='bbox 2130 3156 2170 3207; x_wconf 76' lang='lat' dir='ltr'><strong>C</strong></span> <span class='ocrx_word' id='word_1_483' title='bbox 2198 3162 2407 3240; x_wconf 85' lang='lat' dir='ltr'><strong>XXIII,</strong></span> <span class='ocrx_word' id='word_1_484' title='bbox 2437 3165 2706 3245; x_wconf 92' lang='lat' dir='ltr'><strong>quadam</strong></span> <span class='ocrx_word' id='word_1_485' title='bbox 2734 3156 3109 3229; x_wconf 87' lang='lat' dir='ltr'><strong>exciderunt.</strong></span> 
     </span>
    </p>
   </div>
   <div class='ocr_carea' id='block_1_50' title="bbox 461 3251 2081 3341">
    <p class='ocr_par' dir='ltr' id='par_1_50' title="bbox 461 3259 2081 3341">
     <span class='ocr_line' id='line_1_50' title="bbox 461 3259 2081 3341; baseline 0.003 -24"><span class='ocrx_word' id='word_1_486' title='bbox 461 3264 682 3319; x_wconf 78' lang='grc' dir='ltr'>θάνατον</span> <span class='ocrx_word' id='word_1_487' title='bbox 742 3259 1219 3329; x_wconf 65' lang='grc' dir='ltr'>πλησιάσαντες.⁴’</span> <span class='ocrx_word' id='word_1_488' title='bbox 1238 3262 1362 3317; x_wconf 84' lang='grc' dir='ltr'>Επεὶ</span> <span class='ocrx_word' id='word_1_489' title='bbox 1383 3263 1482 3340; x_wconf 82' lang='grc' dir='ltr'><strong>γὰρ</strong></span> <span class='ocrx_word' id='word_1_490' title='bbox 1511 3262 1766 3339; x_wconf 58' lang='grc' dir='ltr'>φθόνῳμ,</span> <span class='ocrx_word' id='word_1_491' title='bbox 1801 3286 1849 3319; x_wconf 81' lang='lat'><strong>-:.</strong></span> <span class='ocrx_word' id='word_1_492' title='bbox 1874 3261 1926 3323; x_wconf 92' lang='grc' dir='ltr'>λ.</span> <span class='ocrx_word' id='word_1_493' title='bbox 1966 3260 2081 3341; x_wconf 83' lang='lat' dir='ltr'><strong>(vid</strong></span> 
     </span>
    </p>
   </div>
   <div class='ocr_carea' id='block_1_51' title="bbox 2228 3251 3848 3341">
    <p class='ocr_par' dir='ltr' id='par_1_51' title="bbox 2277 3251 3848 3336">
     <span class='ocr_line' id='line_1_51' title="bbox 2277 3251 3848 3336; baseline 0.005 -23"><span class='ocrx_word' id='word_1_494' title='bbox 2277 3256 2357 3317; x_wconf 89' lang='lat' dir='ltr'><strong>M.</strong></span> <span class='ocrx_word' id='word_1_495' title='bbox 2416 3251 2619 3317; x_wconf 88' lang='lat' dir='ltr'><strong>Codex</strong></span> <span class='ocrx_word' id='word_1_496' title='bbox 2690 3256 3188 3319; x_wconf 85' lang='lat' dir='ltr'><strong>membranaceus</strong></span> <span class='ocrx_word' id='word_1_497' title='bbox 3245 3275 3381 3320; x_wconf 90' lang='lat' dir='ltr'><strong>sac.</strong></span> <span class='ocrx_word' id='word_1_498' title='bbox 3452 3278 3509 3336; x_wconf 90' lang='lat' dir='ltr'><strong>x,</strong></span> <span class='ocrx_word' id='word_1_499' title='bbox 3569 3258 3848 3322; x_wconf 89' lang='lat' dir='ltr'><strong>foliorum</strong></span> 
     </span>
    </p>
   </div>
   <div class='ocr_carea' id='block_1_52' title="bbox 464 3344 3847 3433">
    <p class='ocr_par' dir='ltr' id='par_1_52' title="bbox 464 3344 3847 3433">
     <span class='ocr_line' id='line_1_52' title="bbox 464 3344 3847 3433; baseline -0 -21"><span class='ocrx_word' id='word_1_500' title='bbox 464 3351 863 3431; x_wconf 89' lang='lat' dir='ltr'><strong>edit.operum</strong></span> <span class='ocrx_word' id='word_1_501' title='bbox 897 3349 1677 3430; x_wconf 70' lang='lat' dir='ltr'><strong>Gregor.ed.Bened.p.8J6</strong></span> <span class='ocrx_word' id='word_1_502' title='bbox 1700 3352 1744 3412; x_wconf 88' lang='lat' dir='ltr'><strong>C</strong></span> <span class='ocrx_word' id='word_1_503' title='bbox 1765 3350 2024 3431; x_wconf 82' lang='lat' dir='ltr'><strong>etp.837</strong></span> <span class='ocrx_word' id='word_1_504' title='bbox 2040 3348 2108 3433; x_wconf 88' lang='grc' dir='ltr'><strong>Ε)</strong></span> <span class='ocrx_word' id='word_1_505' title='bbox 2196 3359 2424 3433; x_wconf 60' lang='lat' dir='ltr'><strong>QCCLXI,</strong></span> <span class='ocrx_word' id='word_1_506' title='bbox 2454 3344 2724 3424; x_wconf 84' lang='lat' dir='ltr'><strong>ejusdem</strong></span> <span class='ocrx_word' id='word_1_507' title='bbox 2768 3345 3234 3429; x_wconf 73' lang='lat' dir='ltr'><strong>bibliotheca,in</strong></span> <span class='ocrx_word' id='word_1_508' title='bbox 3266 3347 3431 3425; x_wconf 85' lang='lat' dir='ltr'><strong>folio,</strong></span> <span class='ocrx_word' id='word_1_509' title='bbox 3453 3368 3619 3411; x_wconf 92' lang='lat' dir='ltr'><strong>num.</strong></span> <span class='ocrx_word' id='word_1_510' title='bbox 3645 3348 3847 3415; x_wconf 79' lang='lat' dir='ltr'><strong>LXIV.</strong></span> 
     </span>
    </p>
   </div>
   <div class='ocr_carea' id='block_1_53' title="bbox 466 3430 2086 3522">
    <p class='ocr_par' dir='ltr' id='par_1_53' title="bbox 466 3430 2086 3522">
     <span class='ocr_line' id='line_1_53' title="bbox 466 3430 2086 3522; baseline -0.001 -21"><span class='ocrx_word' id='word_1_511' title='bbox 466 3430 714 3522; x_wconf 82' lang='lat' dir='ltr'><strong>quaque</strong></span> <span class='ocrx_word' id='word_1_512' title='bbox 745 3441 821 3502; x_wconf 88' lang='lat' dir='ltr'><strong>ita</strong></span> <span class='ocrx_word' id='word_1_513' title='bbox 849 3459 913 3502; x_wconf 91' lang='lat' dir='ltr'><strong>se</strong></span> <span class='ocrx_word' id='word_1_514' title='bbox 945 3440 1124 3501; x_wconf 91' lang='lat' dir='ltr'><strong>habet</strong></span> <span class='ocrx_word' id='word_1_515' title='bbox 1153 3460 1166 3499; x_wconf 90' lang='lat'><strong>:</strong></span> <span class='ocrx_word' id='word_1_516' title='bbox 1204 3438 1295 3497; x_wconf 84' lang='grc' dir='ltr'>Ἐν</span> <span class='ocrx_word' id='word_1_517' title='bbox 1344 3440 1569 3503; x_wconf 74' lang='grc' dir='ltr'>πολλοῖς</span> <span class='ocrx_word' id='word_1_518' title='bbox 1628 3445 1733 3498; x_wconf 80' lang='grc' dir='ltr'>τῶν</span> <span class='ocrx_word' id='word_1_519' title='bbox 1778 3430 2086 3522; x_wconf 71' lang='grc' dir='ltr'>ἀντιγράφω</span> 
     </span>
    </p>
   </div>
   <div class='ocr_carea' id='block_1_54' title="bbox 898 3430 2518 3522">
    <p class='ocr_par' dir='ltr' id='par_1_54' title="bbox 898 3430 2518 3522">
     <span class='ocr_line' id='line_1_54' title="bbox 898 3430 2518 3522; baseline -0.003 -20"><span class='ocrx_word' id='word_1_520' title='bbox 898 3440 1166 3502; x_wconf 69' lang='grc' dir='ltr'><strong>Ξὴᾶδθιζ</strong></span> <span class='ocrx_word' id='word_1_521' title='bbox 1204 3438 1295 3497; x_wconf 83' lang='grc' dir='ltr'>Ἐν</span> <span class='ocrx_word' id='word_1_522' title='bbox 1344 3440 1569 3503; x_wconf 74' lang='grc' dir='ltr'>πολλοῖς</span> <span class='ocrx_word' id='word_1_523' title='bbox 1628 3445 1733 3498; x_wconf 81' lang='grc' dir='ltr'>τῶν</span> <span class='ocrx_word' id='word_1_524' title='bbox 1778 3430 2110 3522; x_wconf 70' lang='grc' dir='ltr'>ἀντιγράφων</span> <span class='ocrx_word' id='word_1_525' title='bbox 2196 3430 2518 3522; x_wconf 88' lang='lat' dir='ltr'><strong>Continet:</strong></span> 
     </span>
    </p>
   </div>
   <div class='ocr_carea' id='block_1_55' title="bbox 464 3521 2084 3610">
    <p class='ocr_par' dir='ltr' id='par_1_55' title="bbox 464 3530 2081 3610">
     <span class='ocr_line' id='line_1_55' title="bbox 464 3530 2081 3610; baseline 0.002 -23"><span class='ocrx_word' id='word_1_526' title='bbox 464 3534 549 3588; x_wconf 81' lang='grc' dir='ltr'>καὶ</span> <span class='ocrx_word' id='word_1_527' title='bbox 605 3532 757 3609; x_wconf 74' lang='grc' dir='ltr'>ἕτερά</span> <span class='ocrx_word' id='word_1_528' title='bbox 813 3554 929 3587; x_wconf 76' lang='grc' dir='ltr'>τινα</span> <span class='ocrx_word' id='word_1_529' title='bbox 974 3530 1059 3586; x_wconf 75' lang='grc' dir='ltr'>διὰ</span> <span class='ocrx_word' id='word_1_530' title='bbox 1117 3530 1280 3603; x_wconf 78' lang='grc' dir='ltr'>μέσου</span> <span class='ocrx_word' id='word_1_531' title='bbox 1337 3533 1553 3605; x_wconf 80' lang='grc' dir='ltr'>κείμενα</span> <span class='ocrx_word' id='word_1_532' title='bbox 1604 3531 1844 3610; x_wconf 68' lang='grc' dir='ltr'>εὕρομεν,</span> <span class='ocrx_word' id='word_1_533' title='bbox 1888 3531 2008 3590; x_wconf 73' lang='grc' dir='ltr'>ἔνθα</span> <span class='ocrx_word' id='word_1_534' title='bbox 2051 3555 2081 3589; x_wconf 88' lang='grc' dir='ltr'><strong>τ</strong></span> 
     </span>
    </p>
   </div>
   <div class='ocr_carea' id='block_1_56' title="bbox 2223 3521 3843 3610">
    <p class='ocr_par' dir='ltr' id='par_1_56' title="bbox 2276 3521 3843 3610">
     <span class='ocr_line' id='line_1_56' title="bbox 2276 3521 3843 3610; baseline 0.006 -26"><span class='ocrx_word' id='word_1_535' title='bbox 2276 3523 2336 3603; x_wconf 88' lang='lat' dir='ltr'><strong>a)</strong></span> <span class='ocrx_word' id='word_1_536' title='bbox 2368 3521 2579 3588; x_wconf 84' lang='lat' dir='ltr'><strong>XXVII</strong></span> <span class='ocrx_word' id='word_1_537' title='bbox 2607 3526 2904 3588; x_wconf 89' lang='lat' dir='ltr'><strong>orationes</strong></span> <span class='ocrx_word' id='word_1_538' title='bbox 2928 3528 3205 3610; x_wconf 80' lang='lat' dir='ltr'><strong>Gregorii</strong></span> <span class='ocrx_word' id='word_1_539' title='bbox 3243 3527 3624 3594; x_wconf 78' lang='lat' dir='ltr'><strong>Nazianzeni.</strong></span> <span class='ocrx_word' id='word_1_540' title='bbox 3658 3530 3843 3593; x_wconf 86' lang='lat' dir='ltr'><strong>Etiam</strong></span> 
     </span>
    </p>
   </div>
   <div class='ocr_carea' id='block_1_57' title="bbox 465 3612 2085 3702">
    <p class='ocr_par' dir='ltr' id='par_1_57' title="bbox 465 3617 2085 3700">
     <span class='ocr_line' id='line_1_57' title="bbox 465 3617 2085 3700; baseline 0.002 -24"><span class='ocrx_word' id='word_1_541' title='bbox 465 3635 696 3696; x_wconf 71' lang='grc' dir='ltr'>σημεῖον</span> <span class='ocrx_word' id='word_1_542' title='bbox 756 3624 880 3698; x_wconf 82' lang='grc' dir='ltr'>ὁρᾷς</span> <span class='ocrx_word' id='word_1_543' title='bbox 934 3619 1019 3675; x_wconf 80' lang='grc' dir='ltr'><strong>διὰ</strong></span> <span class='ocrx_word' id='word_1_544' title='bbox 1070 3622 1168 3686; x_wconf 84' lang='grc' dir='ltr'>τῆς</span> <span class='ocrx_word' id='word_1_545' title='bbox 1222 3617 1548 3698; x_wconf 71' lang='grc' dir='ltr'>κινκϐάρεως</span> <span class='ocrx_word' id='word_1_546' title='bbox 1605 3619 1720 3700; x_wconf 86' lang='lat' dir='ltr'><strong>(est</strong></span> <span class='ocrx_word' id='word_1_547' title='bbox 1772 3641 1902 3683; x_wconf 77' lang='lat' dir='ltr'><strong>vero</strong></span> <span class='ocrx_word' id='word_1_548' title='bbox 1956 3621 2085 3684; x_wconf 77' lang='lat' dir='ltr'><strong>istut</strong></span> 
     </span>
    </p>
   </div>
   <div class='ocr_carea' id='block_1_58' title="bbox 2225 3612 3845 3702">
    <p class='ocr_par' dir='ltr' id='par_1_58' title="bbox 2225 3612 3845 3702">
     <span class='ocr_line' id='line_1_58' title="bbox 2225 3612 3845 3702; baseline 0.007 -29"><span class='ocrx_word' id='word_1_549' title='bbox 2225 3612 2293 3674; x_wconf 79' lang='lat' dir='ltr'><strong>tic</strong></span> <span class='ocrx_word' id='word_1_550' title='bbox 2326 3612 2426 3702; x_wconf 82' lang='lat' dir='ltr'><strong>ille</strong></span> <span class='ocrx_word' id='word_1_551' title='bbox 2451 3614 2620 3677; x_wconf 91' lang='lat' dir='ltr'><strong>locus</strong></span> <span class='ocrx_word' id='word_1_552' title='bbox 2651 3634 2785 3677; x_wconf 92' lang='lat' dir='ltr'><strong>cum</strong></span> <span class='ocrx_word' id='word_1_553' title='bbox 2820 3616 2956 3699; x_wconf 85' lang='lat' dir='ltr'><strong>ista,</strong></span> <span class='ocrx_word' id='word_1_554' title='bbox 2990 3618 3068 3679; x_wconf 93' lang='lat' dir='ltr'><strong>de</strong></span> <span class='ocrx_word' id='word_1_555' title='bbox 3096 3637 3215 3697; x_wconf 86' lang='lat' dir='ltr'><strong>qua</strong></span> <span class='ocrx_word' id='word_1_556' title='bbox 3260 3637 3445 3702; x_wconf 92' lang='lat' dir='ltr'><strong>supra</strong></span> <span class='ocrx_word' id='word_1_557' title='bbox 3474 3621 3593 3683; x_wconf 91' lang='lat' dir='ltr'><strong>dixi</strong></span> <span class='ocrx_word' id='word_1_558' title='bbox 3625 3631 3762 3683; x_wconf 83' lang='lat' dir='ltr'><strong>nota</strong></span> <span class='ocrx_word' id='word_1_559' title='bbox 3788 3624 3845 3683; x_wconf 90' lang='lat' dir='ltr'><strong>in</strong></span> 
     </span>
    </p>
   </div>
   <div class='ocr_carea' id='block_1_59' title="bbox 465 3701 3839 3793">
    <p class='ocr_par' dir='ltr' id='par_1_59' title="bbox 465 3701 3839 3793">
     <span class='ocr_line' id='line_1_59' title="bbox 465 3701 3839 3793; baseline 0.001 -22"><span class='ocrx_word' id='word_1_560' title='bbox 465 3710 696 3789; x_wconf 84' lang='lat' dir='ltr'><strong>signum</strong></span> <span class='ocrx_word' id='word_1_561' title='bbox 744 3729 815 3772; x_wconf 93' lang='lat' dir='ltr'><strong>eo</strong></span> <span class='ocrx_word' id='word_1_562' title='bbox 872 3708 933 3769; x_wconf 92' lang='lat' dir='ltr'><strong>in</strong></span> <span class='ocrx_word' id='word_1_563' title='bbox 970 3708 1122 3781; x_wconf 91' lang='lat' dir='ltr'><strong>loco,</strong></span> <span class='ocrx_word' id='word_1_564' title='bbox 1177 3706 1278 3769; x_wconf 94' lang='lat' dir='ltr'><strong>ubi</strong></span> <span class='ocrx_word' id='word_1_565' title='bbox 1311 3726 1419 3787; x_wconf 88' lang='lat' dir='ltr'><strong>ego</strong></span> <span class='ocrx_word' id='word_1_566' title='bbox 1451 3709 1681 3771; x_wconf 86' lang='lat' dir='ltr'><strong>stellam</strong></span> <span class='ocrx_word' id='word_1_567' title='bbox 1719 3713 1937 3793; x_wconf 89' lang='lat' dir='ltr'><strong>posui)&#39;</strong></span> <span class='ocrx_word' id='word_1_568' title='bbox 1981 3712 2116 3793; x_wconf 84' lang='grc' dir='ltr'>ἅπερ</span> <span class='ocrx_word' id='word_1_569' title='bbox 2196 3703 2331 3765; x_wconf 91' lang='lat' dir='ltr'><strong>cod.</strong></span> <span class='ocrx_word' id='word_1_570' title='bbox 2359 3701 2406 3779; x_wconf 93' lang='grc' dir='ltr'><strong>Ι,</strong></span> <span class='ocrx_word' id='word_1_571' title='bbox 2440 3708 2761 3786; x_wconf 85' lang='lat' dir='ltr'><strong>separatim</strong></span> <span class='ocrx_word' id='word_1_572' title='bbox 2793 3706 3030 3787; x_wconf 85' lang='lat' dir='ltr'><strong>legitur.</strong></span> <span class='ocrx_word' id='word_1_573' title='bbox 3060 3701 3357 3773; x_wconf 80' lang='lat' dir='ltr'><strong>Praterea</strong></span> <span class='ocrx_word' id='word_1_574' title='bbox 3388 3712 3446 3774; x_wconf 92' lang='lat' dir='ltr'><strong>in</strong></span> <span class='ocrx_word' id='word_1_575' title='bbox 3477 3713 3743 3775; x_wconf 89' lang='lat' dir='ltr'><strong>oratione</strong></span> <span class='ocrx_word' id='word_1_576' title='bbox 3768 3711 3839 3775; x_wconf 88' lang='lat' dir='ltr'><strong>IV</strong></span> 
     </span>
    </p>
   </div>
   <div class='ocr_carea' id='block_1_60' title="bbox 466 3793 2086 3883">
    <p class='ocr_par' dir='ltr' id='par_1_60' title="bbox 466 3798 2086 3878">
     <span class='ocr_line' id='line_1_60' title="bbox 466 3798 2086 3878; baseline 0.002 -23"><span class='ocrx_word' id='word_1_577' title='bbox 466 3798 637 3867; x_wconf 76' lang='grc' dir='ltr'>ἔδοξεν</span> <span class='ocrx_word' id='word_1_578' title='bbox 666 3803 802 3875; x_wconf 74' lang='grc' dir='ltr'>ἡμῖν</span> <span class='ocrx_word' id='word_1_579' title='bbox 833 3803 868 3869; x_wconf 77' lang='grc' dir='ltr'><strong>ἢ</strong></span> <span class='ocrx_word' id='word_1_580' title='bbox 900 3800 977 3875; x_wconf 70' lang='grc' dir='ltr'>μὴ</span> <span class='ocrx_word' id='word_1_581' title='bbox 1023 3798 1164 3855; x_wconf 72' lang='grc' dir='ltr'>εἶναι</span> <span class='ocrx_word' id='word_1_582' title='bbox 1208 3808 1299 3857; x_wconf 80' lang='grc' dir='ltr'><strong>τοῦ</strong></span> <span class='ocrx_word' id='word_1_583' title='bbox 1347 3801 1571 3878; x_wconf 78' lang='grc' dir='ltr'>Πατρὸς,</span> <span class='ocrx_word' id='word_1_584' title='bbox 1675 3804 1752 3877; x_wconf 81' lang='grc' dir='ltr'>μὴ</span> <span class='ocrx_word' id='word_1_585' title='bbox 1807 3804 1947 3860; x_wconf 65' lang='lat' dir='ltr'><strong>sint</strong></span> <span class='ocrx_word' id='word_1_586' title='bbox 1979 3802 2086 3859; x_wconf 80' lang='grc' dir='ltr'><strong>ἀνό-</strong></span> 
     </span>
    </p>
   </div>
   <div class='ocr_carea' id='block_1_61' title="bbox 2221 3793 3841 3883">
    <p class='ocr_par' dir='ltr' id='par_1_61' title="bbox 2221 3793 3841 3883">
     <span class='ocr_line' id='line_1_61' title="bbox 2221 3793 3841 3883; baseline 0.006 -28"><span class='ocrx_word' id='word_1_587' title='bbox 2221 3812 2377 3856; x_wconf 92' lang='lat' dir='ltr'><strong>nunc</strong></span> <span class='ocrx_word' id='word_1_588' title='bbox 2403 3793 2500 3876; x_wconf 83' lang='lat' dir='ltr'><strong>V),</strong></span> <span class='ocrx_word' id='word_1_589' title='bbox 2533 3815 2669 3876; x_wconf 87' lang='lat' dir='ltr'><strong>qua</strong></span> <span class='ocrx_word' id='word_1_590' title='bbox 2700 3796 2797 3859; x_wconf 89' lang='lat' dir='ltr'><strong>hic</strong></span> <span class='ocrx_word' id='word_1_591' title='bbox 2826 3806 2916 3860; x_wconf 87' lang='lat' dir='ltr'><strong>est</strong></span> <span class='ocrx_word' id='word_1_592' title='bbox 2944 3797 3103 3881; x_wconf 81' lang='lat' dir='ltr'><strong>XXI,</strong></span> <span class='ocrx_word' id='word_1_593' title='bbox 3154 3799 3259 3862; x_wconf 91' lang='lat' dir='ltr'><strong>fol.</strong></span> <span class='ocrx_word' id='word_1_594' title='bbox 3312 3800 3454 3879; x_wconf 74' lang='grc'>271,</span> <span class='ocrx_word' id='word_1_595' title='bbox 3487 3802 3547 3864; x_wconf 92' lang='lat' dir='ltr'><strong>in</strong></span> <span class='ocrx_word' id='word_1_596' title='bbox 3581 3803 3841 3883; x_wconf 81' lang='lat' dir='ltr'><strong>margine</strong></span> 
     </span>
    </p>
   </div>
   <div class='ocr_carea' id='block_1_62' title="bbox 465 3883 2085 3974">
    <p class='ocr_par' dir='ltr' id='par_1_62' title="bbox 465 3888 2085 3974">
     <span class='ocr_line' id='line_1_62' title="bbox 465 3888 2085 3974; baseline 0.001 -27"><span class='ocrx_word' id='word_1_597' title='bbox 465 3894 643 3972; x_wconf 71' lang='grc' dir='ltr'><strong>θευτπι²</strong></span> <span class='ocrx_word' id='word_1_598' title='bbox 690 3891 838 3967; x_wconf 77' lang='grc' dir='ltr'>ὅμως</span> <span class='ocrx_word' id='word_1_599' title='bbox 868 3891 957 3947; x_wconf 77' lang='grc' dir='ltr'><strong>καὶ</strong></span> <span class='ocrx_word' id='word_1_600' title='bbox 999 3896 1162 3945; x_wconf 65' lang='grc' dir='ltr'>ταῦτα</span> <span class='ocrx_word' id='word_1_601' title='bbox 1194 3891 1323 3968; x_wconf 68' lang='grc' dir='ltr'>πρὸς</span> <span class='ocrx_word' id='word_1_602' title='bbox 1372 3888 1562 3967; x_wconf 74' lang='grc' dir='ltr'>ἄκριϐἦ</span> <span class='ocrx_word' id='word_1_603' title='bbox 1593 3897 1698 3947; x_wconf 82' lang='grc' dir='ltr'>τῶν</span> <span class='ocrx_word' id='word_1_604' title='bbox 1753 3896 2085 3974; x_wconf 62' lang='grc' dir='ltr'>ἐντυγχανόν</span> 
     </span>
    </p>
   </div>
   <div class='ocr_carea' id='block_1_63' title="bbox 2217 3883 3837 3974">
    <p class='ocr_par' dir='ltr' id='par_1_63' title="bbox 2219 3883 3837 3974">
     <span class='ocr_line' id='line_1_63' title="bbox 2219 3883 3837 3974; baseline 0.009 -30"><span class='ocrx_word' id='word_1_605' title='bbox 2219 3883 2412 3974; x_wconf 84' lang='lat' dir='ltr'><strong>egitur</strong></span> <span class='ocrx_word' id='word_1_606' title='bbox 2432 3884 2619 3963; x_wconf 86' lang='lat' dir='ltr'><strong>locus,</strong></span> <span class='ocrx_word' id='word_1_607' title='bbox 2650 3888 2750 3970; x_wconf 87' lang='lat' dir='ltr'><strong>qui</strong></span> <span class='ocrx_word' id='word_1_608' title='bbox 2780 3887 2843 3950; x_wconf 91' lang='lat' dir='ltr'><strong>in</strong></span> <span class='ocrx_word' id='word_1_609' title='bbox 2873 3889 3051 3951; x_wconf 91' lang='lat' dir='ltr'><strong>editis</strong></span> <span class='ocrx_word' id='word_1_610' title='bbox 3090 3890 3390 3971; x_wconf 90' lang='lat' dir='ltr'><strong>reperitur</strong></span> <span class='ocrx_word' id='word_1_611' title='bbox 3420 3910 3552 3974; x_wconf 80' lang='lat' dir='ltr'><strong>pag.</strong></span> <span class='ocrx_word' id='word_1_612' title='bbox 3600 3894 3735 3967; x_wconf 82' lang='grc'>119,</span> <span class='ocrx_word' id='word_1_613' title='bbox 3764 3896 3837 3973; x_wconf 88' lang='grc' dir='ltr'><strong>Α,</strong></span> 
     </span>
    </p>
   </div>
   <div class='ocr_carea' id='block_1_64' title="bbox 464 3973 2084 4062">
    <p class='ocr_par' dir='ltr' id='par_1_64' title="bbox 464 3973 2084 4062">
     <span class='ocr_line' id='line_1_64' title="bbox 464 3973 2084 4062; baseline 0.01 -32"><span class='ocrx_word' id='word_1_614' title='bbox 464 4002 572 4036; x_wconf 83' lang='grc' dir='ltr'><strong>των</strong></span> <span class='ocrx_word' id='word_1_615' title='bbox 629 3987 823 4058; x_wconf 77' lang='grc' dir='ltr'>γνῶσιν</span> <span class='ocrx_word' id='word_1_616' title='bbox 880 3980 1015 4054; x_wconf 84' lang='grc' dir='ltr'><strong>μετὰ</strong></span> <span class='ocrx_word' id='word_1_617' title='bbox 1071 3979 1168 4045; x_wconf 78' lang='grc' dir='ltr'>τὴν</span> <span class='ocrx_word' id='word_1_618' title='bbox 1246 3977 1633 4057; x_wconf 78' lang='grc' dir='ltr'>συμπλήρωσιν</span> <span class='ocrx_word' id='word_1_619' title='bbox 1707 3984 1863 4062; x_wconf 86' lang='lat' dir='ltr'><strong>(post</strong></span> <span class='ocrx_word' id='word_1_620' title='bbox 1917 3973 2084 4046; x_wconf 76' lang='lat' dir='ltr'><strong>linen</strong></span> 
     </span>
    </p>
   </div>
   <div class='ocr_carea' id='block_1_65' title="bbox 2226 3973 3846 4062">
    <p class='ocr_par' dir='ltr' id='par_1_65' title="bbox 2226 3973 3846 4061">
     <span class='ocr_line' id='line_1_65' title="bbox 2226 3973 3846 4061; baseline 0.004 -27"><span class='ocrx_word' id='word_1_621' title='bbox 2226 3974 2266 4056; x_wconf 68' lang='grc' dir='ltr'><strong>ἰ,</strong></span> <span class='ocrx_word' id='word_1_622' title='bbox 2297 3992 2330 4035; x_wconf 88' lang='lat' dir='ltr'><strong>a</strong></span> <span class='ocrx_word' id='word_1_623' title='bbox 2363 3974 2561 4039; x_wconf 82' lang='lat' dir='ltr'><strong>verbis</strong></span> <span class='ocrx_word' id='word_1_624' title='bbox 2591 3980 2679 4035; x_wconf 80' lang='grc' dir='ltr'><strong>καὶ</strong></span> <span class='ocrx_word' id='word_1_625' title='bbox 2716 3980 2817 4058; x_wconf 82' lang='grc' dir='ltr'>γὰρ</span> <span class='ocrx_word' id='word_1_626' title='bbox 2849 3981 2893 4035; x_wconf 79' lang='grc' dir='ltr'>εἰ</span> <span class='ocrx_word' id='word_1_627' title='bbox 2920 3981 3017 4048; x_wconf 77' lang='grc' dir='ltr'>τὴν</span> <span class='ocrx_word' id='word_1_628' title='bbox 3049 3982 3231 4061; x_wconf 72' lang='grc' dir='ltr'>ὀρθήν,</span> <span class='ocrx_word' id='word_1_629' title='bbox 3264 3982 3338 4043; x_wconf 91' lang='lat' dir='ltr'><strong>ad</strong></span> <span class='ocrx_word' id='word_1_630' title='bbox 3360 3973 3561 4059; x_wconf 81' lang='lat' dir='ltr'><strong>verba,</strong></span> <span class='ocrx_word' id='word_1_631' title='bbox 3612 3984 3846 4041; x_wconf 77' lang='grc' dir='ltr'>καταλεί-</span> 
     </span>
    </p>
   </div>
   <div class='ocr_carea' id='block_1_66' title="bbox 465 4066 2085 4155">
    <p class='ocr_par' dir='ltr' id='par_1_66' title="bbox 465 4066 2085 4155">
     <span class='ocr_line' id='line_1_66' title="bbox 465 4066 2085 4155; baseline 0.002 -27"><span class='ocrx_word' id='word_1_632' title='bbox 465 4067 747 4129; x_wconf 89' lang='lat' dir='ltr'><strong>orationis</strong></span> <span class='ocrx_word' id='word_1_633' title='bbox 804 4067 908 4129; x_wconf 91' lang='lat' dir='ltr'><strong>fol.</strong></span> <span class='ocrx_word' id='word_1_634' title='bbox 957 4066 1098 4148; x_wconf 78' lang='grc'>126)</span> <span class='ocrx_word' id='word_1_635' title='bbox 1165 4075 1257 4125; x_wconf 80' lang='grc' dir='ltr'><strong>τοῦ</strong></span> <span class='ocrx_word' id='word_1_636' title='bbox 1319 4068 1577 4147; x_wconf 69' lang='grc' dir='ltr'>πλράντος</span> <span class='ocrx_word' id='word_1_637' title='bbox 1630 4069 1792 4150; x_wconf 68' lang='grc' dir='ltr'>λόγου</span> <span class='ocrx_word' id='word_1_638' title='bbox 1846 4080 2085 4155; x_wconf 77' lang='grc' dir='ltr'>γραφῆναι</span> 
     </span>
    </p>
   </div>
   <div class='ocr_carea' id='block_1_67' title="bbox 2230 4066 3850 4155">
    <p class='ocr_par' dir='ltr' id='par_1_67' title="bbox 2230 4067 3850 4151">
     <span class='ocr_line' id='line_1_67' title="bbox 2230 4067 3850 4151; baseline 0.002 -20"><span class='ocrx_word' id='word_1_639' title='bbox 2230 4089 2425 4133; x_wconf 63' lang='lat' dir='ltr'><strong>mror.</strong></span> <span class='ocrx_word' id='word_1_640' title='bbox 2475 4067 2740 4130; x_wconf 89' lang='lat' dir='ltr'><strong>Iudicem</strong></span> <span class='ocrx_word' id='word_1_641' title='bbox 2786 4068 2967 4132; x_wconf 88' lang='lat' dir='ltr'><strong>habet</strong></span> <span class='ocrx_word' id='word_1_642' title='bbox 3020 4069 3134 4131; x_wconf 87' lang='lat' dir='ltr'><strong>iste</strong></span> <span class='ocrx_word' id='word_1_643' title='bbox 3193 4070 3383 4149; x_wconf 86' lang='lat' dir='ltr'><strong>locus,</strong></span> <span class='ocrx_word' id='word_1_644' title='bbox 3426 4074 3480 4130; x_wconf 74' lang='grc' dir='ltr'>ἐν</span> <span class='ocrx_word' id='word_1_645' title='bbox 3510 4073 3657 4150; x_wconf 78' lang='grc' dir='ltr'>ἄλλῳ</span> <span class='ocrx_word' id='word_1_646' title='bbox 3701 4074 3850 4151; x_wconf 86' lang='lat' dir='ltr'><strong>(scil.</strong></span> 
     </span>
    </p>
   </div>
   <div class='ocr_carea' id='block_1_68' title="bbox 466 4156 2086 4246">
    <p class='ocr_par' dir='ltr' id='par_1_68' title="bbox 466 4156 2086 4246">
     <span class='ocr_line' id='line_1_68' title="bbox 466 4156 2086 4246; baseline 0.007 -32"><span class='ocrx_word' id='word_1_647' title='bbox 466 4157 789 4235; x_wconf 83' lang='grc' dir='ltr'>συνείδομεν.</span> <span class='ocrx_word' id='word_1_648' title='bbox 836 4156 1066 4220; x_wconf 85' lang='lat' dir='ltr'><strong>Rursus</strong></span> <span class='ocrx_word' id='word_1_649' title='bbox 1096 4156 1197 4219; x_wconf 85' lang='lat' dir='ltr'><strong>fol.</strong></span> <span class='ocrx_word' id='word_1_650' title='bbox 1227 4158 1344 4218; x_wconf 81' lang='lat'><strong>156</strong></span> <span class='ocrx_word' id='word_1_651' title='bbox 1374 4166 1513 4220; x_wconf 88' lang='lat' dir='ltr'><strong>ante</strong></span> <span class='ocrx_word' id='word_1_652' title='bbox 1549 4160 1727 4223; x_wconf 91' lang='lat' dir='ltr'><strong>istum</strong></span> <span class='ocrx_word' id='word_1_653' title='bbox 1773 4172 2086 4246; x_wconf 82' lang='lat' dir='ltr'><strong>suspectun</strong></span> 
     </span>
    </p>
   </div>
   <div class='ocr_carea' id='block_1_69' title="bbox 2230 4156 3850 4246">
    <p class='ocr_par' dir='ltr' id='par_1_69' title="bbox 2230 4158 3850 4242">
     <span class='ocr_line' id='line_1_69' title="bbox 2230 4158 3850 4242; baseline 0.009 -29"><span class='ocrx_word' id='word_1_654' title='bbox 2230 4159 2503 4240; x_wconf 72' lang='grc' dir='ltr'>ντιγρὰφῳ</span> <span class='ocrx_word' id='word_1_655' title='bbox 2528 4158 2685 4238; x_wconf 80' lang='lat' dir='ltr'><strong>Ergo</strong></span> <span class='ocrx_word' id='word_1_656' title='bbox 2717 4158 2859 4221; x_wconf 91' lang='lat' dir='ltr'><strong>olim</strong></span> <span class='ocrx_word' id='word_1_657' title='bbox 2886 4158 3118 4222; x_wconf 80' lang='lat' dir='ltr'><strong>videtur</strong></span> <span class='ocrx_word' id='word_1_658' title='bbox 3147 4159 3411 4225; x_wconf 80' lang='lat' dir='ltr'><strong>abfuisse</strong></span> <span class='ocrx_word' id='word_1_659' title='bbox 3438 4181 3473 4225; x_wconf 89' lang='lat' dir='ltr'><strong>a</strong></span> <span class='ocrx_word' id='word_1_660' title='bbox 3497 4164 3850 4242; x_wconf 90' lang='lat' dir='ltr'><strong>quibusdam</strong></span> 
     </span>
    </p>
   </div>
   <div class='ocr_carea' id='block_1_70' title="bbox 469 4246 2089 4336">
    <p class='ocr_par' dir='ltr' id='par_1_70' title="bbox 469 4248 2089 4336">
     <span class='ocr_line' id='line_1_70' title="bbox 469 4248 2089 4336; baseline 0.003 -27"><span class='ocrx_word' id='word_1_661' title='bbox 469 4248 664 4311; x_wconf 90' lang='lat' dir='ltr'><strong>locum</strong></span> <span class='ocrx_word' id='word_1_662' title='bbox 697 4249 821 4309; x_wconf 92' lang='lat' dir='ltr'><strong>hac</strong></span> <span class='ocrx_word' id='word_1_663' title='bbox 854 4258 989 4309; x_wconf 89' lang='lat' dir='ltr'><strong>nota</strong></span> <span class='ocrx_word' id='word_1_664' title='bbox 1022 4248 1272 4326; x_wconf 83' lang='lat' dir='ltr'><strong>legitur:</strong></span> <span class='ocrx_word' id='word_1_665' title='bbox 1308 4248 1482 4329; x_wconf 78' lang='grc' dir='ltr'>’Ἔχει</span> <span class='ocrx_word' id='word_1_666' title='bbox 1507 4248 1560 4306; x_wconf 73' lang='grc' dir='ltr'><strong>δὲ</strong></span> <span class='ocrx_word' id='word_1_667' title='bbox 1584 4254 1670 4308; x_wconf 84' lang='grc' dir='ltr'>καὶ</span> <span class='ocrx_word' id='word_1_668' title='bbox 1703 4255 1767 4310; x_wconf 81' lang='grc' dir='ltr'><strong>τὰ</strong></span> <span class='ocrx_word' id='word_1_669' title='bbox 1798 4254 1851 4311; x_wconf 70' lang='grc' dir='ltr'>ἐν</span> <span class='ocrx_word' id='word_1_670' title='bbox 1882 4261 1960 4329; x_wconf 85' lang='grc' dir='ltr'>τῷ</span> <span class='ocrx_word' id='word_1_671' title='bbox 1988 4278 2089 4336; x_wconf 87' lang='grc' dir='ltr'><strong>προ</strong></span> 
     </span>
    </p>
   </div>
   <div class='ocr_carea' id='block_1_71' title="bbox 760 4246 2380 4336">
    <p class='ocr_par' dir='ltr' id='par_1_71' title="bbox 760 4246 2380 4336">
     <span class='ocr_line' id='line_1_71' title="bbox 760 4246 2380 4336; baseline 0.002 -27"><span class='ocrx_word' id='word_1_672' title='bbox 760 4266 821 4309; x_wconf 89' lang='lat' dir='ltr'><strong>ec</strong></span> <span class='ocrx_word' id='word_1_673' title='bbox 854 4258 989 4309; x_wconf 89' lang='lat' dir='ltr'><strong>nota</strong></span> <span class='ocrx_word' id='word_1_674' title='bbox 1022 4248 1272 4326; x_wconf 82' lang='lat' dir='ltr'><strong>legitur:</strong></span> <span class='ocrx_word' id='word_1_675' title='bbox 1308 4248 1482 4329; x_wconf 79' lang='grc' dir='ltr'>’Ἔχει</span> <span class='ocrx_word' id='word_1_676' title='bbox 1507 4248 1560 4306; x_wconf 69' lang='grc' dir='ltr'><strong>δὲ</strong></span> <span class='ocrx_word' id='word_1_677' title='bbox 1584 4254 1670 4308; x_wconf 84' lang='grc' dir='ltr'>καὶ</span> <span class='ocrx_word' id='word_1_678' title='bbox 1703 4255 1767 4310; x_wconf 81' lang='grc' dir='ltr'><strong>τὰ</strong></span> <span class='ocrx_word' id='word_1_679' title='bbox 1798 4254 1851 4311; x_wconf 68' lang='grc' dir='ltr'>ἓν</span> <span class='ocrx_word' id='word_1_680' title='bbox 1882 4261 1960 4329; x_wconf 84' lang='grc' dir='ltr'>τῷ</span> <span class='ocrx_word' id='word_1_681' title='bbox 1988 4278 2117 4336; x_wconf 87' lang='grc' dir='ltr'>προ-</span> <span class='ocrx_word' id='word_1_682' title='bbox 2201 4246 2380 4312; x_wconf 88' lang='lat' dir='ltr'><strong>codd.</strong></span> 
     </span>
    </p>
   </div>
   <div class='ocr_carea' id='block_1_72' title="bbox 463 4336 3855 4427">
    <p class='ocr_par' dir='ltr' id='par_1_72' title="bbox 463 4336 3855 4427">
     <span class='ocr_line' id='line_1_72' title="bbox 463 4336 3855 4427; baseline 0.006 -32"><span class='ocrx_word' id='word_1_683' title='bbox 463 4340 820 4418; x_wconf 74' lang='grc' dir='ltr'>γεγραμμένῳ</span> <span class='ocrx_word' id='word_1_684' title='bbox 862 4338 1032 4419; x_wconf 74' lang='grc' dir='ltr'>λόγῳ,</span> <span class='ocrx_word' id='word_1_685' title='bbox 1077 4342 1150 4404; x_wconf 83' lang='grc' dir='ltr'>ὡς</span> <span class='ocrx_word' id='word_1_686' title='bbox 1185 4339 1239 4395; x_wconf 71' lang='grc' dir='ltr'><strong>ἐν</strong></span> <span class='ocrx_word' id='word_1_687' title='bbox 1289 4342 1577 4418; x_wconf 70' lang='grc' dir='ltr'>παρκθήκῃ</span> <span class='ocrx_word' id='word_1_688' title='bbox 1607 4344 1897 4423; x_wconf 72' lang='grc' dir='ltr'>φερόμενα,</span> <span class='ocrx_word' id='word_1_689' title='bbox 1945 4347 2115 4403; x_wconf 79' lang='grc' dir='ltr'>καθά·</span> <span class='ocrx_word' id='word_1_690' title='bbox 2209 4426 2217 4427; x_wconf 17' lang='lat'><em>7</em></span> <span class='ocrx_word' id='word_1_691' title='bbox 2282 4336 2343 4418; x_wconf 76' lang='lat' dir='ltr'><strong>b)</strong></span> <span class='ocrx_word' id='word_1_692' title='bbox 2380 4344 2703 4419; x_wconf 76' lang='grc' dir='ltr'>Συναγωγήν</span> <span class='ocrx_word' id='word_1_693' title='bbox 2734 4342 2821 4397; x_wconf 71' lang='grc' dir='ltr'><strong>καὶ</strong></span> <span class='ocrx_word' id='word_1_694' title='bbox 2851 4340 3128 4424; x_wconf 76' lang='grc' dir='ltr'>ἐξήγησιν,</span> <span class='ocrx_word' id='word_1_695' title='bbox 3177 4346 3253 4399; x_wconf 72' lang='grc' dir='ltr'><strong>ὧν</strong></span> <span class='ocrx_word' id='word_1_696' title='bbox 3282 4346 3526 4421; x_wconf 65' lang='grc' dir='ltr'>ὶμνήσθη</span> <span class='ocrx_word' id='word_1_697' title='bbox 3557 4346 3798 4427; x_wconf 73' lang='grc' dir='ltr'>ἱστοριῶν</span> <span class='ocrx_word' id='word_1_698' title='bbox 3829 4349 3855 4403; x_wconf 73' lang='grc' dir='ltr'><em>δ</em></span> 
     </span>
    </p>
   </div>
   <div class='ocr_carea' id='block_1_73' title="bbox 463 4426 3856 4517">
    <p class='ocr_par' dir='ltr' id='par_1_73' title="bbox 463 4426 3856 4517">
     <span class='ocr_line' id='line_1_73' title="bbox 463 4426 3856 4517; baseline 0.005 -31"><span class='ocrx_word' id='word_1_699' title='bbox 463 4452 561 4509; x_wconf 84' lang='grc' dir='ltr'>περ</span> <span class='ocrx_word' id='word_1_700' title='bbox 604 4430 851 4509; x_wconf 79' lang='grc' dir='ltr'><strong>ἀνωτέρω</strong></span> <span class='ocrx_word' id='word_1_701' title='bbox 878 4432 935 4485; x_wconf 78' lang='grc' dir='ltr'><strong>ἐν</strong></span> <span class='ocrx_word' id='word_1_702' title='bbox 965 4434 1042 4503; x_wconf 72' lang='grc' dir='ltr'><strong>τῷ</strong></span> <span class='ocrx_word' id='word_1_703' title='bbox 1107 4429 1167 4485; x_wconf 76' lang='grc' dir='ltr'>ἐκ</span> <span class='ocrx_word' id='word_1_704' title='bbox 1212 4433 1311 4495; x_wconf 79' lang='grc' dir='ltr'>τῆς</span> <span class='ocrx_word' id='word_1_705' title='bbox 1371 4429 1548 4509; x_wconf 73' lang='grc' dir='ltr'>ἀρχῆς</span> <span class='ocrx_word' id='word_1_706' title='bbox 1578 4434 1816 4509; x_wconf 78' lang='grc' dir='ltr'>τετάρτῳ</span> <span class='ocrx_word' id='word_1_707' title='bbox 1845 4433 2114 4517; x_wconf 76' lang='grc' dir='ltr'>σελλιδίῳ,</span> <span class='ocrx_word' id='word_1_708' title='bbox 2144 4499 2183 4517; x_wconf 44' lang='grc' dir='ltr'>ἢ</span> <span class='ocrx_word' id='word_1_709' title='bbox 2203 4426 2257 4517; x_wconf 67' lang='grc' dir='ltr'>ἐν</span> <span class='ocrx_word' id='word_1_710' title='bbox 2297 4430 2467 4508; x_wconf 80' lang='grc' dir='ltr'>ἁγίοις</span> <span class='ocrx_word' id='word_1_711' title='bbox 2499 4431 2711 4511; x_wconf 78' lang='grc' dir='ltr'>Παντὴρ</span> <span class='ocrx_word' id='word_1_712' title='bbox 2740 4432 2897 4507; x_wconf 75' lang='grc' dir='ltr'>ἡμῶν</span> <span class='ocrx_word' id='word_1_713' title='bbox 2931 4436 3220 4513; x_wconf 83' lang='grc' dir='ltr'>Γρηγόριος</span> <span class='ocrx_word' id='word_1_714' title='bbox 3251 4433 3308 4489; x_wconf 69' lang='grc' dir='ltr'>ἓν</span> <span class='ocrx_word' id='word_1_715' title='bbox 3348 4436 3426 4511; x_wconf 76' lang='grc' dir='ltr'>τῷ</span> <span class='ocrx_word' id='word_1_716' title='bbox 3459 4436 3545 4502; x_wconf 80' lang='grc' dir='ltr'><strong>Εἷς</strong></span> <span class='ocrx_word' id='word_1_717' title='bbox 3578 4437 3643 4492; x_wconf 76' lang='grc' dir='ltr'><strong>τὰ</strong></span> <span class='ocrx_word' id='word_1_718' title='bbox 3697 4444 3856 4493; x_wconf 60' lang='lat' dir='ltr'><strong>Nm</strong></span> 
     </span>
    </p>
   </div>
   <div class='ocr_carea' id='block_1_74' title="bbox 464 4495 2084 4606">
    <p class='ocr_par' dir='ltr' id='par_1_74' title="bbox 464 4495 2084 4601">
     <span class='ocr_line' id='line_1_74' title="bbox 464 4495 2084 4601; baseline 0.004 -26"><span class='ocrx_word' id='word_1_719' title='bbox 464 4495 544 4581; x_wconf 46' lang='lat' dir='ltr'><strong>(bc.</strong></span> <span class='ocrx_word' id='word_1_720' title='bbox 582 4495 1026 4594; x_wconf 65' lang='grc' dir='ltr'>ἰσημειίοσάμεθα</span> <span class='ocrx_word' id='word_1_721' title='bbox 1077 4518 1268 4580; x_wconf 77' lang='grc' dir='ltr'>οὕτως.</span> <span class='ocrx_word' id='word_1_722' title='bbox 1582 4495 1799 4601; x_wconf 74' lang='lat' dir='ltr'><strong>incipit</strong></span> <span class='ocrx_word' id='word_1_723' title='bbox 1834 4524 1920 4585; x_wconf 91' lang='lat' dir='ltr'><strong>sic</strong></span> <span class='ocrx_word' id='word_1_724' title='bbox 1958 4546 1973 4588; x_wconf 89' lang='lat'>:</span> <span class='ocrx_word' id='word_1_725' title='bbox 2021 4495 2084 4584; x_wconf 38' lang='grc' dir='ltr'>Κλ</span> 
     </span>
    </p>
   </div>
   <div class='ocr_carea' id='block_1_75' title="bbox 2232 4495 3852 4606">
    <p class='ocr_par' dir='ltr' id='par_1_75' title="bbox 2232 4495 3852 4606">
     <span class='ocr_line' id='line_1_75' title="bbox 2232 4495 3852 4606; baseline -0.002 -19"><span class='ocrx_word' id='word_1_726' title='bbox 2232 4495 2369 4606; x_wconf 63' lang='grc' dir='ltr'>ὑγιεί,</span> <span class='ocrx_word' id='word_1_727' title='bbox 2418 4520 2476 4577; x_wconf 83' lang='grc' dir='ltr'>οὗ</span> <span class='ocrx_word' id='word_1_728' title='bbox 2508 4495 2735 4601; x_wconf 50' lang='grc' dir='ltr'><strong>ἡάρχῖἱ·</strong></span> <span class='ocrx_word' id='word_1_729' title='bbox 2764 4495 2939 4579; x_wconf 38' lang='grc' dir='ltr'>’έιάκιν</span> <span class='ocrx_word' id='word_1_730' title='bbox 2968 4495 3487 4606; x_wconf 52' lang='grc' dir='ltr'><strong>διτιξιοῖἶςξίηοὶρῖιε</strong></span> <span class='ocrx_word' id='word_1_731' title='bbox 3519 4495 3577 4583; x_wconf 77' lang='lat' dir='ltr'><strong>ot</strong></span> <span class='ocrx_word' id='word_1_732' title='bbox 3614 4526 3852 4606; x_wconf 73' lang='grc' dir='ltr'>θεολόγοι</span> 
     </span>
    </p>
   </div>
   <div class='ocr_carea' id='block_1_76' title="bbox 463 4601 2083 4684">
    <p class='ocr_par' dir='ltr' id='par_1_76' title="bbox 463 4605 2083 4684">
     <span class='ocr_line' id='line_1_76' title="bbox 463 4605 2083 4684; baseline 0.002 -21"><span class='ocrx_word' id='word_1_733' title='bbox 463 4609 513 4664; x_wconf 83' lang='grc' dir='ltr'><strong>τί</strong></span> <span class='ocrx_word' id='word_1_734' title='bbox 556 4605 640 4663; x_wconf 77' lang='grc' dir='ltr'><strong>δεῖ</strong></span> <span class='ocrx_word' id='word_1_735' title='bbox 682 4629 773 4681; x_wconf 90' lang='grc' dir='ltr'><strong>μοι</strong></span> <span class='ocrx_word' id='word_1_736' title='bbox 825 4606 1089 4663; x_wconf 82' lang='grc' dir='ltr'>πλειόνων</span> <span class='ocrx_word' id='word_1_737' title='bbox 1122 4606 1428 4684; x_wconf 80' lang='grc' dir='ltr'>ἐγκαινίων,</span> <span class='ocrx_word' id='word_1_738' title='bbox 1493 4606 1723 4670; x_wconf 86' lang='lat' dir='ltr'><strong>Desinit</strong></span> <span class='ocrx_word' id='word_1_739' title='bbox 1755 4610 1852 4673; x_wconf 74' lang='lat' dir='ltr'><strong>fol,</strong></span> <span class='ocrx_word' id='word_1_740' title='bbox 1911 4612 2023 4675; x_wconf 72' lang='grc'><strong>127</strong></span> <span class='ocrx_word' id='word_1_741' title='bbox 2056 4615 2083 4675; x_wconf 77' lang='grc' dir='ltr'>ί]</span> 
     </span>
    </p>
   </div>
   <div class='ocr_carea' id='block_1_77' title="bbox 1014 4601 2634 4684">
    <p class='ocr_par' dir='ltr' id='par_1_77' title="bbox 1017 4601 2634 4684">
     <span class='ocr_line' id='line_1_77' title="bbox 1017 4601 2634 4684; baseline 0.004 -23"><span class='ocrx_word' id='word_1_742' title='bbox 1017 4628 1089 4661; x_wconf 88' lang='grc' dir='ltr'>ων</span> <span class='ocrx_word' id='word_1_743' title='bbox 1122 4606 1428 4684; x_wconf 77' lang='grc' dir='ltr'>ἐγκαινίων,</span> <span class='ocrx_word' id='word_1_744' title='bbox 1493 4606 1723 4670; x_wconf 85' lang='lat' dir='ltr'><strong>Desinit</strong></span> <span class='ocrx_word' id='word_1_745' title='bbox 1755 4610 1852 4673; x_wconf 66' lang='grc' dir='ltr'><strong>ἴοι,</strong></span> <span class='ocrx_word' id='word_1_746' title='bbox 1911 4612 2023 4675; x_wconf 72' lang='grc'><strong>127</strong></span> <span class='ocrx_word' id='word_1_747' title='bbox 2056 4615 2116 4676; x_wconf 76' lang='lat' dir='ltr'><strong>in</strong></span> <span class='ocrx_word' id='word_1_748' title='bbox 2201 4611 2306 4664; x_wconf 78' lang='grc' dir='ltr'><strong>τῶν</strong></span> <span class='ocrx_word' id='word_1_749' title='bbox 2341 4601 2634 4681; x_wconf 75' lang='grc' dir='ltr'>Ἐλλήνων,</span> 
     </span>
    </p>
   </div>
   <div class='ocr_carea' id='block_1_78' title="bbox 470 4695 3853 4787">
    <p class='ocr_par' dir='ltr' id='par_1_78' title="bbox 470 4695 3853 4787">
     <span class='ocr_line' id='line_1_78' title="bbox 470 4695 3853 4787; baseline 0.002 -29"><span class='ocrx_word' id='word_1_750' title='bbox 470 4695 695 4762; x_wconf 82' lang='lat' dir='ltr'><strong>verbis.</strong></span> <span class='ocrx_word' id='word_1_751' title='bbox 772 4696 1277 4761; x_wconf 78' lang='grc' dir='ltr'>ἆπαθανατισοέντες</span> <span class='ocrx_word' id='word_1_752' title='bbox 1348 4700 1435 4754; x_wconf 86' lang='grc' dir='ltr'>καὶ</span> <span class='ocrx_word' id='word_1_753' title='bbox 1508 4706 1625 4774; x_wconf 86' lang='grc' dir='ltr'><strong>Θεῴ</strong></span> <span class='ocrx_word' id='word_1_754' title='bbox 1698 4701 2114 4772; x_wconf 61' lang='grc' dir='ltr'>πλησιάσαντες.</span> <span class='ocrx_word' id='word_1_755' title='bbox 2282 4698 2340 4779; x_wconf 91' lang='lat' dir='ltr'><strong>c)</strong></span> <span class='ocrx_word' id='word_1_756' title='bbox 2373 4700 2663 4780; x_wconf 79' lang='grc' dir='ltr'>Ἐξήγησιν</span> <span class='ocrx_word' id='word_1_757' title='bbox 2703 4703 2945 4783; x_wconf 78' lang='grc' dir='ltr'>ἱστοριῶν</span> <span class='ocrx_word' id='word_1_758' title='bbox 2976 4708 3081 4762; x_wconf 81' lang='grc' dir='ltr'>τῶν</span> <span class='ocrx_word' id='word_1_759' title='bbox 3110 4704 3165 4762; x_wconf 80' lang='grc' dir='ltr'>ἐν</span> <span class='ocrx_word' id='word_1_760' title='bbox 3195 4710 3273 4782; x_wconf 87' lang='grc' dir='ltr'>τῷ</span> <span class='ocrx_word' id='word_1_761' title='bbox 3306 4707 3503 4787; x_wconf 70' lang='grc' dir='ltr'>πρώτῳ</span> <span class='ocrx_word' id='word_1_762' title='bbox 3560 4706 3853 4776; x_wconf 66' lang='grc' dir='ltr'>Στηλιτιυ-</span> 
     </span>
    </p>
   </div>
   <div class='ocr_carea' id='block_1_79' title="bbox 465 4784 2085 4872">
    <p class='ocr_par' dir='ltr' id='par_1_79' title="bbox 465 4784 2080 4872">
     <span class='ocr_line' id='line_1_79' title="bbox 465 4784 2080 4872; baseline 0.004 -24"><span class='ocrx_word' id='word_1_763' title='bbox 465 4785 606 4848; x_wconf 91' lang='lat' dir='ltr'><strong>Post</strong></span> <span class='ocrx_word' id='word_1_764' title='bbox 638 4784 747 4846; x_wconf 88' lang='lat' dir='ltr'><strong>ista</strong></span> <span class='ocrx_word' id='word_1_765' title='bbox 774 4784 955 4872; x_wconf 80' lang='lat' dir='ltr'><strong>verba</strong></span> <span class='ocrx_word' id='word_1_766' title='bbox 986 4786 1156 4848; x_wconf 91' lang='lat' dir='ltr'><strong>tertia</strong></span> <span class='ocrx_word' id='word_1_767' title='bbox 1192 4794 1330 4848; x_wconf 91' lang='lat' dir='ltr'><strong>nota</strong></span> <span class='ocrx_word' id='word_1_768' title='bbox 1360 4788 1656 4869; x_wconf 88' lang='lat' dir='ltr'><strong>repetitur</strong></span> <span class='ocrx_word' id='word_1_769' title='bbox 1695 4811 1708 4853; x_wconf 92' lang='lat'>:</span> <span class='ocrx_word' id='word_1_770' title='bbox 1742 4792 1947 4851; x_wconf 72' lang='lat' dir='ltr'><strong>&quot;Ec&#39;cw</strong></span> <span class='ocrx_word' id='word_1_771' title='bbox 1978 4796 2080 4854; x_wconf 83' lang='grc' dir='ltr'><strong>ὑπο</strong></span> 
     </span>
    </p>
   </div>
   <div class='ocr_carea' id='block_1_80' title="bbox 1667 4784 3287 4872">
    <p class='ocr_par' dir='ltr' id='par_1_80' title="bbox 1695 4788 3287 4872">
     <span class='ocr_line' id='line_1_80' title="bbox 1695 4788 3287 4872; baseline 0.001 -19"><span class='ocrx_word' id='word_1_772' title='bbox 1695 4811 1708 4853; x_wconf 87' lang='lat'>:</span> <span class='ocrx_word' id='word_1_773' title='bbox 1742 4792 1947 4851; x_wconf 76' lang='grc' dir='ltr'>’Ἔστιν</span> <span class='ocrx_word' id='word_1_774' title='bbox 1978 4796 2117 4854; x_wconf 80' lang='grc' dir='ltr'>ὑπο·-</span> <span class='ocrx_word' id='word_1_775' title='bbox 2201 4798 2355 4866; x_wconf 80' lang='grc' dir='ltr'>τικῷ.</span> <span class='ocrx_word' id='word_1_776' title='bbox 2385 4788 2601 4871; x_wconf 85' lang='lat' dir='ltr'><strong>Incipit</strong></span> <span class='ocrx_word' id='word_1_777' title='bbox 2627 4808 2641 4854; x_wconf 77' lang='grc' dir='ltr'>ζ</span> <span class='ocrx_word' id='word_1_778' title='bbox 2672 4795 2845 4872; x_wconf 81' lang='grc' dir='ltr'>Λὸγος</span> <span class='ocrx_word' id='word_1_779' title='bbox 2868 4793 3287 4863; x_wconf 74' lang='grc' dir='ltr'>στηλιτευτικός.</span> 
     </span>
    </p>
   </div>
   <div class='ocr_carea' id='block_1_81' title="bbox 463 4865 3846 4972">
    <p class='ocr_par' dir='ltr' id='par_1_81' title="bbox 463 4865 3846 4972">
     <span class='ocr_line' id='line_1_81' title="bbox 463 4865 3846 4972; baseline 0.004 -39"><span class='ocrx_word' id='word_1_780' title='bbox 463 4875 643 4933; x_wconf 82' lang='grc' dir='ltr'>Θέσϐαι</span> <span class='ocrx_word' id='word_1_781' title='bbox 686 4886 777 4936; x_wconf 80' lang='grc' dir='ltr'>τοῦ</span> <span class='ocrx_word' id='word_1_782' title='bbox 822 4865 1002 4955; x_wconf 76' lang='grc' dir='ltr'>Ἀγίου</span> <span class='ocrx_word' id='word_1_783' title='bbox 1060 4877 1206 4933; x_wconf 76' lang='grc' dir='ltr'>εἶναι</span> <span class='ocrx_word' id='word_1_784' title='bbox 1276 4880 1362 4933; x_wconf 83' lang='grc' dir='ltr'><strong>καὶ</strong></span> <span class='ocrx_word' id='word_1_785' title='bbox 1420 4865 1605 4935; x_wconf 68' lang='grc' dir='ltr'>ταῦτα·</span> <span class='ocrx_word' id='word_1_786' title='bbox 1667 4881 1850 4952; x_wconf 78' lang='grc' dir='ltr'>ἐπειδὴ</span> <span class='ocrx_word' id='word_1_787' title='bbox 1918 4886 2018 4965; x_wconf 80' lang='grc' dir='ltr'><strong>γὰρ</strong></span> <span class='ocrx_word' id='word_1_788' title='bbox 2090 4889 2119 4944; x_wconf 81' lang='grc' dir='ltr'>ὁ</span> <span class='ocrx_word' id='word_1_789' title='bbox 2284 4865 2340 4953; x_wconf 85' lang='lat' dir='ltr'><strong>(l)</strong></span> <span class='ocrx_word' id='word_1_790' title='bbox 2376 4865 2626 4961; x_wconf 72' lang='grc' dir='ltr'>Ἱστορίας</span> <span class='ocrx_word' id='word_1_791' title='bbox 2678 4865 2775 4943; x_wconf 45' lang='grc' dir='ltr'>τοῖς</span> <span class='ocrx_word' id='word_1_792' title='bbox 2801 4883 3043 4967; x_wconf 81' lang='grc' dir='ltr'>δευτέρου</span> <span class='ocrx_word' id='word_1_793' title='bbox 3097 4886 3535 4955; x_wconf 77' lang='grc' dir='ltr'>Στηλιτευτικοῦ.</span> <span class='ocrx_word' id='word_1_794' title='bbox 3588 4888 3846 4972; x_wconf 79' lang='lat' dir='ltr'><strong>Incipit:</strong></span> 
     </span>
    </p>
   </div>
   <div class='ocr_carea' id='block_1_82' title="bbox 463 4965 2742 5054">
    <p class='ocr_par' dir='ltr' id='par_1_82' title="bbox 463 4965 2742 5054">
     <span class='ocr_line' id='line_1_82' title="bbox 463 4965 2742 5054; baseline 0.005 -31"><span class='ocrx_word' id='word_1_795' title='bbox 463 4967 648 5045; x_wconf 80' lang='grc' dir='ltr'>Πατὴρ</span> <span class='ocrx_word' id='word_1_796' title='bbox 690 4968 781 5023; x_wconf 80' lang='grc' dir='ltr'>τὸν</span> <span class='ocrx_word' id='word_1_797' title='bbox 834 4967 1067 5047; x_wconf 75' lang='grc' dir='ltr'>παρόντα</span> <span class='ocrx_word' id='word_1_798' title='bbox 1116 4965 1274 5047; x_wconf 80' lang='grc' dir='ltr'>λόγον</span> <span class='ocrx_word' id='word_1_799' title='bbox 1330 4967 1583 5050; x_wconf 75' lang='grc' dir='ltr'>σχεδίως,</span> <span class='ocrx_word' id='word_1_800' title='bbox 1632 4970 1721 5029; x_wconf 73' lang='grc' dir='ltr'>ἅτε</span> <span class='ocrx_word' id='word_1_801' title='bbox 1781 4973 1864 5031; x_wconf 78' lang='grc' dir='ltr'><strong>ἐπ’</strong></span> <span class='ocrx_word' id='word_1_802' title='bbox 1910 4976 2117 5045; x_wconf 70' lang='grc' dir='ltr'><strong>ἱκκλη-</strong></span> <span class='ocrx_word' id='word_1_803' title='bbox 2202 4968 2451 5051; x_wconf 79' lang='grc' dir='ltr'><strong>Ἀριάδνη</strong></span> <span class='ocrx_word' id='word_1_804' title='bbox 2487 4975 2742 5054; x_wconf 84' lang='grc' dir='ltr'>θυγὰτηρ.</span> 
     </span>
    </p>
   </div>
   <div class='ocr_carea' id='block_1_83' title="bbox 461 5058 2081 5149">
    <p class='ocr_par' dir='ltr' id='par_1_83' title="bbox 461 5058 2080 5146">
     <span class='ocr_line' id='line_1_83' title="bbox 461 5058 2080 5146; baseline 0.006 -32"><span class='ocrx_word' id='word_1_805' title='bbox 461 5059 599 5131; x_wconf 85' lang='grc' dir='ltr'>σίας,</span> <span class='ocrx_word' id='word_1_806' title='bbox 635 5058 1073 5139; x_wconf 69' lang='grc' dir='ltr'>προσεφώνησεν,</span> <span class='ocrx_word' id='word_1_807' title='bbox 1108 5059 1246 5125; x_wconf 76' lang='grc' dir='ltr'>εἰκὸς</span> <span class='ocrx_word' id='word_1_808' title='bbox 1281 5062 1419 5135; x_wconf 80' lang='grc' dir='ltr'>μετὰ</span> <span class='ocrx_word' id='word_1_809' title='bbox 1450 5068 1602 5119; x_wconf 73' lang='grc' dir='ltr'>τοῦτο</span> <span class='ocrx_word' id='word_1_810' title='bbox 1647 5065 1803 5120; x_wconf 69' lang='grc' dir='ltr'>αὐτὸν</span> <span class='ocrx_word' id='word_1_811' title='bbox 1848 5064 2080 5146; x_wconf 84' lang='grc' dir='ltr'>σχολαιό</span> 
     </span>
    </p>
   </div>
   <div class='ocr_carea' id='block_1_84' title="bbox 2227 5058 3847 5149">
    <p class='ocr_par' dir='ltr' id='par_1_84' title="bbox 2279 5060 3847 5149">
     <span class='ocr_line' id='line_1_84' title="bbox 2279 5060 3847 5149; baseline 0.006 -26"><span class='ocrx_word' id='word_1_812' title='bbox 2279 5060 2352 5123; x_wconf 87' lang='grc' dir='ltr'><strong>Ν.</strong></span> <span class='ocrx_word' id='word_1_813' title='bbox 2408 5061 2607 5125; x_wconf 85' lang='lat' dir='ltr'><strong>Codex</strong></span> <span class='ocrx_word' id='word_1_814' title='bbox 2660 5065 2783 5143; x_wconf 84' lang='lat'><strong>(17)</strong></span> <span class='ocrx_word' id='word_1_815' title='bbox 2835 5065 3355 5149; x_wconf 86' lang='lat' dir='ltr'><strong>membranaceus,</strong></span> <span class='ocrx_word' id='word_1_816' title='bbox 3399 5086 3533 5131; x_wconf 85' lang='lat' dir='ltr'><strong>sac.</strong></span> <span class='ocrx_word' id='word_1_817' title='bbox 3572 5089 3608 5131; x_wconf 91' lang='lat' dir='ltr'><strong>x</strong></span> <span class='ocrx_word' id='word_1_818' title='bbox 3651 5078 3751 5132; x_wconf 86' lang='lat' dir='ltr'><strong>aut</strong></span> <span class='ocrx_word' id='word_1_819' title='bbox 3796 5090 3847 5135; x_wconf 84' lang='lat' dir='ltr'><strong>1x</strong></span> 
     </span>
    </p>
   </div>
   <div class='ocr_carea' id='block_1_85' title="bbox 462 5146 2082 5240">
    <p class='ocr_par' dir='ltr' id='par_1_85' title="bbox 462 5146 2082 5232">
     <span class='ocr_line' id='line_1_85' title="bbox 462 5146 2082 5232; baseline 0.008 -29"><span class='ocrx_word' id='word_1_820' title='bbox 462 5170 614 5218; x_wconf 88' lang='grc' dir='ltr'>τερον</span> <span class='ocrx_word' id='word_1_821' title='bbox 648 5146 863 5205; x_wconf 74' lang='grc' dir='ltr'>διελθὼν</span> <span class='ocrx_word' id='word_1_822' title='bbox 894 5148 1194 5204; x_wconf 65' lang='grc' dir='ltr'>ἀθετεῖσθαι</span> <span class='ocrx_word' id='word_1_823' title='bbox 1226 5157 1393 5207; x_wconf 83' lang='grc' dir='ltr'>ταῦτα</span> <span class='ocrx_word' id='word_1_824' title='bbox 1421 5150 1703 5220; x_wconf 74' lang='grc' dir='ltr'>ἠθέλησεν.</span> <span class='ocrx_word' id='word_1_825' title='bbox 1732 5152 1881 5213; x_wconf 73' lang='grc' dir='ltr'>Οὕτω</span> <span class='ocrx_word' id='word_1_826' title='bbox 1912 5155 2082 5232; x_wconf 79' lang='grc' dir='ltr'>μᾶλλο</span> 
     </span>
    </p>
   </div>
   <div class='ocr_carea' id='block_1_86' title="bbox 2223 5146 3843 5240">
    <p class='ocr_par' dir='ltr' id='par_1_86' title="bbox 2223 5146 3843 5240">
     <span class='ocr_line' id='line_1_86' title="bbox 2223 5146 3843 5240; baseline 0.008 -29"><span class='ocrx_word' id='word_1_827' title='bbox 2223 5152 2760 5235; x_wconf 69' lang='lat' dir='ltr'><strong>:cripttts,foliorum</strong></span> <span class='ocrx_word' id='word_1_828' title='bbox 2780 5157 3124 5221; x_wconf 78' lang='lat' dir='ltr'><strong>cccmv.Est</strong></span> <span class='ocrx_word' id='word_1_829' title='bbox 3152 5146 3423 5237; x_wconf 83' lang='lat' dir='ltr'><strong>ejusdem</strong></span> <span class='ocrx_word' id='word_1_830' title='bbox 3453 5158 3843 5240; x_wconf 88' lang='lat' dir='ltr'><strong>bibliotheca,</strong></span> 
     </span>
    </p>
   </div>
   <div class='ocr_carea' id='block_1_87' title="bbox 462 5237 2082 5320">
    <p class='ocr_par' dir='ltr' id='par_1_87' title="bbox 462 5237 1189 5317">
     <span class='ocr_line' id='line_1_87' title="bbox 462 5237 1189 5317; baseline 0.004 -24"><span class='ocrx_word' id='word_1_831' title='bbox 462 5237 572 5316; x_wconf 76' lang='grc' dir='ltr'>ἐγὼ</span> <span class='ocrx_word' id='word_1_832' title='bbox 601 5239 717 5317; x_wconf 87' lang='grc' dir='ltr'>περὶ</span> <span class='ocrx_word' id='word_1_833' title='bbox 746 5238 947 5295; x_wconf 82' lang='grc' dir='ltr'>τούτων</span> <span class='ocrx_word' id='word_1_834' title='bbox 977 5238 1189 5308; x_wconf 73' lang='grc' dir='ltr'><strong>εἰκάζω.</strong></span> 
     </span>
    </p>
   </div>
   <div class='ocr_carea' id='block_1_88' title="bbox 2225 5237 3845 5320">
    <p class='ocr_par' dir='ltr' id='par_1_88' title="bbox 2225 5237 3845 5320">
     <span class='ocr_line' id='line_1_88' title="bbox 2225 5237 3845 5320; baseline 0.007 -17"><span class='ocrx_word' id='word_1_835' title='bbox 2225 5262 2260 5303; x_wconf 95' lang='lat' dir='ltr'><strong>n</strong></span> <span class='ocrx_word' id='word_1_836' title='bbox 2302 5243 3073 5320; x_wconf 86' lang='lat' dir='ltr'><strong>fol.,num.LXV.Continet</strong></span> <span class='ocrx_word' id='word_1_837' title='bbox 3102 5264 3162 5310; x_wconf 72' lang='grc' dir='ltr'>ιι</span> <span class='ocrx_word' id='word_1_838' title='bbox 3194 5247 3495 5312; x_wconf 88' lang='lat' dir='ltr'><strong>orationes</strong></span> <span class='ocrx_word' id='word_1_839' title='bbox 3526 5268 3657 5313; x_wconf 90' lang='lat' dir='ltr'><strong>cum</strong></span> <span class='ocrx_word' id='word_1_840' title='bbox 3672 5237 3845 5314; x_wconf 44' lang='lat' dir='ltr'><strong>scito;</strong></span> 
     </span>
    </p>
   </div>
   <div class='ocr_carea' id='block_1_89' title="bbox 548 5395 2648 5485">
    <p class='ocr_par' dir='ltr' id='par_1_89' title="bbox 548 5395 2648 5485">
     <span class='ocr_line' id='line_1_89' title="bbox 548 5395 2648 5485; baseline 0.005 -26"><span class='ocrx_word' id='word_1_841' title='bbox 548 5398 669 5485; x_wconf 72' lang='grc' dir='ltr'>ς14)</span> <span class='ocrx_word' id='word_1_842' title='bbox 703 5395 1031 5485; x_wconf 62' lang='lat' dir='ltr'><strong>Hiccodex</strong></span> <span class='ocrx_word' id='word_1_843' title='bbox 1058 5398 1118 5458; x_wconf 93' lang='lat' dir='ltr'><strong>in</strong></span> <span class='ocrx_word' id='word_1_844' title='bbox 1150 5398 1358 5479; x_wconf 89' lang='lat' dir='ltr'><strong>primis</strong></span> <span class='ocrx_word' id='word_1_845' title='bbox 1381 5400 1600 5479; x_wconf 81' lang='lat' dir='ltr'><strong>dignus</strong></span> <span class='ocrx_word' id='word_1_846' title='bbox 1625 5403 1835 5485; x_wconf 88' lang='lat' dir='ltr'><strong>estqui</strong></span> <span class='ocrx_word' id='word_1_847' title='bbox 1864 5423 1897 5466; x_wconf 90' lang='lat' dir='ltr'><strong>a</strong></span> <span class='ocrx_word' id='word_1_848' title='bbox 1927 5406 2123 5472; x_wconf 84' lang='lat' dir='ltr'><strong>futuro</strong></span> <span class='ocrx_word' id='word_1_849' title='bbox 2204 5405 2360 5469; x_wconf 90' lang='lat' dir='ltr'><strong>rime</strong></span> <span class='ocrx_word' id='word_1_850' title='bbox 2389 5406 2648 5485; x_wconf 85' lang='lat' dir='ltr'><strong>scriptis.</strong></span> 
     </span>
    </p>
   </div>
   <div class='ocr_carea' id='block_1_90' title="bbox 465 5477 3851 5561">
    <p class='ocr_par' dir='ltr' id='par_1_90' title="bbox 465 5477 3851 5561">
     <span class='ocr_line' id='line_1_90' title="bbox 465 5477 3851 5561; baseline 0.006 -22"><span class='ocrx_word' id='word_1_851' title='bbox 465 5477 1056 5561; x_wconf 77' lang='lat' dir='ltr'><strong>editore_dilige_n_ter</strong></span> <span class='ocrx_word' id='word_1_852' title='bbox 1099 5477 1478 5561; x_wconf 77' lang='lat' dir='ltr'><strong>comparetur</strong></span> <span class='ocrx_word' id='word_1_853' title='bbox 1510 5501 1644 5544; x_wconf 90' lang='lat' dir='ltr'><strong>cum</strong></span> <span class='ocrx_word' id='word_1_854' title='bbox 1680 5477 1877 5549; x_wconf 78' lang='lat' dir='ltr'><strong>editis.</strong></span> <span class='ocrx_word' id='word_1_855' title='bbox 2290 5491 2338 5554; x_wconf 91' lang='lat' dir='ltr'><strong>(l</strong></span> <span class='ocrx_word' id='word_1_856' title='bbox 2361 5490 2414 5559; x_wconf 84' lang='grc'>’7)</span> <span class='ocrx_word' id='word_1_857' title='bbox 2446 5477 2670 5549; x_wconf 72' lang='grc' dir='ltr'><strong>Α’ΐοιὶο</strong></span> <span class='ocrx_word' id='word_1_858' title='bbox 2702 5489 2819 5550; x_wconf 77' lang='lat'><strong>209</strong></span> <span class='ocrx_word' id='word_1_859' title='bbox 2851 5489 2924 5551; x_wconf 90' lang='lat' dir='ltr'><strong>ad</strong></span> <span class='ocrx_word' id='word_1_860' title='bbox 2954 5489 3072 5552; x_wconf 77' lang='lat'><strong>216</strong></span> <span class='ocrx_word' id='word_1_861' title='bbox 3099 5490 3364 5553; x_wconf 83' lang='lat' dir='ltr'><strong>secunda</strong></span> <span class='ocrx_word' id='word_1_862' title='bbox 3396 5510 3605 5555; x_wconf 87' lang='lat' dir='ltr'><strong>manus</strong></span> <span class='ocrx_word' id='word_1_863' title='bbox 3634 5511 3851 5559; x_wconf 85' lang='lat' dir='ltr'><strong>sac.xv</strong></span> 
     </span>
    </p>
   </div>
   <div class='ocr_carea' id='block_1_91' title="bbox 548 5557 3002 5649">
    <p class='ocr_par' dir='ltr' id='par_1_91' title="bbox 548 5557 3002 5649">
     <span class='ocr_line' id='line_1_91' title="bbox 548 5557 3002 5649; baseline 0.006 -31"><span class='ocrx_word' id='word_1_864' title='bbox 548 5557 879 5649; x_wconf 55' lang='lat' dir='ltr'><strong>(tEitEtiam</strong></span> <span class='ocrx_word' id='word_1_865' title='bbox 913 5559 1008 5620; x_wconf 87' lang='lat' dir='ltr'><strong>hic</strong></span> <span class='ocrx_word' id='word_1_866' title='bbox 1042 5557 1349 5622; x_wconf 54' lang='lat' dir='ltr'><strong>codex&#39;est</strong></span> <span class='ocrx_word' id='word_1_867' title='bbox 1382 5582 1535 5625; x_wconf 91' lang='lat' dir='ltr'><strong>unus</strong></span> <span class='ocrx_word' id='word_1_868' title='bbox 1567 5583 1634 5626; x_wconf 87' lang='lat' dir='ltr'><strong>ex</strong></span> <span class='ocrx_word' id='word_1_869' title='bbox 1666 5565 2123 5646; x_wconf 88' lang='lat' dir='ltr'><strong>diligentissime</strong></span> <span class='ocrx_word' id='word_1_870' title='bbox 2206 5587 2339 5649; x_wconf 91' lang='lat' dir='ltr'><strong>qua</strong></span> <span class='ocrx_word' id='word_1_871' title='bbox 2382 5557 2730 5649; x_wconf 85' lang='lat' dir='ltr'><strong>exciderant</strong></span> <span class='ocrx_word' id='word_1_872' title='bbox 2758 5570 3002 5649; x_wconf 90' lang='lat' dir='ltr'><strong>adjecit.</strong></span> 
     </span>
    </p>
   </div>
   <div class='ocr_carea' id='block_1_92' title="bbox 467 5637 3842 5735">
    <p class='ocr_par' dir='ltr' id='par_1_92' title="bbox 467 5637 3842 5735">
     <span class='ocr_line' id='line_1_92' title="bbox 467 5637 3842 5735; baseline 0.007 -39"><span class='ocrx_word' id='word_1_873' title='bbox 467 5637 776 5735; x_wconf 43' lang='lat' dir='ltr'><strong>scriptis&#39;.&quot;</strong></span> <span class='ocrx_word' id='word_1_874' title='bbox 923 5726 933 5735; x_wconf 74' lang='lat'><strong>_</strong></span> <span class='ocrx_word' id='word_1_875' title='bbox 1488 5724 1521 5735; x_wconf 18' lang='grc' dir='ltr'><strong>Α.</strong></span> <span class='ocrx_word' id='word_1_876' title='bbox 1594 5725 1607 5735; x_wconf 40' lang='lat'><em>.</em></span> <span class='ocrx_word' id='word_1_877' title='bbox 1775 5637 1804 5646; x_wconf 56' lang='grc'>⁷</span> <span class='ocrx_word' id='word_1_878' title='bbox 1916 5729 1929 5735; x_wconf 86' lang='lat'><strong>_</strong></span> <span class='ocrx_word' id='word_1_879' title='bbox 1975 5730 1986 5735; x_wconf 24' lang='grc' dir='ltr'><strong>Α</strong></span> <span class='ocrx_word' id='word_1_880' title='bbox 2284 5651 2407 5726; x_wconf 89' lang='grc'>(18)</span> <span class='ocrx_word' id='word_1_881' title='bbox 2438 5648 2730 5735; x_wconf 68' lang='lat' dir='ltr'><strong>Scholiaa</strong></span> <span class='ocrx_word' id='word_1_882' title='bbox 2760 5637 2939 5735; x_wconf 63' lang='lat' dir='ltr'><strong>manu</strong></span> <span class='ocrx_word' id='word_1_883' title='bbox 2964 5650 3285 5735; x_wconf 80' lang='lat' dir='ltr'><strong>recentiori</strong></span> <span class='ocrx_word' id='word_1_884' title='bbox 3304 5653 3527 5735; x_wconf 84' lang='lat' dir='ltr'><strong>scripta</strong></span> <span class='ocrx_word' id='word_1_885' title='bbox 3554 5652 3842 5720; x_wconf 80' lang='lat' dir='ltr'><strong>videntur.</strong></span> 
     </span>
    </p>
   </div>
   <div class='ocr_carea' id='block_1_93' title="bbox 549 5716 3845 5821">
    <p class='ocr_par' dir='ltr' id='par_1_93' title="bbox 549 5716 3845 5821">
     <span class='ocr_line' id='line_1_93' title="bbox 549 5716 3845 5821; baseline 0.008 -45"><span class='ocrx_word' id='word_1_886' title='bbox 549 5720 666 5790; x_wconf 85' lang='lat'><strong>(16)</strong></span> <span class='ocrx_word' id='word_1_887' title='bbox 707 5716 816 5778; x_wconf 87' lang='lat' dir='ltr'><strong>Hic</strong></span> <span class='ocrx_word' id='word_1_888' title='bbox 851 5726 941 5780; x_wconf 88' lang='lat' dir='ltr'><strong>est</strong></span> <span class='ocrx_word' id='word_1_889' title='bbox 985 5737 1145 5780; x_wconf 90' lang='lat' dir='ltr'><strong>unus</strong></span> <span class='ocrx_word' id='word_1_890' title='bbox 1165 5740 1233 5781; x_wconf 86' lang='lat' dir='ltr'><strong>ex</strong></span> <span class='ocrx_word' id='word_1_891' title='bbox 1252 5721 1709 5803; x_wconf 84' lang='lat' dir='ltr'><strong>diligentissime</strong></span> <span class='ocrx_word' id='word_1_892' title='bbox 1737 5736 1797 5791; x_wconf 91' lang='lat' dir='ltr'><strong>et</strong></span> <span class='ocrx_word' id='word_1_893' title='bbox 1832 5729 2115 5810; x_wconf 87' lang='lat' dir='ltr'><strong>puicher-</strong></span> <span class='ocrx_word' id='word_1_894' title='bbox 2199 5716 2371 5811; x_wconf 72' lang='lat' dir='ltr'><strong>Saepe</strong></span> <span class='ocrx_word' id='word_1_895' title='bbox 2387 5716 2580 5794; x_wconf 83' lang='lat' dir='ltr'><strong>etiam</strong></span> <span class='ocrx_word' id='word_1_896' title='bbox 2610 5730 2806 5794; x_wconf 82' lang='lat' dir='ltr'><strong>alieno</strong></span> <span class='ocrx_word' id='word_1_897' title='bbox 2830 5731 2962 5794; x_wconf 91' lang='lat' dir='ltr'><strong>loco</strong></span> <span class='ocrx_word' id='word_1_898' title='bbox 2987 5732 3283 5812; x_wconf 77' lang='lat' dir='ltr'><strong>leguntur.</strong></span> <span class='ocrx_word' id='word_1_899' title='bbox 3346 5716 3621 5818; x_wconf 67' lang='lat' dir='ltr'><strong>Exempli</strong></span> <span class='ocrx_word' id='word_1_900' title='bbox 3651 5716 3845 5821; x_wconf 53' lang='lat' dir='ltr'><strong>causa;</strong></span> 
     </span>
    </p>
   </div>
  </div>
