4102 6422
304 275 422 341 945

1515 278 1617 340 AD
1659 277 1719 339 S.
1767 270 2136 340 GREGOBII
2177 277 2404 340 ORAT.
2451 274 2478 337 Ι

3569 283 3692 354 946

297 415 492 490 ηγορίᾳ
573 421 679 469 τῶν
749 410 1010 492 ἀδελφῶν.
1062 418 1227 468 Τοῦτο
1284 411 1385 490 γὰρ
1442 408 1705 475 ἇπόδειξις
1735 411 1935 490 ἀγαθῆς

2027 409 2187 471 enim
2220 423 2638 490 argumentum
2662 421 2750 478 est
2770 414 2957 477 animi
2973 433 3112 496 erga
3140 435 3248 482 eos
3280 417 3437 483 bene
3465 423 3688 485 affecti.

295 503 411 579 περὶ
471 501 656 567 αὖτοὺς
712 501 1016 566 διαθέσεως,
1055 508 1154 556 Δεῖ
1197 500 1297 579 γὰρ
1326 501 1414 556 καὶ
1451 513 1570 563 τοῖς
1602 498 1820 580 ἐχθροῖς
1851 500 1946 557 λέ-

295 613 407 669 γειν
476 594 560 664 τὸ,
627 588 690 648 ἐὶ
723 589 961 672 ἆδελιροὶ,
1022 591 1110 646 καὶ
1162 591 1239 665 μὴ
1301 590 1461 664 μόνον
1491 603 1608 651 τοῖς
1640 589 1707 645 δι’
1734 591 1949 668 ἀγάπην

297 703 348 736 τι
407 683 759 749 πεποιηκόσιν
816 679 849 748 ἤ
913 679 1226 752 πεπονθόσι,
1285 679 1465 757 ὥσπερ
1519 682 1565 736 οἱ
1594 678 1647 737 ἐν
1683 687 1954 755 Ναζιανζῷ

301 773 389 828 καὶ
431 771 688 838 ἒποίησάν
738 794 788 828 τι
847 759 915 826 δι’
973 769 1190 847 ἀγάπην
1239 770 1326 826 καὶ
1385 767 1599 830 ἔπαθον,
1657 767 1952 837 Ἐποίησαν

302 860 400 936 μὲν
431 861 530 938 γὰρ
586 863 686 928 τῆν
728 862 858 939 πρὸς
915 861 1004 915 τὸν
1039 858 1300 937 Θεολόγον
1324 866 1510 916 τοῦτον
1541 858 1750 938 Πατέρα
1781 860 1956 939 παρά-

302 949 493 1018 κλησιν
583 952 688 1028 (1),
742 950 833 1006 ἵνα
882 950 980 1018 τὴν
1041 949 1330 1028 ἱερωσύνην
1427 947 1776 1016 καταδέξηται
1867 950 1953 1006 καὶ

301 1041 543 1118 ποιμάνῃ
604 1039 688 1119 (2)
764 1039 974 1101 αὐτούς.
1022 1037 1272 1095 ’Ἒπαθυν
1302 1036 1355 1094 δὲ
1385 1039 1446 1094 τὸ
1492 1038 1570 1114 μὴ
1604 1040 1953 1107 εἰσακουσθῆ-

299 1153 384 1186 ναι
448 1129 572 1200 παρ’
623 1129 802 1192 αὒτοῦ.
882 1131 980 1187 Καὶ
1024 1137 1089 1188 αὖ
1137 1127 1296 1184 πάλιν
1327 1129 1482 1192 αὐτὸς
1514 1127 1674 1186 ἔπαθε
1704 1129 1804 1197 τὴν
1833 1131 1952 1207 βίαν

299 1221 387 1277 καὶ
417 1221 636 1288 εποίησε
668 1219 764 1288 τὴν
793 1220 1108 1278 εὐπείθειαν.

384 1497 508 1560 Col.
539 1497 656 1560 395
685 1495 735 1558 Α
763 1496 822 1560 7.
859 1498 1391 1576 Συγχωρήσωμενη.
1436 1517 1503 1552 τα
1512 1517 1773 1575 χυτητος.
1800 1503 1946 1575 Συγ-

2034 500 2180 561 Nam
2215 501 2487 563 hostibus
2517 521 2758 584 quoque
2788 503 3110 567 dicendum
3139 514 3254 570 est:
3283 505 3331 570 Ο
3361 507 3595 588 fratres,
3631 520 3690 576 et

2034 606 2152 680 non
2186 589 2280 650 his
2333 600 2583 666 tantum,
2618 593 2719 673 qui
2772 602 3016 675 propter
3064 595 3423 659 charitatem
3469 599 3688 680 aliquid

2033 677 2182 738 fecer
2198 686 2307 740 unt
2326 690 2426 742 aut
2450 681 2606 763 passi
2628 677 3692 762 sunt,quemadmodumNazianzenis

2036 769 2500 851 contigerat,qui
2531 779 2776 853 propter
2797 773 3148 838 charitatem
3175 774 3398 856 aliquid
3422 778 3692 842 fecerant

2037 864 2094 918 et
2127 859 2284 936 passi
2317 858 2567 922 fuerant:
2593 861 2859 924 fecerant
2888 862 3074 944 enim,
3106 871 3396 944 quatenus
3425 866 3694 928 Theolo-

2035 966 2172 1024 gum
2200 947 2413 1010 hortati
2472 950 2727 1027 fuerant,
2755 951 2846 1013 vel
2876 953 3073 1034 potius
3129 953 3568 1034 compulerant,
3626 963 3692 1019 ut

2035 1037 2434 1100 sacerdotium
2461 1041 2817 1122 susciperet,
2862 1042 3142 1124 ipsosque
3176 1052 3472 1123 pasceret.
3524 1046 3687 1109 Passi

2033 1135 2229 1187 autem
2259 1128 2514 1204 fuerant,
2550 1139 2839 1212 quatenus
2868 1132 2927 1192 id
2953 1131 3026 1194 ab
3053 1151 3124 1194 eo
3157 1151 3534 1214 nequaquam
3566 1135 3689 1196 im-

2034 1224 2426 1295 petraverant.
2489 1221 2722 1283 Rursus
2779 1221 2906 1302 ipse
2952 1229 3011 1283 et
3038 1221 3156 1283 vim
3193 1239 3405 1302 passus
3437 1231 3584 1305 erat,
3629 1231 3689 1286 et

2031 1323 2237 1368 rursus
2259 1307 2562 1384 intulerat,
2595 1310 2754 1390 quod
2791 1327 3017 1372 morem
3047 1311 3194 1391 ipsis
3223 1329 3436 1391 gerere
3480 1313 3685 1376 detre-

2032 1403 2272 1458 ctasset.

2109 1485 2507 1550 Remittamus
2529 1489 2603 1552 ob
2653 1493 3164 1554 resurrectionem
3215 1513 3423 1556 omnes
3452 1495 3682 1576 culpas,

300 1589 642 1667 χωρήσωμεν
669 1586 752 1642 διὰ
781 1586 880 1653 τὴν
913 1583 1227 1642 Ἀνάστασιν
1258 1587 1390 1663 πρὸς
1426 1583 1510 1666 (3)
1533 1587 1599 1643 τὰ
1630 1586 1935 1663 αἰτιάματα,

2031 1591 2178 1669 quas
2203 1576 2487 1669 utrinque
2513 1579 2779 1660 objicere
2804 1582 3407 1661 possumus.Veniam
3429 1584 3530 1645 alii
3551 1584 3684 1646 aliis

298 1663 344 1732 ἂν
391 1663 593 1755 ἔχομεν
646 1673 912 1746 ἀλλήλους
943 1676 1227 1754 αἰτιᾶσθαι,
1262 1663 1444 1751 δῶμεν
1476 1679 1800 1754 συγγνώμην
1835 1675 1935 1732 ἆλ-

2027 1663 2258 1755 demus,
2292 1665 2458 1739 vobis
2480 1669 2725 1749 quidem
2759 1687 2892 1749 ego,
2928 1671 3026 1752 qui
3059 1691 3093 1734 a
3123 1671 3291 1734 vobis
3345 1682 3576 1736 rectam
3629 1680 3688 1736 et

296 1752 510 1845 λήλοίς,
546 1768 676 1841 ὑμῖν
735 1767 832 1840 μεν
855 1764 986 1842 ἐγὼ,
1038 1765 1066 1820 6
1098 1752 1222 1843 παρ⁵
1279 1765 1427 1840 ὑμῶν
1471 1752 1563 1845 (4)
1594 1752 1935 1841 ντυραννηθεὶς

2027 1752 2389 1845 laudabilem
2424 1757 2537 1818 vim
2571 1777 2890 1839 perpessus
2920 1764 3212 1822 sum.Jam
3237 1763 3395 1824 enim
3427 1762 3541 1823 hoc
3572 1762 3687 1823 ad-

295 1857 395 1923 τὴν
452 1842 621 1923 καλὴν
667 1853 962 1934 τυραννίδα.
1026 1853 1190 1912 Τοῦτο
1222 1855 1321 1932 γὰρ
1353 1862 1438 1912 νῦν
1481 1842 1796 1932 προστίθημι
1838 1855 1935 1930 (5),

2027 1842 2189 1934 iicio,
2226 1845 2512 1908 nimirum
2543 1849 2701 1925 quod
2730 1851 2817 1910 vis
2843 1849 2968 1911 haec
2999 1849 3174 1912 nobis
3202 1851 3404 1924 allata,
3439 1851 3596 1913 bona
3629 1859 3688 1914 et

295 1945 378 2001 ὅτι
423 1944 563 2014 καλή
615 1931 756 2001 ἐστιν
809 1942 941 2009 αῦτη
1005 1946 1038 2012 ἡ
1097 1931 1360 2020 τυραννίς*
1412 1943 1526 2001 ἐπεὶ
1561 1946 1818 2024 πρότερον
1851 1947 1935 2002 οὒκ

2029 1931 2328 2024 laudanda
2348 1935 2432 2024 psit
2469 1957 2483 1998 :
2540 1937 2821 2017 quoniam
2877 1947 3014 2000 ante
3046 1939 3505 2022 haudquaquam
3536 1940 3687 2002 mihi

294 2032 468 2091 ἐδόκει
517 2057 610 2109 μοι
661 2034 826 2112 καλὴ,
900 2032 1036 2090 ἀλλὰ
1093 2034 1263 2110 βιαία,
1325 2033 1462 2092 ἀλλὰ
1491 2022 1935 2113 ἀσύμφοροιΚα-

2030 2022 2184 2084 bona
2211 2023 2752 2102 videbatur,verum
2781 2046 2932 2090 saeva
2963 2037 3020 2090 et
3043 2029 3681 2092 incommoda.Bonam

293 2123 396 2192 λήν
454 2121 508 2179 δὲ
578 2124 742 2192 αὖτῆν
802 2132 887 2181 νῦν
947 2123 1112 2200 λέγω,
1174 2124 1246 2185 ὡς
1276 2123 1383 2180 ἀπὸ
1431 2123 1710 2189 διαθέσεως
1741 2124 1935 2204 ἀγαθῆς

2029 2120 2223 2204 autem
2254 2114 2528 2177 eamdem
2559 2136 2719 2178 nunc
2749 2116 3119 2199 dico,utpote
3140 2137 3175 2182 a
3198 2118 3353 2181 bono
3377 2119 3562 2180 animi
3587 2119 3683 2180 af—

292 2214 685 2294 γεγενημένην,
744 2205 927 2289 Ὑμεῖς
960 2212 1014 2269 δὲ
1063 2211 1222 2268 πάλιν
1265 2210 1382 2269 δότε
1437 2213 1759 2291 συγγνώμην
1793 2201 1935 2290 ἐμοὶ,

2029 2201 2185 2294 fectu
2221 2212 2441 2294 natam.
2477 2204 2597 2269 Vos
2635 2217 2828 2269 autem
2865 2208 3124 2270 vicissim
3156 2209 3303 2270 mihi
3361 2208 3680 2288 ignoscite,

293 2303 349 2360 εἴ
403 2304 453 2360 τί
499 2327 588 2379 μοι
649 2302 940 2382 μέμφοισθε
984 2303 1081 2370 τῆς
1115 2299 1466 2380 βραδυτῆτος,
1501 2304 1589 2358 καὶ
1619 2301 1700 2359 ὅτι
1727 2302 1821 2360 οῦκ
1851 2304 1935 2359 αύ-

2029 2292 2078 2351 si
2132 2292 2277 2369 quid
2315 2312 2445 2355 mea
2494 2315 2597 2357 vos
2632 2297 2878 2358 tarditas
2930 2297 3270 2373 offenderit,
3306 2307 3364 2360 et
3394 2299 3533 2379 quia
3563 2317 3684 2359 non

291 2394 411 2450 τίκα
469 2393 761 2471 ἐπέδραμον
841 2391 1193 2467 καλούμενος.
1297 2393 1567 2471 Καίτοιγε,
1631 2394 1804 2452 εἶκαὶ
1863 2395 1935 2469 μὴ

2027 2385 2317 2465 statim,ut
2345 2395 2584 2450 vocatus
2614 2408 2768 2469 sum,
2803 2391 3056 2453 accurri.
3097 2392 3452 2472 Quanquam
3485 2391 3535 2452 si
3565 2409 3685 2452 non

289 2483 416 2560 παρ’
484 2485 636 2562 ὑμῖν,
684 2482 822 2538 ἀλλὰ
866 2488 942 2555 τῷ
1001 2487 1117 2554 Θεῷ
1160 2481 1235 2554 (6)
1266 2501 1517 2559 κρειττων
1549 2482 1685 2538 ἐστὶν
1716 2481 1935 2549 ῆλελο-

2027 2474 2176 2554 apud
2204 2483 2498 2548 vos,certe
2524 2478 2874 2558 apudDeum
2904 2481 3280 2558 praestantior
3305 2488 3394 2542 est
3415 2480 3678 2541 circum-

288 2574 518 2650 γισμένη
591 2571 724 2642 αῦτη
772 2571 1058 2650 βραδυτὴς,
1125 2572 1269 2648 παρὰ
1293 2571 1390 2638 τὴν
1423 2571 1618 2650 ἐτέρων
1647 2572 1935 2652 ἀπερίσκε-

2027 2572 2229 2643 specta
2261 2564 2389 2627 haec
2413 2566 2656 2629 tarditas
2687 2567 2942 2630 aliorum
2979 2569 3316 2631 inconsulta
3347 2569 3676 2632 celeritate.

281 2685 414 2719 πτον
446 2685 589 2742 ταχυ
605 2667 745 2731 τῆτα
757 2710 767 2721 .

374 2751 522 2814 Ibid.
604 2753 702 2813 ια.
816 2753 1100 2829 Λγαθὸν...
1199 2749 1442 2825 δύναμιν.
1551 2749 1944 2822 Κατασκευσίζει

295 2841 538 2916 ἐνταῦθα,
600 2842 679 2897 ὅτι
771 2841 1044 2921 ἀμφότερα
1135 2839 1424 2902 ἐπαινετῶς
1511 2839 1752 2906 ἐποίησε,

292 2936 572 3011 πρότερον,
630 2933 728 2998 τὴν
783 2929 1151 3010 ἂναχώρησιν,
1201 2927 1284 2983 διά
1314 2932 1373 2984 τὸ
1405 2927 1701 3008 φοϐηθῆναι
1730 2929 1791 2984 τὰ
1835 2930 1936 3005 μέ·-

295 3025 446 3099 γεθος
493 3021 591 3088 τῆς
643 3020 930 3098 ἱερωσύνης
989 3020 1078 3074 καὶ
1108 3016 1369 3097 δεύτερον,
1399 3019 1496 3086 τὴν
1541 3017 1816 3091 ἐπάνοδον,
1851 3017 1936 3074 διὰ

286 3115 347 3166 τὸ
433 3112 508 3183 μὴ
566 3122 875 3190 περιπεσεῖν
933 3115 1009 3182 τῷ
1038 3113 1137 3175 τῆς
1169 3108 1436 3171 ἀπειθείας
1467 3107 1788 3186 ἐγκλήματι,
1837 3109 1934 3166 Καὶ

286 3200 352 3254 τὰ
402 3198 799 3277 παραδείγματα
855 3203 957 3265 τῆς
1009 3219 1067 3253 τε
1154 3193 1475 3274 βραδυτῆτος
1531 3196 1615 3277 (Ἰ)
1700 3199 1787 3252 καὶ
1835 3203 1933 3264 τῆς

286 3291 594 3367 προθυμίλς,
651 3291 756 3344 ἀπὸ
810 3293 910 3355 τῆς
935 3286 1166 3365 ἱστορίας
1222 3284 1478 3360 λαμϐάνει
1538 3288 1636 3353 τῆς
1671 3285 1928 3352 Παλαιᾶς,

283 3379 507 3456 Ἀγαθὸν
539 3380 660 3458 γὰρ,
716 3379 870 3456 φησὶ,
920 3377 1011 3433 καὶ
1059 3383 1120 3431 τὸ
1175 3376 1528 3454 ὑποχωρῆσαι.
1559 3376 1690 3453 πρὸς
1754 3374 1932 3453 ὀλίγον

281 3471 368 3524 καὶ
430 3468 528 3535 τὴν
585 3469 906 3546 προστασίαν
990 3466 1440 3545 παραιτήσασθαι,
1526 3464 1624 3520 κᾶν
1692 3465 1846 3531 αῦτὸς
1904 3469 1931 3522 6

286 3560 415 3622 Θεὸς
478 3557 693 3634 κελεύῃ,
751 3559 842 3613 καὶ
877 3559 1022 3620 αὖθις
1079 3557 1140 3611 τὸ
1191 3552 1574 3634 προσδραμεῖν,
1642 3556 1738 3613 Καὶ
1767 3562 1934 3612 ταῦτα

284 3652 378 3707 οὒκ
436 3651 591 3714 αὐτὸς
661 3647 1005 3723 αναπλάττω,
1037 3644 1159 3702 ἀλλ’
1211 3646 1432 3722 εὑρίσκω
1462 3647 1549 3702 καὶ
1581 3648 1672 3703 τὸν
1709 3649 1934 3703 Μωϋσέα

286 3741 373 3795 καὶ
430 3740 521 3794 τὸν
573 3738 828 3816 Ἱερεμίαν
897 3733 1388 3811 ἀποστελλομένους
1447 3735 1589 3813 παρὰ
1643 3736 1737 3790 τοῦ
1776 3741 1929 3809 Θεοῦ,

284 3832 374 3885 καὶ
434 3827 911 3906 παραιτουμένους.
977 3817 1034 3883 Ὀ
1093 3825 1188 3901 μὲν
1238 3825 1336 3903 γάρ
1383 3825 1594 3891 Μοϋσῆς
1638 3823 1932 3899 κελευόμε-

281 3939 371 3981 νος
429 3919 572 3994 παρα
647 3913 731 3995 (8)
769 3925 861 3973 τοῦ
892 3923 1024 3973 Θεοῦ
1053 3915 1182 3990 πρὸς
1212 3913 1410 3991 Φαραὼ
1433 3912 1685 3969 ἀπελθεῖν
1713 3910 1935 3990 βασιλέα

1199 2747 1442 2825 δύναμιν.

1135 2837 1424 2902 ἐπαινετῶς

2109 2656 2346 2716 Bonum
2377 2662 2538 2719 enim
2559 2666 2664 2733 est,
2698 2661 3158 2739 etc.Ulrumque
3180 2677 3244 2720 se
3269 2668 3437 2720 recte
3462 2677 3531 2720 ac
3552 2659 3684 2720 lau-

2028 2743 2308 2806 dabiliter
2330 2745 2544 2807 fecisse
2574 2749 2905 2823 conﬁrmat,
2941 2757 3063 2812 tum
3096 2748 3256 2828 quod
3277 2749 3442 2829 prius
3469 2766 3677 2811 seces-

1844 2841 2001 2904 Καὶα
2029 2833 2197 2907 serit,
2233 2836 2554 2898 sacerdotii
2586 2837 3059 2917 magnitudinem
3092 2838 3512 2919 reformidans,
3547 2846 3674 2900 tum

2024 2924 2179 3003 quod
2208 2933 2413 3004 postea
2439 2943 2718 2988 reversus
2751 2928 2933 3002 sit,ne
2957 2929 3020 2989 in
3052 2929 3279 2990 crimen
3313 2927 3676 2990 inobedien-

2017 3014 2115 3075 tiae
2171 3014 2760 3096 incurreret.§Atque
2785 3018 3054 3097 exempla
3089 3017 3322 3079 timoris
3353 3026 3414 3079 et
3461 3016 3675 3079 alacri-

2019 3103 2152 3164 tatis
2183 3124 2214 3166 a
2245 3103 2856 3166 VeterisTestamenti
2888 3106 3134 3168 historia
3155 3106 3674 3190 desuimit.Bonum

2019 3193 2176 3253 enim
2218 3203 2329 3258 est.
2359 3194 2576 3274 inquit,
2608 3204 2665 3256 et
2693 3193 2763 3256 ad
2819 3195 3060 3276 aliquod
3095 3204 3335 3276 tempus
3365 3196 3676 3267 recedere,

2016 3300 2085 3344 ac
2118 3283 2532 3362 praefecturam
2587 3285 2816 3364 fugere,
2853 3285 3086 3347 etiamsi
3129 3284 3287 3347 Deus
3319 3285 3450 3365 ipse
3481 3285 3540 3346 id
3568 3287 3675 3365 ju—

2022 3371 2246 3447 beat,et
2276 3393 2483 3436 rursus
2515 3393 2858 3438 accurrere.
2919 3373 3128 3454 Neque
3159 3376 3285 3436 haec
3341 3375 3485 3436 mihi
3545 3375 3676 3455 ipse

2020 3463 2176 3540 ﬁngo
2204 3486 2216 3537 ;
2257 3481 2458 3526 verum
2483 3474 2540 3526 et
2570 3467 2823 3540 Mosem,
2855 3472 2911 3525 et
2941 3463 3471 3546 Hieremiam,cum
3497 3483 3529 3525 a
3549 3463 3674 3526 Deo

2021 3554 2422 3630 mitterentur,
2461 3556 2614 3617 hanc
2638 3554 3009 3636 provinciam
3035 3573 3068 3615 a
3091 3573 3154 3615 se
3185 3554 3474 3633 rejecisse
3501 3573 3674 3622 com-

2022 3643 2210 3723 perio.
2245 3646 2442 3707 Moses
2468 3645 2795 3717 enim,cum
2818 3643 2872 3706 ei
2904 3664 2937 3706 a
2957 3644 3453 3725 Deoimperatum
3486 3654 3675 3726 esset,

2022 3741 2082 3794 ut
2110 3735 2484 3796 Pharaonem
2511 3735 2744 3816 Egypti
2767 3753 2971 3815 regem
3004 3733 3402 3815 adiret,eique
3449 3735 3682 3796 denun-

2019 3823 2191 3884 tiaret
2218 3833 2276 3883 ut
2309 3825 2496 3903 ipsius
2527 3826 2839 3905 populum,
2875 3826 2988 3886 hoc
3013 3833 3102 3886 est
3127 3823 3396 3898 Judaeos,
3431 3822 3687 3894 emitte:

2017 3921 2133 3985 ret,
2169 3913 2227 3974 id
2259 3913 2457 3974 facere
2480 3914 2819 3991 recusabat,
2847 3914 3181 3977 tarditatem
3230 3913 3446 3992 linguae
3475 3912 3672 3973 vocis-

283 4008 574 4084 Αἷγύπτου,
631 4008 719 4061 καὶ
774 4007 943 4061 εἰπεῖν
993 4007 1158 4084 αὐτῷ,
1219 4002 1311 4057 τίνα
1356 4001 1638 4079 ἀσοστείλῃ
1683 4003 1774 4058 τὸν
1803 4000 1932 4057 λαὸν

2027 4021 2136 4082 que
2156 4002 2548 4078 gracilitatem
2575 4022 2886 4078 excusans,
2912 4023 2982 4065 ac
3003 4003 3232 4065 dicens:
3257 4001 3676 4082 0bsecr0,Do-

283 4099 461 4168 αὐτοῦ,
513 4095 750 4154 τουτέστι
809 4095 929 4158 τοὺς
992 4091 1298 4167 Ἰουδαίους,
1366 4104 1686 4171 παρῃτεῖτο,
1717 4112 1928 4170 προφαο

2027 4092 2378 4173 γηίιηεβιίῃθ
2395 4091 2586 4154 alium
2607 4093 2842 4156 viribus
2873 4094 3385 4173 valentem,quem
3408 4090 3667 4155 mittasg.

284 4186 582 4260 σιζόμενος,
643 4183 723 4240 ὅτι
793 4181 1198 4263 βραδύγλωσσός
1252 4181 1362 4238 ἐστι
1416 4182 1504 4236 καὶ
1562 4179 1924 4260 ἰσχνόφωνος,

2027 4179 2348 4242 Hieremias
2404 4190 2624 4255 autem,
2681 4200 2814 4243 cum
2866 4182 2938 4244 ad
2990 4182 3480 4262 promulgandam
3521 4198 3674 4260 gen-

282 4277 365 4331 καὶ
424 4278 569 4334 εἷπε.
633 4274 858 4353 Δέομαι,
956 4272 1133 4348 Κύριε,
1221 4270 1556 4350 προχείρισαι
1616 4267 1778 4327 ἄλλον
1835 4267 1928 4326 δυ-

285 4366 533 4445 νάαενον,
601 4363 660 4422 ὅν
711 4361 1054 4426 ἀποστελεῖς.
1105 4361 1163 4420 Ὀ
1193 4359 1248 4416 δὲ
1279 4359 1538 4438 Ἱερεμίας
1574 4359 1930 4440 προφητεύειν

312 4457 324 4476 9
449 4457 458 4469 ‘
534 4453 556 4475 ν
884 4452 895 4476 1
1217 4452 1231 4470 ‘
1337 4451 1350 4470 ’
1529 4450 1543 4470 ν
1617 4447 1676 4472 PI

283 4476 354 4520 εις
409 4478 475 4512 τα
535 4458 656 4521 εθνη
713 4473 1084 4529 πεμπομενος,
1147 4473 1235 4506 και
1298 4452 1454 4514 αυτὸς
1520 4452 1808 4506 ανεοαλετο
1842 4447 1926 4529 (9)

281 4543 475 4622 λέγων.
529 4542 589 4602 ’0
643 4543 741 4616 ὧν,
821 4541 1068 4599 Δέσποτα
1125 4541 1302 4620 Κύριε,
1366 4539 1472 4598 ἱδοὺ
1516 4541 1610 4597 οὒκ
1641 4539 1928 4614 ἐπίσταμαι

276 4633 489 4707 λαλεῖν,
523 4634 604 4692 ὅτι
661 4633 915 4710 νεώτερος
991 4631 1100 4710 ἐγὼ
1156 4633 1288 4706 εἶμι,
1346 4639 1507 4690 Οὗτοι
1541 4631 1640 4706 μὲν
1692 4631 1780 4687 οῦν
1833 4650 1931 4684 κε-

276 4723 480 4781 λεύοντι
527 4728 604 4796 τῷ
657 4729 774 4798 Θεῷ
828 4721 1214 4802 ὑπεχώρησαν·
1273 4724 1299 4778 6
1331 4721 1452 4798 μὲν,
1486 4723 1546 4776 τὸ
1575 4717 1924 4798 βραδύ-γλωσ-

273 4835 365 4870 σον
430 4811 702 4884 δεδοικὼς,
762 4814 789 4868 6
820 4809 897 4885 δὲ,
949 4811 1048 4878 τὴν
1103 4811 1352 4878 νεότητα.
1387 4809 1446 4870 Ὀ
1486 4809 1540 4866 δὲ
1573 4809 1780 4887 Ἀαρών
1834 4810 1923 4865 καὶ

275 4894 529 4979 Ἠσαίας,
591 4900 839 4958 καλοῦντι
897 4906 974 4974 τῷ
1061 4908 1176 4976 Θεῷ
1254 4901 1479 4977 ἑτοίμως
1531 4897 1920 4979 προσέδραμον,

272 4991 332 5048 Ὀ
391 4993 485 5067 μὲν
539 4992 639 5071 γὰρ
699 4991 907 5070 Ἀαρὼν
962 4992 1193 5056 ἀκούσας
1241 4993 1384 5068 παρὰ
1447 4992 1656 5069 Κυρίου,
1719 4988 1924 5068 Πορεύ-

268 5083 389 5148 θητι
447 5083 518 5144 εἰς
573 5080 887 5148 συνάντησιν
948 5081 1182 5144 Μωσέως
1215 5082 1288 5144 εἰς
1319 5081 1419 5149 τῆν
1489 5079 1714 5160 ἔρημον,
1777 5080 1923 5142 εὐθὺς

271 5168 498 5244 ἐϐάδισε,
570 5173 658 5228 καὶ
716 5172 1043 5241 συνήντησεν
1115 5173 1281 5245 αὐτῷ,
1313 5169 1483 5246 μηδέν
1532 5192 1583 5227 τι
1614 5168 1923 5249 διακριθεὶς,

356 5309 383 5353 ²
408 5311 590 5374 Exod.
619 5327 704 5386 Iv,
758 5310 828 5371 l3
909 5308 943 5359 5
971 5304 1198 5371 Jerem.
1231 5324 1273 5381 ι,
1308 5308 1368 5371 6.
1458 5308 1487 5357 4
1519 5304 1708 5369 Exod.
1735 5320 1798 5382 v,
1825 5302 1931 5368 27.

352 5475 436 5551 (ί)
466 5475 619 5538 Ante
645 5475 737 5531 ἵνα
769 5471 941 5535 addit
963 5471 1000 5532 b
1026 5471 1228 5548 μᾶλλον
1261 5469 1316 5527 δὲ
1349 5472 1490 5550 βίαν,

464 5557 730 5632 ΙΙοιμαίνη
759 5554 817 5617 b.

356 5631 436 5716 (3)
462 5631 640 5694 Πάντα
673 5653 778 5716 pro
808 5634 942 5716 πρός
969 5631 1032 5716 Ι),
1064 5640 1254 5695 recte.

363 5713 446 5794 (4)
477 5718 540 5775 Ὀ
582 5713 706 5796 παρ’
752 5718 883 5790 ὑμῖν
929 5713 988 5796 Ῑ)ξ

366 5785 456 5879 (5)
491 5805 594 5857 Νῦν
625 5785 945 5876 προστίθημι
978 5794 1161 5857 habet
1192 5793 1368 5877 paulo
1396 5801 1528 5873 post
1565 5799 1704 5856 ante
1732 5789 1847 5846 ἐπεί
1869 5785 1932 5852 b.

2014 4269 2172 4330 tibus
2230 4271 2605 4350 prophetiam
2670 4270 3025 4350 mitteretur,
3101 4270 3494 4332 cunctabatur
3546 4270 3680 4350 ipse

2017 4379 2254 4441 quoque
2283 4359 2375 4421 his
2403 4359 2600 4421 verbis
2632 4368 2805 4421 utens
2839 4377 2853 4422 :
2885 4360 3010 4439 Qui
3053 4378 3140 4433 es,
3204 4360 3487 4434 Domine,
3539 4375 3676 4421 ecce

2016 4451 2216 4512 nescio
2248 4449 2418 4530 loqui
2447 4452 2595 4529 quia
2625 4449 3072 4512 adolescentior
3100 4467 3211 4532 ego
3237 4468 3372 4511 sum
3402 4450 3454 4509 5.
3491 4446 3674 4509 Vides

2018 4539 2519 4620 quemadmodum
2547 4539 2608 4601 hi
2639 4539 2747 4601 Dei
2773 4540 2944 4620 jussa
2967 4540 3380 4622 detrectarint,
3412 4547 3589 4619 atque
3611 4536 3671 4598 id

2020 4628 2284 4690 muneris
2297 4627 2690 4709 repudiarint,
2719 4629 2818 4690 ille
2834 4629 3168 4693 tarditatem
3189 4629 3407 4708 lingua;
3423 4627 3668 4702 veritus,

2016 4719 2108 4779 hic
2121 4719 2190 4779 ad
2202 4718 2696 4782 olescentiam.At
2709 4722 3057 4782 veroAaron
3075 4719 3340 4800 etlsaias,
3364 4738 3498 4781 cum
3513 4717 3671 4781 aDeo

2009 4816 2366 4870 vocarentur
2379 4825 2546 4888 prom
2557 4810 2669 4888 ptis
2680 4809 2898 4870 animis
2910 4807 3408 4874 accurrunt.Nam
3420 4809 3677 4870 cumAa—

2008 4898 2142 4959 roni
2165 4899 2326 4959 aDeo
2345 4897 2568 4958 dictum
2582 4896 2815 4960 fuisset:
2844 4900 3243 4978 Proﬁciscere
3255 4895 3671 4960 obviam/uoci

2010 4990 2076 5049 in
2091 4986 2779 5062 desertumﬁconfestim
2797 4987 2872 5047 ad
2884 4987 2999 5048 iter
3010 5005 3076 5048 se
3088 4986 3541 5064 accinxibatque
3555 4982 3674 5062 ipsi

2010 5074 2454 5148 occurrit,nihil
2477 5092 2684 5136 secum
2704 5073 3371 5155 disceptans,simulque
3391 5074 3455 5133 in
3486 5070 3670 5151 ngy-

2014 5174 2176 5247 ptum
2203 5163 2501 5245 profectus
2531 5172 2625 5229 est
2657 5185 2672 5225 :
2700 5164 2781 5226 ita
2809 5173 2898 5245 ut,
2923 5165 3091 5245 juxta
3141 5162 3410 5225 divinum
3443 5177 3663 5234 oracu-

2095 5460 2184 5541 (6)
2221 5461 2368 5541 Παρὰ
2397 5467 2475 5534 τῷ
2523 5463 2638 5536 Θεῷ
2663 5461 2722 5523 b.

2094 5539 2183 5620 (7)
2222 5540 2429 5605 Δειλίας
2465 5557 2572 5620 pro
2600 5542 2922 5620 βραδυτῆτος
2970 5539 3031 5602 b.

2124 5623 2190 5700 8)
2221 5620 2511 5702 Ὑπὸ-1οοο
2554 5624 2697 5702 παρά
2726 5622 2791 5682 b.

2124 5699 2186 5767 9)
2226 5699 2579 5759 Ἀνεϐαλλετο
2613 5699 2674 5765 ὖ.
