4102 6430
417 269 538 336 947

1714 270 2044 339 NICETAS
2086 269 2517 337 SERRONIUS

3684 270 3806 337 94-8

419 406 774 483 lum,Moses
794 409 1038 488 quidem
1071 411 1373 490 graciliter
1401 418 1462 474 et
1490 410 1651 474 tenui
1671 427 1813 472 voce
1838 408 1912 472 ad
1945 407 2062 469 Aa-

2163 407 2240 463 καὶ
2273 407 2623 487 συνεπορεύθη
2669 409 2741 473 είς
2773 407 3067 488 Αἴγυπτον,
3105 406 3281 468 ’Ὥστε
3314 410 3451 468 κατὰ
3492 411 3586 467 τὸν
3655 414 3808 466 θετον

421 513 635 559 ronem
658 496 1228 580 loqueretur,Aaron
1248 501 1630 566 autemMosis
1643 499 1822 562 verba
1836 499 1909 561 ad
1924 496 2075 559 Pha-

422 602 669 649 raonem
701 588 1109 671 populumque
1140 610 1350 671 magna
1396 598 1456 654 et
1486 590 1646 652 clara
1692 607 1837 652 voce
1887 596 2077 649 trans-

425 677 715 739 mitteret.
738 677 969 743 Eodem
1001 680 1181 743 modo
1213 681 1417 755 Isaias,
1451 698 1585 743 cum
1614 698 1780 757 eum,
1804 696 1980 761 quem
2014 675 2074 737 in

424 764 642 829 throno
667 766 903 830 excelso
943 776 1002 833 et
1032 771 1187 833 elato
1209 769 1588 852 conspicatus
1613 768 1830 850 fuerat,
1864 767 2075 830 dicen-

425 862 544 918 tem
579 856 923 922 audivisset:
948 858 1132 934 Quem
1158 866 1392 924 mittam
1422 868 1479 923 et
1510 860 1649 941 quis
1666 859 2075 941 proﬁciscetur

427 944 507 1009 ad
529 946 834 1028 populum
861 946 1046 1033 hunc,
1081 967 1300 1031 nempe
1326 948 1704 1015 Judaaorum?
1734 948 1904 1013 dixit:
1924 947 2082 1011 Ecce

427 1052 560 1117 ego,
594 1035 771 1100 mitte
798 1052 893 1099 me
917 1038 1032 1101 5'6.

504 1215 751 1296 (Magni
778 1214 1005 1280 Basilii
1059 1217 1461 1299 interrogatio
1488 1218 1629 1301 [1]).
1662 1216 1886 1282 Verum
1938 1217 2077 1300 quid

424 1304 535 1371 fuit
560 1321 780 1381 causas,
836 1323 1023 1388 quare
1078 1305 1276 1371 Moses
1326 1308 1842 1390 tergiversaretur,
1900 1308 2082 1372 Isaias

424 1403 640 1459 contra
693 1402 1040 1459 accurreret
1070 1398 1101 1459 ‘l
1146 1396 1531 1479 Responsio:
1591 1398 1885 1461 Nimirum
1945 1397 2084 1479 quia

422 1486 621 1550 Moses
667 1486 999 1567 negotium,
1074 1487 1249 1567 cujus
1306 1506 1485 1551 causa
1544 1488 1918 1565 mittebatur,
1980 1507 2082 1551 ex-

426 1574 738 1671 ploratum
757 1573 1123 1671 habebat:ac_
1142 1576 1395 1671 proinde
1423 1576 1485 1640 id
1509 1579 1779 1671 muneris
1808 1578 2082 1671 suscipe-
2110 1620 2146 1671 Β

424 1682 493 1727 re
544 1662 921 1747 gravabatur,
974 1664 1189 1747 partim
1233 1664 1566 1731 Pharaonis
1586 1666 1864 1730 duritiem
1892 1667 2083 1731 oculis

425 1753 540 1817 sibi
565 1772 930 1836 proponens,
956 1755 1171 1837 partim
1197 1756 1375 1820 etiam
1406 1758 1610 1839 populi
1640 1757 2079 1821 contumaciam

426 1860 747 1922 moresque
778 1843 874 1906 vix
905 1844 1272 1910 tractabiles.
1296 1846 1641 1910 Periculum
1669 1846 1829 1909 enim
1856 1846 2087 1910 fecerat

424 1932 767 1997 Iudaeorum
799 1932 1251 2014 ingratitudinis
1285 1956 1300 1999 :
1340 1935 1565 2018 quippe
1598 1937 1723 2018 qui,
1785 1937 2077 2000 beneficio

429 2041 666 2106 quoque
690 2022 912 2107 affecti,
946 2025 1141 2106 ipsum
1174 2025 1311 2105 fuga
1371 2026 1686 2108 Egyptum
1737 2028 2079 2109 relinquere

427 2112 786 2194 coegissent.
818 2113 999 2177 Isaias
1029 2123 1252 2193 autem,
1297 2134 1432 2179 cum
1465 2116 1735 2179 remissis
1764 2116 1879 2198 ipsi
1930 2136 2078 2198 pec-

426 2202 578 2267 catis
607 2202 951 2268 audivisset:
978 2203 1138 2281 Quis
1164 2204 1277 2269 ibit
1307 2206 1387 2269 ad
1411 2204 1709 2289 populum
1735 2207 1896 2269 hunc
1924 2212 1952 2269 ?
1983 2214 2075 2268 at-

425 2311 545 2371 que
576 2292 940 2356 existimaret
986 2311 1118 2357 eam
1164 2293 1239 2357 ob
1283 2314 1521 2358 causam
1556 2297 1829 2358 nuntium
1861 2295 2074 2379 quaeri,

426 2390 491 2444 ut
527 2382 656 2464 pari
685 2382 978 2446 beneﬁcio
1006 2383 1347 2448 fruerentur
1382 2386 1491 2463 illi,
1518 2386 1588 2449 ad
1625 2404 1773 2469 quos
1805 2386 2076 2449 mittere-

428 2477 546 2545 tur,
581 2489 705 2553 pm
733 2472 915 2535 animi
944 2472 1150 2537 laetitia
1182 2476 1444 2556 seipsum
1477 2476 1746 2553 oﬂ’ert,ut
1766 2476 1886 2538 illis
1933 2495 2078 2557 quo-

425 2579 543 2645 que
573 2568 814 2643 peccata
842 2561 1317 2642 remitterentnr,
1354 2566 1509 2629 Ecce
1529 2584 1657 2647 ego,
1692 2566 2078 2647 inquit,miue

422 2669 542 2715 me.
579 2650 925 2734 Quare,non
956 2652 1088 2716 sine
1112 2654 1437 2733 ratione,et
1466 2654 1571 2717 ille
1600 2656 1937 2717 mandatam
1962 2654 2079 2718 sibi

423 2740 787 2823 provinciam
820 2741 1344 2825 deprecabatur,et
1370 2744 1465 2807 hic
1497 2743 1715 2825 cupide
1746 2743 2077 2809 ambiebat.

422 2829 641 2896 Verum
673 2850 751 2895 ne
801 2832 932 2923 quis
954 2852 989 2897 a
1018 2831 1322 2914 Theologo
1353 2841 1674 2914 quareret,
1727 2852 1910 2916 quare
1942 2853 2077 2897 cum
2098 2872 2139 2923 ο

422 2935 743 2985 accurrere
772 2921 848 2984 ad
880 2924 1069 2987 Deum
1099 2930 1160 2986 et
1190 2923 1479 2986 secedere
1499 2923 1656 2989 inter
1692 2941 1757 2986 se
1788 2932 2074 3007 pugnent,

422 3019 743 3091 utrumque
774 3010 999 3075 bonum
1025 3030 1159 3075 esse
1191 3012 1445 3094 diceret,
1470 3014 1600 3095 ipse
1625 3012 1947 3093 objectioni
1968 3033 2076 3076 oc-

421 3119 697 3178 currens,
728 3100 1089 3165 solutionem
1122 3103 1321 3169 infert.
1360 3102 1424 3167 Si
1473 3104 1657 3177 enim,
1695 3104 1913 3183 inquit,
1948 3104 2075 3166 haec

423 3191 804 3269 duo,secessi
828 3190 1143 3256 ovidelicet
1164 3202 1343 3275 atque
1367 3192 1695 3257 accedendi
1719 3194 2077 3275 promptitu-

363 3280 366 3285 ’
425 3280 632 3360 do,pie
649 3280 1099 3353 ﬁant,neutrum
1130 3282 1343 3346 horum
1359 3290 1531 3365 turpe
1552 3282 2081 3357 censebitur.Quo-

421 3387 559 3432 nam
590 3378 788 3434 autem
824 3371 999 3435 modo
1031 3380 1164 3435 eam
1187 3391 1313 3436 rem
1336 3382 1395 3437 et
1427 3373 1523 3455 pie
1558 3371 1861 3437 recusabit
1880 3390 1947 3435 ac
1979 3372 2082 3436 de-

420 3460 612 3541 fugiet
663 3461 984 3544 quispiam,
1021 3471 1082 3526 et
1112 3463 1210 3544 pia
1257 3481 1464 3526 rursus
1502 3462 1811 3526 alacritate
1841 3462 1912 3525 ad
1948 3480 2075 3525 eam

422 3549 856 3615 accedetﬂllud
887 3551 1155 3634 quidem,
1193 3551 1270 3615 ob
1303 3553 1606 3636 prOpriam
1638 3553 2070 3636 infirmitatem,

423 3639 705 3704 nimirum
738 3660 873 3705 cum
906 3642 1123 3726 aliquis
1154 3644 1345 3725 ipsam
1378 3643 1578 3705 animo
1613 3650 1919 3726 reputans,
1958 3644 2073 3706 mi-

424 3731 654 3794 nisterii
676 3731 1020 3795 demandati
1041 3732 1511 3815 magnitudinem
1529 3733 2075 3815 perhorrescit:hoc

2157 500 2430 581 χρησμὸν,
2486 500 2575 557 τὸν
2635 500 2732 577 μὲν
2784 501 2979 558 Μωσέα
3029 502 3195 582 ἶσχνῇ
3220 505 3307 559 καὶ
3366 502 3810 582 λεπτῇτῇφωνῇ

2157 587 2344 646 λαλεῖν
2416 591 2547 669 πρὸς
2620 592 2713 647 τὸν
2772 590 3004 660 Ἀαρών·
3039 593 3129 649 τὸν
3200 590 3254 647 δὲ
3314 592 3546 672 Ἀαρών,
3594 593 3660 647 τα
3718 600 3814 649 τοῦ

2163 677 2427 744 Μωυσέως
2482 679 2696 757 ῥήματα
2759 678 3158 759 μεγαλοφώνως
3211 679 3611 759 διαπορθμεύειν
3675 680 3812 756 πρὸς

2158 767 2251 823 τὸν
2305 769 2504 847 Φαραὼ
2559 769 2648 825 καὶ
2698 770 2833 848 πρὸς
2884 770 2976 826 τὸν
3006 767 3158 829 λαὸν.
3193 768 3424 834 Ἠσαίας
3456 768 3510 825 δὲ
3539 771 3625 827 λαὶ
3658 768 3815 829 αὐτὸς

2161 856 2391 919 ἀκούσας
2452 856 2541 937 (9)
2603 859 2747 938 παρὰ
2803 865 2895 916 τοῦ
2968 859 3214 940 ὀφθέντος
3274 860 3415 934 αὖτῷ
3493 860 3579 917 ἐπὶ
3634 857 3818 937 θρόνου

2160 946 2368 1023 ὑψηλοῦ
2440 948 2529 1005 καὶ
2628 946 2953 1029 ἐπηρμένου,
3049 948 3160 1008 Γίνα
3217 948 3542 1024 ἀποστείλω,
3595 950 3684 1006 καὶ
3737 950 3818 1009 τίς

2162 1038 2470 1115 πορεύσεται
2558 1040 2693 1118 πρὸς
2742 1040 2841 1119 ,τὸν
2885 1036 3016 1095 λαὸν
3074 1051 3280 1119 τοῦτον,
3342 1037 3548 1107 δηλαδῆ
3578 1044 3683 1096 τῶν
3716 1036 3803 1117 (3)

2164 1125 2427 1187 Ἰουδαίων
2460 1147 2476 1209 ς
2522 1131 2700 1191 εἶπεν,
2736 1118 2868 1186 Ἰδοὺ
2898 1127 3027 1207 ἐγὼ,
3064 1118 3387 1187 ἆπόστειλόν
3419 1152 3509 1202 με,

2246 1216 2374 1280 Col.
2408 1216 2550 1281 395.
2578 1220 2624 1280 Β
2654 1224 2701 1277 l.
2742 1217 2843 1276 Τοῦ
2870 1217 2980 1299 [(4)
3041 1217 3275 1297 μεγάλου
3308 1218 3612 1277 Βασιλείου.
3645 1214 3820 1295 Ἐρώ-

2163 1305 2368 1388 τησις.]
2404 1308 2551 1364 Διατί
2581 1306 2637 1363 δὲ
2668 1307 2867 1378 δήποτε
2902 1308 3097 1389 Μωσῆς
3129 1309 3229 1384 μὲν
3246 1322 3562 1389 παρῃτεῖτο,
3585 1306 3818 1369 Ἠσαίας

2165 1396 2221 1454 δὲ
2254 1397 2638 1479 προσέτρεχεν;
2676 1396 3011 1477 Ἀπόκρισις.
3042 1388 3174 1457 "Ott
3211 1388 3407 1467 Μωσῆς
3440 1398 3537 1474 μὲν
3568 1396 3681 1477 ᾕδει
3717 1396 3818 1462 τὴν

2164 1488 2435 1560 ὑπόθεσιν,
2479 1489 2546 1554 ἧς
2590 1487 2745 1545 ἕνεκα
2804 1486 3221 1546 ἁπεστέλλλετο*
3284 1487 3370 1545 διὰ
3433 1495 3588 1547 τοῦτο
3635 1485 3818 1559 ὤκνει,

2167 1577 2298 1657 πρός
2368 1599 2428 1633 τε
2484 1578 2545 1634 τὸ
2600 1576 2876 1635 ἀνένδοτον
2931 1583 3031 1646 τῆς
3102 1576 3316 1659 καρδίας
3377 1579 3467 1635 τοῦ
3498 1576 3583 1658 (5)
3621 1576 3822 1653 Φαραὼ

2168 1665 2514 1737 ἀποϐλέπων,
2570 1668 2658 1725 καὶ
2722 1669 2854 1746 πρὸς
2911 1670 2972 1725 τὸ
3030 1665 3301 1734 δυσπειθὲς
3349 1667 3507 1725 πάλιν
3562 1669 3649 1724 καὶ
3706 1664 3828 1723 δυσ·

2168 1758 2381 1836 άγωγον
2429 1760 2523 1815 τοῦ
2575 1755 2730 1820 λαοϋ,
2780 1764 2977 1837 Πέτραν
3011 1759 3110 1837 γὰρ
3143 1772 3268 1837 εϊχε
3302 1764 3399 1826 τῆς
3435 1757 3827 1837 ἀγνωμοσύνης

2166 1848 2273 1904 τῶν
2334 1845 2627 1924 Ἰουδαίων,
2686 1846 2767 1903 ὅτι
2821 1848 2909 1903 καὶ
2958 1850 3390 1927 εὒεργετηθέντες
3442 1851 3598 1907 αὺτὸν
3617 1846 3823 1925 ἐτρυγά-

2164 1935 2373 2000 δευσαν,
2436 1934 2666 1999 Ἠσαίας
2725 1933 2780 1992 δί
2840 1938 2977 2011 μετὰ
3036 1939 3095 1993 τὸ
3139 1938 3392 2017 ὰφεθῆναι
3424 1939 3517 2001 τὰς
3548 1937 3825 2016 ἁμαρτίας

2164 2028 2347 2108 αὖτοῦ,
2450 2027 2704 2101 ἀκούσας,
2787 2027 2875 2089 Τίς
2958 2027 3269 2107 πορεύσεται
3338 2029 3470 2107 πρὸς
3542 2030 3632 2084 τὸν
3693 2028 3821 2082 λαὸν

2162 2123 2347 2174 τοῦτον
2381 2134 2397 2193 ;
2454 2117 2543 2173 καὶ
2588 2118 2834 2197 νομίσας,
2895 2114 2976 2172 ὅτι
3007 2115 3091 2173 ἐπὶ
3120 2116 3289 2191 τούτῳ
3320 2125 3562 2189 ζητεῖται
3590 2118 3618 2172 ὃ
3672 2116 3821 2171 ἀπο·-

2161 2206 2535 2281 στελλόαενος,
2594 2206 2686 2262 ’ίνα
2716 2207 2783 2262 τὰ
2823 2204 3175 2284 παραπλήσια
3220 2206 3461 2264 κᾶκεϊνοι
3512 2209 3803 2286 εὖεργετη-

2157 2300 2310 2379 θῶσι,
2364 2299 2496 2376 πρὸς
2561 2295 2649 2361 οῧς
2708 2295 3116 2370 ἆποστέλλετδι,
3179 2296 3281 2352 ὑπὸ
3340 2298 3654 2378 περιχαρίας
3716 2295 3800 2375 (6)

2161 2388 2345 2444 ἑαυτὸν
2400 2383 2713 2467 ὑποϐάλλει,
2772 2384 2865 2441 ἵνα
2936 2385 3196 2450 κάκείνοις
3255 2386 3519 2463 ἀφεθῶσιν
3565 2390 3616 2442 αἱ
3637 2386 3806 2463 ἀμαρ-

2159 2478 2284 2537 τίαι.
2351 2475 2507 2558 Ἰδοὺ,
2580 2478 2764 2558 φησὶν,
2822 2475 2950 2556 ἐγὼ,
3017 2474 3336 2534 ἀπόστειλόν
3371 2499 3464 2552 με.
3501 2474 3679 2533 "alata
3715 2474 3805 2531 εὖ·

2159 2565 2316 2645 λογος
2374 2567 2623 2625 κάκείνου
2680 2567 2714 2635 ἧ
2771 2566 3096 2645 παραίτησις
3123 2569 3207 2622 καὶ
3237 2566 3423 2625 τούτου
3450 2569 3483 2637 ἡ
3518 2566 3803 2643 προθδμία.

2161 2656 2289 2715 "Iv:
2342 2655 2398 2713 δὲ
2465 2658 2541 2734 μή
2573 2678 2652 2719 τις
2683 2654 2818 2733 εἴπῃ
2873 2662 2951 2731 τῷ
2994 2654 3263 2734 Θεολὸγῳ·
3302 2662 3422 2720 Πῶς
3451 2656 3657 2713 ἐναντία
3686 2654 3813 2712 ὄντα

2163 2745 2444 2821 ἀλλήλοις,
2506 2748 2568 2803 τὸ
2607 2743 2968 2826 προσδραμεῖν
3019 2752 3095 2821 τῷ
3155 2752 3272 2820 Θεῷ
3300 2745 3576 2822 καλοῦντι,
3622 2748 3709 2803 καὶ
3752 2747 3813 2801 τὸ

2160 2839 2538 2918 ὑποχωρῆσαι,
2569 2836 2631 2893 σὺ
2695 2834 2871 2915 λέγεις
2894 2836 3168 2916 ἀμφότερα
3198 2840 3347 2893 εἶναι
3377 2836 3547 2915 ἀγαθά
3578 2856 3594 2917 ;
3653 2835 3810 2899 αὐτὸς

2161 2924 2445 3005 προλαϐὼν
2506 2926 2695 3004 ἐπάγει
2745 2926 2846 2993 τὴν
2877 2924 3049 2986 λύσιν.
3119 2927 3174 2983 Εἰ
3223 2926 3322 3004 γὰρ
3351 2925 3603 3007 εὖσεὸὡς,
3657 2926 3812 3005 φησὶ,

2159 3017 2246 3074 καὶ
2293 3018 2328 3085 ἡ
2386 3017 2736 3097 ὑποχώρησις
2794 3015 2882 3071 καὶ
2939 3017 2974 3084 ἡ
3039 3016 3299 3091 προθυμία
3336 3016 3579 3097 γένηται,
3612 3014 3789 3075 οτόδέτε

2158 3129 2247 3187 ρον
2292 3106 2493 3164 τούτων
2526 3105 2723 3185 φαῦλον
2794 3106 3121 3184 κριθήσεται,
3161 3110 3276 3170 Πῶς
3310 3104 3365 3162 δὲ
3396 3108 3479 3163 κοὶ
3534 3108 3813 3185 παραιτή-

2162 3196 2310 3254 σεταί
2367 3218 2449 3259 τις
2505 3192 2732 3258 εὖσεϐὦς
2782 3195 2871 3250 καὶ
2923 3198 3386 3273 προθυμηθήσεται
3414 3195 3691 3271 εὖσεϐὠςς
3740 3198 3813 3254 Τὸ

2161 3287 2284 3363 μὲν,
2331 3285 2418 3343 διὰ
2468 3287 2567 3355 τὴν
2602 3286 2800 3343 οἰκείαν
2844 3283 3139 3361 ἀσθένειαν,
3176 3288 3302 3343 ὃταν
3332 3309 3411 3349 τις
3473 3289 3546 3352 εἷς
3605 3289 3810 3354 ταύτην

2161 3375 2503 3453 ἀποϐλέπων,
2555 3379 2616 3433 τὸ
2676 3375 2899 3454 μέγεθος
2956 3380 3054 3445 της
3093 3374 3358 3440 διακονίας
3395 3375 3708 3444 εὒλαϐἦται⁶
3748 3378 3810 3432 τὸ

2160 3466 2239 3548 δε,
2288 3465 2373 3523 διὰ
2445 3466 2545 3536 τὴν
2568 3465 2659 3525 τοῦ
2708 3463 2994 3529 καλοῦντος
3040 3464 3284 3542 δύναμιν,
3314 3466 3440 3523 ὅταν
3470 3489 3550 3531 τις
3582 3466 3807 3523 πιστεύ-

2158 3579 2277 3633 σας,
2331 3557 2411 3612 ὃτι
2472 3558 2642 3613 πάντα
2692 3553 2883 3612 δυνατὰ
2912 3563 2989 3629 τῴ
3031 3562 3167 3631 Θεῷ,
3214 3556 3471 3634 ἀκολουθῇ
3502 3556 3644 3631 αὒτῷ
3675 3556 3808 3612 ἐπι-

2156 3647 2421 3705 τάττοντι.
2485 3646 2636 3726 ’Ὅρα
2694 3646 2894 3726 τοίνυν,
2930 3651 3044 3711 πῶς
3072 3645 3239 3702 θέλων
3270 3648 3297 3703 ὁ
3330 3647 3590 3725 Θεολόγος
3628 3647 3809 3725 Πατὴρ

2160 3737 2440 3813 συστῆσαι,
2474 3734 2555 3793 ὅτι
2602 3733 2717 3794 οὔτε
2747 3738 2781 3805 ἡ
2814 3733 2981 3792 δειλία
3016 3741 3121 3792 τῶν
3152 3737 3624 3817 ὑποχωρησάντων
3659 3758 3807 3812 μεμ-

423 3831 625 3885 autem
669 3821 745 3886 ob
796 3822 1069 3887 vocantis
1102 3822 1454 3907 potentiam,
1509 3841 1728 3905 nempe
1764 3842 1897 3885 cum
1947 3825 2077 3905 quis

2163 3829 2294 3899 uti,
2355 3826 2473 3885 οὔτε
2520 3831 2554 3895 ἡ
2614 3827 2871 3905 προθυμία
2938 3832 3044 3883 τῶν
3102 3827 3455 3905 ὁρμησάντων
3509 3827 3621 3907 (Ἰ),
3679 3829 3811 3905 πρὸς

421 3920 587 3976 certa
620 3912 740 3977 tide
769 3912 886 3976 sibi
940 3913 1307 3995 persuadens
1355 3914 1506 3978 nihil
1534 3931 1689 3986 esse,
1716 3914 1874 3995 quod
1923 3913 2077 3977 Deus

2163 3917 2433 3999 ἀμφότερα
2481 3915 2671 3975 ἆπεϊδε
2727 3918 2792 3973 τά
2858 3919 3142 3995 πρόσωπα,
3194 3916 3430 3974 τουτέστι
3463 3920 3596 3998 πρὸς
3623 3916 3683 3972 τό
3712 3939 3817 3973 κα-

422 4020 543 4065 non
574 4002 1193 4085 possit,imperantem
1226 4003 1521 4087 sequitur,
1548 4002 1727 4086 eique
1758 4002 2073 4087 obtempe—

2163 4007 2285 4066 λοῠν
2342 4010 2429 4067 καὶ
2487 4006 2570 4089 (8)
2633 4006 2982 4087 καλούμενον,
3028 4005 3119 4062 ἵνα
3144 4004 3284 4084 δείξῃ
3315 4015 3407 4064 τοῦ
3440 4007 3537 4083 μέν
3581 4007 3814 4065 καλοῦν-

419 4100 533 4156 rat.
567 4091 991 4155 Animadverte
1027 4091 1234 4175 igitur,
1258 4112 1513 4177 quonam
1546 4102 1717 4177 pacto
1742 4093 2077 4176 Theologus

2163 4122 2251 4166 τος
2324 4097 2491 4175 ἄξιον,
2526 4100 2587 4155 τὸ
2618 4099 2711 4155 τὸν
2759 4095 3089 4173 καλούμενον
3145 4098 3556 4155 ﬂuminea-911'
3621 4105 3711 4155 τοῦ
3761 4096 3819 4153 δὲ

420 4181 741 4246 ostendere
762 4181 1109 4267 volens,nec
1140 4184 1482 4267 eorum,qui
1512 4184 1882 4265 refugerunt,
1911 4185 2077 4248 timi-

2163 4188 2514 4266 καλουμένου,
2609 4188 2670 4244 τὸ
2741 4187 2834 4245 τὸν
2902 4185 3165 4245 καλοῦντα
3234 4186 3673 4245 κατευλαϐεἴσθαι
3729 4188 3819 4243 καὶ

421 4270 695 4349 ditatem,
729 4290 841 4336 nec
880 4290 1117 4352 eorum,
1164 4276 1267 4357 qui
1300 4282 1575 4358 prompte
1605 4292 1670 4337 se
1701 4274 2073 4351 obtulerunt,

2163 4279 2491 4338 ἀναδύεσθαι.
2579 4274 2758 4335 ’Ὥστε
2819 4276 2954 4333 κατὰ
3014 4276 3197 4334 τοῦτον
3253 4277 3345 4334 τὸν
3403 4278 3563 4354 λόγον
3615 4279 3702 4334 καὶ
3758 4279 3819 4333 τὸ

422 4361 787 4427 alacritatem
822 4364 1386 4446 reprehendendam
1434 4383 1591 4436 esse,
1643 4364 1715 4427 ad
1762 4372 2077 4448 utramque

2163 4368 2513 4450 ὕποχωρῆσαι
2594 4366 2683 4423 καὶ
2763 4364 2842 4442 (9)
2920 4363 3284 4446 προσδραμεῖν
3362 4365 3569 4423 ἐναντία
3663 4365 3809 4440 ὄντα,

424 4470 738 4535 personam
771 4454 1132 4537 respexerit,
1164 4455 1438 4519 vocantis
1468 4453 1703 4518 scilicet
1732 4461 1791 4516 et
1815 4456 1945 4535 ejus
1976 4457 2076 4537 qui

2163 4458 2322 4540 ἄμφω
2344 4458 2597 4515 ἓπαινετὰ
2620 4455 2768 4513 ἔσται
2791 4455 2851 4512 ἐκ
2878 4456 2977 4522 τῆς
3023 4456 3214 4520 αἰτίας,

420 4550 688 4625 vocatur,
716 4552 781 4607 ut
808 4545 1109 4620 ostendat,
1156 4542 1208 4606 si
1238 4544 1481 4626 quidem
1514 4550 1823 4605 vocantem
1857 4552 2221 4624 spectemus,
2278 4545 2621 4621 convenire,
2655 4550 2720 4606 ut
2753 4545 2853 4626 qui
2885 4552 3146 4625 vocatur,
3194 4552 3396 4626 pareat
3423 4543 3448 4609 ?
3477 4548 3568 4607 sin
3613 4554 3810 4608 autem

423 4649 561 4693 cum
593 4631 695 4715 qui
733 4641 1007 4709 vocatur,
1064 4650 1173 4715 par
1203 4650 1337 4696 esse
1385 4641 1451 4695 ut
1490 4638 1799 4695 vocantem
1831 4641 2197 4711 revereatur,
2232 4655 2300 4700 ac
2333 4652 2549 4697 munus
2580 4634 2691 4697 sibi
2722 4633 3107 4695 commissum
3140 4634 3453 4696 detrectet.
3488 4642 3674 4717 Atque
3706 4636 3818 4696 hac

421 4720 678 4874 getiam,
716 4720 1303 4875 quamvisbricedere
1354 4729 1413 4785 et
1439 4738 1758 4786 accurrere
1805 4721 1967 4787 inter
2007 4741 2075 4786 se
2121 4725 2472 4800 dissideant,
2517 4724 2591 4787 ob
2624 4723 2917 4786 diversam
2969 4731 3165 4786 tamen
3208 4742 3446 4787 causam
3493 4734 3815 4807 utrumque

449 4827 523 4872 au
570 4808 623 4873 is
652 4828 875 4874 nomen
904 4810 980 4874 ha
1024 4830 1058 4875 e
1104 4811 1170 4874 it.

449 4808 623 4873 audis
652 4828 875 4874 nomen
904 4809 1170 4875 habebit.

503 4898 870 4982 Mysterium
884 4902 2077 4986 unxitmc,mysterio,etc.Smpenumero

2247 4905 2376 4968 Ibid
2429 4908 2487 4971 6.
2566 4908 2943 4982 Μυστήριον...
3034 4905 3500 4982 συνανιστέμενον.
3598 4910 3817 4978 Moser:-

425 4988 689 5072 mysterii
714 5009 935 5055 nomen
971 4990 1122 5057 festo
1151 4991 1421 5055 tribuere
1445 4991 1621 5070 solet,
1657 4993 1941 5076 quoniam
1974 5013 2077 5057 nos

2167 5020 2301 5079 ριον,
2357 4999 2457 5066 την
2488 4998 2675 5077 ἑορτὴν
2724 4994 2882 5053 εἴωθε
2914 4994 3173 5059 πολλάκις
3205 4996 3507 5078 ζνομάζειν,
3566 4996 3701 5053 διότι
3733 4998 3824 5055 ἐπὶ

426 5080 505 5169 ob
538 5080 817 5163 mysteria
838 5082 1109 5165 quaedam
1140 5082 1314 5165 facta,
1342 5083 1751 5166 miraculaque
1775 5084 2077 5164 designata

2169 5089 2480 5167 μυστηρίοις
2535 5088 2640 5145 τισὶ
2710 5086 3017 5167 γενομένοις
3076 5087 3166 5143 καὶ
3213 5088 3443 5162 θαύμασι
3490 5089 3581 5155 τὰς
3636 5089 3823 5169 ἑορτὰς

418 5167 570 5235 festa
598 5170 1002 5239 celebramus.
1028 5172 1114 5237 Ac
1137 5191 1298 5236 nunc
1335 5172 1513 5254 igitur
1531 5181 1778 5257 propter
1807 5191 2077 5237 arcanam

2173 5175 2396 5257 ἄγομεν,
2454 5179 2551 5237 Καὶ
2608 5188 2698 5238 νῦν
2727 5184 2816 5236 οὖν
2870 5173 2956 5233 διὰ
3016 5177 3073 5233 τὸ
3106 5176 3360 5250 μυστικὸν
3392 5176 3486 5245 τῆς
3521 5167 3715 5259 ἑορτῆς
3747 5202 3827 5237 κα

499 5323 593 5380 δοο
619 5328 736 5394 Isa.
767 5344 852 5412 vi,
883 5327 947 5394 8.

503 5477 592 5564 (1)
621 5476 864 5564 Inclusa
890 5477 1116 5564 desunt
1136 5478 1294 5564 apud
1323 5479 1586 5546 Billium.

503 5556 589 5637 (2)
641 5559 903 5630 Δγηκοώς
933 5557 995 5622 b.

525 5635 590 5706 3)
620 5640 722 5698 Τὸν
750 5645 858 5698 τῶν
888 5638 954 5706 b.

525 5640 563 5699 3
620 5640 722 5698 Τὸν
750 5645 858 5698 τῶν
888 5640 954 5706 b.

499 5640 590 5807 ίέί
620 5717 852 5807 Inclusa
873 5719 1092 5807 omittit
1110 5718 1149 5785 b
1181 5720 1275 5807 [et
1302 5721 1400 5787 ed.
1436 5722 1849 5807 Clemenceti].

506 5798 590 5873 (δ)
618 5804 722 5863 τοῦ
745 5798 919 5866 abest
945 5798 1010 5868 ιι.

2267 5480 2329 5565 β)
2365 5489 2471 5563 Περ
2484 5485 2731 5565 ιχαρείας
2758 5482 2818 5548 b.

2351 5563 2768 5645 Χωρὶςήὲπαίνου
2798 5565 2965 5630 addit
2988 5566 3026 5631 Ι)
3044 5613 3059 5629 .

2266 5641 2327 5731 ξ)
2358 5641 2494 5731 [ιρρς
2514 5647 2598 5731 eo
2629 5647 2852 5731 repetit
2877 5647 2975 5712 hic
3004 5648 3066 5715 h.

2240 5723 2323 5801 (9)
2354 5723 2450 5786 Καὶ
2479 5727 2540 5785 τὸ
2571 5724 2633 5795 b.
