4102 6422
315 303 433 368 953

1493 311 1594 371 AD
1639 311 1698 372 S.
1747 310 2105 374 GREGORII
2152 312 2376 376 ΟΡιΑΤ.
2431 315 2477 375 Ι.

3575 315 3693 379 954

309 439 558 507 διάϐολος
593 459 606 472 ·
657 446 840 522 βαρεῖς
884 445 937 501 δὲ
998 446 1302 521 ἐπιστάται,
1337 449 1383 503 οἱ
1413 453 1780 526 συνεργοῦντες
1813 447 1956 519 αζτῷ

2052 443 2499 508 ritualisPharao
2533 446 3055 530 diabolus,graves
3086 449 3229 512 item
3252 455 3309 511 et
3330 447 3533 510 acerbi
3563 467 3708 528 pra:-

308 529 553 606 δαίμονες
588 552 604 568 ⁸
652 537 741 590 καὶ
783 538 817 603 ἡ
864 535 1115 616 ἁμαρτία,
1165 536 1337 603 πηλὸς
1369 538 1456 593 καὶ
1490 537 1726 594 πλινθεία
1765 554 1778 566 ·
1842 559 1960 602 πη-

306 619 400 684 λὸς
456 623 553 696 μὲν
617 623 910 702 λεγομένη,
975 627 1100 681 ὅταν
1132 628 1262 705 πρὸς
1307 627 1401 690 τὰς
1433 625 1622 694 ἡδονὰς
1656 626 1842 707 φαῦλοι
1875 623 1963 702 (1)

310 711 455 787 ὦμεν
495 731 510 746 ⁶
569 713 805 770 πλινθεία
865 714 945 789 δὲ,
1001 716 1124 772 ὅταν
1170 722 1352 780 ποσῶς
1383 715 1810 792 συστελλώμεθα.
1846 725 1962 781 Tr,-

315 807 536 858 νικαῦτα
569 801 622 857 δὲ
665 805 752 860 καὶ
786 805 1102 884 ἑορτάσιμος
1152 809 1290 881 ἡμῖν
1320 805 1466 863 ἔσται
1500 808 1534 874 ἡ
1564 806 1622 863 ἐκ
1652 812 1750 874 τῆς
1785 807 1965 882 ἁμαρ-

312 891 428 955 τίας
478 895 608 972 πρὸς
674 895 772 962 τὴν
835 895 1174 964 δικαιοσύνην
1229 894 1490 969 διάϐασις,
1554 898 1640 953 καὶ
1673 897 1870 971 ᾅσομεν
1900 896 1967 951 τὰ

320 978 493 1044 ἐξόδια
524 984 610 1038 καὶ
663 982 999 1062 διαϐατήρια,
1063 984 1238 1042 οὐκέτι
1285 983 1614 1060 κωλυόμενοι
1648 985 1913 1061 ἑορτάζειν
1950 999 1963 1012 ·

320 1068 500 1149 ὥσπερ
545 1070 660 1128 οὐδὲ
718 1077 764 1129 οἱ
831 1072 1163 1154 Ἰσραηλῖται
1217 1076 1349 1148 μετὰ
1406 1075 1504 1142 τὴν
1575 1080 1670 1141 τῆς
1721 1075 1968 1154 Ἐρυθρᾶς

319 1157 566 1217 διάϐασιν
602 1180 618 1196 ⁸
675 1161 789 1219 οὐδὲ
848 1165 1120 1246 χρώμενοι
1172 1170 1239 1240 τῇ
1299 1172 1558 1236 σεσηπυξᾳ
1636 1166 1722 1221 καὶ
1792 1161 1970 1228 ὁξώδει

312 1251 455 1325 ζύμη
517 1251 612 1318 τῆς
671 1253 954 1334 ἅμαρτίας,
1006 1255 1128 1310 ἀλλ’
1186 1258 1258 1318 ὡς
1318 1258 1375 1310 ἓν
1432 1256 1565 1310 ἑπτὰ
1615 1254 1864 1334 ἡμέραις,
1897 1253 1971 1327 τῷ

305 1339 576 1398 irruatch
623 1345 794 1419 τούτῷ
845 1347 964 1422 βίῳ,
1022 1347 1116 1414 τὴν
1170 1345 1362 1420 ἄζυμον
1395 1345 1481 1400 καὶ
1512 1345 1742 1423 καθαρὰν
1776 1343 1968 1420 ἀρετὴν

307 1431 394 1486 καὶ
437 1429 713 1510 θεολογίαν
775 1435 1070 1509 μετιόντες.
1131 1434 1447 1514 Εἷλικρίνεια
1509 1435 1608 1512 γάρ
1660 1434 1798 1507 ἐστι,
1852 1434 1964 1509 βίου

303 1521 605 1599 καθαρότης
636 1543 649 1557 ·
716 1522 939 1593 ἀλήθεια
998 1523 1079 1596 δὲ,
1142 1522 1418 1601 δογμάτων
1452 1525 1695 1598 ὀρθότης.
1734 1523 1825 1581 Ἐν
1865 1543 1965 1579 κε-

2047 533 2213 611 fecti,
2250 535 2361 597 hoc
2417 545 2532 613 est,
2597 537 2902 600 daemones
2955 537 3144 619 ipsius
3177 538 3504 619 adjutores,
3534 557 3708 617 grave

2051 625 2226 685 etiam
2267 625 2456 688 lutum
2495 637 2552 689 et
2597 627 2926 692 lateritium
2951 648 3126 708 opus,
3160 629 3218 690 id
3248 636 3335 689 est
3375 635 3708 709 peccatum,

2051 714 2211 790 quod
2247 715 2486 796 quidem
2520 718 2708 780 lutum
2743 720 2991 800 dicitur,
3027 739 3158 781 cum
3186 717 3590 799 voluptatibus
3607 718 3710 777 ﬁa-

2050 805 2262 882 gitiose
2309 806 2720 886 indulgemus;
2758 809 3083 872 lateritium
3136 818 3330 872 autem
3367 826 3536 890 opus,
3573 826 3705 868 cum

2051 895 2488 973 aliquantulum
2523 917 2631 960 nos
2654 900 2815 980 ipsos
2848 900 3206 980 colligimus.
3241 899 3392 961 Tum
3428 915 3566 958 vero
3596 917 3706 957 no-

2052 985 2152 1046 bis
2189 992 2468 1049 transitus
2499 989 2599 1050 ille
2630 1009 2662 1051 a
2695 1001 2936 1071 peccato
2968 991 3037 1053 ad
3076 991 3370 1070 justitiam
3412 989 3546 1051 cum
3605 1007 3708 1048 so-

2055 1075 2358 1139 lemnitate
2391 1079 2784 1141 celebrandus
2819 1082 2952 1157 erit,
2997 1090 3173 1161 atque
3218 1081 3466 1161 hymnos
3498 1096 3668 1156 egres
3697 1113 3707 1121 -

2054 1167 2209 1227 sioni
2232 1176 2293 1229 et
2320 1168 2590 1230 transitui
2617 1181 3011 1248 congruentes
3030 1169 3425 1244 cantabimus,
3451 1167 3703 1246 nonjam

2051 1274 2084 1317 a
2100 1276 2402 1335 quoquam
2422 1258 2706 1338 prohibiti
2734 1261 3052 1340 quominus
3074 1261 3284 1322 festum
3304 1257 3700 1328 celebremus,

2056 1347 2555 1426 quemadmodum
2619 1368 2728 1411 nec
2775 1351 3054 1412 lsraelitze
3111 1358 3241 1430 post
3302 1347 3480 1409 maris
3513 1344 3706 1409 Rubri

2049 1435 2386 1516 transitum,
2424 1456 2533 1500 nec
2563 1440 2720 1519 putri
2763 1439 3086 1521 foetidoque
3143 1437 3368 1520 peccati
3409 1437 3703 1498 fermento

2051 1530 2290 1587 utentes
2317 1546 2517 1588 verum
2559 1530 2613 1589 in
2647 1530 2987 1609 septenaria
3019 1531 3128 1590 hac
3160 1530 3294 1602 vita,
3330 1528 3499 1606 quasi
3527 1525 3586 1585 in
3613 1545 3706 1585 sc—

311 1609 523 1688 φαλαίῳ
581 1612 667 1668 οὖν
725 1610 808 1668 διὰ
863 1620 959 1680 τῆς
1017 1613 1350 1692 εἱλικρινείας
1396 1615 1481 1669 καὶ
1536 1613 1808 1685 ἀληθείας,
1870 1613 1964 1679 τὴν

2054 1621 2209 1692 ptem
2260 1617 2634 1694 paschalibus
2666 1617 2878 1680 diebus
2912 1618 3184 1680 fermenti
3235 1623 3540 1696 expertem
3590 1633 3701 1694 pu-

310 1703 614 1777 πρακτικὴν
690 1705 782 1760 καὶ
853 1703 1168 1780 θεολογικὴν
1275 1702 1585 1782 φιλοσοφίαν
1679 1703 1965 1777 ἐσήμανεν.

315 1780 353 1818 0,
609 1791 647 1808 ιχ.
823 1794 837 1815 ,
1047 1793 1070 1806 ο
1211 1793 1224 1810 ι»
1291 1780 1299 1782 ’
1328 1793 1356 1802 -ν
1471 1795 1483 1813 ν
1538 1794 1548 1812 ι
1722 1792 1766 1812 ’ν
1811 1792 1821 1812 ι

368 1800 544 1869 Ωσπερ
603 1814 656 1846 οε
717 1796 762 1848 οἱ
845 1793 1158 1872 Ισραηλιται
1208 1815 1267 1848 εκ
1296 1815 1392 1860 της
1428 1803 1687 1871 Αιγυπτον
1720 1813 1964 1862 εςιονιες,

317 1878 466 1936 οὐδὲν
518 1881 836 1961 ἐπεφέροντο
896 1885 1178 1960 Αἰγύπτιον
1245 1889 1422 1961 κρᾶμα
1475 1884 1561 1938 καὶ
1626 1883 1861 1961 φύραμα,
1925 1885 1967 1938 εἷ

317 1968 398 2043 μὴ
431 1969 591 2044 μόνον
624 1969 838 2048 ἄλευρα·
875 1972 1012 2028 οὕτω
1046 1971 1155 2050 χρὴ
1187 1972 1274 2026 καὶ
1305 1974 1446 2046 ἡμᾶς
1479 1970 1539 2026 ἐκ
1580 1975 1678 2037 τῆς
1710 1971 1966 2048 ἁμαρτίας

311 2058 754 2138 ἀναχωροῦντας,
791 2063 868 2137 μὶ,
915 2061 1192 2140 φυλάττειν
1224 2085 1272 2116 τι
1324 2063 1420 2127 τῆς
1465 2060 1723 2139 προτέρας
1778 2061 1964 2120 κακίας

308 2147 583 2224 λείψανον,
644 2151 782 2207 ἀλλὰ
825 2151 924 2218 τὴν
977 2151 1170 2228 ἀρετ-ἧι
1229 2150 1424 2225 ἄζυμον
1455 2149 1631 2228 ἔχειν,
1670 2150 1746 2224 μὴ
1791 2171 1958 2228 φυρα-

302 2240 492 2293 θεϊσαν
550 2239 585 2307 ἢ
621 2241 1027 2319 ἂνακραθεῖσαν⁶
1071 2241 1168 2297 οἶά
1199 2263 1300 2296 τινι
1351 2241 1512 2319 ζύμῃ,
1545 2245 1613 2315 τῇ
1644 2238 1846 2310 παλαιᾷ
1875 2239 1961 2294 καὶ

303 2335 470 2406 πικρᾷ
530 2329 651 2403 ἕξει,
735 2332 801 2399 ἢν
878 2330 1215 2405 ἐσιτούμεθα,
1298 2329 1386 2386 ὅτε

306 2421 538 2498 ἁμαρτίᾳ
606 2420 883 2500 διήγομεν,
951 2422 1010 2478 Τί
1073 2419 1125 2476 δὲ
1199 2423 1260 2476 τὸ
1318 2420 1673 2497 Αἶγυπτιακὸν
1727 2419 1962 2495 φύραμα,

307 2509 466 2572 αὖτὸς
509 2513 535 2566 ὁ
583 2511 844 2590 Θεολὸγος
878 2511 1176 2590 ἑρμηνεῦΞι,
1211 2510 1290 2567 ὅτι
1323 2513 1394 2567 Τὸ
1430 2508 1575 2564 ἔθεον
1608 2506 1802 2584 δόγμα,
1837 2506 1872 2574 ἣ
1905 2508 1964 2562 τὸ

1474 2332 1527 2384 εν
1595 2331 1841 2406 Αἰγύπτῳ
1895 2334 1963 2404 τῇ

312 2603 582 2656 σ’ίοτεινὸν
615 2604 698 2658 καὶ
729 2603 956 2679 ῥυπαρὸν
989 2602 1165 2680 ἔργον.

2057 1722 2304 1784 ramque
2337 1707 2580 1768 vitutem
2612 1727 2677 1768 ac
2710 1709 3064 1788 theologiam
3102 1712 3535 1769 consectantes.
3560 1705 3694 1766 Sin-

2056 1793 2272 1854 ceritas
2304 1798 2485 1867 enim,
2525 1805 2612 1857 est
2647 1797 2775 1858 vitae
2807 1800 3054 1878 puritas;
3103 1797 3320 1857 veritas
3351 1804 3550 1855 autem
3586 1794 3696 1854 do-

2056 1881 2259 1943 ctrinae
2289 1883 2548 1964 ﬁdeique
2581 1886 2889 1964 integritas
2922 1896 2978 1947 et
3011 1885 3323 1947 rectitudo.
3360 1883 3425 1944 In
3471 1903 3701 1943 summa

2052 1971 2249 2052 itaque
2309 1992 2414 2053 per
2461 1975 2859 2038 sinceritatem
2917 1986 2973 2039 et
3023 1977 3329 2038 veritatem
3365 1974 3614 2034 activam
3648 1983 3704 2032 et

2053 2061 2448 2141 theologicam
2487 2065 2837 2146 sapientiam
2873 2063 3426 2145 designavit.Porro
3452 2081 3705 2140 quema«

2051 2149 2291 2212 modum
2353 2154 2636 2216 Israelita;
2687 2174 2758 2217 ex
2808 2156 3058 2237 [Egypto
3095 2154 3449 2217 excedentes
3485 2151 3701 2213 nullam

2048 2257 2249 2302 secum
2281 2241 2673 2323 IEgyptiacam
2733 2246 3072 2307 mistionem
3114 2265 3179 2307 ac
3215 2242 3701 2322 conspersionem

2051 2339 2267 2410 praeter
2297 2331 2548 2394 farinam
2577 2337 2758 2396 solam
2792 2335 3172 2396 deferebant:
3197 2335 3282 2394 sic
3308 2332 3479 2394 nobis
3500 2333 3700 2401 etiam,

2051 2439 2182 2480 cum
2217 2438 2250 2480 a
2282 2431 2523 2500 peccato
2577 2425 2940 2505 recedimus,
2996 2423 3426 2505 providendum
3484 2429 3595 2501 est,
3630 2440 3704 2481 ne

2051 2528 2194 2588 quas
2226 2511 2496 2590 pristinae
2531 2514 2772 2575 malitiae
2817 2515 3101 2594 reliquias
3134 2530 3466 2586 servemus,
3498 2529 3700 2571 verum

2050 2605 2116 2660 ut
2139 2599 2618 2663 infermentatam
2645 2605 2916 2665 virtutem
2946 2603 3268 2665 habeamus
3287 2620 3402 2662 non
3427 2617 3703 2678 consper-

313 2705 438 2747 sam
470 2708 537 2750 ac
573 2692 917 2771 pormistam
947 2708 1078 2752 cum
1115 2689 1299 2752 veteri
1331 2697 1507 2770 atque
1539 2703 1740 2748 amara
1769 2685 1954 2746 animi
2003 2687 2375 2764 habitudine,
2435 2693 2601 2772 quasi
2636 2693 2931 2755 fermento
2964 2692 3244 2773 quodam,
3272 2711 3386 2772 quo
3419 2688 3698 2750 vesceba-

314 2793 470 2850 mur,
507 2778 566 2838 in
603 2787 864 2859 peccato,
897 2789 1169 2860 tanquam
1197 2779 1255 2838 in
1288 2777 1565 2858 Egypto,
1597 2792 2130 2837 commoraremur.
2158 2777 2306 2849 Quid
2343 2789 2534 2840 autem
2573 2781 2648 2841 sit
2678 2781 3085 2861 [Egyptiacum
3115 2777 3698 2853 fermentum,’l‘heo-

311 2865 480 2944 logus
510 2869 634 2948 ipse
667 2870 1120 2948 interpretatur,
1155 2868 1338 2950 impia
1369 2886 1586 2946 nempe
1618 2866 1911 2937 doctrina,
1948 2876 2049 2927 aut
2081 2868 2393 2930 tenebrosa
2417 2880 2475 2931 et
2501 2871 2741 2933 sordida
2765 2872 2938 2934 actio.

391 2957 517 3020 Col.
587 2957 699 3021 397
782 2959 826 3020 Β
897 2959 952 3020 3.
1037 2961 1169 3022 Χθές
1246 2958 1777 3036 συνεσταυρούμτιν...
1841 2979 1961 3010 συν-

2127 2959 2284 3020 Hori
2313 2976 2444 3020 cum
2479 2960 2720 3024 Christo
2751 2963 2812 3022 in
2838 2979 3073 3023 crucem
3124 2960 3376 3038 agebar,
3415 2961 3526 3018 Per
3585 2957 3699 3016 hoc

304 3047 599 3125 εγείρομαι.
649 3052 719 3107 Τὸ
781 3051 912 3113 Χθὲς
965 3048 1180 3105 δύναται
1239 3049 1326 3104 καὶ
1377 3046 1501 3103 ὅλον
1533 3046 1832 3123 τὺνκαιρὸν
1863 3049 1960 3110 τῆς

2052 3045 2420 3118 adverbium,
2453 3048 2610 3124 heri,
2649 3060 2842 3130 potest
2899 3060 2959 3112 et
3008 3058 3188 3111 totum
3223 3046 3694 3129 quadragesima)

313 3144 752 3213 Τεσσαρακοστῆς
828 3139 1165 3196 αἰνίττεσθαι.
1233 3138 1363 3201 Χθές
1438 3137 1546 3208 οὖν,
1596 3136 1753 3212 φησὶν
1834 3155 1958 3189 συν.

2052 3145 2280 3216 tempus
2299 3137 2642 3216 signiﬁcari.
2681 3141 2820 3203 Heri
2856 3142 3056 3221 igitur,
3094 3139 3304 3220 inquit,
3336 3156 3469 3200 cum
3521 3133 3698 3197 Chri-

317 3229 676 3304 εσταυρούμην
737 3236 970 3308 Χριστῷ,
1047 3234 1150 3283 τιον
1232 3228 1438 3305 γηίνων
1496 3226 1814 3300 ὖψούμενος,
1875 3224 1961 3280 καὶ

2052 3233 2140 3287 sto
2171 3226 2231 3286 in
2265 3246 2500 3289 crucem
2534 3230 3196 3310 sufﬁgehar,aterrenis
3225 3229 3406 3288 rebus
3440 3233 3697 3287 mentem

312 3318 413 3379 τῆς
455 3316 569 3372 κατ’
616 3317 886 3396 ἐνέργειαν
929 3319 1191 3393 ἁμαρτίας
1263 3317 1628 3394 ἀπεχόμενος,
1692 3315 1778 3368 καὶ
1838 3336 1964 3368 oua--

2052 3316 2407 3397 subvehens,
2454 3327 2630 3398 atque
2683 3320 2757 3380 ab
2817 3329 2950 3382 actu
3012 3319 3239 3400 peccati
3282 3318 3611 3394 abstinens,
3646 3321 3704 3374 et

317 3407 639 3481 ενεγροῦμην
670 3410 758 3464 καὶ
789 3408 1194 3481 συνεθαπτὸμην
1229 3407 1317 3462 καὶ
1362 3407 1492 3484 πρὸς
1540 3405 1669 3460 αὕτα
1727 3404 1791 3458 τὰ
1822 3404 1964 3467 πάθη

2053 3407 2491 3469 commoriebar
2537 3418 2595 3470 et
2648 3411 3124 3491 consepeliebar,
3190 3410 3472 3471 nimirum
3505 3404 3699 3482 quoad

317 3496 407 3552 καὶ
460 3497 556 3563 τὴν
616 3499 752 3552 κατὰ
797 3505 916 3554 νοῦν
976 3495 1232 3575 ἁμαρτίαν
1294 3496 1467 3570 μενων
1508 3495 1685 3571 νεκρὸς
1720 3494 1803 3547 ιιαὶ
1849 3493 1969 3546 ἀκί-

319 3607 500 3650 νητος.
559 3588 805 3664 Σήμερον
857 3587 1168 3665 ἐνεργοῧμαι
1229 3588 1289 3640 τὸ
1349 3583 1646 3655 δοξάζεσθαι
1710 3585 1769 3638 τὸ
1826 3589 1966 3653 ζωο-

311 3678 602 3755 ποιεῖσθαι,
664 3679 723 3730 τὸ
782 3676 1166 3741 ἐξανίστασθαι,
1209 3677 1352 3732 Κατὰ
1405 3675 1660 3729 ἀντίθεσιν
1711 3671 1763 3726 δὲ
1815 3695 1965 3752 σχη-

308 3766 517 3840 ματίζει
579 3768 670 3821 τὸν
728 3767 888 3845 λόγον
942 3768 969 3822 ὁ
1031 3765 1313 3842 Θεολόγος.
1371 3762 1687 3820 Ἀντὶκειται
1748 3764 1846 3840 γὰρ
1897 3770 1964 3839 τῇ

304 3857 402 3930 μὲν
458 3853 634 3928 ἀδοξία
664 3864 756 3914 τοῦ
804 3864 1047 3936 σταυροῦ,
1098 3859 1129 3923 ἦ
1177 3854 1318 3929 δόξα,
1376 3861 1442 3930 τῇ
1492 3853 1544 3908 δὲ
1593 3853 1867 3931 νεκρώσει,
1929 3856 1963 3921 ἡ

299 3948 440 4019 ζωὴ,
494 3951 557 4022 τῇ
590 3944 644 4001 δὲ
669 3953 834 4027 ταφῇ,
867 3949 901 4014 ἡ
949 3947 1256 4006 ἀνάστασις.
1311 3946 1406 4002 Καὶ
1457 3944 1550 4021 ὅρα
1603 3942 1960 3998 ἀκολουθίαν·

304 4035 520 4111 Πρῶτον
551 4037 651 4114 γὰρ
688 4039 1007 4114 σταύρωσις,
1066 4036 1196 4114 ὅπερ
1261 4035 1370 4090 ἐστὶ
1404 4032 1634 4095 κώλυσις
1687 4037 1786 4097 τῆς
1843 4029 1962 4086 κατ’

307 4123 574 4203 ἐνέργειαν
637 4126 897 4206 ἁμαρτίας
939 4145 950 4157 ·

303 4213 472 4281 στολὴ
529 4213 627 4280 τῆς
659 4218 793 4271 κατὰ
828 4214 947 4270 νοῦν
991 4213 1196 4292 φαύλης
1242 4214 1528 4280 κινήσεως·
1577 4210 1750 4287 τρίτον
1791 4208 1959 4287 ταφὴ,

307 4303 577 4359 τουτέστιν
641 4305 904 4383 ἀναίρεσις
965 4307 1054 4359 καὶ
1115 4306 1278 4369 αὐτῆς
1335 4307 1431 4368 τῆς
1505 4303 1634 4378 πρὸς
1692 4300 1758 4354 τα
1818 4297 1961 4362 πλθη

1429 4383 1603 4458 ιὈταν
1662 4389 1762 4467 γὰρ
1817 4387 1960 4443 ἀπο-

1001 4124 1240 4204 δεύτερον
1300 4124 1574 4202 νεάρωσις,
1644 4121 1806 4198 ἤγουν
1864 4142 1960 4174 συ-

307 4392 572 4473 ἐνεργείας
609 4413 622 4427 ·
687 4394 963 4474 τέταρτον,
1026 4393 1338 4454 ἀνάστασις.

313 4485 574 4563 σχώμεθα
607 4491 701 4540 τοῦ
756 4482 872 4541 καν⁹
920 4483 1184 4564 ἐνέργειαν
1237 4481 1582 4561 ἁμαρτάνειν,
1632 4483 1751 4535 εἶτα
1780 4477 1959 4533 ἐντεῦ-

2053 3495 2215 3575 ipsos
2247 3497 2423 3558 etiam
2477 3500 2720 3562 affectus
2744 3510 2802 3561 et
2833 3500 3061 3581 peccati
3094 3500 3493 3578 cognitionem
3534 3513 3702 3554 mor-

2056 3594 2187 3646 tuus
2216 3595 2394 3666 atque
2419 3589 2741 3651 immobilis
2767 3588 3238 3653 manens.Hodie
3267 3589 3374 3651 Dei
3405 3584 3703 3666 operatio-

2053 3693 2128 3735 ne
2161 3677 2483 3754 gloriﬁcor,
2512 3679 2773 3741 viviﬁcor
2809 3689 2868 3741 et
2901 3699 3172 3759 resurgo.
3231 3676 3564 3742 Antithesis
3600 3693 3702 3734 au-

2053 3777 2170 3824 tem
2208 3767 2392 3845 ﬁgura
2428 3769 2608 3829 utitur
2639 3769 3216 3850 Theologus.Crucis
3249 3768 3405 3830 enim
3441 3764 3700 3843 ignomi—

2051 3854 2164 3914 uiae
2196 3857 2518 3936 opponitur
2546 3859 3205 3941 gloria,mortiﬁcationi
3234 3853 3703 3935 vita,sepulturae

2046 3946 2430 4007 resurrectio.
2481 3948 2563 4018 Ac
2586 3949 2743 4019 vide,
2782 3968 2961 4028 quam
2997 3958 3131 4029 apto
3163 3947 3373 4008 ordine
3408 3946 3531 4005 haec
3563 3961 3698 4003 ver-

2048 4032 2122 4093 ba
2138 4033 2421 4113 disposita
2454 4036 2594 4100 sint.
2637 4038 2926 4100 Praecedit
2957 4042 3116 4101 enim
3149 4032 3546 4113 cruciﬁxio,id
3585 4038 3697 4112 est,

2049 4140 2118 4183 ea
2150 4123 2260 4204 vis,
2289 4143 2404 4204 qua
2436 4144 2544 4187 nos
2573 4127 2736 4206 ipsos
2766 4130 3090 4200 freuamus,
3143 4145 3217 4188 ne
3267 4132 3572 4206 peccatum
3635 4121 3695 4181 in

2046 4220 2212 4273 actus
2235 4223 2422 4276 exeat.
2452 4213 2734 4295 Sequitur
2774 4217 3172 4290 mortiﬁcatio,
3210 4216 3322 4275 hoc
3355 4223 3470 4284 est,
3522 4211 3701 4298 vitio:

2047 4321 2247 4362 sorum
2283 4305 2461 4363 animi
2499 4314 2761 4365 motuum
2801 4305 3193 4385 compressio.
3231 4303 3380 4364 Huic
3433 4301 3700 4382 proxima

2048 4401 2136 4452 est
2180 4393 2506 4472 sepultura,
2543 4395 2604 4456 id
2657 4405 2768 4470 est,
2823 4395 3012 4475 ipsius
3056 4411 3294 4474 quoque
3327 4391 3486 4454 circa
3517 4388 3703 4448 animi

2050 4482 2423 4545 turbulentos
2451 4494 2641 4546 motus
2672 4487 2919 4547 actionis
2952 4483 3286 4548 exstinctio.
3320 4484 3699 4544 Postremum

306 4576 391 4629 θεν
424 4575 784 4652 προκὸψωμεν
818 4576 890 4638 εἰς
951 4577 1011 4630 τὸ
1065 4574 1202 4646 μηδὲ
1234 4573 1370 4629 κατὰ
1419 4578 1536 4626 νοῦν
1584 4568 1959 4646 πολεμεῖσθαι,

2052 4572 2242 4634 locum
2298 4582 2456 4636 tenet
2507 4577 2883 4638 resurrectio.
2949 4575 3092 4638 Nam
3130 4593 3261 4635 cum
3299 4571 3372 4634 ab
3421 4568 3704 4651 Operibus

307 4661 445 4721 ἀλλὰ
511 4671 686 4721 πᾶσαν
763 4666 972 4731 κίνησιν
1032 4664 1404 4742 ὰμαρτητικὴν
1477 4662 1631 4718 οἱονεὶ
1682 4662 1958 4737 θαψωμεν,

307 4754 430 4810 τόόε
476 4757 502 4806 ὁ
551 4753 711 4831 λόγος
750 4757 910 4830 μόνος
971 4755 1024 4810 ἐν
1085 4757 1246 4830 ἡμῖν,
1281 4753 1460 4831 ὥσπερ
1489 4751 1549 4807 ἐκ.
1582 4757 1778 4830 νεκρῶν
1822 4752 1962 4826 ὲγηυ

306 4844 589 4922 γερμένος,
627 4845 992 4925 ἀναφαίνεται,

390 5112 540 5176 Ibid.
629 5115 687 5176 6.
766 5112 1010 5174 Ἀλλὰ...
1114 5113 1458 5172 οἰκειότατον.
1542 5109 1810 5168 Ἐντεῦθεν
1877 5107 1961 5163 ἐπὶ

309 5207 370 5262 τὸ
413 5208 512 5273 τῆς
567 5203 872 5280 συμϐουλῆς
919 5203 1065 5266 εἶδος
1113 5216 1286 5282 χωρεῖ
1346 5205 1372 5258 ὁ
1423 5201 1592 5278 μέγας
1637 5199 1838 5276 Πατὴρ,
1873 5207 1961 5260 καὶ

315 5295 666 5375 προτρέπεται
718 5301 928 5372 Χριστῷ
987 5304 1369 5370 καρποφορεῖν.
1440 5291 1655 5346 Δίκαιον
1713 5290 1834 5368 γὰρ,
1881 5285 1960 5341 ὅτι

1114 5113 1432 5169 οἰκειότατον
1446 5159 1458 5172 .

308 5390 394 5445 καὶ
427 5388 582 5452 αὐτὸς
615 5387 746 5464 ὑπὲρ
802 5387 958 5460 ἡμῶν
1016 5383 1226 5458 ἔπαθεν,
1291 5382 1382 5438 είνα
1412 5383 1508 5448 τὴν
1541 5381 1795 5440 ἀπάθειαν
1825 5383 1961 5455 ἡμῖν

305 5477 631 5555 προξενήσῃ,
692 5478 778 5532 καὶ
821 5476 952 5552 ὑπὲρ
1012 5474 1169 5546 ἡμῶν
1219 5471 1442 5545 ἀνέστη,
1476 5471 1702 5549 ἀπαρχὴ
1732 5470 1962 5546 γενόμεηε⁹

2050 4664 2220 4723 malis
2253 4663 2741 4730 abstinuerimus.
2780 4686 2846 4728 ac
2881 4665 3099 4728 deinde
3133 4682 3200 4725 eo
3237 4660 3536 4742 progressi
3570 4659 3702 4720 fue-

2048 4754 2256 4833 rimus,
2291 4763 2450 4817 utne
2473 4757 2676 4820 animo
2709 4758 2949 4839 quidem
2983 4770 3420 4836 oppugnemur,
3457 4749 3560 4812 sed
3582 4768 3705 4810 om-

2049 4859 2153 4904 nes
2184 4845 2425 4907 vitiosos
2461 4857 2653 4910 motus
2688 4848 3109 4915 exciderimus,
3151 4854 3206 4905 et
3230 4846 3388 4905 velut
3433 4841 3704 4922 sepultu—

2045 4951 2110 4993 ra
2140 4934 2542 5017 effecerimus,
2579 4948 2698 5000 tum
2735 4939 2976 4998 demum
3013 4937 3138 4998 sola
3173 4934 3228 4993 in
3277 4933 3455 4993 nobis
3485 4930 3643 4991 velut
3674 4949 3706 4989 a

2046 5033 2240 5084 morte
2266 5025 2522 5088 excitata
2561 5029 2709 5088 ratio
2743 5028 2960 5089 elucet.

2125 5112 2378 5177 δείλη...
2413 5120 2680 5179 maxime
2703 5116 3052 5196 pra/niam,
3088 5108 3450 5175 cct.Transit
3475 5109 3596 5186 jam
3627 5105 3698 5166 ad

2047 5201 2417 5265 deliberativi
2493 5208 2731 5284 generis
2789 5205 3051 5284 speciem
3111 5201 3472 5278 Theologus,
3519 5205 3696 5275 atque

2045 5290 2404 5364 hortatur,ut
2440 5295 2678 5357 Christo
2705 5313 2958 5358 numera
2988 5293 3324 5355 oﬁ‘eramus:
3354 5304 3585 5366 {equum
3612 5293 3700 5345 cst

2047 5381 2230 5448 enim.
2269 5384 2549 5463 quoniam
2599 5385 2726 5466 ipse
2757 5403 2993 5466 quoque
3050 5389 3250 5442 nostra
3284 5394 3459 5438 causa
3485 5391 3700 5466 passus

2047 5477 2158 5545 est;
2194 5479 2255 5531 ut
2279 5473 2450 5533 nobis
2485 5465 2823 5552 passionum
2851 5465 3286 5535 immunitatem
3321 5465 3696 5533 conciliaret;

305 5591 392 5632 νος
424 5566 786 5638 ἀναστάσεως,
840 5563 932 5620 ’ίνα
981 5560 1196 5640 βεϐαίαν
1245 5561 1459 5642 ἔχωμεν
1492 5562 1588 5629 τὴν
1623 5559 1806 5617 ἐλπίδα
1862 5561 1960 5628 τῆς

2052 5576 2116 5623 ac
2145 5578 2253 5640 pro
2277 5562 2450 5624 nobis
2484 5566 2832 5642 resurrexit,
2864 5561 3141 5645 primitiae
3174 5556 3456 5619 videlicet
3487 5570 3700 5616 resur-

302 5657 669 5718 ἀναστάσεως.
717 5655 823 5723 Tr};
877 5655 976 5733 γὰρ
1026 5651 1265 5731 κεφαλῆς
1313 5651 1644 5730 ἀναστάσης,
1679 5648 1764 5706 δεῖ
1818 5653 1958 5709 παν·-

2052 5651 2331 5712 reclionis
2359 5653 2570 5730 factus,
2621 5663 2681 5717 ut
2731 5655 2957 5717 ﬁrmam
3014 5645 3478 5716 resurrectionis
3531 5660 3698 5731 spem

392 5826 476 5908 (1)
512 5831 706 5883 Χαῦνοι
728 5823 792 5906 b,
827 5821 986 5906 quod
1021 5820 1206 5903 magis
1227 5819 1600 5897 convenitn‘p
1624 5816 2021 5880 συστέλλεσθαι.
