  <div class='ocr_page' id='page_1' title='image "/cluster/home/n/w/nwhite01/storage/ocr_20150623/36:no.2/coo.31924054869338/487.png"; bbox 0 0 4102 6446; ppageno 0'>
   <div class='ocr_carea' id='block_1_1' title="bbox 415 269 3813 343">
    <p class='ocr_par' dir='ltr' id='par_1_1' title="bbox 415 269 3813 343">
     <span class='ocr_line' id='line_1_1' title="bbox 415 269 3813 343; baseline 0.001 -8"><span class='ocrx_word' id='word_1_1' title='bbox 415 269 538 335; x_wconf 82' lang='grc'><strong>955</strong></span> <span class='ocrx_word' id='word_1_2' title='bbox 1717 271 2043 335; x_wconf 83' lang='lat' dir='ltr'><strong>NICETAS</strong></span> <span class='ocrx_word' id='word_1_3' title='bbox 2087 273 2519 340; x_wconf 80' lang='lat' dir='ltr'><strong>SERRONIUS</strong></span> <span class='ocrx_word' id='word_1_4' title='bbox 3687 277 3813 343; x_wconf 81' lang='lat'><strong>956</strong></span> 
     </span>
    </p>
   </div>
   <div class='ocr_carea' id='block_1_2' title="bbox 407 406 2060 496">
    <p class='ocr_par' dir='ltr' id='par_1_2' title="bbox 407 406 2060 490">
     <span class='ocr_line' id='line_1_2' title="bbox 407 406 2060 490; baseline 0.002 -22"><span class='ocrx_word' id='word_1_5' title='bbox 407 407 626 469; x_wconf 90' lang='lat' dir='ltr'><strong>animis</strong></span> <span class='ocrx_word' id='word_1_6' title='bbox 655 407 895 470; x_wconf 81' lang='lat' dir='ltr'><strong>inﬁxam</strong></span> <span class='ocrx_word' id='word_1_7' title='bbox 926 406 1278 472; x_wconf 84' lang='lat' dir='ltr'><strong>habeamus.</strong></span> <span class='ocrx_word' id='word_1_8' title='bbox 1311 407 1455 470; x_wconf 87' lang='lat' dir='ltr'><strong>Nam</strong></span> <span class='ocrx_word' id='word_1_9' title='bbox 1483 428 1617 471; x_wconf 91' lang='lat' dir='ltr'><strong>cum</strong></span> <span class='ocrx_word' id='word_1_10' title='bbox 1648 417 1821 490; x_wconf 89' lang='lat' dir='ltr'><strong>caput</strong></span> <span class='ocrx_word' id='word_1_11' title='bbox 1850 427 2060 473; x_wconf 83' lang='lat' dir='ltr'><strong>resur-</strong></span> 
     </span>
    </p>
   </div>
   <div class='ocr_carea' id='block_1_3' title="bbox 2148 406 3814 496">
    <p class='ocr_par' dir='ltr' id='par_1_3' title="bbox 2149 413 3814 496">
     <span class='ocr_line' id='line_1_3' title="bbox 2149 413 3814 496; baseline 0.001 -28"><span class='ocrx_word' id='word_1_12' title='bbox 2149 433 2256 474; x_wconf 85' lang='grc' dir='ltr'><strong>τως</strong></span> <span class='ocrx_word' id='word_1_13' title='bbox 2312 414 2400 469; x_wconf 82' lang='grc' dir='ltr'><strong>καὶ</strong></span> <span class='ocrx_word' id='word_1_14' title='bbox 2438 413 2581 470; x_wconf 76' lang='grc' dir='ltr'>ἅπαν</span> <span class='ocrx_word' id='word_1_15' title='bbox 2635 413 2696 470; x_wconf 80' lang='grc' dir='ltr'>τὸ</span> <span class='ocrx_word' id='word_1_16' title='bbox 2741 419 2896 489; x_wconf 57' lang='grc' dir='ltr'>σῶμα</span> <span class='ocrx_word' id='word_1_17' title='bbox 2955 413 3274 482; x_wconf 74' lang='grc' dir='ltr'>ἀναστῆναι.</span> <span class='ocrx_word' id='word_1_18' title='bbox 3312 414 3408 473; x_wconf 81' lang='grc' dir='ltr'><strong>Καὶ</strong></span> <span class='ocrx_word' id='word_1_19' title='bbox 3435 428 3814 496; x_wconf 71' lang='grc' dir='ltr'>καρποφορεῖν</span> 
     </span>
    </p>
   </div>
   <div class='ocr_carea' id='block_1_4' title="bbox 406 497 2060 586">
    <p class='ocr_par' dir='ltr' id='par_1_4' title="bbox 406 497 2060 578">
     <span class='ocr_line' id='line_1_4' title="bbox 406 497 2060 578; baseline 0.001 -18"><span class='ocrx_word' id='word_1_20' title='bbox 406 499 650 572; x_wconf 82' lang='lat' dir='ltr'><strong>rexerit,</strong></span> <span class='ocrx_word' id='word_1_21' title='bbox 683 497 1024 560; x_wconf 90' lang='lat' dir='ltr'><strong>universum</strong></span> <span class='ocrx_word' id='word_1_22' title='bbox 1050 497 1224 560; x_wconf 89' lang='lat' dir='ltr'><strong>etiam</strong></span> <span class='ocrx_word' id='word_1_23' title='bbox 1259 518 1472 578; x_wconf 89' lang='lat' dir='ltr'><strong>corpus</strong></span> <span class='ocrx_word' id='word_1_24' title='bbox 1503 518 1821 578; x_wconf 86' lang='lat' dir='ltr'><strong>resurgere</strong></span> <span class='ocrx_word' id='word_1_25' title='bbox 1852 519 2060 563; x_wconf 74' lang='lat' dir='ltr'><strong>neces—</strong></span> 
     </span>
    </p>
   </div>
   <div class='ocr_carea' id='block_1_5' title="bbox 2148 497 3811 586">
    <p class='ocr_par' dir='ltr' id='par_1_5' title="bbox 2151 500 3811 586">
     <span class='ocr_line' id='line_1_5' title="bbox 2151 500 3811 586; baseline 0.002 -29"><span class='ocrx_word' id='word_1_26' title='bbox 2151 500 2353 558; x_wconf 69' lang='grc' dir='ltr'>κελεύει</span> <span class='ocrx_word' id='word_1_27' title='bbox 2401 507 2459 561; x_wconf 72' lang='grc' dir='ltr'>οὗ</span> <span class='ocrx_word' id='word_1_28' title='bbox 2521 505 2719 583; x_wconf 75' lang='grc' dir='ltr'>χρυσὸν</span> <span class='ocrx_word' id='word_1_29' title='bbox 2771 505 2857 560; x_wconf 84' lang='grc' dir='ltr'><strong>καὶ</strong></span> <span class='ocrx_word' id='word_1_30' title='bbox 2931 502 3101 568; x_wconf 62' lang='grc' dir='ltr'>λίθους</span> <span class='ocrx_word' id='word_1_31' title='bbox 3161 506 3249 560; x_wconf 84' lang='grc' dir='ltr'><strong>καὶ</strong></span> <span class='ocrx_word' id='word_1_32' title='bbox 3317 502 3558 584; x_wconf 62' lang='grc' dir='ltr'>ἔργορον.</span> <span class='ocrx_word' id='word_1_33' title='bbox 3628 506 3811 586; x_wconf 59' lang='lat' dir='ltr'><strong>Magi:</strong></span> 
     </span>
    </p>
   </div>
   <div class='ocr_carea' id='block_1_6' title="bbox 398 589 2060 672">
    <p class='ocr_par' dir='ltr' id='par_1_6' title="bbox 398 589 2060 671">
     <span class='ocr_line' id='line_1_6' title="bbox 398 589 2060 671; baseline 0.001 -19"><span class='ocrx_word' id='word_1_34' title='bbox 398 608 465 652; x_wconf 85' lang='lat' dir='ltr'><strong>se</strong></span> <span class='ocrx_word' id='word_1_35' title='bbox 480 591 802 666; x_wconf 84' lang='lat' dir='ltr'><strong>est.Atque</strong></span> <span class='ocrx_word' id='word_1_36' title='bbox 833 589 1048 651; x_wconf 68' lang='lat' dir='ltr'><strong>offerre</strong></span> <span class='ocrx_word' id='word_1_37' title='bbox 1074 590 1392 670; x_wconf 92' lang='lat' dir='ltr'><strong>jubet,non</strong></span> <span class='ocrx_word' id='word_1_38' title='bbox 1419 610 1625 653; x_wconf 90' lang='lat' dir='ltr'><strong>aurum</strong></span> <span class='ocrx_word' id='word_1_39' title='bbox 1649 601 1704 654; x_wconf 88' lang='lat' dir='ltr'><strong>et</strong></span> <span class='ocrx_word' id='word_1_40' title='bbox 1723 603 2060 671; x_wconf 78' lang='lat' dir='ltr'><strong>argentum,</strong></span> 
     </span>
    </p>
   </div>
   <div class='ocr_carea' id='block_1_7' title="bbox 2148 589 3812 672">
    <p class='ocr_par' dir='ltr' id='par_1_7' title="bbox 2150 592 3812 672">
     <span class='ocr_line' id='line_1_7' title="bbox 2150 592 3812 672; baseline 0.003 -25"><span class='ocrx_word' id='word_1_41' title='bbox 2150 593 2250 671; x_wconf 78' lang='grc' dir='ltr'><strong>γὰρ</strong></span> <span class='ocrx_word' id='word_1_42' title='bbox 2294 599 2458 649; x_wconf 82' lang='grc' dir='ltr'>ταῦτα</span> <span class='ocrx_word' id='word_1_43' title='bbox 2509 595 2596 650; x_wconf 83' lang='grc' dir='ltr'><strong>καὶ</strong></span> <span class='ocrx_word' id='word_1_44' title='bbox 2641 592 2852 672; x_wconf 71' lang='grc' dir='ltr'>εὖτελῆ,</span> <span class='ocrx_word' id='word_1_45' title='bbox 2923 594 3028 649; x_wconf 76' lang='grc' dir='ltr'><strong>ὁπὸ</strong></span> <span class='ocrx_word' id='word_1_46' title='bbox 3059 599 3161 672; x_wconf 72' lang='grc' dir='ltr'><strong>γῆς</strong></span> <span class='ocrx_word' id='word_1_47' title='bbox 3204 593 3262 650; x_wconf 78' lang='grc' dir='ltr'>τὶ</span> <span class='ocrx_word' id='word_1_48' title='bbox 3298 593 3421 651; x_wconf 72' lang='grc' dir='ltr'>ὄντα</span> <span class='ocrx_word' id='word_1_49' title='bbox 3481 597 3570 652; x_wconf 82' lang='grc' dir='ltr'><strong>καὶ</strong></span> <span class='ocrx_word' id='word_1_50' title='bbox 3617 602 3688 671; x_wconf 74' lang='grc' dir='ltr'>τξ,</span> <span class='ocrx_word' id='word_1_51' title='bbox 3731 600 3812 672; x_wconf 74' lang='grc' dir='ltr'><strong>γῇ</strong></span> 
     </span>
    </p>
   </div>
   <div class='ocr_carea' id='block_1_8' title="bbox 400 679 2060 762">
    <p class='ocr_par' dir='ltr' id='par_1_8' title="bbox 400 679 2060 762">
     <span class='ocr_line' id='line_1_8' title="bbox 400 679 2060 762; baseline 0.004 -22"><span class='ocrx_word' id='word_1_52' title='bbox 400 697 789 760; x_wconf 87' lang='lat' dir='ltr'><strong>gemmasque</strong></span> <span class='ocrx_word' id='word_1_53' title='bbox 821 679 1314 760; x_wconf 84' lang='lat' dir='ltr'><strong>pretiosas,parva</strong></span> <span class='ocrx_word' id='word_1_54' title='bbox 1347 681 1504 742; x_wconf 92' lang='lat' dir='ltr'><strong>enim</strong></span> <span class='ocrx_word' id='word_1_55' title='bbox 1541 689 1899 762; x_wconf 64' lang='lat' dir='ltr'><strong>teirenaque</strong></span> <span class='ocrx_word' id='word_1_56' title='bbox 1933 683 2060 746; x_wconf 71' lang='lat' dir='ltr'><strong>haec</strong></span> 
     </span>
    </p>
   </div>
   <div class='ocr_carea' id='block_1_9' title="bbox 2148 679 3810 762">
    <p class='ocr_par' dir='ltr' id='par_1_9' title="bbox 2148 679 3810 758">
     <span class='ocr_line' id='line_1_9' title="bbox 2148 679 3810 758; baseline 0.002 -22"><span class='ocrx_word' id='word_1_57' title='bbox 2148 679 2563 757; x_wconf 80' lang='grc' dir='ltr'>ἐναπομένοντα,</span> <span class='ocrx_word' id='word_1_58' title='bbox 2620 682 2744 738; x_wconf 83' lang='grc' dir='ltr'>ἀλλ’</span> <span class='ocrx_word' id='word_1_59' title='bbox 2774 683 2868 740; x_wconf 70' lang='grc' dir='ltr'><strong>οῦκ</strong></span> <span class='ocrx_word' id='word_1_60' title='bbox 2911 682 3295 740; x_wconf 71' lang='grc' dir='ltr'><strong>ἀκολουθοῦντα</strong></span> <span class='ocrx_word' id='word_1_61' title='bbox 3347 699 3461 750; x_wconf 71' lang='grc' dir='ltr'>τοῖς</span> <span class='ocrx_word' id='word_1_62' title='bbox 3517 685 3810 758; x_wconf 81' lang='grc' dir='ltr'>κτησαμέ-</span> 
     </span>
    </p>
   </div>
   <div class='ocr_carea' id='block_1_10' title="bbox 395 769 2059 852">
    <p class='ocr_par' dir='ltr' id='par_1_10' title="bbox 395 769 2059 852">
     <span class='ocr_line' id='line_1_10' title="bbox 395 769 2059 852; baseline -0.001 -20"><span class='ocrx_word' id='word_1_63' title='bbox 395 779 559 850; x_wconf 90' lang='lat' dir='ltr'><strong>sunt,</strong></span> <span class='ocrx_word' id='word_1_64' title='bbox 601 771 876 831; x_wconf 88' lang='lat' dir='ltr'><strong>nimirum</strong></span> <span class='ocrx_word' id='word_1_65' title='bbox 903 788 1033 850; x_wconf 64' lang='lat' dir='ltr'><strong>qua;</strong></span> <span class='ocrx_word' id='word_1_66' title='bbox 1065 790 1095 830; x_wconf 91' lang='lat' dir='ltr'><strong>a</strong></span> <span class='ocrx_word' id='word_1_67' title='bbox 1133 778 1290 833; x_wconf 89' lang='lat' dir='ltr'><strong>terra</strong></span> <span class='ocrx_word' id='word_1_68' title='bbox 1327 769 1618 851; x_wconf 80' lang='lat' dir='ltr'><strong>oriantur,</strong></span> <span class='ocrx_word' id='word_1_69' title='bbox 1652 781 1828 852; x_wconf 88' lang='lat' dir='ltr'><strong>atque</strong></span> <span class='ocrx_word' id='word_1_70' title='bbox 1853 771 1912 832; x_wconf 93' lang='lat' dir='ltr'><strong>in</strong></span> <span class='ocrx_word' id='word_1_71' title='bbox 1935 780 2059 832; x_wconf 85' lang='lat' dir='ltr'><strong>ter-</strong></span> 
     </span>
    </p>
   </div>
   <div class='ocr_carea' id='block_1_11' title="bbox 395 859 2063 942">
    <p class='ocr_par' dir='ltr' id='par_1_11' title="bbox 395 859 2063 942">
     <span class='ocr_line' id='line_1_11' title="bbox 395 859 2063 942; baseline 0.001 -20"><span class='ocrx_word' id='word_1_72' title='bbox 395 878 462 922; x_wconf 88' lang='lat' dir='ltr'><strong>ra</strong></span> <span class='ocrx_word' id='word_1_73' title='bbox 486 868 830 921; x_wconf 75' lang='lat' dir='ltr'><strong>remaneant</strong></span> <span class='ocrx_word' id='word_1_74' title='bbox 863 878 970 920; x_wconf 90' lang='lat' dir='ltr'><strong>nec</strong></span> <span class='ocrx_word' id='word_1_75' title='bbox 1004 859 1278 921; x_wconf 90' lang='lat' dir='ltr'><strong>dominos</strong></span> <span class='ocrx_word' id='word_1_76' title='bbox 1314 879 1454 922; x_wconf 86' lang='lat' dir='ltr'><strong>suos</strong></span> <span class='ocrx_word' id='word_1_77' title='bbox 1485 861 1868 935; x_wconf 88' lang='lat' dir='ltr'><strong>comitentur,</strong></span> <span class='ocrx_word' id='word_1_78' title='bbox 1930 881 2063 942; x_wconf 74' lang='lat' dir='ltr'><strong>quae</strong></span> 
     </span>
    </p>
   </div>
   <div class='ocr_carea' id='block_1_12' title="bbox 400 949 2059 1031">
    <p class='ocr_par' dir='ltr' id='par_1_12' title="bbox 400 949 2059 1031">
     <span class='ocr_line' id='line_1_12' title="bbox 400 949 2059 1031; baseline 0.001 -19"><span class='ocrx_word' id='word_1_79' title='bbox 400 950 576 1012; x_wconf 86' lang='lat' dir='ltr'><strong>etiam</strong></span> <span class='ocrx_word' id='word_1_80' title='bbox 602 951 776 1011; x_wconf 90' lang='lat' dir='ltr'><strong>homo</strong></span> <span class='ocrx_word' id='word_1_81' title='bbox 810 949 1302 1011; x_wconf 79' lang='lat' dir='ltr'><strong>sceleratissimus</strong></span> <span class='ocrx_word' id='word_1_82' title='bbox 1332 950 1504 1013; x_wconf 81' lang='lat' dir='ltr'><strong>facile</strong></span> <span class='ocrx_word' id='word_1_83' title='bbox 1561 951 1885 1031; x_wconf 83' lang='lat' dir='ltr'><strong>paraverit,</strong></span> <span class='ocrx_word' id='word_1_84' title='bbox 1915 960 1973 1013; x_wconf 91' lang='lat' dir='ltr'><strong>et</strong></span> <span class='ocrx_word' id='word_1_85' title='bbox 2001 953 2059 1013; x_wconf 92' lang='lat' dir='ltr'><strong>in</strong></span> 
     </span>
    </p>
   </div>
   <div class='ocr_carea' id='block_1_13' title="bbox 401 1039 2061 1122">
    <p class='ocr_par' dir='ltr' id='par_1_13' title="bbox 401 1039 2061 1122">
     <span class='ocr_line' id='line_1_13' title="bbox 401 1039 2061 1122; baseline 0.001 -22"><span class='ocrx_word' id='word_1_86' title='bbox 401 1059 532 1122; x_wconf 63' lang='lat' dir='ltr'><strong>quae</strong></span> <span class='ocrx_word' id='word_1_87' title='bbox 560 1040 763 1119; x_wconf 82' lang='lat' dir='ltr'><strong>majori</strong></span> <span class='ocrx_word' id='word_1_88' title='bbox 787 1039 971 1100; x_wconf 89' lang='lat' dir='ltr'><strong>animi</strong></span> <span class='ocrx_word' id='word_1_89' title='bbox 995 1039 1190 1101; x_wconf 93' lang='lat' dir='ltr'><strong>studio</strong></span> <span class='ocrx_word' id='word_1_90' title='bbox 1215 1048 1271 1100; x_wconf 91' lang='lat' dir='ltr'><strong>et</strong></span> <span class='ocrx_word' id='word_1_91' title='bbox 1292 1039 1677 1102; x_wconf 86' lang='lat' dir='ltr'><strong>contentione</strong></span> <span class='ocrx_word' id='word_1_92' title='bbox 1710 1039 2061 1102; x_wconf 89' lang='lat' dir='ltr'><strong>incumbunt</strong></span> 
     </span>
    </p>
   </div>
   <div class='ocr_carea' id='block_1_14' title="bbox 401 1127 2058 1210">
    <p class='ocr_par' dir='ltr' id='par_1_14' title="bbox 401 1127 2058 1210">
     <span class='ocr_line' id='line_1_14' title="bbox 401 1127 2058 1210; baseline 0.001 -20"><span class='ocrx_word' id='word_1_93' title='bbox 401 1127 682 1209; x_wconf 87' lang='lat' dir='ltr'><strong>improbi,</strong></span> <span class='ocrx_word' id='word_1_94' title='bbox 716 1137 893 1210; x_wconf 89' lang='lat' dir='ltr'><strong>atque</strong></span> <span class='ocrx_word' id='word_1_95' title='bbox 926 1129 993 1203; x_wconf 91' lang='lat' dir='ltr'><strong>ii,</strong></span> <span class='ocrx_word' id='word_1_96' title='bbox 1021 1149 1168 1210; x_wconf 93' lang='lat' dir='ltr'><strong>quos</strong></span> <span class='ocrx_word' id='word_1_97' title='bbox 1202 1129 1410 1191; x_wconf 81' lang='lat' dir='ltr'><strong>mundi</strong></span> <span class='ocrx_word' id='word_1_98' title='bbox 1464 1131 1742 1210; x_wconf 89' lang='lat' dir='ltr'><strong>princeps</strong></span> <span class='ocrx_word' id='word_1_99' title='bbox 1777 1130 1834 1190; x_wconf 90' lang='lat' dir='ltr'><strong>in</strong></span> <span class='ocrx_word' id='word_1_100' title='bbox 1867 1131 2058 1193; x_wconf 89' lang='lat' dir='ltr'><strong>servi-</strong></span> 
     </span>
    </p>
   </div>
   <div class='ocr_carea' id='block_1_15' title="bbox 404 1217 2057 1300">
    <p class='ocr_par' dir='ltr' id='par_1_15' title="bbox 404 1217 2057 1300">
     <span class='ocr_line' id='line_1_15' title="bbox 404 1217 2057 1300; baseline 0.001 -21"><span class='ocrx_word' id='word_1_101' title='bbox 404 1226 585 1280; x_wconf 90' lang='lat' dir='ltr'><strong>tutem</strong></span> <span class='ocrx_word' id='word_1_102' title='bbox 609 1217 967 1297; x_wconf 77' lang='lat' dir='ltr'><strong>redegit.Sic</strong></span> <span class='ocrx_word' id='word_1_103' title='bbox 986 1227 1181 1281; x_wconf 90' lang='lat' dir='ltr'><strong>autem</strong></span> <span class='ocrx_word' id='word_1_104' title='bbox 1200 1229 1444 1281; x_wconf 88' lang='lat' dir='ltr'><strong>vocatur</strong></span> <span class='ocrx_word' id='word_1_105' title='bbox 1461 1219 1878 1293; x_wconf 89' lang='lat' dir='ltr'><strong>diabolus,non</strong></span> <span class='ocrx_word' id='word_1_106' title='bbox 1903 1221 2057 1300; x_wconf 93' lang='lat' dir='ltr'><strong>quod</strong></span> 
     </span>
    </p>
   </div>
   <div class='ocr_carea' id='block_1_16' title="bbox 401 1307 2056 1388">
    <p class='ocr_par' dir='ltr' id='par_1_16' title="bbox 401 1307 2056 1388">
     <span class='ocr_line' id='line_1_16' title="bbox 401 1307 2056 1388; baseline 0.001 -19"><span class='ocrx_word' id='word_1_107' title='bbox 401 1307 606 1369; x_wconf 92' lang='lat' dir='ltr'><strong>mundi</strong></span> <span class='ocrx_word' id='word_1_108' title='bbox 637 1317 696 1372; x_wconf 90' lang='lat' dir='ltr'><strong>et</strong></span> <span class='ocrx_word' id='word_1_109' title='bbox 727 1326 926 1372; x_wconf 89' lang='lat' dir='ltr'><strong>rerum</strong></span> <span class='ocrx_word' id='word_1_110' title='bbox 949 1318 1322 1371; x_wconf 88' lang='lat' dir='ltr'><strong>terrenarum</strong></span> <span class='ocrx_word' id='word_1_111' title='bbox 1347 1309 1666 1388; x_wconf 89' lang='lat' dir='ltr'><strong>imperium</strong></span> <span class='ocrx_word' id='word_1_112' title='bbox 1694 1317 1891 1371; x_wconf 85' lang='lat' dir='ltr'><strong>teneat</strong></span> <span class='ocrx_word' id='word_1_113' title='bbox 1924 1309 2056 1386; x_wconf 85' lang='lat' dir='ltr'><strong>(ab-</strong></span> 
     </span>
    </p>
   </div>
   <div class='ocr_carea' id='block_1_17' title="bbox 399 1399 2056 1482">
    <p class='ocr_par' dir='ltr' id='par_1_17' title="bbox 399 1399 2056 1482">
     <span class='ocr_line' id='line_1_17' title="bbox 399 1399 2056 1482; baseline 0.001 -23"><span class='ocrx_word' id='word_1_114' title='bbox 399 1399 654 1477; x_wconf 81' lang='lat' dir='ltr'><strong>sit!),sed</strong></span> <span class='ocrx_word' id='word_1_115' title='bbox 690 1401 845 1480; x_wconf 88' lang='lat' dir='ltr'><strong>quod</strong></span> <span class='ocrx_word' id='word_1_116' title='bbox 882 1399 1115 1480; x_wconf 89' lang='lat' dir='ltr'><strong>eos,qui</strong></span> <span class='ocrx_word' id='word_1_117' title='bbox 1139 1400 1408 1482; x_wconf 91' lang='lat' dir='ltr'><strong>improhe</strong></span> <span class='ocrx_word' id='word_1_118' title='bbox 1430 1399 1794 1462; x_wconf 87' lang='lat' dir='ltr'><strong>etscelerate</strong></span> <span class='ocrx_word' id='word_1_119' title='bbox 1837 1399 2056 1480; x_wconf 86' lang='lat' dir='ltr'><strong>vivunt,</strong></span> 
     </span>
    </p>
   </div>
   <div class='ocr_carea' id='block_1_18' title="bbox 402 1488 2060 1572">
    <p class='ocr_par' dir='ltr' id='par_1_18' title="bbox 402 1488 2060 1572">
     <span class='ocr_line' id='line_1_18' title="bbox 402 1488 2060 1572; baseline 0.002 -23"><span class='ocrx_word' id='word_1_120' title='bbox 402 1488 461 1549; x_wconf 92' lang='lat' dir='ltr'><strong>in</strong></span> <span class='ocrx_word' id='word_1_121' title='bbox 518 1495 805 1567; x_wconf 84' lang='lat' dir='ltr'><strong>potestate</strong></span> <span class='ocrx_word' id='word_1_122' title='bbox 863 1489 1099 1551; x_wconf 82' lang='lat' dir='ltr'><strong>habeat.</strong></span> <span class='ocrx_word' id='word_1_123' title='bbox 1158 1489 1467 1551; x_wconf 81' lang='lat' dir='ltr'><strong>Peccatum</strong></span> <span class='ocrx_word' id='word_1_124' title='bbox 1529 1498 1721 1551; x_wconf 86' lang='lat' dir='ltr'><strong>autem</strong></span> <span class='ocrx_word' id='word_1_125' title='bbox 1761 1489 2060 1572; x_wconf 87' lang='lat' dir='ltr'><strong>plerisque</strong></span> 
     </span>
    </p>
   </div>
   <div class='ocr_carea' id='block_1_19' title="bbox 402 1578 2051 1661">
    <p class='ocr_par' dir='ltr' id='par_1_19' title="bbox 402 1578 2051 1661">
     <span class='ocr_line' id='line_1_19' title="bbox 402 1578 2051 1661; baseline 0.001 -19"><span class='ocrx_word' id='word_1_126' title='bbox 402 1578 726 1661; x_wconf 67' lang='lat' dir='ltr'><strong>Scriptura:</strong></span> <span class='ocrx_word' id='word_1_127' title='bbox 747 1580 892 1642; x_wconf 88' lang='lat' dir='ltr'><strong>locis</strong></span> <span class='ocrx_word' id='word_1_128' title='bbox 913 1581 1116 1641; x_wconf 83' lang='lat' dir='ltr'><strong>mundi</strong></span> <span class='ocrx_word' id='word_1_129' title='bbox 1143 1580 1384 1642; x_wconf 70' lang='lat' dir='ltr'><strong>nomine</strong></span> <span class='ocrx_word' id='word_1_130' title='bbox 1414 1579 1769 1661; x_wconf 83' lang='lat' dir='ltr'><strong>appellatur,</strong></span> <span class='ocrx_word' id='word_1_131' title='bbox 1796 1581 1965 1659; x_wconf 81' lang='lat' dir='ltr'><strong>juxta</strong></span> <span class='ocrx_word' id='word_1_132' title='bbox 1991 1581 2051 1643; x_wconf 92' lang='lat' dir='ltr'><strong>il-</strong></span> 
     </span>
    </p>
   </div>
   <div class='ocr_carea' id='block_1_20' title="bbox 2145 771 3812 854">
    <p class='ocr_par' dir='ltr' id='par_1_20' title="bbox 2145 771 3812 854">
     <span class='ocr_line' id='line_1_20' title="bbox 2145 771 3812 854; baseline 0.002 -28"><span class='ocrx_word' id='word_1_133' title='bbox 2145 793 2281 851; x_wconf 91' lang='grc' dir='ltr'>νοις,</span> <span class='ocrx_word' id='word_1_134' title='bbox 2330 771 2363 827; x_wconf 76' lang='grc' dir='ltr'>ἃ</span> <span class='ocrx_word' id='word_1_135' title='bbox 2392 774 2479 829; x_wconf 85' lang='grc' dir='ltr'><strong>καὶ</strong></span> <span class='ocrx_word' id='word_1_136' title='bbox 2508 773 2758 838; x_wconf 76' lang='grc' dir='ltr'>κάκιστος</span> <span class='ocrx_word' id='word_1_137' title='bbox 2811 772 2999 850; x_wconf 73' lang='grc' dir='ltr'>ῥᾳδίως</span> <span class='ocrx_word' id='word_1_138' title='bbox 3032 773 3321 848; x_wconf 75' lang='grc' dir='ltr'><strong>ἐκτήσατο,</strong></span> <span class='ocrx_word' id='word_1_139' title='bbox 3377 777 3464 831; x_wconf 78' lang='grc' dir='ltr'>καὶ</span> <span class='ocrx_word' id='word_1_140' title='bbox 3508 775 3624 854; x_wconf 86' lang='grc' dir='ltr'>περὶ</span> <span class='ocrx_word' id='word_1_141' title='bbox 3681 775 3713 829; x_wconf 76' lang='grc' dir='ltr'>ἃ</span> <span class='ocrx_word' id='word_1_142' title='bbox 3758 776 3812 830; x_wconf 71' lang='grc' dir='ltr'>οἰ</span> 
     </span>
    </p>
   </div>
   <div class='ocr_carea' id='block_1_21' title="bbox 2145 860 3812 943">
    <p class='ocr_par' dir='ltr' id='par_1_21' title="bbox 2145 860 3812 943">
     <span class='ocr_line' id='line_1_21' title="bbox 2145 860 3812 943; baseline 0.002 -27"><span class='ocrx_word' id='word_1_143' title='bbox 2145 860 2335 939; x_wconf 76' lang='grc' dir='ltr'>φαῦλοι</span> <span class='ocrx_word' id='word_1_144' title='bbox 2398 861 2602 938; x_wconf 81' lang='grc' dir='ltr'>μᾶλλον</span> <span class='ocrx_word' id='word_1_145' title='bbox 2651 861 3052 943; x_wconf 66' lang='grc' dir='ltr'>σπουδάζουσιν,</span> <span class='ocrx_word' id='word_1_146' title='bbox 3088 865 3178 920; x_wconf 89' lang='grc' dir='ltr'><strong>καὶ</strong></span> <span class='ocrx_word' id='word_1_147' title='bbox 3227 866 3312 927; x_wconf 69' lang='grc' dir='ltr'>οὓς</span> <span class='ocrx_word' id='word_1_148' title='bbox 3344 867 3371 920; x_wconf 77' lang='grc' dir='ltr'><strong>ὁ</strong></span> <span class='ocrx_word' id='word_1_149' title='bbox 3421 864 3812 941; x_wconf 78' lang='grc' dir='ltr'>κοσμοκράτωρ</span> 
     </span>
    </p>
   </div>
   <div class='ocr_carea' id='block_1_22' title="bbox 2144 951 3807 1033">
    <p class='ocr_par' dir='ltr' id='par_1_22' title="bbox 2144 951 3807 1033">
     <span class='ocr_line' id='line_1_22' title="bbox 2144 951 3807 1033; baseline 0.001 -26"><span class='ocrx_word' id='word_1_150' title='bbox 2144 952 2263 1030; x_wconf 70' lang='grc' dir='ltr'>ἔχει</span> <span class='ocrx_word' id='word_1_151' title='bbox 2323 951 2758 1018; x_wconf 77' lang='grc' dir='ltr'>καταδουλώσας.</span> <span class='ocrx_word' id='word_1_152' title='bbox 2795 951 2948 1011; x_wconf 69' lang='grc' dir='ltr'>Οῧτω</span> <span class='ocrx_word' id='word_1_153' title='bbox 3001 951 3054 1010; x_wconf 82' lang='grc' dir='ltr'><strong>δέ</strong></span> <span class='ocrx_word' id='word_1_154' title='bbox 3085 955 3400 1029; x_wconf 80' lang='grc' dir='ltr'>ὀνομάζεται</span> <span class='ocrx_word' id='word_1_155' title='bbox 3449 957 3476 1011; x_wconf 85' lang='grc' dir='ltr'><strong>ὁ</strong></span> <span class='ocrx_word' id='word_1_156' title='bbox 3528 951 3807 1033; x_wconf 73' lang='grc' dir='ltr'>διάϐολος,</span> 
     </span>
    </p>
   </div>
   <div class='ocr_carea' id='block_1_23' title="bbox 2144 1043 3804 1122">
    <p class='ocr_par' dir='ltr' id='par_1_23' title="bbox 2144 1043 3804 1122">
     <span class='ocr_line' id='line_1_23' title="bbox 2144 1043 3804 1122; baseline -0.006 -25"><span class='ocrx_word' id='word_1_157' title='bbox 2144 1045 2246 1120; x_wconf 72' lang='grc' dir='ltr'><strong>οὐχ</strong></span> <span class='ocrx_word' id='word_1_158' title='bbox 2279 1043 2358 1097; x_wconf 86' lang='grc' dir='ltr'>ὃτι</span> <span class='ocrx_word' id='word_1_159' title='bbox 2407 1049 2496 1098; x_wconf 86' lang='grc' dir='ltr'><strong>τοῦ</strong></span> <span class='ocrx_word' id='word_1_160' title='bbox 2527 1043 2728 1119; x_wconf 74' lang='grc' dir='ltr'>κόσμου</span> <span class='ocrx_word' id='word_1_161' title='bbox 2783 1056 2976 1122; x_wconf 76' lang='grc' dir='ltr'>κρατεῖ</span> <span class='ocrx_word' id='word_1_162' title='bbox 3029 1045 3114 1099; x_wconf 61' lang='grc' dir='ltr'><strong>καὶ</strong></span> <span class='ocrx_word' id='word_1_163' title='bbox 3170 1045 3269 1110; x_wconf 72' lang='grc' dir='ltr'>τῆς</span> <span class='ocrx_word' id='word_1_164' title='bbox 3320 1044 3565 1115; x_wconf 67' lang='grc' dir='ltr'>γτίσεως,</span> <span class='ocrx_word' id='word_1_165' title='bbox 3597 1043 3804 1120; x_wconf 59' lang='grc' dir='ltr'>ἔπειγε,</span> 
     </span>
    </p>
   </div>
   <div class='ocr_carea' id='block_1_24' title="bbox 2146 1129 3811 1210">
    <p class='ocr_par' dir='ltr' id='par_1_24' title="bbox 2146 1129 3811 1210">
     <span class='ocr_line' id='line_1_24' title="bbox 2146 1129 3811 1210; baseline 0.001 -26"><span class='ocrx_word' id='word_1_166' title='bbox 2146 1129 2264 1185; x_wconf 71' lang='grc' dir='ltr'>ἀλλ’</span> <span class='ocrx_word' id='word_1_167' title='bbox 2317 1129 2398 1187; x_wconf 82' lang='grc' dir='ltr'>ὅτι</span> <span class='ocrx_word' id='word_1_168' title='bbox 2458 1129 2674 1188; x_wconf 77' lang='grc' dir='ltr'><strong>ἐκείνων</strong></span> <span class='ocrx_word' id='word_1_169' title='bbox 2734 1145 2949 1210; x_wconf 73' lang='grc' dir='ltr'>κρατεῖ,</span> <span class='ocrx_word' id='word_1_170' title='bbox 2983 1139 3089 1188; x_wconf 78' lang='grc' dir='ltr'><strong>τῶν</strong></span> <span class='ocrx_word' id='word_1_171' title='bbox 3132 1132 3232 1200; x_wconf 74' lang='grc' dir='ltr'><strong>τὴν</strong></span> <span class='ocrx_word' id='word_1_172' title='bbox 3290 1134 3476 1189; x_wconf 84' lang='grc' dir='ltr'>κακίαν</span> <span class='ocrx_word' id='word_1_173' title='bbox 3508 1130 3811 1210; x_wconf 67' lang='grc' dir='ltr'>ἐργαζομέσ-</span> 
     </span>
    </p>
   </div>
   <div class='ocr_carea' id='block_1_25' title="bbox 2145 1219 3803 1302">
    <p class='ocr_par' dir='ltr' id='par_1_25' title="bbox 2145 1219 3803 1302">
     <span class='ocr_line' id='line_1_25' title="bbox 2145 1219 3803 1302; baseline 0.001 -28"><span class='ocrx_word' id='word_1_174' title='bbox 2145 1241 2269 1293; x_wconf 82' lang='grc' dir='ltr'>νων,</span> <span class='ocrx_word' id='word_1_175' title='bbox 2327 1219 2440 1287; x_wconf 72' lang='grc' dir='ltr'>ἥτ’ς</span> <span class='ocrx_word' id='word_1_176' title='bbox 2495 1222 2697 1295; x_wconf 77' lang='grc' dir='ltr'>κόσμος</span> <span class='ocrx_word' id='word_1_177' title='bbox 2801 1220 3086 1302; x_wconf 83' lang='grc' dir='ltr'>πολλαχοῦ</span> <span class='ocrx_word' id='word_1_178' title='bbox 3156 1223 3448 1302; x_wconf 72' lang='grc' dir='ltr'>εῦρίσκεται</span> <span class='ocrx_word' id='word_1_179' title='bbox 3503 1221 3803 1299; x_wconf 76' lang='grc' dir='ltr'><strong>λεγομένη,</strong></span> 
     </span>
    </p>
   </div>
   <div class='ocr_carea' id='block_1_26' title="bbox 2143 1311 3801 1392">
    <p class='ocr_par' dir='ltr' id='par_1_26' title="bbox 2143 1311 3801 1392">
     <span class='ocr_line' id='line_1_26' title="bbox 2143 1311 3801 1392; baseline -0.001 -27"><span class='ocrx_word' id='word_1_180' title='bbox 2143 1311 2280 1367; x_wconf 80' lang='grc' dir='ltr'>κατὰ</span> <span class='ocrx_word' id='word_1_181' title='bbox 2338 1313 2399 1368; x_wconf 75' lang='grc' dir='ltr'><strong>τὸ</strong></span> <span class='ocrx_word' id='word_1_182' title='bbox 2444 1313 2575 1389; x_wconf 79' lang='grc' dir='ltr'>πρὸς</span> <span class='ocrx_word' id='word_1_183' title='bbox 2628 1312 2748 1375; x_wconf 80' lang='grc' dir='ltr'>τοὺς</span> <span class='ocrx_word' id='word_1_184' title='bbox 2804 1314 3046 1388; x_wconf 55' lang='grc' dir='ltr'>μαθητὰς</span> <span class='ocrx_word' id='word_1_185' title='bbox 3075 1314 3178 1368; x_wconf 73' lang='grc' dir='ltr'><strong>ὑπὸ</strong></span> <span class='ocrx_word' id='word_1_186' title='bbox 3214 1319 3438 1392; x_wconf 80' lang='grc' dir='ltr'>Χριστοῦ</span> <span class='ocrx_word' id='word_1_187' title='bbox 3470 1311 3746 1392; x_wconf 71' lang='grc' dir='ltr'>εἰρημένον</span> <span class='ocrx_word' id='word_1_188' title='bbox 3783 1330 3801 1343; x_wconf 87' lang='grc'><strong>·</strong></span> 
     </span>
    </p>
   </div>
   <div class='ocr_carea' id='block_1_27' title="bbox 2147 1391 3810 1481">
    <p class='ocr_par' dir='ltr' id='par_1_27' title="bbox 2147 1391 3810 1481">
     <span class='ocr_line' id='line_1_27' title="bbox 2147 1391 3810 1481; baseline 0.001 -27"><span class='ocrx_word' id='word_1_189' title='bbox 2147 1391 2332 1474; x_wconf 74' lang='grc' dir='ltr'>Τμεϊς</span> <span class='ocrx_word' id='word_1_190' title='bbox 2395 1400 2488 1457; x_wconf 73' lang='grc' dir='ltr'><strong>οὒκ</strong></span> <span class='ocrx_word' id='word_1_191' title='bbox 2547 1400 2665 1456; x_wconf 70' lang='grc' dir='ltr'>ἐστὶ</span> <span class='ocrx_word' id='word_1_192' title='bbox 2745 1401 2806 1458; x_wconf 80' lang='grc' dir='ltr'>ἐκ</span> <span class='ocrx_word' id='word_1_193' title='bbox 2886 1411 2978 1460; x_wconf 86' lang='grc' dir='ltr'><strong>τοῦ</strong></span> <span class='ocrx_word' id='word_1_194' title='bbox 3043 1401 3270 1481; x_wconf 82' lang='grc' dir='ltr'>κόσμου,</span> <span class='ocrx_word' id='word_1_195' title='bbox 3341 1402 3511 1465; x_wconf 74' lang='grc' dir='ltr'>καθὼς</span> <span class='ocrx_word' id='word_1_196' title='bbox 3565 1399 3671 1478; x_wconf 76' lang='grc' dir='ltr'><strong>ἐγὼ</strong></span> <span class='ocrx_word' id='word_1_197' title='bbox 3741 1399 3810 1455; x_wconf 75' lang='grc' dir='ltr'>ἐκ</span> 
     </span>
    </p>
   </div>
   <div class='ocr_carea' id='block_1_28' title="bbox 2143 1490 3804 1567">
    <p class='ocr_par' dir='ltr' id='par_1_28' title="bbox 2143 1490 3804 1567">
     <span class='ocr_line' id='line_1_28' title="bbox 2143 1490 3804 1567; baseline 0 -22"><span class='ocrx_word' id='word_1_198' title='bbox 2143 1498 2234 1547; x_wconf 89' lang='grc' dir='ltr'><strong>τοῦ</strong></span> <span class='ocrx_word' id='word_1_199' title='bbox 2293 1491 2496 1565; x_wconf 82' lang='grc' dir='ltr'>κόσμου</span> <span class='ocrx_word' id='word_1_200' title='bbox 2545 1495 2639 1549; x_wconf 69' lang='grc' dir='ltr'><strong>οὐκ</strong></span> <span class='ocrx_word' id='word_1_201' title='bbox 2699 1490 2845 1567; x_wconf 81' lang='grc' dir='ltr'>εἶμί·</span> <span class='ocrx_word' id='word_1_202' title='bbox 2908 1491 3200 1567; x_wconf 78' lang='grc' dir='ltr'>τουτέστιν,</span> <span class='ocrx_word' id='word_1_203' title='bbox 3265 1495 3359 1550; x_wconf 79' lang='grc' dir='ltr'><strong>οὒκ</strong></span> <span class='ocrx_word' id='word_1_204' title='bbox 3402 1491 3521 1548; x_wconf 80' lang='grc' dir='ltr'>ἐστὲ</span> <span class='ocrx_word' id='word_1_205' title='bbox 3582 1490 3640 1546; x_wconf 80' lang='grc' dir='ltr'>ἐκ</span> <span class='ocrx_word' id='word_1_206' title='bbox 3694 1491 3804 1546; x_wconf 80' lang='grc' dir='ltr'>τῶν</span> 
     </span>
    </p>
   </div>
   <div class='ocr_carea' id='block_1_29' title="bbox 2144 1579 3808 1659">
    <p class='ocr_par' dir='ltr' id='par_1_29' title="bbox 2144 1579 3808 1659">
     <span class='ocr_line' id='line_1_29' title="bbox 2144 1579 3808 1659; baseline -0.001 -24"><span class='ocrx_word' id='word_1_207' title='bbox 2144 1579 2474 1654; x_wconf 81' lang='grc' dir='ltr'>ἀγαπώντων</span> <span class='ocrx_word' id='word_1_208' title='bbox 2519 1582 2618 1648; x_wconf 76' lang='grc' dir='ltr'><strong>τὴν</strong></span> <span class='ocrx_word' id='word_1_209' title='bbox 2676 1581 2932 1659; x_wconf 54' lang='grc' dir='ltr'>πολ-ηρίαν</span> <span class='ocrx_word' id='word_1_210' title='bbox 2991 1581 3168 1659; x_wconf 85' lang='grc' dir='ltr'>ὥσπερ</span> <span class='ocrx_word' id='word_1_211' title='bbox 3212 1581 3298 1636; x_wconf 76' lang='grc' dir='ltr'><strong>οὗν</strong></span> <span class='ocrx_word' id='word_1_212' title='bbox 3356 1579 3470 1638; x_wconf 70' lang='grc' dir='ltr'>οῦδὲ</span> <span class='ocrx_word' id='word_1_213' title='bbox 3509 1581 3636 1659; x_wconf 70' lang='grc' dir='ltr'>ὶγώ,</span> <span class='ocrx_word' id='word_1_214' title='bbox 3691 1582 3808 1645; x_wconf 78' lang='grc' dir='ltr'><strong>Τὴν</strong></span> 
     </span>
    </p>
   </div>
   <div class='ocr_carea' id='block_1_30' title="bbox 407 1668 2060 1751">
    <p class='ocr_par' dir='ltr' id='par_1_30' title="bbox 407 1669 2060 1751">
     <span class='ocr_line' id='line_1_30' title="bbox 407 1669 2060 1751; baseline 0.002 -21"><span class='ocrx_word' id='word_1_215' title='bbox 407 1669 508 1730; x_wconf 90' lang='lat' dir='ltr'><strong>lud</strong></span> <span class='ocrx_word' id='word_1_216' title='bbox 544 1669 698 1751; x_wconf 87' lang='lat' dir='ltr'><strong>quod</strong></span> <span class='ocrx_word' id='word_1_217' title='bbox 734 1669 1042 1750; x_wconf 88' lang='lat' dir='ltr'><strong>discipulis</strong></span> <span class='ocrx_word' id='word_1_218' title='bbox 1073 1669 1342 1733; x_wconf 80' lang='lat' dir='ltr'><strong>Christus</strong></span> <span class='ocrx_word' id='word_1_219' title='bbox 1374 1669 1756 1731; x_wconf 77' lang='lat' dir='ltr'><strong>dicebatzl’os</strong></span> <span class='ocrx_word' id='word_1_220' title='bbox 1780 1689 1899 1732; x_wconf 81' lang='grc' dir='ltr'><strong>ηοη</strong></span> <span class='ocrx_word' id='word_1_221' title='bbox 1924 1675 2060 1734; x_wconf 77' lang='lat' dir='ltr'><strong>estis</strong></span> 
     </span>
    </p>
   </div>
   <div class='ocr_carea' id='block_1_31' title="bbox 2148 1668 3805 1751">
    <p class='ocr_par' dir='ltr' id='par_1_31' title="bbox 2151 1668 3805 1750">
     <span class='ocr_line' id='line_1_31' title="bbox 2151 1668 3805 1750; baseline -0.001 -24"><span class='ocrx_word' id='word_1_222' title='bbox 2151 1670 2248 1744; x_wconf 79' lang='grc' dir='ltr'>μὲν</span> <span class='ocrx_word' id='word_1_223' title='bbox 2310 1672 2398 1726; x_wconf 75' lang='grc' dir='ltr'><strong>οὗν</strong></span> <span class='ocrx_word' id='word_1_224' title='bbox 2452 1672 2656 1748; x_wconf 74' lang='grc' dir='ltr'>γηίνην</span> <span class='ocrx_word' id='word_1_225' title='bbox 2714 1670 3074 1750; x_wconf 73' lang='grc' dir='ltr'>καρποφορίαν</span> <span class='ocrx_word' id='word_1_226' title='bbox 3132 1673 3158 1726; x_wconf 70' lang='grc' dir='ltr'>ὃ</span> <span class='ocrx_word' id='word_1_227' title='bbox 3219 1670 3479 1750; x_wconf 76' lang='grc' dir='ltr'>Θεολόγος</span> <span class='ocrx_word' id='word_1_228' title='bbox 3531 1668 3805 1730; x_wconf 72' lang='grc' dir='ltr'>ἐκϐάλλει.</span> 
     </span>
    </p>
   </div>
   <div class='ocr_carea' id='block_1_32' title="bbox 408 1760 2069 1838">
    <p class='ocr_par' dir='ltr' id='par_1_32' title="bbox 408 1760 2069 1838">
     <span class='ocr_line' id='line_1_32' title="bbox 408 1760 2069 1838; baseline 0 -16"><span class='ocrx_word' id='word_1_229' title='bbox 408 1760 483 1822; x_wconf 82' lang='lat' dir='ltr'><strong>de</strong></span> <span class='ocrx_word' id='word_1_230' title='bbox 502 1760 915 1834; x_wconf 82' lang='lat' dir='ltr'><strong>mundo,sicut</strong></span> <span class='ocrx_word' id='word_1_231' title='bbox 933 1779 1035 1838; x_wconf 84' lang='lat' dir='ltr'><strong>ego</strong></span> <span class='ocrx_word' id='word_1_232' title='bbox 1053 1778 1177 1822; x_wconf 86' lang='lat' dir='ltr'><strong>non</strong></span> <span class='ocrx_word' id='word_1_233' title='bbox 1199 1779 1332 1822; x_wconf 83' lang='lat' dir='ltr'><strong>sum</strong></span> <span class='ocrx_word' id='word_1_234' title='bbox 1347 1761 1422 1823; x_wconf 84' lang='lat' dir='ltr'><strong>de</strong></span> <span class='ocrx_word' id='word_1_235' title='bbox 1443 1760 1667 1822; x_wconf 82' lang='lat' dir='ltr'><strong>mundo</strong></span> <span class='ocrx_word' id='word_1_236' title='bbox 1688 1760 1809 1838; x_wconf 86' lang='lat' dir='ltr'><strong>9,id</strong></span> <span class='ocrx_word' id='word_1_237' title='bbox 1829 1769 2069 1835; x_wconf 90' lang='lat' dir='ltr'><strong>est,non</strong></span> 
     </span>
    </p>
   </div>
   <div class='ocr_carea' id='block_1_33' title="bbox 415 1849 2068 1932">
    <p class='ocr_par' dir='ltr' id='par_1_33' title="bbox 415 1849 2068 1932">
     <span class='ocr_line' id='line_1_33' title="bbox 415 1849 2068 1932; baseline 0.001 -21"><span class='ocrx_word' id='word_1_238' title='bbox 415 1852 556 1911; x_wconf 90' lang='lat' dir='ltr'><strong>estis</strong></span> <span class='ocrx_word' id='word_1_239' title='bbox 576 1867 644 1911; x_wconf 86' lang='lat' dir='ltr'><strong>ex</strong></span> <span class='ocrx_word' id='word_1_240' title='bbox 669 1868 735 1911; x_wconf 85' lang='lat' dir='ltr'><strong>ex</strong></span> <span class='ocrx_word' id='word_1_241' title='bbox 759 1869 962 1912; x_wconf 88' lang='lat' dir='ltr'><strong>eorum</strong></span> <span class='ocrx_word' id='word_1_242' title='bbox 985 1850 1365 1932; x_wconf 83' lang='lat' dir='ltr'><strong>numero,qui</strong></span> <span class='ocrx_word' id='word_1_243' title='bbox 1397 1849 1548 1910; x_wconf 85' lang='lat' dir='ltr'><strong>vitiis</strong></span> <span class='ocrx_word' id='word_1_244' title='bbox 1579 1850 1936 1931; x_wconf 84' lang='lat' dir='ltr'><strong>ﬂagitiisque</strong></span> <span class='ocrx_word' id='word_1_245' title='bbox 1958 1851 2068 1913; x_wconf 88' lang='lat' dir='ltr'><strong>de-</strong></span> 
     </span>
    </p>
   </div>
   <div class='ocr_carea' id='block_1_34' title="bbox 407 1939 2068 2020">
    <p class='ocr_par' dir='ltr' id='par_1_34' title="bbox 407 1939 2068 2020">
     <span class='ocr_line' id='line_1_34' title="bbox 407 1939 2068 2020; baseline 0.001 -20"><span class='ocrx_word' id='word_1_246' title='bbox 407 1939 725 2006; x_wconf 82' lang='lat' dir='ltr'><strong>lectantur.</strong></span> <span class='ocrx_word' id='word_1_247' title='bbox 759 1939 1272 2020; x_wconf 81' lang='lat' dir='ltr'><strong>quemadmodum</strong></span> <span class='ocrx_word' id='word_1_248' title='bbox 1311 1959 1422 2002; x_wconf 85' lang='lat' dir='ltr'><strong>nec</strong></span> <span class='ocrx_word' id='word_1_249' title='bbox 1458 1939 1933 2017; x_wconf 78' lang='lat' dir='ltr'><strong>ego.Terrenum</strong></span> <span class='ocrx_word' id='word_1_250' title='bbox 1965 1940 2068 2020; x_wconf 83' lang='lat' dir='ltr'><strong>igi-</strong></span> 
     </span>
    </p>
   </div>
   <div class='ocr_carea' id='block_1_35' title="bbox 408 2029 2070 2112">
    <p class='ocr_par' dir='ltr' id='par_1_35' title="bbox 408 2029 2070 2112">
     <span class='ocr_line' id='line_1_35' title="bbox 408 2029 2070 2112; baseline 0.001 -22"><span class='ocrx_word' id='word_1_251' title='bbox 408 2038 508 2091; x_wconf 91' lang='lat' dir='ltr'><strong>tur</strong></span> <span class='ocrx_word' id='word_1_252' title='bbox 539 2049 753 2092; x_wconf 91' lang='lat' dir='ltr'><strong>munus</strong></span> <span class='ocrx_word' id='word_1_253' title='bbox 775 2029 1112 2110; x_wconf 83' lang='lat' dir='ltr'><strong>Theologus</strong></span> <span class='ocrx_word' id='word_1_254' title='bbox 1163 2030 1380 2110; x_wconf 78' lang='lat' dir='ltr'><strong>rejicit,</strong></span> <span class='ocrx_word' id='word_1_255' title='bbox 1425 2039 1488 2092; x_wconf 90' lang='lat' dir='ltr'><strong>ut</strong></span> <span class='ocrx_word' id='word_1_256' title='bbox 1519 2030 1675 2112; x_wconf 91' lang='lat' dir='ltr'><strong>quod</strong></span> <span class='ocrx_word' id='word_1_257' title='bbox 1711 2031 1821 2092; x_wconf 89' lang='lat' dir='ltr'><strong>soli</strong></span> <span class='ocrx_word' id='word_1_258' title='bbox 1855 2030 2070 2094; x_wconf 87' lang='lat' dir='ltr'><strong>divites</strong></span> 
     </span>
    </p>
   </div>
   <div class='ocr_carea' id='block_1_36' title="bbox 408 2119 2065 2202">
    <p class='ocr_par' dir='ltr' id='par_1_36' title="bbox 408 2119 2065 2202">
     <span class='ocr_line' id='line_1_36' title="bbox 408 2119 2065 2202; baseline 0.001 -22"><span class='ocrx_word' id='word_1_259' title='bbox 408 2119 623 2181; x_wconf 80' lang='lat' dir='ltr'><strong>cﬂ&#39;erre</strong></span> <span class='ocrx_word' id='word_1_260' title='bbox 655 2121 1062 2201; x_wconf 81' lang='lat' dir='ltr'><strong>queant.Nihil</strong></span> <span class='ocrx_word' id='word_1_261' title='bbox 1098 2129 1294 2182; x_wconf 90' lang='lat' dir='ltr'><strong>autem</strong></span> <span class='ocrx_word' id='word_1_262' title='bbox 1329 2139 1604 2199; x_wconf 81' lang='lat' dir='ltr'><strong>magnum</strong></span> <span class='ocrx_word' id='word_1_263' title='bbox 1634 2128 1810 2202; x_wconf 86' lang='lat' dir='ltr'><strong>atque</strong></span> <span class='ocrx_word' id='word_1_264' title='bbox 1829 2121 2065 2182; x_wconf 85' lang='lat' dir='ltr'><strong>honori-</strong></span> 
     </span>
    </p>
   </div>
   <div class='ocr_carea' id='block_1_37' title="bbox 410 2209 2066 2292">
    <p class='ocr_par' dir='ltr' id='par_1_37' title="bbox 410 2209 2066 2292">
     <span class='ocr_line' id='line_1_37' title="bbox 410 2209 2066 2292; baseline 0.002 -22"><span class='ocrx_word' id='word_1_265' title='bbox 410 2209 584 2270; x_wconf 82' lang='lat' dir='ltr'><strong>ﬁcum</strong></span> <span class='ocrx_word' id='word_1_266' title='bbox 640 2219 730 2273; x_wconf 90' lang='lat' dir='ltr'><strong>est</strong></span> <span class='ocrx_word' id='word_1_267' title='bbox 787 2211 939 2290; x_wconf 89' lang='lat' dir='ltr'><strong>apud</strong></span> <span class='ocrx_word' id='word_1_268' title='bbox 975 2211 1186 2273; x_wconf 87' lang='lat' dir='ltr'><strong>Deum.</strong></span> <span class='ocrx_word' id='word_1_269' title='bbox 1225 2211 1384 2288; x_wconf 90' lang='lat' dir='ltr'><strong>quod</strong></span> <span class='ocrx_word' id='word_1_270' title='bbox 1421 2230 1537 2272; x_wconf 93' lang='lat' dir='ltr'><strong>non</strong></span> <span class='ocrx_word' id='word_1_271' title='bbox 1576 2229 1800 2291; x_wconf 91' lang='lat' dir='ltr'><strong>pauper</strong></span> <span class='ocrx_word' id='word_1_272' title='bbox 1831 2230 2066 2292; x_wconf 90' lang='lat' dir='ltr'><strong>quoque</strong></span> 
     </span>
    </p>
   </div>
   <div class='ocr_carea' id='block_1_38' title="bbox 409 2299 2044 2381">
    <p class='ocr_par' dir='ltr' id='par_1_38' title="bbox 409 2299 2044 2381">
     <span class='ocr_line' id='line_1_38' title="bbox 409 2299 2044 2381; baseline 0.002 -20"><span class='ocrx_word' id='word_1_273' title='bbox 409 2299 635 2362; x_wconf 89' lang='lat' dir='ltr'><strong>donare</strong></span> <span class='ocrx_word' id='word_1_274' title='bbox 674 2302 857 2381; x_wconf 89' lang='lat' dir='ltr'><strong>possit</strong></span> <span class='ocrx_word' id='word_1_275' title='bbox 889 2300 1117 2362; x_wconf 89' lang='lat' dir='ltr'><strong>Inducit</strong></span> <span class='ocrx_word' id='word_1_276' title='bbox 1141 2308 1339 2363; x_wconf 85' lang='lat' dir='ltr'><strong>autem</strong></span> <span class='ocrx_word' id='word_1_277' title='bbox 1361 2300 1614 2362; x_wconf 83' lang='lat' dir='ltr'><strong>alterum</strong></span> <span class='ocrx_word' id='word_1_278' title='bbox 1639 2300 1952 2362; x_wconf 85' lang='lat' dir='ltr'><strong>oblationis</strong></span> <span class='ocrx_word' id='word_1_279' title='bbox 1972 2321 2044 2380; x_wconf 85' lang='lat' dir='ltr'><strong>ge</strong></span> 
     </span>
    </p>
   </div>
   <div class='ocr_carea' id='block_1_39' title="bbox 412 2390 2070 2472">
    <p class='ocr_par' dir='ltr' id='par_1_39' title="bbox 412 2390 2070 2472">
     <span class='ocr_line' id='line_1_39' title="bbox 412 2390 2070 2472; baseline 0.002 -22"><span class='ocrx_word' id='word_1_280' title='bbox 412 2409 547 2462; x_wconf 90' lang='lat' dir='ltr'><strong>nus,</strong></span> <span class='ocrx_word' id='word_1_281' title='bbox 585 2391 740 2472; x_wconf 82' lang='lat' dir='ltr'><strong>quod</strong></span> <span class='ocrx_word' id='word_1_282' title='bbox 778 2391 1054 2453; x_wconf 80' lang='lat' dir='ltr'><strong>omnibus</strong></span> <span class='ocrx_word' id='word_1_283' title='bbox 1084 2410 1404 2453; x_wconf 89' lang='lat' dir='ltr'><strong>commune</strong></span> <span class='ocrx_word' id='word_1_284' title='bbox 1437 2399 1550 2466; x_wconf 85' lang='lat' dir='ltr'><strong>est,</strong></span> <span class='ocrx_word' id='word_1_285' title='bbox 1589 2390 1874 2451; x_wconf 80' lang='lat' dir='ltr'><strong>divitibUs</strong></span> <span class='ocrx_word' id='word_1_286' title='bbox 1900 2392 2070 2471; x_wconf 79' lang='lat' dir='ltr'><strong>juxta</strong></span> 
     </span>
    </p>
   </div>
   <div class='ocr_carea' id='block_1_40' title="bbox 411 2481 2065 2562">
    <p class='ocr_par' dir='ltr' id='par_1_40' title="bbox 411 2481 2065 2562">
     <span class='ocr_line' id='line_1_40' title="bbox 411 2481 2065 2562; baseline 0.001 -21"><span class='ocrx_word' id='word_1_287' title='bbox 411 2499 478 2542; x_wconf 89' lang='lat' dir='ltr'><strong>ac</strong></span> <span class='ocrx_word' id='word_1_288' title='bbox 509 2481 866 2562; x_wconf 83' lang='lat' dir='ltr'><strong>pauperibus</strong></span> <span class='ocrx_word' id='word_1_289' title='bbox 894 2481 1099 2544; x_wconf 90' lang='lat' dir='ltr'><strong>dicens</strong></span> <span class='ocrx_word' id='word_1_290' title='bbox 1126 2499 1139 2545; x_wconf 90' lang='lat'>:</span> <span class='ocrx_word' id='word_1_291' title='bbox 1173 2481 1586 2562; x_wconf 89' lang='lat' dir='ltr'><strong>Nosmetipsos</strong></span> <span class='ocrx_word' id='word_1_292' title='bbox 1611 2481 2065 2562; x_wconf 75' lang='lat' dir='ltr'><strong>oti‘et‘amus.qui</strong></span> 
     </span>
    </p>
   </div>
   <div class='ocr_carea' id='block_1_41' title="bbox 412 2572 2066 2655">
    <p class='ocr_par' dir='ltr' id='par_1_41' title="bbox 412 2572 2066 2655">
     <span class='ocr_line' id='line_1_41' title="bbox 412 2572 2066 2655; baseline 0.001 -23"><span class='ocrx_word' id='word_1_293' title='bbox 412 2572 656 2652; x_wconf 76' lang='lat' dir='ltr'><strong>quidem</strong></span> <span class='ocrx_word' id='word_1_294' title='bbox 693 2574 814 2635; x_wconf 93' lang='lat' dir='ltr'><strong>Deo</strong></span> <span class='ocrx_word' id='word_1_295' title='bbox 849 2574 1145 2655; x_wconf 88' lang='lat' dir='ltr'><strong>possessio</strong></span> <span class='ocrx_word' id='word_1_296' title='bbox 1184 2591 1391 2636; x_wconf 88' lang='lat' dir='ltr'><strong>sumus</strong></span> <span class='ocrx_word' id='word_1_297' title='bbox 1423 2572 1602 2651; x_wconf 87' lang='lat' dir='ltr'><strong>longe</strong></span> <span class='ocrx_word' id='word_1_298' title='bbox 1637 2572 2066 2651; x_wconf 86' lang='lat' dir='ltr'><strong>pretiosissima</strong></span> 
     </span>
    </p>
   </div>
   <div class='ocr_carea' id='block_1_42' title="bbox 413 2662 2064 2744">
    <p class='ocr_par' dir='ltr' id='par_1_42' title="bbox 413 2662 2064 2744">
     <span class='ocr_line' id='line_1_42' title="bbox 413 2662 2064 2744; baseline -0.001 -20"><span class='ocrx_word' id='word_1_299' title='bbox 413 2662 790 2739; x_wconf 78' lang='lat' dir='ltr'><strong>maximeque</strong></span> <span class='ocrx_word' id='word_1_300' title='bbox 823 2663 1060 2744; x_wconf 90' lang='lat' dir='ltr'><strong>propria</strong></span> <span class='ocrx_word' id='word_1_301' title='bbox 1096 2681 1109 2726; x_wconf 91' lang='lat'><em>:</em></span> <span class='ocrx_word' id='word_1_302' title='bbox 1145 2663 1577 2742; x_wconf 72' lang='lat' dir='ltr'><strong>pretiosissima</strong></span> <span class='ocrx_word' id='word_1_303' title='bbox 1611 2662 1874 2744; x_wconf 84' lang='lat' dir='ltr'><strong>quidem,</strong></span> <span class='ocrx_word' id='word_1_304' title='bbox 1911 2682 2064 2744; x_wconf 90' lang='lat' dir='ltr'><strong>quo-</strong></span> 
     </span>
    </p>
   </div>
   <div class='ocr_carea' id='block_1_43' title="bbox 409 2752 2065 2833">
    <p class='ocr_par' dir='ltr' id='par_1_43' title="bbox 409 2752 2065 2833">
     <span class='ocr_line' id='line_1_43' title="bbox 409 2752 2065 2833; baseline 0 -19"><span class='ocrx_word' id='word_1_305' title='bbox 409 2752 564 2816; x_wconf 84' lang='lat' dir='ltr'><strong>niam</strong></span> <span class='ocrx_word' id='word_1_306' title='bbox 585 2753 770 2833; x_wconf 91' lang='lat' dir='ltr'><strong>ipsius</strong></span> <span class='ocrx_word' id='word_1_307' title='bbox 800 2755 1071 2817; x_wconf 91' lang='lat' dir='ltr'><strong>manibus</strong></span> <span class='ocrx_word' id='word_1_308' title='bbox 1104 2754 1298 2818; x_wconf 75' lang='lat' dir='ltr'><strong>eﬂ‘ecti</strong></span> <span class='ocrx_word' id='word_1_309' title='bbox 1321 2771 1550 2823; x_wconf 88' lang='lat' dir='ltr'><strong>sumus.</strong></span> <span class='ocrx_word' id='word_1_310' title='bbox 1587 2772 1654 2814; x_wconf 90' lang='lat' dir='ltr'><strong>ac</strong></span> <span class='ocrx_word' id='word_1_311' title='bbox 1683 2760 1927 2833; x_wconf 89' lang='lat' dir='ltr'><strong>propter</strong></span> <span class='ocrx_word' id='word_1_312' title='bbox 1957 2771 2065 2814; x_wconf 91' lang='lat' dir='ltr'><strong>nos</strong></span> 
     </span>
    </p>
   </div>
   <div class='ocr_carea' id='block_1_44' title="bbox 408 2842 2066 2924">
    <p class='ocr_par' dir='ltr' id='par_1_44' title="bbox 408 2842 2066 2924">
     <span class='ocr_line' id='line_1_44' title="bbox 408 2842 2066 2924; baseline 0.001 -22"><span class='ocrx_word' id='word_1_313' title='bbox 408 2843 631 2917; x_wconf 76' lang='lat' dir='ltr'><strong>omnia,</strong></span> <span class='ocrx_word' id='word_1_314' title='bbox 663 2863 794 2924; x_wconf 66' lang='lat' dir='ltr'><strong>quae</strong></span> <span class='ocrx_word' id='word_1_315' title='bbox 822 2846 1008 2906; x_wconf 86' lang='lat' dir='ltr'><strong>oculis</strong></span> <span class='ocrx_word' id='word_1_316' title='bbox 1039 2853 1393 2924; x_wconf 79' lang='lat' dir='ltr'><strong>cernuntur,</strong></span> <span class='ocrx_word' id='word_1_317' title='bbox 1426 2843 1573 2905; x_wconf 77' lang='lat' dir='ltr'><strong>facta</strong></span> <span class='ocrx_word' id='word_1_318' title='bbox 1601 2851 1758 2904; x_wconf 87' lang='lat' dir='ltr'><strong>sunt.</strong></span> <span class='ocrx_word' id='word_1_319' title='bbox 1808 2842 2066 2905; x_wconf 84' lang='lat' dir='ltr'><strong>Maxime</strong></span> 
     </span>
    </p>
   </div>
   <div class='ocr_carea' id='block_1_45' title="bbox 406 2932 2064 3016">
    <p class='ocr_par' dir='ltr' id='par_1_45' title="bbox 406 2932 2064 3016">
     <span class='ocr_line' id='line_1_45' title="bbox 406 2932 2064 3016; baseline 0.001 -23"><span class='ocrx_word' id='word_1_320' title='bbox 406 2942 603 2995; x_wconf 91' lang='lat' dir='ltr'><strong>autem</strong></span> <span class='ocrx_word' id='word_1_321' title='bbox 642 2936 875 3014; x_wconf 73' lang='lat' dir='ltr'><strong>propria</strong></span> <span class='ocrx_word' id='word_1_322' title='bbox 919 2948 1016 2996; x_wconf 85' lang='lat' dir='ltr'><strong>aut</strong></span> <span class='ocrx_word' id='word_1_323' title='bbox 1052 2933 1499 3016; x_wconf 84' lang='lat' dir='ltr'><strong>inspirationem</strong></span> <span class='ocrx_word' id='word_1_324' title='bbox 1535 2933 1872 3014; x_wconf 65' lang='lat' dir='ltr'><strong>divinaeque</strong></span> <span class='ocrx_word' id='word_1_325' title='bbox 1908 2932 2064 2994; x_wconf 87' lang='lat' dir='ltr'><strong>ima-</strong></span> 
     </span>
    </p>
   </div>
   <div class='ocr_carea' id='block_1_46' title="bbox 2153 1757 3810 1835">
    <p class='ocr_par' dir='ltr' id='par_1_46' title="bbox 2153 1757 3810 1835">
     <span class='ocr_line' id='line_1_46' title="bbox 2153 1757 3810 1835; baseline -0.001 -21"><span class='ocrx_word' id='word_1_326' title='bbox 2153 1761 2224 1825; x_wconf 82' lang='grc' dir='ltr'>ὡς</span> <span class='ocrx_word' id='word_1_327' title='bbox 2252 1759 2434 1835; x_wconf 76' lang='grc' dir='ltr'>μόνοις</span> <span class='ocrx_word' id='word_1_328' title='bbox 2493 1773 2613 1824; x_wconf 78' lang='grc' dir='ltr'>τοῖς</span> <span class='ocrx_word' id='word_1_329' title='bbox 2685 1759 2958 1824; x_wconf 79' lang='grc' dir='ltr'>πλουσίοις</span> <span class='ocrx_word' id='word_1_330' title='bbox 3014 1758 3237 1826; x_wconf 73' lang='grc' dir='ltr'>δυνατὴν</span> <span class='ocrx_word' id='word_1_331' title='bbox 3292 1762 3472 1824; x_wconf 74' lang='grc' dir='ltr'>οὖσαν,</span> <span class='ocrx_word' id='word_1_332' title='bbox 3536 1758 3695 1817; x_wconf 71' lang='grc' dir='ltr'>Οὖδὲν</span> <span class='ocrx_word' id='word_1_333' title='bbox 3748 1757 3810 1814; x_wconf 78' lang='grc' dir='ltr'><strong>δὲ</strong></span> 
     </span>
    </p>
   </div>
   <div class='ocr_carea' id='block_1_47' title="bbox 2154 1849 3804 1930">
    <p class='ocr_par' dir='ltr' id='par_1_47' title="bbox 2154 1849 3804 1930">
     <span class='ocr_line' id='line_1_47' title="bbox 2154 1849 3804 1930; baseline 0.001 -24"><span class='ocrx_word' id='word_1_334' title='bbox 2154 1849 2290 1927; x_wconf 73' lang='grc' dir='ltr'>μέγα</span> <span class='ocrx_word' id='word_1_335' title='bbox 2354 1851 2496 1928; x_wconf 78' lang='grc' dir='ltr'>παρᾶ</span> <span class='ocrx_word' id='word_1_336' title='bbox 2554 1855 2693 1924; x_wconf 82' lang='grc' dir='ltr'>Θεῷ,</span> <span class='ocrx_word' id='word_1_337' title='bbox 2729 1849 2756 1906; x_wconf 81' lang='grc' dir='ltr'><strong>ὃ</strong></span> <span class='ocrx_word' id='word_1_338' title='bbox 2790 1851 2865 1918; x_wconf 75' lang='grc' dir='ltr'><strong>μὴ</strong></span> <span class='ocrx_word' id='word_1_339' title='bbox 2924 1853 3011 1908; x_wconf 83' lang='grc' dir='ltr'><strong>καὶ</strong></span> <span class='ocrx_word' id='word_1_340' title='bbox 3055 1851 3222 1917; x_wconf 84' lang='grc' dir='ltr'>πένης</span> <span class='ocrx_word' id='word_1_341' title='bbox 3254 1851 3531 1930; x_wconf 74' lang='grc' dir='ltr'>δωρεῖσθαι</span> <span class='ocrx_word' id='word_1_342' title='bbox 3562 1849 3804 1908; x_wconf 71' lang='grc' dir='ltr'>Ξὺναται.</span> 
     </span>
    </p>
   </div>
   <div class='ocr_carea' id='block_1_48' title="bbox 2158 1937 3808 2022">
    <p class='ocr_par' dir='ltr' id='par_1_48' title="bbox 2158 1937 3808 2022">
     <span class='ocr_line' id='line_1_48' title="bbox 2158 1937 3808 2022; baseline -0.001 -26"><span class='ocrx_word' id='word_1_343' title='bbox 2158 1939 2370 2018; x_wconf 76' lang='grc' dir='ltr'>Εἰσάγει</span> <span class='ocrx_word' id='word_1_344' title='bbox 2407 1937 2592 2007; x_wconf 78' lang='grc' dir='ltr'>δὲτὴν</span> <span class='ocrx_word' id='word_1_345' title='bbox 2637 1949 2849 2012; x_wconf 73' lang='grc' dir='ltr'>κοινὴν,</span> <span class='ocrx_word' id='word_1_346' title='bbox 2883 1943 2947 2008; x_wconf 69' lang='grc' dir='ltr'><strong>ἢν</strong></span> <span class='ocrx_word' id='word_1_347' title='bbox 2974 1943 3170 2017; x_wconf 76' lang='grc' dir='ltr'>ὁμοίως</span> <span class='ocrx_word' id='word_1_348' title='bbox 3208 1943 3397 2008; x_wconf 78' lang='grc' dir='ltr'>πὰντες</span> <span class='ocrx_word' id='word_1_349' title='bbox 3447 1954 3808 2022; x_wconf 69' lang='grc' dir='ltr'>καρποφορεῖν</span> 
     </span>
    </p>
   </div>
   <div class='ocr_carea' id='block_1_49' title="bbox 2152 2026 3802 2111">
    <p class='ocr_par' dir='ltr' id='par_1_49' title="bbox 2152 2026 3802 2111">
     <span class='ocr_line' id='line_1_49' title="bbox 2152 2026 3802 2111; baseline 0 -27"><span class='ocrx_word' id='word_1_350' title='bbox 2152 2026 2424 2098; x_wconf 75' lang='grc' dir='ltr'>δύνανται,</span> <span class='ocrx_word' id='word_1_351' title='bbox 2475 2028 2572 2084; x_wconf 80' lang='grc' dir='ltr'><strong>κᾶν</strong></span> <span class='ocrx_word' id='word_1_352' title='bbox 2619 2028 2862 2086; x_wconf 69' lang='grc' dir='ltr'>πλούσιοι</span> <span class='ocrx_word' id='word_1_353' title='bbox 2917 2034 3068 2111; x_wconf 79' lang='grc' dir='ltr'>ὦσιν,</span> <span class='ocrx_word' id='word_1_354' title='bbox 3123 2031 3220 2088; x_wconf 74' lang='grc' dir='ltr'><strong>κᾶν</strong></span> <span class='ocrx_word' id='word_1_355' title='bbox 3272 2031 3522 2111; x_wconf 82' lang='grc' dir='ltr'>πένητες,</span> <span class='ocrx_word' id='word_1_356' title='bbox 3579 2030 3750 2108; x_wconf 80' lang='grc' dir='ltr'>λέγων</span> <span class='ocrx_word' id='word_1_357' title='bbox 3785 2046 3802 2060; x_wconf 83' lang='grc'><strong>⁸</strong></span> 
     </span>
    </p>
   </div>
   <div class='ocr_carea' id='block_1_50' title="bbox 2155 2120 3802 2197">
    <p class='ocr_par' dir='ltr' id='par_1_50' title="bbox 2155 2120 3802 2197">
     <span class='ocr_line' id='line_1_50' title="bbox 2155 2120 3802 2197; baseline 0 -21"><span class='ocrx_word' id='word_1_358' title='bbox 2155 2120 2662 2197; x_wconf 76' lang='grc' dir='ltr'>Καρποφορήσωμεν</span> <span class='ocrx_word' id='word_1_359' title='bbox 2721 2121 2864 2194; x_wconf 75' lang='grc' dir='ltr'>ἡμᾶς</span> <span class='ocrx_word' id='word_1_360' title='bbox 2920 2123 3132 2195; x_wconf 73' lang='grc' dir='ltr'>αὖτοὺς,</span> <span class='ocrx_word' id='word_1_361' title='bbox 3181 2120 3376 2188; x_wconf 75' lang='grc' dir='ltr'>οἵτινες</span> <span class='ocrx_word' id='word_1_362' title='bbox 3405 2128 3585 2197; x_wconf 78' lang='grc' dir='ltr'>κτῆμα</span> <span class='ocrx_word' id='word_1_363' title='bbox 3639 2121 3802 2195; x_wconf 81' lang='grc' dir='ltr'>ἐσμεν</span> 
     </span>
    </p>
   </div>
   <div class='ocr_carea' id='block_1_51' title="bbox 2151 2209 3802 2286">
    <p class='ocr_par' dir='ltr' id='par_1_51' title="bbox 2151 2209 3802 2286">
     <span class='ocr_line' id='line_1_51' title="bbox 2151 2209 3802 2286; baseline 0.001 -23"><span class='ocrx_word' id='word_1_364' title='bbox 2151 2215 2226 2282; x_wconf 79' lang='grc' dir='ltr'><strong>τῷ</strong></span> <span class='ocrx_word' id='word_1_365' title='bbox 2261 2212 2375 2282; x_wconf 87' lang='grc' dir='ltr'><strong>Θεῴ</strong></span> <span class='ocrx_word' id='word_1_366' title='bbox 2404 2209 2726 2282; x_wconf 85' lang='grc' dir='ltr'>τιμιώτατον</span> <span class='ocrx_word' id='word_1_367' title='bbox 2756 2212 2841 2266; x_wconf 79' lang='grc' dir='ltr'><strong>καὶ</strong></span> <span class='ocrx_word' id='word_1_368' title='bbox 2877 2212 3204 2269; x_wconf 72' lang='grc' dir='ltr'>οἰκειότατον</span> <span class='ocrx_word' id='word_1_369' title='bbox 3239 2227 3254 2242; x_wconf 84' lang='lat'><strong><em>°</em></strong></span> <span class='ocrx_word' id='word_1_370' title='bbox 3307 2212 3625 2286; x_wconf 82' lang='grc' dir='ltr'>τιμιώτατον</span> <span class='ocrx_word' id='word_1_371' title='bbox 3677 2210 3802 2284; x_wconf 79' lang='grc' dir='ltr'>μὲν,</span> 
     </span>
    </p>
   </div>
   <div class='ocr_carea' id='block_1_52' title="bbox 2153 2297 3802 2379">
    <p class='ocr_par' dir='ltr' id='par_1_52' title="bbox 2153 2297 3802 2379">
     <span class='ocr_line' id='line_1_52' title="bbox 2153 2297 3802 2379; baseline 0 -24"><span class='ocrx_word' id='word_1_372' title='bbox 2153 2297 2230 2355; x_wconf 78' lang='grc' dir='ltr'>ὅτι</span> <span class='ocrx_word' id='word_1_373' title='bbox 2265 2312 2386 2362; x_wconf 71' lang='grc' dir='ltr'>ταῖς</span> <span class='ocrx_word' id='word_1_374' title='bbox 2420 2299 2574 2355; x_wconf 64' lang='grc' dir='ltr'>αὺτοῦ</span> <span class='ocrx_word' id='word_1_375' title='bbox 2608 2302 2762 2379; x_wconf 72' lang='grc' dir='ltr'>χερσὶ</span> <span class='ocrx_word' id='word_1_376' title='bbox 2792 2299 3166 2377; x_wconf 71' lang='grc' dir='ltr'>διηρτίσθημεν</span> <span class='ocrx_word' id='word_1_377' title='bbox 3209 2304 3296 2358; x_wconf 81' lang='grc' dir='ltr'><strong>καί</strong></span> <span class='ocrx_word' id='word_1_378' title='bbox 3326 2300 3391 2357; x_wconf 80' lang='grc' dir='ltr'>δι’</span> <span class='ocrx_word' id='word_1_379' title='bbox 3447 2303 3591 2377; x_wconf 73' lang='grc' dir='ltr'>ἡμᾶς</span> <span class='ocrx_word' id='word_1_380' title='bbox 3623 2302 3802 2357; x_wconf 73' lang='grc' dir='ltr'>πάντα</span> 
     </span>
    </p>
   </div>
   <div class='ocr_carea' id='block_1_53' title="bbox 2154 2389 3806 2468">
    <p class='ocr_par' dir='ltr' id='par_1_53' title="bbox 2154 2389 3806 2468">
     <span class='ocr_line' id='line_1_53' title="bbox 2154 2389 3806 2468; baseline 0.001 -24"><span class='ocrx_word' id='word_1_381' title='bbox 2154 2389 2338 2468; x_wconf 73' lang='grc' dir='ltr'>γέγονε</span> <span class='ocrx_word' id='word_1_382' title='bbox 2373 2390 2436 2444; x_wconf 77' lang='grc' dir='ltr'><strong>τὰ</strong></span> <span class='ocrx_word' id='word_1_383' title='bbox 2488 2389 2732 2464; x_wconf 77' lang='grc' dir='ltr'>ὁρώμενα</span> <span class='ocrx_word' id='word_1_384' title='bbox 2766 2405 2779 2420; x_wconf 92' lang='grc'><strong>·</strong></span> <span class='ocrx_word' id='word_1_385' title='bbox 2840 2393 3163 2448; x_wconf 76' lang='grc' dir='ltr'>οἶκείοτατον</span> <span class='ocrx_word' id='word_1_386' title='bbox 3195 2389 3273 2464; x_wconf 81' lang='grc' dir='ltr'><strong>δὲ,</strong></span> <span class='ocrx_word' id='word_1_387' title='bbox 3319 2391 3402 2447; x_wconf 74' lang='grc' dir='ltr'>διὰ</span> <span class='ocrx_word' id='word_1_388' title='bbox 3454 2393 3550 2459; x_wconf 77' lang='grc' dir='ltr'>τὴν</span> <span class='ocrx_word' id='word_1_389' title='bbox 3579 2391 3806 2466; x_wconf 75' lang='grc' dir='ltr'>ἔμπνευ-</span> 
     </span>
    </p>
   </div>
   <div class='ocr_carea' id='block_1_54' title="bbox 2152 2480 3807 2558">
    <p class='ocr_par' dir='ltr' id='par_1_54' title="bbox 2152 2480 3807 2558">
     <span class='ocr_line' id='line_1_54' title="bbox 2152 2480 3807 2558; baseline 0.001 -25"><span class='ocrx_word' id='word_1_390' title='bbox 2152 2501 2233 2535; x_wconf 91' lang='grc' dir='ltr'><strong>σιν</strong></span> <span class='ocrx_word' id='word_1_391' title='bbox 2277 2481 2364 2536; x_wconf 86' lang='grc' dir='ltr'><strong>καὶ</strong></span> <span class='ocrx_word' id='word_1_392' title='bbox 2403 2481 2462 2536; x_wconf 78' lang='grc' dir='ltr'><strong>τὸ</strong></span> <span class='ocrx_word' id='word_1_393' title='bbox 2494 2482 2612 2535; x_wconf 88' lang='grc' dir='ltr'>κατ’</span> <span class='ocrx_word' id='word_1_394' title='bbox 2650 2481 2824 2536; x_wconf 72' lang='grc' dir='ltr'>εἷκὸνα</span> <span class='ocrx_word' id='word_1_395' title='bbox 2858 2482 2944 2536; x_wconf 83' lang='grc' dir='ltr'><strong>καὶ</strong></span> <span class='ocrx_word' id='word_1_396' title='bbox 3003 2480 3090 2537; x_wconf 72' lang='grc' dir='ltr'>διὰ</span> <span class='ocrx_word' id='word_1_397' title='bbox 3134 2483 3225 2538; x_wconf 79' lang='grc' dir='ltr'><strong>τὸν</strong></span> <span class='ocrx_word' id='word_1_398' title='bbox 3270 2480 3450 2558; x_wconf 83' lang='grc' dir='ltr'>λόγον,</span> <span class='ocrx_word' id='word_1_399' title='bbox 3501 2482 3675 2538; x_wconf 73' lang='grc' dir='ltr'>Πάντα</span> <span class='ocrx_word' id='word_1_400' title='bbox 3709 2485 3807 2554; x_wconf 80' lang='grc' dir='ltr'>μὲν</span> 
     </span>
    </p>
   </div>
   <div class='ocr_carea' id='block_1_55' title="bbox 2149 2569 3810 2648">
    <p class='ocr_par' dir='ltr' id='par_1_55' title="bbox 2149 2569 3810 2648">
     <span class='ocr_line' id='line_1_55' title="bbox 2149 2569 3810 2648; baseline 0.001 -24"><span class='ocrx_word' id='word_1_401' title='bbox 2149 2571 2249 2648; x_wconf 76' lang='grc' dir='ltr'>γὰρ</span> <span class='ocrx_word' id='word_1_402' title='bbox 2310 2570 2374 2625; x_wconf 75' lang='grc' dir='ltr'>τὰ</span> <span class='ocrx_word' id='word_1_403' title='bbox 2432 2569 2534 2626; x_wconf 70' lang='grc' dir='ltr'><strong>ὑπὸ</strong></span> <span class='ocrx_word' id='word_1_404' title='bbox 2594 2578 2726 2629; x_wconf 86' lang='grc' dir='ltr'>Θεοῦ</span> <span class='ocrx_word' id='word_1_405' title='bbox 2788 2572 3050 2648; x_wconf 64' lang='grc' dir='ltr'>γενόμενα</span> <span class='ocrx_word' id='word_1_406' title='bbox 3108 2578 3419 2629; x_wconf 70' lang='grc' dir='ltr'>κοινωνοῦσι</span> <span class='ocrx_word' id='word_1_407' title='bbox 3498 2575 3591 2640; x_wconf 75' lang='grc' dir='ltr'><strong>τῆς</strong></span> <span class='ocrx_word' id='word_1_408' title='bbox 3649 2570 3810 2628; x_wconf 65' lang='grc' dir='ltr'>αὺτοῦ</span> 
     </span>
    </p>
   </div>
   <div class='ocr_carea' id='block_1_56' title="bbox 2149 2659 3838 2741">
    <p class='ocr_par' dir='ltr' id='par_1_56' title="bbox 2149 2659 3809 2739">
     <span class='ocr_line' id='line_1_56' title="bbox 2149 2659 3809 2739; baseline 0.002 -25"><span class='ocrx_word' id='word_1_409' title='bbox 2149 2659 2511 2738; x_wconf 78' lang='grc' dir='ltr'>ἆγαθότητος,</span> <span class='ocrx_word' id='word_1_410' title='bbox 2561 2660 2697 2716; x_wconf 74' lang='grc' dir='ltr'>κατὰ</span> <span class='ocrx_word' id='word_1_411' title='bbox 2742 2663 2802 2716; x_wconf 79' lang='grc' dir='ltr'>το</span> <span class='ocrx_word' id='word_1_412' title='bbox 2847 2665 3012 2718; x_wconf 81' lang='grc' dir='ltr'>εἶναι.</span> <span class='ocrx_word' id='word_1_413' title='bbox 3052 2661 3151 2718; x_wconf 82' lang='grc' dir='ltr'>Ἐκ</span> <span class='ocrx_word' id='word_1_414' title='bbox 3181 2669 3430 2739; x_wconf 80' lang='grc' dir='ltr'>περισσοῦ</span> <span class='ocrx_word' id='word_1_415' title='bbox 3462 2659 3515 2716; x_wconf 72' lang='grc' dir='ltr'><strong>δὲ</strong></span> <span class='ocrx_word' id='word_1_416' title='bbox 3559 2662 3625 2717; x_wconf 71' lang='grc' dir='ltr'>τὰ</span> <span class='ocrx_word' id='word_1_417' title='bbox 3666 2667 3809 2732; x_wconf 77' lang='grc' dir='ltr'><strong>ζῶα.</strong></span> 
     </span>
    </p>
   </div>
   <div class='ocr_carea' id='block_1_57' title="bbox 2153 2750 3813 2829">
    <p class='ocr_par' dir='ltr' id='par_1_57' title="bbox 2153 2750 3813 2829">
     <span class='ocr_line' id='line_1_57' title="bbox 2153 2750 3813 2829; baseline 0 -23"><span class='ocrx_word' id='word_1_418' title='bbox 2153 2750 2300 2806; x_wconf 76' lang='grc' dir='ltr'><strong>Κατά</strong></span> <span class='ocrx_word' id='word_1_419' title='bbox 2327 2771 2381 2805; x_wconf 84' lang='grc' dir='ltr'>τε</span> <span class='ocrx_word' id='word_1_420' title='bbox 2414 2751 2512 2827; x_wconf 72' lang='grc' dir='ltr'>γὰρ</span> <span class='ocrx_word' id='word_1_421' title='bbox 2551 2752 2611 2806; x_wconf 78' lang='grc' dir='ltr'><strong>τὸ</strong></span> <span class='ocrx_word' id='word_1_422' title='bbox 2656 2751 2800 2806; x_wconf 76' lang='grc' dir='ltr'>εἶναι</span> <span class='ocrx_word' id='word_1_423' title='bbox 2847 2753 2937 2808; x_wconf 85' lang='grc' dir='ltr'><strong>καὶ</strong></span> <span class='ocrx_word' id='word_1_424' title='bbox 2969 2753 3105 2808; x_wconf 83' lang='grc' dir='ltr'>κατᾶ</span> <span class='ocrx_word' id='word_1_425' title='bbox 3137 2753 3196 2807; x_wconf 66' lang='grc' dir='ltr'>τὸ</span> <span class='ocrx_word' id='word_1_426' title='bbox 3249 2757 3348 2817; x_wconf 81' lang='grc' dir='ltr'>τῆς</span> <span class='ocrx_word' id='word_1_427' title='bbox 3379 2756 3521 2822; x_wconf 79' lang='grc' dir='ltr'>ζωῆς</span> <span class='ocrx_word' id='word_1_428' title='bbox 3554 2750 3813 2829; x_wconf 75' lang='grc' dir='ltr'><strong>μετέχειν</strong></span> 
     </span>
    </p>
   </div>
   <div class='ocr_carea' id='block_1_58' title="bbox 2148 2833 3807 2918">
    <p class='ocr_par' dir='ltr' id='par_1_58' title="bbox 2148 2833 3807 2918">
     <span class='ocr_line' id='line_1_58' title="bbox 2148 2833 3807 2918; baseline 0 -24"><span class='ocrx_word' id='word_1_429' title='bbox 2148 2849 2458 2898; x_wconf 76' lang='grc' dir='ltr'>κοινωνοῦσι</span> <span class='ocrx_word' id='word_1_430' title='bbox 2519 2847 2610 2897; x_wconf 86' lang='grc' dir='ltr'><strong>τοῦ</strong></span> <span class='ocrx_word' id='word_1_431' title='bbox 2671 2840 2890 2917; x_wconf 77' lang='grc' dir='ltr'>ἀγαθοῦ.</span> <span class='ocrx_word' id='word_1_432' title='bbox 2953 2833 3010 2899; x_wconf 64' lang='grc'><strong>’0</strong></span> <span class='ocrx_word' id='word_1_433' title='bbox 3077 2840 3129 2896; x_wconf 79' lang='grc' dir='ltr'><strong>δὲ</strong></span> <span class='ocrx_word' id='word_1_434' title='bbox 3178 2840 3473 2918; x_wconf 78' lang='grc' dir='ltr'>ἅνθρωπος,</span> <span class='ocrx_word' id='word_1_435' title='bbox 3526 2841 3614 2896; x_wconf 78' lang='grc' dir='ltr'><strong>καὶ</strong></span> <span class='ocrx_word' id='word_1_436' title='bbox 3668 2838 3807 2895; x_wconf 77' lang='grc' dir='ltr'>κατᾶ</span> 
     </span>
    </p>
   </div>
   <div class='ocr_carea' id='block_1_59' title="bbox 2145 2928 3798 3009">
    <p class='ocr_par' dir='ltr' id='par_1_59' title="bbox 2145 2928 3798 3009">
     <span class='ocr_line' id='line_1_59' title="bbox 2145 2928 3798 3009; baseline 0 -23"><span class='ocrx_word' id='word_1_437' title='bbox 2145 2931 2212 2986; x_wconf 69' lang='grc' dir='ltr'><strong>τὰ</strong></span> <span class='ocrx_word' id='word_1_438' title='bbox 2267 2930 2628 3009; x_wconf 72' lang='grc' dir='ltr'>προειρημένα</span> <span class='ocrx_word' id='word_1_439' title='bbox 2674 2931 2796 3006; x_wconf 74' lang='grc' dir='ltr'>μὲν,</span> <span class='ocrx_word' id='word_1_440' title='bbox 2836 2931 2892 2988; x_wconf 74' lang='grc' dir='ltr'>οὐ</span> <span class='ocrx_word' id='word_1_441' title='bbox 2942 2933 3050 3008; x_wconf 76' lang='grc' dir='ltr'>μὴν</span> <span class='ocrx_word' id='word_1_442' title='bbox 3110 2930 3246 2988; x_wconf 79' lang='grc' dir='ltr'>ἀλλὰ</span> <span class='ocrx_word' id='word_1_443' title='bbox 3292 2932 3380 2988; x_wconf 86' lang='grc' dir='ltr'><strong>καὶ</strong></span> <span class='ocrx_word' id='word_1_444' title='bbox 3415 2931 3550 2987; x_wconf 77' lang='grc' dir='ltr'>κατα</span> <span class='ocrx_word' id='word_1_445' title='bbox 3593 2931 3650 2985; x_wconf 85' lang='grc' dir='ltr'><strong>τὸ</strong></span> <span class='ocrx_word' id='word_1_446' title='bbox 3700 2928 3798 2986; x_wconf 87' lang='grc' dir='ltr'>λο-</span> 
     </span>
    </p>
   </div>
   <div class='ocr_carea' id='block_1_60' title="bbox 409 3019 2060 3102">
    <p class='ocr_par' dir='ltr' id='par_1_60' title="bbox 409 3022 2038 3102">
     <span class='ocr_line' id='line_1_60' title="bbox 409 3022 2038 3102; baseline -0.001 -20"><span class='ocrx_word' id='word_1_447' title='bbox 409 3022 560 3102; x_wconf 86' lang='lat' dir='ltr'><strong>ginis</strong></span> <span class='ocrx_word' id='word_1_448' title='bbox 586 3024 1042 3087; x_wconf 12' lang='lat' dir='ltr'><strong>similituilinem</strong></span> <span class='ocrx_word' id='word_1_449' title='bbox 1079 3033 1135 3087; x_wconf 90' lang='lat' dir='ltr'><strong>et</strong></span> <span class='ocrx_word' id='word_1_450' title='bbox 1163 3024 1635 3086; x_wconf 87' lang='lat' dir='ltr'><strong>rationem.Nam</strong></span> <span class='ocrx_word' id='word_1_451' title='bbox 1665 3042 1799 3084; x_wconf 82' lang='lat' dir='ltr'><strong>cum</strong></span> <span class='ocrx_word' id='word_1_452' title='bbox 1835 3041 2038 3083; x_wconf 90' lang='lat' dir='ltr'><strong>resom</strong></span> 
     </span>
    </p>
   </div>
   <div class='ocr_carea' id='block_1_61' title="bbox 2148 3019 3802 3102">
    <p class='ocr_par' dir='ltr' id='par_1_61' title="bbox 2155 3019 3802 3102">
     <span class='ocr_line' id='line_1_61' title="bbox 2155 3019 3802 3102; baseline -0.001 -27"><span class='ocrx_word' id='word_1_453' title='bbox 2155 3020 2329 3098; x_wconf 87' lang='grc' dir='ltr'>γικόν.</span> <span class='ocrx_word' id='word_1_454' title='bbox 2391 3021 2722 3100; x_wconf 76' lang='grc' dir='ltr'>Οὶκειότερος</span> <span class='ocrx_word' id='word_1_455' title='bbox 2803 3023 2899 3102; x_wconf 65' lang='grc' dir='ltr'>γάρ</span> <span class='ocrx_word' id='word_1_456' title='bbox 2954 3023 3066 3084; x_wconf 84' lang='grc' dir='ltr'><strong>πώς</strong></span> <span class='ocrx_word' id='word_1_457' title='bbox 3127 3019 3245 3082; x_wconf 71' lang='grc' dir='ltr'>ὲσΙζιι</span> <span class='ocrx_word' id='word_1_458' title='bbox 3315 3022 3446 3100; x_wconf 86' lang='grc' dir='ltr'>πρὸς</span> <span class='ocrx_word' id='word_1_459' title='bbox 3507 3022 3636 3076; x_wconf 76' lang='grc' dir='ltr'>Θεὸν</span> <span class='ocrx_word' id='word_1_460' title='bbox 3696 3025 3802 3078; x_wconf 77' lang='grc' dir='ltr'><strong>τῶν</strong></span> 
     </span>
    </p>
   </div>
   <div class='ocr_carea' id='block_1_62' title="bbox 412 3112 2071 3196">
    <p class='ocr_par' dir='ltr' id='par_1_62' title="bbox 412 3112 2071 3196">
     <span class='ocr_line' id='line_1_62' title="bbox 412 3112 2071 3196; baseline 0 -24"><span class='ocrx_word' id='word_1_461' title='bbox 412 3131 561 3175; x_wconf 84' lang='lat' dir='ltr'><strong>nesa</strong></span> <span class='ocrx_word' id='word_1_462' title='bbox 577 3113 696 3175; x_wconf 91' lang='lat' dir='ltr'><strong>Deo</strong></span> <span class='ocrx_word' id='word_1_463' title='bbox 713 3115 1144 3196; x_wconf 60' lang='lat' dir='ltr'><strong>creataajpsius</strong></span> <span class='ocrx_word' id='word_1_464' title='bbox 1163 3114 1754 3195; x_wconf 87' lang='lat' dir='ltr'><strong>bonitatis,quantum</strong></span> <span class='ocrx_word' id='word_1_465' title='bbox 1771 3112 1842 3173; x_wconf 88' lang='lat' dir='ltr'><strong>ad</strong></span> <span class='ocrx_word' id='word_1_466' title='bbox 1868 3130 2071 3174; x_wconf 83' lang='lat' dir='ltr'><strong>esseu-</strong></span> 
     </span>
    </p>
   </div>
   <div class='ocr_carea' id='block_1_63' title="bbox 410 3199 2070 3285">
    <p class='ocr_par' dir='ltr' id='par_1_63' title="bbox 410 3199 2070 3285">
     <span class='ocr_line' id='line_1_63' title="bbox 410 3199 2070 3285; baseline -0.002 -21"><span class='ocrx_word' id='word_1_467' title='bbox 410 3201 908 3285; x_wconf 87' lang='lat' dir='ltr'><strong>tiam,participes</strong></span> <span class='ocrx_word' id='word_1_468' title='bbox 926 3204 1344 3282; x_wconf 84' lang='lat' dir='ltr'><strong>sunt,uberius</strong></span> <span class='ocrx_word' id='word_1_469' title='bbox 1365 3203 1542 3265; x_wconf 83' lang='lat' dir='ltr'><strong>etiam</strong></span> <span class='ocrx_word' id='word_1_470' title='bbox 1563 3201 1909 3280; x_wconf 84' lang='lat' dir='ltr'><strong>animantia,</strong></span> <span class='ocrx_word' id='word_1_471' title='bbox 1933 3199 2070 3281; x_wconf 88' lang='lat' dir='ltr'><strong>qui-</strong></span> 
     </span>
    </p>
   </div>
   <div class='ocr_carea' id='block_1_64' title="bbox 2156 3109 3799 3191">
    <p class='ocr_par' dir='ltr' id='par_1_64' title="bbox 2156 3109 3799 3191">
     <span class='ocr_line' id='line_1_64' title="bbox 2156 3109 3799 3191; baseline 0 -26"><span class='ocrx_word' id='word_1_472' title='bbox 2156 3112 2417 3178; x_wconf 68' lang='grc' dir='ltr'>αἷσθητῶν</span> <span class='ocrx_word' id='word_1_473' title='bbox 2451 3113 2477 3166; x_wconf 87' lang='grc' dir='ltr'>ὁ</span> <span class='ocrx_word' id='word_1_474' title='bbox 2521 3110 2815 3191; x_wconf 70' lang='grc' dir='ltr'>ἅνθρωπος,</span> <span class='ocrx_word' id='word_1_475' title='bbox 2871 3113 2914 3168; x_wconf 84' lang='grc' dir='ltr'>εἰ</span> <span class='ocrx_word' id='word_1_476' title='bbox 2971 3113 3060 3169; x_wconf 82' lang='grc' dir='ltr'><strong>καὶ</strong></span> <span class='ocrx_word' id='word_1_477' title='bbox 3117 3112 3366 3168; x_wconf 73' lang='grc' dir='ltr'>ἁπάντων</span> <span class='ocrx_word' id='word_1_478' title='bbox 3410 3111 3438 3168; x_wconf 81' lang='grc' dir='ltr'>ὁ</span> <span class='ocrx_word' id='word_1_479' title='bbox 3469 3112 3599 3175; x_wconf 82' lang='grc' dir='ltr'>Θεὸς</span> <span class='ocrx_word' id='word_1_480' title='bbox 3641 3109 3799 3189; x_wconf 80' lang='grc' dir='ltr'>ἀσυγ-</span> 
     </span>
    </p>
   </div>
   <div class='ocr_carea' id='block_1_65' title="bbox 2155 3200 2704 3278">
    <p class='ocr_par' dir='ltr' id='par_1_65' title="bbox 2155 3200 2704 3278">
     <span class='ocr_line' id='line_1_65' title="bbox 2155 3200 2704 3278; baseline 0.004 -24"><span class='ocrx_word' id='word_1_481' title='bbox 2155 3201 2344 3278; x_wconf 76' lang='grc' dir='ltr'>κρίτως</span> <span class='ocrx_word' id='word_1_482' title='bbox 2375 3200 2679 3273; x_wconf 69' lang='grc' dir='ltr'>ὒπέρκειτχι</span> <span class='ocrx_word' id='word_1_483' title='bbox 2692 3249 2704 3262; x_wconf 90' lang='grc'><strong>,</strong></span> 
     </span>
    </p>
   </div>
   <div class='ocr_carea' id='block_1_66' title="bbox 420 3289 3801 3376">
    <p class='ocr_par' dir='ltr' id='par_1_66' title="bbox 420 3289 3801 3376">
     <span class='ocr_line' id='line_1_66' title="bbox 420 3289 3801 3376; baseline -0.001 -22"><span class='ocrx_word' id='word_1_484' title='bbox 420 3293 660 3376; x_wconf 90' lang='lat' dir='ltr'><strong>quibus,</strong></span> <span class='ocrx_word' id='word_1_485' title='bbox 697 3303 758 3356; x_wconf 90' lang='lat' dir='ltr'><strong>et</strong></span> <span class='ocrx_word' id='word_1_486' title='bbox 795 3309 1089 3372; x_wconf 90' lang='lat' dir='ltr'><strong>quatenus</strong></span> <span class='ocrx_word' id='word_1_487' title='bbox 1138 3301 1296 3374; x_wconf 76' lang='lat' dir='ltr'><strong>sunt,</strong></span> <span class='ocrx_word' id='word_1_488' title='bbox 1336 3302 1392 3355; x_wconf 87' lang='lat' dir='ltr'><strong>et</strong></span> <span class='ocrx_word' id='word_1_489' title='bbox 1424 3302 1714 3375; x_wconf 87' lang='lat' dir='ltr'><strong>quatenus</strong></span> <span class='ocrx_word' id='word_1_490' title='bbox 1739 3292 1912 3352; x_wconf 75' lang='lat' dir='ltr'><strong>vitam</strong></span> <span class='ocrx_word' id='word_1_491' title='bbox 1949 3289 2187 3369; x_wconf 87' lang='lat' dir='ltr'><strong>habent,</strong></span> <span class='ocrx_word' id='word_1_492' title='bbox 2216 3290 2694 3352; x_wconf 64' lang='lat' dir='ltr'><strong>communicatur</strong></span> <span class='ocrx_word' id='word_1_493' title='bbox 2723 3289 2921 3353; x_wconf 85' lang='lat' dir='ltr'><strong>divina</strong></span> <span class='ocrx_word' id='word_1_494' title='bbox 2944 3291 3201 3374; x_wconf 81' lang='lat' dir='ltr'><strong>bonitas,</strong></span> <span class='ocrx_word' id='word_1_495' title='bbox 3238 3290 3295 3352; x_wconf 92' lang='lat' dir='ltr'><strong>in</strong></span> <span class='ocrx_word' id='word_1_496' title='bbox 3323 3291 3434 3353; x_wconf 91' lang='lat' dir='ltr'><strong>hoc</strong></span> <span class='ocrx_word' id='word_1_497' title='bbox 3465 3289 3676 3352; x_wconf 80' lang='lat' dir='ltr'><strong>eximia</strong></span> <span class='ocrx_word' id='word_1_498' title='bbox 3710 3300 3801 3352; x_wconf 90' lang='lat' dir='ltr'><strong>est</strong></span> 
     </span>
    </p>
   </div>
   <div class='ocr_carea' id='block_1_67' title="bbox 420 3380 3797 3466">
    <p class='ocr_par' dir='ltr' id='par_1_67' title="bbox 420 3380 3797 3466">
     <span class='ocr_line' id='line_1_67' title="bbox 420 3380 3797 3466; baseline -0.001 -20"><span class='ocrx_word' id='word_1_499' title='bbox 420 3383 676 3446; x_wconf 91' lang='lat' dir='ltr'><strong>hominis</strong></span> <span class='ocrx_word' id='word_1_500' title='bbox 707 3385 991 3458; x_wconf 88' lang='lat' dir='ltr'><strong>conditio,</strong></span> <span class='ocrx_word' id='word_1_501' title='bbox 1020 3385 1175 3466; x_wconf 89' lang='lat' dir='ltr'><strong>quod</strong></span> <span class='ocrx_word' id='word_1_502' title='bbox 1212 3391 1428 3466; x_wconf 67' lang='lat' dir='ltr'><strong>praeter</strong></span> <span class='ocrx_word' id='word_1_503' title='bbox 1459 3401 1548 3456; x_wconf 85' lang='lat' dir='ltr'><strong>ea,</strong></span> <span class='ocrx_word' id='word_1_504' title='bbox 1576 3401 1707 3463; x_wconf 78' lang='lat' dir='ltr'><strong>quae</strong></span> <span class='ocrx_word' id='word_1_505' title='bbox 1732 3382 1855 3461; x_wconf 91' lang='lat' dir='ltr'><strong>jam</strong></span> <span class='ocrx_word' id='word_1_506' title='bbox 1886 3381 2041 3442; x_wconf 83' lang='lat' dir='ltr'><strong>dicta</strong></span> <span class='ocrx_word' id='word_1_507' title='bbox 2074 3389 2232 3453; x_wconf 78' lang='lat' dir='ltr'><strong>sunt,</strong></span> <span class='ocrx_word' id='word_1_508' title='bbox 2263 3380 2494 3442; x_wconf 85' lang='lat' dir='ltr'><strong>ratione</strong></span> <span class='ocrx_word' id='word_1_509' title='bbox 2526 3399 2766 3462; x_wconf 90' lang='lat' dir='ltr'><strong>quoque</strong></span> <span class='ocrx_word' id='word_1_510' title='bbox 2793 3381 3076 3464; x_wconf 66' lang='lat' dir='ltr'><strong>praeditus</strong></span> <span class='ocrx_word' id='word_1_511' title='bbox 3101 3382 3196 3443; x_wconf 90' lang='lat' dir='ltr'><strong>sit.</strong></span> <span class='ocrx_word' id='word_1_512' title='bbox 3224 3381 3430 3444; x_wconf 78' lang='lat' dir='ltr'><strong>Afﬁnis</strong></span> <span class='ocrx_word' id='word_1_513' title='bbox 3461 3384 3617 3444; x_wconf 91' lang='lat' dir='ltr'><strong>enim</strong></span> <span class='ocrx_word' id='word_1_514' title='bbox 3651 3401 3797 3462; x_wconf 82' lang='lat' dir='ltr'><strong>quo-</strong></span> 
     </span>
    </p>
   </div>
   <div class='ocr_carea' id='block_1_68' title="bbox 407 3469 3621 3556">
    <p class='ocr_par' dir='ltr' id='par_1_68' title="bbox 407 3469 3621 3556">
     <span class='ocr_line' id='line_1_68' title="bbox 407 3469 3621 3556; baseline -0.002 -22"><span class='ocrx_word' id='word_1_515' title='bbox 407 3473 726 3537; x_wconf 64' lang='lat' dir='ltr'><strong>(Iammodo</strong></span> <span class='ocrx_word' id='word_1_516' title='bbox 774 3475 1148 3556; x_wconf 83' lang='lat' dir='ltr'><strong>maximeque</strong></span> <span class='ocrx_word' id='word_1_517' title='bbox 1179 3475 1549 3556; x_wconf 85' lang='lat' dir='ltr'><strong>propinquus</strong></span> <span class='ocrx_word' id='word_1_518' title='bbox 1573 3481 1661 3533; x_wconf 88' lang='lat' dir='ltr'><strong>est</strong></span> <span class='ocrx_word' id='word_1_519' title='bbox 1695 3473 1816 3534; x_wconf 85' lang='lat' dir='ltr'><strong>Deo</strong></span> <span class='ocrx_word' id='word_1_520' title='bbox 1852 3492 1864 3532; x_wconf 93' lang='lat'>:</span> <span class='ocrx_word' id='word_1_521' title='bbox 1901 3469 2139 3532; x_wconf 78' lang='lat' dir='ltr'><strong>tametsi</strong></span> <span class='ocrx_word' id='word_1_522' title='bbox 2161 3469 2263 3531; x_wconf 91' lang='lat' dir='ltr'><strong>ille</strong></span> <span class='ocrx_word' id='word_1_523' title='bbox 2294 3470 2749 3550; x_wconf 78' lang='lat' dir='ltr'><strong>incomparabili</strong></span> <span class='ocrx_word' id='word_1_524' title='bbox 2779 3470 3188 3550; x_wconf 82' lang='lat' dir='ltr'><strong>magnitudine</strong></span> <span class='ocrx_word' id='word_1_525' title='bbox 3224 3490 3330 3532; x_wconf 88' lang='lat' dir='ltr'><strong>nos</strong></span> <span class='ocrx_word' id='word_1_526' title='bbox 3359 3480 3621 3552; x_wconf 86' lang='lat' dir='ltr'><strong>superet.</strong></span> 
     </span>
    </p>
   </div>
   <div class='ocr_carea' id='block_1_69' title="bbox 491 3559 2057 3644">
    <p class='ocr_par' dir='ltr' id='par_1_69' title="bbox 491 3559 2057 3644">
     <span class='ocr_line' id='line_1_69' title="bbox 491 3559 2057 3644; baseline -0.003 -21"><span class='ocrx_word' id='word_1_527' title='bbox 491 3565 788 3644; x_wconf 70' lang='lat' dir='ltr'><strong>lmagiuis</strong></span> <span class='ocrx_word' id='word_1_528' title='bbox 815 3567 993 3628; x_wconf 85' lang='lat' dir='ltr'><strong>decus</strong></span> <span class='ocrx_word' id='word_1_529' title='bbox 1026 3567 1285 3642; x_wconf 74' lang='lat' dir='ltr'><strong>imagini</strong></span> <span class='ocrx_word' id='word_1_530' title='bbox 1325 3563 1676 3632; x_wconf 79' lang='lat' dir='ltr'><strong>reddamus,</strong></span> <span class='ocrx_word' id='word_1_531' title='bbox 1739 3569 1851 3624; x_wconf 89' lang='lat' dir='ltr'><strong>etc.</strong></span> <span class='ocrx_word' id='word_1_532' title='bbox 1894 3559 2057 3622; x_wconf 85' lang='lat' dir='ltr'><strong>Red-</strong></span> 
     </span>
    </p>
   </div>
   <div class='ocr_carea' id='block_1_70' title="bbox 407 3650 2058 3736">
    <p class='ocr_par' dir='ltr' id='par_1_70' title="bbox 407 3650 2058 3736">
     <span class='ocr_line' id='line_1_70' title="bbox 407 3650 2058 3736; baseline -0.004 -20"><span class='ocrx_word' id='word_1_533' title='bbox 407 3654 640 3731; x_wconf 89' lang='lat' dir='ltr'><strong>damus,</strong></span> <span class='ocrx_word' id='word_1_534' title='bbox 677 3655 887 3736; x_wconf 86' lang='lat' dir='ltr'><strong>inquit,</strong></span> <span class='ocrx_word' id='word_1_535' title='bbox 919 3655 1162 3734; x_wconf 88' lang='lat' dir='ltr'><strong>imagini</strong></span> <span class='ocrx_word' id='word_1_536' title='bbox 1209 3653 1340 3728; x_wconf 88' lang='lat' dir='ltr'><strong>Dei,</strong></span> <span class='ocrx_word' id='word_1_537' title='bbox 1365 3652 1423 3714; x_wconf 90' lang='lat' dir='ltr'><strong>id</strong></span> <span class='ocrx_word' id='word_1_538' title='bbox 1454 3665 1542 3713; x_wconf 88' lang='lat' dir='ltr'><strong>est</strong></span> <span class='ocrx_word' id='word_1_539' title='bbox 1573 3652 1809 3728; x_wconf 66' lang='lat' dir='ltr'><strong>animae,</strong></span> <span class='ocrx_word' id='word_1_540' title='bbox 1847 3650 2058 3730; x_wconf 84' lang='lat' dir='ltr'><strong>imagi-</strong></span> 
     </span>
    </p>
   </div>
   <div class='ocr_carea' id='block_1_71' title="bbox 409 3743 2056 3825">
    <p class='ocr_par' dir='ltr' id='par_1_71' title="bbox 409 3743 2056 3825">
     <span class='ocr_line' id='line_1_71' title="bbox 409 3743 2056 3825; baseline -0.004 -19"><span class='ocrx_word' id='word_1_541' title='bbox 409 3747 501 3806; x_wconf 92' lang='lat' dir='ltr'><strong>nis</strong></span> <span class='ocrx_word' id='word_1_542' title='bbox 533 3744 737 3820; x_wconf 88' lang='lat' dir='ltr'><strong>decus,</strong></span> <span class='ocrx_word' id='word_1_543' title='bbox 788 3745 1017 3806; x_wconf 87' lang='lat' dir='ltr'><strong>divinas</strong></span> <span class='ocrx_word' id='word_1_544' title='bbox 1049 3762 1265 3825; x_wconf 81' lang='lat' dir='ltr'><strong>nempe</strong></span> <span class='ocrx_word' id='word_1_545' title='bbox 1297 3743 1535 3818; x_wconf 85' lang='lat' dir='ltr'><strong>formas,</strong></span> <span class='ocrx_word' id='word_1_546' title='bbox 1571 3761 1717 3823; x_wconf 90' lang='lat' dir='ltr'><strong>quas</strong></span> <span class='ocrx_word' id='word_1_547' title='bbox 1752 3750 2056 3822; x_wconf 87' lang='lat' dir='ltr'><strong>peccatum</strong></span> 
     </span>
    </p>
   </div>
   <div class='ocr_carea' id='block_1_72' title="bbox 410 3831 2060 3916">
    <p class='ocr_par' dir='ltr' id='par_1_72' title="bbox 410 3831 2060 3916">
     <span class='ocr_line' id='line_1_72' title="bbox 410 3831 2060 3916; baseline -0.002 -20"><span class='ocrx_word' id='word_1_548' title='bbox 410 3833 768 3899; x_wconf 83' lang='lat' dir='ltr'><strong>obscuravit.</strong></span> <span class='ocrx_word' id='word_1_549' title='bbox 805 3835 955 3916; x_wconf 87' lang='lat' dir='ltr'><strong>Apte</strong></span> <span class='ocrx_word' id='word_1_550' title='bbox 987 3845 1182 3897; x_wconf 89' lang='lat' dir='ltr'><strong>autem</strong></span> <span class='ocrx_word' id='word_1_551' title='bbox 1221 3834 1389 3906; x_wconf 78' lang='lat' dir='ltr'><strong>dixit,</strong></span> <span class='ocrx_word' id='word_1_552' title='bbox 1432 3832 1795 3903; x_wconf 79' lang='lat' dir='ltr'><strong>Reddanius,</strong></span> <span class='ocrx_word' id='word_1_553' title='bbox 1838 3831 2060 3912; x_wconf 86' lang='lat' dir='ltr'><strong>quippe</strong></span> 
     </span>
    </p>
   </div>
   <div class='ocr_carea' id='block_1_73' title="bbox 408 3923 2057 4006">
    <p class='ocr_par' dir='ltr' id='par_1_73' title="bbox 408 3923 2057 4006">
     <span class='ocr_line' id='line_1_73' title="bbox 408 3923 2057 4006; baseline -0.002 -21"><span class='ocrx_word' id='word_1_554' title='bbox 408 3926 564 4006; x_wconf 90' lang='lat' dir='ltr'><strong>quod</strong></span> <span class='ocrx_word' id='word_1_555' title='bbox 602 3925 912 3990; x_wconf 86' lang='lat' dir='ltr'><strong>debeatur.</strong></span> <span class='ocrx_word' id='word_1_556' title='bbox 970 3925 1121 3988; x_wconf 84' lang='lat' dir='ltr'><strong>Illud</strong></span> <span class='ocrx_word' id='word_1_557' title='bbox 1177 3925 1334 3987; x_wconf 91' lang='lat' dir='ltr'><strong>enim</strong></span> <span class='ocrx_word' id='word_1_558' title='bbox 1370 3924 1627 3986; x_wconf 85' lang='lat' dir='ltr'><strong>reddere</strong></span> <span class='ocrx_word' id='word_1_559' title='bbox 1658 3923 1790 4004; x_wconf 89' lang='lat' dir='ltr'><strong>quis</strong></span> <span class='ocrx_word' id='word_1_560' title='bbox 1821 3923 2057 3994; x_wconf 88' lang='lat' dir='ltr'><strong>dicitur,</strong></span> 
     </span>
    </p>
   </div>
   <div class='ocr_carea' id='block_1_74' title="bbox 411 4013 2058 4096">
    <p class='ocr_par' dir='ltr' id='par_1_74' title="bbox 411 4013 2058 4096">
     <span class='ocr_line' id='line_1_74' title="bbox 411 4013 2058 4096; baseline -0.002 -20"><span class='ocrx_word' id='word_1_561' title='bbox 411 4015 568 4095; x_wconf 91' lang='lat' dir='ltr'><strong>quod</strong></span> <span class='ocrx_word' id='word_1_562' title='bbox 602 4015 804 4077; x_wconf 84' lang='lat' dir='ltr'><strong>debet.</strong></span> <span class='ocrx_word' id='word_1_563' title='bbox 837 4017 954 4078; x_wconf 80' lang='lat' dir='ltr'><strong>Nos</strong></span> <span class='ocrx_word' id='word_1_564' title='bbox 986 4016 1183 4095; x_wconf 81' lang='lat' dir='ltr'><strong>igitur,</strong></span> <span class='ocrx_word' id='word_1_565' title='bbox 1217 4014 1318 4096; x_wconf 91' lang='lat' dir='ltr'><strong>qui</strong></span> <span class='ocrx_word' id='word_1_566' title='bbox 1375 4013 1646 4092; x_wconf 86' lang='lat' dir='ltr'><strong>imaginis</strong></span> <span class='ocrx_word' id='word_1_567' title='bbox 1713 4013 2058 4090; x_wconf 88' lang='lat' dir='ltr'><strong>dignitatem</strong></span> 
     </span>
    </p>
   </div>
   <div class='ocr_carea' id='block_1_75' title="bbox 409 4105 2054 4184">
    <p class='ocr_par' dir='ltr' id='par_1_75' title="bbox 409 4105 2054 4184">
     <span class='ocr_line' id='line_1_75' title="bbox 409 4105 2054 4184; baseline -0.001 -18"><span class='ocrx_word' id='word_1_568' title='bbox 409 4105 1055 4184; x_wconf 79' lang='lat' dir='ltr'><strong>accepimus,eamdem</strong></span> <span class='ocrx_word' id='word_1_569' title='bbox 1078 4106 1233 4167; x_wconf 88' lang='lat' dir='ltr'><strong>haud</strong></span> <span class='ocrx_word' id='word_1_570' title='bbox 1256 4105 1432 4166; x_wconf 84' lang='lat' dir='ltr'><strong>dubie</strong></span> <span class='ocrx_word' id='word_1_571' title='bbox 1455 4123 1486 4166; x_wconf 90' lang='lat' dir='ltr'><strong>a</strong></span> <span class='ocrx_word' id='word_1_572' title='bbox 1505 4107 1624 4168; x_wconf 86' lang='lat' dir='ltr'><strong>Deo</strong></span> <span class='ocrx_word' id='word_1_573' title='bbox 1647 4122 2054 4184; x_wconf 81' lang='lat' dir='ltr'><strong>reposcemur.</strong></span> 
     </span>
    </p>
   </div>
   <div class='ocr_carea' id='block_1_76' title="bbox 407 4193 2059 4277">
    <p class='ocr_par' dir='ltr' id='par_1_76' title="bbox 407 4193 2059 4277">
     <span class='ocr_line' id='line_1_76' title="bbox 407 4193 2059 4277; baseline -0.002 -21"><span class='ocrx_word' id='word_1_574' title='bbox 407 4194 483 4256; x_wconf 84' lang='lat' dir='ltr'><strong>At</strong></span> <span class='ocrx_word' id='word_1_575' title='bbox 511 4202 713 4256; x_wconf 86' lang='lat' dir='ltr'><strong>sancto</strong></span> <span class='ocrx_word' id='word_1_576' title='bbox 739 4195 976 4276; x_wconf 75' lang='lat' dir='ltr'><strong>quidem</strong></span> <span class='ocrx_word' id='word_1_577' title='bbox 1012 4197 1225 4277; x_wconf 78' lang='lat' dir='ltr'><strong>Cerlo</strong></span> <span class='ocrx_word' id='word_1_578' title='bbox 1262 4215 1442 4257; x_wconf 88' lang='lat' dir='ltr'><strong>unum</strong></span> <span class='ocrx_word' id='word_1_579' title='bbox 1497 4195 1777 4274; x_wconf 87' lang='lat' dir='ltr'><strong>idemque</strong></span> <span class='ocrx_word' id='word_1_580' title='bbox 1829 4193 2059 4272; x_wconf 84' lang='lat' dir='ltr'><strong>signiti-</strong></span> 
     </span>
    </p>
   </div>
   <div class='ocr_carea' id='block_1_77' title="bbox 411 4285 2059 4368">
    <p class='ocr_par' dir='ltr' id='par_1_77' title="bbox 411 4285 2059 4368">
     <span class='ocr_line' id='line_1_77' title="bbox 411 4285 2059 4368; baseline -0.002 -21"><span class='ocrx_word' id='word_1_581' title='bbox 411 4303 546 4347; x_wconf 89' lang='lat' dir='ltr'><strong>care</strong></span> <span class='ocrx_word' id='word_1_582' title='bbox 580 4285 874 4368; x_wconf 90' lang='lat' dir='ltr'><strong>videntur,</strong></span> <span class='ocrx_word' id='word_1_583' title='bbox 906 4287 1235 4349; x_wconf 87' lang='lat' dir='ltr'><strong>secundum</strong></span> <span class='ocrx_word' id='word_1_584' title='bbox 1288 4286 1605 4365; x_wconf 81' lang='lat' dir='ltr'><strong>imaginem</strong></span> <span class='ocrx_word' id='word_1_585' title='bbox 1641 4293 1699 4347; x_wconf 90' lang='lat' dir='ltr'><strong>et</strong></span> <span class='ocrx_word' id='word_1_586' title='bbox 1729 4287 2059 4349; x_wconf 72' lang='lat' dir='ltr'><strong>secundum</strong></span> 
     </span>
    </p>
   </div>
   <div class='ocr_carea' id='block_1_78' title="bbox 404 4375 2062 4457">
    <p class='ocr_par' dir='ltr' id='par_1_78' title="bbox 404 4375 2062 4457">
     <span class='ocr_line' id='line_1_78' title="bbox 404 4375 2062 4457; baseline -0.002 -20"><span class='ocrx_word' id='word_1_587' title='bbox 404 4375 862 4438; x_wconf 88' lang='lat' dir='ltr'><strong>similitudinem</strong></span> <span class='ocrx_word' id='word_1_588' title='bbox 902 4398 914 4437; x_wconf 92' lang='lat'>:</span> <span class='ocrx_word' id='word_1_589' title='bbox 953 4397 1155 4440; x_wconf 85' lang='lat' dir='ltr'><strong>verum</strong></span> <span class='ocrx_word' id='word_1_590' title='bbox 1207 4378 1421 4457; x_wconf 87' lang='lat' dir='ltr'><strong>reliqui</strong></span> <span class='ocrx_word' id='word_1_591' title='bbox 1479 4379 1682 4440; x_wconf 86' lang='lat' dir='ltr'><strong>Patres</strong></span> <span class='ocrx_word' id='word_1_592' title='bbox 1707 4376 1764 4435; x_wconf 92' lang='lat' dir='ltr'><strong>in</strong></span> <span class='ocrx_word' id='word_1_593' title='bbox 1790 4375 1898 4435; x_wconf 89' lang='lat' dir='ltr'><strong>hac</strong></span> <span class='ocrx_word' id='word_1_594' title='bbox 1924 4389 2062 4434; x_wconf 86' lang='lat' dir='ltr'><strong>sunt</strong></span> 
     </span>
    </p>
   </div>
   <div class='ocr_carea' id='block_1_79' title="bbox 411 4465 2028 4549">
    <p class='ocr_par' dir='ltr' id='par_1_79' title="bbox 411 4465 2028 4549">
     <span class='ocr_line' id='line_1_79' title="bbox 411 4465 2028 4549; baseline -0.002 -22"><span class='ocrx_word' id='word_1_595' title='bbox 411 4469 922 4549; x_wconf 84' lang='lat' dir='ltr'><strong>sententia,utper</strong></span> <span class='ocrx_word' id='word_1_596' title='bbox 945 4467 1263 4548; x_wconf 76' lang='lat' dir='ltr'><strong>imaginem</strong></span> <span class='ocrx_word' id='word_1_597' title='bbox 1294 4467 1659 4545; x_wconf 75' lang='lat' dir='ltr'><strong>inteliigendi</strong></span> <span class='ocrx_word' id='word_1_598' title='bbox 1690 4465 1804 4524; x_wconf 89' lang='lat' dir='ltr'><strong>vim</strong></span> <span class='ocrx_word' id='word_1_599' title='bbox 1826 4465 2028 4525; x_wconf 82' lang='lat' dir='ltr'><strong>arbtrii</strong></span> 
     </span>
    </p>
   </div>
   <div class='ocr_carea' id='block_1_80' title="bbox 2225 3559 3800 3640">
    <p class='ocr_par' dir='ltr' id='par_1_80' title="bbox 2225 3559 3800 3640">
     <span class='ocr_line' id='line_1_80' title="bbox 2225 3559 3800 3640; baseline -0.003 -20"><span class='ocrx_word' id='word_1_600' title='bbox 2225 3560 2350 3623; x_wconf 91' lang='lat' dir='ltr'><strong>Col.</strong></span> <span class='ocrx_word' id='word_1_601' title='bbox 2391 3559 2500 3623; x_wconf 74' lang='grc'><strong>397</strong></span> <span class='ocrx_word' id='word_1_602' title='bbox 2537 3561 2581 3622; x_wconf 87' lang='grc' dir='ltr'>Β</span> <span class='ocrx_word' id='word_1_603' title='bbox 2615 3561 2704 3624; x_wconf 73' lang='grc'><strong>12.</strong></span> <span class='ocrx_word' id='word_1_604' title='bbox 2744 3559 3135 3636; x_wconf 67' lang='grc' dir='ltr'>Ἀποδῶμενη,</span> <span class='ocrx_word' id='word_1_605' title='bbox 3161 3564 3302 3637; x_wconf 75' lang='grc' dir='ltr'>ἡμᾶς</span> <span class='ocrx_word' id='word_1_606' title='bbox 3338 3559 3800 3640; x_wconf 68' lang='grc' dir='ltr'>ἅνθρωπος,Ἀπο-</span> 
     </span>
    </p>
   </div>
   <div class='ocr_carea' id='block_1_81' title="bbox 2141 3648 3794 3731">
    <p class='ocr_par' dir='ltr' id='par_1_81' title="bbox 2141 3648 3794 3731">
     <span class='ocr_line' id='line_1_81' title="bbox 2141 3648 3794 3731; baseline 0.001 -25"><span class='ocrx_word' id='word_1_607' title='bbox 2141 3649 2338 3726; x_wconf 80' lang='grc' dir='ltr'>δῶμεν,</span> <span class='ocrx_word' id='word_1_608' title='bbox 2387 3652 2536 3729; x_wconf 76' lang='grc' dir='ltr'>φησὶ,</span> <span class='ocrx_word' id='word_1_609' title='bbox 2586 3657 2652 3728; x_wconf 79' lang='grc' dir='ltr'>τῇ</span> <span class='ocrx_word' id='word_1_610' title='bbox 2684 3656 2861 3731; x_wconf 76' lang='grc' dir='ltr'>ψυχῇ,</span> <span class='ocrx_word' id='word_1_611' title='bbox 2913 3657 2982 3728; x_wconf 82' lang='grc' dir='ltr'>τῇ</span> <span class='ocrx_word' id='word_1_612' title='bbox 3028 3652 3188 3708; x_wconf 82' lang='grc' dir='ltr'>εἰκόνι</span> <span class='ocrx_word' id='word_1_613' title='bbox 3221 3651 3310 3708; x_wconf 67' lang='grc' dir='ltr'><strong>τοῦ</strong></span> <span class='ocrx_word' id='word_1_614' title='bbox 3346 3660 3498 3726; x_wconf 81' lang='grc' dir='ltr'>Θεοῦ,</span> <span class='ocrx_word' id='word_1_615' title='bbox 3560 3655 3620 3708; x_wconf 83' lang='grc' dir='ltr'><strong>τὸ</strong></span> <span class='ocrx_word' id='word_1_616' title='bbox 3676 3648 3794 3708; x_wconf 86' lang='grc' dir='ltr'>κατ’</span> 
     </span>
    </p>
   </div>
   <div class='ocr_carea' id='block_1_82' title="bbox 2143 3739 3793 3822">
    <p class='ocr_par' dir='ltr' id='par_1_82' title="bbox 2143 3739 3793 3822">
     <span class='ocr_line' id='line_1_82' title="bbox 2143 3739 3793 3822; baseline 0.001 -26"><span class='ocrx_word' id='word_1_617' title='bbox 2143 3741 2323 3797; x_wconf 80' lang='grc' dir='ltr'>εἰκόνα</span> <span class='ocrx_word' id='word_1_618' title='bbox 2356 3741 2585 3817; x_wconf 75' lang='grc' dir='ltr'>ἀξίωμα,</span> <span class='ocrx_word' id='word_1_619' title='bbox 2649 3739 2853 3808; x_wconf 76' lang='grc' dir='ltr'>δηλαδή</span> <span class='ocrx_word' id='word_1_620' title='bbox 2921 3743 3040 3805; x_wconf 81' lang='grc' dir='ltr'>τοὺς</span> <span class='ocrx_word' id='word_1_621' title='bbox 3086 3743 3253 3807; x_wconf 80' lang='grc' dir='ltr'>θείους</span> <span class='ocrx_word' id='word_1_622' title='bbox 3300 3746 3673 3822; x_wconf 75' lang='grc' dir='ltr'>χαρακτήρας,</span> <span class='ocrx_word' id='word_1_623' title='bbox 3705 3743 3793 3805; x_wconf 73' lang='grc' dir='ltr'><strong>οὒς</strong></span> 
     </span>
    </p>
   </div>
   <div class='ocr_carea' id='block_1_83' title="bbox 2143 3831 3793 3911">
    <p class='ocr_par' dir='ltr' id='par_1_83' title="bbox 2143 3831 3793 3911">
     <span class='ocr_line' id='line_1_83' title="bbox 2143 3831 3793 3911; baseline 0 -26"><span class='ocrx_word' id='word_1_624' title='bbox 2143 3831 2177 3899; x_wconf 76' lang='grc' dir='ltr'><strong>ἡ</strong></span> <span class='ocrx_word' id='word_1_625' title='bbox 2212 3831 2440 3908; x_wconf 69' lang='grc' dir='ltr'>ἁμαρτία</span> <span class='ocrx_word' id='word_1_626' title='bbox 2499 3831 2814 3909; x_wconf 75' lang='grc' dir='ltr'>ἠμαύρωσε,</span> <span class='ocrx_word' id='word_1_627' title='bbox 2879 3832 3066 3895; x_wconf 78' lang='grc' dir='ltr'>Καλῶς</span> <span class='ocrx_word' id='word_1_628' title='bbox 3116 3831 3168 3888; x_wconf 77' lang='grc' dir='ltr'><strong>δὲ</strong></span> <span class='ocrx_word' id='word_1_629' title='bbox 3218 3833 3396 3896; x_wconf 79' lang='grc' dir='ltr'>εἶπεν,</span> <span class='ocrx_word' id='word_1_630' title='bbox 3459 3833 3793 3911; x_wconf 66' lang='grc' dir='ltr'>’λποδῶμεν,</span> 
     </span>
    </p>
   </div>
   <div class='ocr_carea' id='block_1_84' title="bbox 2143 3921 3798 4002">
    <p class='ocr_par' dir='ltr' id='par_1_84' title="bbox 2143 3921 3798 4002">
     <span class='ocr_line' id='line_1_84' title="bbox 2143 3921 3798 4002; baseline 0.002 -29"><span class='ocrx_word' id='word_1_631' title='bbox 2143 3923 2215 3982; x_wconf 79' lang='grc' dir='ltr'>ὼς</span> <span class='ocrx_word' id='word_1_632' title='bbox 2250 3921 2620 4001; x_wconf 58' lang='grc' dir='ltr'>ὀφειλόμενον.</span> <span class='ocrx_word' id='word_1_633' title='bbox 2673 3922 2890 3980; x_wconf 64' lang='grc' dir='ltr'>Ἐκεῖνο</span> <span class='ocrx_word' id='word_1_634' title='bbox 2948 3924 3048 4002; x_wconf 75' lang='grc' dir='ltr'>γάρ</span> <span class='ocrx_word' id='word_1_635' title='bbox 3103 3947 3184 3988; x_wconf 87' lang='grc' dir='ltr'><strong>τις</strong></span> <span class='ocrx_word' id='word_1_636' title='bbox 3216 3921 3517 3980; x_wconf 79' lang='grc' dir='ltr'>ἀποδιδόναι</span> <span class='ocrx_word' id='word_1_637' title='bbox 3561 3921 3798 4002; x_wconf 82' lang='grc' dir='ltr'>λέγεται,</span> 
     </span>
    </p>
   </div>
   <div class='ocr_carea' id='block_1_85' title="bbox 2144 4009 3800 4095">
    <p class='ocr_par' dir='ltr' id='par_1_85' title="bbox 2144 4009 3800 4095">
     <span class='ocr_line' id='line_1_85' title="bbox 2144 4009 3800 4095; baseline 0.001 -29"><span class='ocrx_word' id='word_1_638' title='bbox 2144 4009 2275 4089; x_wconf 77' lang='grc' dir='ltr'>ὅπερ</span> <span class='ocrx_word' id='word_1_639' title='bbox 2311 4014 2718 4092; x_wconf 78' lang='grc' dir='ltr'>κεχρεώσττ,κε.</span> <span class='ocrx_word' id='word_1_640' title='bbox 2775 4015 2871 4070; x_wconf 74' lang='grc' dir='ltr'><strong>Καὶ</strong></span> <span class='ocrx_word' id='word_1_641' title='bbox 2917 4015 3082 4088; x_wconf 76' lang='grc' dir='ltr'>ἡμετς</span> <span class='ocrx_word' id='word_1_642' title='bbox 3142 4016 3254 4095; x_wconf 74' lang='grc' dir='ltr'>οὖν,</span> <span class='ocrx_word' id='word_1_643' title='bbox 3286 4011 3538 4076; x_wconf 78' lang='grc' dir='ltr'>λαϐόντες</span> <span class='ocrx_word' id='word_1_644' title='bbox 3570 4016 3629 4070; x_wconf 79' lang='grc' dir='ltr'><strong>τὸ</strong></span> <span class='ocrx_word' id='word_1_645' title='bbox 3682 4011 3800 4068; x_wconf 80' lang='grc' dir='ltr'>κατ’</span> 
     </span>
    </p>
   </div>
   <div class='ocr_carea' id='block_1_86' title="bbox 2145 4102 3802 4183">
    <p class='ocr_par' dir='ltr' id='par_1_86' title="bbox 2145 4102 3802 4183">
     <span class='ocr_line' id='line_1_86' title="bbox 2145 4102 3802 4183; baseline 0.002 -27"><span class='ocrx_word' id='word_1_646' title='bbox 2145 4103 2344 4173; x_wconf 72' lang='grc' dir='ltr'>εἰκόνα,</span> <span class='ocrx_word' id='word_1_647' title='bbox 2405 4103 2883 4180; x_wconf 68' lang='grc' dir='ltr'>ἀπαιτηθησόμεθα</span> <span class='ocrx_word' id='word_1_648' title='bbox 2935 4104 3145 4170; x_wconf 72' lang='grc' dir='ltr'>πάντως</span> <span class='ocrx_word' id='word_1_649' title='bbox 3201 4105 3327 4163; x_wconf 77' lang='grc' dir='ltr'><strong>αὐτὸ</strong></span> <span class='ocrx_word' id='word_1_650' title='bbox 3385 4105 3526 4183; x_wconf 74' lang='grc' dir='ltr'>παρὰ</span> <span class='ocrx_word' id='word_1_651' title='bbox 3558 4113 3649 4162; x_wconf 85' lang='grc' dir='ltr'><strong>τοῦ</strong></span> <span class='ocrx_word' id='word_1_652' title='bbox 3676 4102 3802 4159; x_wconf 78' lang='grc' dir='ltr'><strong>δόν-</strong></span> 
     </span>
    </p>
   </div>
   <div class='ocr_carea' id='block_1_87' title="bbox 2143 4192 3804 4274">
    <p class='ocr_par' dir='ltr' id='par_1_87' title="bbox 2143 4192 3804 4274">
     <span class='ocr_line' id='line_1_87' title="bbox 2143 4192 3804 4274; baseline 0.001 -26"><span class='ocrx_word' id='word_1_653' title='bbox 2143 4213 2235 4254; x_wconf 86' lang='grc' dir='ltr'>τος</span> <span class='ocrx_word' id='word_1_654' title='bbox 2280 4197 2434 4254; x_wconf 84' lang='grc' dir='ltr'>Θεοῦ,</span> <span class='ocrx_word' id='word_1_655' title='bbox 2500 4195 2596 4251; x_wconf 83' lang='grc' dir='ltr'>Καὶ</span> <span class='ocrx_word' id='word_1_656' title='bbox 2649 4195 2724 4268; x_wconf 77' lang='grc' dir='ltr'><strong>τῷ</strong></span> <span class='ocrx_word' id='word_1_657' title='bbox 2769 4195 2867 4268; x_wconf 75' lang='grc' dir='ltr'>μὲν</span> <span class='ocrx_word' id='word_1_658' title='bbox 2921 4195 3055 4272; x_wconf 78' lang='grc' dir='ltr'>ἁγίῳ</span> <span class='ocrx_word' id='word_1_659' title='bbox 3087 4192 3349 4274; x_wconf 81' lang='grc' dir='ltr'>Κυρίλλῳ,</span> <span class='ocrx_word' id='word_1_660' title='bbox 3384 4196 3444 4250; x_wconf 85' lang='grc' dir='ltr'><strong>τὸ</strong></span> <span class='ocrx_word' id='word_1_661' title='bbox 3475 4193 3601 4250; x_wconf 60' lang='lat' dir='ltr'><strong>abte</strong></span> <span class='ocrx_word' id='word_1_662' title='bbox 3629 4195 3718 4250; x_wconf 73' lang='grc' dir='ltr'><strong>καὶ</strong></span> <span class='ocrx_word' id='word_1_663' title='bbox 3749 4195 3804 4250; x_wconf 89' lang='grc' dir='ltr'>ἓν</span> 
     </span>
    </p>
   </div>
   <div class='ocr_carea' id='block_1_88' title="bbox 2145 4278 3798 4360">
    <p class='ocr_par' dir='ltr' id='par_1_88' title="bbox 2145 4278 3798 4360">
     <span class='ocr_line' id='line_1_88' title="bbox 2145 4278 3798 4360; baseline 0.001 -24"><span class='ocrx_word' id='word_1_664' title='bbox 2145 4281 2297 4337; x_wconf 76' lang='grc' dir='ltr'>εἶναι</span> <span class='ocrx_word' id='word_1_665' title='bbox 2327 4278 2500 4354; x_wconf 80' lang='grc' dir='ltr'>δοκεῖ,</span> <span class='ocrx_word' id='word_1_666' title='bbox 2555 4283 2613 4337; x_wconf 82' lang='grc' dir='ltr'><strong>τὸ</strong></span> <span class='ocrx_word' id='word_1_667' title='bbox 2663 4283 2783 4339; x_wconf 79' lang='grc' dir='ltr'>κατ’</span> <span class='ocrx_word' id='word_1_668' title='bbox 2845 4286 3022 4340; x_wconf 83' lang='grc' dir='ltr'>εἰκόνα</span> <span class='ocrx_word' id='word_1_669' title='bbox 3079 4286 3167 4341; x_wconf 84' lang='grc' dir='ltr'><strong>καὶ</strong></span> <span class='ocrx_word' id='word_1_670' title='bbox 3212 4285 3272 4340; x_wconf 62' lang='grc' dir='ltr'>το</span> <span class='ocrx_word' id='word_1_671' title='bbox 3324 4280 3441 4340; x_wconf 69' lang='grc' dir='ltr'>καθ’</span> <span class='ocrx_word' id='word_1_672' title='bbox 3499 4285 3749 4360; x_wconf 79' lang='grc' dir='ltr'>ὁμοίωσιν</span> <span class='ocrx_word' id='word_1_673' title='bbox 3782 4299 3798 4314; x_wconf 81' lang='grc'><strong>⁸</strong></span> 
     </span>
    </p>
   </div>
   <div class='ocr_carea' id='block_1_89' title="bbox 2147 4368 3802 4454">
    <p class='ocr_par' dir='ltr' id='par_1_89' title="bbox 2147 4368 3802 4454">
     <span class='ocr_line' id='line_1_89' title="bbox 2147 4368 3802 4454; baseline 0.002 -28"><span class='ocrx_word' id='word_1_674' title='bbox 2147 4369 2267 4434; x_wconf 85' lang='grc' dir='ltr'>τοῖς</span> <span class='ocrx_word' id='word_1_675' title='bbox 2316 4368 2371 4425; x_wconf 73' lang='grc' dir='ltr'><em>δὲ</em></span> <span class='ocrx_word' id='word_1_676' title='bbox 2423 4369 2639 4436; x_wconf 77' lang='grc' dir='ltr'>λοιποῖς</span> <span class='ocrx_word' id='word_1_677' title='bbox 2683 4375 2840 4438; x_wconf 80' lang='grc' dir='ltr'>Θείοις</span> <span class='ocrx_word' id='word_1_678' title='bbox 2895 4375 3153 4454; x_wconf 86' lang='grc' dir='ltr'>Πατράσι,</span> <span class='ocrx_word' id='word_1_679' title='bbox 3191 4373 3308 4430; x_wconf 83' lang='grc' dir='ltr'>κατ’</span> <span class='ocrx_word' id='word_1_680' title='bbox 3341 4375 3517 4430; x_wconf 77' lang='grc' dir='ltr'>εἰκόνα</span> <span class='ocrx_word' id='word_1_681' title='bbox 3562 4374 3682 4451; x_wconf 75' lang='grc' dir='ltr'>μὲν,</span> <span class='ocrx_word' id='word_1_682' title='bbox 3741 4375 3802 4430; x_wconf 80' lang='grc' dir='ltr'><strong>τὸ</strong></span> 
     </span>
    </p>
   </div>
   <div class='ocr_carea' id='block_1_90' title="bbox 2146 4459 3800 4543">
    <p class='ocr_par' dir='ltr' id='par_1_90' title="bbox 2146 4459 3800 4543">
     <span class='ocr_line' id='line_1_90' title="bbox 2146 4459 3800 4543; baseline 0.001 -28"><span class='ocrx_word' id='word_1_683' title='bbox 2146 4461 2324 4538; x_wconf 78' lang='grc' dir='ltr'>νοερὸν</span> <span class='ocrx_word' id='word_1_684' title='bbox 2354 4461 2442 4516; x_wconf 82' lang='grc' dir='ltr'><strong>καὶ</strong></span> <span class='ocrx_word' id='word_1_685' title='bbox 2474 4459 2801 4527; x_wconf 65' lang='grc' dir='ltr'>αὒτεξοῦσιον</span> <span class='ocrx_word' id='word_1_686' title='bbox 2834 4466 2920 4519; x_wconf 78' lang='grc' dir='ltr'>καὶ</span> <span class='ocrx_word' id='word_1_687' title='bbox 2950 4465 3009 4520; x_wconf 81' lang='grc' dir='ltr'><strong>τὸ</strong></span> <span class='ocrx_word' id='word_1_688' title='bbox 3043 4462 3268 4543; x_wconf 49' lang='lat' dir='ltr'><strong>inp-Kthv</strong></span> <span class='ocrx_word' id='word_1_689' title='bbox 3305 4482 3319 4496; x_wconf 84' lang='lat'>&#39;</span> <span class='ocrx_word' id='word_1_690' title='bbox 3372 4462 3489 4518; x_wconf 76' lang='grc' dir='ltr'>καθ’</span> <span class='ocrx_word' id='word_1_691' title='bbox 3544 4465 3800 4539; x_wconf 74' lang='grc' dir='ltr'>ὁμοίωσιν</span> 
     </span>
    </p>
   </div>
   <div class='ocr_carea' id='block_1_91' title="bbox 407 4537 2060 4638">
    <p class='ocr_par' dir='ltr' id='par_1_91' title="bbox 407 4537 2056 4638">
     <span class='ocr_line' id='line_1_91' title="bbox 407 4537 2056 4638; baseline -0.001 -22"><span class='ocrx_word' id='word_1_692' title='bbox 407 4575 522 4636; x_wconf 90' lang='lat' dir='ltr'><strong>que</strong></span> <span class='ocrx_word' id='word_1_693' title='bbox 553 4537 888 4617; x_wconf 78' lang='lat' dir='ltr'><strong>libertatem</strong></span> <span class='ocrx_word' id='word_1_694' title='bbox 933 4568 994 4619; x_wconf 90' lang='lat' dir='ltr'><strong>et</strong></span> <span class='ocrx_word' id='word_1_695' title='bbox 1050 4537 1445 4638; x_wconf 63' lang='lat' dir='ltr'><strong>principatum</strong></span> <span class='ocrx_word' id='word_1_696' title='bbox 1482 4537 1793 4624; x_wconf 65' lang='lat' dir='ltr'><strong>designari</strong></span> <span class='ocrx_word' id='word_1_697' title='bbox 1830 4563 2056 4633; x_wconf 89' lang='lat' dir='ltr'><strong>putent,</strong></span> 
     </span>
    </p>
   </div>
   <div class='ocr_carea' id='block_1_92' title="bbox 2148 4537 3801 4638">
    <p class='ocr_par' dir='ltr' id='par_1_92' title="bbox 2148 4549 3801 4634">
     <span class='ocr_line' id='line_1_92' title="bbox 2148 4549 3801 4634; baseline 0.002 -28"><span class='ocrx_word' id='word_1_698' title='bbox 2148 4549 2225 4620; x_wconf 70' lang='grc' dir='ltr'>δὲ,</span> <span class='ocrx_word' id='word_1_699' title='bbox 2258 4553 2317 4606; x_wconf 72' lang='grc' dir='ltr'>τὸ</span> <span class='ocrx_word' id='word_1_700' title='bbox 2349 4551 2402 4606; x_wconf 80' lang='grc' dir='ltr'>ἐν</span> <span class='ocrx_word' id='word_1_701' title='bbox 2445 4552 2665 4631; x_wconf 65' lang='grc' dir='ltr'>ἀρεταῖς</span> <span class='ocrx_word' id='word_1_702' title='bbox 2719 4552 2946 4629; x_wconf 81' lang='grc' dir='ltr'>τέλειον,</span> <span class='ocrx_word' id='word_1_703' title='bbox 2989 4557 3061 4619; x_wconf 82' lang='grc' dir='ltr'>ὡς</span> <span class='ocrx_word' id='word_1_704' title='bbox 3123 4554 3339 4634; x_wconf 73' lang='grc' dir='ltr'>ἐφικτὸν</span> <span class='ocrx_word' id='word_1_705' title='bbox 3395 4553 3670 4632; x_wconf 77' lang='grc' dir='ltr'>ἀνθρώπου</span> <span class='ocrx_word' id='word_1_706' title='bbox 3698 4557 3801 4634; x_wconf 58' lang='grc' dir='ltr'>φύε</span> 
     </span>
    </p>
   </div>
   <div class='ocr_carea' id='block_1_93' title="bbox 413 4645 2054 4725">
    <p class='ocr_par' dir='ltr' id='par_1_93' title="bbox 413 4645 2054 4725">
     <span class='ocr_line' id='line_1_93' title="bbox 413 4645 2054 4725; baseline -0.001 -20"><span class='ocrx_word' id='word_1_707' title='bbox 413 4662 518 4724; x_wconf 88' lang='lat' dir='ltr'><strong>per</strong></span> <span class='ocrx_word' id='word_1_708' title='bbox 542 4645 992 4708; x_wconf 85' lang='lat' dir='ltr'><strong>similitudinem</strong></span> <span class='ocrx_word' id='word_1_709' title='bbox 1025 4656 1246 4720; x_wconf 86' lang='lat' dir='ltr'><strong>autem,</strong></span> <span class='ocrx_word' id='word_1_710' title='bbox 1294 4647 1539 4708; x_wconf 78' lang='lat' dir='ltr'><strong>vitulum</strong></span> <span class='ocrx_word' id='word_1_711' title='bbox 1605 4645 2054 4725; x_wconf 44' lang='lat' dir='ltr'><strong>perfectionem,</strong></span> 
     </span>
    </p>
   </div>
   <div class='ocr_carea' id='block_1_94' title="bbox 408 4735 2057 4815">
    <p class='ocr_par' dir='ltr' id='par_1_94' title="bbox 408 4735 2057 4815">
     <span class='ocr_line' id='line_1_94' title="bbox 408 4735 2057 4815; baseline 0.002 -22"><span class='ocrx_word' id='word_1_712' title='bbox 408 4742 689 4813; x_wconf 89' lang='lat' dir='ltr'><strong>quantum</strong></span> <span class='ocrx_word' id='word_1_713' title='bbox 723 4736 964 4815; x_wconf 77' lang='lat' dir='ltr'><strong>quidem</strong></span> <span class='ocrx_word' id='word_1_714' title='bbox 999 4737 1258 4798; x_wconf 91' lang='lat' dir='ltr'><strong>hominis</strong></span> <span class='ocrx_word' id='word_1_715' title='bbox 1291 4745 1518 4799; x_wconf 74' lang='lat' dir='ltr'><strong>naturae</strong></span> <span class='ocrx_word' id='word_1_716' title='bbox 1568 4737 1743 4797; x_wconf 87' lang='lat' dir='ltr'><strong>datur</strong></span> <span class='ocrx_word' id='word_1_717' title='bbox 1794 4735 2057 4812; x_wconf 88' lang='lat' dir='ltr'><strong>assequi.</strong></span> 
     </span>
    </p>
   </div>
   <div class='ocr_carea' id='block_1_95' title="bbox 407 4823 2058 4908">
    <p class='ocr_par' dir='ltr' id='par_1_95' title="bbox 407 4823 2058 4908">
     <span class='ocr_line' id='line_1_95' title="bbox 407 4823 2058 4908; baseline 0.001 -22"><span class='ocrx_word' id='word_1_718' title='bbox 407 4823 511 4886; x_wconf 66' lang='lat' dir='ltr'><strong>Ha:</strong></span> <span class='ocrx_word' id='word_1_719' title='bbox 543 4825 700 4886; x_wconf 90' lang='lat' dir='ltr'><strong>enim</strong></span> <span class='ocrx_word' id='word_1_720' title='bbox 733 4826 914 4888; x_wconf 88' lang='lat' dir='ltr'><strong>veluti</strong></span> <span class='ocrx_word' id='word_1_721' title='bbox 947 4835 1096 4889; x_wconf 69' lang='lat' dir='ltr'><strong>notae</strong></span> <span class='ocrx_word' id='word_1_722' title='bbox 1115 4828 1385 4908; x_wconf 73' lang='lat' dir='ltr'><strong>quaedam</strong></span> <span class='ocrx_word' id='word_1_723' title='bbox 1413 4835 1550 4888; x_wconf 89' lang='lat' dir='ltr'><strong>sunt</strong></span> <span class='ocrx_word' id='word_1_724' title='bbox 1573 4827 1784 4888; x_wconf 65' lang='lat' dir='ltr'><strong>divina;</strong></span> <span class='ocrx_word' id='word_1_725' title='bbox 1811 4835 2058 4906; x_wconf 70' lang='lat' dir='ltr'><strong>naturaa,</strong></span> 
     </span>
    </p>
   </div>
   <div class='ocr_carea' id='block_1_96' title="bbox 410 4915 2060 4995">
    <p class='ocr_par' dir='ltr' id='par_1_96' title="bbox 410 4915 2060 4995">
     <span class='ocr_line' id='line_1_96' title="bbox 410 4915 2060 4995; baseline 0.001 -20"><span class='ocrx_word' id='word_1_726' title='bbox 410 4915 806 4995; x_wconf 86' lang='lat' dir='ltr'><strong>tranquillitas</strong></span> <span class='ocrx_word' id='word_1_727' title='bbox 840 4918 1017 4978; x_wconf 91' lang='lat' dir='ltr'><strong>nullis</strong></span> <span class='ocrx_word' id='word_1_728' title='bbox 1059 4919 1217 4978; x_wconf 87' lang='lat' dir='ltr'><strong>curis</strong></span> <span class='ocrx_word' id='word_1_729' title='bbox 1246 4938 1315 4980; x_wconf 87' lang='lat' dir='ltr'><strong>ac</strong></span> <span class='ocrx_word' id='word_1_730' title='bbox 1349 4917 1836 4980; x_wconf 87' lang='lat' dir='ltr'><strong>distractionibus</strong></span> <span class='ocrx_word' id='word_1_731' title='bbox 1871 4917 2060 4977; x_wconf 85' lang='lat' dir='ltr'><strong>inter-</strong></span> 
     </span>
    </p>
   </div>
   <div class='ocr_carea' id='block_1_97' title="bbox 411 5005 2064 5090">
    <p class='ocr_par' dir='ltr' id='par_1_97' title="bbox 411 5005 2064 5090">
     <span class='ocr_line' id='line_1_97' title="bbox 411 5005 2064 5090; baseline 0 -24"><span class='ocrx_word' id='word_1_732' title='bbox 411 5013 607 5085; x_wconf 85' lang='lat' dir='ltr'><strong>rupta.</strong></span> <span class='ocrx_word' id='word_1_733' title='bbox 640 5005 974 5087; x_wconf 77' lang='lat' dir='ltr'><strong>integritas,</strong></span> <span class='ocrx_word' id='word_1_734' title='bbox 1011 5007 1265 5082; x_wconf 77' lang='lat' dir='ltr'><strong>bonitas,</strong></span> <span class='ocrx_word' id='word_1_735' title='bbox 1303 5009 1617 5090; x_wconf 88' lang='lat' dir='ltr'><strong>sapientia,</strong></span> <span class='ocrx_word' id='word_1_736' title='bbox 1673 5007 1924 5088; x_wconf 86' lang='lat' dir='ltr'><strong>justitia,</strong></span> <span class='ocrx_word' id='word_1_737' title='bbox 1961 5025 2064 5086; x_wconf 90' lang='lat' dir='ltr'><strong>pu-</strong></span> 
     </span>
    </p>
   </div>
   <div class='ocr_carea' id='block_1_98' title="bbox 405 5094 2057 5177">
    <p class='ocr_par' dir='ltr' id='par_1_98' title="bbox 405 5094 2057 5177">
     <span class='ocr_line' id='line_1_98' title="bbox 405 5094 2057 5177; baseline 0.001 -22"><span class='ocrx_word' id='word_1_738' title='bbox 405 5094 550 5156; x_wconf 88' lang='lat' dir='ltr'><strong>ritas</strong></span> <span class='ocrx_word' id='word_1_739' title='bbox 580 5094 654 5156; x_wconf 87' lang='lat' dir='ltr'><strong>ab</strong></span> <span class='ocrx_word' id='word_1_740' title='bbox 687 5096 847 5156; x_wconf 91' lang='lat' dir='ltr'><strong>omni</strong></span> <span class='ocrx_word' id='word_1_741' title='bbox 882 5096 1013 5159; x_wconf 86' lang='lat' dir='ltr'><strong>labe</strong></span> <span class='ocrx_word' id='word_1_742' title='bbox 1049 5098 1656 5177; x_wconf 83' lang='lat' dir='ltr'><strong>peccati.Reddamus</strong></span> <span class='ocrx_word' id='word_1_743' title='bbox 1689 5099 1891 5176; x_wconf 79' lang='lat' dir='ltr'><strong>itaque</strong></span> <span class='ocrx_word' id='word_1_744' title='bbox 1919 5095 2057 5156; x_wconf 90' lang='lat' dir='ltr'><strong>ani-</strong></span> 
     </span>
    </p>
   </div>
   <div class='ocr_carea' id='block_1_99' title="bbox 411 5186 2058 5270">
    <p class='ocr_par' dir='ltr' id='par_1_99' title="bbox 411 5186 2058 5270">
     <span class='ocr_line' id='line_1_99' title="bbox 411 5186 2058 5270; baseline 0 -25"><span class='ocrx_word' id='word_1_745' title='bbox 411 5203 522 5246; x_wconf 66' lang='lat' dir='ltr'><strong>mae</strong></span> <span class='ocrx_word' id='word_1_746' title='bbox 551 5192 765 5248; x_wconf 66' lang='lat' dir='ltr'><strong>nostra:</strong></span> <span class='ocrx_word' id='word_1_747' title='bbox 795 5186 952 5268; x_wconf 82' lang='lat' dir='ltr'><strong>quod</strong></span> <span class='ocrx_word' id='word_1_748' title='bbox 987 5187 1096 5270; x_wconf 88' lang='lat' dir='ltr'><strong>ipsi</strong></span> <span class='ocrx_word' id='word_1_749' title='bbox 1129 5189 1436 5269; x_wconf 89' lang='lat' dir='ltr'><strong>proprium</strong></span> <span class='ocrx_word' id='word_1_750' title='bbox 1489 5199 1603 5249; x_wconf 87' lang='lat' dir='ltr'><strong>est.</strong></span> <span class='ocrx_word' id='word_1_751' title='bbox 1639 5187 1832 5250; x_wconf 84' lang='lat' dir='ltr'><strong>Habet</strong></span> <span class='ocrx_word' id='word_1_752' title='bbox 1862 5195 2058 5247; x_wconf 88' lang='lat' dir='ltr'><strong>autem</strong></span> 
     </span>
    </p>
   </div>
   <div class='ocr_carea' id='block_1_100' title="bbox 408 5275 2062 5358">
    <p class='ocr_par' dir='ltr' id='par_1_100' title="bbox 408 5275 2062 5358">
     <span class='ocr_line' id='line_1_100' title="bbox 408 5275 2062 5358; baseline 0 -22"><span class='ocrx_word' id='word_1_753' title='bbox 408 5276 519 5336; x_wconf 89' lang='lat' dir='ltr'><strong>hoc</strong></span> <span class='ocrx_word' id='word_1_754' title='bbox 546 5276 878 5356; x_wconf 88' lang='lat' dir='ltr'><strong>proprium,</strong></span> <span class='ocrx_word' id='word_1_755' title='bbox 936 5278 1088 5358; x_wconf 89' lang='lat' dir='ltr'><strong>quod</strong></span> <span class='ocrx_word' id='word_1_756' title='bbox 1121 5277 1194 5338; x_wconf 88' lang='lat' dir='ltr'><strong>ad</strong></span> <span class='ocrx_word' id='word_1_757' title='bbox 1227 5279 1527 5342; x_wconf 86' lang='lat' dir='ltr'><strong>Creatoris</strong></span> <span class='ocrx_word' id='word_1_758' title='bbox 1557 5277 1877 5357; x_wconf 83' lang='lat' dir='ltr'><strong>imaginem</strong></span> <span class='ocrx_word' id='word_1_759' title='bbox 1913 5275 2062 5336; x_wconf 82' lang='lat' dir='ltr'><strong>facta</strong></span> 
     </span>
    </p>
   </div>
   <div class='ocr_carea' id='block_1_101' title="bbox 408 5364 2057 5445">
    <p class='ocr_par' dir='ltr' id='par_1_101' title="bbox 408 5364 2057 5445">
     <span class='ocr_line' id='line_1_101' title="bbox 408 5364 2057 5445; baseline 0.001 -20"><span class='ocrx_word' id='word_1_760' title='bbox 408 5364 725 5442; x_wconf 90' lang='lat' dir='ltr'><strong>est.Atque</strong></span> <span class='ocrx_word' id='word_1_761' title='bbox 757 5366 936 5430; x_wconf 87' lang='lat' dir='ltr'><strong>etiam</strong></span> <span class='ocrx_word' id='word_1_762' title='bbox 967 5367 1313 5445; x_wconf 83' lang='lat' dir='ltr'><strong>dignitatem</strong></span> <span class='ocrx_word' id='word_1_763' title='bbox 1343 5378 1603 5430; x_wconf 91' lang='lat' dir='ltr'><strong>nostram</strong></span> <span class='ocrx_word' id='word_1_764' title='bbox 1630 5366 2057 5444; x_wconf 71' lang='lat' dir='ltr'><strong>intelligamus,</strong></span> 
     </span>
    </p>
   </div>
   <div class='ocr_carea' id='block_1_102' title="bbox 407 5455 2055 5541">
    <p class='ocr_par' dir='ltr' id='par_1_102' title="bbox 407 5455 2055 5541">
     <span class='ocr_line' id='line_1_102' title="bbox 407 5455 2055 5541; baseline -0.001 -25"><span class='ocrx_word' id='word_1_765' title='bbox 407 5455 468 5516; x_wconf 89' lang='lat' dir='ltr'><strong>id</strong></span> <span class='ocrx_word' id='word_1_766' title='bbox 523 5464 637 5529; x_wconf 88' lang='lat' dir='ltr'><strong>est,</strong></span> <span class='ocrx_word' id='word_1_767' title='bbox 693 5457 1161 5537; x_wconf 82' lang='lat' dir='ltr'><strong>magnitudinem</strong></span> <span class='ocrx_word' id='word_1_768' title='bbox 1217 5469 1603 5541; x_wconf 90' lang='lat' dir='ltr'><strong>veteremque</strong></span> <span class='ocrx_word' id='word_1_769' title='bbox 1659 5457 2055 5520; x_wconf 88' lang='lat' dir='ltr'><strong>nobilitatem.</strong></span> 
     </span>
    </p>
   </div>
   <div class='ocr_carea' id='block_1_103' title="bbox 409 5543 2060 5626">
    <p class='ocr_par' dir='ltr' id='par_1_103' title="bbox 409 5543 2060 5626">
     <span class='ocr_line' id='line_1_103' title="bbox 409 5543 2060 5626; baseline 0.001 -22"><span class='ocrx_word' id='word_1_770' title='bbox 409 5543 553 5604; x_wconf 87' lang='lat' dir='ltr'><strong>Eam</strong></span> <span class='ocrx_word' id='word_1_771' title='bbox 585 5549 1353 5626; x_wconf 27' lang='lat' dir='ltr'><strong>autem&#39;cognoverimusﬁi</strong></span> <span class='ocrx_word' id='word_1_772' title='bbox 1387 5568 1515 5611; x_wconf 88' lang='lat' dir='ltr'><strong>eam</strong></span> <span class='ocrx_word' id='word_1_773' title='bbox 1553 5549 1725 5611; x_wconf 90' lang='lat' dir='ltr'><strong>talem</strong></span> <span class='ocrx_word' id='word_1_774' title='bbox 1759 5544 2060 5625; x_wconf 86' lang='lat' dir='ltr'><strong>receperi-</strong></span> 
     </span>
    </p>
   </div>
   <div class='ocr_carea' id='block_1_104' title="bbox 489 5728 1023 5815">
    <p class='ocr_par' dir='ltr' id='par_1_104' title="bbox 489 5728 1023 5815">
     <span class='ocr_line' id='line_1_104' title="bbox 489 5728 1023 5815; baseline 0.021 -28"><span class='ocrx_word' id='word_1_775' title='bbox 489 5728 520 5778; x_wconf 84' lang='lat'><strong>9</strong></span> <span class='ocrx_word' id='word_1_776' title='bbox 549 5729 719 5789; x_wconf 84' lang='lat' dir='ltr'><strong>Joan.</strong></span> <span class='ocrx_word' id='word_1_777' title='bbox 745 5749 890 5815; x_wconf 73' lang='lat' dir='ltr'><strong>XVII,</strong></span> <span class='ocrx_word' id='word_1_778' title='bbox 930 5739 1023 5798; x_wconf 90' lang='lat' dir='ltr'><strong>l6.</strong></span> 
     </span>
    </p>
   </div>
   <div class='ocr_carea' id='block_1_105' title="bbox 2145 4641 3796 4723">
    <p class='ocr_par' dir='ltr' id='par_1_105' title="bbox 2145 4641 3796 4723">
     <span class='ocr_line' id='line_1_105' title="bbox 2145 4641 3796 4723; baseline 0.002 -27"><span class='ocrx_word' id='word_1_779' title='bbox 2145 4663 2248 4716; x_wconf 87' lang='grc' dir='ltr'>σει,</span> <span class='ocrx_word' id='word_1_780' title='bbox 2297 4644 2356 4696; x_wconf 77' lang='grc' dir='ltr'><strong>τὸ</strong></span> <span class='ocrx_word' id='word_1_781' title='bbox 2401 4641 2623 4718; x_wconf 66' lang='grc' dir='ltr'>ἀγαθὸν,</span> <span class='ocrx_word' id='word_1_782' title='bbox 2658 4646 2717 4700; x_wconf 78' lang='grc' dir='ltr'><strong>τὸ</strong></span> <span class='ocrx_word' id='word_1_783' title='bbox 2749 4645 2935 4723; x_wconf 70' lang='grc' dir='ltr'>σοφὸν,</span> <span class='ocrx_word' id='word_1_784' title='bbox 2969 4646 3030 4700; x_wconf 73' lang='grc' dir='ltr'>τὸ</span> <span class='ocrx_word' id='word_1_785' title='bbox 3081 4642 3306 4715; x_wconf 83' lang='grc' dir='ltr'>δίκαιον,</span> <span class='ocrx_word' id='word_1_786' title='bbox 3374 4645 3434 4699; x_wconf 83' lang='grc' dir='ltr'><strong>τὸ</strong></span> <span class='ocrx_word' id='word_1_787' title='bbox 3493 4644 3669 4710; x_wconf 71' lang='grc' dir='ltr'>πάσης</span> <span class='ocrx_word' id='word_1_788' title='bbox 3699 4665 3796 4699; x_wconf 82' lang='grc' dir='ltr'>κα-</span> 
     </span>
    </p>
   </div>
   <div class='ocr_carea' id='block_1_106' title="bbox 2144 4730 3800 4813">
    <p class='ocr_par' dir='ltr' id='par_1_106' title="bbox 2144 4730 3800 4813">
     <span class='ocr_line' id='line_1_106' title="bbox 2144 4730 3800 4813; baseline 0.002 -27"><span class='ocrx_word' id='word_1_789' title='bbox 2144 4731 2264 4797; x_wconf 84' lang='grc' dir='ltr'>κίας</span> <span class='ocrx_word' id='word_1_790' title='bbox 2300 4730 2595 4812; x_wconf 73' lang='grc' dir='ltr'>ἐλεύθερον,</span> <span class='ocrx_word' id='word_1_791' title='bbox 2650 4736 2712 4790; x_wconf 75' lang='grc' dir='ltr'>τὸ</span> <span class='ocrx_word' id='word_1_792' title='bbox 2772 4735 3091 4813; x_wconf 76' lang='grc' dir='ltr'>ἀμέριμνον,</span> <span class='ocrx_word' id='word_1_793' title='bbox 3135 4736 3195 4790; x_wconf 72' lang='grc' dir='ltr'>τὸ</span> <span class='ocrx_word' id='word_1_794' title='bbox 3249 4734 3641 4812; x_wconf 81' lang='grc' dir='ltr'>ἀπερίσπαστον</span> <span class='ocrx_word' id='word_1_795' title='bbox 3713 4735 3800 4789; x_wconf 80' lang='grc' dir='ltr'><strong>καί</strong></span> 
     </span>
    </p>
   </div>
   <div class='ocr_carea' id='block_1_107' title="bbox 2145 4820 3802 4904">
    <p class='ocr_par' dir='ltr' id='par_1_107' title="bbox 2145 4820 3802 4904">
     <span class='ocr_line' id='line_1_107' title="bbox 2145 4820 3802 4904; baseline 0.001 -27"><span class='ocrx_word' id='word_1_796' title='bbox 2145 4820 2414 4901; x_wconf 76' lang='grc' dir='ltr'>ἀκέραιον.</span> <span class='ocrx_word' id='word_1_797' title='bbox 2489 4825 2651 4880; x_wconf 79' lang='grc' dir='ltr'>Αὗται</span> <span class='ocrx_word' id='word_1_798' title='bbox 2717 4825 2818 4903; x_wconf 70' lang='grc' dir='ltr'>γὰρ</span> <span class='ocrx_word' id='word_1_799' title='bbox 2888 4827 3046 4882; x_wconf 77' lang='grc' dir='ltr'>οἷονΞῖ</span> <span class='ocrx_word' id='word_1_800' title='bbox 3106 4825 3450 4904; x_wconf 71' lang='grc' dir='ltr'>χαρακτῆρες</span> <span class='ocrx_word' id='word_1_801' title='bbox 3509 4829 3606 4891; x_wconf 76' lang='grc' dir='ltr'>τῆς</span> <span class='ocrx_word' id='word_1_802' title='bbox 3662 4824 3802 4886; x_wconf 65' lang='grc' dir='ltr'>θείας</span> 
     </span>
    </p>
   </div>
   <div class='ocr_carea' id='block_1_108' title="bbox 2147 4913 3804 4995">
    <p class='ocr_par' dir='ltr' id='par_1_108' title="bbox 2147 4913 3804 4995">
     <span class='ocr_line' id='line_1_108' title="bbox 2147 4913 3804 4995; baseline 0.015 -28"><span class='ocrx_word' id='word_1_803' title='bbox 2147 4913 2447 4992; x_wconf 74' lang='grc' dir='ltr'>ὖπσίρχουσι</span> <span class='ocrx_word' id='word_1_804' title='bbox 2501 4914 2731 4993; x_wconf 68' lang='grc' dir='ltr'>φύσεως.</span> <span class='ocrx_word' id='word_1_805' title='bbox 2775 4914 3088 4991; x_wconf 69' lang='grc' dir='ltr'>Ἀποίὧμεν</span> <span class='ocrx_word' id='word_1_806' title='bbox 3121 4915 3210 4971; x_wconf 67' lang='grc' dir='ltr'>οὖν</span> <span class='ocrx_word' id='word_1_807' title='bbox 3255 4917 3322 4992; x_wconf 76' lang='grc' dir='ltr'><strong>τῇ</strong></span> <span class='ocrx_word' id='word_1_808' title='bbox 3373 4914 3606 4994; x_wconf 63' lang='grc' dir='ltr'><strong>ἡμετέρᾳ</strong></span> <span class='ocrx_word' id='word_1_809' title='bbox 3650 4919 3804 4995; x_wconf 69' lang='grc' dir='ltr'>ψυχῇ</span> 
     </span>
    </p>
   </div>
   <div class='ocr_carea' id='block_1_109' title="bbox 2145 5003 3797 5082">
    <p class='ocr_par' dir='ltr' id='par_1_109' title="bbox 2145 5003 3797 5082">
     <span class='ocr_line' id='line_1_109' title="bbox 2145 5003 3797 5082; baseline 0.001 -23"><span class='ocrx_word' id='word_1_810' title='bbox 2145 5004 2205 5059; x_wconf 77' lang='grc' dir='ltr'><strong>τὸ</strong></span> <span class='ocrx_word' id='word_1_811' title='bbox 2237 5006 2436 5060; x_wconf 71' lang='grc' dir='ltr'>οἰκεῖον</span> <span class='ocrx_word' id='word_1_812' title='bbox 2471 5006 2626 5081; x_wconf 70' lang='grc' dir='ltr'>αὐτῇ.</span> <span class='ocrx_word' id='word_1_813' title='bbox 2664 5007 2877 5063; x_wconf 78' lang='grc' dir='ltr'>Οίκεϊον</span> <span class='ocrx_word' id='word_1_814' title='bbox 2909 5004 2966 5060; x_wconf 75' lang='grc' dir='ltr'><strong>δὲ</strong></span> <span class='ocrx_word' id='word_1_815' title='bbox 3025 5005 3184 5082; x_wconf 68' lang='grc' dir='ltr'>αὗτῇ,</span> <span class='ocrx_word' id='word_1_816' title='bbox 3231 5007 3291 5062; x_wconf 75' lang='grc' dir='ltr'><strong>τὸ</strong></span> <span class='ocrx_word' id='word_1_817' title='bbox 3322 5007 3460 5062; x_wconf 72' lang='grc' dir='ltr'>κατὰ</span> <span class='ocrx_word' id='word_1_818' title='bbox 3491 5006 3588 5073; x_wconf 77' lang='grc' dir='ltr'><strong>τὴν</strong></span> <span class='ocrx_word' id='word_1_819' title='bbox 3621 5003 3797 5061; x_wconf 75' lang='grc' dir='ltr'>εἰκόνα</span> 
     </span>
    </p>
   </div>
   <div class='ocr_carea' id='block_1_110' title="bbox 2147 5091 3804 5174">
    <p class='ocr_par' dir='ltr' id='par_1_110' title="bbox 2147 5091 3804 5174">
     <span class='ocr_line' id='line_1_110' title="bbox 2147 5091 3804 5174; baseline -0.001 -24"><span class='ocrx_word' id='word_1_820' title='bbox 2147 5095 2291 5150; x_wconf 77' lang='grc' dir='ltr'>εἶναι</span> <span class='ocrx_word' id='word_1_821' title='bbox 2349 5101 2442 5151; x_wconf 83' lang='grc' dir='ltr'><strong>τοῦ</strong></span> <span class='ocrx_word' id='word_1_822' title='bbox 2496 5096 2798 5167; x_wconf 79' lang='grc' dir='ltr'>κτίσαντος,</span> <span class='ocrx_word' id='word_1_823' title='bbox 2836 5097 2968 5170; x_wconf 81' lang='grc' dir='ltr'>πρὸς</span> <span class='ocrx_word' id='word_1_824' title='bbox 2998 5097 3054 5152; x_wconf 68' lang='grc' dir='ltr'>ἓν</span> <span class='ocrx_word' id='word_1_825' title='bbox 3083 5097 3172 5152; x_wconf 85' lang='grc' dir='ltr'><strong>καὶ</strong></span> <span class='ocrx_word' id='word_1_826' title='bbox 3218 5096 3464 5174; x_wconf 76' lang='grc' dir='ltr'>γέγονεν.</span> <span class='ocrx_word' id='word_1_827' title='bbox 3510 5094 3676 5152; x_wconf 72' lang='grc' dir='ltr'>Ἀλλὰ</span> <span class='ocrx_word' id='word_1_828' title='bbox 3716 5091 3804 5149; x_wconf 84' lang='grc' dir='ltr'><strong>καὶ</strong></span> 
     </span>
    </p>
   </div>
   <div class='ocr_carea' id='block_1_111' title="bbox 2143 5181 3804 5265">
    <p class='ocr_par' dir='ltr' id='par_1_111' title="bbox 2143 5181 3804 5265">
     <span class='ocr_line' id='line_1_111' title="bbox 2143 5181 3804 5265; baseline 0.001 -25"><span class='ocrx_word' id='word_1_829' title='bbox 2143 5186 2206 5240; x_wconf 81' lang='grc' dir='ltr'>τὸ</span> <span class='ocrx_word' id='word_1_830' title='bbox 2263 5181 2468 5259; x_wconf 78' lang='grc' dir='ltr'>ἀξίωμα</span> <span class='ocrx_word' id='word_1_831' title='bbox 2525 5187 2681 5260; x_wconf 81' lang='grc' dir='ltr'>ἡμῶν</span> <span class='ocrx_word' id='word_1_832' title='bbox 2739 5187 3109 5265; x_wconf 84' lang='grc' dir='ltr'>γνωρίσωμεν,</span> <span class='ocrx_word' id='word_1_833' title='bbox 3175 5187 3416 5243; x_wconf 86' lang='grc' dir='ltr'>τουτέστι</span> <span class='ocrx_word' id='word_1_834' title='bbox 3460 5189 3523 5243; x_wconf 80' lang='grc' dir='ltr'><strong>τὸ</strong></span> <span class='ocrx_word' id='word_1_835' title='bbox 3581 5185 3804 5264; x_wconf 59' lang='grc' dir='ltr'>μέγεθος</span> 
     </span>
    </p>
   </div>
   <div class='ocr_carea' id='block_1_112' title="bbox 2145 5273 3800 5356">
    <p class='ocr_par' dir='ltr' id='par_1_112' title="bbox 2145 5273 3800 5356">
     <span class='ocr_line' id='line_1_112' title="bbox 2145 5273 3800 5356; baseline 0.001 -27"><span class='ocrx_word' id='word_1_836' title='bbox 2145 5275 2233 5330; x_wconf 84' lang='grc' dir='ltr'><strong>καὶ</strong></span> <span class='ocrx_word' id='word_1_837' title='bbox 2275 5275 2373 5343; x_wconf 81' lang='grc' dir='ltr'>τὴν</span> <span class='ocrx_word' id='word_1_838' title='bbox 2416 5273 2468 5340; x_wconf 78' lang='grc' dir='ltr'>ἐξ</span> <span class='ocrx_word' id='word_1_839' title='bbox 2501 5274 2676 5356; x_wconf 74' lang='grc' dir='ltr'>αρχῆς</span> <span class='ocrx_word' id='word_1_840' title='bbox 2723 5275 3015 5354; x_wconf 63' lang='grc' dir='ltr'>εὒγένειαν,</span> <span class='ocrx_word' id='word_1_841' title='bbox 3051 5277 3401 5354; x_wconf 81' lang='grc' dir='ltr'>Γνωρίσωμεν</span> <span class='ocrx_word' id='word_1_842' title='bbox 3439 5273 3484 5331; x_wconf 85' lang='grc' dir='ltr'>δ’</span> <span class='ocrx_word' id='word_1_843' title='bbox 3530 5277 3618 5348; x_wconf 81' lang='grc' dir='ltr'>ἃν,</span> <span class='ocrx_word' id='word_1_844' title='bbox 3665 5274 3800 5330; x_wconf 80' lang='grc' dir='ltr'>ἀνα-</span> 
     </span>
    </p>
   </div>
   <div class='ocr_carea' id='block_1_113' title="bbox 2145 5362 3798 5448">
    <p class='ocr_par' dir='ltr' id='par_1_113' title="bbox 2145 5362 3798 5448">
     <span class='ocr_line' id='line_1_113' title="bbox 2145 5362 3798 5448; baseline -0.001 -28"><span class='ocrx_word' id='word_1_845' title='bbox 2145 5362 2398 5428; x_wconf 78' lang='grc' dir='ltr'>λαϐόντες</span> <span class='ocrx_word' id='word_1_846' title='bbox 2470 5368 2597 5424; x_wconf 50' lang='lat' dir='ltr'><strong>aut?)</strong></span> <span class='ocrx_word' id='word_1_847' title='bbox 2655 5377 2916 5447; x_wconf 87' lang='grc' dir='ltr'>τοιοῦτον,</span> <span class='ocrx_word' id='word_1_848' title='bbox 2979 5366 3101 5424; x_wconf 74' lang='grc' dir='ltr'>οἷον</span> <span class='ocrx_word' id='word_1_849' title='bbox 3146 5366 3197 5433; x_wconf 76' lang='grc' dir='ltr'>ἐξ</span> <span class='ocrx_word' id='word_1_850' title='bbox 3244 5369 3422 5448; x_wconf 75' lang='grc' dir='ltr'>ἀρχῆς</span> <span class='ocrx_word' id='word_1_851' title='bbox 3479 5363 3742 5441; x_wconf 66' lang='grc' dir='ltr'>ἓλάϐομεν</span> <span class='ocrx_word' id='word_1_852' title='bbox 3781 5382 3798 5401; x_wconf 77' lang='grc' dir='ltr'><strong>ο</strong></span> 
     </span>
    </p>
   </div>
   <div class='ocr_carea' id='block_1_114' title="bbox 2143 5453 3800 5536">
    <p class='ocr_par' dir='ltr' id='par_1_114' title="bbox 2143 5453 3800 5536">
     <span class='ocr_line' id='line_1_114' title="bbox 2143 5453 3800 5536; baseline -0.002 -24"><span class='ocrx_word' id='word_1_853' title='bbox 2143 5457 2217 5518; x_wconf 82' lang='grc' dir='ltr'>ὡς</span> <span class='ocrx_word' id='word_1_854' title='bbox 2250 5461 2338 5510; x_wconf 83' lang='grc' dir='ltr'><strong>νῦν</strong></span> <span class='ocrx_word' id='word_1_855' title='bbox 2382 5453 2540 5510; x_wconf 78' lang='grc' dir='ltr'>ἄλλοι</span> <span class='ocrx_word' id='word_1_856' title='bbox 2603 5455 2714 5512; x_wconf 82' lang='grc' dir='ltr'><strong>ἀντ’</strong></span> <span class='ocrx_word' id='word_1_857' title='bbox 2774 5455 2953 5513; x_wconf 71' lang='grc' dir='ltr'>ἄλλων</span> <span class='ocrx_word' id='word_1_858' title='bbox 3009 5457 3313 5536; x_wconf 78' lang='grc' dir='ltr'>γενόμενοι,</span> <span class='ocrx_word' id='word_1_859' title='bbox 3368 5461 3426 5516; x_wconf 72' lang='grc' dir='ltr'>οὗ</span> <span class='ocrx_word' id='word_1_860' title='bbox 3479 5456 3800 5535; x_wconf 73' lang='grc' dir='ltr'>γνωρίζομεν</span> 
     </span>
    </p>
   </div>
   <div class='ocr_carea' id='block_1_115' title="bbox 2143 5543 3797 5626">
    <p class='ocr_par' dir='ltr' id='par_1_115' title="bbox 2143 5543 3797 5626">
     <span class='ocr_line' id='line_1_115' title="bbox 2143 5543 3797 5626; baseline 0.001 -26"><span class='ocrx_word' id='word_1_861' title='bbox 2143 5544 2382 5624; x_wconf 76' lang='grc' dir='ltr'>ἑαυτοὺς,</span> <span class='ocrx_word' id='word_1_862' title='bbox 2419 5545 2600 5625; x_wconf 85' lang='grc' dir='ltr'>ὥσπερ</span> <span class='ocrx_word' id='word_1_863' title='bbox 2659 5546 2712 5602; x_wconf 80' lang='grc' dir='ltr'>εἴ</span> <span class='ocrx_word' id='word_1_864' title='bbox 2772 5569 2853 5613; x_wconf 88' lang='grc' dir='ltr'><strong>τις</strong></span> <span class='ocrx_word' id='word_1_865' title='bbox 2915 5543 3076 5612; x_wconf 67' lang='grc' dir='ltr'>ἄλλος</span> <span class='ocrx_word' id='word_1_866' title='bbox 3127 5545 3240 5604; x_wconf 82' lang='grc' dir='ltr'>ἀντ’</span> <span class='ocrx_word' id='word_1_867' title='bbox 3272 5545 3434 5605; x_wconf 75' lang='grc' dir='ltr'>ἄλλου</span> <span class='ocrx_word' id='word_1_868' title='bbox 3490 5546 3797 5626; x_wconf 81' lang='grc' dir='ltr'>γενόμενος,</span> 
     </span>
    </p>
   </div>
  </div>
