4102 6410
265 268 388 334 957

1467 280 1569 342 AD
1605 281 1673 343 S.
1721 279 2094 344 GBEGORII
2137 282 2364 346 ORAT.
2413 286 2460 347 Ῑ.

3537 288 3670 354 958

264 369 440 486 λέγει,
489 411 566 485 μὴ
613 412 899 490 γινώσκειν
931 413 1118 470 ἑαυτὸν
1163 410 1247 469 διὰ
1295 412 1396 480 τὴν
1429 411 1742 471 ἀλλοίωσιν.
1787 416 1931 469 Γνῶ-

2027 412 2424 491 mus,qualem
2450 414 2706 495 primum
2731 431 2764 476 a
2783 413 3106 495 ccepimus.
3142 414 3290 477 Nam
3316 431 3474 476 nunc
3497 413 3594 476 alii
3612 433 3680 476 ex

276 519 378 572 μεν
411 497 524 573 οὖν,
563 499 740 568 ἡλίκοι
784 503 926 581 παρᾶ
957 505 1088 559 Θεοῦ
1129 503 1427 582 γεγόναμεν
1478 504 1566 560 καὶ
1613 503 1674 559 τὸ
1703 499 1933 582 ἀρχέτυ-

277 609 384 644 πον
416 591 730 666 τιμήσωμεν
776 591 830 648 ἐν
874 599 950 666 τῷ
994 593 1186 671 τηρεῖν
1240 594 1338 661 τὴν
1383 593 1557 650 εἰκόνα
1614 592 1933 668 ἀμόλυντον.

283 675 488 734 Γίνεται
535 677 589 735 δὲ
632 678 767 748 αὕτη
814 683 846 751 ἡ
877 682 1034 758 τιμὴ,
1068 681 1152 738 διὰ
1209 687 1307 749 τῆς
1354 681 1806 762 ἀπηκριϐωμένης
1836 703 1934 756 μι-

275 767 521 842 μήσεως,
571 772 658 826 καὶ
703 770 830 828 ὅταν
889 773 950 828 τὸ
1001 769 1338 852 παράδειγμα
1381 771 1569 848 ὅμοιον
1625 774 1701 846 τῷ
1757 770 1933 850 ἀρχεσ-

263 855 422 930 τύπῳ
497 860 775 938 φαίνηται.
852 867 1070 937 Γνῶμεν
1149 863 1237 918 καὶ
1322 863 1415 919 τοῦ
1494 864 1782 940 μυστηρίου
1838 863 1935 926 τὴν

266 945 516 1024 δύναμιν,
586 951 827 1010 τουτέστι
899 953 996 1021 τῆς
1071 954 1257 1033 ἑορτῆς
1319 953 1416 1023 τὴν
1475 953 1644 1011 αἰτίαν
1700 955 1790 1010 καὶ
1845 954 1936 1008 τὸν

265 1038 495 1103 σκοπόν,
576 1039 658 1097 Δι’
720 1043 866 1119 ἡμᾶς
924 1043 1026 1122 γὰρ
1119 1049 1264 1100 πᾶσα
1321 1045 1355 1112 ἡ
1419 1043 1788 1124 φιλάνθρωπος
1845 1047 1936 1099 τοῦ

273 1129 549 1187 Δεσπότου
619 1131 894 1208 οἰκονομία
965 1132 1178 1212 γέγονε,
1255 1134 1344 1190 καὶ
1387 1133 1520 1213 ὑπὲρ
1573 1135 1729 1207 ἡμῶν
1783 1133 1935 1209 σαρκὶ

268 1219 498 1277 θανάτου
537 1220 796 1300 ἐγεύσατο
826 1225 853 1279 6
899 1221 1183 1287 ἀθάνατος,
1231 1222 1516 1300 Γενώμεθα
1575 1225 1648 1288 ὡς
1680 1224 1927 1303 Χριστὸς,

2020 500 2154 560 aliis
2188 501 2324 563 facti
2361 513 2594 565 nosmet
2627 504 3088 582 haudquaquam
3114 504 3515 584 agnoscimus,
3543 523 3676 584 per-

2021 588 2162 651 inde
2193 609 2337 654 sane
2366 611 2435 654 ac
2468 593 2516 654 si
2549 593 2683 673 quis
2716 596 2772 656 in
2823 593 3006 655 alium
3059 591 3362 654 hominem
3415 594 3673 655 transla-

2023 679 2400 755 tus,al‘tirmet
2423 701 2488 745 se
2515 682 2630 746 sibi
2656 684 2764 765 ipsi
2789 684 3052 763 ignotum
3086 691 3497 762 esse,propter
3519 683 3670 762 ejus-

2022 770 2184 830 modi
2220 769 3158 853 immutationem.intelligamus
3192 773 3622 853 igitur,quales
3647 791 3678 832 a

2020 856 2141 920 Deo
2172 862 2353 922 creati
2387 881 2616 937 sumus,
2643 872 2822 944 atque
2845 864 3148 944 exemplar
3180 869 3449 924 nostrum
3482 862 3673 925 hono-

2019 949 2536 1013 remusnimirum
2563 952 2882 1033 imaginem
2907 973 2940 1014 a
2967 954 3237 1014 vitiorum
3265 951 3675 1014 sordibusim-

2021 1057 2262 1100 munem
2296 1042 2610 1103 servando.
2648 1042 2831 1104 Porro
2865 1043 2962 1104 hic
2989 1044 3181 1105 honor
3206 1043 3263 1103 in
3289 1041 3673 1104 accuratissi-

2019 1146 2113 1189 ma
2136 1129 2468 1192 imitatione
2494 1132 2933 1208 consistit,cum
2953 1134 3293 1213 exumplum
3311 1131 3670 1212 exemplaris

2017 1219 2107 1280 sui
2141 1218 2593 1282 similitudinem
2646 1223 2938 1286 retulerit.
2987 1223 3119 1286 Vim
3176 1223 3353 1285 etiam
3409 1221 3671 1302 mysterii

269 1305 386 1364 ἐπεὶ
429 1312 520 1368 καὶ
573 1313 799 1390 Χριστὸς
858 1314 932 1376 ὡς
977 1313 1171 1388 ἡμεῖς.
1222 1304 1282 1372 Ὀ
1335 1314 1628 1394 κορυφαῖός
1663 1336 1792 1395 φησι
1825 1312 1931 1369 us.

2019 1324 2466 1388 Cognoscamus,
2502 1311 2558 1372 id
2593 1320 2706 1388 est,
2741 1314 2874 1374 festi
2907 1332 3143 1376 causam
3173 1320 3522 1391 etscopum.
3551 1311 3670 1373 No-

268 1419 418 1473 τρος,
481 1398 562 1456 ὅτι
625 1403 847 1480 Χριστὸς
912 1401 1104 1459 ἔπαθεν
1183 1403 1313 1483 ὑπὲρ
1363 1405 1542 1478 ἡμῶν,
1604 1406 1739 1478 ἡμῖν
1795 1405 1930 1460 ὑπο-

2019 1406 2133 1461 stra
2169 1400 2388 1462 etenim
2424 1420 2601 1464 causa
2648 1411 2832 1464 totum
2867 1403 3290 1466 incarnationis
3340 1400 3669 1463 Dominicae

270 1485 552 1562 λιμπάνων
614 1491 994 1570 ὃπογραμμόν,
1059 1491 1248 1570 Γέγονε
1306 1494 1406 1572 γὰρ
1456 1494 1484 1549 6
1541 1493 1731 1572 Σωτὴρ
1793 1494 1928 1549 ὑπο·-

2019 1490 2360 1570 mysterium
2393 1492 2666 1571 contigit,
2696 1500 2872 1574 atque
2905 1493 3254 1554 immortalis
3283 1492 3382 1553 ille
3414 1498 3663 1552 mortem

271 1581 521 1657 γραμμὸς
591 1594 712 1645 τοῖς
795 1581 1118 1657 ἀνθρώποις,
1193 1584 1518 1658 τυπούμενος
1604 1584 1785 1648 αὺτοῖς
1845 1582 1931 1639 καὶ

2019 1579 2328 1672 ριὀιιοιήε
2360 1589 2642 1662 quantum
2675 1582 2750 1644 ad
2779 1601 3019 1644 carnem
3064 1582 3412 1672 degustavit.
3468 1579 3667 1644 Simus

268 1665 558 1742 λαμϐάνων
615 1671 834 1734 ἀπαθῶς
895 1673 960 1728 τὰ
1005 1674 1254 1747 νοήματα
1311 1679 1404 1728 τοῦ
1465 1673 1672 1749 κόσμου
1715 1674 1929 1740 τούτου,

2019 1675 2080 1728 ut
2109 1669 2402 1750 Christus,
2440 1672 2720 1750 quoniam
2755 1672 3024 1735 Christus
3069 1691 3309 1753 quoque
3339 1671 3485 1734 sicut
3527 1687 3659 1732 nos.

272 1759 346 1816 Τὸ
396 1761 509 1834 οὖν,
568 1761 848 1837 Γενώμεθα
905 1763 979 1824 ὡς
1039 1764 1288 1842 Χριστὸς,
1321 1761 1460 1819 οἾτω
1490 1765 1726 1833 νοήσεις·
1766 1765 1931 1820 Γενώ-

2019 1757 2229 1819 Petrus
2258 1759 2659 1839 apostolorum
2696 1763 2976 1842 princeps
2998 1762 3076 1823 ait
3105 1779 3119 1824 :
3150 1762 3430 1824 Christus
3455 1776 3668 1841 passus

276 1852 415 1922 μεθα
473 1853 688 1930 καθαροὶ
743 1853 830 1909 καὶ
883 1852 1137 1932 ἀπαθεῖς,
1215 1852 1328 1909 ἐπεὶ
1385 1856 1474 1909 καὶ
1546 1855 1770 1932 Χριστὸς
1827 1876 1928 1910 τα-

2019 1854 2101 1910 est
2110 1866 2220 1928 pro
2233 1848 2778 1929 nobismrlinquens
2794 1853 2972 1915 nobis
2985 1851 3673 1933 exemplumlOSalvator

270 1938 536 2005 πεινώσας
600 1942 787 1999 ἑαυτὸν
851 1943 939 1999 καὶ
995 1940 1333 2021 συγκαταϐὰς
1401 1942 1552 2018 ἡμῖν,
1603 1942 1928 2019 μεμένηκεν,

271 2029 402 2108 ὅπερ
461 2030 552 2106 ἦν,
615 2034 845 2112 καθαρὸς
899 2034 986 2089 καὶ
1045 2033 1277 2103 ἀπαθής.
1339 2025 1628 2113 ’Λμαρτίαν
1685 2035 1786 2114 γὰρ
1842 2038 1936 2093 οὒκ

272 2119 549 2201 ἐποίησεν,
614 2120 722 2178 οὔδ’
809 2122 996 2200 εὖρέοη
1084 2120 1239 2187 δόλος
1299 2122 1353 2178 ἐν
1415 2129 1493 2198 τῷ
1549 2123 1774 2200 στόματι
1838 2128 1932 2184 αὖ·

271 2217 389 2268 τοῦ.
444 2200 501 2269 Ὀ
538 2211 636 2286 μὲν
671 2213 800 2277 Θεὸς
835 2211 933 2292 ὢν,
981 2212 1249 2292 ἅνθρωπος
1281 2213 1494 2292 γέγονε,
1561 2222 1658 2271 Δεῖ
1702 2217 1790 2271 οὖν
1849 2216 1937 2272 καὶ

268 2301 441 2380 ἡμᾶς,
497 2301 646 2366 θεοὺς
703 2302 968 2380 γενέσθαι.
1020 2301 1170 2359 Ἀλλ’
1235 2302 1440 2369 ἐκεῖνος
1503 2305 1601 2379 μὲν
1675 2302 1740 2360 δι’
1788 2307 1932 2381 ἡμᾶς

273 2386 577 2468 ἅνθρωπος.
612 2393 777 2466 ἡμεῖς
823 2389 879 2448 δὲ
951 2393 1081 2471 ὑπὲρ
1141 2393 1340 2450 ἑαυτῶν
1393 2395 1522 2453 θεοί.
1580 2396 1677 2454 Καὶ
1729 2394 1933 2459 ἐκεῖνος

273 2480 374 2554 μὲν
418 2480 534 2537 ἀντὶ
565 2485 661 2550 τῆς
722 2481 1022 2560 ἀκροτάτης
1068 2481 1251 2556 δόξης,
1308 2483 1407 2550 τὴν
1439 2483 1738 2563 ἀκροτάτην
1798 2484 1934 2540 ἀνα-

269 2567 569 2645 λαϐόμενος
630 2571 846 2647 ἀτιμίαν
883 2587 896 2601 ⁶
951 2573 1116 2647 ἡμεῖς
1181 2570 1258 2646 δὲ,
1313 2573 1431 2630 ἀντὶ
1474 2578 1572 2640 τῆς
1634 2573 1931 2652 ἀκροτάτης

279 2659 523 2742 ἀτιμίας,
585 2662 684 2728 τὴν
744 2660 1041 2742 ἀκροτάτην
1099 2664 1280 2738 τιμήν.
1356 2663 1618 2725 Κάκεῖνος
1651 2663 1743 2739 μὲν
1782 2665 1931 2743 φύσει

270 2749 556 2828 γενόμενος
624 2749 922 2831 ἄνθρωπος,
985 2752 1150 2826 ἡμεῖς
1228 2751 1281 2807 δὲ
1359 2752 1496 2809 θέσει
1557 2752 1686 2815 θεοί,
1740 2753 1932 2832 Γέγονε

275 2839 401 2917 γὰρ,
450 2839 477 2896 ὅ
524 2839 708 2918 ἐσμεν,
759 2839 880 2898 κατ’
926 2841 1252 2917 οἰκονομίαν,
1305 2841 1382 2898 ἵν’
1434 2843 1599 2918 ἡμεῖς
1631 2843 1929 2922 γενώμεθα,

273 2927 302 2984 ὅ
334 2927 478 2986 ἔστιν
533 2930 1044 3010 ἀντιμετρουμένης,
1103 2933 1176 2994 ὡς
1232 2930 1376 2989 οἶδεν
1437 2935 1617 3012 αὐτὸς,
1664 2937 1732 3011 τῇ
1778 2935 1934 2992 αὺτοῦ

275 3017 500 3075 κενώσει
557 3026 663 3082 τῶς
712 3026 818 3078 τῶν
881 3021 1065 3101 χάριτι
1122 3021 1441 3098 σωζομένων
1499 3020 1930 3098 θεώσεωι,ὃλων

2021 1937 2180 1998 enim
2214 1939 2564 2001 mortalibus
2614 1941 2949 2021 exemplum
2982 1941 3167 2002 factus
3217 1949 3328 2014 est,
3362 1940 3508 2020 ipsis
3537 1955 3673 2000 sese

2021 2026 2369 2103 informans,
2397 2047 2464 2090 ac
2493 2030 2698 2091 mundi
2721 2030 2896 2110 hujus
2921 2030 3332 2110 cogitationes,
3359 2031 3517 2092 circa
3542 2037 3671 2090 tur-

2019 2117 2295 2180 bulentos
2327 2127 2524 2181 tamen
2571 2120 2758 2182 animi
2793 2129 3010 2203 motus,
3045 2120 3380 2202 suscipiens
3436 2118 3671 2182 Efﬁcia-

2021 2226 2154 2268 mur
2175 2217 2239 2270 ut
2265 2207 2558 2286 Christus,
2580 2211 2680 2292 qui
2703 2229 2764 2272 se
2791 2211 2983 2291 ipsum
3010 2211 3090 2272 ita
3113 2209 3466 2290 humiliavit,
3494 2218 3672 2290 atque

2017 2297 2089 2358 ad
2124 2297 2527 2360 inﬁrmitatem
2565 2309 2828 2362 nostram
2861 2301 3123 2376 demisit,
3159 2310 3223 2364 ut
3255 2308 3475 2376 tamen,
3511 2299 3667 2381 quod

2019 2395 2167 2463 erat,
2207 2401 2610 2468 permaneret,
2649 2410 2862 2471 nempe
2894 2410 3100 2471 purus,
3136 2399 3196 2451 et
3231 2392 3487 2472 turpium
3522 2391 3672 2452 atie-

2019 2485 2216 2538 ctuum
2237 2481 2804 2559 expers.Peccatum
2829 2487 2991 2542 enim
3009 2499 3128 2543 non
3151 2482 3431 2560 fecit,nec
3453 2483 3666 2544 inven-

2017 2576 2113 2632 tus
2130 2577 2220 2631 est
2240 2569 2411 2632 (lotus
2430 2571 2493 2630 in.
2512 2587 2619 2632 ore
2640 2571 2766 2650 ejus
2787 2571 2857 2634 “.
2882 2571 3072 2651 Atque
3102 2570 3204 2632 ille
3231 2570 3502 2651 quidem,
3529 2588 3663 2631 cum

2015 2657 2174 2720 Deus
2205 2668 2384 2735 esset,
2423 2660 2600 2721 homo
2633 2662 2825 2722 factus
2857 2668 2963 2722 est.
3000 2659 3258 2721 Proinde
3284 2678 3393 2720 nos
3425 2677 3666 2739 quoque

2016 2747 2159 2810 deos
2180 2749 2310 2811 ﬁeri
2338 2758 2590 2830 oportet.
2617 2752 2908 2812 Caeterum
2937 2750 3037 2812 ille
3065 2757 3306 2831 propter
3329 2767 3436 2810 nos
3463 2750 3663 2824 homo,

2017 2856 2126 2901 nos
2144 2847 2339 2901 autem
2368 2849 2612 2919 propter
2647 2843 3045 2921 nosmetipsos
3072 2841 3153 2902 dii
3186 2847 3396 2920 :atque
3429 2839 3530 2900 ille
3563 2857 3667 2919 pro

2014 2947 2247 2992 summa
2271 2929 2457 3008 gloria
2474 2949 2766 2991 summam
2789 2930 3174 3009 ignominiam
3195 2929 3671 3010 suscipiens,nos

2014 3027 2205 3081 autem
2241 3038 2346 3100 pro
2378 3027 2640 3081 extrema
2664 3020 2988 3098 ignominia
3022 3038 3323 3082 summum
3349 3020 3665 3080 honorem.

270 3106 518 3165 ἀεοειδῶν
550 3110 637 3166 καὶ
671 3109 810 3166 ὅλων
867 3117 1000 3168 Θεοῦ
1045 3112 1372 3191 χωρητικῶν
1432 3113 1521 3168 καὶ
1573 3112 1734 3188 μόνου
1763 3135 1929 3191 γενη-

2019 3109 2137 3172 Ηοο
2162 3116 2447 3190 prwterea
2470 3109 2903 3190 interest,quod
2931 3110 3030 3172 ille
3051 3119 3258 3172 natura
3281 3111 3458 3171 homo
3485 3109 3667 3170 factus

278 3197 548 3272 σομένων,
581 3206 746 3258 Τοῦτο
795 3200 894 3280 γὰρ
943 3204 975 3270 ἡ
1013 3200 1311 3283 τελείωσις,
1362 3203 1493 3281 πρὸς
1525 3202 1590 3270 ἢν
1622 3201 1929 3259 σπεύδουσιν

2019 3213 2126 3282 ist,
2152 3219 2260 3260 nos
2289 3208 2482 3261 autem
2515 3199 2834 3280 adOptione
2864 3201 2968 3261 dii.
2996 3200 3118 3262 Hoc
3142 3203 3298 3260 enim
3330 3199 3579 3262 consilio
3602 3197 3663 3259 id

276 3289 325 3344 οἱ
354 3288 548 3358 ταύτην
585 3289 797 3356 ἀληθῶς
830 3290 1038 3348 ἔσεσθαι
1083 3292 1178 3360 τὴν
1230 3290 1550 3371 ἐπαγγελίαν
1609 3294 1927 3350 πιστεύσαν-

2019 3290 2170 3372 quod
2203 3309 2410 3352 sumus
2443 3289 2631 3352 factus
2681 3297 2790 3364 est,
2829 3298 2889 3352 ut
2937 3310 3043 3352 nos
3078 3290 3156 3372 id,
3185 3291 3341 3370 quod
3383 3290 3510 3369 ipse
3549 3295 3659 3362 est,

273 3398 384 3440 τες.
2017 3381 2369 3455 efﬁciamur,
2397 3390 2779 3460 compensata
2804 3381 3082 3441 nimirum
3116 3379 3305 3460 ipsius
3339 3377 3668 3440 inanitione

273 3467 780 3547 quemadmodum
839 3468 965 3549 ipse
999 3467 1179 3544 novit,
1217 3487 1348 3530 cum
1383 3488 1614 3546 eorum,
1647 3470 1746 3552 qui
1783 3490 1888 3552 per
1915 3471 2162 3554 gratiam
2196 3469 2440 3530 salutem
2475 3480 2943 3550 consequuntur,
2982 3469 3448 3542 deiﬂcationem,
3484 3471 3560 3530 ita
3591 3474 3653 3528 ut

279 3557 382 3618 toti
417 3556 766 3632 deiformes,
802 3566 860 3620 et
891 3559 994 3620 toti
1045 3558 1148 3620 Dei
1207 3577 1484 3641 capaces,
1517 3560 1620 3621 toti
1673 3560 1932 3643 denique
1981 3561 2166 3643 ipsius
2216 3559 2391 3620 unius
2423 3558 2635 3621 simus.
2672 3563 2800 3622 Hoc
2835 3559 2994 3622 enim
3029 3568 3119 3622 est
3151 3577 3220 3621 ea
3251 3559 3558 3640 perfectio,
3594 3556 3666 3618 ad

273 3664 446 3725 quam
482 3655 781 3729 properat,
817 3649 917 3729 qui
951 3650 1104 3710 hanc
1140 3649 1629 3728 pollicitationem
1669 3660 1829 3712 certa
1853 3651 1969 3713 ﬁde
2002 3658 2368 3731 exspectant.

356 3736 482 3800 Col.
522 3735 635 3801 397
671 3736 714 3801 C
747 3739 802 3802 Ἷ.
840 3737 1218 3818 Προσέλαὸε...
1271 3741 1544 3816 πτώματι,
1595 3742 1702 3798 Εἰσὶ
1731 3743 1796 3797 τὰ
1825 3742 1928 3820 ῥή-

273 3850 416 3902 ματα
475 3831 642 3886 ταῦτα
696 3833 842 3909 σαφῆ
903 3832 988 3885 καὶ
1043 3827 1289 3904 οὒδεμιᾶς
1335 3831 1619 3909 ἑρμηνείας
1675 3829 1923 3907 δεόμενα,

273 3915 577 3996 Προσέλαὸε
619 3919 718 3996 γὰρ
763 3921 790 3976 6
840 3919 1066 3995 Χριστὸς
1111 3920 1170 3974 τὸ
1215 3931 1430 3999 χεῖρον,
1500 3921 1600 3986 τὴν
1643 3919 1925 3999 ἀνθρωπό-

483 4008 508 4026 'I
615 4006 675 4027 λ’
865 4009 872 4022 ⁷
1135 4009 1148 4026 ί
1312 4010 1320 4030 ν
1544 4020 1558 4032 ν
1604 4011 1617 4028 \
1792 4010 1804 4031 '

273 4031 438 4082 τητα,
493 4031 577 4064 ινα
609 4025 682 4082 οῳ
711 4010 772 4065 τὸ
816 4007 1050 4086 βελτιον,
1096 4031 1193 4078 την
1236 4013 1482 4076 θεοτητα.
1525 4021 1620 4068 [χαι
1671 4009 1925 4075 πλουσιος

271 4097 347 4154 ὢν
373 4105 439 4175 τῇ
471 4097 708 4176 θεότητι,
745 4099 1056 4180 ἔπτώχευσε
1102 4105 1171 4176 τῇ
1219 4101 1392 4178 σαρκὶ,
1428 4087 1508 4154 ἵν’
1537 4101 1700 4174 ἡμεῖς
1755 4097 1926 4156 πλου-

272 4189 527 4262 τήσωμεν
558 4190 655 4256 τὴν
706 4189 954 4257 θεότητα.
1023 4190 1120 4247 Καὶ
1177 4187 1362 4246 δούλου
1413 4189 1620 4268 μορφὴν
1652 4189 1922 4268 ἐφόρεσεν,

275 4277 300 4333 '-.'
306 4277 357 4334 ν’
383 4281 550 4356 ἡμεῖς
581 4280 679 4348 τὴν
709 4280 814 4337 ἀπὸ
843 4285 941 4346 τῆς
987 4276 1221 4342 δουλείας
1254 4289 1348 4338 τοῦ
1400 4276 1645 4334 διαϐόλου
1679 4280 1767 4334 καὶ
1819 4284 1926 4335 τῶι

276 4371 456 4425 παθῶν
501 4368 796 4449 ἐλευθερίαν
826 4367 1074 4445 λάϐωμεν
1107 4384 1120 4398 '
1186 4367 1315 4448 ὅπερ
1366 4367 1546 4439 δηλοῖ,
1584 4366 1664 4425 ὅτι
1697 4367 1928 4448 ε’ἷχομεν

2093 3739 2442 3818 Assumpsir
2463 3738 2625 3808 quod
2657 3738 2914 3800 deterius
2931 3745 3163 3813 erat,ut
3185 3735 3670 3820 det,etc.Perspi-

2012 3849 2120 3890 cua
2146 3839 2284 3890 sunt
2317 3828 2440 3889 haec
2473 3827 2676 3899 verba,
2714 3846 2823 3888 nec
2851 3828 2967 3888 ulla
3002 3827 3492 3908 interi-relatione
3519 3845 3667 3906 opus

2013 3919 2251 3981 Labent.
2288 3917 2532 3997 Accepit
2563 3916 2720 3977 enim
2757 3918 3027 3980 Christus
3056 3919 3213 3998 quod
3261 3917 3524 3979 deterius
3553 3922 3664 3996 est,

2011 4008 2435 4070 humanitatem
2462 4006 2714 4082 scilicet,
2745 4015 2806 4067 ut
2834 4007 2934 4068 det
2964 4007 3117 4089 quod
3149 4006 3518 4088 praestantius
3549 4015 3662 4082 est,

2013 4116 2230 4178 nempe
2262 4097 2637 4160 Divinilatem
2667 4114 2680 4158 :
2713 4105 2769 4157 et
2801 4115 2936 4158 cum
2972 4099 3136 4158 dives
3167 4106 3341 4164 esset.
3381 4103 3664 4178 quantum

2011 4187 2084 4249 ad
2110 4186 3066 4266 Divinitatem,pauper,quantum
3096 4187 3168 4247 ad
3199 4185 3664 4267 carnem,l‘actus

2014 4284 2125 4352 est,
2162 4284 2224 4338 ut
2255 4293 2363 4337 nos
2393 4275 2729 4336 Divinitatis
2782 4293 2925 4355 opes
2978 4293 3442 4356 consequamur.
3499 4273 3664 4336 Servi

2015 4375 2308 4449 praterea
2339 4365 2584 4426 formam
2621 4364 2892 4444 gestavit,
2929 4372 2989 4425 ut
3022 4383 3128 4424 nos
3157 4383 3228 4426 ex
3267 4363 3488 4425 diaboli
3519 4363 3668 4423 aﬂ‘e-

277 4457 330 4524 ἐξ
374 4458 552 4538 ἀρχῆς
606 4461 704 4527 τὴν
749 4459 1043 4533 ἐλευθερίαν
1087 4457 1442 4536 ἀπωλέσαμεν
1485 4456 1539 4515 δὲ
1572 4459 1790 4526 ταύτην,
1832 4468 1930 4515 Δεῖ

2019 4463 2345 4534 ctuumque
2376 4457 2657 4517 servitute
2685 4455 2744 4515 in
2779 4455 3111 4516 libertatem
3146 4471 3504 4515 asseramur.
3539 4451 3666 4513 Non

275 4548 364 4605 οὗν
396 4548 717 4626 ἀπολαϐεῖν,
751 4550 816 4619 ἣν
849 4549 1071 4630 ἔχοντες
1104 4547 1468 4626 ἀπελάόομεν,
1534 4547 1744 4616 Κατέϐη
1800 4551 1930 4628 πρὸς

2019 4546 2531 4629 [Ιίλὶι,Ιίι)εῐιιιιεη]
2557 4545 3055 4626 δοίιὶρὶειηυε,δειι
3089 4544 3474 4625 rrcipiamus;
3501 4551 3564 4604 ut
3584 4542 3667 4603 in-

272 4640 420 4713 ἡμᾶς
451 4642 478 4696 6
542 4631 840 4716 ’¹Υψιστος,
885 4638 962 4695 ’ἶν’
1013 4641 1176 4716 ἡμεῖς
1239 4641 1286 4696 οἰ
1344 4640 1583 4697 ταπεινοὶ
1611 4641 1930 4720 ὑψωθῶμεν,

280 4726 656 4806 ὑπεραρθέντες
705 4727 801 4797 τῆς
868 4735 974 4785 τῶν
1025 4731 1233 4806 γεηρῶν
1286 4729 1528 4810 σχέσεως
1587 4730 1674 4785 καὶ
1718 4750 1929 4808 πτερω-

278 4815 452 4882 θέντες
503 4819 635 4898 πρὸς
691 4819 757 4876 τὰ
808 4818 1021 4898 οὖράνια
1129 4816 1454 4897 Ἐπειράσθη
1512 4817 1565 4874 ἐν
1624 4823 1690 4894 τῇ
1749 4818 1933 4897 ἐρήμῳ

279 4907 353 4970 εἷς
411 4909 854 4986 γαστριμαργίαν,
921 4906 1244 4988 φιλοδοξίαν,
1324 4909 1783 4989 φιλοχρηματίαν,
1847 4910 1933 4964 καὶ

277 4997 554 5064 νενίκηκεν
597 4997 651 5054 ἒν
681 5003 748 5075 τῇ
797 4999 947 5076 τρίτῃ
999 4999 1164 5076 ταύτῃ
1221 4997 1495 5078 προσϐολῇ
1525 5000 1613 5054 καὶ
1659 4999 1813 5077 πείρᾳ
1842 4999 1932 5054 τὶν

278 5088 592 5165 πειραστην,
631 5086 762 5163 ημῖν
811 5089 910 5156 τὴν
961 5090 1112 5155 νίκην
1167 5090 1700 5167 πραγματευόμενος,
1768 5085 1935 5144 ’Λλλά

276 5175 549 5252 ἧτιμάσθη
581 5179 605 5234 6
639 5182 736 5244 τῆς
768 5175 925 5245 δόξης
989 5177 1206 5256 Κύριος,
1267 5178 1362 5234 Ἵνα
1419 5175 1614 5254 δοξάσῃ
1660 5177 1778 5239 τοὺς
1814 5178 1934 5233 ἀτί-

279 5287 413 5340 μους
459 5267 604 5342 ἡμᾶς
638 5282 651 5296 ·
701 5265 983 5342 ἀπέθανεν,
1049 5267 1139 5324 ἵνα
1183 5274 1260 5343 τῷ
1317 5267 1524 5340 θανάτῳ
1555 5265 1712 5325 αὐτοῦ
1744 5269 1932 5324 σωθώ-

277 5377 376 5432 μεν
404 5374 418 5389 ’
483 5353 684 5425 κατέϐη
735 5358 827 5414 καὶ
885 5353 1073 5427 ἀνέϐη,
1128 5355 1221 5414 ’ίνα
1263 5359 1430 5433 ἡμεῖς
1488 5353 1932 5432 ἀκολουθήσωμεν

279 5444 446 5520 αὐτῷ,
492 5446 582 5502 καὶ
621 5445 715 5503 ἵνα
771 5445 918 5504 κάτω
973 5445 1248 5521 κειμένους
1307 5445 1360 5504 ἐν
1417 5453 1492 5520 τῷ
1524 5449 1622 5512 τῆς
1673 5445 1932 5523 ἁμαρτίας

279 5534 528 5612 πτώματι
587 5537 719 5614 πρὸς
779 5536 967 5593 ἑαυτὸν
1050 5534 1270 5610 ἐλκύση,
1344 5538 1418 5601 ὡς
1485 5538 1519 5605 ἦ
1606 5535 1929 5615 ὑπόσχεσις.

359 5714 412 5763 ιο
443 5717 466 5784 I
493 5719 650 5782 Petr.
683 5734 748 5802 ιι,
782 5719 843 5784 3.
935 5718 984 5765 ιι
1017 5717 1142 5784 ibid
1195 5717 1296 5781 22.

2019 4637 2175 4698 dicet
2208 4655 2314 4698 nos
2343 4655 2376 4696 a
2411 4634 2702 4716 principio
2727 4635 2967 4717 quidem
2995 4635 3328 4698 libertatem
3366 4633 3666 4714 habuisse,

2017 4745 2217 4789 verum
2239 4744 2365 4788 eam
2389 4724 2890 4799 amisisse.Quare
2913 4724 3082 4787 nobis
3100 4744 3164 4785 ea
3186 4725 3530 4804 recipienda
3556 4733 3667 4798 est,

2015 4835 2192 4893 quam
2219 4813 2510 4878 habentes
2536 4814 3250 4895 perdidimus.Descendit
3270 4815 3339 4876 ad
3365 4834 3472 4876 nos
3493 4814 3668 4877 Altis-

2017 4905 2202 4966 simus
2238 4905 2361 4984 ille,
2388 4913 2448 4965 ut
2482 4923 2588 4965 nos
2612 4904 2827 4983 alijecti
2855 4909 2914 4966 et
2936 4904 3192 4966 humiles
3218 4903 3276 4964 in
3302 4903 3558 4965 sublime
3585 4904 3666 4963 fe—

2016 5003 2812 5075 ramur,supraterrenarum
2831 5011 3029 5053 rerum
3055 4993 3429 5054 affectionem
3455 4993 3664 5062 evecti,

2017 5093 2194 5166 atque
2222 5085 2294 5145 ad
2327 5082 2593 5144 caelestia
2622 5092 2897 5161 tanquam
2935 5081 3147 5162 pennis
3179 5080 3414 5142 sublati.
3456 5081 3671 5142 Tenta-

2022 5183 2114 5235 tus
2143 5183 2254 5254 est,
2283 5192 2350 5235 ac
2384 5172 2603 5252 triplici
2637 5172 3025 5232 tentatiunum
3055 5170 3172 5231 telo
3206 5171 3264 5230 in
3296 5170 3533 5231 deserto
3567 5189 3668 5250 pe-

2021 5262 2165 5326 titus
2187 5271 2276 5323 cst
2307 5261 2575 5326 Christus
2596 5279 2629 5322 a
2658 5258 2915 5331 diabolo,
2943 5259 3094 5335 gulae
3115 5277 3356 5338 nempe,
3383 5257 3664 5321 ambitio-

2020 5355 2110 5414 nis
2141 5361 2198 5413 et
2228 5351 2524 5414 avaritia:
2582 5359 2758 5431 atque
2813 5349 2873 5410 in
2907 5350 3019 5411 hoc
3073 5349 3290 5428 triplici
3340 5348 3665 5410 certamine

2021 5451 2370 5505 tentatorem
2392 5442 2710 5522 superavit,
2737 5439 2908 5500 nobis
2936 5437 3211 5501 videlicet
3233 5439 3534 5500 victoriam
3557 5457 3661 5501 ac-

2018 5530 2451 5612 quirens.Quin
2478 5531 2656 5593 etiam
2681 5534 3054 5608 contemptus
3084 5536 3172 5589 est
3192 5527 3294 5588 ille
3314 5525 3519 5607 gloriae
3541 5529 3664 5594 Do-
