4102 6422
465 267 584 334 959
1756 275 2080 341 NICETAS
2123 279 2577 363 SERRONIUS.

463 401 686 479 minus,
709 412 777 469 ut
807 425 915 470 nos
936 406 1190 472 infames
1217 419 1388 472 ornet
1418 419 1596 492 atque
1624 410 1904 474 illustret.
1940 415 2070 476 Mor
2091 447 2108 459 -

2196 412 2586 494 Ἐπηγγείλατο
2643 419 2743 497 γὰρ
2798 417 2970 496 λέγων
3006 435 3020 450 ⁸

465 497 599 586 tuus
630 503 742 571 est,
770 506 832 560 ut
854 517 962 580 per
988 501 1118 581 ejus
1144 509 1394 562 mortem
1420 502 1668 563 salutem
1689 519 2102 580 assequamur.

2196 503 2396 562 ἑλκύσω
2420 509 2548 586 πρὸς
2571 511 2820 584 ἱμαυτόν,

463 584 780 682 Descendit
829 597 1002 670 atque
1032 591 1320 682 ascendit,
1357 600 1416 652 ut
1443 611 1547 682 nos
1578 592 1771 671 ipsum
1806 610 2148 673 sequamur,
2184 601 2363 674 atque
2398 584 2653 658 ut'bumi
2674 599 2943 677 jacentes
2973 599 3032 661 in
3070 601 3295 681 peccati
3323 601 3548 680 lapsum
3572 600 3645 660 ad
3678 601 3837 682 seip-

465 690 594 773 sum
629 678 846 773 trahat:
872 681 1379 761 quemadmodum
1413 699 1478 743 se
1506 680 1796 743 facturum
1857 682 2109 763 recepit,
2157 683 2364 746 dicens
2397 703 2411 747 :
2448 685 2600 748 Cum
2661 691 2968 753 exaltatus
3007 678 3213 773 fuero,
3247 678 3455 753 omnia
3500 690 3738 752 traham
3769 678 3855 753 ad

463 770 764 844 mripsum
799 768 868 834 4'.

547 857 766 950 Omnia
796 863 1098 942 quispiam
1131 862 1326 937 donet,
1351 866 1552 924 omnia
1583 866 1662 939 ei,
1688 871 1803 924 etc.
1836 863 2108 925 Enume-

2279 865 2402 928 Col.
2443 867 2562 932 400
2619 868 2668 929 Α
2721 867 2779 930 5.
2845 871 3020 927 Πάντα
3057 920 3072 934 ,
3109 914 3126 932 .
3163 916 3179 935 ,
3239 871 3548 950 γενόμενον,
3607 871 3854 948 Ἀπηρτ-

465 949 616 1010 ravit
649 970 738 1027 ea,
770 971 900 1031 quze
932 953 1204 1016 Christus
1243 972 1346 1034 pro
1383 953 1557 1014 nobis
1609 970 1817 1033 passus
1860 962 1970 1030 est,
2009 953 2108 1016 be-

2197 957 2438 1030 θμτξσατο
2470 959 2534 1012 τὰ
2564 955 2632 1014 δι’
2665 960 2810 1032 ἡμᾶς
2856 962 2998 1028 πᾶθη
3056 971 3149 1021 τοῦ
3207 968 3431 1040 Χριστοῦ
3473 963 3560 1018 καὶ
3602 962 3698 1025 τὰς
3756 961 3852 1020 δο-

469 1041 799 1122 neticiaque
824 1042 881 1103 in
908 1062 1019 1103 nos
1043 1043 1346 1117 collata,ut
1371 1043 1579 1124 probet
1608 1062 1717 1104 nos
1744 1063 1862 1105 non
1891 1063 1958 1106 ex
1990 1062 2108 1124 grai

2196 1048 2371 1110 θείσας
2427 1048 2562 1123 ἡμῖν
2609 1049 2933 1127 εὒεργεσίας,
3000 1051 3092 1108 ἵνα
3164 1049 3310 1129 δείξῃ
3375 1052 3451 1125 μὴ
3508 1053 3643 1108 κατὰ
3689 1053 3857 1132 χᾶριν

469 1130 610 1220 tuita
642 1132 1057 1196 muniﬁcentia
1104 1133 1164 1195 in
1199 1153 1332 1195 eum
1379 1133 1663 1195 liberales
1715 1152 1874 1214 esse,
1907 1133 2011 1196 sed
2045 1152 2108 1195 ex

2202 1137 2342 1208 αὒτῷ
2386 1141 2882 1217 καρποφοροῦντας,
2943 1139 3078 1197 ἀλλὰ
3136 1143 3274 1198 κατὰ
3339 1141 3524 1220 χρέος.
3588 1130 3859 1202 Καὶηᾶνω

463 1219 684 1286 debito.
717 1223 780 1283 Et
806 1225 1042 1304 quidem
1077 1225 1354 1305 superius
1387 1224 1698 1287 videbatur
1728 1242 1928 1284 rerum
1959 1243 2108 1285 cras-

2201 1223 2298 1298 μὲν
2330 1222 2501 1281 ἒδόκει
2533 1226 2716 1282 τέλεον
2744 1225 3022 1285 ὲκϐἆλλειν
3067 1229 3168 1298 τὴν
3201 1228 3285 1286 διὰ
3336 1232 3442 1286 τῶν
3477 1228 3614 1286 ὒλῶν
3643 1253 3857 1310 καρπο-

3733 286 3856 352 960

3094 413 3108 435 ’
3121 411 3273 479 Ὀταν
3347 421 3565 498 ὑψωθῶ,
3629 426 3849 489 πάντας

460 1329 654 1372 sarum
692 1322 750 1376 et
772 1323 1142 1378 terrenarum
1172 1317 1536 1378 oblationem
1565 1333 1806 1396 prorsus
1829 1315 2109 1394 rejicere,

461 1420 594 1462 cum
630 1402 904 1468 dicebat:
940 1407 1164 1469 Aurum
1200 1407 1452 1468 fortasse
1487 1406 1706 1486 putatis
1741 1423 1832 1464 me
1881 1403 2106 1485 dicere,

460 1499 558 1552 aut
587 1503 901 1572 argentum
930 1497 953 1558 ?
986 1498 1100 1557 imo
1133 1498 1376 1578 nosipos
1406 1500 1529 1561 Deo
1563 1495 1904 1557 oﬂ'eramus.
1938 1495 2111 1557 Nunc

459 1590 659 1644 autem
695 1587 954 1647 ostendit
980 1606 1045 1648 se
1078 1607 1196 1648 non
1229 1587 1473 1648 omnino
1499 1583 1842 1664 hujusmodi
1865 1603 2112 1647 munera

461 1671 827 1752 improbare,
864 1676 965 1738 sed
999 1678 1153 1758 quod
1195 1678 1384 1756 majus
1415 1685 1504 1738 est
1537 1674 1858 1755 anteferre,
1896 1692 2110 1755 nempe

2198 1315 2406 1394 φορίαν,
2451 1317 2507 1371 ἓν
2551 1330 2636 1381 οτς
2685 1315 2834 1394 ἔλεγε
2863 1333 2880 1353 ⁸
2939 1320 3144 1398 Χροσόν
3189 1341 3255 1395 με
3289 1318 3425 1382 ἴσως
3459 1319 3633 1376 ἄξεσθε
3675 1319 3857 1398 λέγειν

2198 1403 2232 1471 ἢ
2279 1402 2522 1484 ἄργυρον,
2599 1409 3096 1486 καρποφορήσωμεν
3174 1411 3320 1485 ἡμᾶς
3369 1409 3558 1472 αὒτούς
3591 1425 3606 1440 ·
3659 1417 3748 1466 νῦν
3795 1407 3856 1466 δὲ

2196 1491 2478 1567 δείκνυσιν,
2521 1495 2598 1551 ὅτι
2633 1498 2690 1552 οὗ
2740 1500 3016 1560 παντελῶς
3069 1497 3450 1574 ἀποδοκιμάζει
3500 1499 3562 1554 τὰ
3607 1507 3852 1575 τοιαῦτα,

2196 1581 2332 1639 ἀλλὰ
2386 1592 2621 1660 προτιμᾷ
2665 1589 2728 1642 τὸ
2774 1595 2986 1669 μεῖζον,
3034 1588 3276 1645 τουτέστι
3327 1591 3387 1644 τὸ
3443 1589 3659 1652 ἑαυτοὺς
3688 1612 3860 1667 προσ-

2198 1673 2345 1750 άγειν
2405 1676 2547 1740 Φησὶ
2578 1682 2701 1752 γοῦν
2737 1695 2750 1708 ο
2794 1677 2967 1732 Πάντα
3001 1675 3192 1734 διδότω
3244 1701 3348 1749 τις,
3400 1679 3487 1734 καὶ
3522 1681 3725 1757 χρυσὸν
3766 1681 3860 1736 καὶ

459 1770 523 1822 ut
555 1764 831 1844 nosipsos
861 1756 1204 1829 aderamus.
1233 1767 1538 1846 Aitigitur,
1569 1763 1781 1827 Omnia
1814 1765 1913 1825 det
1939 1765 2108 1841 quis-

2197 1761 2364 1825 λίθους
2399 1766 2487 1820 καὶ
2519 1766 2803 1844 ὑφάσματα
2844 1787 2854 1798 ο
2893 1763 3082 1821 διδότω
3113 1764 3168 1822 δὲ
3228 1768 3367 1823 κατᾶ
3412 1756 3654 1846 ὀφειλῆν,
3702 1767 3858 1824 Ἐπεὶ

463 1852 642 1932 piam,
675 1863 731 1916 et
761 1875 970 1917 aurum
997 1865 1055 1918 et
1085 1874 1350 1935 gemmas
1373 1866 1430 1918 et
1451 1864 1666 1931 restes,
1693 1855 1791 1914 det
1815 1863 2011 1914 autem
2041 1874 2108 1915 ex

462 1941 662 2003 debito
689 1967 701 2003 :
723 1946 1202 2026 quandoquidem
1227 1947 1454 2023 priores
1480 1943 1899 2005 beneﬁcentiae
1919 1952 2114 2022 partes

461 2033 728 2096 Christus
761 2055 1078 2116 occupans,
1115 2047 1372 2098 mortem
1411 2053 1516 2114 pro
1550 2033 1721 2094 nobis
1753 2035 2008 2112 excepit,
2044 2053 2111 2094 ac

460 2125 722 2202 seipsum
747 2143 850 2205 pro
873 2126 1124 2186 nobisin
1151 2124 1508 2186 sacriﬁcium
1533 2122 1690 2184 Patri
1715 2121 2106 2184 obtulit.Nam

462 2213 548 2275 illi
567 2224 1117 2295 peccaveramus,et
1133 2214 1382 2296 proinde
1400 2213 1512 2293 ipsi
1530 2222 1741 2274 nostra:
1753 2212 2113 2292 redemptio-

459 2304 555 2364 nis
591 2304 844 2383 pretium
866 2305 1324 2385 persolvendum
1355 2313 1503 2377 erat,
1533 2312 1594 2364 ut
1619 2321 1724 2362 nos
1748 2305 2116 2363 condemna-

461 2395 622 2455 tionc
657 2393 1044 2456 solveremur.
1080 2395 1250 2456 Absit
1296 2394 1454 2455 enim
1509 2402 1568 2452 ut.
1599 2401 1845 2472 tyranno
1879 2391 2111 2454 diabolo

463 2483 703 2547 Domini
737 2484 974 2562 sanguis
1005 2484 1236 2545 oblatus
1263 2483 1465 2544 fuerit.
1492 2481 1750 2544 Pretium
1786 2490 1980 2541 autem
2007 2499 2110 2542 re-

461 2576 823 2655 demptionis
847 2595 952 2658 pro
979 2577 1149 2637 nobis
1174 2576 1446 2639 Christus
1471 2583 1581 2648 est,
1612 2583 1670 2635 et
1691 2573 1881 2654 culpae
1912 2573 2109 2634 succi-

458 2665 708 2741 daneus,
737 2675 939 2748 utpote
963 2669 1066 2746 qui
1093 2677 1361 2728 naturam
1391 2673 1648 2726 nostram
1671 2663 1874 2724 salutis
1894 2673 2109 2724 nostrae

455 2774 634 2817 causa
667 2761 1022 2837 susceperit,
1060 2757 1307 2837 perinde
1340 2775 1405 2817 ac
1439 2757 1487 2816 si
1528 2753 1663 2830 quis
1699 2771 1807 2832 pro
1855 2771 1959 2813 reo
2009 2762 2106 2813 aut

454 2846 685 2926 captivo
709 2849 967 2927 seipsum
995 2845 1415 2917 substituat,ad
1451 2864 1517 2905 ea
1543 2843 1952 2923 perpetienda,
1976 2862 2107 2923 quae

456 2936 621 2998 illum
660 2937 774 3017 pati
812 2956 1057 3000 necesse
1083 2947 1232 2998 erat.
1259 2936 1607 3015 Quanquam
1643 2943 1862 3006 autem,
1886 2932 1986 3008 iuq
2017 2932 2104 3010 .it,
2127 2961 2167 3009 ο

456 3027 609 3088 bona
633 3029 708 3088 sit
740 3029 936 3089 omnis
968 3028 1212 3096 oblatio,
1243 3045 1416 3107 quam
1444 3024 1734 3104 quispiam
1765 3021 1920 3083 bene
1943 3022 2018 3082 de
2042 3041 2109 3082 se

461 3117 675 3178 merito
710 3117 944 3179 Christo
978 3117 1211 3188 fecerit,
1251 3115 1395 3176 nihil
1443 3123 1638 3174 tamen
1673 3125 1789 3172 tam
1827 3113 2109 3172 eximium

457 3207 706 3268 daturus
731 3216 840 3278 est,
869 3225 1042 3286 quam
1070 3209 1116 3268 si
1143 3206 1403 3285 seipsum
1435 3202 1717 3264 obtulerit
1741 3203 1919 3281 hujus
1951 3221 2108 3282 mys-

460 3296 593 3357 terii
653 3297 945 3358 rationem
1002 3295 1459 3372 intelligentem,
1495 3293 1552 3353 id
1607 3301 1714 3366 est,
1753 3291 2109 3371 cogitantem

457 3404 592 3465 quae
623 3386 1106 3449 Resurrectionis
1134 3404 1312 3446 causa
1346 3384 1437 3443 sit.
1473 3382 1737 3462 quidque
1763 3381 2114 3443 mortalibus

455 3475 672 3538 atl‘erre
706 3477 914 3554 possit,
942 3494 1195 3556 easrque
1217 3473 1618 3552 cognitionem
1643 3470 1977 3532 actionibus
2001 3471 2112 3532 (le--

455 3564 787 3634 claraverit,
827 3584 892 3625 ac
929 3572 1172 3644 propter
1202 3564 1363 3624 illum
1419 3561 1618 3621 omnia
1667 3561 1856 3622 factus
1909 3561 2105 3637 fuerit,

455 3672 823 3735 quaecunque
852 3655 978 3734 ipse
1007 3669 1253 3734 pr0p=er
1280 3671 1385 3712 uos
1412 3652 1598 3712 factus
1622 3661 1730 3723 est,
1754 3651 1810 3711 id
1843 3659 1954 3724 est,
1981 3651 2110 3712 sine

454 3744 927 3822 reprehensione
953 3745 1240 3805 incedens
1255 3761 1360 3822 per
1377 3759 1586 3802 omnes
1600 3740 1818 3803 Christi
1837 3749 2035 3800 aetates
2054 3749 2110 3800 et

2195 1851 2480 1931 προλαϐὼν
2526 1857 2552 1909 ὃ
2598 1856 2819 1933 Χριστος
2873 1856 2966 1911 τὸν
3025 1858 3154 1935 ὑπὲρ
3199 1857 3354 1931 ὖμῶν
3384 1854 3656 1922 ἀνεδέξατο
3686 1858 3859 1914 θάνα-

2195 1965 2312 2021 τον,
2360 1946 2448 2000 καὶ
2499 1945 2684 2000 ἑαυτὸν
2743 1953 2818 2019 τῷ
2869 1949 3027 2023 Πατρὶ
3096 1947 3418 2026 προσέφερεν
3488 1947 3661 2002 θυσίαν
3725 1948 3859 2026 ὑπὲρ

2196 2039 2374 2101 ἡμῶν,
2413 2035 2563 2106 Αὒτῷ
2623 2036 2722 2111 γὰρ
2789 2035 3358 2114 πεπλημμελήκαμεν,
3392 2037 3482 2092 καὶ
3530 2039 3687 2095 αὑτὸν
3748 2035 3858 2092 ἔδει

2197 2125 2258 2178 τὸ
2290 2124 2418 2202 ὑπὲρ
2459 2126 2606 2197 ἡμῶν
2666 2123 2852 2202 λύτρον
2911 2123 3150 2190 δέξασθαι
3197 2127 3284 2182 καὶ
3337 2124 3504 2186 ὅντως
3548 2128 3692 2200 ἡμᾶς
3749 2125 3856 2183 λι)-

2195 2217 2347 2278 Θῆναι
2395 2219 2491 2279 τῆς
2526 2216 2908 2293 κατακρίσεως,
2961 2215 3046 2280 Μὴ
3094 2216 3194 2294 γὰρ
3253 2216 3461 2294 γένοιτο
3509 2219 3586 2289 τῷ
3616 2218 3857 2296 τυράννῳ

2194 2304 2254 2358 τὸ
2307 2303 2400 2358 τοῦ
2463 2306 2730 2358 Δεσπνὲτοο
2792 2308 2931 2378 αἷμα
2991 2309 3442 2384 προσενεχθῆναι,
3497 2305 3694 2384 Λύτρόν
3739 2306 3793 2361 δὲ
3827 2311 3855 2363 ὃ

2194 2394 2418 2469 Χριστὸς
2463 2397 2552 2449 καὶ
2585 2393 2960 2475 ἀντάλλαγμα,
2995 2397 3064 2457 ὡς
3105 2397 3171 2451 τὰ
3202 2397 3358 2466 ἡμῶν
3386 2397 3517 2473 ὑπὲρ
3543 2399 3698 2470 ἡμῶν
3727 2397 3856 2453 ἂνα-

2195 2481 2502 2556 δεξάμενος·
2537 2482 2716 2560 ὥσπερ
2749 2481 2836 2538 ἐάν
2872 2507 2952 2547 τις
2983 2484 3112 2562 ὑπὲρ
3143 2491 3235 2541 τοῦ
3263 2486 3543 2541 ὕπευθύνου
3572 2485 3607 2554 ἢ
3637 2488 3856 2564 αἶχμαο

2193 2571 2365 2628 λώτου
2395 2569 2530 2646 ἐκδῷ
2564 2573 2914 2647 ἑαυτὸν,ἱ.’›στε
2947 2578 3162 2648 παθεῖν,
3191 2573 3223 2630 ἂ
3257 2575 3465 2630 ἐκεῖνον
3499 2573 3600 2631 ἔδει
3632 2579 3852 2638 παθεῖν,

2197 2661 2347 2729 Καλὴ
2407 2663 2506 2732 μὲν
2569 2663 2679 2732 οὖν,
2729 2665 2888 2741 φησὶ,
2935 2667 3022 2720 καὶ
3065 2671 3212 2722 πᾶσα
3255 2667 3610 2744 καρποφορία,
3664 2666 3737 2732 ἣν
3791 2665 3858 2721 ἂν

2191 2751 2336 2829 δώσῃ
2368 2775 2447 2814 τις
2481 2759 2554 2824 -ᾠ
2611 2752 2861 2830 εὒεργέτῃ
2920 2760 3149 2831 Χριστῷ·
3213 2752 3359 2810 οὒδὲν
3391 2753 3444 2809 δὲ
3476 2763 3716 2811 τοιοῦτον
3744 2753 3856 2810 δώ-

2192 2864 2274 2898 σει
2325 2847 2484 2920 μὲγα,
2547 2844 2666 2898 οἷον
2729 2844 2912 2899 ἑαυτὸν
2976 2851 3066 2900 τοῦ
3110 2866 3401 2922 μυστηριου
3451 2844 3694 2901 συνιέντα
3737 2867 3859 2902 του-

2194 2933 2335 2988 τέστι
2395 2940 2636 2989 νοοῦντα.
2705 2934 2781 2994 τίς
2830 2937 2863 3000 ἡ
2931 2937 3026 3000 τῆς
3080 2934 3419 2996 ἀναστάσεως
3466 2935 3625 3008 αἰτία,
3678 2937 3767 2990 καὶ
3805 2935 3859 2991 τί

2192 3019 2408 3077 δύναται
2471 3024 2778 3100 χαρίζεσθαι
2839 3037 2956 3085 τοῖς
2998 3023 3316 3102 ἀνθρώποις,
3374 3027 3464 3079 καὶ
3504 3025 3603 3091 τὴν
3657 3031 3858 3101 γνῶσιν

2192 3111 2392 3178 ταύτην
2431 3109 2702 3167 δεικνύντα
2761 3113 2844 3168 ἐπὶ
2901 3119 3006 3169 τῶν
3066 3113 3326 3193 πράξεων,
3394 3117 3480 3170 καῖ
3534 3115 3708 3170 πάντα
3754 3136 3858 3192 γε-

2194 3203 2415 3276 νόμενον
2450 3198 2533 3256 διὰ
2583 3204 2831 3281 Χριστὸν,
2867 3201 2968 3258 ὅσα
3013 3203 3222 3265 ἐκεῖνος
3254 3201 3320 3258 δι’
3367 3206 3536 3282 ἡμᾶς,
3584 3203 3860 3260 τουτέστιν

2196 3291 2492 3366 ἀμέμπτως
2540 3289 2786 3349 ὁδεύοντα
2817 3291 2901 3348 διὰ
2960 3301 3147 3349 πεισών
3200 3299 3304 3350 τῶν
3366 3293 3592 3361 ἡλικιῶν
3625 3299 3859 3372 Χριστοῦ

2197 3383 2284 3436 καὶ
2337 3379 2633 3457 δυνάμεων,
2690 3383 3034 3460 ἀγκιζόμενον
3086 3390 3482 3462 πνευματικῶς,
3532 3385 3858 3459 περιτεμνό-

2198 3493 2357 3546 μενον
2402 3493 2500 3536 την
2562 3471 2617 3526 ἐν
2671 3471 2856 3549 καρδίᾳ
2920 3474 3216 3548 περιτομὴν
3295 3470 3610 3528 διδάσκοντα
3662 3472 3718 3525 ἐν
3783 3476 3861 3546 τῷ

2196 3565 2344 3636 ἱερῷ,
2415 3562 2537 3623 τοὺς
2592 3561 2961 3630 θεοκαπῆλους
3021 3562 3306 3618 ἐλαύνοντα
3363 3561 3732 3642 λιοαζόμενον,
3789 3564 3858 3618 τὰ

2196 3648 2332 3706 ἄλλα
2377 3657 2626 3706 ποιοῦντα
2658 3651 2694 3718 ἢ
2727 3652 3037 3730 πάσχοντα,
3072 3651 3169 3706 ὅσα
3210 3653 3297 3707 καὶ
3333 3652 3484 3712 αὐτὸς
3525 3652 3655 3727 ὑπὲρ
3700 3653 3856 3727 ἡμῶν

2193 3742 2446 3806 εποίησεν
2481 3741 2515 3808 ἢ
2549 3740 2763 3814 ἔπαθεν,
2789 3743 2927 3814 ἡμῖν
2952 3740 3336 3816 ὑπολιμπάνων
3367 3743 3746 3818 ὑπογραμμόν,

454 3834 768 3913 potentias,
801 3833 1191 3915 spiritualiter
1223 3835 1592 3912 puriﬁcatus,
1629 3830 1806 3892 corde
1839 3830 2224 3902 cicumcisus,
2259 3829 2313 3890 iu
2367 3829 2588 3910 templo
2623 3829 2869 3903 docens,
2907 3828 3334 3892 nundinatores
3365 3830 3640 3910 ejicieus,
3675 3829 3837 3910 lapi-

453 3922 651 4002 datus,
687 3923 918 4004 aliaque
947 3925 1171 3996 omnia,
1207 3923 1420 4002 partim
1457 3922 1704 4000 faciens,
1734 3920 1942 4001 partim
1970 3919 2224 3999 patieus,
2261 3939 2392 4000 qua:
2415 3920 2545 3994 ipse
2599 3927 2797 3980 nostra
2827 3937 3026 3994 causa,
3053 3921 3139 3982 vel
3174 3919 3333 3994 fecit,
3365 3920 3453 3980 vel
3485 3938 3694 4000 passus
3735 3931 3852 3994 est,

455 4009 628 4071 nobis
655 4013 992 4092 exemplum
1027 4014 1399 4092 relinquens.

534 4101 797 4162 Acvobis
814 4099 2034 4180 quidem.utoernilis,pastorhicbonus,et
2050 4119 2101 4159 c.

457 4187 772 4250 Auditores
791 4190 865 4250 ad
885 4192 920 4250 fu
943 4199 1110 4250 uetus
1128 4190 1250 4252 Deo
1273 4189 1611 4249 offerendos
1635 4188 1895 4249 excitans
1919 4186 2109 4247 Theo-

2277 4097 2431 4162 Ibid.
2480 4099 2526 4161 Β
2579 4101 2634 4160 1.
2680 4111 3021 4181 Καρποφορεῖ
3058 4149 3071 4162 .
3111 4147 3121 4158 .
3160 4144 3172 4157 .
3239 4096 3566 4174 πνεύματος,
3641 4101 3856 4176 Διεγεί-

2194 4213 2299 4269 ρων
2333 4190 2455 4252 τοὺς
2515 4191 2803 4256 ἀκούοντας
2849 4193 2922 4256 εἷς
2954 4192 3016 4247 τὸ
3059 4202 3422 4269 καρποφορεῖν
3479 4192 3505 4246 ὁ
3560 4189 3855 4270 Θεολόγος,

459 4277 649 4355 lngus,
685 4280 796 4340 hoc
832 4280 1164 4341 faciendum
1197 4299 1334 4342 es~e
1368 4279 1602 4359 probat,
1641 4287 1760 4338 lum
1791 4297 1822 4337 a
1856 4297 2108 4358 persona

2201 4281 2579 4352 (ατασκευάζει
2647 4304 2707 4336 τ’)
2772 4279 2886 4336 δεῖν
2946 4288 3102 4337 τοῦτο
3155 4281 3396 4358 γενέσθαι
3455 4281 3543 4336 καὶ
3601 4280 3705 4334 ἀπὸ
3762 4287 3860 4336 τοῦ

457 4350 696 4444 Christi,
733 4388 866 4430 cum
911 4371 1053 4432 dixit
1105 4389 1239 4430 eum
1278 4350 1382 4450 pro
1431 4350 1869 4446 redemptionis
1920 4368 2106 4447 pretio

2196 4376 2444 4445 Χριστοῦ,
2493 4371 2678 4444 εἰπὼν,
2726 4369 2808 4425 ὅτι
2871 4371 3122 4432 κακεῖνος
3181 4369 3369 4448 λύτρον
3424 4369 3617 4424 ἔδωκεν
3667 4369 3856 4424 ἑαυτὸν

457 4459 714 4538 seipsum
749 4460 922 4519 nobis
953 4460 1215 4540 dedisse,
1243 4469 1362 4519 tum
1391 4477 1546 4518 nunc
1581 4458 1755 4518 etiam
1790 4476 1822 4517 a
1853 4476 2108 4536 persona

2196 4459 2320 4537 ὑπὲρ
2369 4459 2540 4533 ἡμῶν.
2602 4467 2995 4530 Κατασκευαζει
3056 4457 3108 4514 δὲ
3149 4457 3236 4514 νῦν
3282 4460 3369 4514 καὶ
3413 4458 3516 4514 ἀπὸ
3573 4464 3667 4514 τοῦ
3726 4455 3858 4514 ἰδίου

460 4549 1229 4624 Patris,addens,Quoniam
1264 4548 1359 4608 hic
1391 4567 1626 4628 quoque
1653 4555 1946 4626 pastorem
1974 4547 2108 4608 sive

456 4635 804 4716 episcopum
826 4657 919 4698 me
939 4635 1594 4716 dispensatPreshyter
1609 4635 1959 4714 etenimjam
1977 4654 2106 4695 sum

456 4733 634 4804 atque
664 4727 776 4788 hoc
814 4736 1000 4808 pater,
1037 4747 1152 4787 non
1196 4735 1418 4806 sperat,
1452 4725 1554 4786 sed
1614 4725 1806 4787 videt:
1843 4726 2107 4786 nondum

457 4825 652 4876 autem
688 4837 817 4877 sum
853 4817 1193 4897 episcopus,
1222 4817 1324 4876 sed
1365 4834 1459 4875 me
1491 4823 1622 4896 post
1656 4823 1906 4876 mortem
1941 4833 2108 4875 suam

457 4904 713 4966 futurum
748 4915 945 4986 sperat
980 4917 1166 4986 pater,
1199 4914 1501 4986 optatque,
1528 4915 1589 4965 ut
1611 4904 1951 4984 ltujusmodi
1975 4923 2107 4964 mu-

456 5011 600 5055 nere
632 4995 843 5074 dignus
875 4997 1008 5066 sim,
1049 5005 1112 5057 ut
1146 5015 1258 5056 non
1294 4996 1703 5057 mercenarius
1736 4996 1874 5074 sim,
1911 5012 2108 5071 neque

452 5083 570 5159 fur,
607 5088 710 5145 sed
748 5096 988 5166 pastor:
1026 5095 1202 5166 atque
1235 5103 1266 5148 a
1299 5086 1484 5166 vobis,
1525 5086 1622 5165 qui
1669 5084 1742 5146 ab
1792 5103 1862 5144 eo
1910 5083 2109 5164 pasci-

455 5173 626 5248 mini,
665 5177 833 5254 petit,
867 5185 932 5237 ut
965 5194 1058 5237 me
1089 5195 1222 5237 cum
1256 5195 1288 5236 a
1317 5175 1434 5237 vita
1480 5175 1772 5255 migrarit,
1809 5183 2108 5255 pastorem

452 5265 1192 5347 accipiatis,morigerique
1220 5266 1400 5327 animi
1429 5267 1738 5346 specimen
1764 5263 2098 5344 praebeatis.

450 5353 718 5432 [Equum
753 5365 841 5414 est
870 5363 1089 5430 autem,
1123 5363 1190 5415 ut
1224 5363 1483 5434 paternae
1529 5354 1796 5435 petitioni
1848 5351 2098 5413 cedatis.

452 5438 660 5502 Pastor
690 5445 913 5506 etenim
949 5445 1140 5506 bonus
1172 5451 1260 5504 est
1291 5443 1481 5522 (quod
1503 5445 1577 5506 de
1602 5443 1800 5524 seipso
1832 5441 2106 5502 Christus

454 5531 818 5611 praedicavit.)
843 5535 1225 5615 animamque
1248 5551 1416 5594 snam
1443 5553 1546 5616 pro
1571 5533 1746 5595 nobis
1772 5531 1982 5592 ovibus
2004 5549 2104 5613 po-

537 5711 589 5757 η
613 5713 786 5777 Joan.
816 5720 1044 5797 1111,32.

2198 4549 2426 4626 Πατρὸς,
2475 4551 2740 4624 προσθεὶς,
2799 4552 2878 4605 ὃτι
2931 4551 3020 4605 καὶ
3074 4549 3224 4611 οὗτος
3289 4548 3383 4624 ἐμὲ
3413 4549 3542 4623 ὑμῖν
3597 4547 3852 4628 ποιμένα,

2196 4637 2377 4695 εἷ’τουν
2422 4639 2733 4710 ἐπίσκοπον,
2801 4639 3284 4716 προμνηστεύεται,
3354 4635 3711 4716 Πρεσὸύτερος
3756 4638 3858 4716 γὰρ

2195 4726 2298 4794 ἤδη
2345 4729 2454 4802 εἶμί
2489 4748 2501 4762 ’
2535 4731 2625 4785 καὶ
2657 4735 2814 4785 τοῦτο
2851 4731 2877 4784 δ
2928 4730 3108 4807 Πατὴρ
3140 4732 3235 4786 οὐκ
3265 4726 3493 4806 ἐλπίζει,
3543 4725 3678 4783 ἀλλὰ
3722 4725 3859 4802 βλέ-

2194 4836 2332 4873 πει·
2381 4817 2530 4873 οῧπω
2560 4817 2614 4873 δέ
2663 4820 2773 4894 εἰμι
2835 4818 3147 4891 ἐπίσκοπος,
3201 4816 3338 4872 ἀλλὰ
3387 4827 3544 4874 τοῦτο
3587 4819 3615 4871 ὁ
3673 4817 3858 4884 Πατὴο

2196 4905 2394 4977 ἐλπίζει
2435 4899 2691 4986 ¹γενέσθαι
2768 4929 2834 4983 με
2897 4909 3032 4982 μετὰ
3087 4909 3177 4963 τὸν
3244 4911 3402 4966 αὐτοῦ
3461 4907 3704 4979 θάνατον,
3769 4908 3859 4962 καὶ

2196 4995 2436 5076 εὔχεται,
2494 4997 2645 5062 ἄξιόν
2689 5019 2756 5074 με
2801 4998 3043 5075 γενέσθαι
3087 5004 3181 5053 τοῦ
3239 4997 3578 5074 πράγματος,
3645 4998 3718 5060 ὼς
3779 4997 3859 5071 μὴ

2195 5089 2460 5162 μισθωτὸν
2516 5088 2686 5160 εἶναι,
2752 5086 2892 5164 μηδὲ
2949 5087 3188 5154 κλέπτην
3231 5086 3371 5142 ἀλλὰ
3427 5085 3680 5162 ποιμένα.
3762 5087 3863 5142 Καὶ

2195 5172 2320 5251 παρ’
2376 5177 2523 5250 ὑμῶν
2569 5179 2712 5235 αἰτεῖ
2754 5184 2863 5235 τῶν
2911 5177 3001 5235 ὕπ’
3049 5177 3208 5234 αὑτοῦ
3258 5175 3718 5252 ποιμαινομένων,
3769 5174 3866 5231 ἳνα

2197 5287 2264 5339 με
2313 5265 2431 5340 μετ’
2488 5270 2646 5326 αὐτὸν
2693 5270 2786 5324 τὸν
2818 5269 3168 5343 ποιμαίνοντα
3208 5264 3426 5333 δέξησθε
3476 5267 3563 5320 καὶ
3615 5265 3713 5332 τὴν
3766 5265 3866 5320 εὖ-

2186 5354 2422 5410 πείθειαν
2455 5355 2806 5426 ἐπιδείξησθε.
2848 5357 3058 5413 Δίκαιοι
3091 5355 3136 5412 δ’
3183 5355 3246 5412 ἂν
3302 5355 3486 5434 εἴητε,
3518 5357 3754 5412 αἰτοῦντι
3784 5363 3866 5431 τῷ

2186 5445 2343 5521 πατρὶ
2370 5445 2659 5511 πείθεσθαι,
2727 5447 2937 5521 Ποιμὴν
2990 5448 3091 5525 γάρ
3152 5446 3268 5502 ἐστι
3301 5445 3474 5511 καλὸς
3510 5445 3562 5526 (ὃ
3607 5447 3730 5524 περὶ
3760 5445 3864 5501 αὗ-

2187 5543 2280 5591 τοῦ
2312 5535 2338 5588 'o
2372 5538 2564 5614 Σωτὴρ
2597 5539 2776 5620 εἷπε),
2821 5539 2910 5594 καὶ
2964 5538 3063 5604 τὴν
3125 5537 3309 5620 ψυχὴν
3359 5537 3519 5594 αὒτού
3547 5536 3678 5616 ὑπὲρ
3705 5537 3862 5614 ὑμῶν
