4102 6390
213 290 320 363 961
1410 295 1510 370 AD
1554 309 1613 370 s.
1661 289 2028 372 GREGORIi
2071 302 2292 372 ORAT.
2344 307 2385 370 1.
3485 305 3604 375 962

210 446 316 497 τῶν
346 437 628 518 προϐάτων
683 441 884 507 τίθησι,
948 438 1137 497 Δίδωσι
1196 439 1250 496 δὲ
1308 442 1396 497 καὶ
1425 441 1609 498 ἐαυτὸν
1641 440 1858 499 διπλοῦν

1959 439 2048 500 ait.
2079 439 2226 510 Quin
2263 453 2320 501 et
2356 459 2459 519 pro
2494 440 2747 520 simplici
2807 442 3106 520 duplicem
3143 441 3308 502 vobis
3339 444 3604 522 seipsum

210 530 336 604 ὑμῖν
367 527 478 584 ἀνθ’
513 529 706 589 ἁπλοῦ.
744 529 896 604 Κάμὲ
945 531 1045 606 γὰρ
1105 532 1178 594 εἰς
1223 531 1322 598 τὴν
1375 533 1699 609 προστασίαν
1745 532 1859 608 μεθ’

1959 528 2120 588 stiert
2151 551 2162 586 :
2194 547 2322 588 nam
2350 549 2442 589 me
2462 550 2701 609 quoque
2726 531 2796 591 ad
2824 549 2923 590 vos
2947 531 3240 610 regendos
3265 531 3490 590 socium
3520 551 3607 592 as-

213 619 304 674 ἑαυ
318 626 399 675 :06
429 618 576 683 ἔταξε
609 641 622 655 ·
656 619 810 695 κάγὼ
841 617 1031 686 διπλῆν
1065 623 1207 692 αὒτῷ
1259 620 1440 697 μέλλω
1494 624 1679 701 χρείαν
1715 621 1861 688 πλη-

1959 618 2118 678 εἰεεὶι
2150 637 2162 679 :
2196 627 2370 696 atque
2405 619 2529 697 ipse
2563 641 2667 697 ego
2717 621 3014 700 duplicem
3052 639 3219 680 usum
3253 634 3429 699 atque
3461 641 3607 698 ope-

213 715 356 786 ροῦν,
403 709 490 763 καὶ
553 715 645 763 τοῦ
703 707 879 787 γῆρως
936 709 1199 787 βακτηρία
1269 711 1553 788 γενόμενος
1627 713 1715 766 καὶ
1773 717 1866 767 τοῦ

1959 726 2075 767 ram
2104 709 2185 767 illi
2211 709 2816 787 prmstabo,nitnirum
2845 723 2901 770 et
2923 710 3248 770 senectutis
3273 709 3604 777 subsidium

209 797 536 872 πνεύματος,
577 791 944 877 Ὑποστηρίζω
1004 820 1060 854 τε
1121 801 1221 879 γὰρ
1271 807 1359 856 τον
1390 800 1593 879 πατέρα
1647 822 1864 876 κεκμη-

1959 796 2158 866 l'actus,
2197 807 2260 859 et
2290 799 2555 876 spiritus.
2622 801 2762 858 i‘tam
2799 808 2853 859 et
2890 810 3115 878 patrem
3146 808 3456 859 senectute
3490 800 3611 860 t'ra-

210 889 343 944 κότα
398 892 477 960 τῷ
505 886 712 968 χρόνῳ,
745 888 833 944 καὶ
876 889 973 952 τὰς
1017 891 1378 966 πνευματικὰς
1427 893 1571 962 αὒτῷ
1628 891 1715 946 καὶ
1769 889 1865 946 ἐκι-

1959 894 2107 947 ctum
2143 896 2199 946 et
2231 889 2562 948 conlectum
2599 889 2865 964 fult-iam,
2929 899 2984 949 et
3042 888 3380 969 Spirittmles
3431 898 3610 968 atque

212 975 600 1042 κλησιαστικὰς
646 977 1032 1056 συνεισενέγκω
1073 977 1370 1059 φροντίδας,

296 1065 450 1128 COL.
509 1065 627 1127 400
684 1066 731 1128 Β
780 1066 841 1130 6.
881 1068 978 1124 Καὶ
1021 1069 1334 1146 προστίθησι
1374 1115 1385 1126 .
1429 1119 1442 1132 .
1482 1117 1495 1132 ,
1544 1069 1710 1134 ἄξιον,
1773 1074 1871 1128 Καὶ

213 1155 324 1229 δύο,
371 1157 523 1236 φησὶ,
555 1157 710 1221 ναοὺς
742 1157 872 1232 ὑμῖν
906 1159 932 1211 ὁ
958 1158 1136 1236 πατὴρ
1181 1160 1494 1238 ἐχαρίσατο.
1561 1150 1713 1215 ’Ἕνα
1773 1159 1869 1232 μὲν

215 1244 448 1326 ἄψυχον,
483 1245 543 1301 ὃν
588 1246 642 1302 ἐν
700 1251 976 1320 Ναζιανζῷ
1030 1247 1324 1329 φιλοτίμως
1369 1249 1648 1326 ἀνήγειρε,
1714 1271 1870 1327 περι-

214 1334 386 1402 καλλῆ
431 1359 547 1392 τινα
592 1339 680 1392 καὶ
710 1337 976 1416 οὐράνιον.
1039 1339 1290 1410 Οὐράνιον
1354 1337 1408 1394 δὲ
1470 1339 1628 1394 εἶπεν
1689 1341 1869 1412 αὑτὸν,

213 1425 361 1504 τάχα
393 1425 491 1501 μὲν
520 1423 604 1482 διὰ
632 1428 695 1482 τὸ
725 1425 886 1506 ὕψος,
931 1428 1079 1507 τάχα
1127 1426 1181 1482 δὲ
1239 1426 1330 1484 διὰ
1376 1430 1436 1484 τὸ
1491 1429 1872 1508 ἡμισφαιρικὸν

219 1515 409 1594 σχῆμα
464 1521 564 1582 τῆς
619 1517 840 1596 ὀροφῆς,
902 1517 1036 1582 ἴσως
1087 1516 1142 1573 δὲ
1194 1519 1283 1574 καὶ
1316 1517 1400 1575 διὰ
1447 1521 1508 1574 τὸ
1551 1520 1642 1574 τὸν
1701 1519 1873 1574 πάντα

217 1607 342 1662 ναὸν
377 1606 539 1661 τύπον
595 1606 897 1676 ἀποσώζειν
941 1617 1036 1666 τοῦ
1066 1609 1286 1686 οὐρανοῦ
1317 1625 1330 1638 ·
1386 1606 1564 1687 ἕτερον
1608 1606 1663 1663 δὲ
1692 1607 1870 1683 ἔμψυο

1953 976 2388 1037 ecclesiasticas
2414 997 2588 1039 curas
2620 998 2752 1038 cum
2790 979 2916 1058 ipso
2951 978 3282 1040 sustinebo.

2019 1068 2206 1144 Atque
2220 1069 2282 1127 in
2297 1069 2564 1129 animato
2586 1068 2804 1147 tempto
2823 1075 3162 1129 um’matmn
3176 1078 3311 1147 ,etc.
3327 1072 3448 1128 Duo
3467 1077 3610 1128 tem-

1959 1155 2656 1237 pla,inquit,patervobis
2682 1161 2838 1219 dono
2863 1159 3048 1239 dedit,
3083 1159 3331 1218 alterum
3367 1159 3607 1238 quidem

1956 1245 2221 1306 inanime
2247 1247 2401 1326 quod
2434 1247 2699 1308 Nazianzi
2728 1249 3036 1325 inagniﬁce
3061 1248 3610 1327 exstruxit.pcrele-

1957 1354 2097 1412 gans
2123 1338 2417 1414 quoddam
2446 1346 2501 1397 et
2523 1337 3048 1399 cmlesteﬂceleste
3073 1345 3266 1397 autem
3293 1337 3486 1416 ipsum
3510 1339 3604 1397 di—

1956 1423 2156 1503 xit,vel
2185 1437 2424 1506 propter
2445 1427 2946 1506 altitudinem,vel
2971 1436 3212 1506 propter
3233 1426 3382 1486 semi
3406 1426 3605 1487 circu—

1958 1514 2142 1574 lurem
2168 1517 2300 1574 terti
2320 1518 2688 1594 ﬁguraturvel
2715 1521 2887 1576 etiam
2910 1515 3604 1595 fortassequiatemplum

1957 1623 2133 1663 onme
2150 1605 2279 1665 ειυιὶ
2302 1606 2547 1683 ﬁguram
2566 1606 3029 1670 servat,alterum
3047 1615 3238 1665 autem
3258 1605 3605 1678 animatum,

218 1717 340 1774 χον,
392 1685 611 1753 Ἐαυτὸν
647 1693 701 1751 δὲ
732 1696 870 1752 οὕτω
897 1696 1043 1775 λέγει
1094 1685 1416 1774 ὁγθεολόγος
1448 1700 1584 1756 κατὰ
1627 1699 1688 1753 τὸ
1732 1698 1870 1753 ἀπο-

1959 1694 2041 1753 sic
2065 1704 2260 1754 autem
2288 1695 2547 1774 seipsum
2575 1695 3193 1776 appellat,secundum
3215 1695 3611 1772 illudAposto-

219 1783 515 1840 στολικόν·
576 1789 683 1842 Οὐκ
759 1783 965 1860 οἴδατε,
1035 1786 1114 1842 ὅτι
1174 1790 1296 1850 ναὸς
1357 1796 1488 1845 Θεοῦ
1558 1787 1710 1863 ἐστε;
1777 1797 1870 1849 Καὶ

221 1873 571 1950 ἀναγκάζεται
639 1875 759 1950 μὲν,
825 1877 898 1940 ὡς
977 1875 1031 1931 ἐν
1099 1877 1388 1955 συγκρίσει,
1452 1879 1624 1932 εἰπεῖν
1687 1879 1870 1933 ἑαυτὸν

220 1962 403 2034 πολλῷ
453 1965 667 2038 μείζονα
727 1967 816 2020 καὶ
872 1964 1203 2044 ὑψηλότερον
1263 1973 1354 2022 τοῦ
1420 1968 1633 2046 ἀψύχου
1691 1975 1816 2024 ναοῦ
1851 1984 1864 1997 ⁶

224 2052 248 2108 ἒ
317 2054 331 2074 ‘
389 2051 436 2086 M'
1015 2057 1028 2074 “
1094 2058 1106 2078 (
1523 2071 1545 2082 “’
1708 2080 1718 2090 “

253 2074 334 2109 πει
384 2069 438 2108 οε.
498 2055 748 2134 φορτικόν
809 2054 919 2110 ἐστι
981 2078 1042 2111 το
1089 2060 1278 2112 εαυτὸν
1335 2056 1597 2126 ἐπαινειν,
1647 2055 1873 2113 ἐκκλίνει

222 2144 315 2209 τὴν
346 2143 811 2222 περιαυτολογίαν,
870 2147 956 2201 καὶ
1007 2145 1186 2222 μέσως
1219 2170 1332 2211 πως
1384 2145 1555 2226 λέγει,
1589 2146 1667 2201 ὅτι
1701 2169 1873 2221 προσ-

220 2234 390 2298 τίθησι
435 2238 511 2305 τῷ
572 2233 772 2314 ἀψύχῳ
825 2235 946 2310 μὲν,
1003 2236 1322 2308 περικαλλεῖ
1371 2234 1425 2292 δὲ
1477 2244 1609 2311 ναῷ,
1657 2235 1752 2312 ἐμὲ
1783 2238 1873 2293 τὸν

223 2323 495 2379 ὁποιονοῦν
551 2325 638 2379 καὶ
698 2325 908 2404 ἡλίκον,
970 2327 1241 2382 τουτέστιν
1294 2330 1411 2383 οἷον
1478 2326 1541 2382 ἂν
1597 2329 1686 2383 καὶ
1747 2326 1874 2382 ὅσον

1958 1782 2018 1843 li:
2048 1784 2328 1856 Nescitis,
2364 1787 2521 1864 quod
2543 1787 2827 1865 templum
2853 1785 2964 1846 Dei
2988 1787 3129 1845 estis
3162 1783 3246 1843 ‘5?
3281 1790 3360 1844 Ac
3384 1786 3612 1863 cogitur

1957 1875 2290 1954 quidem,ut
2310 1876 2369 1935 in
2393 1876 2864 1954 comparatione,
2904 1875 3086 1934 multo
3110 1875 3396 1954 majorem
3425 1884 3481 1935 et
3502 1893 3571 1936 su
3593 1911 3608 1920 -

1957 1963 2294 2024 bliiuiorem
2309 1966 2568 2044 seipsum
2585 1965 2907 2027 inanimato
2926 1966 3143 2044 templo
3160 1965 3613 2025 dicere.Verum

1958 2054 2237 2129 quoniam
2263 2075 2439 2134 grave
2461 2065 2547 2116 est
2573 2056 2924 2136 invidiaeque
2947 2054 3186 2134 plenum
3216 2055 3618 2134 propriaslau-

1959 2144 2064 2202 des
2093 2151 2440 2224 praedicare,
2472 2146 2543 2205 ad
2566 2146 2860 2206 vitandam
2887 2144 3301 2204 ostentationis
3342 2144 3602 2223 speciem

1961 2234 2156 2293 medio
2177 2235 2432 2313 quodam
2460 2236 2636 2295 modo
2661 2235 3029 2297 ait.lnanimi
3052 2234 3288 2313 quidem
3315 2233 3604 2314 huic,cae‘

1960 2331 2150 2382 termn
2179 2326 2526 2402 peregregio
2550 2327 2768 2404 templo
2795 2324 3066 2403 adjungit
3095 2328 3608 2400 me,qualemcun-

222 2413 379 2490 κρίνοι
412 2435 512 2476 τις,
551 2413 697 2480 Πλὴν
727 2416 918 2479 ὁποῖος
971 2414 1031 2470 ἂν
1064 2418 1151 2472 καὶ
1183 2416 1326 2483 εἴην,
1379 2423 1454 2490 τῷ
1488 2418 1641 2494 πατρὶ
1671 2417 1868 2491 τιμιώ-

1959 2431 2071 2492 que
2096 2414 2331 2474 tandem
2359 2424 2412 2474 et
2433 2415 3046 2494 quantulumcunque,
3086 2412 3143 2474 id
3168 2413 3527 2488 est,qualem
3555 2424 3612 2475 et

221 2525 374 2568 τατος
418 2502 616 2582 σφόδρα
668 2505 795 2579 εἶμί.
847 2506 1095 2561 Τοιοῦτον
1141 2513 1224 2562 οὖν
1289 2527 1354 2579 με
1384 2505 1509 2584 παρ’
1544 2506 1688 2579 αὒτῷ
1717 2505 1864 2579 ὄντα,

1959 2501 2904 2582 quantumjudicaveritis.Verum
2921 2504 3347 2582 qualiscunque
3365 2504 3606 2584 sim,pa-

220 2593 346 2665 ὑμῖν
377 2590 689 2653 ἐπιδέδωκε.
744 2595 840 2651 Καὶ
886 2597 981 2652 οὐκ
1040 2594 1178 2650 ἔστιν
1230 2596 1424 2674 εἰπεῖν,
1460 2596 1540 2651 ὃτι
1573 2597 1646 2659 εἰς
1681 2597 1780 2670 μὲν
1807 2597 1869 2650 τὸ

1959 2591 2028 2652 tri
2055 2603 2247 2653 tamen
2274 2612 2404 2654 sum
2434 2593 2848 2665 charissimus,
2874 2603 2931 2653 et
2955 2593 3604 2654 commendatissimus.

219 2681 486 2760 ἀνεγεῖραι
517 2684 606 2738 τὸν
659 2682 872 2762 ἄψυχον
915 2685 1039 2740 ναὸν
1100 2683 1306 2740 πολλοῦ
1333 2683 1499 2743 πόνου
1535 2686 1623 2740 καὶ
1654 2684 1866 2740 ἀναλω-

1959 2681 2156 2743 Talem
2186 2703 2277 2743 me
2300 2683 2483 2762 igitur
2501 2693 2666 2764 pater
2684 2683 2944 2762 tantique
2970 2683 3126 2762 apud
3148 2699 3212 2742 se
3237 2681 3608 2761 pretii,v0bis

221 2771 403 2847 μάτων
436 2770 622 2838 ἐδέησε
655 2778 732 2847 τῷ
773 2774 954 2851 πατρὶ,
990 2774 1063 2836 εὶς
1093 2773 1190 2848 ἒμὲ
1215 2772 1268 2828 δὶ
1300 2776 1417 2854 υῦχὶ
1449 2791 1462 2803 ⁸
1512 2773 1738 2837 πολλοῖς
1769 2777 1869 2853 γὰρ

1959 2772 2238 2852 porrexit.
2275 2775 2399 2834 Nec
2446 2792 2583 2833 vero
2627 2774 2737 2834 hoc
2775 2772 2892 2832 dici
2923 2772 3128 2852 possit,
3163 2773 3233 2831 ad
3257 2771 3604 2849 erigendum

221 2859 372 2937 κάγὼ
433 2859 613 2938 ἱδρῶσι
672 2862 757 2916 καὶ
818 2869 1018 2937 πόνοις,
1070 2875 1188 2926 τοῖς
1247 2869 1354 2918 τῶν
1408 2864 1765 2942 μαθημάτων,
1806 2862 1870 2920 δι’

1959 2862 2200 2939 quidem
2224 2864 2614 2923 inanimatum
2640 2862 2926 2941 templum
2950 2862 3131 2922 multo
3160 2864 3363 2922 labore
3385 2861 3608 2922 multis-

220 2947 501 3020 ἀσκήσεως
553 2957 791 3015 τοιοῦτος
853 2950 1257 3020 συνετελέσθην,
1321 2953 1471 3010 Ἐπεὶ
1526 2951 1580 3008 δὲ
1611 2951 1870 3017 πολλάκις

1959 2972 2075 3031 que
2099 2953 2434 3030 sumptibus
2457 2974 2606 3031 opus
2639 2953 2819 3013 fuisse
2849 2952 3020 3029 patri,
3052 2952 3121 3011 ad
3150 2969 3242 3011 me
3266 2959 3460 3012 autem
3489 2970 3606 3012 non

218 3039 333 3094 τινὰ
389 3044 496 3096 τῶν
551 3042 882 3120 πραγμάτων
941 3043 1037 3097 οὐκ
1095 3039 1212 3107 ἄξια
1264 3049 1370 3098 τῶν
1431 3044 1606 3099 πόνων
1639 3041 1870 3099 ἀποϐαί-

1959 3043 2337 3104 ίὶΟῐΠ.ΜυΙῐὶε
2361 3046 2520 3102 enim
2547 3045 2672 3122 ipse
2695 3061 2933 3121 quoque
2958 3042 3298 3117 sudoribus,
3331 3055 3451 3101 tum
3478 3042 3604 3100 dis-

220 3149 418 3206 vouaw,
453 3131 482 3184 ὁ
515 3130 778 3208 Θεολόγος
838 3131 998 3207 μέσος
1047 3135 1269 3211 χωρῶν,
1300 3132 1418 3189 οὔτε
1449 3133 1666 3212 κρύπτει
1693 3143 1870 3207 τοῦτο,

1959 3131 2337 3210 ciplinarum,
2379 3142 2498 3194 tum
2553 3134 2662 3212 piae
2708 3132 3174 3202 exercitationis,
3212 3134 3341 3192 talis
3363 3133 3608 3191 ctl'ectus

221 3216 302 3271 ὅτι
347 3216 486 3284 ἄξιος
536 3217 713 3288 ἀπέϐη
775 3227 881 3277 τῶν
935 3221 1136 3298 πόνων,
1170 3221 1287 3279 οὕτε
1319 3221 1480 3279 ποίλιν
1513 3221 1870 3278 ἀπαυθαδειά-

1960 3239 2088 3280 sum
2104 3220 2411 3292 .Quoniam
2433 3233 2630 3282 autem
2652 3223 3003 3301 plerumque
3021 3222 3606 3300 accidit,utquaadam

219 3313 389 3386 ζεται,
456 3307 571 3365 ἀλλ’
602 3309 891 3391 ὶπεύχεται
926 3312 1134 3387 μόνον’
1185 3312 1276 3379 εἴη
1328 3309 1380 3367 δὲ
1431 3314 1626 3386 εἰπεῖν,
1664 3311 1744 3367 ὅτι
1787 3313 1870 3368 καὶ

1962 3330 2339 3392 nequaquam
2369 3332 2474 3390 pro
2503 3312 2771 3373 laborum
2797 3313 3025 3372 ratione
3048 3314 3391 3386 succedant,
3418 3311 3611 3372 Tbeo-

223 3402 329 3452 τῶν
357 3398 530 3454 πόνων
563 3397 726 3463 ἀξιον.

1965 3401 2132 3476 logus
2157 3403 2420 3463 medium
2451 3403 2562 3462 iter
2585 3411 2937 3482 tenens,nec
2961 3403 3072 3464 hoc
3094 3401 3492 3483 reticet,quod
3519 3401 3609 3460 la-

226 3483 473 3548 boribus
501 3507 533 3547 a
566 3495 735 3568 patre
767 3490 1060 3570 susceptis
1096 3489 1494 3570 responderit.
1534 3509 1644 3553 nec
1670 3509 1878 3553 rursus
1909 3491 2020 3552 hoc
2051 3502 2409 3570 arroganter
2450 3493 2726 3573 afﬁrmat,
2753 3512 2953 3553 verum
2986 3511 3111 3552 rem
3143 3493 3337 3572 potius
3369 3491 3619 3573 optandi

227 3573 417 3636 forma
443 3577 741 3661 exprimit.
775 3577 966 3660 Atque
997 3579 1222 3642 utinam
1248 3579 1556 3642 laboribus
1579 3599 1816 3661 quoque
1841 3579 2084 3660 dignum
2119 3581 2338 3643 addere
2370 3582 2565 3644 liceat.

291 3663 441 3727 Ibid.
681 3651 887 3732 Καὶ..-
949 3670 1386 3750 μεγαλοψυχίας.
1459 3651 1614 3728 ’Έτι⁸
1656 3651 1877 3751 ὲμῖριλο-

214 3759 393 3836 χωρεῖ
436 3758 464 3812 ὁ
499 3756 763 3838 Θεολόγος
821 3765 898 3834 τῷ
951 3759 1099 3839 λόγῳ
1139 3767 1216 3835 τῷ
1263 3766 1510 3840 περὶτῆς
1540 3768 1629 3816 1:03
1675 3764 1873 3836 πατρὸς

211 3844 505 3910 ἔπιδόσεως
542 3864 556 3878 ⁸
605 3849 694 3904 καὶ
749 3851 936 3925 εἰπὼν,
1000 3849 1079 3906 ὅτι
1141 3849 1323 3906 Πάντα
1352 3851 1695 3930 προστίθησιν
1745 3852 1875 3926 ὑμῖν

211 3936 279 3992 τὰ
364 3936 578 4017 ἑαυτοῦ,
661 3939 780 4015 πρὶν
866 3946 1031 3996 ταῦτα
1113 3939 1603 4019 ᾂπαριθμήσασθαι,
1681 3939 1874 4014 μεταξὺ

211 4023 479 4098 ἐθαύμασε
531 4011 618 4088 καὶ
662 4011 1037 4110 ἀνεφθέγξατο,
1095 4011 1176 4083 "se
1227 4011 1351 4096 ’τῆς
1425 4011 1870 4109 μεγαλοψυχίαςῐ

209 4116 311 4181 τῆς
365 4118 498 4193 πρὸς
545 4117 646 4184 τὴν
676 4119 1040 4198 καρποφορίαν
1090 4116 1296 4186 δηλαδὴ
1325 4118 1654 4185 ἁπλότητος.
1688 4120 1747 4175 Οἰ
1776 4118 1874 4194 μὲν

209 4206 310 4284 γὰρ
339 4203 441 4271 ἔξω
489 4209 641 4287 σοφοὶ
697 4207 1108 4288 μεγαλοψυχίαν
1177 4208 1458 4288 ὁρίζονται,
1503 4208 1685 4287 ψυχῆς
1743 4208 1874 4286 ἀρε-

209 4294 334 4368 τὴν,
381 4295 498 4352 καθ’
545 4297 607 4365 ἦν
661 4319 800 4362 τινες
862 4299 919 4354 εὖ
991 4299 1234 4356 δύνανται
1289 4299 1464 4378 φέρειν
1522 4302 1589 4353 τα
1643 4295 1872 4374 συμϐαί-

212 4404 369 4441 νοντα
398 4406 410 4419 ·
459 4388 508 4442 οἱ
564 4386 619 4443 δὲ
675 4387 932 4467 ἡμέτεροι
983 4385 1318 4469 διδάσκαλοι,
1352 4389 1426 4453 ὡς
1459 4385 1750 4444 ἐπιτοπολὺ
1774 4387 1870 4456 τὴν

207 4471 616 4558 ελευθεριότητα
661 4479 749 4534 καὶ
796 4475 1220 4558 μεγαλοδωρίαν,
1277 4476 1687 4557 μεγαλοψυχίαν
1735 4478 1864 4534 ὀνο-

1998 3669 2245 3752 Suaque
2266 3675 2474 3734 omnia
2491 3674 3306 3754 vobisproponit,etc.Adhuc
3321 3674 3378 3733 in
3397 3673 3610 3735 eodem

1957 3779 2236 3822 sermone
2271 3762 2344 3822 de
2376 3763 2558 3843 patris
2591 3765 2896 3825 oblatione
2921 3765 3313 3824 immoratur:
3353 3783 3610 3840 cumque

1960 3849 2451 3928 dixisset,0mui,i
2474 3872 2583 3912 sua
2604 3852 2769 3913 Vobis
2795 3853 3452 3933 proponit,priusquam
3485 3853 3611 3914 haec

1959 3951 2292 4014 recenseat,
2329 3942 2560 4003 interea
2590 3961 2724 4003 cum
2759 3942 3152 4004 admiratione
3183 3944 3268 4003 sic
3302 3943 3559 4024 loquitur
3593 3966 3604 4002 :

1959 4032 2007 4090 Ο
2043 4031 2254 4091 miram
2290 4031 2472 4091 animi
2509 4032 3005 4110 magnitudinem,
3041 4033 3098 4093 id
3133 4041 3286 4114 est,0
3317 4033 3609 4113 insignem

1957 4117 2018 4179 in
2035 4119 2342 4180 offerendo
2357 4139 2610 4181 munere
2626 4121 2739 4181 sim
2749 4121 3341 4200 plicitatem.Externi
3357 4124 3512 4185 enim
3526 4143 3616 4185 sa-

1960 4209 2190 4288 pientes
2214 4209 2647 4290 μεγαλοψυχίαν,
2681 4210 2739 4270 id
2767 4219 2857 4271 est
2879 4213 3472 4291 magnanimitatem,
3501 4213 3612 4274 de-

1957 4299 2175 4359 ﬁniunt
2197 4303 2413 4359 annuas
2435 4302 2852 4381 virtutem,per
2875 4319 3052 4376 quam
3075 4301 3346 4362 nonnulli
3368 4321 3500 4382 qum
3520 4321 3614 4363 ac-

1955 4388 2190 4464 cidunt,
2226 4396 2391 4450 recte
2423 4391 2581 4450 ferre
2615 4400 2884 4468 possunt.
2919 4391 2996 4451 At
3027 4391 3216 4452 nostri
3246 4391 3521 4453 doctores
3555 4402 3616 4452 ut

1950 4479 2276 4558 plurimum
2294 4479 2707 4542 liberalitatem
2729 4491 2786 4542 et
2805 4481 3300 4560 magniﬁcentiam
3319 4485 3617 4560 magnani-

207 4563 466 4640 μάζοδσιν
543 4557 772 4647 ’Ὥσπερ
802 4557 892 4624 οὖν
937 4569 1025 4624 καὶ
1056 4570 1142 4624 νῦν
1197 4570 1224 4624 ὁ
1279 4566 1539 4646 Θεολόγος
1567 4569 1660 4624 τὸν
1691 4568 1870 4626 ἑαυτου

1959 4557 2223 4631 mitatem
2240 4557 3088 4642 nominant.Quemadmodum
3107 4573 3218 4634 hoc
3236 4557 3470 4655 quoque
3485 4575 3614 4637 loco

207 4652 418 4734 πατέρα
464 4655 878 4738 μεγαλόψυχον,
914 4656 1092 4714 εῗτουν
1125 4654 1526 4737 μεγαλόδωρον,
1575 4655 1831 4720 ἒκάλεσεν
1857 4673 1872 4688 ⁸

207 4744 370 4800 οἱονεὶ
415 4743 470 4800 δὲ
527 4745 1022 4825 επιδιορθούμενος,
1072 4745 1099 4803 ὅ
1131 4747 1313 4822 εἶπεν,
1349 4749 1409 4804 οὐ
1439 4745 1873 4827 μεγαλοψυχίαν,

209 4831 354 4890 ἀλλὰ
399 4834 606 4911 μᾶλλον
648 4837 1008 4918 φιλοτεκνίαν,
1067 4839 1131 4894 τὸ
1185 4843 1406 4917 πρᾶγμα
1464 4838 1874 4916 ωροσαγορεύει,

211 4924 318 4980 Διὰ
376 4926 478 5004 γὰρ
519 4927 620 4994 τὴν
666 4927 914 5009 ἀγάπην,
966 4929 1148 5008 φησὶν,
1192 4929 1362 5004 ὑμῶν,
1428 4933 1533 4984 τῶν
1577 4949 1876 5004 πνευματι-

203 5016 320 5072 κῶν
379 5015 540 5072 αὐτοῦ
582 5017 807 5094 τέκνων,
868 5019 1134 5086 τοσαύτην
1177 5016 1478 5084 ἐπεδείξατο
1533 5018 1632 5086 τὴν
1694 5017 1873 5075 ἁπλο-

203 5124 377 5172 τητα.
424 5104 581 5162 Ἐπεὶ
611 5107 700 5164 οὖν
727 5109 763 5175 ἡ
795 5105 1099 5186 φιλοτεκνία
1129 5107 1268 5163 αἰτία
1311 5107 1494 5186 γέγονε
1543 5110 1642 5175 τῆς
1693 5129 1871 5187 μεγα-

201 5191 483 5274 λοψυχίας
510 5196 600 5252 καὶ
628 5195 727 5264 τῆς
787 5195 1118 5272 ἁπλότητος,
1179 5196 1495 5276 κυριώτερον
1554 5194 1617 5252 ἂν
1656 5196 1771 5277 εἴη,
1808 5199 1870 5254 τὸ

199 5288 317 5340 πᾶν
351 5281 688 5362 φιλοτεκνίαν
737 5283 938 5364 λέγειν,
977 5285 1084 5342 ἀπὸ
1113 5291 1214 5353 τῆς
1243 5287 1411 5350 αἰτίας
1441 5287 1528 5342 καὶ
1568 5287 1632 5341 τὸ
1687 5287 1865 5343 αἰτια-

197 5374 301 5430 τὸν
331 5373 716 5450 ὀνομάζοντας,
763 5376 920 5456 Τάχα
971 5374 1017 5432 δ’
1052 5373 1113 5433 ἅν
1158 5397 1239 5440 τις
1289 5376 1378 5432 καὶ
1424 5375 1563 5432 κατὰ
1587 5375 1709 5440 τοὺς
1766 5374 1865 5442 ἔξω

199 5464 309 5531 τὴν
360 5463 776 5546 μεγαλοψυχίαν
819 5467 1017 5537 νοήσας
1053 5465 1297 5540 ἐνταῦθα,
1329 5462 1438 5524 οὐδ’
1493 5463 1632 5522 οὕτω
1684 5473 1864 5531 κακῶς

198 5550 491 5615 ἕπιϐαλεϊ.
523 5553 750 5624 Ἐπειδὴ
793 5556 895 5636 γὰρ
946 5555 1072 5636 παρ’
1129 5554 1348 5618 ἐκείνοις
1403 5557 1433 5611 ὁ
1478 5553 1866 5637 μεγαλόψυχος

287 5752 344 5796 13
387 5757 412 5818 ι
443 5752 578 5817 Cor.
607 5769 696 5836 tu,
721 5755 823 5820 t6.

1963 4658 2301 4737 Theologus
2327 4671 2554 4741 patrem
2578 4663 3116 4741 magnanimum,id
3145 4665 3613 4735 est,muniﬁcu::t

1961 4751 2208 4812 vocavit.
2246 4751 2540 4813 Cancrum
2561 4755 2730 4832 quasi
2771 4753 3076 4833 corrigens
3096 4755 3253 4833 quod
3278 4755 3448 4831 dixit,
3482 4775 3613 4818 eam

1959 4858 2086 4902 rem
2123 4859 2242 4900 non
2303 4841 2886 4924 magnanimitatem,
2933 4844 3041 4904 sed
3075 4853 3389 4922 paternum
3425 4856 3615 4926 potius

1960 4947 2226 4991 amorem
2258 4931 2641 5011 appellat.0b
2673 4950 2938 4994 amorem
2968 4932 3127 4992 enim
3166 4935 3362 5011 vestri,
3397 4937 3611 5018 inquit,

1961 5020 2074 5081 hoc
2099 5028 2209 5094 est,
2242 5020 2640 5099 spiritualium
2668 5040 2913 5082 suorum
2947 5021 3233 5098 ﬁliorum,
3261 5035 3438 5085 tanta;
3465 5027 3614 5088 sim-

1957 5109 2240 5190 plicitatis
2263 5112 2574 5188 specimen
2598 5109 3109 5182 edidit.Quoniani
3136 5113 3314 5190 igitur
3334 5123 3616 5193 paternus

1952 5215 2121 5259 amor
2138 5198 2611 5276 magnanimitati
2629 5207 2688 5261 et
2703 5199 3071 5279 simplicitati
3085 5218 3320 5262 causam
3339 5203 3618 5283 praebuit-

1950 5289 2180 5350 rectius
2204 5288 2387 5349 fuerit
2411 5297 2596 5349 totum
2616 5289 2729 5350 hoc
2749 5299 3052 5370 paternam
3074 5291 3510 5371 indulgentiam
3531 5295 3618 5357 di‘

1950 5397 2114 5454 cere,
2180 5378 2459 5439 nimirum
2523 5397 2719 5440 causa;
2747 5398 2966 5441 nomen
2998 5380 3210 5442 atfecto
3256 5382 3614 5464 tribuentes,

1949 5468 2121 5541 Quod
2156 5469 2205 5530 si
2233 5468 2372 5548 quis
2407 5469 2585 5529 etiam
2615 5470 2784 5549 juxta
2815 5477 3200 5532 externorum
3238 5473 3616 5555 philosopho-

1947 5576 2078 5619 rum
2094 5558 2587 5625 sententiamboc
2601 5561 2730 5622 loco
2745 5560 3290 5639 magnanimitatem
3305 5563 3612 5646 intellexe,
