4102 6382
246 274 365 360 96$

1442 284 1541 357 Al)
1590 276 1649 355 s'.
1694 279 2065 357 Gnccoml
2109 278 2334 355 ORAT.
2382 280 2430 353 Ι.

3504 287 3625 351 966

248 431 314 488 τὰ
350 432 489 489 καλὰ
520 433 833 509 γράμματα.
867 434 941 490 Οὔ
992 433 1091 511 γὰρ
1135 430 1318 495 ἁπλῶς
1377 431 1525 509 πάσῃ
1570 429 1753 511 καρδίᾳ
1803 429 1888 485 ἐν-

1989 446 2117 488 nem
2152 436 2328 507 ponat
2377 427 2534 490 inter
2564 426 2863 509 lapideum
2899 445 3023 504 cor,
3059 416 3115 489 id
3167 429 3277 504 est,
3313 425 3529 490 durum
3568 439 3623 491 et

248 536 410 581 τυποῖ
466 524 589 587 τοὺς
621 525 787 586 θείους
834 521 1023 601 λὸγους
1068 524 1129 579 τὶ)
1169 529 1380 597 Πνεῦμα
1412 524 1472 577 τὸ
1521 522 1693 600 ἅγιον,
1757 520 1893 576 ἀλλὰ

250 618 317 689 τῇ
375 614 617 693 σαρκίνῃ,
680 612 922 672 τουτέστι
980 619 1048 689 τῇ
1098 612 1411 684 εὖαισθήτῳ.
1452 613 1786 699 Σλρκὸςὶγᾶρ
1834 612 1890 666 τὸ

250 689 575 758 αἰσθάνεσθαι
606 689 626 731 τ’
666 702 809 758 λίθου
866 700 919 757 δὲ
970 700 1104 758 ἴδιον
1159 703 1218 757 τὸ
1250 701 1585 767 ἀναίσθητον,
1639 689 1719 756 "ﬂ
1746 698 1891 777 τάχα

251 793 337 847 καὶ
370 790 568 854 λιθίνας
618 793 704 847 καὶ
756 790 1003 870 σαρκίνας
1062 790 1208 868 λέγει
1271 791 1365 853 τὰς
1417 788 1630 869 καρδίας
1676 791 1702 844 ὁ
1756 795 1891 845 Θεο-

250 880 407 959 λόγος
446 903 457 915 ·
515 881 714 946 λιθίνας
765 881 884 956 μὲν,
920 879 1004 937 διὰ
1050 882 1110 937 τὸ
1141 879 1356 959 στεῤῥὸν
1388 881 1474 936 καὶ
1531 881 1592 936 τὸ
1651 877 1891 939 δυσαπά-

248 970 438 1030 λειπτα
469 972 611 1028 εἶναι
678 973 743 1028 τὰ
800 971 855 1027 ἒν
888 971 1073 1035 αὐταῖς
1122 972 1452 1051 γράμματα·
1519 970 1763 1048 σαρκίνας
1813 968 1891 1043 δὲ,

251 1060 334 1117 διὰ
359 1064 419 1117 τὸ
449 1064 779 1130 αἰσθητικὸν.
834 1064 927 1118 Διὸ
972 1062 1185 1140 ὶπσίγει,
1240 1061 1319 1117 ὅτι
1375 1061 1429 1116 ἕν
1476 1073 1597 1124 ταῖς
1628 1060 1893 1124 τοιαύταις

252 1152 297 1208 οἶ
354 1149 504 1231 λόγοι
562 1154 656 1209 οὒκ
712 1150 763 1217 ἑξ
810 1150 1075 1219 ἐπιπολῆς
1122 1152 1588 1232 χαραχθτξσονται,
1623 1148 1740 1205 οὒδὲ
1772 1150 1891 1206 οἷον

250 1240 445 1301 ἄνωθεν
519 1242 1040 1323 ἰπιχρωσθήσονται,
1114 1242 1207 1297 ἵνα
1283 1244 1372 1297 καὶ
1426 1239 1612 1319 ῥᾳδίως
1666 1238 1890 1296 ἀπαλείο

250 1356 431 1413 φοιντο
462 1354 475 1371 ·
512 1332 635 1389 ἀλλ’
668 1335 741 1398 εἷς
780 1333 938 1410 βαθος
998 1332 1514 1408 ὖνσημανθήσονται,
1547 1331 1683 1387 ὥστε
1716 1353 1889 1409 παρι-

252 1422 455 1498 μένειν,
492 1424 591 1481 Καὶ
646 1422 1135 1497 ἒνσημανθήσονται
1184 1422 1244 1477 οὗ
1278 1419 1489 1496 μέλανι,
1523 1418 1659 1476 ἀλλὰ
1688 1420 1893 1500 χάριτι.

253 1506 314 1572 Ἠ
370 1517 468 1592 μὲν
515 1516 615 1594 γὰρ
662 1515 769 1570 τῶν
828 1510 1044 1569 δικαίων
1095 1511 1301 1591 καρδία,
1347 1511 1420 1575 ὥς
1479 1533 1642 1589 φησιν
1673 1514 1701 1567 ὁ
1731 1512 1896 1589 μέγας

255 1604 553 1685 Βασίλειος,
618 1605 883 1673 Πνεόματι
964 1609 1096 1659 Θεοῦ
1162 1608 1362 1673 ζῶντος
1418 1600 1891 1680 καταγέγραπται·

250 1697 283 1763 ἡ
341 1695 395 1751 δὲ
444 1702 549 1753 τῶν
593 1692 785 1751 ἀδίκων
828 1692 1036 1774 καρδία,
1087 1693 1146 1749 οὗ
1191 1696 1481 1772 Πνεύματι,
1514 1690 1652 1747 ἀλλὰ
1682 1691 1889 1768 μέλανι,

250 1791 326 1860 τῷ
356 1799 605 1865 συγγενεῖ
634 1792 727 1843 τοῦ
774 1786 997 1847 σκότους
1029 1785 1113 1839 καὶ
1148 1782 1326 1863 ἐχθρῷ
1350 1790 1438 1839 τοῦ
1469 1781 1666 1862 φωτός,

1976 518 2241 579 inﬂexile
2273 537 2338 579 ac
2371 519 2649 596 rigidum,
2708 528 2767 580 et
2820 520 2977 581 inter
3032 536 3340 598 carneum,
3391 520 3447 579 id
3511 530 3619 593 est,

1978 608 2158 668 molle
2178 608 3037 689 facilequecedens,bonasquc
3056 609 3281 669 litteras
3296 607 3620 687 excipiens.

1975 694 2181 777 Neque
2207 704 2363 759 enim
2391 700 2532 759 citra
2563 698 2887 760 discrimen
2926 699 2984 759 in
3011 699 3171 759 omni
3200 699 3628 759 cordedivinos

1979 806 2287 849 sermones
2321 789 2605 868 insculpit
2651 788 2908 868 Spiritus
2964 798 3226 863 sanctus,
3261 787 3364 847 sed
3399 787 3458 847 in
3492 806 3628 847 car-

1981 894 2119 951 neo,
2148 877 2203 937 id
2239 888 2351 953 est,
2378 886 2539 939 recte
2571 886 2627 939 et
2658 879 2828 939 facile
2860 879 3179 939 sentiente.
3229 875 3437 939 Carnis
3468 876 3623 937 enim

1979 975 2094 1047 est,
2131 967 2355 1028 sentire
2388 986 2403 1041 ;
2439 968 2699 1048 lapidum
2730 977 2928 1030 autem
2969 970 3300 1049 proprium,
3323 986 3499 1028 sensu
3537 986 3615 1028 ca

1979 1073 2137 1119 rere.
2175 1057 2285 1120 Vel
2339 1058 2514 1119 etiam
2577 1057 2805 1138 lapidea
2857 1068 2916 1119 et
2963 1076 3178 1120 carnea
3210 1070 3452 1137 pectora
3482 1056 3629 1117 dicit

1980 1144 2342 1226 Theologus,
2405 1147 2635 1227 lapidea
2694 1147 2932 1229 quidem
2995 1148 3070 1209 ob
3129 1146 3510 1227 soliditatem,
3570 1159 3626 1207 et

1979 1238 2116 1316 quia
2139 1257 2295 1315 aegre
2316 1237 2735 1319 obliterantur,
2770 1257 2896 1319 quae
2914 1239 2972 1299 in
2998 1239 3144 1320 ipsis
3175 1237 3577 1299 inscribuntur
3606 1260 3621 1311 ;

1979 1347 2198 1389 carnea
2254 1337 2450 1389 autem
2512 1328 2585 1389 ob
2644 1329 2759 1389 vim
2822 1329 3191 1391 sensibilem.
3248 1325 3415 1389 Unde
3448 1328 3623 1388 etiam

1982 1419 2289 1500 subjungit
2314 1438 2327 1480 ξ
2353 1420 2519 1494 Quod
2556 1421 2616 1481 in
2651 1421 2998 1500 hujusmodi
3020 1420 3299 1483 cordibus
3321 1438 3629 1481 sermones

1984 1530 2099 1571 non
2125 1510 2334 1571 leviter
2353 1520 2411 1571 et
2432 1512 2749 1592 superﬁcie
2774 1520 2947 1573 tenus
2971 1511 3482 1590 insculpentur,ac
3502 1513 3627 1569 vei—

1984 1610 2046 1662 ut
2077 1620 2336 1679 superne
2367 1600 2771 1675 illinentur,ut
2793 1601 2962 1663 facile
2991 1618 3225 1681 quoque
3248 1598 3475 1661 aboleri
3499 1616 3630 1679 pos-

1982 1691 2121 1764 sint,
2158 1691 2259 1751 sed
2293 1691 2660 1771 penitissime
2719 1691 3252 1770 consignabuntur,
3290 1697 3352 1750 ut
3386 1706 3629 1767 perma-

1987 1796 2203 1843 neant:
2236 1793 2295 1844 et
2318 1782 2555 1861 quidem
2584 1782 3240 1861 Consignabuntnrmon
3270 1787 3628 1850 atramento,

250 1874 353 1936 sed
384 1874 593 1954 gratia.
630 1876 937 1937 Justorum
974 1872 1131 1934 enim
1190 1880 1419 1952 pectus,
1456 1881 1525 1931 ut
1555 1879 1643 1931 est
1670 1871 1821 1952 apud
1874 1890 2150 1950 magnum
2213 1871 2520 1947 Basilium,
2556 1872 2764 1952 spiritu
2815 1872 2921 1934 Dei
2954 1872 3199 1932 viventis
3231 1869 3628 1952 perscriptum

250 1973 341 2027 est
375 1982 388 2027 :
422 1966 779 2045 injustorum
812 1972 1034 2035 autem,
1072 1981 1188 2024 non
1215 1961 1426 2042 spiritu
1463 1960 1567 2023 sed
1599 1969 1927 2022 atramento
1959 1964 2341 2024 tenebrarum
2376 1972 2651 2042 cognato,
2688 1971 2745 2023 et
2778 1963 2925 2023 lucis
2956 1964 3146 2023 hoste.

329 2056 458 2117 Col.
491 2054 609 2116 400
666 2052 710 2116 C
763 2055 823 2115 7.
884 2065 1057 2114 Ταῦτα
1114 2055 1290 2130 μὲν...
1350 2051 1699 2131 ἐπαγ-ίελίας.
1760 2050 1897 2111 Ἐπ-

250 2148 530 2225 εσγράγισε
588 2148 653 2202 τὰ
710 2146 933 2224 ρηθέντα
982 2151 1073 2201 τοῦ
1104 2146 1301 2219 πατρὸς
1332 2143 1601 2220 ἐγκωμια,
1635 2144 1723 2198 καὶ
1778 2143 1897 2199 δεν-

252 2237 411 2315 τέρων
459 2236 601 2301 αὖθις
666 2234 883 2313 ἤρξατο,
968 2234 1223 2311 ἐξομοιῶν
1278 2234 1435 2291 αὐτὸν
1485 2240 1560 2306 τῷ
1631 2229 1896 2310 Ἀϐρααμ,

248 2327 441 2402 ὁμοίως
489 2324 672 2400 ἐκείνῳ
714 2325 815 2391 τὴν
858 2324 1045 2403 πρώην
1108 2321 1318 2389 πλάνην
1376 2320 1756 2378 καταλιπόντα.
1807 2316 1902 2376 Ἐκ

246 2418 345 2495 γὰρ
388 2421 487 2483 τῆς
548 2422 652 2471 τῶν
701 2405 1054 2493 Ὕψισταρίων
1127 2410 1425 2490 λεγομένης
1492 2409 1763 2489 αἱρέσεως,
1826 2412 1897 2473 εἷς

243 2508 344 2574 τὴν
401 2503 669 2565 εὺσέόειαν
730 2504 1109 2579 μετελήλυθεν.
1172 2505 1244 2561 0-3
1289 2502 1453 2577 μόνον
1506 2500 1559 2555 δὲ
1617 2498 1699 2557 διὰ
1744 2500 1897 2556 τοῦτο

244 2595 489 2677 Ἀϐραὰμ
539 2596 787 2671 ὀνομάζει
830 2617 923 2651 τον
973 2596 1160 2651 ἑαυτοῦ
1206 2592 1429 2671 πατέρα,
1487 2588 1624 2646 ἀλλὰ
1684 2592 1768 2646 καὶ
1826 2593 1897 2653 ὡς

245 2689 493 2766 γηραιὸν,
555 2689 642 2743 καὶ
686 2688 759 2750 ὡς
817 2682 1114 2767 φιλόξενον,
1179 2684 1266 2739 καὶ
1309 2685 1382 2745 ὡς
1429 2681 1765 2759 προσάγοντα
1808 2683 1896 2735 τὸν

242 2778 357 2834 υἱὸν
411 2784 486 2851 τῷ
519 2776 657 2852 Θεῷ,
694 2776 738 2832 εἰ
789 2778 878 2832 καὶ
931 2775 1171 2839 ἑκούσιος
1220 2772 1284 2839 ἦν
1316 2769 1447 2838 αὕτη
1476 2773 1510 2839 ἡ
1543 2770 1895 2850 προσαγωγὴ,

247 2868 335 2923 καὶ
393 2868 517 2947 οὐχὶ
574 2868 710 2922 κατὰ
770 2866 867 2932 τὴν
937 2867 1029 2921 τοῦ
1104 2861 1345 2943 Ἀϐρααμ
1403 2860 1453 2926 ἐξ
1513 2860 1891 2938 ἐπιτάγματος.

2067 2055 2254 2131 Atque.
2276 2052 2401 2114 haec
2418 2053 2587 2113 vobis
2602 2058 2769 2129 offert
2791 2052 3171 2115 venerandus
3194 2048 3433 2124 hic,etc.
3467 2049 3631 2109 Post-

1984 2162 2157 2221 quam
2194 2141 2539 2221 superiores
2577 2142 2757 2222 patris
2790 2142 2996 2203 laudes
3035 2138 3305 2217 abSolvit,
3338 2137 3631 2199 secundas

1977 2230 2099 2307 jam
2126 2233 2461 2306 exorditur,
2496 2232 2750 2292 similem
2784 2251 2918 2293 eum
2951 2250 3080 2293 esse
3112 2229 3319 2291 dicens
3354 2227 3631 2305 Abrahze,

1986 2330 2047 2379 ut
2077 2322 2175 2398 qui
2221 2340 2333 2405 non
2370 2340 2540 2381 secus
2572 2329 2748 2400 atque
2772 2321 3219 2400 ille,pristinum
3246 2337 3511 2379 errorcm
3532 2336 3633 2376 re-

1985 2408 2403 2488 liquerit.Nam
2437 2430 2504 2471 ex
2537 2429 2605 2471 ea
2635 2419 2816 2484 secta,
2841 2429 2973 2490 qua:
3002 2406 3503 2490 Hypsistaricrum
3534 2407 3628 2467 di-

1984 2500 2161 2569 citur,
2199 2499 2269 2558 ad
2304 2518 2459 2560 vera:
2490 2501 2728 2580 pietatis
2762 2500 3091 2561 doctrinam
3157 2499 3450 2576 migravit.
3511 2501 3632 2559 Nec

1982 2606 2112 2649 eam
2140 2598 2361 2649 tantum
2397 2588 2472 2650 ob
2501 2608 2736 2651 causam
2776 2600 3000 2670 patrem
3025 2608 3201 2651 suum
3227 2587 3485 2651 Abrahae
3520 2608 3631 2648 no-

1985 2678 2144 2738 mine
2176 2679 2572 2759 appcllahsed
2606 2679 2784 2741 etiam
2817 2688 2879 2741 ut
2911 2698 3139 2754 senem,
3162 2689 3225 2739 ut
3256 2677 3627 2758 hospitalem,

1985 2777 2046 2828 ut
2079 2767 2200 2829 Deo
2236 2769 2424 2829 ﬁlium
2460 2770 2812 2832 oﬂ‘erentem
2848 2789 2860 2832 :
2900 2769 3133 2831 tametsi
3166 2768 3490 2830 voluntaria
3511 2768 3635 2829 fue-

1982 2858 2055 2917 rit
2091 2860 2213 2920 hzec
2245 2860 2486 2933 oblatio,
2522 2880 2633 2922 non
2661 2871 2863 2923 autem
2898 2861 3210 2941 imperata,
3238 2860 3632 2940 quemadmo-

250 2958 596 3037 Πατριάρχην
639 2955 693 3012 δὲ
739 2956 897 3013 αὐτὸν
942 2953 1124 3028 καλεῖ,
1171 2956 1243 3018 ὡς
1280 2952 1481 3030 πατέρα
1527 2952 1615 3007 καὶ
1664 2950 1898 3030 ἄρχοντα

1989 2948 2124 3007 dum
2162 2948 2258 3009 illa
2290 2949 2561 3011 Abrahae.
2591 2950 2991 3013 Patriarcham
3040 2959 3235 3013 autem
3270 2969 3405 3012 eum
3433 2959 3629 3023 vocat,

247 3048 341 3115 τῆς
375 3046 609 3125 πόλεως,
644 3044 767 3102 ὅσον
798 3047 885 3102 επὶ
916 3058 1033 3108 τοῖς
1091 3043 1562 3107 ἒκκλτ,σιαστικοϊς
1593 3042 1896 3120 πράγμασι.

1990 3047 2051 3097 ut
2088 3050 2312 3117 patrem
2348 3048 2405 3100 et
2438 3042 2767 3120 principem
2800 3041 3367 3121 civitatis,qnantum
3391 3040 3628 3121 quidem

252 3138 459 3195 Κανόνα
503 3136 557 3192 δὲ
588 3143 684 3205 τῆς
739 3138 959 3217 ἀρετῆς,
1011 3137 1083 3199 ὡς
1128 3140 1303 3191 πᾶσαν
1382 3133 1437 3189 ἐν
1480 3132 1651 3205 ἑαυτῷ
1700 3130 1898 3187 συλλα-

1989 3129 2055 3189 ad
2092 3148 2187 3190 res
2210 3131 2646 3192 ecclesiasticas
2703 3133 2927 3193 attinet.
2970 3130 3222 3195 Virtutis
3250 3142 3449 3192 autem
3488 3150 3629 3189 nor-

250 3225 410 3284 6όντα
464 3231 564 3295 τὴν
621 3227 814 3305 ἀρετὴν
846 3228 933 3283 καὶ
963 3226 1083 3289 τοὶς
1116 3223 1310 3288 ἄλλους
1367 3225 1496 3303 πρὸς
1552 3221 1753 3281 ταύτην
1806 3222 1897 3275 εὖ-

1989 3238 2140 3280 mam
2185 3228 2247 3280 ut
2275 3220 2373 3300 qui
2408 3240 2616 3282 omnes
2649 3222 2880 3283 virtutis
2913 3231 3110 3301 partes
3152 3221 3497 3301 complexus
3530 3221 3627 3299 sit,

522 3288 532 3295 -
658 3288 668 3305 ι
772 3288 783 3295 -
1072 3288 1077 3289 γ
1409 3288 1417 3303 .

248 3317 487 3392 θύνοντα,
545 3318 631 3373 καὶ
688 3318 748 3373 τὸ
802 3315 900 3391 μὲν
986 3314 1167 3392 ἄρτιον
1219 3311 1574 3389 δοκιμάζοντα
1630 3311 1716 3366 καὶ
1764 3332 1898 3365 κατ-

1989 3308 2252 3390 aliosque
2282 3288 2355 3373 ad
2391 3329 2519 3371 eam
2553 3311 2856 3390 dirigat,et
2881 3288 3109 3374 rectum
3138 3288 3378 3392 quidem
3412 3288 3633 3389 regulae

248 3406 476 3487 έχοιιτα,
508 3408 744 3483 καθάπερ
777 3408 805 3462 ὁ
836 3406 1039 3485 κανὼν,
1082 3406 1142 3460 τὸ
1195 3401 1251 3460 δὲ
1280 3404 1525 3483 περιττὸν
1578 3401 1662 3458 καὶ
1711 3398 1898 3457 ἒλλεϊ-

1989 3399 2173 3461 instar
2199 3400 2465 3480 exploret
2502 3420 2569 3462 ac
2600 3402 2875 3479 retineat,
2930 3403 3296 3482 superﬂuum
3346 3410 3539 3463 autem
3575 3408 3635 3462 et

245 3486 371 3574 πον,
407 3499 480 3563 ὡς
512 3498 725 3577 κακίαν,
774 3494 957 3562 ξέοντα
1018 3495 1107 3551 καὶ
1156 3491 1639 3568 ἆτοδοκιμέζοντα.
1689 3495 1797 3557 Τῆς
1848 3486 1903 3544 δὲ

245 3590 533 3667 ἱερωσύνης
589 3587 886 3663 τελείωσιν,
944 3588 1017 3650 ὡς
1088 3587 1262 3643 πάντα
1319 3584 1386 3641 τὰ
1457 3588 1555 3651 τῆς
1614 3581 1902 3660 ἱερωσύνης

247 3678 471 3743 ἐντελῶς
537 3677 758 3759 ἔχοντα.
822 3669 1041 3735 Ἐαυτὸν
1097 3675 1278 3752 μέντοι
1329 3678 1595 3753 μονογενῆ
1627 3672 1903 3747 ὠνόμασεν

248 3770 276 3826 ὁ
319 3767 607 3847 Θεολόγος.
666 3769 983 3845 βιασὰμενος
1033 3768 1125 3823 τὸν
1155 3766 1341 3846 λόγον,
1373 3764 1465 3821 ’ίνα
1496 3761 1623 3840 μηδ’
1657 3761 1903 3835 ἐντούτῳ

249 3863 348 3927 τῆς
394 3858 534 3916 κατᾶ
587 3860 677 3915 τὸν
724 3858 910 3916 Ἰσαὰκ
961 3856 1282 3924 ἐλαττωθείη
1326 3857 1502 3920 θυσίας
1536 3873 1551 3893 ⁸
1587 3854 1900 3934 παρεμυθήη

245 3970 379 4006 σατο
441 3946 495 4005 δὲ
555 3948 655 4016 τὴν
690 3947 920 4025 τόλμαν,
968 3947 1256 4025 ἰπαγαγὼν
1307 3947 1399 4001 τὸν
1454 3944 1505 4010 ἐξ
1556 3942 1904 4022 ἐπαγγελίας.

249 4040 308 4097 Εἰ
342 4040 443 4117 γὰρ
472 4041 560 4095 καὶ
594 4061 671 4114 μη
702 4038 995 4118 μονογενὴς
1043 4036 1110 4105 ἧν
1168 4036 1303 4093 κατὰ
1331 4036 1432 4103 τὴν
1474 4034 1747 4113 γέννησιν,
1793 4026 1905 4087 ἰπεὶ

249 4128 367 4205 μετ’
413 4130 569 4185 αὐτὸν
621 4131 707 4185 καὶ
779 4128 1033 4209 Γοργονία
1108 4127 1194 4183 καὶ
1275 4124 1559 4203 Καισάριος
1620 4122 1901 4202 ἐγεννήθη,

251 4217 374 4273 ἀλλ’
415 4227 504 4276 οὖν
562 4220 698 4275 κατὰ
756 4220 853 4286 τὴν
909 4216 1227 4295 ἐπαγγελίαν
1280 4213 1574 4291 μονογενὴς
1607 4212 1694 4280 ἦν.
1731 4211 1901 4277 Μόνος

252 4309 354 4388 γὰρ
408 4322 528 4373 τοῖς
585 4319 825 4389 γονεῦσιν
884 4308 937 4373 ἐξ
982 4305 1306 4386 ἐπαγγελίας
1339 4305 1562 4389 ἰτέχθη,
1596 4304 1773 4381 ὥσπερ
1816 4304 1903 4359 καὶ

1986 3488 2272 3553 deﬁciens
2302 3490 2548 3553 abradat
2577 3501 2757 3572 atque
2788 3492 3110 3575 improbet.
3145 3494 3271 3554 .lam
3316 3491 3636 3554 sacerdotii

1987 3598 2227 3661 quoque
2261 3581 2687 3657 perfectionem
2724 3602 2857 3645 eum
2895 3590 3084 3658 vocat,
3123 3593 3183 3645 ut
3205 3582 3484 3644 omnibus
3533 3601 3634 3643 rc-

1989 3669 2121 3750 bus,
2157 3690 2290 3751 qua:
2312 3672 2385 3733 ad
2416 3672 2815 3733 sacerdotium
2839 3674 3255 3753 requiruntur,
3280 3671 3518 3734 abunde
3548 3672 3635 3732 in-

1986 3767 2301 3823 structum.
2336 3763 2615 3842 Seipsum
2655 3770 2849 3824 tamen
2895 3763 3266 3843 unigenitum
3299 3762 3636 3841 Theologus

1986 3850 2461 3932 nominavit,vim
2494 3853 2746 3915 orationi
2771 3854 3053 3931 afferens,
3084 3862 3145 3915 ut
3168 3871 3241 3913 ne
3264 3853 3375 3914 hac
3398 3872 3635 3933 quoque

1991 3952 2157 4020 parte
2184 3941 2434 4003 inferius
2466 3944 2791 4024 quidquam
2830 3952 2997 4024 pater
3018 3942 3309 4005 sacriﬁcio
3336 3942 3434 4004 illo
3459 3941 3639 4005 lsaaci

1988 4029 2458 4093 habeat.Verum
2494 4033 2605 4094 hoc
2636 4034 2936 4111 aliquanto
2967 4033 3250 4096 audacius
3273 4033 3495 4094 dictum
3526 4033 3637 4093 mi-

1991 4120 2212 4201 tigavit,
2244 4121 2495 4199 addens,
2521 4141 2591 4185 ex
2625 4124 3073 4204 pollicitatione.
3107 4122 3253 4185 Nam
3287 4124 3397 4185 etsi
3425 4124 3637 4203 unige-

1990 4211 2147 4270 nitus
2182 4230 2299 4271 non
2336 4220 2481 4284 erat,
2522 4222 2803 4293 quantum
2840 4216 2915 4275 ad
2943 4214 3333 4290 nativitatem,
3365 4214 3639 4295 quando-

1987 4300 2228 4379 quidem
2258 4311 2386 4381 post
2407 4320 2540 4363 eum
2568 4312 2623 4364 et
2646 4302 2939 4382 Gorgonia
2964 4304 3326 4367 etCmsarius
3351 4321 3635 4381 procrea-

252 4385 279 4454 ὃ
313 4385 493 4456 9Ῑσοιᾶικ
521 4385 790 4478 τῇτΣάῤῥα
850 4399 937 4455 καὶ
992 4404 1068 4471 τῷ
1105 4385 1391 4476 γ’Ᾰϐραάμ.
1447 4385 1461 4406 ’
1483 4402 1528 4453 Η
1560 4395 1706 4475 τάχα
1736 4415 1898 4469 μονο-

1989 4390 2031 4452 ti
2060 4398 2199 4449 suut
2233 4411 2246 4453 :
2281 4399 2501 4472 tamen,
2535 4392 2585 4452 si
2636 4391 2912 4471 promissi
2944 4395 3232 4455 rationem
3267 4399 3636 4472 spectemus,

250 4494 383 4569 γενῆ
428 4490 615 4546 ἑαυτὸν
647 4489 815 4569 λέγει,
850 4492 924 4554 ὡς
977 4488 1141 4564 μόνον
1194 4485 1573 4566 ὑπολειφθέντα
1617 4492 1692 4560 τῷ
1720 4485 1898 4563 πατρὶ,

1992 4479 2330 4558 unigenitus
2356 4490 2503 4546 erat.
2540 4483 2715 4545 Solus
2740 4484 2899 4544 enim
2926 4504 2995 4545 ex
3024 4482 3447 4564 pollicitatione
3478 4500 3509 4542 a
3543 4500 3639 4562 pa—

245 4587 354 4637 τῶν
386 4579 562 4637 ἄλλων
595 4578 698 4648 ἤδη
730 4580 931 4637 τέκνων
962 4577 1444 4644 τετελευτηκότων,

1989 4570 2263 4632 rentibus
2296 4573 2639 4653 progenitus
2687 4582 2799 4656 est,
2834 4573 3334 4656 quemadmodum
3368 4574 3532 4636 Isaac
3564 4571 3637 4634 ab

244 4668 587 4733 Abrahamo
612 4679 670 4732 et
698 4671 865 4733 Sara.
897 4668 1006 4731 Vel
1038 4668 1291 4731 fortasse
1321 4666 1691 4744 unigenitum
1718 4683 1783 4729 se
1806 4664 1973 4741 dicit,
2023 4661 2178 4743 quod
2218 4663 2381 4724 solus
2422 4665 2577 4745 patri
2628 4667 2895 4749 reliquus
2923 4675 3078 4729 esset
3109 4666 3239 4727 aliis
3282 4665 3486 4727 liberis
3510 4668 3634 4749 jam

248 4769 518 4824 extremo
559 4760 689 4823 vita:
719 4760 815 4822 die
859 4759 1213 4842 perfunctis.

328 5013 485 5079 Ibid.
543 5013 643 5079 12.
696 5006 883 5093 ’Υμεϊς
920 5058 934 5075 .
976 5063 989 5078 ,
1030 5064 1045 5079 .
1094 5013 1419 5081 ἐπιϐούλως,
1495 5014 1723 5081 Τοιαύτη
1774 5011 1896 5089 μὲν,

245 5110 433 5187 φησὶν,
491 5109 527 5176 ἡ
571 5129 665 5167 τοι.»
709 5108 905 5187 πατρὸς
958 5106 1314 5187 καρποφορία.
1375 5114 1471 5162 Δεῖ
1522 5102 1576 5160 δὲ
1623 5106 1712 5160 καὶ
1768 5105 1900 5180 ὑμᾶς

242 5210 610 5280 καρποφορεῖν
659 5202 738 5271 τῷ
788 5204 903 5273 Θεῷ
959 5198 1047 5254 καὶ
1117 5198 1256 5273 ἡμῖν
1315 5196 1414 5264 τὴν
1472 5195 1759 5252 εὐπείθειαν
1814 5194 1899 5249 καὶ

240 5290 308 5344 τὸ
352 5287 534 5352 καλῶς
594 5290 987 5364 ποιμαίνεσθκι.
1053 5288 1437 5364 Ποιμανθείητε
1494 5285 1539 5343 δ’
1598 5284 1660 5343 ἂν
1705 5283 1907 5360 καλῶς,

243 5378 323 5444 εἷς
383 5379 482 5456 μὲν
542 5378 642 5446 τὴν
691 5381 992 5453 πρακτικὴν
1055 5378 1276 5459 ἀρετὴν,
1326 5376 1507 5456 ὥσπερ
1556 5378 1628 5441 εἷς
1661 5375 1911 5453 μαλακὴν

239 5491 362 5526 τινα
426 5471 515 5527 καὶ
557 5467 790 5549 χλοερὰν
844 5466 1070 5525 πεδιάδα
1130 5468 1645 5544 κατασκηνούμενοι,
1704 5468 1791 5524 καὶ
1849 5468 1909 5522 τὸ

240 5564 348 5626 τῆς
413 5563 603 5640 ψυχῆς
648 5559 944 5624 πιαίνοντες
990 5558 1299 5639 πρόσωπον,
1346 5563 1425 5635 Ἰῇ
1459 5555 1514 5614 δὲ
1563 5556 1763 5637 γνώσει
1824 5558 1910 5613 καὶ

242 5648 319 5716 τῆ
364 5648 556 5727 θεωρίᾳ
616 5649 703 5705 καὶ
756 5655 832 5723 τῷ
890 5651 1107 5725 ποτίμῳ
1162 5653 1268 5705 τῶν
1321 5648 1473 5705 θείων
1525 5654 1767 5727 Γραφῶν,
1836 5648 1908 5711 ὡς

240 5734 392 5793 ὕδατι
454 5737 804 5801 ἀναπαύσεως
859 5737 1263 5818 ἐκτρεφομενοι.
1320 5737 1393 5796 Οὐ
1448 5737 1611 5815 μόνον
1661 5734 1742 5813 δὲ,
1773 5735 1909 5794 ἀλλά

2074 5014 2186 5074 Vos
2214 5018 2439 5093 autem,
2477 5019 2537 5073 et
2575 5010 2718 5088 Deo,
2753 5018 2807 5074 et
2849 5012 3043 5079 nobis.
3097 5012 3162 5073 id
3194 5012 3481 5088 muneris,
3519 5018 3633 5074 etc.

1984 5101 2179 5180 Atque
2206 5101 2574 5181 hujusmodi,
2636 5101 2854 5181 inquit,
2916 5110 3007 5164 est
3038 5102 3223 5182 putris
3256 5101 3373 5162 mei
3408 5100 3651 5165 oblatio.

1994 5192 2180 5255 Vobis
2211 5201 2406 5253 autem
2446 5190 2791 5253 faciendum
2826 5191 3005 5251 etiam
3041 5198 3153 5271 est,
3193 5194 3426 5267 utDeo,
3462 5199 3655 5251 etno-

1996 5282 2110 5363 bis,
2144 5280 2505 5344 obedientiaa
2548 5299 2767 5342 munus
2798 5279 3084 5355 offeratis,
3122 5290 3404 5361 recteque
3438 5298 3647 5361 pasca-

1994 5392 2150 5435 mus.
2186 5370 2249 5433 Id
2280 5388 2455 5452 porro
2489 5370 3025 5452 consequemini,si
3060 5372 3119 5432 in
3154 5390 3223 5433 ea
3244 5371 3485 5443 virtute,
3519 5388 3649 5450 qua;

1995 5465 2052 5525 in
2085 5462 2322 5524 actione
2363 5470 2657 5541 versatur,
2695 5470 2975 5538 tanquam
3021 5461 3082 5522 in
3119 5461 3283 5523 molli
3314 5460 3569 5542 quodam
3596 5469 3654 5523 et

1992 5552 2166 5615 viridi
2187 5571 2398 5634 campo
2414 5550 2723 5633 habitetis,
2746 5551 3126 5633 animamque
3143 5550 3655 5631 saginetis,scien-

1996 5644 2083 5706 tia
2106 5650 2304 5706 autem
2332 5649 2388 5703 et
2409 5641 2819 5723 speculatione
2839 5660 2909 5704 ac
2938 5640 3270 5705 divinarum
3304 5642 3652 5724 Scriptura-

1992 5752 2129 5795 rum
2161 5730 2442 5795 dulcibus
2487 5729 2729 5795 ﬂuentis
2778 5739 3060 5811 tanquam
3108 5749 3263 5815 aqua
3307 5730 3654 5795 refectionis
