4102 6398
475 246 588 318 967

1768 244 2090 317 NICETAS
2133 235 2565 316 SERRONIUS

3758 236 3883 314 968

482 387 850 461 educemini,
881 395 1163 468 recteque
1212 399 1508 468 pastorem
1561 384 1931 464 cognoscatis
1965 387 2064 468 (ne
2095 405 2128 447 a

2228 389 2299 447 ιαὶ
2328 389 2422 443 τὸν
2471 387 2702 462 ποιμένα
2745 385 2925 451 καλῶς
2977 386 3353 464 γινώσκοντες,
3401 386 3540 443 ὥστε
3603 386 3690 460 μὼ
3726 385 3877 441 ἀπαο

478 475 640 536 falsis
679 476 980 554 magistris
1022 475 1437 556 decipiamini,
1469 481 1642 553 atque
1676 473 1732 532 in
1769 476 1928 553 ipsos
1969 475 2134 555 quasi

2228 480 2402 533 τᾶσθαι
2461 478 2605 555 παρὰ
2668 484 2774 533 τῶν
2857 474 3378 556 ψευδοδιδασκάλων,
3467 473 3608 551 μηδὲ
3666 475 3853 552 περιπί

478 564 538 625 in
577 574 843 645 pastores
897 565 1198 637 incidatis,
1251 585 1381 624 cum
1420 566 1577 624 fures
1610 563 1727 622 sint
1760 573 1816 623 et
1849 565 2131 644 latrones).

2228 589 2368 622 πτειν
2404 567 2612 640 αυτοῖς,
2650 568 2722 630 ὡς
2758 566 2997 646 ποιμέσι,
3029 565 3295 630 κλέπταις
3358 568 3471 621 οὖσι
3504 567 3594 622 καὶ
3623 564 3883 642 λῃσταῖς.

480 666 657 733 atque
712 673 742 714 a
797 663 1029 733 pastore
1063 651 1527 731 t'ognoscamini,
1587 671 1703 711 non
1733 652 2138 713 admiscentes

481 743 708 804 scilicet
731 762 831 803 vos
863 743 1072 802 alienis
1097 741 1378 819 gregibus
1406 749 1559 820 (qua:
1579 760 1674 801 res
1704 741 2135 818 ignorationem

483 843 539 894 et
575 851 840 894 errorem
879 831 1215 910 pastoribus
1251 831 1447 910 parit),
1476 850 1674 891 verum
1708 833 1873 910 signa
1897 842 1954 893 et
1977 845 2141 894 notas

481 922 971 986 circumis-rentes
998 940 1141 1000 quas
1164 940 1340 982 ver.:s
1393 931 1592 1001 pastor
1616 921 1782 981 vobis
1808 923 2012 999 injecit.
2045 936 2102 981 ut
2125 961 2139 970 -

481 1033 600 1090 que
643 1012 962 1090 impressit.
1004 1016 1079 1073 Ex
1128 1011 1446 1088 Evangelio
1494 1020 1690 1071 autem
1728 1013 1852 1072 haec
1905 1034 2138 1094 quoque

482 1101 924 1182 paraphrastice
951 1100 1275 1160 transtulit.
1308 1101 1620 1179 (.‘oynosco
1645 1103 1804 1162 enim
1831 1121 2020 1174 uicus,
2057 1106 2138 1163 in-

479 1191 603 1270 quit
635 1191 910 1251 Christus
934 1190 1012 1268 16,
1040 1199 1096 1251 et
1136 1208 1462 1271 cognost-or
1491 1212 1525 1249 (ι
1570 1194 1717 1252 meis
1745 1210 1757 1250 :
1788 1211 1890 1271 per
1925 1196 2134 1272 cogni-

478 1283 701 1340 tionem
722 1280 970 1340 fortasse
989 1281 1340 1340 affinitatem
1364 1288 1422 1340 et
1441 1281 1940 1342 necessitudinem
1970 1283 2138 1344 intol-

479 1369 695 1448 ligens,
724 1368 892 1444 quasi
926 1370 1200 1429 diceret:
1265 1368 1383 1446 Ego
1440 1368 1882 1430 necessitudine
1924 1372 2141 1451 jungar

2224 658 2322 715 Καὶ
2353 657 2742 734 γινωσκόμενοι
2779 655 2922 720 αὖθις
2957 657 3058 712 ὑπὸ
3116 658 3213 712 τοῦ
3255 655 3540 734 ποιμένος,
3576 655 3655 730 μὴ
3702 675 3882 731 παρα-

2221 749 2501 824 μιγνύντες
2526 746 2773 813 δηλονότι
2819 746 3036 808 ἑαυτοὺς
3082 759 3200 808 τοῖς
3234 744 3529 824 ἀλλοτρίοις
3559 745 3881 822 θρέμμασιν,

2227 836 2279 902 ἐξ
2307 838 2383 892 ὧν
2410 838 2444 905 ἡ
2475 836 2663 914 ἄγνοια
2717 849 2836 901 τοῖς
2884 835 3106 910 ποιμέσι
3174 835 3399 913 γίνεται.
3451 833 3617 890 Ἀλλὰ
3647 835 3716 888 τὰ
3761 833 3882 887 ἐπίο

2228 940 2374 992 σημα
2419 913 2664 996 φέροντες
2698 920 2784 973 καὶ
2843 917 2964 980 τοὺς
3009 921 3385 996 χαρακτῆρας,
3420 922 3505 977 οῦς
3551 917 3579 970 6
3624 913 3884 980 ἀληθινὸς

2224 1007 2426 1083 ποιμὴν
2481 1009 2610 1082 ὑμῖν
2667 1004 2989 1073 ἐπιϐέϐληκε
3048 1009 3136 1063 καὶ
3206 1007 3557 1064 ἐνετύπωσεν.
3640 1003 3739 1061 Ἐκ
3790 1010 3881 1060 τοῦ

2226 1096 2547 1176 Εὔαγγιλίου
2603 1095 2657 1152 δὲ
2720 1099 2806 1153 καὶ
2876 1104 3041 1153 ταῦτα
3101 1100 3563 1176 παραπέφρασται,
3626 1095 3884 1150 Γινώσκω

2221 1189 2342 1266 γὰρ,
2403 1189 2562 1268 φησὶν
2622 1189 2649 1242 6
2711 1187 2959 1264 Χριστὸς,
3047 1187 3113 1241 τὰ
3190 1185 3316 1265 ἐμὲ,
3401 1186 3487 1240 καὶ
3545 1183 3884 1262 γινώσκομαι

2221 1278 2320 1332 ὑπὸ
2377 1283 2483 1331 τῶν
2528 1276 2696 1351 ἐμῶν,
2758 1281 2960 1332 Γνῶσιν
3023 1275 3158 1339 ἴσως
3190 1273 3384 1352 λέγων,
3437 1273 3535 1341 τὴν
3594 1273 3881 1344 οἰκείωσιν,

2222 1365 2460 1422 τουτέστι
2494 1368 3059 1446 προσοικειωθήσομαι
3093 1380 3209 1428 τοῖς
3239 1363 3528 1444 προϐάτοις
3557 1378 3673 1428 τοῖς
3697 1364 3882 1437 ἐμοῖς,

476 1461 685 1520 ovibus
720 1458 892 1537 meis,
928 1469 987 1520 et
1020 1459 1168 1537 ipsae
1231 1458 1371 1517 mihi
1400 1461 1750 1535 jungentur.
1792 1463 2140 1540 Sequainini

2228 1458 2311 1512 οιαὶ
2343 1458 2473 1515 αὔτα
2538 1456 2658 1532 ἐμοί
2717 1459 3183 1527 οἷκειωθήσονται.
3235 1457 3522 1532 Ἐπόμενοι
3572 1453 3627 1510 δὲ
3669 1455 3757 1509 καὶ
3810 1457 3887 1525 τῷ

478 1558 789 1609 Vocantem
817 1549 1194 1628 pastoraliter
1219 1555 1274 1607 et
1297 1547 1507 1620 libere,
1536 1547 1588 1607 id
1611 1557 1722 1621 est,
1760 1549 1811 1609 ci
1845 1570 1907 1610 ra
1943 1550 2138 1610 fucum

2228 1546 2472 1604 καλοῦντι
2533 1551 2860 1624 ποιμενικῶς
2919 1547 3008 1604 καὶ
3060 1546 3396 1626 ἐλευθερίως,
3438 1545 3706 1604 τουτέστιν
3751 1540 3882 1599 ἁδό-

479 1649 534 1699 et
567 1648 790 1717 aperte.
830 1658 896 1698 ac
952 1657 1054 1718 pro
1113 1645 1424 1717 potestate,
1489 1647 1550 1697 ut
1607 1644 1900 1717 pastorem
1938 1641 2132 1702 decet.

2228 1636 2331 1701 λως
2364 1639 2450 1693 καὶ
2509 1643 2750 1716 φανερῶς
2789 1639 2878 1694 καὶ
2937 1638 3348 1703 ἐξουσιαστικῶς
3401 1637 3487 1692 καὶ
3536 1638 3609 1698 ὡς
3665 1631 3884 1689 ἐλευθέ-

478 1728 591 1789 Per
625 1728 837 1789 ostium
889 1738 1114 1806 autem,
1145 1727 1203 1787 id
1238 1737 1348 1797 est,
1390 1746 1495 1807 per
1527 1726 1876 1789 catholicam
1913 1729 2139 1790 doctri-

2228 1749 2337 1805 ροις
2369 1728 2595 1803 πρέπον,
2636 1729 2732 1782 Δια
2779 1729 2878 1793 τῆς
2940 1728 3094 1807 θύρας
3147 1725 3226 1802 δὲ,
3284 1725 3444 1804 ἤγουν
3477 1724 3560 1781 διὰ
3611 1730 3715 1781 τῶν
3773 1746 3884 1779 καο·

478 1837 641 1896 nam,
689 1835 825 1893 quae
878 1816 1155 1877 ﬁdelibus
1189 1816 1470 1876 omnibus
1500 1828 1704 1896 aperta
1763 1833 1874 1892 est,
1910 1838 1974 1880 ac
2037 1839 2140 1899 per

2228 1816 2446 1872 θολικῶν
2481 1815 2784 1895 δογμάτων,
2821 1824 2925 1873 τῶν
2949 1818 3116 1873 ἅπασι
3148 1833 3364 1881 πιστοῖς
3398 1813 3881 1890 ἀναπεπταμένων,

478 1908 664 1987 ipsam
702 1905 1096 1986 Scripturam,
1138 1924 1244 1985 per
1276 1923 1451 1986 quam
1488 1908 1556 1966 ad
1595 1907 1771 1966 ﬁdem
1803 1908 2136 1968 introduci-

481 2017 653 2059 mur:
688 1997 770 2056 vel
800 1999 975 2058 etiam
1006 2013 1110 2075 per
1129 1995 1454 2074 Christum,
1492 1997 1593 2077 qui
1620 1997 1804 2058 dixit:
1843 1998 1975 2076 Ego
2007 2019 2138 2060 sum

476 2090 698 2148 ostium
730 2087 807 2147 Π.
844 2085 1126 2148 Alienum
1163 2091 1362 2146 autem
1397 2093 1453 2146 et
1509 2087 1856 2146 mendacem
1896 2088 2142 2149 minime

476 2177 842 2257 sequamini,
880 2176 978 2255 qui
1034 2195 1150 2235 non
1186 2194 1290 2254 per
1340 2175 1644 2254 Evangelii
1707 2180 1855 2237 viam
1893 2178 2141 2251 incedit,

477 2286 590 2327 nec
625 2285 731 2346 per
783 2266 1024 2338 ostium,
1087 2267 1199 2325 hoc
1247 2275 1359 2344 est,
1417 2263 1716 2326 Christum
1785 2266 2141 2346 ingreditur,

479 2357 584 2416 sed
625 2356 972 2436 praedonum
1011 2372 1175 2415 more
1202 2373 1308 2434 per
1331 2355 1558 2416 caulam
1585 2356 1838 2435 prosilit.
1869 2359 2146 2438 Praeceps

479 2450 641 2511 enim
671 2459 725 2508 et
750 2449 1046 2509 violentus
1071 2453 1158 2506 est
1189 2447 1608 2506 haereticorum
1643 2449 1909 2509 omnium
1944 2450 2143 2530 impe-

479 2549 596 2612 tus,
636 2557 768 2610 nec,
808 2549 870 2597 ut
922 2534 1254 2616 disciplina)
1298 2535 1448 2596 ratio
1484 2537 1766 2616 postulat,
1805 2558 1911 2618 per
1943 2538 2143 2617 legiti-

480 2627 878 2689 mumostinm
907 2627 977 2685 ad
1004 2625 1180 2685 ﬁdem
1225 2633 1283 2685 et
1326 2623 1656 2686 Ecclesiam
1695 2626 2135 2706 ingrediuntur.

559 2717 677 2778 Nec
700 2723 1014 2779 exter-mnu
1043 2731 1246 2776 vocem
1269 2715 1563 2788 utuiiulis,
1591 2716 1772 2795 sti/fui
1791 2726 2138 2796 autem,ctc.

482 2809 634 2872 Dixit
661 2806 926 2868 Christus
947 2805 1003 2864 in
1047 2803 1401 2882 ilvangelio:
1461 2803 1611 2865 Oves
1634 2824 1779 2867 mea?
1804 2807 2144 2868 alii-norum

476 2918 676 2961 voc-em
706 2915 826 2958 Non
847 2902 1071 2957 norunt
1093 2895 1170 2954 ‘8.
1202 2894 1328 2955 lllic
1357 2895 1531 2971 igitur
1559 2904 1854 2958 mutuatus
1885 2894 2145 2958 Theolo-

477 3009 608 3069 gus,
643 2989 752 3048 hoc.
785 2987 916 3047 loco
951 2985 1055 3064 ait,
1118 3003 1225 3045 nec
1260 2994 1565 3045 externam
1603 3003 1802 3048 vocem
1837 2988 2092 3048 audiatis
2129 3007 2144 3047 :

479 3098 612 3158 qum
646 3076 887 3158 quidem
921 3076 1147 3134 foratur
1203 3085 1259 3134 et
1315 3076 1564 3155 decipit,
1621 3084 1798 3155 atque
1831 3077 1901 3136 ab
1941 3097 2057 3137 una
2091 3088 2148 3138 et

477 3169 721 3230 uuiente
752 3165 997 3226 veritate
1030 3165 1089 3224 in
1143 3163 1407 3225 diversas
1457 3165 1770 3244 opiniones
1829 3167 2140 3246 dispergit,

479 3277 610 3340 quae
625 3256 864 3335 quidem
881 3252 954 3314 ob
969 3254 1365 3316 acclivitatem
1386 3263 1619 3315 montes
1636 3257 2043 3336 metaphoricc
2060 3257 2144 3318 di-

478 3345 798 3416 cuntur,oh
821 3343 1196 3404 sterilitatem
1225 3353 1421 3404 autem
1438 3343 1900 3418 solitudines,ob
1929 3347 2142 3426 princi-

477 3437 621 3518 pitia
637 3443 834 3496 autem
862 3433 1324 3496 barathra.lllud
1347 3436 1892 3511 vero,Locos,quos
1919 3456 2036 3498 non
2065 3436 2144 3498 vi-

477 3523 935 3595 sitatDominus,
970 3522 1171 3584 omnia
1204 3542 1335 3602 quze
1359 3523 1516 3584 dicta
1539 3533 1676 3584 sunt
1707 3525 1992 3606 explicat.
2036 3529 2142 3588 Hic

478 3626 679 3680 autem
702 3617 868 3675 locus
888 3612 1217 3674 habeturin
1240 3612 1582 3675 Proverbiis
1622 3615 1994 3678 Salomonis:
2024 3620 2143 3695 (mi

475 3709 634 3772 enim
660 3706 989 3767 oberratin
1007 3704 1219 3783 portis,
1255 3703 1671 3766 demorabitur
1691 3709 1759 3767 in
1781 3705 1952 3777 locis,
1990 3727 2140 3789 quos

475 3816 596 3860 non
616 3797 829 3859 visitut
847 3793 1306 3856 EtanusJam
1335 3793 1411 3854 hu
1412 3793 1679 3873 jusmodi
1702 3815 1810 3857 vox
1835 3797 2142 3859 haeretico-

472 3908 606 3951 rum
632 3885 908 3948 homines
930 3903 963 3945 a
987 3902 1130 3944 sana
1172 3883 1447 3946 doctrina
1491 3893 1548 3945 et
1575 3885 1694 3946 ﬁde
1715 3886 1978 3963 abducit,
2013 3907 2145 3969 quae

475 3989 567 4041 est
597 3978 656 4038 in
680 3983 947 4037 sanctam
973 3972 1328 4035 Trinitatem
1354 3991 1367 4034 :
1406 3991 1581 4054 quam
1608 3994 1814 4038 vocem
1848 3995 2007 4038 sanae
2029 3978 2138 4040 do-

477 4071 684 4148 ctrinae
708 4082 850 4126 oves
878 4082 1024 4124 meae
1046 4081 1286 4142 semper
1337 4063 1688 4145 audierunt,
1716 4076 1890 4147 atque
1918 4069 2141 4130 utinam

472 4153 1141 4229 audiant.Deprzedatur
1173 4154 1318 4215 item
1356 4173 1464 4216 vox
1497 4155 1796 4230 haeretica,
1828 4157 1886 4217 id
1923 4166 2120 4233 est,ve

475 4248 561 4310 lut
586 4246 776 4328 spolia
818 4244 1040 4325 diripit,
1075 4263 1146 4305 ac
1179 4263 1286 4324 per
1339 4244 1711 4307 adulterinos
1741 4255 1800 4309 et
1834 4247 2147 4328 improbos

475 4354 923 4410 sermones,eos
947 4335 1050 4411 qui
1075 4333 1474 4414 simpliciores
1499 4345 1700 4416 sunt,a
1719 4335 1950 4399 Christo
1977 4356 2146 4408 aver_

2221 1909 2309 1962 καὶ
2340 1905 2406 1961 δι’
2443 1908 2600 1972 αὐτῆς
2627 1912 2724 1974 τῆς
2759 1907 2992 1987 Γραιρῆς,
3023 1904 3088 1963 δι’
3122 1907 3187 1974 ἧς
3220 1908 3291 1969 εἰς
3324 1907 3422 1973 τὴν
3456 1907 3628 1962 πίστιν
3659 1903 3882 1982 εἷσαγόυ

2226 2001 2379 2069 μεθα.
2447 1987 2528 2054 Ἠ
2590 2001 2676 2054 καὶ
2721 1997 2804 2053 διὰ
2851 2005 2941 2054 τοῦ
2988 2005 3214 2076 Χριστοῦ
3259 2000 3350 2053 τοῦ
3394 1998 3629 2056 εἰπόντος
3665 2016 3678 2030 ⁸
3741 1993 3888 2070 Ἐγώ

2228 2089 2333 2162 εἶμι
2378 2090 2412 2155 ἡ
2457 2091 2603 2167 θύρα.
2642 2086 2936 2167 Ἀλλοτρίῳ
2996 2085 3049 2143 δὲ
3103 2089 3192 2143 καὶ
3224 2085 3599 2162 ψευδοποιμένι
3644 2086 3723 2160 μὴ
3754 2085 3890 2139 ἄκο-

2227 2176 2558 2251 λουθοῦντες,
2608 2177 2757 2242 ὅστις
2831 2177 2890 2235 οὗ
2934 2177 3019 2234 διὰ
3061 2183 3161 2244 τῆς
3221 2185 3316 2233 τοῦ
3393 2174 3717 2254 Εὑαγγελίου
3773 2171 3898 2229 ὁδου

2601 2266 2716 2323 οῦδὲ
2777 2266 2862 2324 διὰ
2906 2273 3003 2334 τῆς
3069 2267 3224 2347 θύρας
3285 2273 3512 2345 Χριστοῦ
3562 2266 3896 2343 εἰσέρχεται,

3556 2357 3736 2410 Βίαιον
3790 2355 3894 2431 γὰρ

2230 2268 2535 2349 πορεύεται,

2229 2357 2366 2413 ἀλλὰ
2419 2358 2718 2436 λῃστρικῶς
2780 2355 2865 2412 διὰ
2923 2357 3088 2424 αὐλῆς
3160 2354 3461 2434 ὺπερπηδᾷ,

2229 2449 2370 2506 ἅπαν
2405 2457 2510 2506 τῶν
2573 2449 2888 2529 ἑτεροδόξων
2944 2450 3004 2506 τὸ
3065 2452 3310 2529 ὃρμημα,
3357 2450 3444 2503 καὶ
3473 2448 3532 2504 οῦ
3563 2447 3697 2502 κατὰ
3747 2445 3894 2511 τάξιν

2229 2539 2312 2595 διὰ
2342 2544 2440 2606 τῆς
2503 2541 2732 2615 νομίμου
2792 2541 2944 2614 θύρας
2989 2542 3023 2608 ἡ
3084 2540 3214 2618 πρὸς
3261 2540 3356 2606 τὴν
3415 2538 3588 2594 πίστιν
3645 2539 3734 2592 καὶ
3791 2537 3892 2603 τὴν

2227 2625 2550 2696 Ἐκκλησίαν
2595 2627 2800 2691 εἴσοδος
2816 2678 2829 2691 .

2311 2717 2438 2781 Col.
2487 2717 2596 2779 401
2651 2717 2701 2779 Α
2761 2719 2814 2781 1.
2872 2715 3020 2783 Μηδὲ
3081 2715 3310 2783 ξένης...
3366 2716 3530 2791 ἀμήν.
3581 2714 3814 2793 Εἴρηκεκ.
3865 2718 3890 2769 6

2234 2809 2457 2885 Χριστὸς
2503 2807 2559 2862 ἐν
2607 2815 2682 2883 τῷ
2729 2807 3059 2886 Εὑαγγελίῳ,
3101 2807 3180 2862 ὃτι
3231 2807 3308 2863 Τὰ
3372 2801 3606 2880 πρόϐατα
3662 2804 3729 2859 τὰ
3786 2803 3892 2878 ἐμὲ

2233 2898 2327 2952 οὒκ
2382 2895 2556 2954 οἴδασι
2631 2904 2736 2955 τῶν
2813 2895 3104 2976 ἀλλοτρίων
3177 2897 3277 2963 τὴν
3357 2895 3560 2975 φωνήν,
3651 2892 3897 2950 Ἐκεῖθεν

2233 2985 2321 3043 οὖν
2365 2985 2546 3044 λαϐὼν
2604 2991 2630 3044 6
2679 2986 2945 3065 Θεολόγος
3005 2987 3164 3066 φησὶν
3208 2985 3451 3064 ἐνταῦθα,
3503 2986 3583 3039 ὁτι
3618 2980 3767 3050 Μηδὲ
3799 2988 3900 3048 τῆς

2232 3073 2384 3143 ξένης
2444 3083 2629 3158 φωνῆς
2691 3078 2934 3156 ἀκούετε,
3012 3075 3124 3142 ἥτις
3185 3074 3512 3132 ὑποκλέπτει
3575 3075 3663 3129 καὶ
3722 3072 3906 3142 ἅπατᾷ

2231 3166 2317 3221 καὶ
2368 3164 2724 3246 διασκορπίζει
2776 3167 2882 3222 ἀπὸ
2939 3171 3040 3233 τῆς
3088 3172 3211 3241 μιᾶς
3256 3166 3344 3221 καὶ
3376 3163 3620 3220 ἐνοποιοῦ
3649 3162 3905 3228 ἀληθείας

2230 3256 2304 3318 εἰς
2337 3253 2623 3336 διαφόρους
2654 3256 2806 3322 δόξας
2843 3275 2856 3290 ⁶
2897 3255 3096 3320 α’ίτινες
3126 3253 3269 3320 δοξαι
3303 3252 3385 3309 διὰ
3435 3254 3534 3329 μὲν
3565 3253 3628 3308 τὸ
3655 3250 3895 3322 ἄναντες,

2230 3343 2329 3424 ὅρη
2375 3345 2621 3424 λέγονται
2657 3352 2921 3424 τροπικῶς
2959 3362 2972 3377 '
3010 3343 3102 3401 διὰ
3155 3343 3211 3400 δὲ
3240 3347 3300 3400 τὸ
3331 3343 3590 3423 ἄκαρπον,
3625 3341 3844 3420 ἐρημίαι
3877 3358 3892 3370 ·

2228 3433 2313 3492 διὰ
2367 3433 2422 3491 δὲ
2466 3437 2526 3492 τὸ
2580 3434 2913 3517 κρημνῶδες,
2963 3436 3219 3516 βείραθρα.
3279 3434 3349 3493 T6
3393 3431 3470 3509 δὲ,
3532 3433 3633 3491 Καὶ
3663 3433 3889 3511 τόπους,

2228 3523 2318 3588 οὒς
2376 3528 2471 3583 οὒκ
2525 3529 2812 3583 ἐπισκοπεῖ
2846 3527 3056 3606 Κύριος,
3093 3531 3196 3582 τῶν
3226 3525 3489 3604 ῥηθέντων
3539 3524 3876 3604 ἐφερμηνευ-

2226 3615 2375 3672 τικόν
2419 3615 2583 3679 ἐστιν.
2631 3616 2902 3684 Ε’ίληπται
2955 3615 3011 3673 δὲ
3055 3618 3115 3673 τὸ
3171 3616 3330 3695 ῥητὸν
3389 3617 3495 3672 ἀπὸ
3528 3617 3634 3672 τῶν
3663 3620 3874 3694 Παροισ

2224 3712 2362 3782 μιῶν
2449 3706 2823 3783 Σολομῶντος.
2915 3697 2973 3765 Ὀ
3062 3706 3411 3783 πλανώμενος
3498 3708 3622 3785 γὰρ,
3683 3708 3872 3786 φησὶν,

2224 3796 2280 3852 ἐν
2336 3795 2553 3877 πύλαις,
2629 3796 3002 3867 αύλισθήοεται
3070 3797 3122 3854 ἐν
3182 3797 3392 3871 τόποις,
3453 3800 3538 3862 ιιῖς
3612 3800 3705 3855 οὒκ
3755 3797 3881 3852 ἐπι-

2226 3901 2511 3944 σκοπεῖς-αι
2573 3890 2600 3944 6
2660 3888 2908 3953 Αὶώνιος,
2985 3878 3048 3944 Ἠ
3117 3887 3340 3954 τοιαύτη
3409 3892 3514 3944 τῶν
3573 3884 3894 3967 ἑτεροδόξων

2227 3980 2401 4058 φωνὴ,
2440 3979 2634 4057 ἀπάγει
2681 3977 2779 4055 μὲν
2811 3979 2918 4038 ἀπὸ
2959 3983 3058 4045 τῆς
3112 3979 3292 4056 ὑγιοῦς
3351 3984 3605 4052 πίστεως,
3665 3982 3768 4044 τῆς
3815 3979 3892 4041 εἱς

2227 4067 2326 4133 τὴν
2377 4067 2529 4145 ἁγίαν
2571 4065 2787 4142 Τριάδα,
2849 4068 2917 4133 ἧς
2971 4066 3197 4134 ἤκουσεν
3259 4067 3339 4123 ἀεὶ
3385 4073 3595 4148 φωνῆς,
3649 4072 3750 4134 τῆς
3798 4090 3902 4146 περ

2230 4156 2330 4225 τῆς
2382 4157 2563 4234 ὑγιοῦς
2607 4155 2813 4224 δηλαδὴ
2844 4157 3102 4232 πίστεως,
3136 4157 3202 4214 τὰ
3234 4157 3337 4234 ἐμὰ
3380 4155 3646 4235 πρόϐατα,
3678 4163 3716 4212 Γ
3723 4157 3902 4214 ένοιτο

2232 4245 2286 4301 δὲ
2331 4247 2418 4302 καὶ
2465 4246 2700 4310 ἀκούειν,
2763 4253 3084 4326 Συλαγωγεϊ
3132 4247 3219 4328 (1)
3275 4246 3330 4302 δὲ
3373 4249 3419 4304 ὡ
3465 4253 3570 4304 τῶν
3618 4249 3902 4328 αἱρετικῶν

2231 4336 2404 4414 φωνὴ,
2468 4337 2734 4394 τουτέστιν
2808 4339 2882 4401 ὡς
2975 4336 3178 4419 λάφυρα
3234 4335 3510 4417 διαρπάζει
3567 4339 3656 4394 καὶ
3698 4337 3908 4417 ἀπάγει

478 4428 550 4490 tit.
584 4437 641 4488 et
663 4422 1038 4502 separat,qui
1063 4442 1240 4484 verus
1269 4433 1328 4484 et
1357 4425 1591 4504 primus
1615 4435 1705 4488 est
1736 4435 1940 4506 pastor
1975 4449 1986 4490 :
2028 4428 2140 4508 pri.

2231 4426 2353 4490 τοὺς
2407 4425 2829 4507 ἁπλουστέρους,
2898 4427 3078 4507 λόγοις
3155 4431 3498 4507 παρασήμοις
3563 4431 3652 4487 καὶ
3709 4429 3902 4490 ἀδοκί-

474 4537 609 4580 mus
641 4515 906 4596 quidem,
949 4514 1086 4593 quia
1117 4513 1236 4573 dux
1267 4523 1326 4576 et
1349 4522 1557 4575 auctor
1587 4514 1732 4576 ﬁdei
1763 4525 1916 4577 nosti
1937 4537 1986 4579 aa
2012 4517 2146 4579 dic-

476 4615 571 4668 tus
604 4615 692 4666 est
721 4603 802 4678 19,
826 4603 1277 4683 profectamque
1300 4603 1628 4664 doctrinam
1662 4606 2000 4685 auspicatus
2025 4621 2143 4669 est:

475 4713 650 4758 verus
679 4703 901 4766 autem,
938 4689 1014 4752 ob
1075 4690 1646 4755 excellentissimam
1682 4695 2137 4775 perfectionem.

475 4787 672 4865 Atque
703 4802 772 4845 ex
805 4780 1094 4862 Apostolo
1120 4781 1244 4841 haec
1270 4801 1509 4863 quoque
1531 4794 1768 4864 sumpta
1799 4786 2140 4850 sunt.Scri-

478 4876 566 4939 bit
597 4877 757 4936 enim
789 4873 863 4935 ad
887 4872 1276 4934 Colossenses
1311 4894 1324 4936 :
1369 4873 1576 4936 Videte
1620 4893 1696 4937 ne
1725 4878 1865 4956 quis
1898 4895 1999 4940 vos
2027 4879 2138 4940 de-

469 4966 793 5049 praedetur
820 4980 933 5044 per
972 4961 1442 5044 philosophiam,
1493 4971 1550 5026 et
1605 4967 1848 5028 inanem
1885 4966 2134 5045 fallaci—

477 5075 577 5120 am
600 5055 1015 5118 20.Eitternam
1045 5052 1223 5130 igitur
1249 5052 1687 5135 philosophiam
1718 5066 1959 5118 sanctus
1990 5056 2140 5120 Pau-

478 5148 569 5209 lus
589 5147 828 5210 inauem
854 5143 1145 5204 fallaciam
1171 5143 1522 5206 nominavit:
1550 5144 1891 5226 Theologus
1912 5157 2134 5224 autem,

477 5254 789 5300 sermones
819 5233 1190 5295 adulterinos
1251 5241 1309 5300 et
1367 5244 1700 5316 corruptos.
1741 5239 1956 5299 Postea
2007 5248 2139 5299 voto

480 5328 812 5388 orationem
831 5322 1156 5384 concludit.
1187 5319 1366 5402 Optat
1387 5323 1546 5386 enim
1573 5333 1638 5386 ut
1660 5333 1929 5404 pastores
1961 5333 2140 5408 atque

915 5499 966 5542 ¹⁷
989 5499 1138 5564 ibid.
1173 5503 1232 5562 7.

564 5503 614 5548 t6
636 5522 698 5581 χ,
727 5503 828 5567 44,
915 5499 966 5542 ιτ
989 5499 1138 5564 ibid.
1173 5503 1232 5562 7.
1319 5499 1374 5544 ιε
1402 5500 1550 5567 ibid.
1575 5504 1636 5567 5.

2234 4537 2354 4592 μοις
2413 4515 2674 4597 (τοιοῦτον
2736 4519 2836 4598 γὰρ
2897 4519 2959 4575 τὸ
3001 4515 3305 4599 κίϐδηλον),
3377 4522 3466 4575 καὶ
3521 4522 3740 4599 χωρίζει
3793 4523 3903 4580 ἀπὸ

2234 4614 2466 4685 Χριστοῦ
2497 4615 2589 4665 τοῦ
2643 4608 2894 4676 ἀληθινοῦ
2941 4609 3027 4666 οιαὶ
3079 4609 3291 4688 πρώτου
3339 4610 3636 4687 ποιμένος·
3686 4615 3904 4686 πρώτου

2233 4695 2360 4772 μὲν,
2394 4695 2475 4753 ὅτι
2521 4700 2678 4762 αὐτὸς
2742 4701 2987 4779 ἀρχηγὸς
3033 4704 3132 4767 τῆς
3186 4702 3416 4764 πίστεως
3458 4703 3593 4777 ἡμῖν
3654 4702 3905 4782 ἐχρημά-

2224 4807 2339 4841 τισε
2372 4789 2461 4843 καὶ
2506 4789 2603 4856 τῆς
2635 4787 2847 4854 τελείας
2910 4787 3141 4868 κατῆρξε
3198 4788 3536 4854 διδασκαλίας
3573 4813 3586 4824 ·
3650 4792 3908 4861 ἀληθινοῦ

2225 4873 2303 4951 δὲ,
2340 4874 2424 4933 διὰ
2460 4880 2520 4933 τὸ
2553 4879 2742 4958 κυρίως
2775 4882 2863 4936 καὶ
2918 4879 3036 4936 καθ’
3065 4881 3368 4960 δπεροχήν.
3406 4879 3502 4938 Ἐκ
3531 4878 3583 4936 δὲ
3615 4882 3707 4938 τοῧ
3739 4883 3908 4942 Ἀπο-

2223 4964 2417 5023 στόλου
2460 4969 2547 5025 καὶ
2592 4976 2762 5026 ταῦτα
2805 4969 3036 5050 ἐλήφθη.
3104 4971 3293 5050 Γράφει
3351 4971 3452 5049 γὰρ
3485 4968 3848 5032 Κολοσσαεῦσι
3886 4989 3901 5004 ⁸

2223 5055 2479 5135 Βλέπετε,
2544 5060 2704 5136 μήτις
2759 5061 2896 5137 ὑμᾶς
2948 5058 3094 5116 ἔσται
3170 5063 3197 5116 6
3272 5058 3599 5140 συλαγωγῶν
3657 5060 3743 5120 διὰ
3798 5070 3902 5132 τῆς

2221 5145 2537 5228 φιλοσοφίας
2587 5151 2673 5206 καὶ
2731 5150 2890 5218 κενῆς
2952 5149 3189 5218 ἀπάτης.
3255 5150 3362 5219 Τὴν
3393 5149 3492 5216 ἔξω
3522 5151 3609 5208 οὖν
3663 5151 3903 5232 φιλοσο-

2222 5237 2335 5318 φίεν
2402 5240 2430 5294 6
2489 5238 2587 5314 μὲν
2648 5238 2802 5319 ἅγιος
2861 5239 3070 5304 Παῦλος
3121 5240 3281 5308 κενὴν
3339 5240 3552 5309 ἀπάτην
3581 5242 3896 5319 ὠνόμασεν·

2222 5329 2250 5384 6
2286 5325 2340 5383 δὲ
2375 5327 2662 5411 Θεολόγος,
2723 5328 2916 5410 λόγους
2974 5332 3564 5411 παρακεχαραγμένους
3624 5334 3716 5390 καὶ
3780 5332 3901 5392 διε-

1724 5503 1780 5548 ίθ
1801 5502 1990 5568 Hebr.
2026 5521 2128 5582 x11,
2171 5506 2232 5571 8.

572 5685 649 5778 (_t)
679 5688 749 5751 Et
777 5686 875 5749 hic
906 5693 965 5746 et
992 5683 1168 5766 paulo
1220 5685 1468 5748 inferius
1499 5686 1721 5751 inloco
1754 5688 2008 5752 Paulino
2044 5695 2516 5776 suprascriptum
2578 5696 2878 5777 reperitur
2925 5696 3132 5778 primae
3185 5693 3426 5776 syllabae
3482 5694 3739 5758 alterum
3794 5695 3900 5758 lin

489 5769 622 5828 cod.
651 5787 706 5835 α.
