4102 6380
322 361 441 425 977

1481 357 1587 424 AD
1630 360 1689 425 8.
1736 358 2104 427 CREGOBII
2146 364 2375 431 ORAT.
2422 362 2527 427 XI.

3585 330 3725 431 978’

323 494 403 553 διὸ
451 495 566 575 χρὴ
622 495 875 552 πάντοθεν
926 493 1153 569 ἄμωμον
1224 494 1504 573 τηρεῖσθαι
1547 496 1610 552 τὸ
1687 502 1845 563 σῶμα
1901 496 1963 553 τὸ

2053 500 2134 558 tet
2167 496 2414 558 omnino
2464 496 2911 560 immaculatum
2935 513 3151 578 corpus
3200 502 3469 559 nostrum
3494 515 3699 562 serve-

322 584 602 664 ἢμέτερον,
657 583 751 642 ἵνα
832 581 973 650 ἄξιον
1041 583 1133 651 εἴη
1175 606 1268 642 του
1320 587 1647 658 θυσιάζεσθαι
1704 593 1782 664 τῷ
1824 590 1963 665 Θεῷ,

324 672 544 744 Ἐπειδὴ
601 673 658 732 δὲ
717 677 863 749 εἷπε,
898 675 1284 752 Παραστήσατε
1308 676 1510 756 θυσίαν,
1543 673 1636 732 ἵνα
1668 677 1745 752 μὴ
1780 701 1861 743 τις
1882 703 1970 737 νο-

324 765 480 846 μίση,
541 764 623 822 ὅτι
679 763 1010 843 κατασφάξαι
1067 762 1269 820 κελεύει
1318 764 1385 821 τὰ
1441 766 1687 841 σώματα,
1748 768 1966 849 ταχὲως

322 855 589 935 ἐπήγαγε,
648 855 849 927 ζῶσαν.
911 854 1009 912 Καὶ
1084 853 1431 933 προσέθηκεν,
1485 856 1639 935 ἁγίαν
1697 858 1783 914 καὶ
1836 858 1966 918 εὒά-

323 967 531 1024 ρεστον,
590 944 805 1022 διαιρῶν
864 945 1027 1013 αὐτὴν
1065 945 1173 1003 ἀπὸ
1222 946 1319 1013 τῆς
1380 943 1705 1015 Ἰουδαϊκῆς.
1735 946 1801 1005 Ἦ
1844 970 1965 1006 τοι-

321 1036 455 1103 αύτη
524 1035 624 1116 γὰρ
678 1035 851 1116 θυσία,
897 1035 1313 1116 εὖαρεστήσεως⁶
1371 1037 1407 1104 ἡ
1442 1033 1498 1092 δὲ
1530 1038 1635 1092 τῶν
1672 1034 1962 1114 Ἰουδαίων,

320 1115 635 1195 ἀκάθαρτος.
694 1115 904 1184 Ἐκείνη
959 1117 1022 1173 τὸ
1086 1115 1366 1192 τεθυμένον
1424 1117 1609 1196 νεκρὸν
1668 1116 1962 1201 ἀπέφηνενο

320 1208 450 1274 αύτη
506 1208 567 1263 τὸ
599 1206 900 1287 τεθυμένον,
974 1212 1079 1279 ζῶν
1149 1205 1453 1285 ὶργάζεταιο
1507 1210 1595 1265 δτε
1618 1208 1719 1287 γὰρ
1759 1210 1964 1291 νεκρώ-

320 1319 483 1374 σομεν
529 1300 685 1373 ἡμῶν
745 1297 814 1354 τὰ
843 1296 1008 1377 μέλη,
1066 1297 1187 1355 τότε
1217 1295 1551 1375 δυνησόμεθα
1579 1304 1699 1375 ζῇν,
1733 1299 1964 1372 Κάκείνη

323 1388 421 1464 μὲν
475 1388 785 1468 σωματικὴ,
870 1385 1003 1456 αὕτη
1077 1385 1132 1445 δέ
1208 1386 1427 1469 λογικὴ,
1487 1387 1756 1447 τουτέστιν
1818 1391 1967 1452 οὐδὲν

325 1478 525 1559 ἔχουσα
581 1478 753 1559 παχὺ,
787 1476 904 1537 οὐδὲ
936 1478 1208 1546 αἰσθητόν.
1246 1479 1449 1559 Λογικὴ
1476 1476 1530 1536 δὲ
1561 1478 1773 1561 λατρεία
1799 1481 1962 1565 ἐστὶν,

324 1570 358 1637 ἡ
414 1568 748 1642 πνευματικὴ
805 1565 1063 1643 διακονία,
1124 1569 1159 1637 ἡ
1232 1569 1368 1625 κατά
1408 1569 1634 1646 Χριστὸν
1693 1568 1964 1638 πολιτεία.

329 1660 572 1735 Καθάπερ
628 1666 718 1715 οῦν
772 1660 795 1715 ε
839 1657 892 1713 ἐν
947 1661 1026 1733 τῷ
1081 1658 1219 1733 οἲκῳ
1239 1665 1331 1717 τοῦ
1359 1666 1488 1716 Θεοῦ
1535 1657 1960 1739 διακονούμενος,

325 1760 441 1812 οἶος
498 1746 559 1805 ἄν
618 1747 675 1827 ᾗ,
736 1745 1077 1805 συστέλλεται
1134 1746 1253 1805 τόυε
1302 1750 1391 1806 καὶ
1433 1748 1707 1828 ἱερώτερος
1738 1751 1962 1825 γίνεται·

2054 593 2281 658 mus,ut
2302 586 2546 666 dignum
2562 586 2939 667 sitquodDeo
2954 585 3578 667 oﬂ‘eraturPostquam
3600 604 3706 650 au-

2051 681 2169 737 tem
2196 676 2365 749 dixit,
2401 677 2729 739 exhibeatis
2772 677 3050 752 hostiam,
3090 695 3164 738 ne
3188 675 3321 757 quis
3340 675 3707 740 existimaret

2049 765 2207 845 quod
2230 766 2526 828 immolari
2546 767 2754 847 jubeat
2775 784 3050 847 corpora,
3080 766 3351 847 protinus
3364 765 3704 845 adjicit,vi-

2047 862 2283 917 ventem
2293 864 2376 933 ,‘et
2397 856 2924 932 deinde,sanctam
2940 865 2992 918 et
3020 856 3134 918 Deo
3148 855 3514 935 placentem,
3538 875 3571 917 a
3599 857 3706 920 Ju-

2048 943 2215 1005 daica
2242 964 2567 1008 secernens
2602 965 2756 1009 eam.
2801 946 2937 1008 Aaec
2967 947 3126 1008 enim
3187 944 3564 1024 beneplacita
3613 952 3708 1008 est

2048 1032 2261 1107 hostia,
2296 1034 2636 1097 Judmorum
2680 1053 2819 1097 vero
2853 1034 3163 1096 immunda
3204 1052 3218 1106 ;
3256 1034 3367 1095 ista
3399 1034 3559 1096 enim
3583 1034 3703 1096 im-

2052 1124 2334 1185 molatum
2371 1134 2668 1187 mortuum
2703 1125 2961 1187 ostendit
2995 1144 3011 1202 ;
3046 1125 3172 1186 haec
3203 1132 3398 1185 autem
3432 1125 3703 1187 immola-

2052 1220 2173 1275 tum
2207 1213 2502 1276 viventem
2537 1216 2741 1277 efficit.
2798 1214 2946 1277 Nam
2992 1215 3261 1275 membra
3317 1220 3519 1275 nostra
3564 1232 3700 1277 cum

2056 1303 2632 1380 mortificaverimus,
2712 1314 2850 1366 tunc
2906 1304 3103 1366 vivere
3166 1303 3521 1384 poterimus.
3588 1306 3705 1366 Ista

2051 1392 2293 1472 quidem
2322 1395 2675 1475 corporalis,
2710 1396 2836 1457 haec
2886 1402 3084 1457 autem
3106 1392 3502 1475 rationabilis,
3551 1393 3702 1455 nihil

2048 1482 2276 1543 scilicet
2300 1485 2516 1564 pingue
2546 1485 2637 1547 vel
2665 1485 2886 1547 sensile
2911 1484 3160 1547 habens.
3193 1482 3577 1546 Rationabile
3602 1502 3701 1546 au-

2049 1578 2167 1632 tem
2202 1572 2552 1656 obsequium
2579 1582 2691 1656 est,-
2739 1574 3051 1655 spirituale
3085 1571 3506 1645 ministerium,
3534 1574 3703 1653 juxta

2049 1657 2346 1723 Christum
2379 1664 2835 1728 administratio.
2885 1666 3049 1727 Sicut
3104 1665 3283 1744 igitur
3332 1661 3434 1743 qui
3482 1662 3545 1723 in
3590 1663 3701 1726 Dei

2050 1749 2229 1811 domo
2264 1751 2579 1829 ministrat,
2643 1754 2833 1837 qualis
2865 1762 3045 1836 esset,
3082 1767 3225 1815 tunc
3277 1760 3611 1814 coarctatur
3643 1758 3705 1814 et

322 1836 460 1895 οὕτω
486 1839 572 1894 καὶ
618 1840 763 1913 ἡμᾶς
819 1838 910 1894 τὸν
938 1834 1145 1895 ἅπαντα
1184 1838 1297 1913 βίον
1352 1836 1647 1896 διακεῖσθαι
1690 1841 1827 1919 χρὴ,
1889 1843 1963 1908 ὡς

2053 1841 2311 1901 sanctior
2338 1843 2422 1918 ﬁt,
2460 1845 2544 1906 sic
2603 1834 2677 1906 etv
2696 1834 3098 1926 nosmetipsos
3130 1862 3237 1925 per
3270 1862 3491 1905 omnen
3523 1842 3700 1904 vitam

321 1927 667 2009 λατρεύοντας
725 1929 815 1985 καὶ
881 1928 1223 2007 ἱερωμένους.
1301 1931 1413 1997 Τὴν
1444 1929 1624 2006 μέντοι
1690 1928 1959 2011 λατρείαν,

320 2018 548 2086 ἔντευξιν
606 2022 633 2075 δ
683 2017 947 2095 Θεολόγος
1010 2018 1280 2094 ὠνόμασε,
1345 2017 1425 2075 Δι’
1458 2020 1623 2089 αὔτῆς
1654 2021 1755 2100 γὰρ
1777 2020 1962 2101 ἐντυγ-

319 2112 556 2193 χάνομεν
614 2112 702 2168 καὶ
759 2109 1046 2186 ὁμιλοῦμεν
1103 2118 1237 2186 Θεῷ.
1328 2108 1485 2169 Ούδὲν
1544 2112 1643 2191 γὰρ
1702 2111 1841 2170 οὕτω
1887 2121 1966 2189 τῷ

320 2204 533 2280 καθαρῷ
594 2207 709 2275 Θεῷ
736 2200 936 2276 τίμιον,
964 2202 1037 2265 ὡς
1069 2201 1369 2281 καθαρότης
1419 2200 1453 2270 ἤ
1482 2203 1760 2282 κάθαρσις.
1796 2193 1964 2261 ’Ἐστι

325 2290 380 2349 δὲ
448 2292 742 2369 καθαρότης
786 2292 904 2369 μέν,
964 2294 1026 2350 τὸ
1055 2291 1157 2362 ἢδη
1218 2296 1565 2374 καθαρθῆναι·
1600 2295 1852 2374 κάθαρσις
1883 2294 1960 2374 δὲ,

326 2383 387 2439 τὸ
460 2380 535 2438 ’ἐτι
594 2384 943 2459 καθαίρεσθαιο
1004 2382 1041 2451 ἢ
1091 2383 1389 2463 καθαρότης
1423 2382 1542 2464 μὲν,
1574 2384 1636 2440 τὸ
1679 2385 1759 2460 μὴ
1790 2385 1964 2461 ἐμπε-

327 2486 442 2531 σεῖν
501 2473 573 2538 εἷς
625 2474 959 2549 μιθύσματαο
991 2472 1239 2541 κάθαρσις
1289 2472 1368 2546 δὲ,
1420 2476 1482 2530 τὸ
1530 2474 1668 2550 μετά
1702 2476 1762 2532 τὸ
1794 2475 1966 2551 ἐμπε-

324 2576 440 2621 σετν
498 2564 897 2624 ἀπονίπτεσθαι.
933 2562 1059 2621 Ἐὰν
1116 2564 1287 2621 τοίνυν
1316 2562 1632 2641 βουλώμεθα
1682 2565 1965 2644 ἑορτάζον-

321 2675 407 2719 τες
463 2654 765 2732 θεραπεύειν
850 2653 968 2715 τοὺς
1047 2653 1339 2733 μάρτυρας,
1398 2661 1553 2711 τοῦτο
1610 2668 1730 2721 τοῖς
1786 2653 1965 2722 ἄθλοις

322 2747 490 2803 αὐτῶν
546 2743 918 2823 χαρισώμεθα,
968 2745 1031 2801 τὸ
1085 2745 1175 2801 καί
1226 2745 1375 2802 αὐτοὶ
1435 2747 1857 2826 στεφανωθῆναι,
1892 2748 1965 2812 ὡς

321 2834 532 2900 νικηταὶ
588 2838 686 2901 τῆς
755 2834 1017 2914 ἁμαρτίας
1037 2835 1124 2891 καὶ
1151 2834 1259 2891 τῶν
1290 2833 1578 2915 δαιμόνων,
1627 2836 1715 2893 καὶ
1745 2836 1805 2891 τὸ
1837 2834 1964 2893 ἐπι-

318 2936 512 3004 τυχεῖν
564 2927 662 2988 τῆς
712 2927 876 2990 αὒτῆς
927 2922 1107 2999 δόξης,
1138 2925 1197 2981 ού
1246 2925 1407 3000 μόνον
1435 2923 1535 2993 τῆς
1564 2925 1708 3005 παρὰ
1733 2928 1840 2981 τῶν
1865 2926 1965 2982 ἆν-

318 3015 565 3091 θρώπων,
628 3011 765 3069 ἀλλὰ
819 3014 907 3070 καὶ
964 3015 1063 3080 τῆς
1136 3011 1460 3089 μελλούσης,
1512 3016 1580 3081 ἧς
1640 3012 1804 3094 μικρά
1833 3017 1963 3072 εἰσιν

318 3106 700 3184 ὑπομνήματα,
756 3107 807 3159 αἱ
867 3102 1129 3181 ὁρώμεναι
1188 3105 1361 3181 τιμαὶ,
1425 3106 1477 3160 αἱ
1507 3103 1637 3185 παρ’
1661 3104 1817 3180 ἡμῶν
1840 3117 1962 3170 τοτς

322 3194 541 3272 μάρτυσι
620 3194 1042 3273 προσαγόμεναι,
1125 3195 1231 3253 Οὗκ
1295 3192 1437 3251 ἔστιν
1493 3196 1629 3270 ἡμῖν
1690 3197 1724 3264 ἡ
1784 3194 1956 3270 πάλη,

2047 1931 2214 2009 quasi
2233 1932 2552 1996 adorantes
2575 1944 2635 1996 et
2661 1935 3059 1997 sanctiﬁcatos
3074 1934 3443 2015 praebeamus
3456 1951 3703 1995 necesse

2048 2030 2156 2081 est.
2194 2022 2366 2094 Quod
2400 2024 2649 2102 quiEem
2675 2025 3028 2106 obsequium
3065 2024 3469 2105 precationem
3501 2022 3700 2085 Theo-

2051 2110 2218 2189 logus
2247 2113 2585 2193 appellavit.
2621 2114 2889 2196 Namque
2913 2134 3021 2197 per
3045 2114 3190 2176 illud
3224 2113 3394 2191 quasi
3424 2114 3700 2175 adhaere-

2055 2218 2182 2260 mus
2215 2202 2361 2265 Deo.
2392 2204 2601 2284 Neque
2627 2205 2788 2266 enim
2822 2224 3007 2287 purus
3039 2207 3198 2267 Deus
3222 2212 3380 2265 tanto
3416 2204 3475 2264 in
3509 2202 3699 2283 pretio

2051 2290 2373 2371 quidquam
2411 2293 2607 2369 habet,
2653 2314 2830 2376 quam
2865 2295 3179 2377 puritatem
3231 2302 3331 2356 aut
3389 2294 3699 2376 purgatio-

2050 2398 2207 2441 nem.
2247 2380 2479 2444 Puritas
2510 2392 2705 2447 autem
2724 2387 2847 2466 jam
2874 2386 3164 2466 puriﬁcati
3198 2393 3307 2459 est,
3345 2392 3402 2446 et
3434 2383 3699 2465 purgatio

2049 2470 2241 2530 adhuc
2265 2490 2329 2531 se
2375 2473 2763 2552 puriﬁcantis.
2799 2476 3035 2539 Puritas
3067 2474 3312 2555 quippe,
3341 2493 3457 2535 non
3509 2475 3571 2536 in
3600 2475 3699 2535 in-

2048 2559 2431 2639 quinamenta
2455 2563 2747 2639 incidere;
2779 2565 3045 2646 purgatio
3077 2572 3302 2638 autem,
3334 2572 3467 2644 post
3496 2562 3701 2644 inqui-

2053 2649 2351 2711 nationem
2377 2653 2670 2715 mundari.
2721 2654 2784 2717 Si
2811 2656 2994 2735 igitur
3020 2655 3235 2716 festum
3267 2660 3510 2732 agentes
3534 2672 3699 2715 mar-

2051 2746 2213 2817 tyres
2246 2741 2473 2807 honore
2501 2745 2783 2823 prosequi
2814 2746 3204 2824 voluerimus,
3244 2745 3355 2805 hoc
3387 2742 3699 2805 laboribus

2050 2847 2254 2890 eorum
2293 2831 2971 2911 imlulgeamus,scilicet
3000 2843 3063 2896 ut
3084 2843 3141 2897 et
3169 2834 3282 2915 ipsi
3312 2852 3691 2907 coronemur,

2051 2919 2217 2998 quasi
2240 2922 2467 2999 peccati
2503 2922 2944 3005 daemonunque
2988 2926 3263 2999 victores,
3308 2931 3366 2985 et
3420 2927 3697 2985 eamdem

2048 3026 2491 3090 consequamur
2511 3013 2782 3096 gloriam,
2811 3034 2931 3076 non
2963 3034 3093 3078 eam
3122 3014 3297 3075 modo
3319 3033 3455 3093 quae
3474 3032 3549 3075 ex
3582 3014 3697 3075 ho-

2048 3098 2311 3160 minibus
2335 3101 2515 3182 venit,
2543 3103 2648 3165 sed
2675 3112 2732 3165 et
2778 3123 2905 3166 eam
2935 3125 3069 3186 quae
3116 3107 3312 3168 futura
3370 3112 3482 3185 est,
3529 3104 3701 3184 cujus

2050 3190 2413 3252 monimenta
2458 3193 2668 3272 exigua
2696 3203 2835 3256 sunt
2863 3197 2962 3275 qui
2996 3195 3185 3257 oculis
3215 3202 3546 3258 cernuntur
3577 3195 3702 3272 qui-

325 3284 458 3340 κατὰ
519 3285 608 3340 τὸν
657 3282 1010 3360 Ἀπόστολον,
1063 3286 1194 3363 πρὸς
1253 3285 1394 3360 αἷμα
1425 3284 1511 3341 καὶ
1555 3285 1747 3362 σάρκα,
1798 3284 1960 3363 ἤγουν

2053 3298 2162 3360 que
2208 3298 2239 3339 a
2274 3281 2446 3343 nobis
2483 3283 2838 3364 martyribus
2871 3286 3219 3347 tribuuntur
3248 3286 3527 3346 honores.
3562 3284 3701 3345 Non

320 3375 451 3453 πρὸς
507 3373 833 3453 ἀνθρώπους,
894 3372 1032 3431 ἀλλὰ
1116 3376 1247 3453 πρὸς
1297 3376 1417 3440 τοὺς
1500 3375 1763 3452 ἀσάρκους
1839 3374 1959 3432 δαί-

312 3486 500 3541 μονας,
561 3463 759 3531 οἵτινες
812 3464 976 3545 ἀρχαὶ
1047 3465 1145 3540 μὲν
1226 3464 1502 3544 λέγονται,
1589 3468 1659 3523 ὼῖ
1722 3465 1960 3547 ἀρχηγοὶ

310 3561 415 3613 τῶν
467 3557 670 3628 παθῶν,
761 3554 848 3621 οἷς
920 3550 977 3613 οἵ
1042 3556 1371 3636 ταλαὶπωροι
1446 3554 1657 3618 ἑκόντες
1716 3554 1959 3614 δουλεύο-

313 3663 434 3723 μεν·
547 3643 769 3711 ἐξουσὶαι
846 3643 925 3719 δὲ,
999 3648 1073 3711 ὡς
1167 3643 1250 3702 δίά
1316 3645 1494 3722 μέσων
1561 3651 1668 3703 τῶν
1775 3650 1959 3703 παθῶν

314 3734 805 3805 κατεξουσιάζοντες
898 3737 1078 3812 ἡμῶν.
1199 3737 1625 3816 κοσμοκράτορες
1713 3736 1793 3817 δὲ,
1887 3738 1961 3800 ὡς

316 3832 771 3903 κατακρατοῦντες
823 3831 928 3883 τῶν
1004 3826 1069 3883 τὰ
1137 3828 1370 3902 κοσμικά
1460 3827 1813 3907 φρονούντων,
1894 3827 1971 3885 Τὰ

318 3917 591 3993 πνεύματα
638 3922 736 3984 τῆς
823 3919 1108 3995 πονηρὶας,
1194 3917 1261 3973 τὰ
1330 3916 1384 3973 ἔν
1441 3931 1558 3981 τοῖς
1617 3917 1971 3995 ἐπουρανὶοις,

317 4010 475 4088 ἤγουν
527 4008 593 4065 τὰ
651 4025 706 4063 εν
733 4015 810 4084 τῷ
879 4008 991 4088 ἀέρι
1050 4009 1405 4089 στρεφόμενα.
1468 4008 1690 4087 Λέγεται
1735 4007 1835 4088 γάρ
1884 4011 1979 4068 καὶ

321 4103 349 4157 ὁ
411 4100 535 4175 ἀὴρ,
617 4098 860 4177 οὐρανὸς,
911 4098 1041 4177 ὅπερ
1093 4098 1400 4177 ἒρμηνεύων
1443 4100 1471 4155 ὁ
1502 4097 1793 4176 Θεολόγος,
1821 4101 1970 4170 lsi-nﬁ-

319 4212 473 4271 γαγε,
554 4190 641 4246 καὶ
694 4190 813 4269 περὶ
869 4190 936 4247 τὰ
992 4188 1229 4266 οὗράνια.
1262 4186 1681 4269 Ἀγωνισώμεθα
1712 4195 1803 4245 οὖν
1832 4191 1965 4269 πρὸς

320 4282 407 4336 τὸν
494 4277 748 4360 ἐμφ’λιον
828 4278 881 4336 ἐν
969 4280 1106 4355 ἡμῖν
1190 4278 1449 4353 πόλεμον
1508 4278 1654 4358 λέγει
1740 4279 1840 4357 γὰρ
1940 4281 1969 4336 ό

320 4368 671 4441 Ἀπὸστολος,
735 4372 874 4426 εἷναί
921 4392 1041 4427 τινα
1087 4368 1141 4427 ἐν
1201 4383 1320 4433 τοῖς
1372 4367 1586 4446 μέλεσιν
1614 4368 1772 4445 ἡμῶν
1802 4369 1968 4445 νόμον

319 4461 600 4539 ἁμαρτίας,
634 4461 725 4515 τὸν
754 4459 1288 4541 ἀντιστρατευόμενον
1333 4466 1411 4535 τῷ
1452 4460 1602 4535 νόμῳ
1674 4466 1763 4516 τοῦ
1821 4461 1964 4541 νοὸς,

316 4548 479 4628 ἤγουν
528 4556 606 4624 τῷ
677 4557 903 4629 φυσικῷ,
961 4552 1051 4608 καὶ
1122 4549 1381 4615 ποιοῦντα
1453 4548 1714 4616 πολλάκις
1797 4550 1969 4625 ἑαυτῷ

2044 3375 2131 3429 est
2162 3369 2338 3431 nobis
2359 3370 2738 3448 colluctatio,
2764 3374 2935 3453 juxta
2974 3373 3348 3455 Apostolum,
3407 3373 3702 3435 adversus

2044 3475 2287 3520 carnem
2308 3467 2363 3521 et
2382 3478 2749 3541 sangumem
2764 3463 3382 3536 “,scilicetadversus
3396 3464 3697 3539 homines,

2043 3548 2150 3609 sed
2173 3549 2456 3611 adversus
2478 3552 2675 3614 carnis
2709 3563 2986 3633 expertes
3020 3556 3349 3629 daemones,
3388 3554 3490 3635 qui
3516 3555 3701 3633 prin-

2042 3643 2279 3719 cipatus
2310 3639 2603 3717 dicuntur,
2638 3644 2805 3721 quasi
2849 3644 3189 3725 passionum
3227 3643 3548 3725 principes,
3576 3643 3702 3723 qui—

2051 3729 2159 3790 bus
2194 3729 2396 3791 miseri
2423 3733 2575 3793 ultro
2608 3732 3264 3817 servimus;potestates
3284 3752 3445 3808 vero,
3482 3732 3706 3813 quippe

2055 3819 2154 3901 qui
2172 3838 2277 3899 per
2300 3821 2607 3899 passiones
2620 3821 3091 3886 dominationem
3118 3826 3177 3887 in
3198 3824 3370 3885 nobis
3391 3828 3702 3903 exercent;

2057 3918 2326 3973 rectores
2349 3912 2747 3987 mundi,utiis
2764 3914 3129 3995 imperantes
3156 3916 3257 3993 qui
3278 3914 3584 3976 terrestria
3604 3932 3703 3974 sa-

2062 4001 2527 4081 piunt.Spirllu.s
2549 4012 2748 4064 autem
2772 4006 3079 4084 nequitiae,
3110 4004 3545 4085 incaelcslibus,
3581 4003 3703 4065 sci—

2060 4092 2200 4152 licet
2230 4090 2290 4151 in
2325 4109 2462 4152 aere
2506 4091 2840 4155 volitantes.
2875 4094 3104 4156 Dicitur
3134 4097 3297 4157 enim
3325 4102 3385 4158 et
3412 4113 3536 4169 aer,
3574 4113 3703 4156 coc-

2053 4180 2360 4260 lum,quod
2397 4180 2825 4261 interpretatus
2847 4182 3186 4261 Theologus
3208 4185 3448 4265 adjecit,
3486 4195 3544 4249 et
3575 4204 3708 4265 quae

2053 4271 2209 4331 circa
2244 4268 2506 4330 coelestia
2542 4270 2835 4333 feruntur.
2872 4271 3186 4335 Certamen
3226 4274 3403 4353 igitur
3435 4278 3705 4337 ineamus

2051 4362 2334 4422 adversus
2363 4360 2633 4421 innatum
2667 4360 2840 4423 nobis
2871 4362 3406 4426 bellum.Aitenim
3442 4364 3703 4444 Aposto-

2053 4452 2145 4513 lus
2175 4452 2234 4501 47
2259 4468 2390 4512 esse
2432 4450 2753 4529 quamdam
2807 4452 2869 4513 in
2903 4452 3192 4516 membris
3226 4453 3441 4515 nostris
3474 4459 3704 4534 peccati

2055 4541 2247 4619 legem
2281 4539 2396 4619 legi
2428 4541 2648 4602 mentis
2696 4541 3137 4622 adversantem,
3172 4554 3398 4607 natura;
3446 4544 3702 4621 scilicet,

319 4639 410 4719 (1)
440 4641 530 4696 τὸν
582 4647 700 4698 νοῦν
773 4640 1122 4721 αἰχμάλωτον
1178 4642 1266 4697 καὶ
1316 4640 1650 4722 ὑποχείριον.
1713 4640 1964 4698 Ἀντιπα-

2054 4632 2539 4722 efficientemque
2570 4631 2927 4722 plerumque
2985 4634 3103 4697 sibi
3133 4645 3391 4698 mentem
3415 4634 3705 4716 captivam

322 4715 665 4807 ραταξώμεθα
717 4728 773 4786 δὲ
822 4715 910 4787 καὶ
959 4731 1092 4809 πρὸς
1168 4731 1263 4794 τὰς
1333 4715 1522 4797 ἔξωθεν
1594 4729 1964 4811 ἐπερχομένας

2054 4720 2529 4801 subjectamque.
2591 4720 2712 4783 Nos
2745 4715 2979 4807 quoque
3004 4725 3369 4788 instruamus
3426 4715 3711 4789 adversus

319 4817 732 4883 ἐπαναστάσεις.

399 4907 527 4971 (201.
580 4905 693 4973 837
781 4907 828 4971 Β
927 4909 991 4971 ’1.
1049 4908 1495 4991 Ἐνέγκωμεν,...
1591 4911 1966 4991 μετριώτερον.

321 4987 672 5077 ”ι“πέμειναν,
732 5002 916 5079 φησὶν,
1033 5002 1080 5058 οἱ
1137 4987 1397 5081 μαρτυρες
1468 5001 1625 5080 θηρία
1682 4987 1771 5057 καὶ
1823 4997 1966 5081 ξίφος

321 5089 406 5144 καὶ
452 5095 577 5168 πῦρ*
654 5090 1024 5167 ὑπομείνωμεν
1098 5092 1185 5148 καὶ
1239 5093 1426 5167 ἡμεῖς,
1480 5092 1550 5157 ὡς
1606 5089 1705 5165 μὲν
1762 5091 1966 5170 θηρίον,

321 5178 408 5234 τὸν
466 5178 654 5254 θυμόν⁶
716 5182 789 5245 ὡς
833 5179 888 5236 δὲ
961 5179 1103 5261 ξίφος
1160 5182 1468 5251 τιμητικὸν,
1552 5181 1651 5249 τὴν
1696 5177 1967 5257 γλῶσσαν·

317 5270 389 5334 ὡς
442 5267 497 5325 δὲ
546 5275 670 5351 πῦρ,
730 5270 829 5337 τὴν
878 5270 1076 5340 ἡδονὴν
1134 5269 1571 5347 κατασϐέσωμεν.
1651 5270 1832 5334 ﬁdem;
1875 5271 1970 5335 τὰς

317 5359 590 5429 αἰσθήσεις
621 5357 1145 5439 δουλαγωγῆσωμενο
1176 5364 1354 5437 θῶμεν
1400 5361 1557 5441 θύρας
1590 5372 1716 5425 ταῖς
1746 5360 1965 5427 ἀκοαῖς,

314 5447 565 5522 εὖκαέρως
613 5449 968 5529 ἀνοιγομένας
1000 5452 1132 5531 πρὸς
1157 5453 1223 5508 τὰ
1280 5455 1401 5509 θεῖα
1454 5452 1671 5532 ρήματα
1733 5452 1821 5508 καὶ
1879 5452 1968 5507 εύ-

313 5540 507 5618 καίρως
537 5538 855 5618 κλειομένας
900 5542 1032 5622 πρὸς
1076 5541 1144 5599 τὰ
1187 5540 1444 5621 θέλγοντα
1513 5543 1601 5599 καὶ
1659 5540 1973 5618 βλάπτοντα

394 5690 457 5744 ιϐ
488 5690 709 5775 Ephes.
743 5710 831 5775 γι,
854 5697 959 5757 42.
1041 5692 1103 5746 47
1132 5690 1308 5759 Rom.
1339 5708 1444 5775 vn,
1474 5690 1578 5757 ‘23.

395 5827 488 5910 u)
510 5818 996 5913 swmeepm
1021 5804 1185 5943 an»
1203 5845 1267 5896 ι.

2052 4830 2281 4887 earum,
2317 4830 2447 4893 quaa
2477 4820 2721 4877 externe
2765 4816 3071 4891 accidunt,
3105 4836 3309 4878 rerum
3341 4816 3624 4896 impetus.

2134 4903 2643 4967 Sustineamus...
2678 4910 2749 4967 ut
2777 4908 2981 4968 mitius
3011 4909 3255 4987 loquar.
3286 4941 3363 4952 -—
3387 4905 3707 4968 Sustinue-

2053 5002 2217 5069 runt,
2254 4992 2356 5067 ait,
2394 5000 2688 5072 martyres
2709 4993 2967 5070 belluas,
2989 5003 3046 5056 et
3068 4995 3355 5072 gladium,
3391 5002 3447 5058 et
3479 4994 3705 5072 ignem.

2052 5082 2448 5143 sustineamus
2492 5090 2548 5143 et
2592 5101 2727 5164 nos,
2780 5084 2940 5146 velut
2990 5083 3277 5158 belluam,
3312 5084 3508 5165 iram;
3544 5084 3708 5146 velut

2059 5183 2420 5253 praeacutum
2444 5170 2732 5250 gladium,
2768 5173 3030 5251 linguam
3059 5197 3075 5248 ;
3102 5174 3259 5236 velut
3290 5176 3514 5253 ignem,
3546 5172 3709 5235 volu-

2058 5268 2278 5343 ptatem
2312 5261 3008 5341 exstinguamusﬂmnes
3029 5283 3241 5326 sensus
3272 5262 3333 5324 in
3360 5261 3707 5324 servitutem

2057 5352 2427 5414 addicamus.
2477 5354 2860 5432 Apponamus
2916 5352 3161 5415 auribus
3216 5351 3436 5414 nostris
3466 5353 3707 5432 januas,

2058 5461 2190 5525 quae
2219 5443 2289 5502 ad
2323 5440 2524 5502 divina
2554 5441 2738 5505 verba
2773 5444 3120 5525 tempestive
3142 5441 3508 5524 aperiantur,
3536 5448 3595 5504 et
3636 5441 3708 5503 ad

2059 5530 2414 5596 illecebrosa
2439 5531 2731 5613 noxiaque
2749 5532 3152 5595 modulamina
3175 5531 3530 5611 tempestive
3550 5530 3714 5594 clau-
