4102 6444
301 312 416 378 981

1461 321 1564 384 ΑΒ
1607 322 1668 384 S.
1713 320 2084 386 GREGORII
2129 320 2357 388 ORAT.
2406 326 2518 388 XI.

3579 311 3708 388 982

301 454 478 529 τρυφῇ
546 449 679 528 πρὸς
733 451 852 516 τοὺς
920 452 1130 532 ἀγῶνας
1183 459 1287 510 τῶν
1347 454 1644 535 μαρτύρωνς
1723 453 1941 512 "Errat-cc

2045 453 2379 533 Sphemiam
2411 453 2681 516 obticuit.
2717 450 2783 514 In
2805 450 3024 514 divinis
3046 459 3244 515 autem
3279 452 3471 532 ipsius
3496 452 3707 528 verbis

300 536 440 595 θέλω
480 539 579 614 μὲν
630 541 802 598 εἰπεῖν
847 565 898 598 τι
955 541 1248 622 τολμηρόν
1284 542 1589 620 αἰδούμενος
1619 543 1674 600 δὲ
1704 546 1801 614 τὴν
1835 544 1957 622 ἑόρ-

300 649 415 687 τιον
467 630 671 699 ,ταύτην
721 630 947 710 ἡμέραν,
1008 639 1196 691 σιωπῶ
1254 636 1313 692 τὸ
1371 635 1715 715 βλάσφημον·
1790 633 1954 708 πλὴν,

300 717 364 775 οὗ
416 719 616 799 τρυφὴν
654 721 742 778 καὶ
793 721 958 795 μέθην
1004 723 1131 802 παρ’
1187 727 1342 799 ἡμῶν
1393 725 1704 781 ἀπαιτοῦσιν
1735 726 1782 781 οἱ
1814 724 1958 803 μάρ-

296 829 469 888 τυρες,
533 808 626 866 ἵνα
685 812 912 892 μετρίως
944 811 1107 876 εἴπω,
1141 813 1292 871 Ἀλλ’
1324 814 1542 872 ἐνταῦθα
1574 815 1671 889 μὲν
1702 817 1730 872 6
1755 812 1955 871 Θεολό-

295 921 390 975 γος
446 900 544 968 τὴν
597 899 946 983 βλασφημίαν
995 904 1268 983 ἓσίγησεν.
1333 905 1387 962 ἐν
1434 902 1488 961 δὲ
1520 917 1636 968 τοῖς
1665 904 1822 969 θείοις
1855 907 1956 962 αὒ-

297 997 393 1048 τοῦ
424 987 626 1065 ἔπεσιν,
680 991 845 1058 αὐτὴν
877 991 1217 1069 ἐξελάλησεν,
1262 996 1450 1070 εἰπὼν,
1498 994 1578 1051 ὅτι
1609 1008 1728 1059 τοῖς
1761 993 1954 1070 δαίμο-

299 1101 385 1136 σιν
415 1082 463 1138 ot
521 1080 684 1138 πάλαι
734 1085 1138 1163 γαστριζόμενοι
1189 1088 1278 1144 καὶ
1328 1094 1625 1166 τρυφῶντες
1680 1086 1950 1164 ἑόρταζον·

298 1172 348 1227 οἱ
407 1170 463 1227 δὲ
513 1175 817 1248 Χριστιανοὶ
866 1177 1065 1233 τούτων
1141 1175 1595 1256 ἐλευθερωθέντες,
1657 1199 1953 1252 πνευματικ

2043 559 2172 603 eam
2206 544 2471 625 protulit,
2520 544 2725 606 «licens
2781 543 2936 624 quod
2996 542 3139 604 olim
3197 543 3390 604 ventri
3423 541 3609 604 dediti
3639 554 3700 608 et

2042 632 2436 713 luxuriantes,
2496 634 2832 694 daimonum
2887 632 3035 694 festa
3064 631 3344 712 agebant;
3378 629 3698 694 Christiani

2043 740 2179 781 vero
2231 722 2304 783 iis
2356 723 2640 803 liberati,
2700 722 3042 803 spirituales
3100 729 3430 784 conventus
3478 721 3698 783 sanctis

2041 812 2279 873 athletis
2310 814 2751 877 constituimus.
2813 811 2985 875 Nunc
3035 822 3230 874 autem
3282 811 3512 885 audite,
3557 811 3700 892 quid

2044 901 2245 974 timeo,
2278 923 2310 963 ο
2337 904 2544 964 mundi
2574 903 2668 965 vel
2701 903 2928 966 Ventris
2963 912 3283 978 amatores,
3319 901 3392 962 ad
3418 901 3702 962 daemoni-

2041 1011 2105 1054 ca
2142 992 2505 1069 trausfugitis
2563 993 2956 1073 exemplaria,
3008 992 3066 1052 id
3102 1001 3212 1064 est,
3276 992 3326 1054 si
3369 991 3562 1051 ventri
3595 990 3694 1050 in-

2039 1082 2294 1161 dulgetis
2325 1082 2386 1143 in
2421 1091 2757 1144 sanctorum
2788 1083 2953 1144 festis
2977 1091 3034 1143 et
3063 1080 3696 1158 solemnitatibus,non

2038 1181 2276 1234 sanctos
2306 1171 2520 1252 colitis,
2551 1176 2659 1235 sed
2690 1173 3014 1234 daemones.

296 1259 394 1322 κὰς
431 1259 676 1334 συνόδους
733 1276 850 1328 τοῖς
907 1264 1219 1346 ἀθλοφόροις
1279 1268 1740 1343 συνεστησάμετα⁹
1774 1273 1859 1324 νῦν
1894 1263 1948 1322 δὲ
1979 1265 2264 1341 ἀκούσατε,
2303 1262 2352 1318 τί
2381 1260 2664 1343 φοϐοῦμαι,
2701 1264 2744 1319 ὦ
2774 1262 3091 1342 φιλόκοσμοι
3146 1263 3233 1318 καὶ
3267 1261 3690 1340 φιλογάστορες·

295 1351 428 1428 πρὸς
458 1351 579 1417 τοὺς
611 1349 946 1429 διιμονικοὺς
992 1356 1345 1433 αὐτομολεῖ-σεε
1379 1357 1600 1437 τύπους,
1645 1355 1918 1416 τουτέστιν
1965 1356 2056 1412 ἐὰν
2090 1356 2407 1433 γαστρίζηθε
2433 1352 2484 1406 ἐν
2511 1367 2631 1417 ταῖς
2658 1353 2868 1430 ἑορταῖς
2901 1351 3004 1408 τῶν
3028 1353 3190 1431 ἆγίων
3224 1353 3311 1408 καὶ
3348 1365 3472 1416 ταῖς
3502 1374 3692 1418 πανην

297 1437 534 1520 γύρεσιν,
574 1445 634 1501 οὗ
657 1443 780 1508 τοὺς
824 1445 1004 1522 ἁγίους
1037 1452 1226 1522 τιμᾶτε
1258 1445 1397 1504 ἀλλὰ
1420 1448 1542 1512 τοὺς
1569 1434 1847 1522 δαίμονας.
2984 1434 2996 1438 δ

379 1527 507 1591 Col.
539 1529 660 1593 840
687 1531 740 1594 Α
773 1532 833 1596 6.
871 1535 958 1602 Μὴ
1013 1537 1289 1598 τοίνυν....
1343 1537 1443 1605 τὴν
1498 1535 1789 1600 εὐσέϐειαν,
1853 1537 1941 1603 Μὴ

2109 1533 2196 1596 Ne
2225 1536 2416 1615 igitur
2567 1536 2851 1612 pietatem
2884 1539 3291 1610 eﬁerentes,—
3318 1532 3684 1610 Neimpure,

287 1616 553 1706 ἀναγνως,
614 1623 793 1701 φησὶν,
853 1623 1171 1702 ἑορτάζομεν
1226 1627 1318 1689 τὰς
1383 1626 1565 1706 ἑορτὰς
1611 1631 1718 1682 τῶν
1753 1626 1937 1704 ἁγίων⁶

2033 1623 2128 1702 ait,
2163 1632 2500 1686 sanctorum
2538 1625 2684 1685 festa
2714 1623 3115 1697 celebremus;
3150 1621 3256 1682 sed
3302 1621 3459 1682 sicut
3490 1621 3690 1680 omnia

288 1705 409 1764 ἀλλ’
468 1708 647 1787 ὥσπερ
715 1713 888 1769 πάντα
939 1714 1076 1790 ἡμῖν
1130 1715 1242 1772 ἐστι
1300 1705 1656 1792 πνευματικὰ,
1688 1717 1778 1773 καὶ
1807 1717 1941 1775 κατὰ

2033 1712 2201 1772 nobis
2232 1714 2566 1794 spiritualia
2595 1723 2753 1794 sunt,
2803 1721 2860 1774 et
2912 1714 3086 1794 juxta
3119 1711 3330 1774 Sirach
3360 1710 3548 1771 ﬁliam
3577 1709 3635 1760 59
3671 1733 3684 1770 :

287 1797 381 1853 τὸν
454 1801 629 1881 Σιρὰχ
662 1849 679 1881 ,
743 1801 1043 1879 Στολισμὸς
1113 1804 1298 1885 ἀνδρὸς
1335 1853 1353 1886 ,
1415 1808 1504 1864 καὶ
1562 1805 1734 1884 γέλως
1785 1804 1939 1862 ὀδόν-

2033 1803 2456 1866 Imtumcntum
2489 1805 2702 1876 viai,et
2723 1805 2997 1866 dentium
3019 1804 3269 1880 risus,et
3285 1801 3460 1880 pedis
3487 1803 3690 1862 inces-

521 1866 530 1878 .
591 1866 629 1881 η.
664 1866 679 1881 ι
941 1866 952 1879 ι
1026 1866 1038 1871 ν
1212 1866 1221 1885 ι
1287 1866 1296 1870 '
1337 1866 1353 1886 ³
1577 1866 1588 1884 ¹
1721 1866 1732 1871 ’

288 1910 394 1942 των
424 1935 441 1960 ,
503 1892 589 1947 καὶ
650 1892 802 1967 βῆμα
862 1894 1022 1960 ποδὸς
1078 1895 1372 1976 ἀναγγελεῖ
1427 1897 1544 1976 περὶ
1601 1895 1762 1953 αὖτοῦ
1789 1943 1804 1968 ,
1865 1898 1938 1961 εἰς

2033 1911 2122 1954 sus
2145 1893 2219 1954 de
2231 1898 2362 1972 ipso
2374 1892 2968 1967 annuntiunt,verbo
2984 1900 3041 1954 et
3059 1866 3256 1954 omnia
3285 1866 3688 1972 pertingente,

291 1977 461 2034 πάντα
507 1981 793 2060 φθάνοντος
852 1990 946 2040 τοῦ
996 1983 1179 2064 λόγου,
1257 1985 1374 2054 ἤτοι
1424 1994 1516 2044 τοῦ
1568 1984 1938 2065 εὖαγγελικοῠ,

2033 1983 2148 2044 sive
2180 1983 2541 2062 evangelica,
2578 1984 2706 2045 sive
2734 1983 2806 2044 ad
2847 1983 2904 2044 id
2938 1982 3096 2063 quod
3126 1983 3305 2044 decet
3329 1984 3642 2062 spectante
3669 1996 3683 2042 :

287 2066 323 2134 ἢ
374 2075 465 2123 τοῦ
515 2071 650 2126 κατὰ
706 2072 765 2128 τὸ
820 2077 1080 2142 καθῆκονο
1132 2076 1271 2133 οὕτω
1297 2077 1386 2133 καὶ
1416 2077 1450 2145 ἡ
1486 2076 1541 2132 ἐν
1570 2089 1694 2140 ταῖς
1725 2077 1940 2153 ἑορταῖς

2033 2073 2161 2134 talis
2190 2073 2266 2133 sit
2295 2079 2354 2136 et
2387 2075 2442 2133 in
2469 2073 2638 2134 festis
2659 2073 2884 2135 laetitia.
2909 2071 3039 2134 Non
3065 2074 3225 2133 enim
3247 2072 3435 2133 animi
3466 2071 3692 2131 relaxa-

288 2157 429 2213 ’έστω
473 2157 785 2238 φαιδρότης.
850 2167 923 2222 Οὔ
980 2165 1080 2243 γὰρ
1129 2164 1321 2222 κωλύω
1369 2165 1467 2233 τὴν
1497 2169 1553 2222 ἓν
1579 2166 1793 2230 ταύταις
1827 2165 1941 2224 ἅνε-

2033 2164 2250 2224 tionem
2284 2163 2342 2224 in
2375 2163 2462 2224 eis
2519 2163 2892 2226 interdictam
2917 2163 3072 2236 volo,
3105 2162 3254 2223 adeo
3275 2169 3338 2222 ut
3368 2161 3582 2222 lautior
3601 2179 3689 2222 so-

298 2269 404 2326 σιν,
474 2248 610 2306 ὥστε
680 2254 767 2309 καὶ
844 2251 1225 2334 δαψιλεστέραν
1301 2260 1399 2323 τῆς
1462 2257 1712 2334 συνήθους
1771 2280 1941 2334 παρα-

2037 2253 2138 2313 lito
2171 2254 2502 2315 instruatur
2537 2271 2766 2328 mensa,
2803 2261 2860 2313 et
2885 2252 3191 2314 moderata
3214 2251 3566 2313 adhibeatur
3588 2249 3687 2311 hi-

295 2336 471 2395 θέσθαι
530 2341 835 2425 τράπεζαν,
894 2327 983 2402 καὶ
1069 2327 1386 2425 διαχυθῆναι
1473 2327 1698 2425 μετρίως
1736 2395 1753 2420 ,
1814 2327 1941 2404 ἀλλὰ

2035 2343 2379 2416 laritas;sed
2413 2361 2709 2423 eam,quae
2743 2342 2982 2403 modum
3019 2341 3684 2422 excedit,repreliendo,

297 2428 506 2519 κρλάζω
536 2432 635 2499 τὴν
666 2432 940 2510 ἀμετρίαν,
975 2433 1098 2502 ἥτις
1127 2445 1410 2516 πανταχού
1465 2435 1721 2514 βλαϐερόν
1780 2436 1941 2500 ἐστιν.

2034 2433 2186 2494 velut
2217 2433 2380 2494 omni
2415 2432 2590 2493 modo
2623 2432 2884 2493 noxiam.
2921 2429 2980 2493 Si
3013 2450 3122 2493 nos
3152 2431 3232 2493 ita
3259 2430 3689 2492 conveniamus

295 2517 409 2575 ’Ᾱν
464 2519 602 2577 οὕτω
647 2523 1027 2604 συνερχώμὲθα
1081 2527 1171 2582 καὶ
1225 2525 1391 2590 οὕτως
1424 2526 1780 2605 ἑορτάζωμεν,
1808 2527 1941 2604 μέγα

2033 2542 2099 2584 ac
2132 2523 2277 2585 festa
2307 2522 2706 2602 celebremus,
2743 2540 3020 2600 magnum
3054 2521 3298 2600 quidem
3325 2521 3506 2582 fuerit
3527 2520 3688 2581 affir-

296 2607 394 2682 μέν
451 2608 591 2666 ἐστιν
646 2613 841 2688 εἰπεῖν,
892 2612 972 2670 ὅτι
1033 2615 1121 2671 καὶ
1167 2617 1329 2690 ἡμεῖς
1360 2620 1464 2671 τῶν
1503 2615 1676 2672 αὐτῶν
1707 2615 1941 2672 ἐπάθλων

2034 2632 2194 2675 mare
2227 2633 2338 2675 nos
2367 2613 2576 2674 eadem
2609 2631 2680 2672 ac
2712 2621 3002 2692 martyres
3046 2614 3290 2692 prmmia
3320 2620 3683 2672 consecutu-

293 2713 411 2765 τοῖς
469 2699 721 2781 μάρτυσιν
769 2702 1139 2784 ἐπιτύχωμεν.
1179 2705 1393 2767 Τούτοις
1443 2704 1543 2783 γὰρ
1592 2704 1773 2762 ἦκεῖνα
1802 2704 1941 2762 ἁπό-

2033 2703 2320 2775 ros.Quos
2350 2703 2507 2765 enim
2533 2703 2659 2764 haec
2696 2710 3100 2782 manent,quaz
3129 2719 3237 2762 nec
3268 2703 3480 2763 oculus
3501 2702 3678 2774 vidit,

292 2811 488 2870 κειται,
523 2789 538 2812 ’
563 2801 600 2846 Α
649 2793 786 2867 μήτε
847 2792 1118 2874 ὀφθαλμὸς
1153 2792 1288 2868 εἶδε,
1323 2795 1498 2860 καθώς
1529 2817 1689 2874 φησιν
1713 2797 1740 2851 6
1770 2795 1944 2851 Ἀπό-

291 2879 505 2954 στολος,
567 2882 705 2956 μήτε
763 2884 847 2948 οὖς
907 2882 1125 2959 ἤκουσε,
1156 2887 1295 2960 μήτε
1353 2884 1438 2942 ἐπὶ
1497 2883 1707 2962 καρδίαν
1741 2884 1944 2964 ἀνθρώ-

291 2993 392 3027 που
454 2968 643 3037 ἀνέϐη,
676 2970 804 3029 Οὐδὲ
835 2973 934 3050 γὰρ
965 2972 1286 3051 ἀνθρώπινος
1334 2974 1458 3040 τοῦς
1520 2974 1588 3052 τῇ
1617 2975 1828 3048 εὐκολίᾳ
1862 2975 1948 3032 ἐπὶ

2030 2804 2094 2854 ιιι
2117 2793 2197 2853 ait
2218 2791 2539 2872 Apostolus
2565 2793 2649 2867 55,
2683 2809 2790 2853 nec
2819 2793 2996 2853 auris
3027 2791 3287 2862 audivit,
3313 2807 3423 2851 nec
3453 2796 3519 2850 in
3581 2807 3684 2851 cor

2033 2884 2290 2945 hominis
2321 2882 2830 2961 ascendit.Neque
2850 2882 3006 2942 enim
3030 2882 3323 2942 humanus
3341 2879 3685 2941 intellectus

2031 2973 2202 3034 facile
2234 2971 2305 3032 ad
2339 2973 2537 3034 omnia
2567 2989 2910 3046 conversus,
2947 2978 3005 3032 et
3037 2990 3139 3051 pro
3173 2978 3465 3052 potestate
3497 2969 3685 3031 beati-

291 3058 467 3132 mz'vtct
514 3061 807 3143 φερόμενος
857 3065 945 3120 καὶ
1002 3064 1353 3123 ἀναπλάττων
1407 3065 1459 3122 ἐν
1518 3064 1722 3138 ἐξουσίᾳ
1765 3089 1941 3138 μακα-

2033 3063 2298 3123 tudinem
2331 3081 2397 3122 ac
2429 3061 2772 3123 felicitatem
2827 3062 3082 3140 ﬁngens,
3136 3060 3291 3122 bona
3340 3059 3442 3121 illa
3490 3057 3679 3120 infor-

295 3152 514 3230 ptdzmz
569 3154 656 3209 καὶ
709 3152 1069 3230 εὐδαιμονίαν,
1133 3155 1315 3214 ὶκεῖνα
1374 3158 1439 3214 τὰ
1494 3157 1664 3235 ἀγαθὰ
1733 3154 1941 3214 δύναται

2033 3170 2192 3213 mare
2225 3161 2582 3232 potest,quce
2601 3153 2975 3231 praeparavit
2993 3152 3146 3212 Deus
3175 3149 3576 3232 diligentibus
3596 3169 3679 3225 se,

295 3241 753 3317 ἁνατυπώσασθαι,
816 3243 848 3300 ἃ
906 3247 1198 3322 ᾑτοίμασεν
1251 3249 1278 3303 ὁ
1330 3248 1459 3309 Θεὸς
1506 3259 1624 3309 τοῖς
1656 3247 1937 3326 ἀγαπῶσιν

2033 3242 2310 3320 sanguine
2357 3242 2636 3319 perfectis
2658 3240 2997 3321 Christique
3020 3241 3385 3302 occisionem
3412 3239 3681 3302 imitatis.

293 3333 471 3406 αὑτὸν,
530 3349 647 3398 τοῖς
705 3332 772 3390 δι’
817 3333 1049 3409 αἵματος
1093 3334 1420 3394 τελειωθεῖσι
1451 3337 1538 3392 καὶ
1582 3337 1677 3405 τὴν
1711 3343 1940 3410 Χριστοῦ

2033 3331 2190 3404 Quod
2215 3331 2265 3391 si
2293 3351 2407 3391 non
2435 3331 2642 3393 eadem
2663 3339 2844 3407 atque
2866 3338 3154 3411 martyres
3185 3331 3427 3411 praemia
3461 3330 3683 3392 refera-

287 3422 685 3498 μιμησαμένοις
733 3426 966 3503 σφαγήν.
1000 3424 1144 3491 Τέως
1203 3423 1257 3482 δὲ
1319 3429 1363 3482 εἰ
1393 3429 1480 3483 καὶ
1510 3433 1615 3482 τῶν
1647 3425 1782 3483 ἴσων
1815 3428 1943 3505 βρα-

287 3509 443 3568 ϐείων
497 3526 613 3577 τοῖς
674 3513 935 3582 ἀθληταῖς
995 3515 1073 3592 μη
1132 3515 1498 3598 ἐπιτύχωμεν,
1560 3515 1679 3572 ἀλλ’
1712 3519 1798 3574 οὖν
1841 3518 1942 3583 τὴν

288 3600 440 3668 δόξαν
501 3605 675 3660 αὐτῶν
736 3606 976 3681 ὀψόμεθα
1047 3609 1134 3663 καὶ
1201 3606 1533 3684 ἀκουσόμεθα
1591 3609 1680 3664 καὶ
1747 3610 1936 3682 ἡμεῖς’

291 3691 510 3750 Εὶσελθε
569 3695 642 3757 εἰς
700 3695 798 3763 τὴν
875 3699 1048 3776 χαρὰν
1118 3701 1211 3755 τοὺ
1271 3699 1455 3778 Κυρίου
1538 3720 1656 3778 σου,
1719 3699 1808 3754 καὶ
1865 3703 1942 3772 τῷ

285 3788 421 3862 φωτὶ
475 3784 574 3852 τῆς
633 3783 785 3862 ἁγίας
852 3785 1071 3864 Τριάδος
1157 3787 1475 3868 τελεώτερον
1545 3787 1932 3866 ἒλλαμφθησόο

285 3875 444 3948 μεθα,
505 3872 571 3942 ἢν
629 3872 998 3953 ὁμολογοῦμεν
1051 3875 1339 3955 παρῥησία.
1399 3878 1487 3934 καὶ
1560 3876 1668 3934 εἴθε
1731 3875 1936 3951 ὁμολο-

283 3963 508 4040 γοίημεν
560 3962 694 4043 ἄχρι
742 3964 1020 4043 τελευτῆς,
1072 3967 1168 4035 τὴν
1229 3968 1399 4035 καλὴν
1454 3967 1932 4045 παρακαταθήκην,

284 4049 352 4119 ἢν
379 4053 528 4129 ωαρὰ
579 4057 684 4108 τῶν
739 4053 904 4132 ἁγίων
958 4055 1205 4134 Πατέρων
1263 4054 1546 4132 ἐλάϐομεν,
1579 4061 1684 4111 τῶν
1742 4055 1795 4112 ἐν
1842 4065 1939 4113 Νι-

285 4142 406 4212 καίᾳ
463 4142 943 4225 συνηθροισμένων,
1019 4146 1122 4202 τῶν
1183 4145 1449 4225 ἐγγυτέρω
1534 4151 1632 4213 τῆς
1713 4152 1939 4219 Χριστοῦ

284 4232 571 4308 παρουσίας
627 4233 716 4288 καὶ
772 4233 871 4302 τῆς
925 4234 1146 4314 πρώτης
1190 4235 1421 4300 πίστεως
1461 4241 1570 4291 τῶν
1598 4233 1934 4296 ἀποστόλων,

286 4321 517 4383 Εἰκότως
578 4318 632 4378 δὲ
694 4322 923 4400 Χριστὸν
979 4323 1076 4399 μὲν
1129 4327 1189 4382 τὸ
1221 4325 1510 4404 μυστήριον
1542 4330 1639 4392 τῆς
1676 4324 1939 4402 ἐνανθρω-

289 4411 498 4480 πήσεως
554 4413 581 4466 6
639 4413 901 4492 Θεολόγος
960 4414 1203 4475 ἐκάλεσε·
1272 4415 1491 4494 πρώτην
1522 4414 1576 4471 δὲ
1608 4415 1809 4492 πίστιν,
1842 4416 1942 4482 τὴν

283 4503 581 4580 θεολογίαν,

2031 3441 2180 3501 mus,
2215 3421 2462 3499 gloriam
2502 3440 2646 3482 vero
2680 3440 2886 3482 eorum
2912 3421 3249 3482 videbimus
3282 3431 3338 3483 et
3371 3421 3685 3482 audiemus

2029 3531 2134 3572 nos
2164 3530 2425 3592 quoque.
2467 3510 2676 3572 Venite
2711 3512 2776 3572 in
2830 3512 3127 3591 gaudium
3175 3512 3421 3573 Domini
3452 3511 3593 3583 mei;
3628 3519 3688 3573 et

2025 3600 2562 3663 sanctm'l‘rinitatis
2584 3601 2811 3662 lumine
2831 3601 3681 3682 perfectiuscollustrabimur,

2027 3712 2204 3772 quam
2241 3692 2431 3753 libere
2460 3692 2843 3753 conﬁtemur.
2879 3691 3078 3768 Atque
3129 3692 3356 3752 utinam
3407 3709 3592 3770 usque
3622 3689 3686 3752 in

2027 3787 2202 3845 linem
2261 3783 2655 3843 confiteamur
2716 3782 3064 3860 pr'eclarum
3121 3780 3262 3842 tllud
3314 3779 3681 3859 depositum,

2021 3873 2179 3952 quod
2213 3892 2244 3932 a
2276 3873 2495 3933 sanctis
2527 3870 2801 3933 Patribus
2819 3869 3400 3952 accepimus,Nica3a3
3426 3888 3683 3949 congre-

2025 3964 2196 4042 gatis,
2232 3962 2448 4024 Christi
2484 3961 2812 4041 prmsenliaa
2835 3964 3224 4039 nascentique
3267 3961 3404 4022 ﬁdei
3434 3970 3681 4041 aposto-

2029 4055 2152 4113 lica:
2189 4052 2604 4132 propioribus!
2639 4054 2913 4113 Fortasse
2931 4061 3128 4114 autem
3151 4051 3452 4114 Christum
3487 4051 3685 4113 lucar-

2026 4143 2277 4204 nationis
2335 4142 2671 4222 mysterium
2732 4140 3072 4219 Theologus
3121 4143 3384 4213 vocavit;
3431 4143 3680 4221 primam

2028 4251 2164 4293 vero
2200 4233 2401 4304 ﬁdem,
2437 4231 2843 4307 Theologiam.
2879 4233 2994 4304 Qui
3027 4236 3186 4293 enim
3221 4250 3338 4293 non
3361 4234 3526 4312 prius
3551 4249 3682 4295 esse

2030 4327 2214 4386 Deum
2253 4321 2595 4392 crediderit,
2633 4339 2828 4402 neque
2859 4336 2996 4382 eum
3036 4340 3141 4402 pro
3176 4321 3350 4382 nobis
3380 4321 3561 4382 fuisse
3593 4321 3682 4382 in-

2029 4421 2339 4475 carnatum
2375 4411 2600 4474 credet.
2639 4410 2908 4492 Namque
2939 4429 3079 4491 erga
3109 4429 3218 4472 nos
3239 4409 3677 4472 Providentiam

669 4501 728 4561 Ὀ
810 4504 910 4583 γὰρ
967 4506 1044 4581 μὴ
1117 4504 1400 4570 πιστεύσας
1466 4505 1721 4583 πρότερον
1799 4505 1941 4562 εἶναι

2033 4504 2220 4584 primo
2254 4505 2313 4564 in
2345 4502 2474 4563 loco
2501 4501 2664 4582 ponit
2695 4519 2832 4564 vera
2863 4499 3181 4580 theologia.

288 4591 443 4666 Θεὸν,
478 4593 573 4648 οὒκ
594 4591 657 4648 ἂν
690 4590 805 4652 οὐδὲ
836 4593 1236 4674 ἐνανθρωπῆσαι
1267 4602 1454 4653 τοῦτον
1476 4593 1542 4652 δι’
1564 4597 1711 4671 ἡμᾶς
1739 4596 2058 4652 πιστεύσειε.
2098 4601 2424 4672 Προηγεῖται
2458 4594 2556 4673 γὰρ
2587 4594 2683 4661 τῆς
2716 4594 2834 4673 περὶ
2865 4594 3006 4670 ημᾶς
3053 4594 3350 4667 οἰκονομίας
3397 4593 3431 4659 ἦ
3477 4590 3682 4660 ἅληθὴς

289 4678 561 4759 θεολογία.

362 4770 490 4835 Col.
538 4771 656 4834 840
717 4770 765 4834 D
820 4775 875 4833 1.
914 4773 974 4833 Ὀ
1031 4771 1087 4830 δὲ
1131 4776 1397 4839 Θεὸς.....
1455 4776 1683 4835 αἰώνων.
1741 4775 1938 4851 Ἀμήν.

290 4861 370 4926 Εἰς
401 4860 570 4940 εῢχὴν
598 4860 902 4920 κατακλείει
931 4865 1024 4920 τὸν
1049 4862 1210 4944 λόγον
1240 4867 1266 4921 6
1300 4865 1589 4945 Θεολόγος.
1625 4862 1842 4925 ’Έλαϐε
1886 4863 1940 4921 δὲ

281 4950 342 5006 τὸ
383 4949 502 5025 μὲν,
566 4952 593 5007 6
651 4953 783 5017 Θεὸς
839 4952 934 5020 τῆς
994 4954 1233 5033 εἰρήνης,
1286 4954 1346 5011 ἐκ
1403 4965 1496 5014 τοῦ
1527 4955 1674 5034 ἁγίου
1707 4952 1934 5016 Παύλου·

280 5040 478 5112 ὁμοίως
528 5041 614 5096 καί
674 5042 758 5122 τὸ,
812 5045 840 5099 6
896 5042 1230 5110 καταλλάξας
1282 5046 1428 5121 ἡμᾶς
1488 5045 1658 5119 ἑαυτῴ
1717 5042 1802 5101 διὰ
1847 5053 1940 5101 τοῦ

278 5132 522 5210 σταύροῦ,
583 5130 803 5212 ἒχθροός
856 5131 1010 5196 ὄντας
1071 5131 1154 5191 διὰ
1227 5143 1327 5205 τῆς
1380 5135 1664 5213 ἁμαρτίας.
1727 5137 1824 5193 Καὶ
1878 5137 1937 5191 τὸ

279 5217 760 5297 εὒαγγελισάμενος
815 5222 1031 5291 εἰρήνην
1087 5236 1207 5286 τοῖς
1277 5225 1435 5304 ἔγγὺς
1495 5224 1585 5279 καί
1655 5235 1775 5287 τοῖς
1826 5246 1902 5298 μα

279 5309 430 5387 κράν⁶
493 5307 624 5389 ὅπερ
677 5311 704 5366 6
764 5310 916 5389 ἅγιος
967 5311 1188 5378 ’Παῦλος
1238 5313 1298 5371 ἐκ
1353 5321 1447 5370 τοῦ
1499 5311 1729 5371 Ἠσα³ίου
1760 5311 1938 5376 λαϐὼν

1113 5402 1345 5468 καλέσας
1412 5403 1533 5469 τοὺς
1588 5403 1693 5459 ὑπὸ
1751 5403 1937 5478 νόμον,

282 5489 486 5566 μακρὰν
547 5485 653 5569 δὲ,
715 5490 836 5553 τοὺς
892 5488 993 5556 ἔξω
1049 5492 1236 5560 νόμου.
1297 5494 1370 5551 Τὸ
1426 5491 1504 5572 δὲ,
1539 5493 1566 5547 ό
1595 5495 1694 5560 τῆς
1725 5492 1939 5570 ἀγάπης

1022 5599 1076 5643 ⁵³
1105 5600 1128 5663 ῐ
1162 5604 1274 5662 Cor
1331 5617 1394 5675 ιι,
1423 5600 1481 5663 9.
1571 5599 1626 5644 δι
1657 5601 1832 5664 Rom.
1864 5619 1936 5664 xv

2036 5604 2092 5679 ὃς
2127 5619 2248 5680 XIV,
2281 5601 2377 5679 ‘20;
2426 5599 2473 5662 ll
2506 5599 2635 5663 Cor.
2678 5616 2802 5674 xm,
2835 5601 2930 5679 ll,
2968 5608 3082 5661 etc.

275 5400 634 5477 ἡρμήνευσεν,

719 5401 874 5479 ἔγγὺς
933 5401 1030 5477 μὲν

361 5596 410 5640 ⁵¹
442 5597 626 5661 Eccli.
667 5615 799 5672 XIX,
835 5599 934 5662 ‘27.

285 5675 463 5741 Rom.
494 5697 546 5742 v.
580 5680 679 5742 lO.
770 5678 826 5726 ⁵⁸
857 5681 1079 5762 Ephes.
1112 5699 1180 5759 ιι,
1221 5683 1320 5744 17.

2116 4775 2273 4837 Deus
2305 4780 2689 4837 autem.......
2726 4773 3118 4836 swculorum.
3151 4776 3446 4836 Amen.—-
3476 4774 3685 4834 Preca-

2031 4865 2191 4926 tione
2225 4864 2530 4926 concludit
2561 4863 2890 4925 orationem
2909 4862 3270 4943 Tlieologus.
3295 4863 3560 4940 Sumpsit
3582 4880 3685 4923 au-

2030 4964 2144 5016 tem
2173 4955 2298 5016 haec
2335 4953 2535 5026 verba,
2565 4952 2722 5014 Deus
2751 4955 2940 5033 pacis,
2997 4971 3066 5012 ex
3117 4960 3320 5014 sancto
3370 4951 3551 5014 Paulo
3593 4953 3679 5033 54;

2026 5045 2369 5124 pariterque
2401 5043 2500 5104 illa
2526 5044 2609 5117 55,
2643 5041 2746 5122 qui
2772 5061 2880 5102 nos
2911 5041 3025 5102 sibi
3060 5059 3165 5121 per
3196 5059 3434 5102 crucem
3469 5058 3685 5102 recou-

2023 5134 2261 5206 ciliavit,
2317 5152 2450 5195 cum
2513 5141 2753 5213 peccato
2820 5129 3047 5191 inimici
3103 5147 3396 5192 essemus.
3431 5128 3681 5193 Necnon

2027 5224 2171 5284 illud
2203 5223 2558 5298 56,faustum
2591 5221 2751 5301 pacis
2783 5219 3219 5301 nuntium,tum
3252 5221 3346 5283 his
3367 5220 3468 5302 qui
3493 5238 3680 5301 prope

2024 5323 2211 5387 erant,
2271 5322 2392 5373 tum
2445 5312 2538 5372 his
2587 5310 2690 5391 qui
2740 5310 2937 5390 longe,
2984 5310 3197 5374 attulit.
3234 5311 3404 5385 Quod
3436 5309 3677 5391 quidem

2025 5413 2262 5465 sanctus
2322 5402 2541 5464 Paulus
2588 5419 2661 5462 ex
2694 5401 2845 5464 Isaia
2900 5407 3202 5480 sumptum
3255 5402 3682 5480 interpretatus

2028 5488 2139 5562 est,
2183 5490 2490 5572 prOpiores
2540 5490 2782 5571 quidem
2844 5507 3060 5551 vocans
3112 5509 3216 5552 eos
3271 5491 3372 5572 qui
3408 5492 3517 5554 sub
3550 5492 3684 5575 lege

3170 5600 3224 5644 ⁵⁵
3252 5600 3476 5683 Ephes.
3507 5619 3569 5676 ιι,
3587 5603 3680 5676 ιθς
