4102 6462
455 330 576 401 983
1224 340 1552 404 NIGETAS
1592 337 2019 403 SERRONIUB
2062 337 2163 401 AD
2205 337 2267 398 S.
2312 337 2680 403 GREGORII
2728 343 2952 405 ORAT.
2999 341 3101 407 XI.
3746 338 3848 406 984

455 478 650 556 erant,
676 473 1035 538 remotiores
1066 475 1337 558 vero,qui
1368 485 1531 539 extra
1558 475 1753 556 legem
1787 472 2113 539 erant.Hoc

2218 472 2383 553 Ῑατὴρ
2440 476 2527 532 καί
2601 478 2636 545 ἡ
2705 478 2913 558 ὸγάπη,
2976 477 3037 534 ἐκ
3112 488 3206 540 τοῦ
3276 479 3559 559 Θεολόγου
3622 478 3845 536 Ἰωάννου

453 562 996 644 autem,cbaritatis
1024 566 1222 637 Pater,
1256 572 1316 628 et
1346 566 1472 647 ipsa
1494 567 1774 641 charitas,
1807 585 1877 628 ex
1909 564 2106 628 Theo«

2218 564 2331 627 :01l.
2385 568 2527 634 Φησὶ
2573 568 2672 646 γὰρ
2728 567 2957 632 ἐκεῖνος·
3011 567 3075 626 Ἦ
3110 569 3296 648 ἀγάπη
3326 569 3394 627 ἐκ
3440 576 3537 626 τοῦ
3570 576 3700 627 Θεοῦ
3727 569 3847 647 lett,

456 653 596 735 logo
627 654 859 715 Joanne
894 662 1005 717 est.
1041 653 1141 717 Ait
1169 655 1329 719 enim
1370 655 1474 717 ille
1511 677 1524 715 :
1560 656 1852 718 Charitas
1883 674 1961 718 ea:
1997 654 2118 715 Deo

2218 656 2312 730 ιαὶ,
2362 656 2391 711 6
2438 658 2568 721 Θεὸς
2622 654 2808 735 ἀγάπη
2869 656 3029 718 ἐστίν,
3068 655 3157 716 Ἐν
3216 657 3272 715 δὲ
3333 660 3418 733 τῷ
3447 659 3588 717 κατὰ
3617 658 3848 724 Ἰωάννην

458 751 546 808 est
565 744 656 818 57;
688 752 749 807 et
778 763 791 807 :
820 743 980 805 Deus
1009 743 1281 808 charitas
1312 747 1502 810 est58.
1537 746 1734 823 Atque
1767 746 1827 806 in
1860 747 2118 820 Evange-

2218 745 2523 825 Εὖαγγελίῳ
2600 747 2742 827 λέγει
2814 750 2841 805 6
2914 748 3121 826 Κύριος
3185 748 3449 816 Ἐντολῆν
3541 748 3729 814 καινὴν
3776 745 3848 803 δίο

459 833 541 898 li'o
573 832 903 897 secundum
933 835 1221 898 Joannem
1255 835 1397 899 dicit
1423 836 1717 900 Dominus
1744 836 1844 896 59:
1873 836 2126 898 Manda-

2218 833 2349 911 δωμι
2396 837 2525 912 ὑμῖν
2561 885 2577 912 ,
2635 838 2727 895 ἵνα
2785 844 3027 915 ἆγαπᾶτι
3108 837 3373 909 ἀλλήλους
3403 888 3421 911 ,
3488 839 3666 900 καθὼς
3725 838 3850 914 ἠγά-

462 932 589 988 tum
617 940 841 987 novum
872 925 951 987 do
980 924 1149 987 vobis
1176 946 1196 986 :
1218 932 1285 989 ut
1323 926 1599 1006 diligatis
1650 928 1939 1001 invicem,
1974 927 2127 987 sicut

458 1016 656 1079 dilemi
676 1016 999 1077 vos.Vetus
1022 1014 1262 1095 quidem
1289 1016 1632 1079 mandatum
1653 1026 1856 1078 eratse
1876 1016 2141 1076 invicem

460 1106 729 1185 diligere.
742 1104 968 1185 Diliges
982 1106 1653 1188 enim,inquit,proa‘im
1663 1125 1762 1169 um
1786 1115 1956 1171 tuum
1975 1108 2126 1169 sicut

462 1201 519 1258 te
547 1198 745 1276 ipsum
763 1194 852 1257 60.
877 1193 996 1259 Sed
1030 1196 1323 1260 Domi-nus
1355 1214 1575 1259 novum
1613 1197 1809 1260 effecit
1841 1197 1985 1259 illud
2021 1196 2127 1259 hac

459 1288 811 1366 mutatione,
855 1284 1079 1366 jubens
1133 1303 1235 1347 eos
1288 1288 1438 1349 alios
1510 1286 1763 1367 diligere
1821 1306 2005 1367 super
2063 1305 2127 1347 se

458 1377 647 1458 ipsos,
682 1375 840 1438 sicut
870 1384 930 1438 et
952 1374 1083 1456 ipse
1116 1375 1321 1438 dilexit
1352 1395 1485 1459 nos,
1519 1384 1578 1439 et
1609 1395 1717 1458 pro
1752 1376 1925 1438 nobis
1952 1377 2129 1437 morti

461 1464 853 1546 semetipsum
887 1463 1152 1528 tradidit.
1187 1462 1450 1544 Ideoque
1480 1465 1671 1529 dixit:
1702 1469 1995 1542 Maiorem
2020 1466 2131 1527 illa

461 1556 831 1620 citaritatem
861 1572 1041 1618 nemo
1072 1554 1275 1629 habet,
1309 1562 1376 1619 ut
1396 1555 1620 1636 aliquis
1647 1562 1927 1618 animum
1952 1574 2129 1618 suam

456 1652 654 1729 ponat
682 1663 795 1727 pro
817 1647 1033 1709 amicis
1065 1647 1193 1708 suis
1213 1645 1297 1709 61.
1332 1645 1552 1709 Dicens
1584 1647 1759 1726 igitur
1788 1645 2130 1724 Theologus

2212 946 2363 991 πησα
2413 927 2570 1002 ὑμᾶς.
2634 928 2731 985 Καὶ
2789 928 2899 1002 μὴν
2954 928 3158 984 παλαιὰ
3212 930 3280 995 ἦν
3310 926 3537 1001 ἐντολὴ,
3570 929 3633 983 τὸ
3663 926 3849 1005 ἀγαπᾷν

2213 1012 2505 1085 ἀλλήλους.
2544 1015 2888 1093 ’Λγαπιισεις
2946 1017 3071 1097 γὰρ,
3121 1019 3274 1099 φησὶ,
3334 1019 3434 1075 16v
3495 1016 3721 1084 πλησίον
3775 1038 3850 1071 σου

2213 1106 2289 1168 ὡς
2343 1105 2551 1169 ἑαυτόν.
2614 1104 2757 1177 ’ήλλ⁹
2817 1109 2845 1164 6
2902 1109 3125 1184 Χριστὸς
3173 1108 3366 1175 καινὴν
3426 1107 3600 1175 αὐτὴν
3657 1106 3849 1172 ἑποίητε

2211 1200 2285 1267 νῷ
2339 1194 2541 1273 τρόπῳ,
2595 1194 2850 1262 κελεύσας
2912 1195 3176 1266 ἀλλήλους
3208 1197 3425 1269 ἀγαπᾷν
3456 1196 3595 1275 ὑπὲρ
3634 1196 3848 1263 ἑαυτοὺς,

2211 1281 2389 1348 καλὼς
2457 1285 2546 1341 καὶ
2601 1285 2755 1351 αὐτὸς
2809 1284 3094 1364 ἠγάπησεν
3152 1289 3323 1361 ἡμᾶς,
3387 1288 3482 1344 καὶ
3534 1285 3665 1365 ὑπὲρ
3715 1287 3849 1361 ἡμῶν

2213 1374 2289 1439 είς
2345 1374 2571 1435 θάνατον
2626 1372 2822 1433 ἔδωκεν
2873 1376 3081 1433 ἑαυτόνο
3127 1373 3208 1434 διὸ
3265 1378 3352 1434 καὶ
3404 1375 3591 1455 ἔλεγε·
3652 1376 3850 1446 Μείζονα

2214 1464 2411 1531 ταύτης
2496 1464 2715 1545 ἀγάπην
2800 1464 2966 1529 οὒδεὶς
3023 1464 3167 1547 ἔχει,
3228 1466 3320 1524 ’ἶνα
3378 1490 3467 1533 τις
3529 1468 3629 1537 τὴν
3686 1465 3848 1545 ψδχὴν

2214 1558 2373 1613 αὐτοῦ
2421 1558 2489 1631 θῇ
2565 1555 2698 1631 ὑπὲρ
2748 1558 2855 1613 τῶν
2918 1554 3081 1637 φίλων
3136 1557 3315 1621 αὒτοῦ.
3376 1559 3564 1615 Εἰπὼν
3621 1556 3850 1631 μέντοιὸ

2214 1643 2504 1724 Θεολόγος,
2559 1642 2641 1701 ὅτι
2722 1643 2976 1702 ’Ἐδωκεν
3035 1648 3063 1703 6
3123 1648 3254 1710 Θεὸς
3338 1648 3431 1703 καὶ
3464 1658 3738 1727 τυραννεῖν
3765 1667 3852 1701 κα-

463 1735 623 1817 quod
658 1734 823 1830 dedit
855 1738 1012 1797 Deus
1041 1744 1203 1797 recte
1236 1744 1413 1818 atque
1446 1737 1699 1830 honeste
1737 1736 2122 1830 vimatl‘erre,

2218 1733 2341 1810 λῶς,
2405 1736 2494 1791 καὶ
2549 1738 2944 1815 τυρραννετσθαι
3011 1734 3097 1792 διὰ
3161 1738 3253 1793 τὸν
3307 1735 3505 1817 φόϐον,
3563 1735 3714 1793 δοκεῖ

464 1833 525 1888 et
554 1833 717 1887 recte
746 1824 888 1887 item
926 1832 1169 1906 propter
1198 1835 1421 1886 metum
1450 1825 1769 1897 cedere,ad
1796 1825 1958 1905 prius
1985 1844 2127 1905 pro-

2218 1826 2310 1893 τὴν
2353 1824 2404 1891 ἕξ
2435 1824 2614 1905 ἀρχῆς
2670 1824 2916 1882 ὑπόθεσιν
2959 1826 3169 1904 τρέπειν
3217 1828 3279 1882 16
3323 1826 3519 1905 λόγον,
3555 1826 3634 1883 ὅτι
3691 1825 3851 1901 impivi

470 1914 729 1998 positum
773 1932 1115 1979 sermonem
1169 1923 1406 1977 vertere
1441 1914 1981 1992 videtur,quoniam
2017 1908 2129 1991 ipsi

2218 1937 2341 1983 νησε
2392 1916 2491 1989 μὲν
2550 1916 2704 1972 αὑνὸν
2776 1918 2803 1971 6
2863 1916 3031 1992 μέγας
3108 1914 3384 1983 Βασιλειος
3460 1915 3645 1980 καλῶς
3718 1923 3850 1972 τοῦτο

467 2004 711 2088 quidem
743 2005 856 2066 vim
892 2004 1092 2066 intulit
1122 2022 1375 2085 magnus
1409 2006 1688 2081 Basilius,
1716 2005 1827 2067 hoc
1852 2017 2015 2066 reclc
2039 2005 2128 2065 fa-

2218 2012 2404 2085 ποιῶν,
2437 2004 2531 2061 ’ἕνα
2563 2003 2873 2085 ὠφελῶνται
2918 2004 3005 2062 διὰ
3056 2011 3156 2074 τῆς
3215 2007 3407 2063 τούτου
3457 2004 3788 2068 διδασκαλίας
3813 2006 3849 2058 οἱ

469 2094 659 2177 ciens,
685 2102 750 2157 ut
779 2095 1052 2157 doctrina
1082 2113 1189 2156 sua
1219 2095 1293 2156 iis
1322 2094 1423 2177 qui
1453 2093 1564 2158 sub
1596 2093 1727 2176 ipso
1752 2103 1920 2156 erant
1946 2094 2128 2174 prod-

2218 2093 2301 2153 ὑπ’
2353 2097 2534 2155 αὐτόν.
2590 2096 2914 2173 ἐτυραννήθη
2959 2094 3014 2152 δὲ
3071 2095 3232 2154 πάλιν
3287 2098 3453 2161 nam
3509 2098 3601 2153 καὶ
3670 2095 3850 2152 ὑπεκά-

468 2193 651 2259 esset;
685 2202 1015 2265 rursusque
1045 2184 1175 2265 ipse
1196 2184 1312 2246 vim
1347 2202 1555 2264 passus
1604 2192 1692 2245 est
1730 2192 1787 2247 et
1813 2184 1864 2243 vi
1890 2193 2130 2245 coactus

2218 2190 2358 2267 μφθη
2403 2187 2490 2263 βίᾳ
2547 2188 2683 2265 πρὸσ
2739 2186 2838 2254 τὴν
2895 2185 3217 2258 ἐπισκοπήν’
3279 2188 3368 2243 καὶ
3423 2194 3608 2267 τοῦτο,
3654 2183 3738 2241 διὰ
3778 2186 3852 2239 τὸν

470 2281 565 2338 est
593 2274 665 2337 ad
700 2274 1131 2355 episcopatum,
1164 2274 1434 2355 illudque
1464 2282 1709 2356 propter
1740 2283 1989 2335 metum.
2028 2275 2129 2337 ln-

2218 2275 2397 2358 φόϐον⁶
2454 2273 2691 2357 ἐφοϐήθη
2750 2277 2851 2355 γὰρ
2878 2277 2940 2333 16
2974 2274 3221 2354 ἔγκλημα
3250 2282 3345 2353 τῇς
3409 2276 3705 2348 ἀπειθείας,
3735 2276 3851 2331 ὥστε

470 2363 829 2427 obedientiae
859 2364 1019 2427 enim
1051 2364 1460 2427 reformidavit
1490 2364 1750 2432 crimen,
1782 2365 1863 2426 ita
1888 2373 1951 2424 ut
1992 2383 2127 2425 cum

2218 2370 2299 2425 καὶ
2343 2365 2577 2445 εὒλόγως
2638 2379 2934 2446 παρῃτεῖτο
2954 2368 3042 2424 καὶ
3094 2366 3357 2447 ἀνεδύετο,
3393 2368 3488 2424 καὶ
3555 2364 3711 2423 πάλιν
3739 2365 3853 2440 μετὰ

467 2453 703 2518 ratione
739 2453 1069 2517 declinaret
1115 2462 1173 2516 et
1222 2463 1628 2530 cunctaretur,
1666 2462 1724 2516 et
1753 2473 1960 2515 rursus
1992 2473 2125 2515 cum

2218 2457 2378 2537 λόγου
2436 2454 2687 2535 ἐθάῤῥησε
2729 2458 2815 2513 καὶ
2857 2453 3017 2516 ὑπέδυ
3073 2457 3172 2524 τὴν
3206 2458 3574 2536 γειροτονίαν.
3610 2456 3755 2519 Αὖθις
3805 2452 3849 2508 δὲ

469 2544 705 2608 ratione
736 2544 1007 2608 ﬁduciam
1039 2545 1317 2627 concepit
1365 2553 1425 2608 et
1473 2545 1914 2607 ordinationem
1949 2545 2133 2605 susti—

2218 2548 2502 2626 ὶπαγαγὼν
2552 2549 2579 2603 6
2630 2544 2915 2627 Θευλόγος,
2976 2545 3057 2603 ὅτι
3101 2548 3129 2603 6
3162 2548 3293 2611 Θεὸς
3323 2549 3415 2604 καὶ
3461 2547 3530 2602 τὰ
3557 2548 3719 2624 μικρὰ
3746 2545 3850 2600 ποί-

470 2635 627 2698 nuit.
663 2636 753 2699 Ac
774 2635 993 2698 deinde
1024 2636 1351 2715 subjiciens
1380 2635 1745 2714 Theologus,
1782 2633 1941 2713 quod
1977 2634 2133 2696 Deus

2218 2659 2344 2713 μνια
2394 2634 2679 2715 μεγαλύνει
2724 2633 2809 2691 διὰ
2856 2641 2955 2703 τῆς
3014 2638 3174 2693 αὐτοῦ
3226 2636 3479 2717 χάριτος,
3546 2636 3756 2713 ᾐνιξατο
3804 2634 3854 2687 16

470 2734 535 2791 et
563 2742 781 2808 parvos
810 2744 1021 2807 greges
1051 2726 1239 2806 gratia
1270 2744 1377 2788 sua
1414 2724 1977 2804 msgniﬁcat,obiter
2008 2744 2134 2786 cre—

2218 2726 2560 2803 ὲμπιστευθξν
2641 2725 2783 2801 αὐτῷ
2842 2727 3110 2802 ποίμνιον,
3164 2728 3227 2783 16
3271 2729 3375 2783 τῶν
3438 2729 3714 2804 Σασίμων,
3744 2721 3851 2801 σφό-

471 2816 664 2880 ditum
698 2815 807 2877 sibi
841 2833 1083 2894 gregem
1116 2814 1336 2889 innuit,
1372 2814 1741 2877 Sasimorum
1777 2813 2135 2895 scilicet,qui

2220 2817 2315 2899 δρα
2373 2820 2562 2896 μικρὸν
2616 2817 2861 2896 ὑπάρχον
2920 2818 3008 2873 καὶ
3070 2818 3327 2897 πενιχρὸν
3387 2819 3478 2875 καὶ
3513 2817 3715 2874 στενόν·
3749 2814 3852 2869 εἶτα

468 2905 791 2969 admodum
852 2923 1068 2985 parvus
1117 2914 1267 2977 erat,
1306 2903 1708 2984 indigensque
1741 2911 1800 2964 et
1830 2913 2133 2983 augustus.

2221 2908 2410 2969 ἔλαϐεν
2467 2910 2528 2966 ὲκ
2584 2914 2675 2964 τοῦ
2736 2906 3067 2965 Ἀποστόλου
3117 2909 3203 2979 16,
3280 2907 3454 2973 A6164
3514 2910 3662 2983 ἡμᾶς
3699 2926 3851 2981 παρα-

473 2996 703 3063 Deinde
732 2996 988 3077 sumpsit
1016 3015 1085 3057 ex
1107 2996 1385 3077 Apostolo
1418 2994 1563 3056 illud
1593 3013 1607 3054 :
1634 2992 1772 3073 Ipse
1802 3011 1911 3055 nos
1927 3011 2135 3056 conso-

2220 3001 2437 3059 καλέσει
2508 2996 2845 3072 παρακλήσει
2903 2995 3081 3065 πολλῆ
3116 3046 3133 3077 ,
3191 2997 3442 3055 τουτέστι
3504 2996 3847 3074 παρηγορήτει

470 3087 712 3151 labitur
742 3085 1145 3149 consolatione
1176 3088 1376 3148 multa
1390 3083 1536 3159 ⁸³,ἰά
1574 3091 1685 3165 est,
1719 3083 2052 3144 sublevabit
2072 3084 2133 3146 in

2218 3099 2269 3155 ἐν
2343 3089 2556 3169 μεγάλη
2613 3088 2937 3167 παραμυθία,
3019 3088 3325 3168 Εὐχόμενος
3384 3086 3442 3144 δὲ
3500 3086 3706 3153 πολλῆς
3758 3104 3849 3138 πι-

473 3196 687 3257 magno
736 3175 968 3238 solatio.
1022 3173 1218 3238 Orans
1276 3193 1419 3236 vero
1487 3176 1674 3237 Deum
1740 3182 1807 3235 ut
1870 3173 2131 3254 seipsum

473 3266 659 3330 multa
686 3265 965 3345 dignetur
992 3263 1770 3346 consolatione,vehementi
1796 3282 1860 3324 se
1894 3273 2138 3344 propter

473 3354 916 3419 ordinationem
946 3371 1114 3418 suam
1150 3373 1405 3418 maerore
1431 3354 1705 3415 affectum
1732 3352 1913 3414 fuisse
1934 3363 2136 3415 osten-

472 3446 586 3509 dit.
619 3445 764 3509 Ideo
790 3462 1111 3525 congruam
1146 3445 1220 3508 ab
1255 3464 1325 3509 eo
1358 3443 1829 3507 consolationem
1857 3445 2021 3523 petit.
2052 3446 2134 3507 Ex

473 3534 736 3617 Epistola
768 3534 843 3597 ad
868 3534 1153 3598 Hebraeos
1172 3535 1551 3615 desumptum
1578 3542 1670 3596 est
1694 3534 1863 3595 illud:
1902 3534 2138 3615 Refecil

474 3642 585 3688 nos
615 3626 682 3687 in
712 3626 882 3688 omni
916 3642 1094 3706 opere
1134 3623 1311 3698 bono,
1346 3623 1581 3687 scilicet
1615 3622 1888 3705 perfecit;
1927 3643 1993 3685 ex
2020 3628 2139 3687 Da-

476 3714 612 3777 vide
643 3724 849 3779 autem
879 3714 1024 3777 illud
1053 3717 1265 3778 :Sicut
1294 3714 1637 3777 latantium
1669 3716 1940 3777 omnium
1962 3715 2139 3776 habi-

481 3807 635 3869 tatio
665 3813 755 3868 est
788 3805 855 3867 in
887 3811 943 3869 te
972 3803 1049 3882 53;
1081 3804 1479 3885 similiterque
1506 3803 1831 3882 illudzEgo
1864 3804 1927 3865 in
1943 3804 2136 3881 justi-

481 3897 575 3957 tia
592 3894 898 3977 apparebo
925 3895 1280 3976 conspectui
1318 3901 1423 3958 tuo
1447 3910 1462 3956 :
1489 3894 1647 3956 satia
1662 3893 1767 3955 bor
1794 3910 1925 3954 cum
1951 3912 2142 3973 appa-

481 3987 685 4048 ruerit
706 3987 908 4066 gloria
928 3994 1033 4047 tua
1046 3984 1132 4047 ϐι.
1158 3984 1267 4047 Hic
1298 3986 1456 4046 enim
1495 3982 1784 4064 splendor
1807 3983 1954 4063 justi
1976 3984 2145 4065 quasi

480 4082 687 4156 gustus
716 4083 779 4136 et
808 4075 1020 4157 pignus
1061 4084 1173 4153 est;
1234 4082 1376 4135 tunc
1431 4073 1696 4155 perfecte
1744 4073 2044 4152 accipient
2086 4082 2146 4136 et

481 4163 854 4227 satiabuntur
884 4164 989 4227 Dei
1009 4164 1403 4246 gloria,quam
1435 4161 1499 4224 in
1517 4162 1752 4243 justitia
1780 4163 2143 4243 contempla-

460 4253 961 4336 ,buntur,sci|icet
993 4272 1101 4336 per
1128 4254 1412 4319 virtutem
1444 4271 1676 4334 eorum,
1708 4252 1766 4313 in
1789 4252 2020 4316 Christo
2038 4252 2141 4316 Je-

480 4364 549 4408 ιιι
587 4344 838 4409 Domino
864 4352 1090 4410 nostro.

561 4513 869 4594 57,1Joan.
901 4531 985 4587 IV,
1011 4517 1074 4577 7.
1159 4515 1225 4568 58
1253 4512 1399 4594 ibid.
1435 4513 1521 4594 8._
1580 4511 1643 4563 89
1669 4512 1839 4575 Joan.
1867 4529 1992 4594 xm,
2044 4515 2144 4582 34.

487 4600 548 4664 4.
630 4592 685 4640 ⁸³
717 4594 873 4661 Psal.
919 4612 1160 4680 unm,
1188 4597 1252 4658 7.
1336 4591 1550 4657 “Psal.
1582 4609 1703 4669 xvr,
1738 4595 1835 4659 15.

2216 3183 2533 3267 ρακλήσεως
2592 3176 2930 3256 ἀξιεωθῆναι,
2990 3178 3257 3267 ἀμφαίνει,
3326 3175 3409 3234 6'1:
3458 3174 3849 3267 πολλὴνλύπην

2216 3261 2378 3355 ἴσχεν
2412 3270 2467 3328 ἒν
2510 3274 2578 3346 τῇ
2621 3268 2943 3349 χειροτονίᾳ·
2998 3264 3077 3323 διὸ
3108 3267 3370 3355 ἀνάλογον
3401 3276 3565 3340 ζητεῖ
3595 3264 3753 3341 ταότη
3778 3261 3849 3318 καὶ

2218 3354 2319 3432 τὴν
2346 3357 2703 3439 παραμυθίαν.
2734 3356 2796 3413 ὲκ
2850 3360 2949 3424 τῆς
3009 3357 3140 3435 πρὸς
3198 3354 3477 3436 Ἐϐραίους
3528 3356 3581 3414 δὲ
3617 3355 3846 3431 εἴληπται

2218 3456 2308 3512 καὶ
2350 3453 2435 3525 16,
2501 3447 2875 3527 Καταρτίσειεν
2933 3448 3077 3521 ἡμᾶς
3134 3444 3188 3502 ἰν
3238 3448 3395 3503 παντὶ
3458 3447 3602 3527 ἔργφ
3673 3444 3849 3522 ἀγαθῷ,

2221 3542 2384 3620 ἤγουν
2415 3536 2748 3595 τελειώσειεν
2807 3545 2881 3595 Εκ
2931 3534 2985 3592 δὲ
3042 3539 3135 3593 τοῦ
3216 3534 3385 3593 Δαυῖδ
3430 3540 3516 3609 16,
3557 3540 3631 3602 ὡς
3662 3538 3847 3612 εὔφραι-

2223 3629 2460 3705 νομένων
2519 3628 2734 3687 πάντων
2783 3628 2818 3696 ἡ
2860 3626 3103 3683 κατοικία
3163 3626 3217 3682 ὲν
3264 3628 3365 3684 σοί·
3435 3629 3635 3703 ὁμοίως
3690 3622 3739 3679 δὲ
3780 3623 3847 3689 16,

2225 3720 2376 3799 Ἐγὼ
2427 3722 2481 3776 ἓν
2530 3716 2873 3794 δικαιοοσύνῃ
2917 3717 2945 3773 ὀ
2998 3719 3267 3796 φθήσομαι
3317 3722 3396 3791 τῷ
3460 3716 3727 3796 πρὸσώπῳ
3752 3728 3844 3799 σον·

2226 3809 2668 3892 χορτασθήσομαι
2756 3806 2812 3863 ἑν
2884 3808 2963 3880 τῷ
3050 3807 3273 3886 ὀφθῆναι
3355 3829 3450 3881 μοι
3533 3806 3633 3874 τὴν
3710 3798 3849 3892 δεξιάν

2226 3886 2342 3956 σου.
2380 3896 2445 3955 Ἠ
2503 3897 2605 3976 γὰρ
2656 3894 2877 3953 ἐνταῦθα
2930 3893 3239 3971 ἕλλαμψις,
3318 3897 3481 3953 οίονεὶ
3563 3894 3724 3974 γεῦμα
3779 3886 3850 3943 καὶ

2227 3985 2467 4069 ἆῤῥαϐὼν
2525 3986 2638 4043 ἔστι
2695 3998 2816 4049 τοῖς
2865 3982 3112 4048 δικαίοις.
3167 3987 3296 4042 Τὸτε
3346 3986 3400 4041 δὲ
3455 3984 3639 4043 τέλεον
3669 3977 3848 4069 ἀπολή-

2227 4083 2421 4155 ψονται
2474 4079 2561 4134 καὶ
2620 4076 3080 4156 χορτασθήσονται
3123 4074 3220 4142 τῆς
3278 4081 3371 4131 τοῦ
3432 4082 3569 4133 eam;
3620 4071 3748 4142 665;,
3794 4065 3846 4131 ἦν

2226 4170 2587 4248 θεωρήσουσιν
2638 4166 2691 4221 ἔν
2744 4162 3073 4246 δ’καιοσύνῃ,
3106 4164 3343 4223 τουτέστι
3395 4164 3484 4222 διὰ
3542 4165 3637 4231 τὴν
3687 4157 3849 4236 ἀρετὴν

2227 4259 2425 4335 αὐτῶν,
2460 4257 2517 4315 ἐν
2552 4261 2797 4336 Χρισττῷ
2823 4254 3003 4323 ἰησοῦ
3032 4263 3108 4332 τῷ
3136 4256 3308 4335 Κυρίῳ
3337 4257 3519 4332 ἡμῶν.

2226 4516 2291 4571 ϐο
2324 4516 2511 4582 Levit.
2546 4534 2663 4593 XIX,
2707 4516 2801 4581 18.
2886 4513 2941 4566 οι
2978 4513 3150 4579 Joan.
3188 4532 3288 4591 xv,
3325 4516 3418 4579 l3.
3507 4508 3640 4577 6911
3665 4511 3785 4574 Cor.
3815 4522 3845 4578 ι,
