4102 6394
495 295 614 360 987

1919 299 2238 362 NONNUS
2278 297 2531 362 ABBAS

3756 307 3849 373 988

495 435 557 496 in
574 435 824 497 deorum
839 433 1276 496 immortalium
1295 451 1614 495 numerum
1634 433 1856 495 ascitus
1870 440 1927 494 et
1946 447 2161 494 conse-

2258 429 2523 509 οὗρανους,
2565 432 2752 491 ἔλαϐεν
2783 437 2968 493 ἑαυτὸν
2999 436 3052 493 ἐν
3111 440 3200 512 τῷ·
3241 433 3593 513 ἀναδιδομένῳ
3625 441 3735 518 πυρὶ⁵
3771 443 3847 508 τῆς

499 535 700 586 cratus
719 523 970 598 esset,in
990 521 1183 585 :Etna:
1200 522 1402 603 ignem
1421 539 1558 586 sese
1575 523 1971 604 conjecit.Hic
1987 539 2166 605 porro

499 613 655 691 ignis
687 611 942 675 Vulcani
977 621 1272 694 crateres,
1304 613 1418 674 hoc
1449 623 1543 676 est
1565 615 1859 676 Ioramina
1892 613 2165 695 appella-

499 713 620 767 tur.
653 703 754 767 Sic
783 703 971 766 miser
997 704 1054 764 vi
1099 705 1359 766 ﬂamma
1407 703 1758 784 absumptus
1792 704 2039 766 interiit.
2093 703 2168 764 At

502 814 642 857 vero
673 793 833 857 Deus
865 794 1213 874 hujusmodi
1245 793 1490 856 exitium
1523 793 1719 856 inanis
1750 794 1952 874 glorias
1999 792 2165 855 desi-

507 884 673 948 derio
691 893 1062 947 contractum
1079 883 1139 946 in
1163 884 1468 966 publicum
1494 885 1764 967 proferre
1787 882 2170 960 volens,eﬁ‘e-

510 977 590 1038 cit
613 984 676 1037 ut
699 974 770 1037 ad
803 975 1272 1037 convincendam
1301 994 1530 1049 eorum,
1559 975 1664 1057 qui
1684 993 1833 1036 vano
1856 975 2026 1036 famae
2050 980 2168 1034 stu-

511 1066 607 1129 dio
635 1067 981 1143 ﬂagrarent,
1015 1065 1356 1140 stultitiam,
1395 1065 1677 1127 calceuus
1708 1063 1894 1145 ipsius
1927 1082 1996 1125 ex
2031 1062 2168 1142 igne

505 1155 819 1221 incolumis
846 1164 1221 1236 egereretur.
1258 1157 1448 1236 Atque
1481 1155 1562 1216 ita
1613 1155 1991 1236 perspicuum
2025 1171 2160 1214 om-

507 1247 687 1310 nibus
717 1247 940 1308 l'actum
969 1257 1086 1326 est,
1122 1265 1255 1308 eum
1289 1243 1664 1307 divinitatem
1699 1243 2163 1324 haudquaquam

507 1337 791 1418 adeptum
814 1335 1022 1417 fuisse,
1047 1355 1252 1398 verum
1281 1355 1387 1417 per
1410 1335 1651 1398 inanem
1673 1333 1878 1415 gloriae
1899 1350 2163 1394 amorem

510 1427 757 1490 omnino
796 1426 1116 1490 exarsisse.
1167 1423 1546 1507 Trophonius
1597 1433 1822 1504 autem,
1859 1422 2160 1496 Aristaeus,

2250 519 2477 588 Αἴτνης.
2539 531 2702 581 Τοῦτο
2733 523 2787 581 δί
2820 527 2880 582 τὸ
2937 533 3038 606 πῦρ
3097 525 3334 607 λέγεται,
3383 530 3430 583 οἱ
3471 535 3562 584 τοῦ
3609 518 3852 609 Ἡφαίστου

2247 612 2532 690 κρατῆρες.
2569 617 2668 671 Καὶ
2717 618 2872 680 αὐτὸς
2909 618 3010 694 μὲν
3053 615 3300 676 ἀπώλετο
3349 619 3452 677 ὕπὸ
3477 625 3568 676 τοῦ
3599 622 3766 698 πυρὸς.
3809 611 3851 682 Ὀ

2249 700 2301 756 δὲ
2337 704 2464 766 Θεὸς
2495 705 2820 780 βουλόμενος
2867 705 3215 784 δημοσιεῦσαι
3249 709 3406 765 αὐτοῦ
3450 709 3547 775 τὴν
3575 708 3850 786 κενοδοξίαν,

2250 793 2310 849 τὸ
2355 792 2612 851 σάνδαλον
2658 795 2817 854 αὐτοῦ
2869 797 3269 866 ἀποπτυσθῆναι
3319 802 3454 856 σῶον
3495 799 3555 856 ἐκ
3595 811 3684 860 τοῦ
3725 805 3856 880 πυρὸς

2251 882 2494 951 ἐποίησε,
2552 886 2650 943 Καὶ
2707 887 2876 952 οὕτως
2907 887 3148 967 ἐγνώσθη
3202 895 3388 964 πᾶσιν,
3421 888 3497 945 ὅτι
3529 892 3654 954 Θεὸς
3683 892 3769 968 μὶν
3814 897 3859 952 οὐ

2250 973 2464 1052 γέγονε,
2511 975 2748 1044 κατεκάη
2795 976 2847 1032 δὲ
2895 980 2967 1043 είς
3023 977 3176 1042 τέλος
3209 979 3364 1044 ἀξίως
3393 985 3491 1046 τῆς
3515 981 3700 1045 οίκείας
3729 1003 3858 1038 κενο-

2251 1063 2444 1130 δοξίας.
2512 1066 2569 1122 Oi
2627 1063 2680 1121 δὲ
2729 1069 2845 1145 περὶ
2888 1070 2978 1126 τὸν
3023 1068 3332 1149 Τροφώνιον
3382 1072 3468 1127 καὶ
3508 1068 3858 1146 Ἐμπεδότιμον

2245 1155 2330 1210 καὶ
2363 1151 2672 1232 Ἀρισταῖον
2703 1157 2950 1238 ὑπῆρχον
2997 1159 3097 1232 μέν
3128 1159 3188 1216 ἐκ
3230 1164 3328 1228 τῆς
3363 1163 3639 1235 Βοιωτίας,
3681 1159 3858 1225 πόλεως

2249 1240 2526 1318 Λεϐαδίας,
2563 1246 2779 1320 μάντεις
2806 1245 2861 1304 δὲ
2889 1262 3012 1312 ταῖς
3035 1249 3254 1327 τέχναις
3278 1265 3294 1283 ⁸
3333 1251 3421 1306 καὶ
3461 1252 3606 1306 οὗτοι
3629 1249 3858 1326 βουλόμε-

2249 1357 2332 1419 νοι
2366 1332 2706 1403 κενοδοξῆσαι
2761 1339 2850 1394 καὶ
2893 1336 3088 1412 δεῖξαι,
3141 1337 3221 1396 ὅτι
3254 1338 3646 1419 ἀνελήφθησαν,
3680 1341 3859 1404 ἑαυτοὺς

2251 1416 2306 1480 ἕν
2348 1446 2484 1481 τισιν
2532 1425 2878 1508 ὑποϐρυχίοις
2932 1428 3215 1497 σπηλαίοις
3247 1416 3460 1510 ἔϐαλον,
3491 1432 3577 1487 επὶ
3604 1437 3678 1505 τῷ
3705 1431 3858 1487 τεθνά-

512 1525 570 1579 et
599 1515 1052 1597 Empedotimus
1083 1515 1344 1578 Lebadia
1378 1515 1621 1578 Boeotia:
1651 1513 1802 1576 urbe
1842 1513 1956 1575 orti
2007 1519 2166 1588 sunt,

2258 1536 2363 1588 ναι,
2418 1516 2506 1571 καὶ
2549 1516 2627 1591 μὴ
2687 1517 2960 1596 εὖρεθῆναι
3021 1522 3194 1577 αὖτῶν
3249 1521 3316 1577 τὰ
3373 1519 3624 1597 λείψανα.
3653 1520 3793 1579 Οὗτοι
3819 1523 3860 1576 δὲ

511 1606 992 1688 vaticinandique
1025 1615 1212 1668 artem
1249 1606 1591 1668 coluerunt?
1628 1604 1731 1686 qui
1763 1605 1938 1665 etiam
1974 1602 2169 1664 inanis

511 1698 684 1759 fama:
706 1697 904 1758 studio
937 1697 1197 1769 incensi,
1222 1715 1290 1758 ac
1323 1696 1645 1758 divinitatis
1678 1693 2019 1776 Opinionem
2053 1692 2168 1754 sibi

510 1787 670 1869 apud
695 1787 970 1848 homines
995 1787 1318 1849 conciliare
1337 1784 1737 1869 cupientes,in
1761 1803 1976 1865 specus
1999 1801 2169 1864 quas-

512 1878 649 1940 dam
683 1895 750 1938 se
781 1879 1119 1957 praecipites
1150 1877 1467 1952 dederunt,
1498 1885 1561 1939 ut
1594 1893 1834 1957 prorsus
1866 1875 1939 1936 de
1969 1873 2167 1935 medio

510 1969 885 2041 tollerentur,
913 1987 1024 2031 nec
1047 1967 1376 2050 quidquam
1409 1987 1476 2030 ex
1502 1967 1771 2048 corporis
1797 1983 2002 2028 eorum
2025 1963 2167 2026 reli-

510 2058 664 2141 quiis
687 2058 944 2120 inveniri
975 2065 1202 2138 posset.
1226 2057 1333 2120 Hic
1359 2077 1568 2120 eorum
1595 2057 1704 2118 fuit
1727 2057 1942 2119 exitus.
1970 2055 2164 2117 Caste-

511 2168 644 2211 rum
677 2149 980 2228 cognitum
1033 2157 1126 2210 est
1155 2167 1257 2210 eos
1290 2148 1408 2211 illic
1441 2157 1693 2210 mortem
1725 2144 1975 2218 obiisse,
2010 2143 2166 2221 quod

511 2240 670 2302 circa
701 2240 862 2301 hunc
902 2239 1100 2300 locum
1134 2240 1443 2302 oraculum
1477 2237 1792 2301 exstiterit.
1831 2240 1933 2298 Est
1967 2243 2164 2295 autem

511 2329 916 2410 proverbium,
948 2330 1008 2391 in
1041 2329 1365 2410 Trophonii
1407 2348 1653 2411 specum
1707 2325 1930 2388 oraculi
1987 2343 2165 2386 causa

511 2420 834 2500 proﬁcisci,
867 2421 942 2481 de
976 2419 1320 2483 hominibus
1353 2420 1587 2501 pallidis
1617 2427 1793 2498 atque
1824 2435 1858 2478 a
1891 2417 2015 2478 risu
2049 2416 2162 2476 ab-

510 2509 917 2573 horrentibus.
955 2511 1236 2594 Quisquis
1267 2511 1427 2574 enim
1460 2510 1532 2572 ad
1563 2509 1870 2571 oraculum
1920 2505 2066 2567 illud
2099 2523 2162 2566 se

2250 1607 2561 1676 τεθνήκασιν
2603 1626 2615 1640 ⁸
2649 1607 2991 1688 ἐγνώσθησαν
3035 1610 3090 1667 δὲ
3131 1611 3210 1667 ὅτι
3266 1610 3444 1668 ἕκεϊσε
3494 1611 3762 1691 ἀπέθανον³
3799 1609 3864 1666 διὰ

2251 1698 2310 1755 τὸ
2345 1707 2602 1770 μαντεῖον
2635 1705 2869 1777 φανῆναι
2894 1703 3012 1780 περὶ
3040 1703 3131 1759 τὸν
3161 1703 3351 1759 τόπον.
3385 1700 3552 1760 ’Ἐστι
3581 1700 3634 1757 δέ
3661 1724 3734 1764 τις
3760 1724 3864 1778 παρ-

2252 1787 2398 1861 οιμία
2487 1788 2520 1854 ἡ
2597 1786 2825 1865 λέγουσα
2857 1794 2873 1821 ⁶
2967 1793 3052 1856 Εἷς
3141 1793 3442 1870 Τροφωνίου
3521 1791 3864 1866 μεμάντευσαι,

2255 1876 2476 1954 Λέγεται
2507 1873 2563 1931 δὲ
2596 1877 2682 1934 ἐπὶ
2711 1901 2818 1936 των
2867 1882 3218 1962 ὠχριώντων,
3280 1882 3368 1939 καὶ
3400 1879 3664 1957 μηδέποτε
3692 1880 3864 1959 γελών-

2248 1987 2378 2028 των.
2429 1971 2537 2028 Πᾶς
2584 1968 2683 2048 γὰρ
2745 1972 2772 2026 6
2815 1971 3149 2029 καταϐαίνων
3195 1974 3268 2036 εἷς
3325 1973 3386 2028 τὸ
3418 1984 3672 2047 μαντεῖον
3696 1969 3864 2043 ὶκέϊνο,

2252 2054 2542 2133 ἀγέλαστος
2570 2057 2724 2136 ἀνῄει
2759 2063 2852 2118 καὶ
2881 2063 3103 2142 ὠχριῖὸν
3133 2061 3404 2130 διηνεκος.
3439 2061 3721 2142 ’Ἔλεγχος
3749 2060 3793 2117 δὲ
3815 2062 3866 2127 ἦν

2251 2146 2402 2209 ιῦτος
2438 2148 2612 2204 αὖτῶν
2659 2152 2888 2233 τούτων,
2948 2152 3028 2210 ὅτι
3069 2155 3461 2235 ὠχριάσαντες,
3521 2155 3608 2210 καὶ
3639 2151 3868 2228 μηδέποτε

2251 2235 2305 2291 ἒν
2337 2244 2412 2311 τῷ
2442 2236 2758 2320 ’ὒποϐρυχίῳ
2819 2243 3142 2322 γελάσαντες
3187 2245 3527 2314 τεθνήκασιν,
3581 2241 3868 2309 Ἠξιώθησαν

2247 2325 2299 2382 δὲ
2334 2329 2360 2383 6
2395 2330 2701 2408 Τροφώνιος
2746 2335 2832 2390 καὶ
2883 2332 3204 2412 ’Λγαμήδης
3236 2337 3263 2390 6
3311 2332 3537 2414 ἀδελφὸς
3570 2332 3718 2390 αὒτοῦ
3756 2353 3869 2406 μαν-

2245 2417 2511 2490 τεύεσθαι,
2565 2416 2653 2476 διὰ
2713 2424 2774 2480 τὸ
2805 2426 2982 2481 κτίσαι
3014 2424 3201 2490 αὖτοὺς
3236 2423 3340 2480 ἀπὸ
3373 2425 3580 2480 οἰκείων
3609 2422 3870 2504 χρημάτων

2245 2509 2306 2562 τὸ
2339 2509 2478 2585 ἱερὸν
2503 2511 2565 2565 τὸ
2596 2513 2652 2566 ἓν
2687 2512 2923 2593 Δελφοῖς
2958 2521 3049 2571 τοῦ
3079 2513 3446 2578 Ἀπόλλωνος.

508 2600 872 2668 conferebat.
911 2601 1101 2664 tristis
1135 2605 1542 2683 perpetuoque
1566 2601 1794 2680 pallore
1866 2597 2115 2658 aﬁ'ectus
2173 2594 2514 2661 recedebat.
2571 2600 2740 2674 Quod
2790 2603 3033 2684 quidem
3065 2611 3416 2684 argumento
3457 2613 3584 2666 erat
3613 2603 3714 2665 bos
3743 2607 3871 2664 vates

513 2690 734 2771 pallore
759 2690 1061 2752 confectos
1103 2710 1210 2753 nec
1242 2691 1300 2752 in
1325 2691 1714 2752 subterraneo
1748 2685 2097 2774 hujusmodi
2132 2684 2260 2748 loco
2291 2686 2349 2774 in
2383 2685 2569 2749 risum
2607 2711 2866 2774 unquam
2899 2692 3125 2755 solutos
3181 2693 3506 2756 interiisse.
3539 2692 3873 2774 Trophonius

517 2799 695 2861 porro
729 2788 786 2842 et
815 2781 1170 2859 Agamedes.
1207 2780 1394 2862 ipsius
1423 2797 1770 2859 germanus,
1798 2773 2104 2838 divinandi
2129 2781 2256 2836 arte
2275 2773 2480 2837 donati
2517 2789 2684 2858 sunt,
2710 2773 2868 2864 quod
2902 2783 3170 2864 pecuniis
3201 2783 3325 2846 suis
3358 2773 3873 2865 templum’Apolli-

514 2872 607 2935 nis
635 2870 990 2952 Delphicum
1024 2871 1472 2933 exstruxissent.

1110 2969 1168 3031 2.
1205 2970 1289 3031 De
1325 2971 1572 3033 Proteo.

594 3073 705 3136 Hic
729 3074 977 3136 Proteus
1000 3069 1222 3153 genere
1247 3071 1446 3134 Thrax
1481 3080 1629 3141 erat,
1657 3071 1932 3151 ﬁliosque
1964 3042 2232 3130 habuitc

525 3163 742 3224 Molum
774 3173 830 3224 et
857 3161 1228 3241 Telegonum
1259 3185 1271 3226 :
1307 3163 1406 3243 qui
1439 3182 1570 3224 cum
1603 3162 1734 3224 loca
1763 3159 1966 3222 omnia
1995 3158 2170 3220 latro-

522 3254 692 3314 ciniis
715 3251 932 3313 infesta
970 3258 1270 3332 tenerent,
1295 3253 1367 3314 ab
1394 3253 1652 3315 Hercule
1678 3259 1918 3333 prOpter
1949 3252 2173 3329 Geryo-

523 3344 616 3404 nis
648 3341 831 3403 boves
860 3342 994 3405 illac
1029 3342 1143 3404 iter
1175 3343 1433 3404 faciente
1464 3342 1805 3421 interempti
1835 3349 2000 3402 sunt.
2035 3342 2174 3402 Pro-

526 3443 658 3496 teus
680 3431 862 3511 igitur
891 3431 966 3492 ob
1000 3431 1256 3494 ﬁliorum
1291 3432 1680 3495 amissionem
1713 3431 1880 3492 luctu
1913 3430 2180 3510 perditus

521 3542 587 3584 ac
620 3521 1040 3600 desperatione
1070 3521 1295 3583 fractus
1319 3523 1376 3582 in
1404 3540 1565 3584 mare
1589 3520 1957 3603 praecipitem
1993 3539 2056 3582 se
2081 3519 2182 3582 de-

522 3612 632 3693 dit,
663 3630 732 3673 ac
783 3611 1031 3673 deorum
1090 3611 1473 3674 miseratione
1529 3609 2038 3673 immortalitatem
2092 3618 2182 3670 est

522 3711 906 3773 consecutus,
933 3701 1318 3782 marinusque
1346 3702 1579 3764 dazmon
1604 3702 1853 3763 effectus
1876 3711 1986 3774 est,
2005 3709 2181 3780 atque

526 3793 586 3854 in
623 3792 838 3857 Pharia
870 3792 1068 3854 insula
1100 3793 1470 3856 domicilium
1505 3792 1616 3854 sibi
1651 3793 1794 3854 ﬁxit.
1842 3789 1950 3852 Hic
2000 3791 2177 3851 etiam

523 3904 659 3946 cum
695 3883 906 3965 phocis
939 3885 1162 3945 versari
1193 3883 1433 3944 dicitur.
1460 3885 1621 3946 Idem
1656 3879 1976 3946 Alexandri
2008 3878 2182 3942 Hele-

523 3993 683 4050 nam,
718 3994 852 4036 cum
901 3993 934 4036 a
989 3973 1219 4036 Graecia
1264 3973 1506 4053 Trojam
1559 3973 1883 4052 navigaret,
1919 3970 2180 4053 accepit,

525 4065 762 4144 ipsique
797 4065 976 4126 inane
1002 4063 1248 4126 Helenae
1298 4064 1686 4126 simulacrum
1737 4060 1922 4124 dedit.
1967 4060 2182 4125 Postea

521 4161 718 4216 autem
755 4173 890 4215 cum
915 4153 1217 4216 Menelaus
1240 4154 1514 4216 confecto
1539 4153 1699 4216 bello
1723 4153 1983 4233 Trojano
2007 4151 2185 4214 Hele-

525 4264 660 4308 nam
680 4243 741 4306 in
766 4244 1022 4325 Egypto
1051 4264 1184 4308 esse
1207 4245 1574 4322 rescivisset,
1600 4253 1777 4322 atque
1801 4243 1874 4304 ad
1900 4245 2178 4306 Proteum

525 4355 589 4397 se
607 4335 979 4411 contulisset,
1003 4355 1131 4398 eam
1154 4335 1227 4398 ab
1248 4355 1320 4398 eo
1345 4335 1598 4417 accepit.
1625 4333 1746 4397 Hac
1781 4350 1956 4414 porro
1987 4331 2178 4393 facul-

519 4435 636 4489 tate
668 4427 949 4504 prwditus
980 4445 1113 4490 esse
1151 4429 1394 4488 Proteus
1425 4423 1811 4496 credebatur,
1848 4430 1910 4482 ut
1941 4421 2182 4504 quoties

524 4534 559 4575 a
579 4514 939 4595 quibusdam
967 4515 1259 4590 adiretur,
1279 4533 1415 4577 sese
1435 4513 1905 4588 transformaret,
1930 4529 2000 4574 ac
2023 4529 2184 4574 nunc

526 4605 663 4679 hoc,
694 4623 852 4665 nunc
878 4605 1025 4667 illud
1065 4605 1432 4668 elﬁceretur.

889 4707 946 4769 3.
982 4708 1070 4769 De
1107 4707 1375 4769 Hercule
1416 4713 1474 4770 et
1506 4705 1816 4769 inccndio.

614 4809 838 4876 Crebro
869 4829 1149 4872 sermone
1165 4811 1450 4891 jactatur,
1474 4810 1792 4873 Herculem
1814 4809 1973 4872 Jovis
1997 4817 2054 4870 et
2075 4808 2181 4870 Al-

529 4921 759 4966 cmena;
789 4901 974 4962 ﬁlium
1011 4904 1307 4982 prmstanti
1345 4901 1558 4964 virtute
1590 4902 1833 4961 heroem
1867 4900 2184 4961 duodecim

529 4993 858 5057 certamina
889 4992 1245 5054 confecisse.
1277 4991 1358 5053 De
1389 4991 1575 5071 ipsius
1607 4999 1802 5050 autem
1829 4990 2106 5050 incendio
2130 4998 2188 5051 et

529 5083 998 5162 conﬂagratione
1020 5084 1148 5145 haec
1171 5083 1476 5144 memoriae
1499 5079 1733 5162 prodita
1755 5089 1893 5141 sunt
1933 5078 2187 5141 Uxorem

531 5173 789 5237 habebat
821 5174 1065 5234 nomine
1096 5172 1465 5252 Dejaniram,
1496 5189 1671 5252 quam
1707 5177 1988 5249 superato
2021 5169 2188 5231 rivali

527 5264 793 5327 Acheloo
818 5262 891 5324 ab
919 5263 1108 5324 (Eneo
1133 5271 1553 5342 acceperat,ex
1579 5277 1767 5339 eaque
1796 5255 2030 5338 Hyllum
2060 5277 2190 5339 pro-

531 5353 773 5418 creavit.
799 5352 966 5414 Hanc
985 5371 1127 5430 ergo
1145 5351 1486 5433 Dejaniram
1512 5368 1645 5411 cum
1667 5348 1728 5408 in
1747 5347 1995 5426 patriam
2021 5367 2185 5410 suam

531 5439 1033 5516 duceret,Nessus
1050 5440 1574 5522 Hippocentaurus
1590 5439 1660 5499 ad
1681 5436 1868 5517 ipsius
1882 5449 2185 5517 aspectum

532 5550 737 5593 amore
771 5534 1011 5611 exarsit,
1048 5540 1222 5612 atque
1254 5530 1314 5592 in
1345 5529 1596 5592 ﬂumine
1645 5528 1903 5608 quodam
1937 5544 2070 5592 cum
2124 5549 2192 5592 ea

537 5620 822 5698 congredi
856 5620 1126 5682 tentavit.
1162 5619 1334 5693 Quod
1368 5639 1502 5681 cum
1534 5616 1826 5680 Hercules
1855 5618 2189 5681 intellexis-

2745 2973 2828 3050 β’.
2859 2977 2982 3055 Περὶ
3011 2982 3103 3032 τοῦ
3147 2973 3436 3053 Πρωτέως.

2338 3079 2500 3132 Οὗτος
2547 3077 2574 3132 ὁ
2624 3080 2862 3156 Πρωτεῦς
2895 3081 3177 3158 Αἰγύπτιος
3209 3079 3309 3153 μὲν
3352 3079 3418 3146 ἢν
3449 3078 3512 3136 τὸ
3544 3077 3694 3156 γένος
3727 3091 3738 3105 ⁶
3771 3075 3873 3154 εἶχε

2255 3163 2309 3220 δὲ
2341 3164 2428 3222 δύο
2457 3167 2626 3242 υἱοὺς,
2687 3165 2882 3227 Μῶλον
2931 3172 3020 3226 καὶ
3075 3168 3403 3247 Τηλέγονον.
3458 3169 3682 3231 Τούτους
3707 3165 3874 3234 λῃστὰς

2257 3253 2413 3321 ὄντας
2445 3260 2471 3313 6
2531 3255 2806 3338 Ἠρακλῆς
2853 3258 3020 3316 ἐλθὼν
3053 3259 3364 3316 ἀπέκτεινεν
3409 3257 3772 3338 ἀπερχόμενος
3811 3253 3876 3309 διὰ

2266 3349 2385 3412 τοὺς
2433 3349 2695 3428 Γηρυόνου
2752 3351 2898 3427 βοῦς.
2957 3357 3154 3408 Τοῦτον
3185 3356 3273 3406 οὖν
3309 3349 3610 3423 ἀθυμοῦντα
3639 3349 3721 3404 τὸν
3753 3351 3877 3423 Πρω-

2261 3438 2355 3494 τέα
2385 3435 2470 3494 διὰ
2498 3440 2597 3507 τὴν
2629 3437 2904 3508 ἀποϐολὴν
2933 3445 3041 3496 τῶν
3099 3439 3325 3518 τέκνων,
3373 3439 3462 3495 καὶ
3520 3439 3739 3516 ῥίψαντα
3775 3435 3875 3490 ἑαυ-

2262 3529 2356 3584 τὸν
2401 3529 2475 3591 εἰς
2519 3528 2813 3604 Θάλασσαν,
2868 3531 2915 3586 οἱ
2962 3533 3072 3586 θεοὶ
3115 3529 3434 3598 ἐλεήσαντες
3490 3526 3874 3595 ἀπηθανάτισαν’

2261 3621 2349 3676 καὶ
2380 3618 2571 3697 γέγονε
2603 3617 2807 3696 δαίμων
2850 3619 3130 3685 θαλάττιος
3159 3621 3248 3677 καὶ
3277 3619 3496 3700 ἔρχεται
3530 3620 3620 3675 καὶ
3651 3620 3777 3675 οἰκεῖ
3801 3615 3876 3679 τὴν

2260 3710 2460 3788 Φαρίαν
2487 3715 2674 3778 νῆσον.
2712 3719 2875 3773 Οὗτος
2908 3710 3120 3788 λέγεται
3151 3712 3239 3768 καὶ
3289 3709 3424 3785 μετὰ
3455 3715 3564 3765 τῶν
3609 3713 3785 3789 φωκῶν
3809 3704 3880 3759 ἐν·

2261 3787 2582 3863 δικιτᾶσθαι.
2632 3809 2796 3866 Οὗτος
2852 3803 2942 3858 καὶ
2985 3787 3091 3860 τοῦ
3153 3799 3495 3879 Ἀλεξάνδρου
3539 3787 3638 3868 τὴν
3693 3787 3879 3857 Ἠλένην

2267 3889 2453 3947 ἔλαϐεν
2485 3890 2728 3956 ἐλθόντος
2783 3891 2889 3948 ἀπὸ
2919 3892 3017 3959 τῆς
3050 3890 3334 3965 Ἐλλάδος,
3379 3891 3467 3945 καὶ
3519 3887 3737 3945 δέδωκεν
3768 3886 3880 3953 αὒτῴ

2263 3984 2324 4038 τὸ
2380 3979 2603 4038 εἴδωλον
2661 3988 2759 4049 τῆς
2800 3979 3040 4048 Ἑλένης.
3091 3971 3359 4059 ’Ὕστερον
3393 3977 3449 4035 δὲ
3483 3978 3746 4036 Μενελάου
3773 3973 3880 4051 μετὰ

2261 4076 2370 4130 τῶν
2400 4074 2643 4149 Τρωϊκὸν
2673 4070 2911 4146 πόλεμον
2945 4071 3230 4150 μαθόντος,
3257 4073 3330 4135 ὡς
3363 4072 3436 4133 εἰς
3469 4068 3740 4147 Αἴγυπτόν
3767 4066 3880 4122 ἐστιν

2263 4166 2297 4232 ἠ
2347 4161 2562 4238 Ἐλένη,
2626 4165 2715 4219 καὶ
2777 4161 3017 4225 ἐλθόντος
3074 4161 3217 4240 παρὰ
3272 4163 3361 4217 τόν
3419 4160 3664 4238 Πρωτέα,
3696 4155 3882 4214 δέδωκεν

2265 4255 2430 4321 αυτὴν
2485 4257 2649 4327 αὐτῷ.
2687 4252 2910 4331 Λέγεται
2941 4250 2996 4308 δὲ
3041 4255 3193 4316 οὗτος
3251 4255 3279 4309 6
3333 4253 3579 4332 Πρωτεὺς
3639 4267 3879 4325 μεταμορ-

2265 4347 2484 4426 φοῦσθαι
2544 4346 2675 4423 πρὸς
2733 4344 2856 4408 τοὺς
2889 4342 3336 4422 ἐντυγχάνοντας,
3366 4342 3456 4399 καὶ
3488 4342 3619 4399 ποτὶ
3650 4340 3741 4416 μὲν
3781 4334 3881 4414 φαί-

2267 4439 2445 4492 νεσθαι
2475 4433 2704 4509 τοιόσδε,
2739 4433 2869 4490 ποτε
2915 4431 2968 4489 δὲ
3013 4429 3243 4494 τοιόσδε,

2203 4489 2251 4543 ο

2469 4707 2551 4786 γ’.
2587 4710 2712 4780 Περὶ
2742 4706 3068 4788 Ἡρακλέους
3097 4709 3185 4763 καὶ
3213 4709 3313 4774 τῆς
3339 4710 3506 4784 πυρᾶς
3531 4708 3708 4763 αὑτοῦ.

2351 4812 2523 4878 Πολὺς
2556 4814 2655 4890 μὲν
2683 4815 2712 4870 6
2761 4813 2918 4892 λόγος
2969 4810 3186 4893 θρυλλετ
3243 4813 3335 4868 τὸν
3367 4809 3664 4888 Ἡρακλέα,
3695 4807 3770 4864 ὅτι
3799 4806 3886 4862 υἱὸς

2267 4909 2340 4962 ὢν
2372 4905 2466 4963 τοῦ
2500 4906 2622 4968 Διὸς
2654 4906 2743 4960 καὶ
2774 4902 3115 4982 Ἀλκμήνης,
3147 4900 3290 4981 ἥρως
3328 4922 3385 4957 τε
3439 4900 3537 4972 ὢν,
3571 4900 3692 4964 τοὺς
3721 4895 3888 4954 δώδεκα

2270 4997 2458 5062 ἄθλους
2489 4995 2758 5064 δυσεν.
2794 4993 2862 5050 Ἢ
2892 4993 2945 5049 δί
2979 5001 3064 5050 νῦν
3090 4993 3146 5048 ὲν
3188 4990 3320 5065 τῷδε
3353 4998 3430 5066 τῷ
3460 4991 3648 5071 χωρίῳ
3675 4989 3783 5067 περῖ
3808 4987 3886 5048 τῆς

2269 5093 2434 5167 πυρᾶς
2495 5089 2694 5164 ἱστορία
2737 5083 2874 5140 ἐστὶν
2919 5083 3053 5149 αὕτη
3092 5101 3105 5116 ⁸
3156 5081 3322 5146 Οὗτος
3376 5083 3404 5138 6
3463 5078 3732 5160 Ἠρακλῆς
3783 5074 3886 5167 εἶχε

2270 5164 2502 5257 γυναῖκα
2563 5175 2785 5250 ὀνόματι
2846 5173 3195 5252 Δηϊάνειραν,
3260 5171 3324 5239 ἢν
3372 5168 3558 5226 ἔλαϐεν
3619 5168 3671 5235 ἐξ
3699 5164 3889 5238 οἰιὲως,

2273 5254 2596 5346 ἀντεραστὴς
2650 5265 2936 5343 γενόμενος
2993 5261 3259 5343 Ἀχελωῳ
3315 5269 3392 5335 τῷ
3455 5266 3704 5334 ποταμῷ·
3748 5255 3794 5320 ἐξ
3836 5254 3890 5315 ἧς

2272 5362 2419 5415 ἔτεκε
2449 5359 2537 5412 καὶ
2567 5357 2659 5413 τὸν
2690 5352 2933 5411 ’¹ῐ’λλον.
2963 5352 3173 5420 Ταῧτην
3236 5351 3410 5410 τοίνυν
3441 5352 3538 5418 τὴν
3575 5349 3888 5424 Δηϊάνειρα-1,

2274 5449 2386 5523 ἅμα
2415 5453 2492 5521 τῷ
2534 5442 2723 5502 λαϐεῖν
2763 5445 2852 5500 καὶ
2907 5443 3192 5524 ἀποφέρειν
3251 5442 3306 5498 ἐν
3353 5447 3424 5518 τῇ
3471 5441 3635 5513 οἰκείᾳ
3685 5430 3887 5514 πατρίδι,

2275 5537 2398 5595 ἰδὼν
2432 5538 2459 5592 6
2492 5536 2690 5598 Νέσσος
2749 5535 2834 5599 εἷς
2880 5540 2988 5590 τῶν
3044 5531 3528 5608 Ἴπποιιενταύρων⁹
3587 5528 3782 5606 ἠράσθη
3810 5526 3890 5579 αὖ·

2275 5629 2396 5701 τῆς,
2458 5627 2545 5683 καὶ
2603 5625 2739 5682 κατά
2790 5647 2910 5682 τινα
2970 5625 3214 5700 ποταμὸν
3232 5619 3522 5691 ’ἠϐουλήθη
3556 5621 3686 5696 αὖτῄ
3729 5633 3890 5692 συγγε·

533 5717 655 5788 set,
679 5709 902 5786 sagittae
923 5709 1037 5770 ictu
1059 5728 1195 5771 eum
1222 5710 1544 5790 oppressit.
1574 5706 1840 5773 Moriens
1870 5715 2068 5769 autem
2090 5710 2175 5773 illi

2279 5720 2478 5782 νέσθαι.
2529 5705 2588 5773 Ὀ
2650 5723 2739 5774 οὖν
2796 5714 3070 5795 Ἡρακλῆς
3153 5717 3362 5794 μαθὼν,
3441 5709 3762 5778 κατα-τοξεύει
3817 5705 3892 5762 τὸν
