4102 6380
172 345 292 411 989

963 341 1086 406 ΑΙ).
1135 344 1195 405 S.
1243 338 1612 406 GBEGORII
1654 332 1883 404 ΟΗᾹΤ.
1931 334 1956 397 Ι
1999 336 2311 402 CONTRA
2354 339 2774 402 JULIANUM.

3450 328 3577 399 990‘

173 476 398 538 Νέσσον,
466 475 851 548 Ἀποθνήσκων
920 474 975 532 δὲ
1036 474 1271 554 ἐκεῖνος,
1318 473 1375 530 ἐγ
1444 480 1536 530 τοῦ
1600 472 1817 549 α’ίματοι

1918 488 2195 534 cruorem
2229 490 2405 536 suum
2430 473 2729 553 Dejanirae
2748 467 3414 551 impertitﬁ-audulento
3437 467 3568 528 ani-

164 569 356 625 ἑαυτοῦ
379 564 557 624 δίδωσι
587 574 655 644 τῇ
726 566 1042 645 Δηϊανείρᾳ,
1073 564 1312 622 ὑπειπών
1348 585 1407 622 τε
1458 565 1546 621 καὶ
1602 564 1824 636 ἀποτή-

164 679 283 729 σας,
320 658 399 713 ὅτι
433 656 642 714 ’Ίζσται
678 679 760 714 σοι
792 663 947 714 τοῦτο
976 657 1038 712 τὸ
1098 655 1241 729 αἷμα
1302 655 1433 734 πρός
1479 652 1696 735 φίλτρον
1727 663 1823 714 τοῦ

165 737 489 823 Ἡρακλέους
516 766 530 779 ’
586 746 705 819 ἵνα,
738 747 921 825 φησὶν,
984 745 1073 801 ἐὰν
1110 744 1305 822 μάθῃς,
1359 742 1441 801 ὅτι
1476 742 1671 825 ἄλλης
1704 744 1815 821 ἐρᾷ,

160 838 358 917 χρίσῃς
419 835 479 893 ἐκ
519 844 613 894 τοῦ
668 824 902 912 αἵματος
938 835 1124 892 τούτου
1158 834 1220 890 τὸ
1272 831 1469 909 ἔνδυμα
1519 836 1609 891 τοῦ
1662 824 1820 914 Ἠρα-

159 925 371 998 κλὲους,
433 928 523 984 καὶ
566 930 815 1004 μεθιστᾷς
872 927 1031 985 αὐτὸν
1077 926 1151 989 εἱς
1222 925 1315 982 τὸν
1377 926 1571 992 ἑαυτῆς
1630 925 1817 986 πόθον,

157 1024 327 1076 Τοῦτο
358 1018 448 1074 οὗν
475 1018 538 1074 τὸ
569 1020 709 1090 αἷμα
742 1017 903 1096 εἶχεν
933 1019 966 1083 ἡ
1005 1015 1326 1093 Δηϊάνειρα.
1374 1024 1477 1074 Τοῦ
1520 1016 1610 1071 οὖν
1651 1004 1818 1093 Ἠρα-

155 1105 344 1170 κλέους
400 1112 501 1175 τῆς
562 1106 740 1174 Ἰόλης
798 1110 899 1176 τῆς
958 1108 1053 1162 τοῦ
1108 1105 1337 1185 Εὗρύτου
1382 1107 1638 1184 θυγατρὸς
1701 1103 1820 1177 ἐρα-

156 1196 371 1262 σθέντος
430 1213 520 1255 και
571 1194 856 1271 λαϐόντος,
912 1197 1000 1253 καὶ
1043 1192 1127 1251 διὰ
1169 1197 1264 1252 τοῦ
1305 1194 1448 1274 Λίχα
1504 1192 1816 1271 πέμψαντος

158 1287 323 1356 αὐτὴν
381 1289 453 1353 ὣς
502 1285 859 1368 αἰχμάλωτον
910 1287 1043 1364 πρὸς
1101 1287 1203 1350 τὴν
1240 1285 1586 1358 Δηϊάνειραν,
1620 1285 1692 1347 είς
1725 1282 1817 1339 ἕν-

160 1399 312 1433 νοιαν
341 1378 431 1435 καὶ
457 1376 782 1449 ζηλοτυπίαν
841 1376 1062 1446 ἐκινήθη
1106 1376 1135 1443 ἦ
1200 1374 1505 1455 Δεῖάνειρα,
1557 1376 1645 1431 καὶ
1688 1374 1819 1451 βου-

161 1466 389 1534 ληθεϊσα
433 1467 525 1523 τὸν
557 1465 729 1545 ἔρωτα
762 1471 1096 1542 μεταστῆσαι
1130 1465 1204 1529 εἰς
1238 1465 1452 1545 ἑαυτὴν,
1484 1465 1577 1521 τὸν
1609 1464 1819 1543 χιτῶνα

161 1564 256 1613 τοῦ
310 1547 630 1636 Ἡρακλέους
663 1556 803 1637 χρίει
847 1562 926 1629 τῷ
984 1554 1175 1630 α’ίματι
1208 1561 1300 1612 τοῦ
1337 1554 1559 1635 Νέσσου,
1594 1555 1685 1611 καὶ
1738 1550 1820 1609 δί-

160 1646 324 1705 δωσιν
354 1647 661 1705 ἐνδύσασθαι
711 1654 788 1721 τῷ
849 1637 1110 1726 Ἠρακλεῖ
1143 1662 1158 1678 ·
1196 1647 1256 1726 1.0
1299 1642 1355 1702 δὲ
1406 1646 1476 1712 ἧν
1504 1642 1821 1725 ἀνδροφόνον

162 1740 225 1796 τὸ
277 1742 443 1814 αἷμα,
509 1735 897 1813 Ἐνδυσαμένου
953 1737 1053 1816 γὰρ
1106 1735 1200 1793 “co-3
1233 1725 1577 1814 Ἡρακλέους,
1612 1736 1821 1813 ὑφῆψεν

1910 579 2009 623 mo
2039 560 2334 626 subfatus.
2371 564 2425 625 ei
2457 562 2530 623 ad
2562 562 2651 625 sui
2671 578 2876 623 amore
2896 556 3385 622 inﬂammandum
3410 558 3571 621 Her-

1906 650 2100 713 culem
2136 652 2295 715 hunc
2326 671 2600 715 cruorem
2632 652 2981 733 adjumento
3011 649 3164 725 fore,
3198 655 3258 710 ut
3290 647 3342 709 si
3372 666 3569 725 quan-

1904 739 2004 815 do,
2037 741 2251 822 inquit,
2287 762 2422 805 eum
2482 740 2751 804 mulieris
2809 740 3056 803 alterius
3084 756 3291 801 amore
3320 739 3571 816 ﬂagrare

1907 831 2197 907 senseris,
2227 834 2339 897 hoc
2366 834 2658 913 sanguine
2687 841 2913 895 vestem
2947 831 3133 913 ipsius
3164 829 3569 910 tingas,atque

1905 918 1989 983 ita
2016 920 2214 1001 ipsius
2242 941 2509 986 amorem
2564 924 2636 985 ad
2693 931 2749 985 te
2802 940 3069 985 revoces.
3117 920 3398 1001 Dejanira
3427 936 3567 996 ergo

1902 1008 2063 1072 hunc
2094 1030 2370 1074 cruorem
2402 1014 3047 1090 asservabat.Cumque
3076 1009 3366 1073 Hercules
3380 1008 3563 1070 Iolam

1901 1118 2079 1177 quam
2132 1101 2354 1164 misere
2401 1104 2738 1185 deperibat,
2794 1102 3147 1183 accepisset,
3182 1116 3435 1177 eamque
3462 1116 3571 1179 per

1906 1189 2126 1256 Lichen
2146 1192 2307 1256 velut
2328 1194 2726 1275 captivam,ad
2760 1195 3100 1275 Dejaniram
3144 1190 3429 1261 misisset,
3464 1207 3564 1252 ze-

1903 1280 2129 1361 lotypia
2151 1283 2804 1365 percita,Herculisque
2824 1301 3089 1347 amorem
3103 1281 3179 1345 ad
3202 1299 3266 1341 se
3284 1297 3567 1343 revocare

1901 1369 2176 1452 cupiens,
2211 1372 2403 1454 ipsius
2431 1384 2654 1438 vestem
2706 1374 2882 1439 Nessi
2914 1374 3207 1454 sanguine
3237 1370 3566 1433 delibutam

1904 1459 2023 1538 ipsi
2050 1459 2419 1526 induendam
2484 1464 2672 1529 dedit.
2728 1463 3023 1527 Exitiosus
3071 1480 3251 1544 porro
3284 1468 3415 1522 erat
3471 1460 3570 1522 hic

1903 1567 2107 1613 cruor.
2145 1550 2292 1614 Cum
2328 1573 2469 1635 ergo
2514 1555 2860 1637 hujusmodi
2892 1562 3123 1618 vestem
3155 1551 3443 1615 Hercules
3471 1550 3568 1613 in-

1906 1638 2157 1713 duisset,
2187 1643 2382 1705 statim
2410 1662 2740 1708 succensus
2762 1653 2937 1726 atque
2959 1653 3204 1707 exustus
3224 1649 3333 1704 est.
3358 1641 3423 1704 In
3456 1642 3571 1704 hac

1908 1736 2108 1791 autem
2142 1734 2612 1813 conﬂagratione
2644 1755 2777 1798 cum
2810 1736 2871 1797 in
2902 1734 3300 1815 propinquum
3333 1750 3569 1795 amnem

161 1830 191 1883 ὸ
243 1830 441 1909 χιτὼν,
504 1829 592 1886 καὶ
653 1826 969 1909 κατέφλεξεν
1002 1828 1159 1884 αὐτόν
1195 1842 1210 1857 ·
1259 1828 1287 1881 ὁ
1337 1823 1391 1881 δὲ
1425 1824 1707 1900 καιόμενος
1737 1820 1817 1879 καί

1914 1835 1982 1880 se
2011 1822 2660 1901 conjecisset,calidam
2694 1844 2906 1907 aquam
2929 1824 3236 1887 effecit.Ex
3268 1843 3383 1905 quo
3404 1822 3574 1885 dein-

156 1897 316 1996 ῥίψας
350 1897 537 1975 ἑαύτὸν
596 1917 648 1975 ἐν
697 1925 775 1992 τῷ
798 1897 1047 1985 ’πλησίον
1089 1918 1344 1997 ποταμῷ,
1376 1897 1569 1994 θερμὸν
1595 1915 1655 1971 τὸ
1684 1912 1817 1989 ὓδωρ

1914 1926 2056 1998 ceps
2087 1897 2446 1978 exstiterunt
2476 1897 2890 1998 Thermopylae
2929 1916 3087 1977 inter
3114 1897 3485 1977 Thessaliam
3520 1922 3577 1976 et

153 2008 409 2074 ἐποίησεν
443 2023 456 2035 ·
522 2006 573 2075 ἐξ
635 2011 695 2066 οὗ
746 2006 937 2065 λοιπὸν
996 2006 1280 2087 γεγόνασιν
1341 2006 1393 2061 αἰ
1451 2001 1815 2085 Θερμοπύλαι,

151 2097 351 2173 μεταξὸ
385 2097 671 2166 Θετταλίας
700 2100 790 2156 καὶ
820 2096 1084 2162 Φωκίδος.

425 2189 497 2259 δ’.
536 2200 656 2279 Περὶ
686 2204 783 2268 τῆς
816 2197 1059 2263 Πέλοπος
1092 2197 1398 2278 κρεουργίας
1430 2194 1488 2275 (1
1501 2202 1543 2270 ).

234 2295 508 2361 Τάνταλος
557 2300 787 2379 Φρυγίας
846 2298 912 2367 ἧν
963 2296 1212 2375 βασιλεύς
1248 2315 1260 2328 ’
1319 2298 1472 2358 οὗτος
1516 2302 1672 2375 γεννᾷ
1730 2295 1820 2351 τὸν

155 2384 398 2449 Πέλοπα.
435 2388 616 2461 Τούτῳ
643 2395 720 2461 τῷ
765 2384 1023 2461 Ταντάλῳ
1066 2388 1201 2444 ποτὲ
1233 2388 1281 2443 οἱ
1333 2387 1439 2443 θεοὶ
1482 2384 1817 2450 ἐπεξενώθη-

155 2499 277 2533 σαν.
330 2475 517 2533 Λαϐὼν
550 2481 638 2535 οὗν
670 2480 761 2534 τὸν
818 2477 1036 2535 Πέλοπα
1080 2480 1170 2534 τὸν
1230 2474 1368 2532 ἴδιον
1397 2476 1508 2532 υἱὸν
1537 2477 1564 2531 ὁ
1609 2474 1817 2532 Τάντα-

157 2566 275 2642 λος,
338 2566 723 2648 κατασφάττει,
758 2570 846 2625 καὶ
875 2581 1181 2647 κρεουργεϊ,
1213 2567 1303 2623 καὶ
1349 2565 1498 2645 ἐψεϊ,
1530 2566 1616 2621 καὶ
1646 2585 1819 2642 παρα-

159 2657 366 2723 τίθησιν
410 2658 647 2739 εὒωχίαν
694 2670 813 2722 τοῖς
868 2661 1041 2723 θεοῖς.
1086 2658 1299 2717 Τούτων
1347 2654 1400 2711 δὲ
1453 2657 1559 2710 τῶν
1620 2659 1812 2729 κρεῶν,

158 2748 193 2814 ἡ
244 2747 511 2821 Δημήτηρ
569 2746 807 2824 βαλοῦσα
864 2762 1054 2829 χεῖρα,
1113 2745 1270 2804 ἔλαϐε
1328 2746 1417 2801 καὶ
1475 2743 1668 2825 ἔφαγεν
1714 2741 1818 2798 ἐπὸ

159 2835 253 2893 τοῦ
295 2836 448 2914 ὤμου
483 2854 498 2870 ⁸
534 2839 582 2895 oi
610 2835 662 2893 δὲ
694 2836 847 2897 ἄλλοι
876 2840 984 2896 θεοὶ
1013 2837 1331 2908 ἐλεήσαντες
1392 2834 1481 2892 τόν
1525 2832 1820 2912 Τάνταλον,

160 2927 246 2983 καὶ
288 2927 659 3003 θαυμάσαντες
712 2926 793 2987 ὅτι
852 2938 944 2989 τοῦ
1001 2926 1187 2990 παιδὸς
1240 2931 1400 2985 αὒτοῦ
1430 2923 1819 3002 καυεφρόνησε,

158 3016 454 3074 συντιθέασι
486 3018 553 3074 τὰ
585 3017 738 3098 κρέα,
775 3021 861 3075 καὶ
888 3016 1211 3075 ἀποτελοῦσι
1264 3020 1405 3072 σῶον
1453 3017 1542 3072 τὸν
1575 3012 1820 3070 Πέλοπα.

155 3099 256 3162 Ἦν
286 3104 341 3161 δὲ
370 3106 563 3165 λεῖπον
592 3107 769 3166 ἐκεῖνο
800 3111 827 3165 ἱ)
876 3109 1073 3190 ἔφαγεν
1107 3108 1167 3164 ἐκ
1196 3117 1291 3166 τοῦ
1337 3105 1489 3181 ὤμου
1536 3105 1571 3172 ἢ
1631 3104 1823 3177 Δημή-

156 3216 282 3272 τηρ.
317 3197 638 3274 Προσθὲντες
696 3206 786 3254 οὖν
844 3196 1183 3278 ἐλεφάντινόν
1234 3220 1285 3255 τι
1335 3195 1474 3253 κατὰ
1526 3194 1618 3250 τὸν
1648 3195 1819 3268 ὦμον,

1906 1997 2254 2062 Phocidem.

2307 2197 2367 2259 4.
2402 2196 2489 2260 De
2523 2196 2771 2278 Pelopis
2809 2196 3165 2262 laniatione.

1985 2290 2269 2358 Tantalus
2292 2316 2398 2361 rex
2433 2309 2562 2362 erat
2592 2299 3187 2381 Phrygia).Pelopem
3215 2298 3441 2380 genuit.
3476 2297 3571 2363 Ab

1903 2381 2019 2472 hoc
2050 2381 2301 2448 Tantalo
2358 2388 2443 2452 dii
2495 2389 2799 2472 quondam
2856 2389 3117 2472 hospitio
3147 2389 3376 2471 recepti
3407 2399 3572 2454 sunt.

1902 2470 2161 2536 Sumens
2180 2494 2323 2557 ergo
2352 2470 2538 2540 ﬁlium
2573 2498 2748 2541 suum
2782 2470 3065 2562 Pelopem
3099 2470 3404 2556 Tantalus,
3441 2499 3575 2542 ma-

1903 2567 2050 2637 ctat,
2092 2563 2299 2642 laniat,
2335 2570 2535 2651 coquit
2561 2569 2931 2651 apponitque
2967 2569 3083 2631 diis
3114 2571 3171 2633 in
3205 2568 3433 2633 cibum.
3466 2570 3571 2634 Ce-

1901 2668 2000 2712 res
2026 2670 2161 2714 cum
2197 2675 2376 2719 manu
2414 2676 2483 2721 ex
2518 2661 2633 2722 hoc
2665 2659 2798 2722 cibo
2824 2659 3200 2740 sumpsisset,
3227 2679 3296 2721 ex
3320 2660 3571 2725 humero

1908 2741 2198 2830 comedit.
2233 2748 2445 2810 Cazteri
2475 2757 2675 2812 autem
2707 2749 2813 2830 dii,
2843 2749 3259 2812 misericordia
3287 2752 3571 2813 commoti

1907 2828 2308 2917 admiratique
2340 2839 2499 2921 quod
2552 2828 2838 2903 Tantalus
2870 2839 3111 2922 proprio
3154 2839 3274 2901 ﬁlio
3310 2858 3429 2901 non
3461 2858 3570 2921 pe-

1910 2922 2225 3012 percisset,
2260 2947 2473 2992 carnes
2496 2930 2874 3011 conjungunt
2905 2931 3253 3012 salvumque
3284 2930 3569 3012 Pelopem

1910 3008 2385 3080 faciunt.Deerat
2401 3028 2604 3082 autem
2629 3008 2752 3082 hoc
2759 3020 3016 3083 frustum
3044 3038 3114 3082 ex
3134 3008 3388 3082 humero
3411 3008 3570 3094 quod

1913 3104 2260 3191 comederat
2293 3110 2819 3174 Ceres.Addentes
2839 3129 2977 3191 ergo
3007 3110 3086 3171 dii
3116 3110 3339 3191 aliquid
3372 3110 3573 3173 eboris

1914 3188 2165 3257 humero
2190 3199 2476 3281 Pelopem
2501 3200 2797 3280 integrum
2822 3188 3380 3263 res'titueruntldeo
3412 3218 3573 3262 nunc

155 3284 477 3363 ἐπλήρωσαν
522 3294 661 3344 σῶον
718 3290 810 3345 τὸν
844 3274 1084 3345 Πέλοπα.
1148 3287 1302 3345 Οὕτω
1331 3285 1420 3342 οὖν
1450 3284 1643 3341 λοιπὸν
1673 3282 1815 3339 ἅπαν

1913 3299 2100 3360 genus
2120 3274 2475 3370 Pelopidum
2505 3310 2572 3353 ex
2597 3274 2707 3353 hoc
2728 3291 3015 3371 deinceps
3060 3290 3168 3353 fuit
3196 3289 3572 3371 insignitum,

151 3376 211 3431 τὸ
270 3373 581 3435 Πελοπιδῶν
611 3378 764 3457 γένος
790 3378 849 3435 ἐκ
901 3380 1084 3435 τούτου
1141 3378 1207 3445 ἧν
1238 3376 1523 3449 ἐπίσημον,
1572 3372 1810 3453 ἐχόντων

154 3466 371 3522 πάντων
400 3465 454 3521 ἐν
484 3481 602 3532 τοῖς
625 3468 797 3545 ὤμοις
826 3470 916 3526 τὸν
949 3467 1285 3549 ἐλεφάντινον
1316 3467 1502 3523 τόπον.

469 3572 542 3632 ε’.
594 3575 717 3653 Περὶ
744 3578 841 3642 τῆς
872 3573 977 3630 τῶν
1004 3578 1227 3651 Φρυγῶν
1254 3571 1513 3647 ἐκτομῆς.

237 3676 388 3758 κατὰ
441 3677 539 3744 τὴν
597 3679 828 3758 Φρυγίαν
882 3674 1126 3735 ἐσέϐοντο
1177 3676 1272 3743 τὴν
1306 3673 1513 3751 μητέρα
1543 3679 1649 3729 τῶν
1677 3674 1809 3727 θεῶν

158 3765 263 3833 τὴν
295 3755 446 3824 Ῥέαν
489 3767 619 3846 ὑπὲρ
663 3768 835 3825 πάντα
881 3768 1021 3828 θεόν,
1079 3766 1255 3844 Ταύτῃ
1309 3772 1396 3822 οὖν
1442 3766 1535 3828 τὰς
1592 3760 1809 3826 τελετὰς

154 3861 430 3922 ποιοῦντες
461 3859 507 3913 οἱ
552 3860 779 3937 Φρύγες,
842 3856 1166 3932 κατέτεμνον
1232 3856 1448 3921 ἑαυτοὺς
1484 3854 1803 3933 μαχαίραις,

153 3947 253 4003 Οὖδι
286 3945 606 4004 ἀποκτεῖναι
635 3947 929 4023 ἐθέλοντες,
971 3945 1109 4003 ἀλλὰ
1142 3947 1312 4021 μόνον
1375 3941 1612 4020 αἱμάξαι.
1662 3950 1830 4001 Τοῦτο

150 4032 203 4091 δὶ
267 4035 478 4096 ἐποίουν
536 4036 863 4115 κηλούμενοι
924 4036 1138 4116 αὒλοῒς,
1198 4034 1292 4091 ἵνα
1362 4034 1576 4097 ἀπόνως
1629 4030 1827 4112 φέρωσι

152 4124 549 4202 πληττόμενοι.
615 4129 762 4185 Μετὰ
823 4126 877 4185 δὶ
937 4129 1033 4192 τὰς
1112 4126 1355 4205 πληγὰς,
1414 4124 1547 4203 πρὸς
1593 4120 1828 4200 ἀκαθάρ-

136 4237 277 4279 τους
322 4215 491 4295 μίξεις
551 4216 816 4300 ἐχώρουν,
880 4223 1146 4297 γυναικῶν
1196 4213 1262 4281 δὴ
1319 4214 1487 4294 λέγω,
1569 4212 1662 4269 οὒκ
1725 4211 1825 4268 ἆνε-

139 4303 315 4385 δρῶν,

642 4405 705 4479 ς·
716 4393 749 4469 ’,
786 4405 909 4485 Περὶ
949 4410 1039 4462 τοῦ
1072 4403 1289 4481 Μίθρου.

215 4493 309 4573 (2)
343 4485 402 4555 Ὀ
434 4497 605 4555 τοίνυν
638 4500 832 4576 Μίθρας
881 4498 1149 4573 νομίζεται
1200 4498 1347 4574 παρὰ
1423 4493 1648 4570 Πέρσαις
1676 4492 1820 4549 εἶναι

1905 3372 2195 3439 omnibus
2230 3376 2290 3439 in
2323 3378 2578 3441 humero
2602 3379 2967 3443 habentibus
2991 3379 3184 3441 locum
3212 3378 3571 3442 eburneum.

2278 3573 2341 3635 5.
2374 3571 2469 3635 De
2498 3572 2816 3656 Phrygum
2845 3575 3209 3639 εαεεσιίοηε.

1979 3673 2045 3737 In
2080 3674 2328 3758 Phrygia
2355 3696 2477 3758 prae
2502 3678 2737 3741 caeteris
2769 3678 2880 3741 diis
2913 3678 3227 3742 colebatur
3248 3678 3423 3743 Rhea
3453 3700 3574 3743 ma-

1896 3762 1992 3827 ler
2022 3764 2295 3829 deorum.
2334 3765 2397 3829 In
2433 3770 2619 3849 hujus
2650 3788 2791 3849 ergo
2843 3770 3031 3831 sacris
3074 3768 3337 3850 Phryges
3368 3772 3575 3833 cultris

1894 3855 2125 3936 Seipsos
2182 3855 2560 3933 incidebant,
2611 3879 2731 3921 non
2763 3867 2827 3922 ut
2854 3858 2971 3921 sibi
3022 3877 3231 3921 necem
3263 3860 3572 3938 afferrent,

1910 3944 2017 4008 sed
2037 3953 2100 4007 ut
2126 3948 2482 4026 sanguinem
2511 3948 2794 4011 duntaxat
2816 3946 3357 4012 extraherent.Hoc
3374 3958 3571 4012 autem

1912 4055 2049 4098 cum
2082 4036 2408 4112 faciebant,
2450 4038 2607 4100 tibiis
2654 4039 3121 4114 deliniehantur,
3172 4046 3235 4101 ut
3263 4038 3416 4101 ictus
3440 4039 3574 4104 sine

1912 4126 2134 4188 doloris
2157 4146 2335 4190 sensu
2355 4129 2861 4208 perferrentPost
2876 4130 3077 4211 plagas
3098 4147 3238 4191 vero
3261 4130 3334 4192 ad
3366 4130 3571 4212 Impu-

1911 4235 2011 4278 ros
2041 4225 2096 4278 et
2117 4217 2374 4281 nefarios
2398 4219 2759 4294 concubitus
2780 4217 3391 4300 ruebant,mulierum
3412 4221 3572 4295 dico,

1909 4325 2031 4369 non
2064 4325 2327 4371 virorum
2344 4358 2358 4372 .

2498 4399 2557 4464 6.
2595 4398 2685 4462 De
2708 4398 2968 4463 Mithra.

1985 4497 2094 4562 Hic
2118 4497 2334 4562 Mithra
2360 4500 2523 4580 apud
2549 4503 2767 4565 Persas
2790 4499 2881 4563 sol
2904 4516 3036 4561 esse
3057 4498 3453 4572 existimatur,
3483 4498 3575 4562 ei-

134 4588 161 4645 δ
204 4584 396 4667 ἥλιος,
440 4588 530 4644 καὶ
559 4588 892 4659 θυσιάζουσιν
925 4592 1091 4661 αὐτῷ,
1127 4588 1217 4644 καὶ
1245 4584 1341 4642 τελ
1371 4594 1488 4643 οὖσι
1546 4604 1694 4645 τινας
1745 4604 1817 4639 τε.

1918 4607 2033 4670 que
2062 4588 2333 4652 victimas
2362 4589 2779 4667 immolant,ac
2809 4608 2974 4653 sacra
3006 4591 3273 4671 quaedam
3306 4590 3363 4650 in
3386 4587 3577 4671 ipsius

135 4674 303 4742 λετὰς
357 4678 432 4739 εἰς
466 4677 649 4740 αὐτόν,
686 4680 759 4735 Οὐ
818 4675 1033 4735 δύναται
1093 4677 1179 4734 οὖν
1227 4698 1313 4740 τις
1381 4676 1455 4736 εἷς
1490 4672 1652 4729 αὐτὸν
1676 4670 1817 4729 τελε-

1916 4678 2211 4743 honorem
2245 4678 2491 4744 faciunt.
2526 4681 2735 4745 Nullus
2775 4699 2953 4762 porro
3016 4670 3205 4763 ipsius
3235 4670 3423 4743 sacris
3452 4679 3574 4745 ini-

136 4770 358 4847 σθῆναι,
393 4769 435 4823 εἰ
490 4768 570 4843 μὴ
625 4767 881 4848 πρότερον
940 4766 1025 4824 διὰ
1072 4773 1181 4823 τῶν
1239 4767 1461 4843 βαθμῶν
1491 4770 1602 4821 τῶν
1670 4761 1813 4819 κολᾶ

1915 4770 2045 4831 tiari
2080 4770 2413 4851 potest,nisi
2449 4771 2614 4851 prius
2648 4789 2753 4852 per
2784 4761 3087 4852 quasdam
3142 4770 3575 4851 suppliciorum

135 4879 282 4915 σεων
314 4856 588 4937 παρέλθοι,
652 4860 851 4935 Βαθμοὶ
923 4855 979 4914 δέ
1036 4860 1129 4914 εἱσι
1194 4855 1495 4928 κολάσεων,
1555 4853 1650 4909 τὸν
1714 4853 1782 4925 μὲ

1914 4857 2133 4938 gradus
2163 4860 2492 4923 transierit.
2538 4862 2691 4923 Sunt
2735 4869 2930 4923 autem
2968 4868 3401 4922 tormentorum
3434 4880 3575 4939 gra-

137 4946 364 5025 ἀριθμὸν
397 4945 750 5025 ὁγδοήκοντα,
808 4947 1033 5028 ἔχοντες
1074 4945 1129 5003 δὲ
1181 4942 1444 5003 ύπόὸασιν
1492 4944 1581 4999 καί
1614 4941 1817 4999 ἀνάϐα-

1913 4949 2022 5011 dus
2054 4948 2372 5029 octoginta,
2407 4951 2616 5031 partim
2680 4950 3083 5029 remissiores,
3119 4949 3333 5029 partim
3368 4948 3573 5010 inten-

136 5058 250 5097 σιν.
304 5035 633 5108 Κολάζονται
695 5038 792 5118 γὰρ
845 5043 1057 5112 πρῶτον
1105 5037 1201 5101 τὰς
1252 5032 1634 5114 ἐλαφροτέρας,
1700 5033 1817 5089 εἶτα

1913 5038 2396 5100 tiores.Primum
2434 5039 2591 5101 enim
2623 5036 2948 5101 levioribus
2978 5037 3315 5119 suppliciis,
3352 5037 3574 5099 deinde

136 5128 233 5191 τὰς
284 5124 714 5207 δραστικωτέρας
748 5147 760 5161 ⁸
800 5130 888 5185 καὶ
920 5122 1025 5207 εῖθέ
1078 5126 1216 5185 οὕτω
1270 5125 1410 5202 μετὰ
1444 5124 1506 5180 τὺ
1535 5120 1817 5201 παρελθεῖν

1913 5128 2236 5193 acrioribus
2258 5128 2816 5209 alliciuntur.atque
2840 5128 2918 5187 ita
2938 5134 3070 5207 post
3094 5126 3351 5189 decursa
3370 5127 3570 5188 omnia

136 5214 222 5273 διὰ
270 5218 457 5275 πασῶν
493 5223 598 5274 τῶν
630 5216 931 5293 κολάσεων,
963 5218 1085 5275 τότε
1130 5215 1378 5274 τελεῖται
1412 5216 1437 5271 ὁ
1471 5209 1810 5285 τελούμενος.

139 5309 200 5364 Αἱ
247 5305 303 5363 δὲ
354 5305 608 5368 κολάσεις
671 5309 797 5388 εἰσὶ,
840 5309 902 5365 τὸ
933 5306 1017 5366 διὰ
1049 5308 1216 5385 πυρὸς
1272 5302 1584 5383 παρελθεῖν,
1621 5304 1681 5358 τὸ
1731 5298 1815 5358 διὰ

136 5398 355 5475 κρύους,
383 5396 470 5455 διὰ
500 5397 691 5466 πείνης
723 5400 812 5455 καὶ
860 5397 1043 5475 δίψης,
1101 5396 1187 5454 διὰ
1240 5394 1548 5473 ὁδοιπορίας
1581 5390 1811 5461 πολλῆς.

136 5490 227 5544 καὶ
259 5487 443 5554 ἁπλῶς
472 5486 557 5545 διὰ
587 5491 777 5547 πασῶν
813 5491 912 5546 τῶν
933 5488 1217 5549 τοιούτων.
1494 5480 1498 5484 ’

425 5582 496 5664 ζ’.
538 5593 662 5670 Περὶ
687 5597 787 5661 τῆς
819 5594 875 5650 ἐν
908 5594 1138 5671 Ταύροις
1170 5591 1527 5659 ξενοκτονίας,

225 5695 415 5769 Ταῦροι
471 5688 615 5757 ἔθνος
659 5689 769 5748 ἐστὶ
811 5692 932 5771 περῖ
976 5692 1076 5760 τὴν
1141 5688 1393 5747 Σκυθίαν.
1454 5688 1546 5747 Ἐν
1606 5690 1812 5752 τούτοις

1910 5226 2205 5282 tormenta
2235 5218 2424 5299 ipsius
2458 5218 2647 5281 sacris
2691 5217 3070 5279 imbuuntur.
3106 5214 3233 5294 Igni
3263 5215 3483 5297 quippe
3514 5225 3572 5278 et

1898 5326 2053 5390 aqua
2070 5318 2251 5389 atque
2278 5307 2625 5389 hujusmodi
2662 5305 3095 5387 suppliciorum
3124 5303 3445 5382 generibus
3472 5323 3574 5367 ex-

1901 5397 2269 5461 cruciantur.

2131 5587 2188 5647 7.
2222 5588 2310 5649 De
2339 5587 2644 5669 hospitum
2675 5587 2843 5650 caede
2872 5582 3038 5667 apud
3072 5580 3327 5647 Tauros.

1977 5689 2155 5752 Tauri
2185 5688 2393 5770 populi
2443 5698 2582 5753 sunt
2623 5690 2785 5753 circa
2814 5686 3141 5771 Scythiam.
3191 5683 3365 5768 Apud
3399 5702 3504 5747 eos
3534 5704 3569 5748 a

140 5778 402 5852 μετετέθη
432 5780 533 5837 ί)πὸ
577 5783 676 5849 τῆς
721 5779 1034 5861 Ἀρτέμιδος
1087 5783 1121 5851 ἧ
1164 5779 1399 5859 θυγάτηρ
1459 5775 1810 5857 Ἀγαμέμνο-

1913 5780 2078 5843 )iana
2110 5777 2391 5841 translata
2422 5789 2511 5843 est
2539 5778 2852 5863 Iphigenia
2899 5774 3376 5860 Agamemnonis
3410 5773 3556 5858 ﬁlia,

228 5901 315 5985 (t)
340 5901 647 5970 Scholium
676 5902 789 5970 hoc
821 5902 1123 5973 omittitur
1146 5902 1213 5971 in
1240 5899 1506 5970 editione
1540 5899 1734 5968 Billii.

1974 5899 2061 5986 (2)
2096 5895 2329 5963 Similia
2356 5917 2524 5965 num.
2562 5900 2637 5968 47
2667 5897 2851 5964 intra.
