  <div class='ocr_page' id='page_1' title='image "/cluster/home/n/w/nwhite01/storage/ocr_20150623/36:no.2/coo.31924054869338/506.png"; bbox 0 0 4166 6390; ppageno 0'>
   <div class='ocr_carea' id='block_1_1' title="bbox 189 291 309 358">
    <p class='ocr_par' dir='ltr' id='par_1_1' title="bbox 189 291 309 358">
     <span class='ocr_line' id='line_1_1' title="bbox 189 291 309 358; baseline -0.008 0"><span class='ocrx_word' id='word_1_1' title='bbox 189 291 309 358; x_wconf 76' lang='lat'><strong>993</strong></span> 
     </span>
    </p>
   </div>
   <div class='ocr_carea' id='block_1_2' title="bbox 629 425 1394 515">
    <p class='ocr_par' dir='ltr' id='par_1_2' title="bbox 629 425 1394 515">
     <span class='ocr_line' id='line_1_2' title="bbox 629 425 1394 515; baseline 0.005 -26"><span class='ocrx_word' id='word_1_2' title='bbox 629 425 725 510; x_wconf 83' lang='grc' dir='ltr'>ιβ’,</span> <span class='ocrx_word' id='word_1_3' title='bbox 758 436 883 515; x_wconf 83' lang='grc' dir='ltr'>Περὶ</span> <span class='ocrx_word' id='word_1_4' title='bbox 923 434 1024 502; x_wconf 74' lang='grc' dir='ltr'><strong>τῆς</strong></span> <span class='ocrx_word' id='word_1_5' title='bbox 1058 432 1394 514; x_wconf 78' lang='grc' dir='ltr'>Ἀρτέμιδος.</span> 
     </span>
    </p>
   </div>
   <div class='ocr_carea' id='block_1_3' title="bbox 265 522 1838 614">
    <p class='ocr_par' dir='ltr' id='par_1_3' title="bbox 265 522 1838 614">
     <span class='ocr_line' id='line_1_3' title="bbox 265 522 1838 614; baseline 0.001 -26"><span class='ocrx_word' id='word_1_6' title='bbox 265 530 335 588; x_wconf 78' lang='grc' dir='ltr'>Τὸ</span> <span class='ocrx_word' id='word_1_7' title='bbox 365 528 418 586; x_wconf 74' lang='grc' dir='ltr'>δὲ</span> <span class='ocrx_word' id='word_1_8' title='bbox 450 532 585 588; x_wconf 64' lang='grc' dir='ltr'>κατὰ</span> <span class='ocrx_word' id='word_1_9' title='bbox 628 533 724 602; x_wconf 76' lang='grc' dir='ltr'><strong>τὴν</strong></span> <span class='ocrx_word' id='word_1_10' title='bbox 759 522 1056 612; x_wconf 78' lang='grc' dir='ltr'>”Αρτεμιν,</span> <span class='ocrx_word' id='word_1_11' title='bbox 1094 531 1228 601; x_wconf 74' lang='grc' dir='ltr'>αὕτη</span> <span class='ocrx_word' id='word_1_12' title='bbox 1259 533 1515 614; x_wconf 79' lang='grc' dir='ltr'><strong>παρθένος</strong></span> <span class='ocrx_word' id='word_1_13' title='bbox 1561 531 1691 590; x_wconf 75' lang='grc' dir='ltr'>οὖσα</span> <span class='ocrx_word' id='word_1_14' title='bbox 1749 534 1838 590; x_wconf 83' lang='grc' dir='ltr'><strong>καὶ</strong></span> 
     </span>
    </p>
   </div>
   <div class='ocr_carea' id='block_1_4' title="bbox 185 618 1836 704">
    <p class='ocr_par' dir='ltr' id='par_1_4' title="bbox 185 618 1836 704">
     <span class='ocr_line' id='line_1_4' title="bbox 185 618 1836 704; baseline 0.004 -30"><span class='ocrx_word' id='word_1_15' title='bbox 185 618 409 699; x_wconf 75' lang='grc' dir='ltr'>σώφρών</span> <span class='ocrx_word' id='word_1_16' title='bbox 464 623 499 689; x_wconf 75' lang='grc' dir='ltr'>ἡ</span> <span class='ocrx_word' id='word_1_17' title='bbox 559 623 699 699; x_wconf 73' lang='grc' dir='ltr'>θεὸς,</span> <span class='ocrx_word' id='word_1_18' title='bbox 761 622 949 704; x_wconf 73' lang='grc' dir='ltr'>ἔχαιρε</span> <span class='ocrx_word' id='word_1_19' title='bbox 993 636 1107 691; x_wconf 88' lang='grc' dir='ltr'>τοῖς</span> <span class='ocrx_word' id='word_1_20' title='bbox 1140 624 1335 701; x_wconf 74' lang='grc' dir='ltr'>α’ίμασι</span> <span class='ocrx_word' id='word_1_21' title='bbox 1365 628 1465 691; x_wconf 79' lang='grc' dir='ltr'><strong>τῆς</strong></span> <span class='ocrx_word' id='word_1_22' title='bbox 1509 622 1836 690; x_wconf 80' lang='grc' dir='ltr'>ξενοκτονίας</span> 
     </span>
    </p>
   </div>
   <div class='ocr_carea' id='block_1_5' title="bbox 183 712 459 786">
    <p class='ocr_par' dir='ltr' id='par_1_5' title="bbox 183 712 459 786">
     <span class='ocr_line' id='line_1_5' title="bbox 183 712 459 786; baseline 0.014 -23"><span class='ocrx_word' id='word_1_23' title='bbox 183 712 459 786; x_wconf 82' lang='grc' dir='ltr'>τιμᾶσθαι.</span> 
     </span>
    </p>
   </div>
   <div class='ocr_carea' id='block_1_6' title="bbox 428 803 1568 884">
    <p class='ocr_par' dir='ltr' id='par_1_6' title="bbox 428 803 1568 884">
     <span class='ocr_line' id='line_1_6' title="bbox 428 803 1568 884; baseline 0.004 -27"><span class='ocrx_word' id='word_1_24' title='bbox 428 805 532 880; x_wconf 78' lang='grc' dir='ltr'>ιγ’.</span> <span class='ocrx_word' id='word_1_25' title='bbox 566 803 691 882; x_wconf 75' lang='grc' dir='ltr'>Περὶ</span> <span class='ocrx_word' id='word_1_26' title='bbox 733 810 828 861; x_wconf 82' lang='grc' dir='ltr'><strong>τοῦ</strong></span> <span class='ocrx_word' id='word_1_27' title='bbox 857 805 1077 862; x_wconf 76' lang='grc' dir='ltr'>κωνείου</span> <span class='ocrx_word' id='word_1_28' title='bbox 1103 812 1197 862; x_wconf 78' lang='grc' dir='ltr'>τοῦ</span> <span class='ocrx_word' id='word_1_29' title='bbox 1227 805 1568 884; x_wconf 79' lang='grc' dir='ltr'><strong>Σωκράτους.</strong></span> 
     </span>
    </p>
   </div>
   <div class='ocr_carea' id='block_1_7' title="bbox 265 901 1831 984">
    <p class='ocr_par' dir='ltr' id='par_1_7' title="bbox 265 901 1831 984">
     <span class='ocr_line' id='line_1_7' title="bbox 265 901 1831 984; baseline 0.001 -28"><span class='ocrx_word' id='word_1_30' title='bbox 265 902 557 980; x_wconf 73' lang='grc' dir='ltr'>Σωκράτης</span> <span class='ocrx_word' id='word_1_31' title='bbox 615 904 676 959; x_wconf 78' lang='grc' dir='ltr'>τὸ</span> <span class='ocrx_word' id='word_1_32' title='bbox 707 903 804 979; x_wconf 74' lang='grc' dir='ltr'>μὶν</span> <span class='ocrx_word' id='word_1_33' title='bbox 867 902 1018 983; x_wconf 80' lang='grc' dir='ltr'>γένος</span> <span class='ocrx_word' id='word_1_34' title='bbox 1077 905 1144 973; x_wconf 81' lang='grc' dir='ltr'>ἦν</span> <span class='ocrx_word' id='word_1_35' title='bbox 1193 901 1510 984; x_wconf 80' lang='grc' dir='ltr'>Ἀθηναῖος,</span> <span class='ocrx_word' id='word_1_36' title='bbox 1542 902 1831 984; x_wconf 72' lang='grc' dir='ltr'>φιλόσοφος</span> 
     </span>
    </p>
   </div>
   <div class='ocr_carea' id='block_1_8' title="bbox 996 289 2745 366">
    <p class='ocr_par' dir='ltr' id='par_1_8' title="bbox 996 289 2745 366">
     <span class='ocr_line' id='line_1_8' title="bbox 996 289 2745 366; baseline 0.005 -8"><span class='ocrx_word' id='word_1_37' title='bbox 996 295 1096 360; x_wconf 85' lang='lat' dir='ltr'><strong>AD</strong></span> <span class='ocrx_word' id='word_1_38' title='bbox 1139 296 1198 359; x_wconf 93' lang='lat' dir='ltr'><strong>S.</strong></span> <span class='ocrx_word' id='word_1_39' title='bbox 1246 295 1616 360; x_wconf 77' lang='lat' dir='ltr'><strong>GREGURII</strong></span> <span class='ocrx_word' id='word_1_40' title='bbox 1657 289 1888 360; x_wconf 74' lang='lat' dir='ltr'><strong>ORAT.</strong></span> <span class='ocrx_word' id='word_1_41' title='bbox 1938 296 1957 360; x_wconf 92' lang='lat' dir='ltr'><strong>l</strong></span> <span class='ocrx_word' id='word_1_42' title='bbox 2001 293 2313 366; x_wconf 81' lang='lat' dir='ltr'><strong>CONTRA</strong></span> <span class='ocrx_word' id='word_1_43' title='bbox 2358 295 2745 366; x_wconf 76' lang='lat' dir='ltr'><strong>JULIANUM</strong></span> 
     </span>
    </p>
   </div>
   <div class='ocr_carea' id='block_1_9' title="bbox 3456 308 3573 374">
    <p class='ocr_par' dir='ltr' id='par_1_9' title="bbox 3456 308 3573 374">
     <span class='ocr_line' id='line_1_9' title="bbox 3456 308 3573 374; baseline -0.009 0"><span class='ocrx_word' id='word_1_44' title='bbox 3456 308 3573 374; x_wconf 75' lang='lat'><strong>994</strong></span> 
     </span>
    </p>
   </div>
   <div class='ocr_carea' id='block_1_10' title="bbox 2253 437 3249 520">
    <p class='ocr_par' dir='ltr' id='par_1_10' title="bbox 2253 437 3249 520">
     <span class='ocr_line' id='line_1_10' title="bbox 2253 437 3249 520; baseline 0.006 -21"><span class='ocrx_word' id='word_1_45' title='bbox 2253 438 2345 500; x_wconf 70' lang='grc'><strong>12.</strong></span> <span class='ocrx_word' id='word_1_46' title='bbox 2381 437 2472 500; x_wconf 88' lang='lat' dir='ltr'><strong>De</strong></span> <span class='ocrx_word' id='word_1_47' title='bbox 2501 457 2719 502; x_wconf 78' lang='lat' dir='ltr'><strong>cruore</strong></span> <span class='ocrx_word' id='word_1_48' title='bbox 2749 440 2829 502; x_wconf 86' lang='lat' dir='ltr'><strong>ad</strong></span> <span class='ocrx_word' id='word_1_49' title='bbox 2860 440 3061 504; x_wconf 84' lang='lat' dir='ltr'><strong>altare</strong></span> <span class='ocrx_word' id='word_1_50' title='bbox 3088 442 3249 520; x_wconf 80' lang='lat' dir='ltr'><strong>fuso.</strong></span> 
     </span>
    </p>
   </div>
   <div class='ocr_carea' id='block_1_11' title="bbox 2004 537 3568 635">
    <p class='ocr_par' dir='ltr' id='par_1_11' title="bbox 2004 537 3568 635">
     <span class='ocr_line' id='line_1_11' title="bbox 2004 537 3568 635; baseline 0.012 -37"><span class='ocrx_word' id='word_1_51' title='bbox 2004 537 2209 635; x_wconf 79' lang='lat' dir='ltr'><strong>Diana,</strong></span> <span class='ocrx_word' id='word_1_52' title='bbox 2236 542 2511 635; x_wconf 83' lang='lat' dir='ltr'><strong>quamvis</strong></span> <span class='ocrx_word' id='word_1_53' title='bbox 2523 542 2815 635; x_wconf 28' lang='lat' dir='ltr'><strong>‘virgo,_ac</strong></span> <span class='ocrx_word' id='word_1_54' title='bbox 2848 544 3152 635; x_wconf 89' lang='lat' dir='ltr'><strong>pudicitia</strong></span> <span class='ocrx_word' id='word_1_55' title='bbox 3185 549 3355 614; x_wconf 83' lang='lat' dir='ltr'><strong>laude</strong></span> <span class='ocrx_word' id='word_1_56' title='bbox 3386 553 3568 635; x_wconf 89' lang='lat' dir='ltr'><strong>clara,</strong></span> 
     </span>
    </p>
   </div>
   <div class='ocr_carea' id='block_1_12' title="bbox 1921 628 3571 724">
    <p class='ocr_par' dir='ltr' id='par_1_12' title="bbox 1921 628 3571 724">
     <span class='ocr_line' id='line_1_12' title="bbox 1921 628 3571 724; baseline 0.011 -37"><span class='ocrx_word' id='word_1_57' title='bbox 1921 628 2238 724; x_wconf 79' lang='lat' dir='ltr'><strong>cruoribus</strong></span> <span class='ocrx_word' id='word_1_58' title='bbox 2272 639 2467 724; x_wconf 80' lang='lat' dir='ltr'><strong>tamen</strong></span> <span class='ocrx_word' id='word_1_59' title='bbox 2498 632 2615 724; x_wconf 83' lang='lat' dir='ltr'><strong>illis</strong></span> <span class='ocrx_word' id='word_1_60' title='bbox 2648 633 3080 713; x_wconf 72' lang='lat' dir='ltr'><strong>oblectabatur,</strong></span> <span class='ocrx_word' id='word_1_61' title='bbox 3118 638 3219 718; x_wconf 91' lang='lat' dir='ltr'><strong>qui</strong></span> <span class='ocrx_word' id='word_1_62' title='bbox 3265 641 3327 702; x_wconf 90' lang='lat' dir='ltr'><strong>in</strong></span> <span class='ocrx_word' id='word_1_63' title='bbox 3361 628 3571 724; x_wconf 50' lang='lat' dir='ltr'><strong>hospi;</strong></span> 
     </span>
    </p>
   </div>
   <div class='ocr_carea' id='block_1_13' title="bbox 1922 718 2763 788">
    <p class='ocr_par' dir='ltr' id='par_1_13' title="bbox 1922 718 2763 788">
     <span class='ocr_line' id='line_1_13' title="bbox 1922 718 2763 788; baseline 0.012 -13"><span class='ocrx_word' id='word_1_64' title='bbox 1922 723 2044 776; x_wconf 94' lang='lat' dir='ltr'><strong>tum</strong></span> <span class='ocrx_word' id='word_1_65' title='bbox 2079 718 2240 779; x_wconf 89' lang='lat' dir='ltr'><strong>cade</strong></span> <span class='ocrx_word' id='word_1_66' title='bbox 2269 719 2438 781; x_wconf 91' lang='lat' dir='ltr'><strong>fundi</strong></span> <span class='ocrx_word' id='word_1_67' title='bbox 2470 722 2763 788; x_wconf 79' lang='lat' dir='ltr'><strong>solebant.</strong></span> 
     </span>
    </p>
   </div>
   <div class='ocr_carea' id='block_1_14' title="bbox 2354 810 3140 881">
    <p class='ocr_par' dir='ltr' id='par_1_14' title="bbox 2354 810 3140 881">
     <span class='ocr_line' id='line_1_14' title="bbox 2354 810 3140 881; baseline 0.013 -10"><span class='ocrx_word' id='word_1_68' title='bbox 2354 810 2448 875; x_wconf 80' lang='lat'><strong>13.</strong></span> <span class='ocrx_word' id='word_1_69' title='bbox 2487 811 2578 874; x_wconf 86' lang='lat' dir='ltr'><strong>De</strong></span> <span class='ocrx_word' id='word_1_70' title='bbox 2617 812 2885 877; x_wconf 85' lang='lat' dir='ltr'><strong>Socratis</strong></span> <span class='ocrx_word' id='word_1_71' title='bbox 2917 816 3140 881; x_wconf 72' lang='lat' dir='ltr'><strong>cicuta.</strong></span> 
     </span>
    </p>
   </div>
   <div class='ocr_carea' id='block_1_15' title="bbox 1995 910 3571 1001">
    <p class='ocr_par' dir='ltr' id='par_1_15' title="bbox 1995 910 3571 1001">
     <span class='ocr_line' id='line_1_15' title="bbox 1995 910 3571 1001; baseline 0.014 -32"><span class='ocrx_word' id='word_1_72' title='bbox 1995 910 2269 1001; x_wconf 72' lang='lat' dir='ltr'><strong>Socrates</strong></span> <span class='ocrx_word' id='word_1_73' title='bbox 2299 915 2483 994; x_wconf 88' lang='lat' dir='ltr'><strong>patria</strong></span> <span class='ocrx_word' id='word_1_74' title='bbox 2516 916 2900 980; x_wconf 74' lang='lat' dir='ltr'><strong>Atheniensis</strong></span> <span class='ocrx_word' id='word_1_75' title='bbox 2932 926 3082 1001; x_wconf 89' lang='lat' dir='ltr'><strong>erat,</strong></span> <span class='ocrx_word' id='word_1_76' title='bbox 3117 922 3247 984; x_wconf 87' lang='lat' dir='ltr'><strong>vita</strong></span> <span class='ocrx_word' id='word_1_77' title='bbox 3276 923 3571 990; x_wconf 88' lang='lat' dir='ltr'><strong>instituta</strong></span> 
     </span>
    </p>
   </div>
   <div class='ocr_carea' id='block_1_16' title="bbox 181 986 1826 1093">
    <p class='ocr_par' dir='ltr' id='par_1_16' title="bbox 181 986 1826 1071">
     <span class='ocr_line' id='line_1_16' title="bbox 181 986 1826 1071; baseline 0.002 -27"><span class='ocrx_word' id='word_1_78' title='bbox 181 986 237 1044; x_wconf 78' lang='grc' dir='ltr'>δὲ</span> <span class='ocrx_word' id='word_1_79' title='bbox 281 991 382 1058; x_wconf 72' lang='grc' dir='ltr'>τὴν</span> <span class='ocrx_word' id='word_1_80' title='bbox 419 990 713 1054; x_wconf 85' lang='grc' dir='ltr'>παίδευσιν.</span> <span class='ocrx_word' id='word_1_81' title='bbox 773 1000 970 1052; x_wconf 77' lang='grc' dir='ltr'>Τοῦτον</span> <span class='ocrx_word' id='word_1_82' title='bbox 1019 995 1091 1059; x_wconf 85' lang='grc' dir='ltr'>ὡς</span> <span class='ocrx_word' id='word_1_83' title='bbox 1124 991 1370 1071; x_wconf 88' lang='grc' dir='ltr'>δαιμόνια</span> <span class='ocrx_word' id='word_1_84' title='bbox 1421 994 1577 1051; x_wconf 84' lang='grc' dir='ltr'>καινᾶ</span> <span class='ocrx_word' id='word_1_85' title='bbox 1606 1014 1826 1070; x_wconf 80' lang='grc' dir='ltr'>παρεισ-</span> 
     </span>
    </p>
   </div>
   <div class='ocr_carea' id='block_1_17' title="bbox 1928 986 3571 1093">
    <p class='ocr_par' dir='ltr' id='par_1_17' title="bbox 1928 986 3571 1093">
     <span class='ocr_line' id='line_1_17' title="bbox 1928 986 3571 1093; baseline 0.014 -36"><span class='ocrx_word' id='word_1_86' title='bbox 1928 986 2327 1093; x_wconf 51' lang='grc' dir='ltr'>ἶὴὶιοεοριιιιέ.</span> <span class='ocrx_word' id='word_1_87' title='bbox 2377 1006 2550 1067; x_wconf 89' lang='lat' dir='ltr'><strong>Hunc</strong></span> <span class='ocrx_word' id='word_1_88' title='bbox 2583 1007 2742 1068; x_wconf 90' lang='lat' dir='ltr'><strong>velut</strong></span> <span class='ocrx_word' id='word_1_89' title='bbox 2772 986 3104 1074; x_wconf 81' lang='lat' dir='ltr'><strong>damonem</strong></span> <span class='ocrx_word' id='word_1_90' title='bbox 3160 986 3571 1093; x_wconf 28' lang='lat' dir='ltr'><strong>quemdam—in</strong></span> 
     </span>
    </p>
   </div>
   <div class='ocr_carea' id='block_1_18' title="bbox 180 1078 1826 1183">
    <p class='ocr_par' dir='ltr' id='par_1_18' title="bbox 180 1078 1826 1160">
     <span class='ocr_line' id='line_1_18' title="bbox 180 1078 1826 1160; baseline 0.002 -26"><span class='ocrx_word' id='word_1_91' title='bbox 180 1078 406 1159; x_wconf 67' lang='grc' dir='ltr'>φέροντα</span> <span class='ocrx_word' id='word_1_92' title='bbox 437 1087 506 1158; x_wconf 78' lang='grc' dir='ltr'><strong>τῇ</strong></span> <span class='ocrx_word' id='word_1_93' title='bbox 533 1082 777 1156; x_wconf 81' lang='grc' dir='ltr'>πολιτείᾳ</span> <span class='ocrx_word' id='word_1_94' title='bbox 832 1082 1124 1160; x_wconf 62' lang='grc' dir='ltr'>ᾐτιάσαντο</span> <span class='ocrx_word' id='word_1_95' title='bbox 1169 1083 1409 1149; x_wconf 64' lang='grc' dir='ltr'>’Ἄνυτος</span> <span class='ocrx_word' id='word_1_96' title='bbox 1456 1084 1546 1141; x_wconf 75' lang='grc' dir='ltr'><strong>καί</strong></span> <span class='ocrx_word' id='word_1_97' title='bbox 1577 1080 1826 1145; x_wconf 79' lang='grc' dir='ltr'>Μέλιτος·</span> 
     </span>
    </p>
   </div>
   <div class='ocr_carea' id='block_1_19' title="bbox 1928 1078 3566 1183">
    <p class='ocr_par' dir='ltr' id='par_1_19' title="bbox 1928 1078 3566 1183">
     <span class='ocr_line' id='line_1_19' title="bbox 1928 1078 3566 1183; baseline 0.014 -36"><span class='ocrx_word' id='word_1_98' title='bbox 1928 1078 2364 1183; x_wconf 47' lang='lat' dir='ltr'><strong>Rempublicam</strong></span> <span class='ocrx_word' id='word_1_99' title='bbox 2390 1096 2723 1175; x_wconf 81' lang='lat' dir='ltr'><strong>perniciose</strong></span> <span class='ocrx_word' id='word_1_100' title='bbox 2750 1078 3229 1163; x_wconf 65' lang='lat' dir='ltr'><strong>introducentein</strong></span> <span class='ocrx_word' id='word_1_101' title='bbox 3253 1104 3485 1183; x_wconf 89' lang='lat' dir='ltr'><strong>Anytus</strong></span> 
     </span>
    </p>
   </div>
   <div class='ocr_carea' id='block_1_20' title="bbox 182 1171 1831 1255">
    <p class='ocr_par' dir='ltr' id='par_1_20' title="bbox 182 1171 1831 1255">
     <span class='ocr_line' id='line_1_20' title="bbox 182 1171 1831 1255; baseline 0.003 -30"><span class='ocrx_word' id='word_1_102' title='bbox 182 1171 468 1251; x_wconf 72' lang='grc' dir='ltr'><strong>κατεκρίθη</strong></span> <span class='ocrx_word' id='word_1_103' title='bbox 521 1173 609 1230; x_wconf 73' lang='grc' dir='ltr'>οὖν</span> <span class='ocrx_word' id='word_1_104' title='bbox 666 1176 740 1238; x_wconf 84' lang='grc' dir='ltr'>ὡς</span> <span class='ocrx_word' id='word_1_105' title='bbox 785 1172 1096 1255; x_wconf 73' lang='grc' dir='ltr'><strong>διαφθείρων</strong></span> <span class='ocrx_word' id='word_1_106' title='bbox 1165 1176 1287 1240; x_wconf 84' lang='grc' dir='ltr'>τοὺς</span> <span class='ocrx_word' id='word_1_107' title='bbox 1333 1174 1482 1238; x_wconf 78' lang='grc' dir='ltr'>νέους</span> <span class='ocrx_word' id='word_1_108' title='bbox 1539 1172 1831 1230; x_wconf 78' lang='grc' dir='ltr'><strong>ἀποθανεῖν</strong></span> 
     </span>
    </p>
   </div>
   <div class='ocr_carea' id='block_1_21' title="bbox 180 1261 1276 1326">
    <p class='ocr_par' dir='ltr' id='par_1_21' title="bbox 180 1261 1276 1326">
     <span class='ocr_line' id='line_1_21' title="bbox 180 1261 1276 1326; baseline 0.008 -10"><span class='ocrx_word' id='word_1_109' title='bbox 180 1261 374 1319; x_wconf 77' lang='grc' dir='ltr'>πιόντα</span> <span class='ocrx_word' id='word_1_110' title='bbox 413 1262 658 1321; x_wconf 83' lang='grc' dir='ltr'>κώνειον·</span> <span class='ocrx_word' id='word_1_111' title='bbox 704 1265 792 1322; x_wconf 83' lang='grc' dir='ltr'>καὶ</span> <span class='ocrx_word' id='word_1_112' title='bbox 822 1265 961 1322; x_wconf 85' lang='grc' dir='ltr'>πιὼν</span> <span class='ocrx_word' id='word_1_113' title='bbox 993 1264 1276 1326; x_wconf 73' lang='grc' dir='ltr'>ἀπέθανεν.</span> 
     </span>
    </p>
   </div>
   <div class='ocr_carea' id='block_1_22' title="bbox 505 1441 1510 1524">
    <p class='ocr_par' dir='ltr' id='par_1_22' title="bbox 505 1441 1510 1524">
     <span class='ocr_line' id='line_1_22' title="bbox 505 1441 1510 1524; baseline 0.004 -24"><span class='ocrx_word' id='word_1_114' title='bbox 505 1441 594 1506; x_wconf 84' lang='grc' dir='ltr'>ιδ’.</span> <span class='ocrx_word' id='word_1_115' title='bbox 630 1445 754 1524; x_wconf 75' lang='grc' dir='ltr'>Περὶ</span> <span class='ocrx_word' id='word_1_116' title='bbox 791 1450 888 1503; x_wconf 84' lang='grc' dir='ltr'><strong>τοῦ</strong></span> <span class='ocrx_word' id='word_1_117' title='bbox 917 1442 1242 1516; x_wconf 75' lang='grc' dir='ltr'>Ἐπικτήτου</span> <span class='ocrx_word' id='word_1_118' title='bbox 1269 1444 1510 1509; x_wconf 80' lang='grc' dir='ltr'>σκέλους.</span> 
     </span>
    </p>
   </div>
   <div class='ocr_carea' id='block_1_23' title="bbox 265 1543 1838 1628">
    <p class='ocr_par' dir='ltr' id='par_1_23' title="bbox 265 1543 1838 1628">
     <span class='ocr_line' id='line_1_23' title="bbox 265 1543 1838 1628; baseline -0.001 -27"><span class='ocrx_word' id='word_1_119' title='bbox 265 1543 590 1614; x_wconf 87' lang='grc' dir='ltr'>Ἐπίκτητος</span> <span class='ocrx_word' id='word_1_120' title='bbox 627 1546 913 1628; x_wconf 74' lang='grc' dir='ltr'>φιλόσοφος</span> <span class='ocrx_word' id='word_1_121' title='bbox 944 1548 1034 1616; x_wconf 79' lang='grc' dir='ltr'>ἧν·</span> <span class='ocrx_word' id='word_1_122' title='bbox 1070 1552 1220 1615; x_wconf 77' lang='grc' dir='ltr'>οὗτος</span> <span class='ocrx_word' id='word_1_123' title='bbox 1251 1547 1403 1616; x_wconf 71' lang='grc' dir='ltr'>ἐδέθη</span> <span class='ocrx_word' id='word_1_124' title='bbox 1436 1550 1538 1605; x_wconf 75' lang='grc' dir='ltr'><strong>ὑπὸ</strong></span> <span class='ocrx_word' id='word_1_125' title='bbox 1584 1546 1838 1625; x_wconf 82' lang='grc' dir='ltr'>τυράννου</span> 
     </span>
    </p>
   </div>
   <div class='ocr_carea' id='block_1_24' title="bbox 176 1634 1832 1717">
    <p class='ocr_par' dir='ltr' id='par_1_24' title="bbox 176 1634 1832 1717">
     <span class='ocr_line' id='line_1_24' title="bbox 176 1634 1832 1717; baseline 0.003 -29"><span class='ocrx_word' id='word_1_126' title='bbox 176 1635 239 1689; x_wconf 75' lang='grc' dir='ltr'>τὸ</span> <span class='ocrx_word' id='word_1_127' title='bbox 270 1634 482 1698; x_wconf 81' lang='grc' dir='ltr'>σκέλος·</span> <span class='ocrx_word' id='word_1_128' title='bbox 515 1635 698 1717; x_wconf 60' lang='grc' dir='ltr'>ἅτερον</span> <span class='ocrx_word' id='word_1_129' title='bbox 738 1637 794 1695; x_wconf 79' lang='grc' dir='ltr'>δὲ</span> <span class='ocrx_word' id='word_1_130' title='bbox 823 1636 1103 1710; x_wconf 69' lang='grc' dir='ltr'>ἠϐουλήθη</span> <span class='ocrx_word' id='word_1_131' title='bbox 1133 1639 1288 1697; x_wconf 78' lang='grc' dir='ltr'>λῦσαι</span> <span class='ocrx_word' id='word_1_132' title='bbox 1311 1639 1469 1699; x_wconf 73' lang='grc' dir='ltr'>αὐτὸν</span> <span class='ocrx_word' id='word_1_133' title='bbox 1499 1640 1526 1695; x_wconf 86' lang='grc' dir='ltr'>ὁ</span> <span class='ocrx_word' id='word_1_134' title='bbox 1556 1638 1832 1717; x_wconf 86' lang='grc' dir='ltr'>τύραννος.</span> 
     </span>
    </p>
   </div>
   <div class='ocr_carea' id='block_1_25' title="bbox 181 1722 1831 1812">
    <p class='ocr_par' dir='ltr' id='par_1_25' title="bbox 181 1722 1831 1812">
     <span class='ocr_line' id='line_1_25' title="bbox 181 1722 1831 1812; baseline 0.001 -31"><span class='ocrx_word' id='word_1_135' title='bbox 181 1722 393 1804; x_wconf 87' lang='grc' dir='ltr'>Ἦρώτα</span> <span class='ocrx_word' id='word_1_136' title='bbox 427 1727 513 1785; x_wconf 83' lang='grc' dir='ltr'>οὖν</span> <span class='ocrx_word' id='word_1_137' title='bbox 544 1730 702 1787; x_wconf 77' lang='grc' dir='ltr'>αὐτὸν</span> <span class='ocrx_word' id='word_1_138' title='bbox 735 1729 894 1787; x_wconf 77' lang='grc' dir='ltr'>οὕτω·</span> <span class='ocrx_word' id='word_1_139' title='bbox 925 1729 1131 1812; x_wconf 79' lang='grc' dir='ltr'>Θέλεις,</span> <span class='ocrx_word' id='word_1_140' title='bbox 1158 1731 1204 1787; x_wconf 81' lang='grc' dir='ltr'><strong>ὦ</strong></span> <span class='ocrx_word' id='word_1_141' title='bbox 1236 1729 1549 1805; x_wconf 74' lang='grc' dir='ltr'>Ἐπίκτητε,</span> <span class='ocrx_word' id='word_1_142' title='bbox 1579 1727 1726 1784; x_wconf 87' lang='grc' dir='ltr'>λύσω</span> <span class='ocrx_word' id='word_1_143' title='bbox 1749 1741 1831 1802; x_wconf 73' lang='lat' dir='ltr'><strong>at;</strong></span> 
     </span>
    </p>
   </div>
   <div class='ocr_carea' id='block_1_26' title="bbox 178 1804 1831 1902">
    <p class='ocr_par' dir='ltr' id='par_1_26' title="bbox 178 1804 1831 1902">
     <span class='ocr_line' id='line_1_26' title="bbox 178 1804 1831 1902; baseline 0.001 -32"><span class='ocrx_word' id='word_1_144' title='bbox 178 1804 236 1871; x_wconf 62' lang='grc' dir='ltr'>Ὀ</span> <span class='ocrx_word' id='word_1_145' title='bbox 270 1813 325 1902; x_wconf 62' lang='grc' dir='ltr'>δὲ</span> <span class='ocrx_word' id='word_1_146' title='bbox 354 1814 696 1897; x_wconf 78' lang='grc' dir='ltr'>ἀπεκρίνατο⁶</span> <span class='ocrx_word' id='word_1_147' title='bbox 728 1819 792 1877; x_wconf 85' lang='grc' dir='ltr'><strong>Τί</strong></span> <span class='ocrx_word' id='word_1_148' title='bbox 821 1820 947 1902; x_wconf 83' lang='grc' dir='ltr'>γὰρ,</span> <span class='ocrx_word' id='word_1_149' title='bbox 992 1804 1232 1898; x_wconf 80' lang='grc' dir='ltr'>δέδεμαι;</span> <span class='ocrx_word' id='word_1_150' title='bbox 1264 1821 1337 1885; x_wconf 80' lang='grc' dir='ltr'>ὡς</span> <span class='ocrx_word' id='word_1_151' title='bbox 1369 1825 1468 1886; x_wconf 77' lang='grc' dir='ltr'>τῆς</span> <span class='ocrx_word' id='word_1_152' title='bbox 1501 1804 1686 1898; x_wconf 73' lang='grc' dir='ltr'>ψυχῆς</span> <span class='ocrx_word' id='word_1_153' title='bbox 1731 1816 1831 1874; x_wconf 76' lang='grc' dir='ltr'><strong>αὒ-</strong></span> 
     </span>
    </p>
   </div>
   <div class='ocr_carea' id='block_1_27' title="bbox 176 1901 1832 1992">
    <p class='ocr_par' dir='ltr' id='par_1_27' title="bbox 176 1901 1832 1992">
     <span class='ocr_line' id='line_1_27' title="bbox 176 1901 1832 1992; baseline 0.002 -32"><span class='ocrx_word' id='word_1_154' title='bbox 176 1911 270 1962; x_wconf 83' lang='grc' dir='ltr'>τοῦ</span> <span class='ocrx_word' id='word_1_155' title='bbox 300 1901 455 1979; x_wconf 71' lang='grc' dir='ltr'>δῇθεν</span> <span class='ocrx_word' id='word_1_156' title='bbox 477 1907 556 1983; x_wconf 76' lang='grc' dir='ltr'>μὴ</span> <span class='ocrx_word' id='word_1_157' title='bbox 585 1906 894 1984; x_wconf 77' lang='grc' dir='ltr'>δεδιμένης.</span> <span class='ocrx_word' id='word_1_158' title='bbox 931 1901 1155 1992; x_wconf 74' lang='grc' dir='ltr'>Λέγεται</span> <span class='ocrx_word' id='word_1_159' title='bbox 1184 1911 1271 1968; x_wconf 82' lang='grc' dir='ltr'><strong>οὗν</strong></span> <span class='ocrx_word' id='word_1_160' title='bbox 1316 1909 1394 1986; x_wconf 79' lang='grc' dir='ltr'>μὴ</span> <span class='ocrx_word' id='word_1_161' title='bbox 1414 1910 1476 1966; x_wconf 81' lang='grc' dir='ltr'>τὸ</span> <span class='ocrx_word' id='word_1_162' title='bbox 1512 1913 1668 1986; x_wconf 83' lang='grc' dir='ltr'>σῶμα</span> <span class='ocrx_word' id='word_1_163' title='bbox 1690 1907 1832 1965; x_wconf 77' lang='grc' dir='ltr'>εἶναι</span> 
     </span>
    </p>
   </div>
   <div class='ocr_carea' id='block_1_28' title="bbox 178 1992 908 2080">
    <p class='ocr_par' dir='ltr' id='par_1_28' title="bbox 178 1992 908 2080">
     <span class='ocr_line' id='line_1_28' title="bbox 178 1992 908 2080; baseline 0.01 -32"><span class='ocrx_word' id='word_1_164' title='bbox 178 1992 480 2074; x_wconf 71' lang='grc' dir='ltr'>ἅνθρωπος,</span> <span class='ocrx_word' id='word_1_165' title='bbox 513 1995 633 2054; x_wconf 82' lang='grc' dir='ltr'>ἀλλ’</span> <span class='ocrx_word' id='word_1_166' title='bbox 664 1999 699 2067; x_wconf 82' lang='grc' dir='ltr'>ἡ</span> <span class='ocrx_word' id='word_1_167' title='bbox 731 2001 908 2080; x_wconf 76' lang='grc' dir='ltr'>ψυχή.</span> 
     </span>
    </p>
   </div>
   <div class='ocr_carea' id='block_1_29' title="bbox 695 2177 1320 2261">
    <p class='ocr_par' dir='ltr' id='par_1_29' title="bbox 695 2177 1320 2261">
     <span class='ocr_line' id='line_1_29' title="bbox 695 2177 1320 2261; baseline 0.008 -26"><span class='ocrx_word' id='word_1_168' title='bbox 695 2177 760 2235; x_wconf 81' lang='grc' dir='ltr'><strong>ιε’</strong></span> <span class='ocrx_word' id='word_1_169' title='bbox 809 2179 932 2260; x_wconf 83' lang='grc' dir='ltr'>Περὶ</span> <span class='ocrx_word' id='word_1_170' title='bbox 963 2177 1320 2261; x_wconf 76' lang='grc' dir='ltr'>Ἀναξάρχου.</span> 
     </span>
    </p>
   </div>
   <div class='ocr_carea' id='block_1_30' title="bbox 249 2277 1835 2365">
    <p class='ocr_par' dir='ltr' id='par_1_30' title="bbox 249 2277 1835 2365">
     <span class='ocr_line' id='line_1_30' title="bbox 249 2277 1835 2365; baseline 0 -27"><span class='ocrx_word' id='word_1_171' title='bbox 249 2277 586 2362; x_wconf 78' lang='grc' dir='ltr'>Ἀνάξαρχος</span> <span class='ocrx_word' id='word_1_172' title='bbox 659 2282 956 2365; x_wconf 66' lang='grc' dir='ltr'>ιριλήσοφος</span> <span class='ocrx_word' id='word_1_173' title='bbox 1028 2285 1120 2354; x_wconf 77' lang='grc' dir='ltr'>ἦν,</span> <span class='ocrx_word' id='word_1_174' title='bbox 1187 2288 1351 2348; x_wconf 81' lang='grc' dir='ltr'>Οὗτος</span> <span class='ocrx_word' id='word_1_175' title='bbox 1412 2283 1689 2363; x_wconf 78' lang='grc' dir='ltr'>συσχεθεὶς</span> <span class='ocrx_word' id='word_1_176' title='bbox 1733 2283 1835 2340; x_wconf 73' lang='grc' dir='ltr'>ὑπὸ</span> 
     </span>
    </p>
   </div>
   <div class='ocr_carea' id='block_1_31' title="bbox 173 2368 1836 2453">
    <p class='ocr_par' dir='ltr' id='par_1_31' title="bbox 173 2368 1836 2453">
     <span class='ocr_line' id='line_1_31' title="bbox 173 2368 1836 2453; baseline 0.002 -26"><span class='ocrx_word' id='word_1_177' title='bbox 173 2368 477 2450; x_wconf 67' lang='grc' dir='ltr'>Ἀρχελάου</span> <span class='ocrx_word' id='word_1_178' title='bbox 525 2377 620 2430; x_wconf 81' lang='grc' dir='ltr'><strong>τοῦ</strong></span> <span class='ocrx_word' id='word_1_179' title='bbox 664 2374 938 2453; x_wconf 75' lang='grc' dir='ltr'>τυράννου,</span> <span class='ocrx_word' id='word_1_180' title='bbox 975 2377 1063 2432; x_wconf 85' lang='grc' dir='ltr'><strong>καὶ</strong></span> <span class='ocrx_word' id='word_1_181' title='bbox 1107 2374 1322 2452; x_wconf 79' lang='grc' dir='ltr'>βληθεὶς</span> <span class='ocrx_word' id='word_1_182' title='bbox 1357 2373 1412 2431; x_wconf 79' lang='grc' dir='ltr'>ἐν</span> <span class='ocrx_word' id='word_1_183' title='bbox 1444 2371 1623 2450; x_wconf 76' lang='grc' dir='ltr'>ὅλμῳ,</span> <span class='ocrx_word' id='word_1_184' title='bbox 1655 2372 1836 2430; x_wconf 76' lang='grc' dir='ltr'>ἐπτίσ-</span> 
     </span>
    </p>
   </div>
   <div class='ocr_carea' id='block_1_32' title="bbox 171 2458 1830 2541">
    <p class='ocr_par' dir='ltr' id='par_1_32' title="bbox 171 2458 1830 2541">
     <span class='ocr_line' id='line_1_32' title="bbox 171 2458 1830 2541; baseline 0.002 -25"><span class='ocrx_word' id='word_1_185' title='bbox 171 2481 296 2517; x_wconf 83' lang='grc' dir='ltr'>σετο</span> <span class='ocrx_word' id='word_1_186' title='bbox 355 2458 553 2541; x_wconf 77' lang='grc' dir='ltr'>μοχλῷ</span> <span class='ocrx_word' id='word_1_187' title='bbox 602 2461 811 2539; x_wconf 82' lang='grc' dir='ltr'>ξυλίνῳ,</span> <span class='ocrx_word' id='word_1_188' title='bbox 873 2465 1188 2522; x_wconf 79' lang='grc' dir='ltr'>Πτίσσισθαι</span> <span class='ocrx_word' id='word_1_189' title='bbox 1230 2462 1284 2521; x_wconf 70' lang='grc' dir='ltr'><strong>δέ</strong></span> <span class='ocrx_word' id='word_1_190' title='bbox 1329 2463 1480 2540; x_wconf 72' lang='grc' dir='ltr'>ἰστι,</span> <span class='ocrx_word' id='word_1_191' title='bbox 1556 2464 1617 2519; x_wconf 80' lang='grc' dir='ltr'><strong>τὸ</strong></span> <span class='ocrx_word' id='word_1_192' title='bbox 1680 2460 1830 2530; x_wconf 85' lang='grc' dir='ltr'>δίκην</span> 
     </span>
    </p>
   </div>
   <div class='ocr_carea' id='block_1_33' title="bbox 169 2551 1830 2632">
    <p class='ocr_par' dir='ltr' id='par_1_33' title="bbox 169 2551 1830 2632">
     <span class='ocr_line' id='line_1_33' title="bbox 169 2551 1830 2632; baseline 0.001 -25"><span class='ocrx_word' id='word_1_193' title='bbox 169 2551 470 2616; x_wconf 80' lang='grc' dir='ltr'>πτισσάνης</span> <span class='ocrx_word' id='word_1_194' title='bbox 531 2552 838 2610; x_wconf 75' lang='grc' dir='ltr'>τύπτεσθαι·</span> <span class='ocrx_word' id='word_1_195' title='bbox 905 2553 1048 2611; x_wconf 75' lang='grc' dir='ltr'>ἔνθεν</span> <span class='ocrx_word' id='word_1_196' title='bbox 1095 2552 1150 2610; x_wconf 76' lang='grc' dir='ltr'>δὲ</span> <span class='ocrx_word' id='word_1_197' title='bbox 1203 2556 1291 2611; x_wconf 83' lang='grc' dir='ltr'><strong>καὶ</strong></span> <span class='ocrx_word' id='word_1_198' title='bbox 1349 2553 1616 2619; x_wconf 80' lang='grc' dir='ltr'>πτισσάνη</span> <span class='ocrx_word' id='word_1_199' title='bbox 1689 2553 1830 2632; x_wconf 82' lang='grc' dir='ltr'>παρὰ</span> 
     </span>
    </p>
   </div>
   <div class='ocr_carea' id='block_1_34' title="bbox 171 2641 1825 2722">
    <p class='ocr_par' dir='ltr' id='par_1_34' title="bbox 171 2641 1825 2722">
     <span class='ocr_line' id='line_1_34' title="bbox 171 2641 1825 2722; baseline 0.002 -28"><span class='ocrx_word' id='word_1_200' title='bbox 171 2661 231 2695; x_wconf 88' lang='grc' dir='ltr'><strong>το</strong></span> <span class='ocrx_word' id='word_1_201' title='bbox 303 2641 636 2706; x_wconf 85' lang='grc' dir='ltr'>πτίσσεσθαι.</span> <span class='ocrx_word' id='word_1_202' title='bbox 697 2646 1057 2721; x_wconf 87' lang='grc' dir='ltr'>Πτισσόμενος</span> <span class='ocrx_word' id='word_1_203' title='bbox 1110 2642 1163 2699; x_wconf 79' lang='grc' dir='ltr'>δὲ</span> <span class='ocrx_word' id='word_1_204' title='bbox 1210 2641 1376 2708; x_wconf 69' lang='grc' dir='ltr'>οὕτως</span> <span class='ocrx_word' id='word_1_205' title='bbox 1426 2641 1551 2722; x_wconf 74' lang='grc' dir='ltr'>ἔφη·</span> <span class='ocrx_word' id='word_1_206' title='bbox 1608 2643 1825 2722; x_wconf 88' lang='grc' dir='ltr'>Πτίσσε,</span> 
     </span>
    </p>
   </div>
   <div class='ocr_carea' id='block_1_35' title="bbox 171 2729 1828 2814">
    <p class='ocr_par' dir='ltr' id='par_1_35' title="bbox 171 2729 1828 2814">
     <span class='ocr_line' id='line_1_35' title="bbox 171 2729 1828 2814; baseline 0.001 -29"><span class='ocrx_word' id='word_1_207' title='bbox 171 2729 359 2786; x_wconf 88' lang='grc' dir='ltr'>πτίσσε</span> <span class='ocrx_word' id='word_1_208' title='bbox 406 2732 498 2786; x_wconf 86' lang='grc' dir='ltr'><strong>τὸν</strong></span> <span class='ocrx_word' id='word_1_209' title='bbox 553 2729 893 2814; x_wconf 80' lang='grc' dir='ltr'>Ἀναξάρχου</span> <span class='ocrx_word' id='word_1_210' title='bbox 973 2734 1197 2791; x_wconf 80' lang='grc' dir='ltr'>θύλακον</span> <span class='ocrx_word' id='word_1_211' title='bbox 1231 2783 1248 2810; x_wconf 90' lang='grc'><strong>,</strong></span> <span class='ocrx_word' id='word_1_212' title='bbox 1311 2733 1370 2791; x_wconf 73' lang='grc' dir='ltr'>οὒ</span> <span class='ocrx_word' id='word_1_213' title='bbox 1432 2733 1534 2812; x_wconf 78' lang='grc' dir='ltr'>γὰρ</span> <span class='ocrx_word' id='word_1_214' title='bbox 1590 2732 1828 2794; x_wconf 82' lang='grc' dir='ltr'>πτίσσεις</span> 
     </span>
    </p>
   </div>
   <div class='ocr_carea' id='block_1_36' title="bbox 171 2815 1829 2905">
    <p class='ocr_par' dir='ltr' id='par_1_36' title="bbox 171 2815 1829 2905">
     <span class='ocr_line' id='line_1_36' title="bbox 171 2815 1829 2905; baseline 0.001 -29"><span class='ocrx_word' id='word_1_215' title='bbox 171 2815 526 2900; x_wconf 60' lang='grc' dir='ltr'>Ἀνάξαρχον</span> <span class='ocrx_word' id='word_1_216' title='bbox 601 2823 989 2900; x_wconf 77' lang='grc' dir='ltr'>αἶνιττόμενος,</span> <span class='ocrx_word' id='word_1_217' title='bbox 1038 2829 1130 2881; x_wconf 78' lang='grc' dir='ltr'>οἶα</span> <span class='ocrx_word' id='word_1_218' title='bbox 1183 2822 1473 2905; x_wconf 69' lang='grc' dir='ltr'>φιλόσοφος</span> <span class='ocrx_word' id='word_1_219' title='bbox 1523 2820 1701 2898; x_wconf 77' lang='grc' dir='ltr'>δῆθεν,</span> <span class='ocrx_word' id='word_1_220' title='bbox 1735 2828 1829 2880; x_wconf 85' lang='grc' dir='ltr'>τοῦ</span> 
     </span>
    </p>
   </div>
   <div class='ocr_carea' id='block_1_37' title="bbox 177 2908 1194 2993">
    <p class='ocr_par' dir='ltr' id='par_1_37' title="bbox 177 2908 1194 2993">
     <span class='ocr_line' id='line_1_37' title="bbox 177 2908 1194 2993; baseline 0.007 -27"><span class='ocrx_word' id='word_1_221' title='bbox 177 2910 429 2987; x_wconf 88' lang='grc' dir='ltr'>σώματος</span> <span class='ocrx_word' id='word_1_222' title='bbox 475 2908 680 2988; x_wconf 68' lang='grc' dir='ltr'>μηδένα</span> <span class='ocrx_word' id='word_1_223' title='bbox 711 2912 870 2993; x_wconf 90' lang='grc' dir='ltr'>λόγον</span> <span class='ocrx_word' id='word_1_224' title='bbox 901 2919 1194 2979; x_wconf 73' lang='grc' dir='ltr'>ποιεῖσθαι.</span> 
     </span>
    </p>
   </div>
   <div class='ocr_carea' id='block_1_38' title="bbox 423 3010 1613 3094">
    <p class='ocr_par' dir='ltr' id='par_1_38' title="bbox 423 3010 1613 3094">
     <span class='ocr_line' id='line_1_38' title="bbox 423 3010 1613 3094; baseline 0.007 -28"><span class='ocrx_word' id='word_1_225' title='bbox 423 3010 548 3085; x_wconf 73' lang='grc' dir='ltr'>ις’.</span> <span class='ocrx_word' id='word_1_226' title='bbox 578 3012 704 3092; x_wconf 80' lang='grc' dir='ltr'>Περὶ</span> <span class='ocrx_word' id='word_1_227' title='bbox 735 3019 829 3072; x_wconf 80' lang='grc' dir='ltr'><strong>τοῦ</strong></span> <span class='ocrx_word' id='word_1_228' title='bbox 863 3011 1236 3094; x_wconf 79' lang='grc' dir='ltr'>Κλεομϐρότου</span> <span class='ocrx_word' id='word_1_229' title='bbox 1264 3010 1613 3090; x_wconf 78' lang='grc' dir='ltr'>πηδήματος.</span> 
     </span>
    </p>
   </div>
   <div class='ocr_carea' id='block_1_39' title="bbox 254 3110 1827 3196">
    <p class='ocr_par' dir='ltr' id='par_1_39' title="bbox 254 3110 1827 3196">
     <span class='ocr_line' id='line_1_39' title="bbox 254 3110 1827 3196; baseline 0.005 -26"><span class='ocrx_word' id='word_1_230' title='bbox 254 3111 623 3193; x_wconf 81' lang='grc' dir='ltr'>Κλεόμϐροτος</span> <span class='ocrx_word' id='word_1_231' title='bbox 680 3112 1092 3196; x_wconf 73' lang='grc' dir='ltr'>’Λμϐρακιώτης</span> <span class='ocrx_word' id='word_1_232' title='bbox 1159 3119 1221 3174; x_wconf 80' lang='grc' dir='ltr'>τὸ</span> <span class='ocrx_word' id='word_1_233' title='bbox 1280 3115 1458 3196; x_wconf 77' lang='grc' dir='ltr'>γένος,</span> <span class='ocrx_word' id='word_1_234' title='bbox 1545 3112 1706 3178; x_wconf 78' lang='grc' dir='ltr'>Πόλις</span> <span class='ocrx_word' id='word_1_235' title='bbox 1773 3110 1827 3168; x_wconf 61' lang='grc' dir='ltr'>δὲ</span> 
     </span>
    </p>
   </div>
   <div class='ocr_carea' id='block_1_40' title="bbox 175 3202 1825 3286">
    <p class='ocr_par' dir='ltr' id='par_1_40' title="bbox 175 3202 1825 3286">
     <span class='ocr_line' id='line_1_40' title="bbox 175 3202 1825 3286; baseline -0.001 -26"><span class='ocrx_word' id='word_1_236' title='bbox 175 3203 310 3271; x_wconf 68' lang='grc' dir='ltr'>αὕτη</span> <span class='ocrx_word' id='word_1_237' title='bbox 367 3205 425 3259; x_wconf 80' lang='grc' dir='ltr'>πὶ</span> <span class='ocrx_word' id='word_1_238' title='bbox 483 3206 584 3271; x_wconf 75' lang='grc' dir='ltr'><strong>τῆς</strong></span> <span class='ocrx_word' id='word_1_239' title='bbox 643 3206 876 3270; x_wconf 81' lang='grc' dir='ltr'>παλαιᾶς</span> <span class='ocrx_word' id='word_1_240' title='bbox 934 3207 1208 3286; x_wconf 69' lang='grc' dir='ltr'>Ἠπείρου.</span> <span class='ocrx_word' id='word_1_241' title='bbox 1271 3204 1548 3286; x_wconf 86' lang='grc' dir='ltr'>Ἐντυχὼν</span> <span class='ocrx_word' id='word_1_242' title='bbox 1588 3208 1666 3278; x_wconf 81' lang='grc' dir='ltr'>τῷ</span> <span class='ocrx_word' id='word_1_243' title='bbox 1686 3202 1825 3260; x_wconf 79' lang='grc' dir='ltr'>Φαί-</span> 
     </span>
    </p>
   </div>
   <div class='ocr_carea' id='block_1_41' title="bbox 169 3291 1826 3378">
    <p class='ocr_par' dir='ltr' id='par_1_41' title="bbox 169 3291 1826 3378">
     <span class='ocr_line' id='line_1_41' title="bbox 169 3291 1826 3378; baseline 0.001 -30"><span class='ocrx_word' id='word_1_244' title='bbox 169 3291 319 3362; x_wconf 78' lang='grc' dir='ltr'>δωνι,</span> <span class='ocrx_word' id='word_1_245' title='bbox 379 3299 457 3368; x_wconf 82' lang='grc' dir='ltr'>τῷ</span> <span class='ocrx_word' id='word_1_246' title='bbox 511 3297 628 3375; x_wconf 84' lang='grc' dir='ltr'>περὶ</span> <span class='ocrx_word' id='word_1_247' title='bbox 686 3300 871 3377; x_wconf 76' lang='grc' dir='ltr'>ψυχῆς</span> <span class='ocrx_word' id='word_1_248' title='bbox 929 3295 1164 3378; x_wconf 83' lang='grc' dir='ltr'>διαλόγῳ</span> <span class='ocrx_word' id='word_1_249' title='bbox 1212 3295 1523 3370; x_wconf 79' lang='grc' dir='ltr'>Πλάτωνος,</span> <span class='ocrx_word' id='word_1_250' title='bbox 1573 3297 1661 3351; x_wconf 82' lang='grc' dir='ltr'><strong>καὶ</strong></span> <span class='ocrx_word' id='word_1_251' title='bbox 1713 3315 1826 3370; x_wconf 89' lang='grc' dir='ltr'>μα-</span> 
     </span>
    </p>
   </div>
   <div class='ocr_carea' id='block_1_42' title="bbox 165 3381 1825 3468">
    <p class='ocr_par' dir='ltr' id='par_1_42' title="bbox 165 3381 1825 3468">
     <span class='ocr_line' id='line_1_42' title="bbox 165 3381 1825 3468; baseline 0 -28"><span class='ocrx_word' id='word_1_252' title='bbox 165 3384 295 3459; x_wconf 86' lang='grc' dir='ltr'>θὼν,</span> <span class='ocrx_word' id='word_1_253' title='bbox 353 3384 426 3448; x_wconf 80' lang='grc' dir='ltr'>ὥς</span> <span class='ocrx_word' id='word_1_254' title='bbox 477 3381 694 3460; x_wconf 73' lang='grc' dir='ltr'>ἄμεινόν</span> <span class='ocrx_word' id='word_1_255' title='bbox 765 3385 883 3445; x_wconf 69' lang='grc' dir='ltr'>ἔστι</span> <span class='ocrx_word' id='word_1_256' title='bbox 940 3394 1010 3466; x_wconf 73' lang='grc' dir='ltr'><strong>τῇ</strong></span> <span class='ocrx_word' id='word_1_257' title='bbox 1069 3392 1225 3468; x_wconf 79' lang='grc' dir='ltr'>ψυχῇ</span> <span class='ocrx_word' id='word_1_258' title='bbox 1282 3389 1310 3444; x_wconf 84' lang='grc' dir='ltr'>ὁ</span> <span class='ocrx_word' id='word_1_259' title='bbox 1385 3387 1668 3466; x_wconf 83' lang='grc' dir='ltr'>χωρισμὸς</span> <span class='ocrx_word' id='word_1_260' title='bbox 1731 3389 1825 3441; x_wconf 80' lang='grc' dir='ltr'><strong>τοῦ</strong></span> 
     </span>
    </p>
   </div>
   <div class='ocr_carea' id='block_1_43' title="bbox 165 3472 1826 3558">
    <p class='ocr_par' dir='ltr' id='par_1_43' title="bbox 165 3472 1826 3558">
     <span class='ocr_line' id='line_1_43' title="bbox 165 3472 1826 3558; baseline 0.001 -29"><span class='ocrx_word' id='word_1_261' title='bbox 165 3473 442 3550; x_wconf 84' lang='grc' dir='ltr'>σώματος,</span> <span class='ocrx_word' id='word_1_262' title='bbox 504 3472 710 3554; x_wconf 66' lang='grc' dir='ltr'>ἕῤῥιψεν</span> <span class='ocrx_word' id='word_1_263' title='bbox 760 3475 946 3535; x_wconf 68' lang='grc' dir='ltr'>ἑαυτὸν</span> <span class='ocrx_word' id='word_1_264' title='bbox 1011 3477 1116 3534; x_wconf 68' lang='grc' dir='ltr'><strong>ἀπὸ</strong></span> <span class='ocrx_word' id='word_1_265' title='bbox 1171 3484 1264 3535; x_wconf 83' lang='grc' dir='ltr'><strong>τοῦ</strong></span> <span class='ocrx_word' id='word_1_266' title='bbox 1316 3478 1556 3558; x_wconf 80' lang='grc' dir='ltr'>τείχους,</span> <span class='ocrx_word' id='word_1_267' title='bbox 1614 3476 1702 3532; x_wconf 75' lang='grc' dir='ltr'>καὶ</span> <span class='ocrx_word' id='word_1_268' title='bbox 1731 3475 1826 3531; x_wconf 82' lang='grc' dir='ltr'><strong>τέ-</strong></span> 
     </span>
    </p>
   </div>
   <div class='ocr_carea' id='block_1_44' title="bbox 165 3564 1828 3649">
    <p class='ocr_par' dir='ltr' id='par_1_44' title="bbox 165 3564 1828 3649">
     <span class='ocr_line' id='line_1_44' title="bbox 165 3564 1828 3649; baseline 0.001 -29"><span class='ocrx_word' id='word_1_269' title='bbox 165 3568 379 3631; x_wconf 80' lang='grc' dir='ltr'>θνηκεν·</span> <span class='ocrx_word' id='word_1_270' title='bbox 431 3565 524 3622; x_wconf 85' lang='grc' dir='ltr'>’ίυα</span> <span class='ocrx_word' id='word_1_271' title='bbox 583 3564 738 3634; x_wconf 79' lang='grc' dir='ltr'>δῆθεν</span> <span class='ocrx_word' id='word_1_272' title='bbox 767 3570 801 3638; x_wconf 78' lang='grc' dir='ltr'>ἡ</span> <span class='ocrx_word' id='word_1_273' title='bbox 834 3569 987 3649; x_wconf 76' lang='grc' dir='ltr'>ψυχὴ</span> <span class='ocrx_word' id='word_1_274' title='bbox 1044 3571 1202 3626; x_wconf 64' lang='grc' dir='ltr'>αὐτου</span> <span class='ocrx_word' id='word_1_275' title='bbox 1259 3567 1535 3635; x_wconf 77' lang='grc' dir='ltr'>ἐξελθοῦσα</span> <span class='ocrx_word' id='word_1_276' title='bbox 1585 3568 1828 3648; x_wconf 78' lang='grc' dir='ltr'>χωρισθῇ</span> 
     </span>
    </p>
   </div>
   <div class='ocr_carea' id='block_1_45' title="bbox 167 3656 562 3732">
    <p class='ocr_par' dir='ltr' id='par_1_45' title="bbox 167 3656 562 3732">
     <span class='ocr_line' id='line_1_45' title="bbox 167 3656 562 3732; baseline 0.013 -22"><span class='ocrx_word' id='word_1_277' title='bbox 167 3665 255 3714; x_wconf 80' lang='grc' dir='ltr'>τοῦ</span> <span class='ocrx_word' id='word_1_278' title='bbox 287 3656 562 3732; x_wconf 85' lang='grc' dir='ltr'>σώματος.</span> 
     </span>
    </p>
   </div>
   <div class='ocr_carea' id='block_1_46' title="bbox 647 3744 1337 3829">
    <p class='ocr_par' dir='ltr' id='par_1_46' title="bbox 647 3744 1337 3829">
     <span class='ocr_line' id='line_1_46' title="bbox 647 3744 1337 3829; baseline 0.014 -28"><span class='ocrx_word' id='word_1_279' title='bbox 647 3744 738 3818; x_wconf 82' lang='grc' dir='ltr'>ιζ’,</span> <span class='ocrx_word' id='word_1_280' title='bbox 785 3750 910 3829; x_wconf 79' lang='grc' dir='ltr'>Περὶ</span> <span class='ocrx_word' id='word_1_281' title='bbox 941 3753 1048 3805; x_wconf 84' lang='grc' dir='ltr'>τῶν</span> <span class='ocrx_word' id='word_1_282' title='bbox 1092 3748 1337 3825; x_wconf 82' lang='grc' dir='ltr'>κυάμων.</span> 
     </span>
    </p>
   </div>
   <div class='ocr_carea' id='block_1_47' title="bbox 245 3843 1826 3928">
    <p class='ocr_par' dir='ltr' id='par_1_47' title="bbox 245 3843 1826 3928">
     <span class='ocr_line' id='line_1_47' title="bbox 245 3843 1826 3928; baseline 0.001 -28"><span class='ocrx_word' id='word_1_283' title='bbox 245 3843 598 3924; x_wconf 79' lang='grc' dir='ltr'>Πυθαγόρειοι</span> <span class='ocrx_word' id='word_1_284' title='bbox 653 3845 806 3924; x_wconf 81' lang='grc' dir='ltr'>γένος</span> <span class='ocrx_word' id='word_1_285' title='bbox 867 3847 1196 3928; x_wconf 73' lang='grc' dir='ltr'>φιλοσόφων,</span> <span class='ocrx_word' id='word_1_286' title='bbox 1248 3847 1309 3904; x_wconf 76' lang='grc' dir='ltr'>ἐκ</span> <span class='ocrx_word' id='word_1_287' title='bbox 1369 3846 1674 3926; x_wconf 86' lang='grc' dir='ltr'>Πυθαγόρου</span> <span class='ocrx_word' id='word_1_288' title='bbox 1731 3851 1826 3902; x_wconf 76' lang='grc' dir='ltr'>τοῦ</span> 
     </span>
    </p>
   </div>
   <div class='ocr_carea' id='block_1_48' title="bbox 160 3931 1823 4017">
    <p class='ocr_par' dir='ltr' id='par_1_48' title="bbox 160 3931 1823 4017">
     <span class='ocr_line' id='line_1_48' title="bbox 160 3931 1823 4017; baseline 0.001 -27"><span class='ocrx_word' id='word_1_289' title='bbox 160 3932 392 4009; x_wconf 85' lang='grc' dir='ltr'>Σαμίου.</span> <span class='ocrx_word' id='word_1_290' title='bbox 453 3931 610 3991; x_wconf 77' lang='grc' dir='ltr'>Οὗτοι</span> <span class='ocrx_word' id='word_1_291' title='bbox 682 3932 749 3991; x_wconf 85' lang='grc' dir='ltr'>δι’</span> <span class='ocrx_word' id='word_1_292' title='bbox 830 3936 1162 4016; x_wconf 79' lang='grc' dir='ltr'>αἰνιγμάτων</span> <span class='ocrx_word' id='word_1_293' title='bbox 1217 3939 1284 3994; x_wconf 79' lang='grc' dir='ltr'>τὰ</span> <span class='ocrx_word' id='word_1_294' title='bbox 1340 3943 1440 4005; x_wconf 82' lang='grc' dir='ltr'>τῆς</span> <span class='ocrx_word' id='word_1_295' title='bbox 1498 3935 1823 4017; x_wconf 73' lang='grc' dir='ltr'>φολοσοφίας</span> 
     </span>
    </p>
   </div>
   <div class='ocr_carea' id='block_1_49' title="bbox 159 4022 1821 4106">
    <p class='ocr_par' dir='ltr' id='par_1_49' title="bbox 159 4022 1821 4106">
     <span class='ocr_line' id='line_1_49' title="bbox 159 4022 1821 4106; baseline 0.002 -28"><span class='ocrx_word' id='word_1_296' title='bbox 159 4022 453 4099; x_wconf 74' lang='grc' dir='ltr'>ἰμάνθανον</span> <span class='ocrx_word' id='word_1_297' title='bbox 509 4022 772 4102; x_wconf 84' lang='grc' dir='ltr'>δόγματα.</span> <span class='ocrx_word' id='word_1_298' title='bbox 835 4025 1160 4106; x_wconf 89' lang='grc' dir='ltr'>Παραδιδοτο</span> <span class='ocrx_word' id='word_1_299' title='bbox 1219 4025 1274 4083; x_wconf 82' lang='grc' dir='ltr'>δὲ</span> <span class='ocrx_word' id='word_1_300' title='bbox 1319 4028 1454 4105; x_wconf 76' lang='grc' dir='ltr'>μετὰ</span> <span class='ocrx_word' id='word_1_301' title='bbox 1503 4032 1608 4082; x_wconf 84' lang='grc' dir='ltr'><strong>τῶν</strong></span> <span class='ocrx_word' id='word_1_302' title='bbox 1643 4023 1821 4081; x_wconf 74' lang='grc' dir='ltr'>ἄλλων</span> 
     </span>
    </p>
   </div>
   <div class='ocr_carea' id='block_1_50' title="bbox 156 4114 1821 4194">
    <p class='ocr_par' dir='ltr' id='par_1_50' title="bbox 156 4114 1821 4194">
     <span class='ocr_line' id='line_1_50' title="bbox 156 4114 1821 4194; baseline 0.001 -26"><span class='ocrx_word' id='word_1_303' title='bbox 156 4114 241 4170; x_wconf 87' lang='grc' dir='ltr'><strong>καὶ</strong></span> <span class='ocrx_word' id='word_1_304' title='bbox 312 4120 470 4170; x_wconf 82' lang='grc' dir='ltr'>τοῦτο</span> <span class='ocrx_word' id='word_1_305' title='bbox 526 4115 588 4170; x_wconf 79' lang='grc' dir='ltr'>τὸ</span> <span class='ocrx_word' id='word_1_306' title='bbox 649 4115 904 4194; x_wconf 61' lang='grc' dir='ltr'>αἴνιγμα,</span> <span class='ocrx_word' id='word_1_307' title='bbox 968 4118 1211 4194; x_wconf 78' lang='grc' dir='ltr'>Κυάμους</span> <span class='ocrx_word' id='word_1_308' title='bbox 1270 4117 1349 4194; x_wconf 71' lang='grc' dir='ltr'><strong>μή</strong></span> <span class='ocrx_word' id='word_1_309' title='bbox 1412 4116 1621 4173; x_wconf 64' lang='grc' dir='ltr'>ἐσθίειν</span> <span class='ocrx_word' id='word_1_310' title='bbox 1701 4136 1821 4170; x_wconf 85' lang='grc' dir='ltr'>του-</span> 
     </span>
    </p>
   </div>
   <div class='ocr_carea' id='block_1_51' title="bbox 154 4203 1818 4287">
    <p class='ocr_par' dir='ltr' id='par_1_51' title="bbox 154 4203 1818 4287">
     <span class='ocr_line' id='line_1_51' title="bbox 154 4203 1818 4287; baseline 0.001 -28"><span class='ocrx_word' id='word_1_311' title='bbox 154 4203 331 4276; x_wconf 74' lang='grc' dir='ltr'>τέστι,</span> <span class='ocrx_word' id='word_1_312' title='bbox 424 4203 504 4279; x_wconf 78' lang='grc' dir='ltr'>μὴ</span> <span class='ocrx_word' id='word_1_313' title='bbox 577 4205 919 4285; x_wconf 83' lang='grc' dir='ltr'>προδιδόντας</span> <span class='ocrx_word' id='word_1_314' title='bbox 987 4210 1049 4264; x_wconf 84' lang='grc' dir='ltr'>τὸ</span> <span class='ocrx_word' id='word_1_315' title='bbox 1107 4205 1310 4265; x_wconf 87' lang='grc' dir='ltr'>δίκαιον</span> <span class='ocrx_word' id='word_1_316' title='bbox 1409 4203 1818 4287; x_wconf 85' lang='grc' dir='ltr'>δωροδοκεῖσθαι</span> 
     </span>
    </p>
   </div>
   <div class='ocr_carea' id='block_1_52' title="bbox 157 4294 1824 4376">
    <p class='ocr_par' dir='ltr' id='par_1_52' title="bbox 157 4294 1824 4376">
     <span class='ocr_line' id='line_1_52' title="bbox 157 4294 1824 4376; baseline -0.009 -11"><span class='ocrx_word' id='word_1_317' title='bbox 157 4295 466 4374; x_wconf 74' lang='grc' dir='ltr'>χρήμασιν.</span> <span class='ocrx_word' id='word_1_318' title='bbox 533 4298 592 4352; x_wconf 74' lang='grc' dir='ltr'><strong>Οἱ</strong></span> <span class='ocrx_word' id='word_1_319' title='bbox 657 4297 756 4376; x_wconf 75' lang='grc' dir='ltr'><strong>γὰρ</strong></span> <span class='ocrx_word' id='word_1_320' title='bbox 807 4297 1101 4366; x_wconf 81' lang='grc' dir='ltr'>Ἀθηναίων</span> <span class='ocrx_word' id='word_1_321' title='bbox 1160 4297 1330 4355; x_wconf 80' lang='grc' dir='ltr'>πάλαι</span> <span class='ocrx_word' id='word_1_322' title='bbox 1389 4295 1633 4354; x_wconf 85' lang='grc' dir='ltr'>δικασται</span> <span class='ocrx_word' id='word_1_323' title='bbox 1710 4294 1824 4353; x_wconf 75' lang='grc' dir='ltr'>ἀντὶ</span> 
     </span>
    </p>
   </div>
   <div class='ocr_carea' id='block_1_53' title="bbox 156 4385 1822 4468">
    <p class='ocr_par' dir='ltr' id='par_1_53' title="bbox 156 4385 1822 4468">
     <span class='ocr_line' id='line_1_53' title="bbox 156 4385 1822 4468; baseline -0.007 -15"><span class='ocrx_word' id='word_1_324' title='bbox 156 4386 360 4464; x_wconf 62' lang='grc' dir='ltr'><strong>ψῆψων</strong></span> <span class='ocrx_word' id='word_1_325' title='bbox 406 4385 632 4461; x_wconf 71' lang='grc' dir='ltr'>κυάμοις</span> <span class='ocrx_word' id='word_1_326' title='bbox 694 4387 935 4468; x_wconf 72' lang='grc' dir='ltr'>ἐχρῶντο</span> <span class='ocrx_word' id='word_1_327' title='bbox 980 4390 1112 4468; x_wconf 81' lang='grc' dir='ltr'>πρὸς</span> <span class='ocrx_word' id='word_1_328' title='bbox 1143 4390 1453 4466; x_wconf 78' lang='grc' dir='ltr'>κατάκρισιν</span> <span class='ocrx_word' id='word_1_329' title='bbox 1489 4388 1542 4445; x_wconf 70' lang='grc' dir='ltr'>ἰν</span> <span class='ocrx_word' id='word_1_330' title='bbox 1575 4400 1692 4451; x_wconf 84' lang='grc' dir='ltr'>τοῖς</span> <span class='ocrx_word' id='word_1_331' title='bbox 1737 4385 1822 4442; x_wconf 87' lang='grc' dir='ltr'>δι-</span> 
     </span>
    </p>
   </div>
   <div class='ocr_carea' id='block_1_54' title="bbox 1920 1178 3562 1274">
    <p class='ocr_par' dir='ltr' id='par_1_54' title="bbox 1920 1178 3562 1274">
     <span class='ocr_line' id='line_1_54' title="bbox 1920 1178 3562 1274; baseline 0.012 -36"><span class='ocrx_word' id='word_1_332' title='bbox 1920 1178 2157 1243; x_wconf 85' lang='lat' dir='ltr'><strong>Melitus</strong></span> <span class='ocrx_word' id='word_1_333' title='bbox 2190 1186 2244 1243; x_wconf 91' lang='lat' dir='ltr'><strong>in</strong></span> <span class='ocrx_word' id='word_1_334' title='bbox 2279 1185 2572 1262; x_wconf 85' lang='lat' dir='ltr'><strong>judicium</strong></span> <span class='ocrx_word' id='word_1_335' title='bbox 2631 1198 2934 1252; x_wconf 90' lang='lat' dir='ltr'><strong>vocarunt.</strong></span> <span class='ocrx_word' id='word_1_336' title='bbox 2973 1190 3165 1273; x_wconf 91' lang='lat' dir='ltr'><strong>Atque</strong></span> <span class='ocrx_word' id='word_1_337' title='bbox 3225 1178 3366 1274; x_wconf 76' lang='lat' dir='ltr'><strong>ipse</strong></span> <span class='ocrx_word' id='word_1_338' title='bbox 3405 1197 3562 1258; x_wconf 86' lang='lat' dir='ltr'><strong>velut</strong></span> 
     </span>
    </p>
   </div>
   <div class='ocr_carea' id='block_1_55' title="bbox 1923 1278 3566 1361">
    <p class='ocr_par' dir='ltr' id='par_1_55' title="bbox 1923 1278 3566 1361">
     <span class='ocr_line' id='line_1_55' title="bbox 1923 1278 3566 1361; baseline 0.012 -32"><span class='ocrx_word' id='word_1_339' title='bbox 1923 1286 2140 1347; x_wconf 89' lang='lat' dir='ltr'><strong>pueros</strong></span> <span class='ocrx_word' id='word_1_340' title='bbox 2171 1292 2564 1355; x_wconf 90' lang='lat' dir='ltr'><strong>corrumpens</strong></span> <span class='ocrx_word' id='word_1_341' title='bbox 2594 1278 2666 1338; x_wconf 91' lang='lat' dir='ltr'><strong>ad</strong></span> <span class='ocrx_word' id='word_1_342' title='bbox 2699 1279 2908 1341; x_wconf 89' lang='lat' dir='ltr'><strong>cicuta</strong></span> <span class='ocrx_word' id='word_1_343' title='bbox 2943 1282 3221 1361; x_wconf 86' lang='lat' dir='ltr'><strong>poculum</strong></span> <span class='ocrx_word' id='word_1_344' title='bbox 3256 1284 3566 1348; x_wconf 85' lang='lat' dir='ltr'><strong>damnatus</strong></span> 
     </span>
    </p>
   </div>
   <div class='ocr_carea' id='block_1_56' title="bbox 1921 1364 2942 1443">
    <p class='ocr_par' dir='ltr' id='par_1_56' title="bbox 1921 1364 2942 1443">
     <span class='ocr_line' id='line_1_56' title="bbox 1921 1364 2942 1443; baseline 0.014 -25"><span class='ocrx_word' id='word_1_345' title='bbox 1921 1367 2029 1442; x_wconf 84' lang='lat' dir='ltr'><strong>est,</strong></span> <span class='ocrx_word' id='word_1_346' title='bbox 2066 1381 2182 1443; x_wconf 92' lang='lat' dir='ltr'><strong>quo</strong></span> <span class='ocrx_word' id='word_1_347' title='bbox 2214 1364 2431 1428; x_wconf 87' lang='lat' dir='ltr'><strong>hausto</strong></span> <span class='ocrx_word' id='word_1_348' title='bbox 2464 1385 2496 1428; x_wconf 90' lang='lat' dir='ltr'><strong>e</strong></span> <span class='ocrx_word' id='word_1_349' title='bbox 2529 1367 2641 1428; x_wconf 88' lang='lat' dir='ltr'><strong>vita</strong></span> <span class='ocrx_word' id='word_1_350' title='bbox 2671 1371 2942 1432; x_wconf 82' lang='lat' dir='ltr'><strong>excessit.</strong></span> 
     </span>
    </p>
   </div>
   <div class='ocr_carea' id='block_1_57' title="bbox 2341 1457 3141 1539">
    <p class='ocr_par' dir='ltr' id='par_1_57' title="bbox 2341 1457 3141 1539">
     <span class='ocr_line' id='line_1_57' title="bbox 2341 1457 3141 1539; baseline 0.01 -24"><span class='ocrx_word' id='word_1_351' title='bbox 2341 1458 2441 1519; x_wconf 88' lang='grc'><strong>14.</strong></span> <span class='ocrx_word' id='word_1_352' title='bbox 2475 1459 2567 1520; x_wconf 82' lang='lat' dir='ltr'><strong>De</strong></span> <span class='ocrx_word' id='word_1_353' title='bbox 2615 1457 2885 1539; x_wconf 76' lang='lat' dir='ltr'><strong>Epicteti</strong></span> <span class='ocrx_word' id='word_1_354' title='bbox 2936 1478 3141 1524; x_wconf 82' lang='lat' dir='ltr'><strong>crure.</strong></span> 
     </span>
    </p>
   </div>
   <div class='ocr_carea' id='block_1_58' title="bbox 2002 1553 3572 1640">
    <p class='ocr_par' dir='ltr' id='par_1_58' title="bbox 2002 1553 3572 1640">
     <span class='ocr_line' id='line_1_58' title="bbox 2002 1553 3572 1640; baseline 0.011 -25"><span class='ocrx_word' id='word_1_355' title='bbox 2002 1553 2304 1635; x_wconf 88' lang='lat' dir='ltr'><strong>Epictetus</strong></span> <span class='ocrx_word' id='word_1_356' title='bbox 2336 1558 2725 1640; x_wconf 81' lang='lat' dir='ltr'><strong>philosophus</strong></span> <span class='ocrx_word' id='word_1_357' title='bbox 2771 1570 2918 1625; x_wconf 91' lang='lat' dir='ltr'><strong>erat.</strong></span> <span class='ocrx_word' id='word_1_358' title='bbox 2971 1563 3120 1627; x_wconf 89' lang='lat' dir='ltr'><strong>Huic</strong></span> <span class='ocrx_word' id='word_1_359' title='bbox 3166 1583 3199 1626; x_wconf 88' lang='lat' dir='ltr'><strong>a</strong></span> <span class='ocrx_word' id='word_1_360' title='bbox 3249 1570 3572 1634; x_wconf 86' lang='lat' dir='ltr'><strong>Macedone</strong></span> 
     </span>
    </p>
   </div>
   <div class='ocr_carea' id='block_1_59' title="bbox 1920 1649 3568 1723">
    <p class='ocr_par' dir='ltr' id='par_1_59' title="bbox 1920 1649 3568 1723">
     <span class='ocr_line' id='line_1_59' title="bbox 1920 1649 3568 1723; baseline 0.01 -20"><span class='ocrx_word' id='word_1_361' title='bbox 1920 1649 2169 1723; x_wconf 80' lang='lat' dir='ltr'><strong>tyranno</strong></span> <span class='ocrx_word' id='word_1_362' title='bbox 2195 1667 2333 1710; x_wconf 84' lang='lat' dir='ltr'><strong>crus</strong></span> <span class='ocrx_word' id='word_1_363' title='bbox 2362 1649 2612 1711; x_wconf 84' lang='lat' dir='ltr'><strong>vinculis</strong></span> <span class='ocrx_word' id='word_1_364' title='bbox 2643 1651 2950 1713; x_wconf 88' lang='lat' dir='ltr'><strong>astrictum</strong></span> <span class='ocrx_word' id='word_1_365' title='bbox 2986 1661 3096 1714; x_wconf 89' lang='lat' dir='ltr'><strong>est.</strong></span> <span class='ocrx_word' id='word_1_366' title='bbox 3134 1656 3348 1719; x_wconf 84' lang='lat' dir='ltr'><strong>Postea</strong></span> <span class='ocrx_word' id='word_1_367' title='bbox 3370 1666 3568 1721; x_wconf 83' lang='lat' dir='ltr'><strong>autem</strong></span> 
     </span>
    </p>
   </div>
   <div class='ocr_carea' id='block_1_60' title="bbox 1919 1739 3576 1828">
    <p class='ocr_par' dir='ltr' id='par_1_60' title="bbox 1919 1739 3576 1828">
     <span class='ocr_line' id='line_1_60' title="bbox 1919 1739 3576 1828; baseline 0.011 -35"><span class='ocrx_word' id='word_1_368' title='bbox 1919 1752 2052 1794; x_wconf 91' lang='lat' dir='ltr'><strong>cum</strong></span> <span class='ocrx_word' id='word_1_369' title='bbox 2088 1755 2222 1798; x_wconf 91' lang='lat' dir='ltr'><strong>eum</strong></span> <span class='ocrx_word' id='word_1_370' title='bbox 2248 1739 2479 1801; x_wconf 85' lang='lat' dir='ltr'><strong>solvere</strong></span> <span class='ocrx_word' id='word_1_371' title='bbox 2505 1749 2787 1821; x_wconf 82' lang='lat' dir='ltr'><strong>tyrannus</strong></span> <span class='ocrx_word' id='word_1_372' title='bbox 2813 1742 3017 1824; x_wconf 87' lang='lat' dir='ltr'><strong>vellet,</strong></span> <span class='ocrx_word' id='word_1_373' title='bbox 3044 1763 3116 1806; x_wconf 85' lang='lat' dir='ltr'><strong>ex</strong></span> <span class='ocrx_word' id='word_1_374' title='bbox 3135 1764 3321 1826; x_wconf 88' lang='lat' dir='ltr'><strong>eoque</strong></span> <span class='ocrx_word' id='word_1_375' title='bbox 3343 1768 3576 1828; x_wconf 85' lang='lat' dir='ltr'><strong>quare-</strong></span> 
     </span>
    </p>
   </div>
   <div class='ocr_carea' id='block_1_61' title="bbox 1917 1824 3571 1919">
    <p class='ocr_par' dir='ltr' id='par_1_61' title="bbox 1917 1824 3571 1919">
     <span class='ocr_line' id='line_1_61' title="bbox 1917 1824 3571 1919; baseline 0.011 -35"><span class='ocrx_word' id='word_1_376' title='bbox 1917 1833 2009 1885; x_wconf 86' lang='lat' dir='ltr'><strong>ret</strong></span> <span class='ocrx_word' id='word_1_377' title='bbox 2036 1846 2049 1887; x_wconf 93' lang='lat'>:</span> <span class='ocrx_word' id='word_1_378' title='bbox 2083 1824 2288 1902; x_wconf 85' lang='lat' dir='ltr'><strong>Visne,</strong></span> <span class='ocrx_word' id='word_1_379' title='bbox 2315 1829 2612 1919; x_wconf 89' lang='lat' dir='ltr'><strong>Epictete,</strong></span> <span class='ocrx_word' id='word_1_380' title='bbox 2649 1840 2705 1893; x_wconf 89' lang='lat' dir='ltr'><strong>te</strong></span> <span class='ocrx_word' id='word_1_381' title='bbox 2735 1831 2955 1894; x_wconf 90' lang='lat' dir='ltr'><strong>solvam</strong></span> <span class='ocrx_word' id='word_1_382' title='bbox 2979 1832 3010 1892; x_wconf 83' lang='lat'><strong>‘?</strong></span> <span class='ocrx_word' id='word_1_383' title='bbox 3041 1824 3467 1919; x_wconf 39' lang='lat' dir='ltr'><strong>Quit—inquit,</strong></span> <span class='ocrx_word' id='word_1_384' title='bbox 3495 1858 3571 1901; x_wconf 90' lang='lat' dir='ltr'><strong>an</strong></span> 
     </span>
    </p>
   </div>
   <div class='ocr_carea' id='block_1_62' title="bbox 1918 1918 3564 2007">
    <p class='ocr_par' dir='ltr' id='par_1_62' title="bbox 1918 1918 3564 2007">
     <span class='ocr_line' id='line_1_62' title="bbox 1918 1918 3564 2007; baseline 0.01 -33"><span class='ocrx_word' id='word_1_385' title='bbox 1918 1932 2050 2007; x_wconf 78' lang='lat' dir='ltr'><strong>sum</strong></span> <span class='ocrx_word' id='word_1_386' title='bbox 2081 1919 2360 1981; x_wconf 87' lang='lat' dir='ltr'><strong>astrictus</strong></span> <span class='ocrx_word' id='word_1_387' title='bbox 2381 1925 2410 1982; x_wconf 86' lang='lat'><strong>?</strong></span> <span class='ocrx_word' id='word_1_388' title='bbox 2440 1918 2665 1993; x_wconf 89' lang='lat' dir='ltr'><strong>Quibus</strong></span> <span class='ocrx_word' id='word_1_389' title='bbox 2695 1922 2972 1984; x_wconf 85' lang='lat' dir='ltr'><strong>videlicet</strong></span> <span class='ocrx_word' id='word_1_390' title='bbox 3021 1923 3219 1986; x_wconf 81' lang='lat' dir='ltr'><strong>verbis</strong></span> <span class='ocrx_word' id='word_1_391' title='bbox 3250 1918 3362 1987; x_wconf 89' lang='lat' dir='ltr'><strong>hoc</strong></span> <span class='ocrx_word' id='word_1_392' title='bbox 3386 1927 3564 2007; x_wconf 88' lang='lat' dir='ltr'><strong>signi-</strong></span> 
     </span>
    </p>
   </div>
   <div class='ocr_carea' id='block_1_63' title="bbox 1921 2005 3564 2095">
    <p class='ocr_par' dir='ltr' id='par_1_63' title="bbox 1921 2005 3564 2095">
     <span class='ocr_line' id='line_1_63' title="bbox 1921 2005 3564 2095; baseline 0.009 -29"><span class='ocrx_word' id='word_1_393' title='bbox 1921 2005 2152 2095; x_wconf 66' lang='lat' dir='ltr'><strong>ficabat,</strong></span> <span class='ocrx_word' id='word_1_394' title='bbox 2186 2011 2444 2072; x_wconf 90' lang='lat' dir='ltr'><strong>animam</strong></span> <span class='ocrx_word' id='word_1_395' title='bbox 2469 2029 2636 2074; x_wconf 89' lang='lat' dir='ltr'><strong>suam</strong></span> <span class='ocrx_word' id='word_1_396' title='bbox 2665 2031 3036 2095; x_wconf 88' lang='lat' dir='ltr'><strong>nequaquam</strong></span> <span class='ocrx_word' id='word_1_397' title='bbox 3069 2016 3320 2077; x_wconf 86' lang='lat' dir='ltr'><strong>vinctam</strong></span> <span class='ocrx_word' id='word_1_398' title='bbox 3355 2005 3564 2081; x_wconf 78' lang='lat' dir='ltr'><strong>fuisse.</strong></span> 
     </span>
    </p>
   </div>
   <div class='ocr_carea' id='block_1_64' title="bbox 1918 2093 3565 2186">
    <p class='ocr_par' dir='ltr' id='par_1_64' title="bbox 1918 2093 3565 2186">
     <span class='ocr_line' id='line_1_64' title="bbox 1918 2093 3565 2186; baseline 0.01 -30"><span class='ocrx_word' id='word_1_399' title='bbox 1918 2093 2122 2178; x_wconf 88' lang='lat' dir='ltr'><strong>Itaque</strong></span> <span class='ocrx_word' id='word_1_400' title='bbox 2148 2117 2266 2161; x_wconf 90' lang='lat' dir='ltr'><strong>non</strong></span> <span class='ocrx_word' id='word_1_401' title='bbox 2298 2118 2514 2182; x_wconf 87' lang='lat' dir='ltr'><strong>corpus</strong></span> <span class='ocrx_word' id='word_1_402' title='bbox 2554 2102 2733 2164; x_wconf 91' lang='lat' dir='ltr'><strong>homo</strong></span> <span class='ocrx_word' id='word_1_403' title='bbox 2765 2093 2900 2165; x_wconf 80' lang='lat' dir='ltr'><strong>esse</strong></span> <span class='ocrx_word' id='word_1_404' title='bbox 2947 2103 3184 2186; x_wconf 89' lang='lat' dir='ltr'><strong>dicitur,</strong></span> <span class='ocrx_word' id='word_1_405' title='bbox 3210 2105 3313 2169; x_wconf 90' lang='lat' dir='ltr'><strong>sed</strong></span> <span class='ocrx_word' id='word_1_406' title='bbox 3344 2107 3565 2172; x_wconf 84' lang='lat' dir='ltr'><strong>anima.</strong></span> 
     </span>
    </p>
   </div>
   <div class='ocr_carea' id='block_1_65' title="bbox 2421 2193 3068 2256">
    <p class='ocr_par' dir='ltr' id='par_1_65' title="bbox 2421 2193 3068 2256">
     <span class='ocr_line' id='line_1_65' title="bbox 2421 2193 3068 2256; baseline -0.002 -1"><span class='ocrx_word' id='word_1_407' title='bbox 2421 2194 2516 2255; x_wconf 85' lang='grc'>15.</span> <span class='ocrx_word' id='word_1_408' title='bbox 2550 2193 2636 2255; x_wconf 84' lang='lat' dir='ltr'><strong>De</strong></span> <span class='ocrx_word' id='word_1_409' title='bbox 2670 2194 3068 2256; x_wconf 76' lang='lat' dir='ltr'><strong>Anaxarcho.</strong></span> 
     </span>
    </p>
   </div>
   <div class='ocr_carea' id='block_1_66' title="bbox 1998 2292 3567 2380">
    <p class='ocr_par' dir='ltr' id='par_1_66' title="bbox 1998 2292 3567 2380">
     <span class='ocr_line' id='line_1_66' title="bbox 1998 2292 3567 2380; baseline 0.01 -29"><span class='ocrx_word' id='word_1_410' title='bbox 1998 2292 2389 2356; x_wconf 83' lang='lat' dir='ltr'><strong>Anaxarchus</strong></span> <span class='ocrx_word' id='word_1_411' title='bbox 2438 2296 2875 2378; x_wconf 88' lang='lat' dir='ltr'><strong>philosophiam</strong></span> <span class='ocrx_word' id='word_1_412' title='bbox 2909 2299 3322 2380; x_wconf 84' lang='lat' dir='ltr'><strong>proﬁtebatur.</strong></span> <span class='ocrx_word' id='word_1_413' title='bbox 3355 2301 3464 2365; x_wconf 87' lang='lat' dir='ltr'><strong>Hic</strong></span> <span class='ocrx_word' id='word_1_414' title='bbox 3492 2302 3567 2366; x_wconf 91' lang='lat' dir='ltr'><strong>ab</strong></span> 
     </span>
    </p>
   </div>
   <div class='ocr_carea' id='block_1_67' title="bbox 1914 2381 3566 2468">
    <p class='ocr_par' dir='ltr' id='par_1_67' title="bbox 1914 2381 3566 2468">
     <span class='ocr_line' id='line_1_67' title="bbox 1914 2381 3566 2468; baseline 0.008 -27"><span class='ocrx_word' id='word_1_415' title='bbox 1914 2381 2206 2445; x_wconf 82' lang='lat' dir='ltr'><strong>Archelao</strong></span> <span class='ocrx_word' id='word_1_416' title='bbox 2240 2392 2483 2465; x_wconf 80' lang='lat' dir='ltr'><strong>tyranno</strong></span> <span class='ocrx_word' id='word_1_417' title='bbox 2539 2397 2853 2468; x_wconf 86' lang='lat' dir='ltr'><strong>correptus</strong></span> <span class='ocrx_word' id='word_1_418' title='bbox 2906 2396 3086 2466; x_wconf 92' lang='lat' dir='ltr'><strong>atque</strong></span> <span class='ocrx_word' id='word_1_419' title='bbox 3116 2391 3176 2452; x_wconf 89' lang='lat' dir='ltr'><strong>in</strong></span> <span class='ocrx_word' id='word_1_420' title='bbox 3219 2396 3566 2455; x_wconf 90' lang='lat' dir='ltr'><strong>mortarium</strong></span> 
     </span>
    </p>
   </div>
   <div class='ocr_carea' id='block_1_68' title="bbox 1915 2473 3568 2553">
    <p class='ocr_par' dir='ltr' id='par_1_68' title="bbox 1915 2473 3568 2553">
     <span class='ocr_line' id='line_1_68' title="bbox 1915 2473 3568 2553; baseline 0.009 -23"><span class='ocrx_word' id='word_1_421' title='bbox 1915 2473 2222 2552; x_wconf 85' lang='lat' dir='ltr'><strong>conjectus</strong></span> <span class='ocrx_word' id='word_1_422' title='bbox 2249 2473 2440 2553; x_wconf 84' lang='lat' dir='ltr'><strong>lignea</strong></span> <span class='ocrx_word' id='word_1_423' title='bbox 2470 2475 2618 2537; x_wconf 91' lang='lat' dir='ltr'><strong>sude</strong></span> <span class='ocrx_word' id='word_1_424' title='bbox 2646 2477 3029 2539; x_wconf 89' lang='lat' dir='ltr'><strong>tundebatur.</strong></span> <span class='ocrx_word' id='word_1_425' title='bbox 3065 2482 3376 2540; x_wconf 79' lang='grc' dir='ltr'>Πτίσσεσθαι</span> <span class='ocrx_word' id='word_1_426' title='bbox 3408 2483 3568 2544; x_wconf 86' lang='lat' dir='ltr'><strong>enim</strong></span> 
     </span>
    </p>
   </div>
   <div class='ocr_carea' id='block_1_69' title="bbox 1918 2562 3569 2651">
    <p class='ocr_par' dir='ltr' id='par_1_69' title="bbox 1918 2562 3569 2651">
     <span class='ocr_line' id='line_1_69' title="bbox 1918 2562 3569 2651; baseline 0.008 -30"><span class='ocrx_word' id='word_1_427' title='bbox 1918 2570 2005 2622; x_wconf 90' lang='lat' dir='ltr'><strong>est</strong></span> <span class='ocrx_word' id='word_1_428' title='bbox 2042 2562 2323 2640; x_wconf 82' lang='lat' dir='ltr'><strong>ptissana</strong></span> <span class='ocrx_word' id='word_1_429' title='bbox 2353 2565 2543 2626; x_wconf 81' lang='lat' dir='ltr'><strong>instar</strong></span> <span class='ocrx_word' id='word_1_430' title='bbox 2575 2567 2772 2644; x_wconf 87' lang='lat' dir='ltr'><strong>atteri,</strong></span> <span class='ocrx_word' id='word_1_431' title='bbox 2808 2567 2972 2630; x_wconf 89' lang='lat' dir='ltr'><strong>unde</strong></span> <span class='ocrx_word' id='word_1_432' title='bbox 3015 2577 3072 2630; x_wconf 89' lang='lat' dir='ltr'><strong>et</strong></span> <span class='ocrx_word' id='word_1_433' title='bbox 3103 2570 3366 2651; x_wconf 86' lang='lat' dir='ltr'><strong>ptissana</strong></span> <span class='ocrx_word' id='word_1_434' title='bbox 3414 2573 3569 2634; x_wconf 91' lang='lat' dir='ltr'><strong>dicta</strong></span> 
     </span>
    </p>
   </div>
   <div class='ocr_carea' id='block_1_70' title="bbox 1916 2655 3570 2741">
    <p class='ocr_par' dir='ltr' id='par_1_70' title="bbox 1916 2655 3570 2741">
     <span class='ocr_line' id='line_1_70' title="bbox 1916 2655 3570 2741; baseline 0.007 -31"><span class='ocrx_word' id='word_1_435' title='bbox 1916 2660 2027 2714; x_wconf 86' lang='lat' dir='ltr'><strong>est.</strong></span> <span class='ocrx_word' id='word_1_436' title='bbox 2053 2655 2198 2715; x_wconf 87' lang='lat' dir='ltr'><strong>Cum</strong></span> <span class='ocrx_word' id='word_1_437' title='bbox 2233 2673 2372 2735; x_wconf 89' lang='lat' dir='ltr'><strong>ergo</strong></span> <span class='ocrx_word' id='word_1_438' title='bbox 2397 2655 2770 2732; x_wconf 90' lang='lat' dir='ltr'><strong>tunderetur,</strong></span> <span class='ocrx_word' id='word_1_439' title='bbox 2799 2655 3033 2732; x_wconf 90' lang='lat' dir='ltr'><strong>Tunde,</strong></span> <span class='ocrx_word' id='word_1_440' title='bbox 3063 2658 3274 2741; x_wconf 88' lang='lat' dir='ltr'><strong>inquit,</strong></span> <span class='ocrx_word' id='word_1_441' title='bbox 3303 2661 3570 2724; x_wconf 83' lang='lat' dir='ltr'><strong>Anaxar-</strong></span> 
     </span>
    </p>
   </div>
   <div class='ocr_carea' id='block_1_71' title="bbox 1915 2741 3566 2827">
    <p class='ocr_par' dir='ltr' id='par_1_71' title="bbox 1915 2741 3566 2827">
     <span class='ocr_line' id='line_1_71' title="bbox 1915 2741 3566 2827; baseline 0.007 -26"><span class='ocrx_word' id='word_1_442' title='bbox 1915 2741 2011 2802; x_wconf 90' lang='lat' dir='ltr'><strong>chi</strong></span> <span class='ocrx_word' id='word_1_443' title='bbox 2043 2752 2233 2804; x_wconf 89' lang='lat' dir='ltr'><strong>utrem</strong></span> <span class='ocrx_word' id='word_1_444' title='bbox 2262 2766 2276 2820; x_wconf 87' lang='lat'><strong>;</strong></span> <span class='ocrx_word' id='word_1_445' title='bbox 2312 2764 2505 2827; x_wconf 91' lang='lat' dir='ltr'><strong>neque</strong></span> <span class='ocrx_word' id='word_1_446' title='bbox 2540 2746 2700 2807; x_wconf 91' lang='lat' dir='ltr'><strong>enim</strong></span> <span class='ocrx_word' id='word_1_447' title='bbox 2733 2746 3150 2810; x_wconf 82' lang='lat' dir='ltr'><strong>Anaxarchum</strong></span> <span class='ocrx_word' id='word_1_448' title='bbox 3205 2752 3422 2814; x_wconf 92' lang='lat' dir='ltr'><strong>tundis.</strong></span> <span class='ocrx_word' id='word_1_449' title='bbox 3459 2749 3566 2812; x_wconf 88' lang='lat' dir='ltr'><strong>His</strong></span> 
     </span>
    </p>
   </div>
   <div class='ocr_carea' id='block_1_72' title="bbox 1914 2830 3563 2919">
    <p class='ocr_par' dir='ltr' id='par_1_72' title="bbox 1914 2830 3563 2919">
     <span class='ocr_line' id='line_1_72' title="bbox 1914 2830 3563 2919; baseline 0.008 -29"><span class='ocrx_word' id='word_1_450' title='bbox 1914 2830 2200 2919; x_wconf 86' lang='lat' dir='ltr'><strong>nimirum</strong></span> <span class='ocrx_word' id='word_1_451' title='bbox 2231 2834 2451 2908; x_wconf 87' lang='lat' dir='ltr'><strong>verbis,</strong></span> <span class='ocrx_word' id='word_1_452' title='bbox 2489 2844 2552 2898; x_wconf 93' lang='lat' dir='ltr'><strong>ut</strong></span> <span class='ocrx_word' id='word_1_453' title='bbox 2595 2837 3007 2918; x_wconf 86' lang='lat' dir='ltr'><strong>philosophus,</strong></span> <span class='ocrx_word' id='word_1_454' title='bbox 3043 2839 3380 2919; x_wconf 83' lang='lat' dir='ltr'><strong>signiﬁcans</strong></span> <span class='ocrx_word' id='word_1_455' title='bbox 3423 2838 3563 2904; x_wconf 86' lang='lat' dir='ltr'><strong>nul-</strong></span> 
     </span>
    </p>
   </div>
   <div class='ocr_carea' id='block_1_73' title="bbox 1912 2918 3078 3005">
    <p class='ocr_par' dir='ltr' id='par_1_73' title="bbox 1912 2918 3078 3005">
     <span class='ocr_line' id='line_1_73' title="bbox 1912 2918 3078 3005; baseline 0.009 -25"><span class='ocrx_word' id='word_1_456' title='bbox 1912 2918 2027 2982; x_wconf 91' lang='lat' dir='ltr'><strong>lam</strong></span> <span class='ocrx_word' id='word_1_457' title='bbox 2062 2924 2333 3005; x_wconf 90' lang='lat' dir='ltr'><strong>corporis</strong></span> <span class='ocrx_word' id='word_1_458' title='bbox 2359 2927 2650 2988; x_wconf 88' lang='lat' dir='ltr'><strong>rationem</strong></span> <span class='ocrx_word' id='word_1_459' title='bbox 2687 2951 2720 2988; x_wconf 83' lang='lat' dir='ltr'><strong>a</strong></span> <span class='ocrx_word' id='word_1_460' title='bbox 2751 2945 2815 2988; x_wconf 89' lang='lat' dir='ltr'><strong>se</strong></span> <span class='ocrx_word' id='word_1_461' title='bbox 2849 2927 3078 2990; x_wconf 90' lang='lat' dir='ltr'><strong>haberi.</strong></span> 
     </span>
    </p>
   </div>
   <div class='ocr_carea' id='block_1_74' title="bbox 2325 3029 3151 3094">
    <p class='ocr_par' dir='ltr' id='par_1_74' title="bbox 2325 3029 3151 3094">
     <span class='ocr_line' id='line_1_74' title="bbox 2325 3029 3151 3094; baseline 0 -2"><span class='ocrx_word' id='word_1_462' title='bbox 2325 3029 2417 3093; x_wconf 85' lang='lat'><strong>16.</strong></span> <span class='ocrx_word' id='word_1_463' title='bbox 2456 3031 2536 3091; x_wconf 84' lang='lat' dir='ltr'><strong>De</strong></span> <span class='ocrx_word' id='word_1_464' title='bbox 2570 3029 2732 3092; x_wconf 84' lang='lat' dir='ltr'><strong>saltu</strong></span> <span class='ocrx_word' id='word_1_465' title='bbox 2763 3029 3151 3094; x_wconf 80' lang='lat' dir='ltr'><strong>Cleombroti.</strong></span> 
     </span>
    </p>
   </div>
   <div class='ocr_carea' id='block_1_75' title="bbox 1993 3129 3565 3218">
    <p class='ocr_par' dir='ltr' id='par_1_75' title="bbox 1993 3129 3565 3218">
     <span class='ocr_line' id='line_1_75' title="bbox 1993 3129 3565 3218; baseline 0.005 -25"><span class='ocrx_word' id='word_1_466' title='bbox 1993 3129 2412 3194; x_wconf 83' lang='lat' dir='ltr'><strong>Cleombrotus</strong></span> <span class='ocrx_word' id='word_1_467' title='bbox 2433 3131 2876 3214; x_wconf 88' lang='lat' dir='ltr'><strong>Ambraciotes,</strong></span> <span class='ocrx_word' id='word_1_468' title='bbox 2903 3152 3035 3214; x_wconf 92' lang='lat' dir='ltr'><strong>qua</strong></span> <span class='ocrx_word' id='word_1_469' title='bbox 3062 3136 3280 3197; x_wconf 88' lang='lat' dir='ltr'><strong>veteris</strong></span> <span class='ocrx_word' id='word_1_470' title='bbox 3303 3135 3466 3218; x_wconf 90' lang='lat' dir='ltr'><strong>Epiri</strong></span> <span class='ocrx_word' id='word_1_471' title='bbox 3485 3139 3565 3200; x_wconf 82' lang='lat' dir='ltr'><strong>ci-</strong></span> 
     </span>
    </p>
   </div>
   <div class='ocr_carea' id='block_1_76' title="bbox 1910 3221 3564 3309">
    <p class='ocr_par' dir='ltr' id='par_1_76' title="bbox 1910 3221 3564 3309">
     <span class='ocr_line' id='line_1_76' title="bbox 1910 3221 3564 3309; baseline 0.005 -27"><span class='ocrx_word' id='word_1_472' title='bbox 1910 3221 2059 3282; x_wconf 87' lang='lat' dir='ltr'><strong>vitas</strong></span> <span class='ocrx_word' id='word_1_473' title='bbox 2091 3230 2202 3296; x_wconf 89' lang='lat' dir='ltr'><strong>est,</strong></span> <span class='ocrx_word' id='word_1_474' title='bbox 2232 3241 2369 3282; x_wconf 87' lang='lat' dir='ltr'><strong>cum</strong></span> <span class='ocrx_word' id='word_1_475' title='bbox 2403 3222 2464 3282; x_wconf 89' lang='lat' dir='ltr'><strong>in</strong></span> <span class='ocrx_word' id='word_1_476' title='bbox 2493 3223 2754 3284; x_wconf 89' lang='lat' dir='ltr'><strong>Platonis</strong></span> <span class='ocrx_word' id='word_1_477' title='bbox 2787 3223 3086 3302; x_wconf 82' lang='lat' dir='ltr'><strong>dialogum</strong></span> <span class='ocrx_word' id='word_1_478' title='bbox 3115 3225 3189 3286; x_wconf 89' lang='lat' dir='ltr'><strong>de</strong></span> <span class='ocrx_word' id='word_1_479' title='bbox 3219 3227 3440 3309; x_wconf 79' lang='lat' dir='ltr'><strong>anima,</strong></span> <span class='ocrx_word' id='word_1_480' title='bbox 3466 3230 3564 3291; x_wconf 89' lang='lat' dir='ltr'><strong>cui</strong></span> 
     </span>
    </p>
   </div>
   <div class='ocr_carea' id='block_1_77' title="bbox 1907 3310 3565 3397">
    <p class='ocr_par' dir='ltr' id='par_1_77' title="bbox 1907 3310 3565 3397">
     <span class='ocr_line' id='line_1_77' title="bbox 1907 3310 3565 3397; baseline 0.004 -24"><span class='ocrx_word' id='word_1_481' title='bbox 1907 3310 2128 3374; x_wconf 71' lang='lat' dir='ltr'><strong>Phaado</strong></span> <span class='ocrx_word' id='word_1_482' title='bbox 2168 3310 2373 3372; x_wconf 87' lang='lat' dir='ltr'><strong>titulus</strong></span> <span class='ocrx_word' id='word_1_483' title='bbox 2405 3319 2516 3388; x_wconf 86' lang='lat' dir='ltr'><strong>est,</strong></span> <span class='ocrx_word' id='word_1_484' title='bbox 2552 3312 2886 3390; x_wconf 89' lang='lat' dir='ltr'><strong>incidisset,</strong></span> <span class='ocrx_word' id='word_1_485' title='bbox 2922 3314 3347 3397; x_wconf 89' lang='lat' dir='ltr'><strong>didicissetque</strong></span> <span class='ocrx_word' id='word_1_486' title='bbox 3381 3318 3565 3397; x_wconf 87' lang='lat' dir='ltr'><strong>magis</strong></span> 
     </span>
    </p>
   </div>
   <div class='ocr_carea' id='block_1_78' title="bbox 1910 3401 3563 3484">
    <p class='ocr_par' dir='ltr' id='par_1_78' title="bbox 1910 3401 3563 3484">
     <span class='ocr_line' id='line_1_78' title="bbox 1910 3401 3563 3484; baseline 0.004 -21"><span class='ocrx_word' id='word_1_487' title='bbox 1910 3419 2042 3463; x_wconf 86' lang='lat' dir='ltr'><strong>esse</strong></span> <span class='ocrx_word' id='word_1_488' title='bbox 2067 3420 2101 3463; x_wconf 92' lang='lat' dir='ltr'><strong>e</strong></span> <span class='ocrx_word' id='word_1_489' title='bbox 2123 3420 2189 3464; x_wconf 89' lang='lat' dir='ltr'><strong>re</strong></span> <span class='ocrx_word' id='word_1_490' title='bbox 2209 3401 2425 3463; x_wconf 84' lang='lat' dir='ltr'><strong>anima</strong></span> <span class='ocrx_word' id='word_1_491' title='bbox 2454 3403 2720 3483; x_wconf 89' lang='lat' dir='ltr'><strong>separari</strong></span> <span class='ocrx_word' id='word_1_492' title='bbox 2744 3423 2774 3462; x_wconf 89' lang='lat' dir='ltr'><strong>a</strong></span> <span class='ocrx_word' id='word_1_493' title='bbox 2810 3420 3086 3484; x_wconf 80' lang='lat' dir='ltr'><strong>corpore,</strong></span> <span class='ocrx_word' id='word_1_494' title='bbox 3113 3423 3288 3484; x_wconf 91' lang='lat' dir='ltr'><strong>quam</strong></span> <span class='ocrx_word' id='word_1_495' title='bbox 3323 3425 3458 3467; x_wconf 92' lang='lat' dir='ltr'><strong>cum</strong></span> <span class='ocrx_word' id='word_1_496' title='bbox 3492 3427 3563 3470; x_wconf 90' lang='lat' dir='ltr'><strong>eo</strong></span> 
     </span>
    </p>
   </div>
   <div class='ocr_carea' id='block_1_79' title="bbox 1917 3491 3564 3575">
    <p class='ocr_par' dir='ltr' id='par_1_79' title="bbox 1917 3491 3564 3575">
     <span class='ocr_line' id='line_1_79' title="bbox 1917 3491 3564 3575; baseline 0.004 -22"><span class='ocrx_word' id='word_1_497' title='bbox 1917 3491 2222 3571; x_wconf 80' lang='lat' dir='ltr'><strong>conjungi,</strong></span> <span class='ocrx_word' id='word_1_498' title='bbox 2257 3510 2288 3553; x_wconf 89' lang='lat' dir='ltr'><strong>e</strong></span> <span class='ocrx_word' id='word_1_499' title='bbox 2322 3512 2490 3553; x_wconf 86' lang='lat' dir='ltr'><strong>muro</strong></span> <span class='ocrx_word' id='word_1_500' title='bbox 2520 3512 2586 3554; x_wconf 87' lang='lat' dir='ltr'><strong>se</strong></span> <span class='ocrx_word' id='word_1_501' title='bbox 2622 3493 2983 3573; x_wconf 63' lang='lat' dir='ltr'><strong>praecipitem</strong></span> <span class='ocrx_word' id='word_1_502' title='bbox 3037 3495 3227 3570; x_wconf 89' lang='lat' dir='ltr'><strong>dedit,</strong></span> <span class='ocrx_word' id='word_1_503' title='bbox 3265 3498 3564 3575; x_wconf 90' lang='lat' dir='ltr'><strong>stulteque</strong></span> 
     </span>
    </p>
   </div>
   <div class='ocr_carea' id='block_1_80' title="bbox 1909 3581 3564 3666">
    <p class='ocr_par' dir='ltr' id='par_1_80' title="bbox 1909 3581 3564 3666">
     <span class='ocr_line' id='line_1_80' title="bbox 1909 3581 3564 3666; baseline 0.004 -22"><span class='ocrx_word' id='word_1_504' title='bbox 1909 3581 2161 3654; x_wconf 89' lang='lat' dir='ltr'><strong>interiit,</strong></span> <span class='ocrx_word' id='word_1_505' title='bbox 2197 3593 2262 3644; x_wconf 91' lang='lat' dir='ltr'><strong>ut</strong></span> <span class='ocrx_word' id='word_1_506' title='bbox 2292 3584 2569 3645; x_wconf 88' lang='lat' dir='ltr'><strong>videlicet</strong></span> <span class='ocrx_word' id='word_1_507' title='bbox 2595 3584 2830 3645; x_wconf 85' lang='lat' dir='ltr'><strong>animus</strong></span> <span class='ocrx_word' id='word_1_508' title='bbox 2861 3584 3047 3666; x_wconf 91' lang='lat' dir='ltr'><strong>ipsius</strong></span> <span class='ocrx_word' id='word_1_509' title='bbox 3078 3603 3110 3645; x_wconf 89' lang='lat' dir='ltr'><strong>e</strong></span> <span class='ocrx_word' id='word_1_510' title='bbox 3141 3588 3413 3666; x_wconf 89' lang='lat' dir='ltr'><strong>corporis</strong></span> <span class='ocrx_word' id='word_1_511' title='bbox 3445 3589 3564 3650; x_wconf 86' lang='lat' dir='ltr'><strong>vin-</strong></span> 
     </span>
    </p>
   </div>
   <div class='ocr_carea' id='block_1_81' title="bbox 1911 3673 2372 3736">
    <p class='ocr_par' dir='ltr' id='par_1_81' title="bbox 1911 3673 2372 3736">
     <span class='ocr_line' id='line_1_81' title="bbox 1911 3673 2372 3736; baseline -0.009 0"><span class='ocrx_word' id='word_1_512' title='bbox 1911 3674 2060 3736; x_wconf 90' lang='lat' dir='ltr'><strong>culis</strong></span> <span class='ocrx_word' id='word_1_513' title='bbox 2091 3673 2372 3736; x_wconf 86' lang='lat' dir='ltr'><strong>evolaret.</strong></span> 
     </span>
    </p>
   </div>
   <div class='ocr_carea' id='block_1_82' title="bbox 2293 3763 3185 3845">
    <p class='ocr_par' dir='ltr' id='par_1_82' title="bbox 2293 3763 3185 3845">
     <span class='ocr_line' id='line_1_82' title="bbox 2293 3763 3185 3845; baseline 0.006 -20"><span class='ocrx_word' id='word_1_514' title='bbox 2293 3765 2389 3826; x_wconf 89' lang='grc'>17.</span> <span class='ocrx_word' id='word_1_515' title='bbox 2426 3766 2511 3828; x_wconf 83' lang='lat' dir='ltr'><strong>De</strong></span> <span class='ocrx_word' id='word_1_516' title='bbox 2537 3764 2698 3843; x_wconf 80' lang='lat' dir='ltr'><strong>labis</strong></span> <span class='ocrx_word' id='word_1_517' title='bbox 2728 3763 3185 3845; x_wconf 75' lang='lat' dir='ltr'><strong>Pythagoricis.</strong></span> 
     </span>
    </p>
   </div>
   <div class='ocr_carea' id='block_1_83' title="bbox 1994 3864 3558 3947">
    <p class='ocr_par' dir='ltr' id='par_1_83' title="bbox 1994 3864 3558 3947">
     <span class='ocr_line' id='line_1_83' title="bbox 1994 3864 3558 3947; baseline 0.001 -19"><span class='ocrx_word' id='word_1_518' title='bbox 1994 3864 2500 3947; x_wconf 86' lang='lat' dir='ltr'><strong>Pythagoreorum</strong></span> <span class='ocrx_word' id='word_1_519' title='bbox 2536 3875 2698 3928; x_wconf 87' lang='lat' dir='ltr'><strong>secta</strong></span> <span class='ocrx_word' id='word_1_520' title='bbox 2728 3884 2761 3928; x_wconf 92' lang='lat' dir='ltr'><strong>a</strong></span> <span class='ocrx_word' id='word_1_521' title='bbox 2793 3865 3116 3947; x_wconf 86' lang='lat' dir='ltr'><strong>Pythagora</strong></span> <span class='ocrx_word' id='word_1_522' title='bbox 3136 3868 3337 3930; x_wconf 90' lang='lat' dir='ltr'><strong>Samio</strong></span> <span class='ocrx_word' id='word_1_523' title='bbox 3366 3868 3558 3930; x_wconf 85' lang='lat' dir='ltr'><strong>ﬂuxit.</strong></span> 
     </span>
    </p>
   </div>
   <div class='ocr_carea' id='block_1_84' title="bbox 1907 3955 3564 4038">
    <p class='ocr_par' dir='ltr' id='par_1_84' title="bbox 1907 3955 3564 4038">
     <span class='ocr_line' id='line_1_84' title="bbox 1907 3955 3564 4038; baseline 0.002 -22"><span class='ocrx_word' id='word_1_524' title='bbox 1907 3957 2018 4029; x_wconf 85' lang='lat' dir='ltr'><strong>Qui</strong></span> <span class='ocrx_word' id='word_1_525' title='bbox 2048 3966 2248 4017; x_wconf 87' lang='lat' dir='ltr'><strong>autem</strong></span> <span class='ocrx_word' id='word_1_526' title='bbox 2282 3955 2576 4036; x_wconf 75' lang='lat' dir='ltr'><strong>ejusmodi</strong></span> <span class='ocrx_word' id='word_1_527' title='bbox 2605 3963 2786 4019; x_wconf 82' lang='lat' dir='ltr'><strong>secta</strong></span> <span class='ocrx_word' id='word_1_528' title='bbox 2817 3975 2948 4017; x_wconf 90' lang='lat' dir='ltr'><strong>sese</strong></span> <span class='ocrx_word' id='word_1_529' title='bbox 2975 3955 3344 4030; x_wconf 80' lang='lat' dir='ltr'><strong>addixerant,</strong></span> <span class='ocrx_word' id='word_1_530' title='bbox 3375 3959 3564 4038; x_wconf 89' lang='lat' dir='ltr'><strong>philo-</strong></span> 
     </span>
    </p>
   </div>
   <div class='ocr_carea' id='block_1_85' title="bbox 1906 4045 3564 4126">
    <p class='ocr_par' dir='ltr' id='par_1_85' title="bbox 1906 4045 3564 4126">
     <span class='ocr_line' id='line_1_85' title="bbox 1906 4045 3564 4126; baseline 0.001 -18"><span class='ocrx_word' id='word_1_531' title='bbox 1906 4046 2134 4126; x_wconf 89' lang='lat' dir='ltr'><strong>sophia</strong></span> <span class='ocrx_word' id='word_1_532' title='bbox 2156 4048 2429 4124; x_wconf 87' lang='lat' dir='ltr'><strong>dogmata</strong></span> <span class='ocrx_word' id='word_1_533' title='bbox 2455 4066 2561 4126; x_wconf 88' lang='lat' dir='ltr'><strong>per</strong></span> <span class='ocrx_word' id='word_1_534' title='bbox 2584 4045 2854 4126; x_wconf 86' lang='lat' dir='ltr'><strong>symbola</strong></span> <span class='ocrx_word' id='word_1_535' title='bbox 2872 4045 3140 4125; x_wconf 85' lang='lat' dir='ltr'><strong>quadam</strong></span> <span class='ocrx_word' id='word_1_536' title='bbox 3167 4058 3227 4108; x_wconf 91' lang='lat' dir='ltr'><strong>et</strong></span> <span class='ocrx_word' id='word_1_537' title='bbox 3253 4047 3564 4126; x_wconf 83' lang='lat' dir='ltr'><strong>anigmata</strong></span> 
     </span>
    </p>
   </div>
   <div class='ocr_carea' id='block_1_86' title="bbox 1905 4135 3559 4217">
    <p class='ocr_par' dir='ltr' id='par_1_86' title="bbox 1905 4135 3559 4217">
     <span class='ocr_line' id='line_1_86' title="bbox 1905 4135 3559 4217; baseline 0.003 -21"><span class='ocrx_word' id='word_1_538' title='bbox 1905 4135 2240 4198; x_wconf 88' lang='lat' dir='ltr'><strong>discebant.</strong></span> <span class='ocrx_word' id='word_1_539' title='bbox 2286 4138 2446 4198; x_wconf 88' lang='lat' dir='ltr'><strong>Inter</strong></span> <span class='ocrx_word' id='word_1_540' title='bbox 2473 4136 2589 4198; x_wconf 89' lang='lat' dir='ltr'><strong>alia</strong></span> <span class='ocrx_word' id='word_1_541' title='bbox 2620 4142 2817 4197; x_wconf 89' lang='lat' dir='ltr'><strong>autem</strong></span> <span class='ocrx_word' id='word_1_542' title='bbox 2865 4135 2977 4196; x_wconf 90' lang='lat' dir='ltr'><strong>hoc</strong></span> <span class='ocrx_word' id='word_1_543' title='bbox 3025 4155 3263 4217; x_wconf 90' lang='lat' dir='ltr'><strong>quoque</strong></span> <span class='ocrx_word' id='word_1_544' title='bbox 3308 4141 3559 4217; x_wconf 74' lang='lat' dir='ltr'><strong>aenigma</strong></span> 
     </span>
    </p>
   </div>
   <div class='ocr_carea' id='block_1_87' title="bbox 1903 4223 3558 4309">
    <p class='ocr_par' dir='ltr' id='par_1_87' title="bbox 1903 4223 3558 4309">
     <span class='ocr_line' id='line_1_87' title="bbox 1903 4223 3558 4309; baseline 0.003 -23"><span class='ocrx_word' id='word_1_545' title='bbox 1903 4225 2054 4305; x_wconf 89' lang='lat' dir='ltr'><strong>ipsis</strong></span> <span class='ocrx_word' id='word_1_546' title='bbox 2086 4226 2451 4302; x_wconf 89' lang='lat' dir='ltr'><strong>tradebatur,</strong></span> <span class='ocrx_word' id='word_1_547' title='bbox 2483 4226 2648 4287; x_wconf 86' lang='lat' dir='ltr'><strong>fabas</strong></span> <span class='ocrx_word' id='word_1_548' title='bbox 2683 4223 2930 4286; x_wconf 86' lang='lat' dir='ltr'><strong>minime</strong></span> <span class='ocrx_word' id='word_1_549' title='bbox 2959 4226 3222 4287; x_wconf 88' lang='lat' dir='ltr'><strong>edendas</strong></span> <span class='ocrx_word' id='word_1_550' title='bbox 3252 4245 3409 4309; x_wconf 91' lang='lat' dir='ltr'><strong>esse,</strong></span> <span class='ocrx_word' id='word_1_551' title='bbox 3446 4230 3558 4291; x_wconf 90' lang='lat' dir='ltr'><strong>hoc</strong></span> 
     </span>
    </p>
   </div>
   <div class='ocr_carea' id='block_1_88' title="bbox 1904 4313 3554 4394">
    <p class='ocr_par' dir='ltr' id='par_1_88' title="bbox 1904 4313 3554 4394">
     <span class='ocr_line' id='line_1_88' title="bbox 1904 4313 3554 4394; baseline 0.003 -19"><span class='ocrx_word' id='word_1_552' title='bbox 1904 4323 2017 4390; x_wconf 90' lang='lat' dir='ltr'><strong>est,</strong></span> <span class='ocrx_word' id='word_1_553' title='bbox 2045 4335 2162 4377; x_wconf 92' lang='lat' dir='ltr'><strong>non</strong></span> <span class='ocrx_word' id='word_1_554' title='bbox 2184 4334 2316 4378; x_wconf 89' lang='lat' dir='ltr'><strong>esse</strong></span> <span class='ocrx_word' id='word_1_555' title='bbox 2345 4315 2714 4394; x_wconf 88' lang='lat' dir='ltr'><strong>prodendum</strong></span> <span class='ocrx_word' id='word_1_556' title='bbox 2732 4313 3353 4394; x_wconf 84' lang='lat' dir='ltr'><strong>jus,necjudiciorum</strong></span> <span class='ocrx_word' id='word_1_557' title='bbox 3377 4318 3554 4380; x_wconf 83' lang='lat' dir='ltr'><strong>ﬁdem</strong></span> 
     </span>
    </p>
   </div>
   <div class='ocr_carea' id='block_1_89' title="bbox 1912 4401 3559 4484">
    <p class='ocr_par' dir='ltr' id='par_1_89' title="bbox 1912 4401 3559 4484">
     <span class='ocr_line' id='line_1_89' title="bbox 1912 4401 3559 4484; baseline 0.002 -18"><span class='ocrx_word' id='word_1_558' title='bbox 1912 4405 2162 4484; x_wconf 89' lang='lat' dir='ltr'><strong>pecunia</strong></span> <span class='ocrx_word' id='word_1_559' title='bbox 2193 4406 2700 4468; x_wconf 88' lang='lat' dir='ltr'><strong>commutandam.</strong></span> <span class='ocrx_word' id='word_1_560' title='bbox 2748 4403 2900 4467; x_wconf 88' lang='lat' dir='ltr'><strong>Olim</strong></span> <span class='ocrx_word' id='word_1_561' title='bbox 2933 4401 3113 4466; x_wconf 74' lang='lat' dir='ltr'><strong>“enim</strong></span> <span class='ocrx_word' id='word_1_562' title='bbox 3161 4407 3559 4470; x_wconf 84' lang='lat' dir='ltr'><strong>Athenienses</strong></span> 
     </span>
    </p>
   </div>
   <div class='ocr_carea' id='block_1_90' title="bbox 154 4474 1826 4591">
    <p class='ocr_par' dir='ltr' id='par_1_90' title="bbox 154 4474 1824 4591">
     <span class='ocr_line' id='line_1_90' title="bbox 154 4474 1824 4560; baseline 0.001 -30"><span class='ocrx_word' id='word_1_563' title='bbox 154 4474 490 4552; x_wconf 86' lang='grc' dir='ltr'>καστηρίοις.</span> <span class='ocrx_word' id='word_1_564' title='bbox 548 4479 720 4544; x_wconf 80' lang='grc' dir='ltr'>Φησὶν</span> <span class='ocrx_word' id='word_1_565' title='bbox 779 4479 892 4560; x_wconf 82' lang='grc' dir='ltr'>οὗν,</span> <span class='ocrx_word' id='word_1_566' title='bbox 952 4479 1013 4536; x_wconf 69' lang='grc' dir='ltr'>ἐκ</span> <span class='ocrx_word' id='word_1_567' title='bbox 1065 4485 1171 4536; x_wconf 78' lang='grc' dir='ltr'>τὼν</span> <span class='ocrx_word' id='word_1_568' title='bbox 1215 4482 1438 4557; x_wconf 65' lang='grc' dir='ltr'>κυάμων</span> <span class='ocrx_word' id='word_1_569' title='bbox 1480 4485 1586 4537; x_wconf 84' lang='grc' dir='ltr'><strong>τῶν</strong></span> <span class='ocrx_word' id='word_1_570' title='bbox 1627 4481 1689 4536; x_wconf 59' lang='lat' dir='ltr'><strong>ix</strong></span> <span class='ocrx_word' id='word_1_571' title='bbox 1731 4483 1824 4533; x_wconf 81' lang='grc' dir='ltr'>τοῦ</span> 
     </span>
     <span class='ocr_line' id='line_1_91' title="bbox 155 4561 990 4591; baseline 0 0"><span class='ocrx_word' id='word_1_572' title='bbox 155 4561 499 4591; x_wconf 64' lang='grc' dir='ltr'><strong>ἒ-----..,.-1-.-</strong></span> <span class='ocrx_word' id='word_1_573' title='bbox 568 4567 632 4591; x_wconf 83' lang='lat'><strong>__\</strong></span> <span class='ocrx_word' id='word_1_574' title='bbox 693 4566 774 4591; x_wconf 66' lang='grc' dir='ltr'>τι-..</span> <span class='ocrx_word' id='word_1_575' title='bbox 865 4569 990 4591; x_wconf 23' lang='grc' dir='ltr'>’.συί</span> 
     </span>
    </p>
   </div>
   <div class='ocr_carea' id='block_1_91' title="bbox 1928 4474 3557 4591">
    <p class='ocr_par' dir='ltr' id='par_1_91' title="bbox 1935 4495 3557 4591">
     <span class='ocr_line' id='line_1_92' title="bbox 1935 4495 3557 4591; baseline 0.001 -34"><span class='ocrx_word' id='word_1_576' title='bbox 1935 4497 2141 4560; x_wconf 83' lang='lat' dir='ltr'><strong>udices</strong></span> <span class='ocrx_word' id='word_1_577' title='bbox 2163 4497 2234 4558; x_wconf 93' lang='lat' dir='ltr'><strong>ad</strong></span> <span class='ocrx_word' id='word_1_578' title='bbox 2261 4495 2632 4576; x_wconf 86' lang='lat' dir='ltr'><strong>proditorum</strong></span> <span class='ocrx_word' id='word_1_579' title='bbox 2665 4495 3225 4557; x_wconf 87' lang='lat' dir='ltr'><strong>condemnationem</strong></span> <span class='ocrx_word' id='word_1_580' title='bbox 3257 4495 3410 4591; x_wconf 65' lang='lat' dir='ltr'><strong>fabis</strong></span> <span class='ocrx_word' id='word_1_581' title='bbox 3430 4496 3557 4559; x_wconf 90' lang='lat' dir='ltr'><strong>cal-</strong></span> 
     </span>
    </p>
   </div>
   <div class='ocr_carea' id='block_1_92' title="bbox 153 4561 1077 4646">
    <p class='ocr_par' dir='ltr' id='par_1_92' title="bbox 153 4561 1077 4646">
     <span class='ocr_line' id='line_1_93' title="bbox 153 4561 1077 4646; baseline 0.006 -26"><span class='ocrx_word' id='word_1_582' title='bbox 153 4561 504 4646; x_wconf 85' lang='grc' dir='ltr'>δικαστηρίου</span> <span class='ocrx_word' id='word_1_583' title='bbox 565 4567 646 4643; x_wconf 81' lang='grc' dir='ltr'><strong>μὴ</strong></span> <span class='ocrx_word' id='word_1_584' title='bbox 688 4566 804 4626; x_wconf 87' lang='grc' dir='ltr'>δεῖν</span> <span class='ocrx_word' id='word_1_585' title='bbox 863 4569 1077 4633; x_wconf 79' lang='grc' dir='ltr'>ἐσθίειν.</span> 
     </span>
    </p>
   </div>
   <div class='ocr_carea' id='block_1_93' title="bbox 730 4740 1278 4826">
    <p class='ocr_par' dir='ltr' id='par_1_93' title="bbox 730 4740 1278 4826">
     <span class='ocr_line' id='line_1_94' title="bbox 730 4740 1278 4826; baseline 0.009 -27"><span class='ocrx_word' id='word_1_586' title='bbox 730 4740 834 4810; x_wconf 88' lang='grc' dir='ltr'>ιη’.</span> <span class='ocrx_word' id='word_1_587' title='bbox 865 4746 991 4826; x_wconf 81' lang='grc' dir='ltr'>Περὶ</span> <span class='ocrx_word' id='word_1_588' title='bbox 1025 4751 1278 4810; x_wconf 79' lang='grc' dir='ltr'>Θεανοῦς.</span> 
     </span>
    </p>
   </div>
   <div class='ocr_carea' id='block_1_94' title="bbox 234 4841 1823 4929">
    <p class='ocr_par' dir='ltr' id='par_1_94' title="bbox 234 4841 1823 4929">
     <span class='ocr_line' id='line_1_95' title="bbox 234 4841 1823 4929; baseline 0.003 -28"><span class='ocrx_word' id='word_1_589' title='bbox 234 4841 388 4911; x_wconf 72' lang='grc' dir='ltr'>Αὕτη</span> <span class='ocrx_word' id='word_1_590' title='bbox 445 4843 480 4911; x_wconf 80' lang='grc' dir='ltr'>ἠ</span> <span class='ocrx_word' id='word_1_591' title='bbox 540 4845 724 4901; x_wconf 75' lang='grc' dir='ltr'>Θεανὼ</span> <span class='ocrx_word' id='word_1_592' title='bbox 774 4846 878 4902; x_wconf 75' lang='grc' dir='ltr'>ὑπὸ</span> <span class='ocrx_word' id='word_1_593' title='bbox 932 4848 1190 4925; x_wconf 84' lang='grc' dir='ltr'>τυράννου</span> <span class='ocrx_word' id='word_1_594' title='bbox 1257 4847 1556 4929; x_wconf 69' lang='grc' dir='ltr'>συνεσχέθη</span> <span class='ocrx_word' id='word_1_595' title='bbox 1619 4847 1702 4906; x_wconf 72' lang='grc' dir='ltr'><strong>ἰπὶ</strong></span> <span class='ocrx_word' id='word_1_596' title='bbox 1745 4855 1823 4924; x_wconf 83' lang='grc' dir='ltr'>τῷ</span> 
     </span>
    </p>
   </div>
   <div class='ocr_carea' id='block_1_95' title="bbox 153 4932 1820 5018">
    <p class='ocr_par' dir='ltr' id='par_1_95' title="bbox 153 4932 1820 5018">
     <span class='ocr_line' id='line_1_96' title="bbox 153 4932 1820 5018; baseline 0.005 -29"><span class='ocrx_word' id='word_1_597' title='bbox 153 4936 336 4991; x_wconf 74' lang='grc' dir='ltr'>εἰπεῖν</span> <span class='ocrx_word' id='word_1_598' title='bbox 392 4933 490 5002; x_wconf 72' lang='grc' dir='ltr'>τῆς</span> <span class='ocrx_word' id='word_1_599' title='bbox 547 4932 796 5014; x_wconf 81' lang='grc' dir='ltr'>πατρίδος</span> <span class='ocrx_word' id='word_1_600' title='bbox 850 4938 917 4994; x_wconf 82' lang='grc' dir='ltr'><strong>τὰ</strong></span> <span class='ocrx_word' id='word_1_601' title='bbox 973 4937 1271 5018; x_wconf 70' lang='grc' dir='ltr'>ἀπόρρητα·</span> <span class='ocrx_word' id='word_1_602' title='bbox 1319 4944 1406 4996; x_wconf 88' lang='grc' dir='ltr'>καὶ</span> <span class='ocrx_word' id='word_1_603' title='bbox 1468 4939 1546 5006; x_wconf 78' lang='grc' dir='ltr'>μὴ</span> <span class='ocrx_word' id='word_1_604' title='bbox 1574 4937 1820 5017; x_wconf 79' lang='grc' dir='ltr'>θέλουσα,</span> 
     </span>
    </p>
   </div>
   <div class='ocr_carea' id='block_1_96' title="bbox 153 5023 1824 5111">
    <p class='ocr_par' dir='ltr' id='par_1_96' title="bbox 153 5023 1824 5111">
     <span class='ocr_line' id='line_1_97' title="bbox 153 5023 1824 5111; baseline 0.005 -32"><span class='ocrx_word' id='word_1_605' title='bbox 153 5024 255 5094; x_wconf 77' lang='grc' dir='ltr'>τὴν</span> <span class='ocrx_word' id='word_1_606' title='bbox 319 5024 514 5092; x_wconf 79' lang='grc' dir='ltr'>ἑαυτῆς</span> <span class='ocrx_word' id='word_1_607' title='bbox 575 5023 822 5104; x_wconf 77' lang='grc' dir='ltr'>γλῶτταν</span> <span class='ocrx_word' id='word_1_608' title='bbox 866 5025 1234 5111; x_wconf 70' lang='grc' dir='ltr'>ἀποδακοᾶσα,</span> <span class='ocrx_word' id='word_1_609' title='bbox 1312 5028 1566 5088; x_wconf 62' lang='lat' dir='ltr'><strong>Evince”</strong></span> <span class='ocrx_word' id='word_1_610' title='bbox 1619 5035 1699 5104; x_wconf 84' lang='grc' dir='ltr'>τῷ</span> <span class='ocrx_word' id='word_1_611' title='bbox 1725 5051 1824 5088; x_wconf 74' lang='grc' dir='ltr'>τυ-</span> 
     </span>
    </p>
   </div>
   <div class='ocr_carea' id='block_1_97' title="bbox 153 5116 355 5193">
    <p class='ocr_par' dir='ltr' id='par_1_97' title="bbox 153 5116 355 5193">
     <span class='ocr_line' id='line_1_98' title="bbox 153 5116 355 5193; baseline -0.005 -21"><span class='ocrx_word' id='word_1_612' title='bbox 153 5116 355 5193; x_wconf 82' lang='grc' dir='ltr'>ράννῳ.</span> 
     </span>
    </p>
   </div>
   <div class='ocr_carea' id='block_1_98' title="bbox 652 5208 1328 5289">
    <p class='ocr_par' dir='ltr' id='par_1_98' title="bbox 652 5208 1328 5289">
     <span class='ocr_line' id='line_1_99' title="bbox 652 5208 1328 5289; baseline 0.012 -25"><span class='ocrx_word' id='word_1_613' title='bbox 652 5208 743 5269; x_wconf 87' lang='grc' dir='ltr'>ιθ’.</span> <span class='ocrx_word' id='word_1_614' title='bbox 781 5213 903 5285; x_wconf 81' lang='grc' dir='ltr'>Περὶ</span> <span class='ocrx_word' id='word_1_615' title='bbox 951 5210 1328 5289; x_wconf 79' lang='grc' dir='ltr'>Επαμινώνδα.</span> 
     </span>
    </p>
   </div>
   <div class='ocr_carea' id='block_1_99' title="bbox 239 5305 1816 5400">
    <p class='ocr_par' dir='ltr' id='par_1_99' title="bbox 239 5305 1816 5400">
     <span class='ocr_line' id='line_1_100' title="bbox 239 5305 1816 5400; baseline 0.002 -27"><span class='ocrx_word' id='word_1_616' title='bbox 239 5305 302 5373; x_wconf 73' lang='grc' dir='ltr'>Ὀ</span> <span class='ocrx_word' id='word_1_617' title='bbox 339 5312 743 5390; x_wconf 84' lang='grc' dir='ltr'>Ἐπαμινώνδας</span> <span class='ocrx_word' id='word_1_618' title='bbox 802 5320 865 5375; x_wconf 77' lang='grc' dir='ltr'><strong>τὸ</strong></span> <span class='ocrx_word' id='word_1_619' title='bbox 924 5318 1076 5399; x_wconf 80' lang='grc' dir='ltr'>γένος</span> <span class='ocrx_word' id='word_1_620' title='bbox 1120 5320 1187 5388; x_wconf 78' lang='grc' dir='ltr'>ἦν</span> <span class='ocrx_word' id='word_1_621' title='bbox 1238 5317 1504 5400; x_wconf 78' lang='grc' dir='ltr'>Θηϐαῖός,</span> <span class='ocrx_word' id='word_1_622' title='bbox 1546 5321 1816 5398; x_wconf 80' lang='grc' dir='ltr'>στατηγὸς</span> 
     </span>
    </p>
   </div>
   <div class='ocr_carea' id='block_1_100' title="bbox 155 5404 1812 5492">
    <p class='ocr_par' dir='ltr' id='par_1_100' title="bbox 155 5404 1812 5492">
     <span class='ocr_line' id='line_1_101' title="bbox 155 5404 1812 5492; baseline 0.005 -32"><span class='ocrx_word' id='word_1_623' title='bbox 155 5404 441 5483; x_wconf 71' lang='grc' dir='ltr'>μέγιστος,</span> <span class='ocrx_word' id='word_1_624' title='bbox 493 5406 523 5461; x_wconf 79' lang='grc' dir='ltr'><strong>ὓ</strong></span> <span class='ocrx_word' id='word_1_625' title='bbox 573 5405 886 5486; x_wconf 79' lang='grc' dir='ltr'>ἀριστεύσας</span> <span class='ocrx_word' id='word_1_626' title='bbox 945 5408 999 5465; x_wconf 70' lang='grc' dir='ltr'>ἐν</span> <span class='ocrx_word' id='word_1_627' title='bbox 1057 5414 1136 5483; x_wconf 82' lang='grc' dir='ltr'>τῷ</span> <span class='ocrx_word' id='word_1_628' title='bbox 1188 5415 1500 5489; x_wconf 84' lang='grc' dir='ltr'>Λευκτρικῷ</span> <span class='ocrx_word' id='word_1_629' title='bbox 1567 5407 1812 5492; x_wconf 75' lang='grc' dir='ltr'>πολέμω,</span> 
     </span>
    </p>
   </div>
   <div class='ocr_carea' id='block_1_101' title="bbox 153 5495 1815 5582">
    <p class='ocr_par' dir='ltr' id='par_1_101' title="bbox 153 5495 1815 5582">
     <span class='ocr_line' id='line_1_102' title="bbox 153 5495 1815 5582; baseline 0.002 -28"><span class='ocrx_word' id='word_1_630' title='bbox 153 5495 409 5569; x_wconf 71' lang='grc' dir='ltr'>μαθητὴς</span> <span class='ocrx_word' id='word_1_631' title='bbox 478 5495 766 5575; x_wconf 72' lang='grc' dir='ltr'>γενόμενος</span> <span class='ocrx_word' id='word_1_632' title='bbox 823 5496 1091 5556; x_wconf 81' lang='grc' dir='ltr'>Φιλολάου</span> <span class='ocrx_word' id='word_1_633' title='bbox 1141 5507 1233 5558; x_wconf 82' lang='grc' dir='ltr'>τοῦ</span> <span class='ocrx_word' id='word_1_634' title='bbox 1287 5499 1658 5582; x_wconf 83' lang='grc' dir='ltr'>Πυθαγορείου.</span> <span class='ocrx_word' id='word_1_635' title='bbox 1707 5503 1815 5559; x_wconf 83' lang='grc' dir='ltr'><strong>Οὗ-</strong></span> 
     </span>
    </p>
   </div>
   <div class='ocr_carea' id='block_1_102' title="bbox 155 5583 1816 5674">
    <p class='ocr_par' dir='ltr' id='par_1_102' title="bbox 155 5583 1816 5674">
     <span class='ocr_line' id='line_1_103' title="bbox 155 5583 1816 5674; baseline 0.007 -34"><span class='ocrx_word' id='word_1_636' title='bbox 155 5588 250 5649; x_wconf 81' lang='grc' dir='ltr'><strong>τος</strong></span> <span class='ocrx_word' id='word_1_637' title='bbox 310 5583 563 5661; x_wconf 72' lang='grc' dir='ltr'>πολεμῶν</span> <span class='ocrx_word' id='word_1_638' title='bbox 628 5585 994 5670; x_wconf 58' lang='grc' dir='ltr'>ἕνεκρατεύιτο</span> <span class='ocrx_word' id='word_1_639' title='bbox 1048 5589 1187 5648; x_wconf 85' lang='grc' dir='ltr'>πάνυ</span> <span class='ocrx_word' id='word_1_640' title='bbox 1236 5591 1324 5646; x_wconf 84' lang='grc' dir='ltr'><strong>καὶ</strong></span> <span class='ocrx_word' id='word_1_641' title='bbox 1372 5591 1480 5670; x_wconf 76' lang='grc' dir='ltr'><strong>ἀπὸ</strong></span> <span class='ocrx_word' id='word_1_642' title='bbox 1520 5591 1816 5674; x_wconf 78' lang='grc' dir='ltr'>βρωμάτων</span> 
     </span>
    </p>
   </div>
   <div class='ocr_carea' id='block_1_103' title="bbox 233 5715 1232 5804">
    <p class='ocr_par' dir='ltr' id='par_1_103' title="bbox 233 5715 1232 5804">
     <span class='ocr_line' id='line_1_104' title="bbox 233 5715 1232 5804; baseline 0.012 -26"><span class='ocrx_word' id='word_1_643' title='bbox 233 5716 318 5798; x_wconf 87' lang='grc'><strong>(1)</strong></span> <span class='ocrx_word' id='word_1_644' title='bbox 353 5715 493 5783; x_wconf 69' lang='lat' dir='ltr'><strong>Haec</strong></span> <span class='ocrx_word' id='word_1_645' title='bbox 525 5718 745 5785; x_wconf 74' lang='lat' dir='ltr'><strong>desunt</strong></span> <span class='ocrx_word' id='word_1_646' title='bbox 775 5720 937 5804; x_wconf 74' lang='lat' dir='ltr'><strong>apud</strong></span> <span class='ocrx_word' id='word_1_647' title='bbox 963 5720 1232 5790; x_wconf 87' lang='lat' dir='ltr'><strong>Billium.</strong></span> 
     </span>
    </p>
   </div>
   <div class='ocr_carea' id='block_1_104' title="bbox 1906 4585 3558 4671">
    <p class='ocr_par' dir='ltr' id='par_1_104' title="bbox 1906 4585 3558 4671">
     <span class='ocr_line' id='line_1_105' title="bbox 1906 4585 3558 4671; baseline 0.001 -23"><span class='ocrx_word' id='word_1_648' title='bbox 1906 4586 2178 4648; x_wconf 84' lang='lat' dir='ltr'><strong>culorum</strong></span> <span class='ocrx_word' id='word_1_649' title='bbox 2205 4588 2332 4649; x_wconf 92' lang='lat' dir='ltr'><strong>loco</strong></span> <span class='ocrx_word' id='word_1_650' title='bbox 2361 4585 3028 4648; x_wconf 86' lang='lat' dir='ltr'><strong>utebantur.lnterdicit</strong></span> <span class='ocrx_word' id='word_1_651' title='bbox 3049 4604 3194 4666; x_wconf 73' lang='lat' dir='ltr'><strong>ergo</strong></span> <span class='ocrx_word' id='word_1_652' title='bbox 3211 4586 3336 4650; x_wconf 90' lang='lat' dir='ltr'><strong>suis</strong></span> <span class='ocrx_word' id='word_1_653' title='bbox 3349 4585 3558 4671; x_wconf 87' lang='lat' dir='ltr'><strong>Pytha-</strong></span> 
     </span>
    </p>
   </div>
   <div class='ocr_carea' id='block_1_105' title="bbox 1904 4675 2966 4757">
    <p class='ocr_par' dir='ltr' id='par_1_105' title="bbox 1904 4675 2966 4757">
     <span class='ocr_line' id='line_1_106' title="bbox 1904 4675 2966 4757; baseline -0.003 -17"><span class='ocrx_word' id='word_1_654' title='bbox 1904 4695 2081 4756; x_wconf 86' lang='lat' dir='ltr'><strong>goras</strong></span> <span class='ocrx_word' id='word_1_655' title='bbox 2113 4696 2187 4740; x_wconf 92' lang='lat' dir='ltr'><strong>ne</strong></span> <span class='ocrx_word' id='word_1_656' title='bbox 2215 4676 2536 4757; x_wconf 86' lang='lat' dir='ltr'><strong>judiciales</strong></span> <span class='ocrx_word' id='word_1_657' title='bbox 2568 4675 2731 4738; x_wconf 80' lang='lat' dir='ltr'><strong>fabas</strong></span> <span class='ocrx_word' id='word_1_658' title='bbox 2761 4677 2966 4739; x_wconf 85' lang='lat' dir='ltr'><strong>edant.</strong></span> 
     </span>
    </p>
   </div>
   <div class='ocr_carea' id='block_1_106' title="bbox 2411 4766 3056 4847">
    <p class='ocr_par' dir='ltr' id='par_1_106' title="bbox 2411 4766 3056 4847">
     <span class='ocr_line' id='line_1_107' title="bbox 2411 4766 3056 4847; baseline 0.003 -19"><span class='ocrx_word' id='word_1_659' title='bbox 2411 4767 2508 4829; x_wconf 89' lang='grc'><strong>18.</strong></span> <span class='ocrx_word' id='word_1_660' title='bbox 2548 4768 2637 4829; x_wconf 83' lang='lat' dir='ltr'><strong>De</strong></span> <span class='ocrx_word' id='word_1_661' title='bbox 2677 4767 2918 4830; x_wconf 84' lang='lat' dir='ltr'><strong>Theano</strong></span> <span class='ocrx_word' id='word_1_662' title='bbox 2944 4766 3056 4847; x_wconf 88' lang='grc'>(1).</span> 
     </span>
    </p>
   </div>
   <div class='ocr_carea' id='block_1_107' title="bbox 1986 4856 3557 4937">
    <p class='ocr_par' dir='ltr' id='par_1_107' title="bbox 1986 4856 3557 4937">
     <span class='ocr_line' id='line_1_108' title="bbox 1986 4856 3557 4937; baseline 0.002 -18"><span class='ocrx_word' id='word_1_663' title='bbox 1986 4856 2252 4932; x_wconf 90' lang='lat' dir='ltr'><strong>Theano,</strong></span> <span class='ocrx_word' id='word_1_664' title='bbox 2281 4877 2414 4918; x_wconf 92' lang='lat' dir='ltr'><strong>cum</strong></span> <span class='ocrx_word' id='word_1_665' title='bbox 2441 4876 2476 4918; x_wconf 91' lang='lat' dir='ltr'><strong>a</strong></span> <span class='ocrx_word' id='word_1_666' title='bbox 2499 4865 2744 4937; x_wconf 85' lang='lat' dir='ltr'><strong>tyranno</strong></span> <span class='ocrx_word' id='word_1_667' title='bbox 2763 4856 3016 4918; x_wconf 77' lang='lat' dir='ltr'><strong>vinculis</strong></span> <span class='ocrx_word' id='word_1_668' title='bbox 3041 4858 3360 4920; x_wconf 90' lang='lat' dir='ltr'><strong>constricta</strong></span> <span class='ocrx_word' id='word_1_669' title='bbox 3385 4867 3557 4922; x_wconf 86' lang='lat' dir='ltr'><strong>tene-</strong></span> 
     </span>
    </p>
   </div>
   <div class='ocr_carea' id='block_1_108' title="bbox 1905 4946 3558 5029">
    <p class='ocr_par' dir='ltr' id='par_1_108' title="bbox 1905 4946 3558 5029">
     <span class='ocr_line' id='line_1_109' title="bbox 1905 4946 3558 5029; baseline 0.001 -20"><span class='ocrx_word' id='word_1_670' title='bbox 1905 4956 2071 5009; x_wconf 88' lang='lat' dir='ltr'><strong>retur</strong></span> <span class='ocrx_word' id='word_1_671' title='bbox 2100 4955 2163 5008; x_wconf 93' lang='lat' dir='ltr'><strong>ut</strong></span> <span class='ocrx_word' id='word_1_672' title='bbox 2193 4947 2398 5028; x_wconf 84' lang='lat' dir='ltr'><strong>patria</strong></span> <span class='ocrx_word' id='word_1_673' title='bbox 2429 4954 2662 5008; x_wconf 89' lang='lat' dir='ltr'><strong>secreta</strong></span> <span class='ocrx_word' id='word_1_674' title='bbox 2701 4946 3057 5021; x_wconf 89' lang='lat' dir='ltr'><strong>declararet,</strong></span> <span class='ocrx_word' id='word_1_675' title='bbox 3093 4955 3153 5008; x_wconf 91' lang='lat' dir='ltr'><strong>et</strong></span> <span class='ocrx_word' id='word_1_676' title='bbox 3185 4947 3394 5029; x_wconf 89' lang='lat' dir='ltr'><strong>nollet,</strong></span> <span class='ocrx_word' id='word_1_677' title='bbox 3430 4949 3558 5028; x_wconf 78' lang='lat' dir='ltr'><strong>ipsa</strong></span> 
     </span>
    </p>
   </div>
   <div class='ocr_carea' id='block_1_109' title="bbox 1905 5035 3554 5118">
    <p class='ocr_par' dir='ltr' id='par_1_109' title="bbox 1905 5035 3554 5118">
     <span class='ocr_line' id='line_1_110' title="bbox 1905 5035 3554 5118; baseline -0.001 -19"><span class='ocrx_word' id='word_1_678' title='bbox 1905 5038 2167 5116; x_wconf 88' lang='lat' dir='ltr'><strong>linguam</strong></span> <span class='ocrx_word' id='word_1_679' title='bbox 2201 5055 2368 5099; x_wconf 77' lang='lat' dir='ltr'><strong>suam</strong></span> <span class='ocrx_word' id='word_1_680' title='bbox 2400 5035 2680 5098; x_wconf 90' lang='lat' dir='ltr'><strong>dentibus</strong></span> <span class='ocrx_word' id='word_1_681' title='bbox 2729 5035 2983 5117; x_wconf 90' lang='lat' dir='ltr'><strong>procidit</strong></span> <span class='ocrx_word' id='word_1_682' title='bbox 3012 5044 3070 5097; x_wconf 89' lang='lat' dir='ltr'><strong>et</strong></span> <span class='ocrx_word' id='word_1_683' title='bbox 3103 5040 3164 5097; x_wconf 90' lang='lat' dir='ltr'><strong>in</strong></span> <span class='ocrx_word' id='word_1_684' title='bbox 3220 5037 3427 5098; x_wconf 82' lang='lat' dir='ltr'><strong>faciem</strong></span> <span class='ocrx_word' id='word_1_685' title='bbox 3464 5048 3554 5118; x_wconf 84' lang='lat' dir='ltr'><strong>ty-</strong></span> 
     </span>
    </p>
   </div>
   <div class='ocr_carea' id='block_1_110' title="bbox 1904 5127 2366 5208">
    <p class='ocr_par' dir='ltr' id='par_1_110' title="bbox 1904 5127 2366 5208">
     <span class='ocr_line' id='line_1_111' title="bbox 1904 5127 2366 5208; baseline -0.004 -18"><span class='ocrx_word' id='word_1_686' title='bbox 1904 5130 2076 5190; x_wconf 86' lang='lat' dir='ltr'><strong>ranni</strong></span> <span class='ocrx_word' id='word_1_687' title='bbox 2109 5127 2366 5208; x_wconf 83' lang='lat' dir='ltr'><strong>exspuit.</strong></span> 
     </span>
    </p>
   </div>
   <div class='ocr_carea' id='block_1_111' title="bbox 2168 5213 3292 5296">
    <p class='ocr_par' dir='ltr' id='par_1_111' title="bbox 2168 5213 3292 5296">
     <span class='ocr_line' id='line_1_112' title="bbox 2168 5213 3292 5296; baseline 0.002 -18"><span class='ocrx_word' id='word_1_688' title='bbox 2168 5217 2260 5278; x_wconf 88' lang='lat'><strong>19.</strong></span> <span class='ocrx_word' id='word_1_689' title='bbox 2304 5217 2387 5279; x_wconf 81' lang='lat' dir='ltr'><strong>De</strong></span> <span class='ocrx_word' id='word_1_690' title='bbox 2425 5214 2860 5296; x_wconf 79' lang='lat' dir='ltr'><strong>Epaminonda</strong></span> <span class='ocrx_word' id='word_1_691' title='bbox 2891 5222 2948 5277; x_wconf 82' lang='lat' dir='ltr'><strong>et</strong></span> <span class='ocrx_word' id='word_1_692' title='bbox 2981 5213 3292 5295; x_wconf 79' lang='lat' dir='ltr'><strong>Scipione.</strong></span> 
     </span>
    </p>
   </div>
   <div class='ocr_carea' id='block_1_112' title="bbox 1983 5318 3557 5404">
    <p class='ocr_par' dir='ltr' id='par_1_112' title="bbox 1983 5318 3557 5404">
     <span class='ocr_line' id='line_1_113' title="bbox 1983 5318 3557 5404; baseline -0.001 -19"><span class='ocrx_word' id='word_1_693' title='bbox 1983 5321 2423 5404; x_wconf 88' lang='lat' dir='ltr'><strong>Epaminondas</strong></span> <span class='ocrx_word' id='word_1_694' title='bbox 2442 5339 2660 5399; x_wconf 75' lang='lat' dir='ltr'><strong>genere</strong></span> <span class='ocrx_word' id='word_1_695' title='bbox 2680 5318 2999 5381; x_wconf 76' lang='lat' dir='ltr'><strong>Thebanus</strong></span> <span class='ocrx_word' id='word_1_696' title='bbox 3022 5319 3416 5401; x_wconf 79' lang='lat' dir='ltr'><strong>erat,duxque</strong></span> <span class='ocrx_word' id='word_1_697' title='bbox 3436 5340 3557 5384; x_wconf 84' lang='lat' dir='ltr'><strong>ma-</strong></span> 
     </span>
    </p>
   </div>
   <div class='ocr_carea' id='block_1_113' title="bbox 1902 5407 3555 5494">
    <p class='ocr_par' dir='ltr' id='par_1_113' title="bbox 1902 5407 3555 5494">
     <span class='ocr_line' id='line_1_114' title="bbox 1902 5407 3555 5494; baseline -0.001 -18"><span class='ocrx_word' id='word_1_698' title='bbox 1902 5415 2120 5493; x_wconf 79' lang='lat' dir='ltr'><strong>ximus,</strong></span> <span class='ocrx_word' id='word_1_699' title='bbox 2147 5412 2250 5494; x_wconf 91' lang='lat' dir='ltr'><strong>qui</strong></span> <span class='ocrx_word' id='word_1_700' title='bbox 2274 5412 2334 5472; x_wconf 91' lang='lat' dir='ltr'><strong>in</strong></span> <span class='ocrx_word' id='word_1_701' title='bbox 2358 5409 2672 5474; x_wconf 89' lang='lat' dir='ltr'><strong>Leuctrico</strong></span> <span class='ocrx_word' id='word_1_702' title='bbox 2695 5409 2898 5488; x_wconf 89' lang='lat' dir='ltr'><strong>pralio</strong></span> <span class='ocrx_word' id='word_1_703' title='bbox 2919 5407 3344 5471; x_wconf 87' lang='lat' dir='ltr'><strong>Thebanorum</strong></span> <span class='ocrx_word' id='word_1_704' title='bbox 3365 5412 3555 5492; x_wconf 88' lang='lat' dir='ltr'><strong>copiis</strong></span> 
     </span>
    </p>
   </div>
   <div class='ocr_carea' id='block_1_114' title="bbox 1901 5497 3550 5588">
    <p class='ocr_par' dir='ltr' id='par_1_114' title="bbox 1901 5497 3550 5588">
     <span class='ocr_line' id='line_1_115' title="bbox 1901 5497 3550 5588; baseline -0.011 -22"><span class='ocrx_word' id='word_1_705' title='bbox 1901 5504 2159 5588; x_wconf 88' lang='lat' dir='ltr'><strong>prafuit.</strong></span> <span class='ocrx_word' id='word_1_706' title='bbox 2197 5502 2630 5583; x_wconf 87' lang='lat' dir='ltr'><strong>Praceptorem</strong></span> <span class='ocrx_word' id='word_1_707' title='bbox 2664 5498 2866 5560; x_wconf 89' lang='lat' dir='ltr'><strong>habuit</strong></span> <span class='ocrx_word' id='word_1_708' title='bbox 2895 5497 3223 5566; x_wconf 89' lang='lat' dir='ltr'><strong>Philolaum</strong></span> <span class='ocrx_word' id='word_1_709' title='bbox 3259 5499 3550 5581; x_wconf 68' lang='lat' dir='ltr'><strong>Pythago-</strong></span> 
     </span>
    </p>
   </div>
   <div class='ocr_carea' id='block_1_115' title="bbox 1902 5588 3552 5670">
    <p class='ocr_par' dir='ltr' id='par_1_115' title="bbox 1902 5588 3552 5670">
     <span class='ocr_line' id='line_1_116' title="bbox 1902 5588 3552 5670; baseline -0.009 -12"><span class='ocrx_word' id='word_1_710' title='bbox 1902 5614 2098 5670; x_wconf 84' lang='lat' dir='ltr'><strong>reum.</strong></span> <span class='ocrx_word' id='word_1_711' title='bbox 2134 5593 2245 5657; x_wconf 88' lang='lat' dir='ltr'><strong>Hic</strong></span> <span class='ocrx_word' id='word_1_712' title='bbox 2275 5591 2334 5653; x_wconf 91' lang='lat' dir='ltr'><strong>in</strong></span> <span class='ocrx_word' id='word_1_713' title='bbox 2375 5589 2550 5652; x_wconf 87' lang='lat' dir='ltr'><strong>bellis</strong></span> <span class='ocrx_word' id='word_1_714' title='bbox 2579 5588 2796 5654; x_wconf 83' lang='lat' dir='ltr'><strong>eximia</strong></span> <span class='ocrx_word' id='word_1_715' title='bbox 2826 5588 3216 5658; x_wconf 86' lang='lat' dir='ltr'><strong>continentia</strong></span> <span class='ocrx_word' id='word_1_716' title='bbox 3242 5590 3418 5662; x_wconf 76' lang='lat' dir='ltr'><strong>laude</strong></span> <span class='ocrx_word' id='word_1_717' title='bbox 3442 5592 3552 5654; x_wconf 82' lang='lat' dir='ltr'><strong>ilo.</strong></span> 
     </span>
    </p>
   </div>
  </div>
