4166 6394
282 287 400 354 997

606 429 694 506 κβ¹
708 477 724 492 ,
758 432 882 508 Περὶ
912 432 1230 509 Σωκράτους
1260 433 1598 512 φιλοκαλίας,

363 523 424 582 Ὀ
479 525 774 604 Σωκράτης
817 523 1105 605 φιλόσοφος
1153 527 1227 582 ὢν
1287 527 1508 606 περιῆγε
1567 530 1668 596 τὴν
1714 528 1934 614 ἀγορὰν,

280 614 370 671 καὶ
436 615 502 670 τὰ
562 615 819 693 μειράκια
874 615 1236 695 προετρέπετο
1294 616 1380 672 ἰπὶ
1424 616 1741 699 φιλοσοφίαν
1775 635 1790 650 ⁸
1853 634 1941 685 καὶ

281 704 516 779 μάλιστα
568 705 806 780 ἐνόμιζεν
873 706 1016 761 εἶναι
1077 707 1211 784 πρὸς
1294 697 1943 788 φιλοσοφίανὴὲπιτήδεια

281 795 349 850 τὰ
403 794 700 874 περικαλλῆ
761 796 1037 879 μειράκια·
1084 798 1207 860 τοὺς
1263 798 1364 877 γὰρ
1418 797 1712 879 εὐμόρφους
1743 798 1940 878 λέγου-

279 905 362 941 σιν
395 887 534 941 εἶναι
563 886 649 942 καὶ
682 886 917 966 εὐφυεῖς.
973 874 1070 942 Ἠν
1113 886 1203 944 οὖν
1251 874 1373 953 δόξα
1432 874 1939 968 παρα-Ἀθηναίοις,

280 972 366 1030 ὅτι
414 973 775 1053 παιδεραστὴς
819 975 888 1042 ἦν
933 978 961 1032 6
1014 979 1333 1057 Σωκράτης,
1389 975 1473 1034 διὰ
1503 980 1564 1034 τὸ
1605 978 1941 1058 ἕπιλὲγεσθαι

278 1064 405 1127 τοὺς
465 1064 781 1146 εὐμόρφους.
821 1067 1127 1145 Εὖρίσκεται
1187 1065 1242 1122 δὲ
1285 1069 1375 1124 καὶ
1419 1070 1446 1122 6
1491 1066 1717 1125 Πλάτων
1769 1069 1824 1125 ἐν
1865 1076 1943 1143 τῷ

280 1157 585 1235 Θεαιτήτῳ,
650 1156 738 1210 καὶ
796 1165 1077 1235 πανταχοῦ
1119 1155 1260 1212 οὕτω
1319 1154 1494 1234 λέγων
1537 1160 1655 1236 περὶ
1714 1161 1941 1238 Σωκρά-

277 1261 401 1305 τους
435 1258 450 1272 ’
487 1242 567 1298 ὅτι
606 1243 782 1306 Καλὸς
814 1245 842 1298 6
875 1246 1189 1316 Θεαίτητος,
1254 1245 1340 1300 καὶ
1381 1245 1547 1309 καλὸς
1579 1248 1606 1301 6
1639 1247 1937 1328 Χαρμίδης.

279 1330 588 1411 ’¹Δντικρυς
621 1342 710 1391 οὖν
739 1334 794 1388 ἓν
840 1345 959 1398 τοῖς
1003 1332 1186 1412 λόγοις
1221 1333 1449 1416 ἔμφασιν
1479 1335 1710 1415 παρέχει
1742 1339 1770 1393 6
1801 1336 1939 1393 Πλά-

275 1443 408 1496 των,
470 1421 550 1480 ὅτι
613 1423 908 1502 Σωκράτης
967 1423 1287 1492 ὑπωπτεύθη
1344 1432 1585 1489 τοιοῦτος
1637 1431 1800 1503 εἶναι,
1849 1426 1940 1484 διὰ

276 1512 371 1575 τὰς
432 1512 707 1592 τοιαύτας,
770 1515 843 1576 ὼς
908 1513 1093 1594 εἶπον,
1147 1513 1535 1588 ἀντερωτήσας
1571 1529 1584 1544 ⁶
1653 1514 1735 1572 ὅτι
1775 1515 1939 1581 καλὸς

280 1601 383 1676 μὲν
413 1602 502 1676 ἦν,
540 1604 598 1659 οὐ
626 1610 728 1670 τὴν
757 1602 908 1679 ὄψιν,
943 1601 1079 1659 ἀλλὰ
1109 1603 1208 1670 τὴν
1262 1604 1472 1684 ψυχήν,
1525 1601 1826 1675 ’Υπενόήθη
1885 1605 1940 1662 δὲ

277 1691 362 1747 ὅτι
416 1694 506 1748 καὶ
555 1696 634 1767 τῷ
690 1690 1002 1771 Ἀλκιϐιάδῃ
1055 1692 1359 1772 συγγίνεται
1411 1695 1549 1750 κατὰ
1593 1696 1684 1751 τὸν
1716 1697 1941 1776 αἰσχρὰν

277 1781 474 1858 ἔρωτα.
553 1785 612 1840 Oi
672 1779 728 1838 δὲ
779 1784 900 1862 περὶ
959 1783 1273 1862 Σωκράτους
1332 1781 1604 1862 λέγοντες,
1661 1788 1816 1864 φασὶν
1859 1785 1940 1842 ὅτι

1087 296 1187 358 ΑΙ)
1231 296 1290 358 S.
1338 293 1704 362 GREGORII
1747 300 1974 369 ORAT.
2027 300 2052 371 Ῐ
2098 306 2402 377 CONTRA
2445 315 2859 383 JULIANUM.

3549 331 3671 396 998

2170 445 2272 510 22.
2308 449 2392 511 De
2419 449 2735 516 Socratico
2763 454 3252 535 pulchritudinis
3284 478 3516 526 amore.

2106 534 2782 632 Socratesphilosophus
2803 545 2992 607 lorum
3018 548 3391 625 circumibat,
3395 555 3671 632 juvenes-

2025 628 2238 725 que_ad
2273 629 2668 725 philosophia:
2700 636 2961 697 studium
3012 637 3379 719 hortabatur,
3396 628 3481 704 'ac
3517 663 3666 725 pra:-

2026 715 2232 813 sertim
2261 717 2516 798 eleganti
2547 723 2732 813 forma
2794 726 3090 806 praeditos,
3127 749 3275 809 quos
3308 715 3380 792 ad
3417 715 3675 813 philoso-

2028 804 2226 884 phiam
2259 817 2427 888 aptos
2457 804 2935 892 essejndicabat.
2969 815 3112 877 Nam
3145 804 3260 898 'qui
3293 804 3524 884 liberali
3557 822 3674 884 for-

2028 911 2122 985 ma
2151 899 2563 971 sunt,eosdem
2590 921 2825 984 quoque
2849 907 3084 985 egregia
3110 908 3293 968 animi
3317 907 3518 972 indole
3542 931 3674 974 esse

2027 982 2243 1049 ferunt.
2285 989 2346 1050 ln
2370 988 2517 1052 hanc
2537 1010 2677 1071 ergo
2692 982 3035 1074 opinio—nem
3060 997 3299 1059 adducti
3332 1010 3470 1062 sunt
3493 1002 3676 1064 Athe-

2027 1075 2362 1152 niensesut
2391 1078 2695 1143 Socratem
2733 1103 3053 1163 puerorum
3095 1105 3297 1149 amore
3327 1101 3670 1171 correptum

2023 1182 2158 1226 esse
2183 1172 2650 1260 pu_tarent,quod
2685 1173 3127 1250 pulcherrimos
3159 1197 3431 1259 quosque
3454 1180 3673 1260 delige-

2023 1263 2131 1317 rel.
2171 1256 2321 1329 Quin
2382 1260 2512 1339 ipse
2565 1282 2806 1342 quoque
2868 1266 3029 1328 Plato
3090 1275 3209 1328 tum
3244 1269 3304 1328 in
3334 1256 3667 1344 Theaeteto,

2026 1355 2146 1440 tum
2174 1349 2390 1427 passim
2415 1353 2472 1412 in
2486 1352 2609 1413 suis
2631 1354 2864 1434 scriptis
2889 1355 2968 1416 ita
2993 1354 3297 1418 Socratem
3325 1358 3667 1440 loquentem

2023 1435 2548 1527 inducit,Pulcher
2561 1443 3280 1527 estTheaatetus,pulcher
3294 1435 3668 1514 Charmides.

2024 1525 2108 1589 Ac
2141 1529 2312 1620 plane
2344 1531 2402 1592 in
2435 1531 2687 1612 dialogis
2707 1536 2828 1595 suis
2851 1525 3110 1596 ostendit
3132 1535 3438 1600 Socratem
3463 1541 3670 1620 hujus-

2027 1618 2189 1697 mopi
2221 1622 2566 1701 suspicione
2598 1624 2924 1698 laborasse,
2962 1637 3206 1706 propter
3237 1628 3403 1703 tales,
3430 1643 3494 1690 ut.
3524 1618 3674 1692 reri-

2025 1706 2222 1768 simile
2275 1718 2383 1784 est,
2420 1711 2788 1775 adversarias
2848 1716 3392 1794 percunctationes.
3429 1724 3505 1780 At
3534 1739 3672 1782 vero

2027 1797 2125 1889 ille
2149 1798 2332 1859 animi
2360 1819 2475 1862 non
2505 1805 2772 1884 corporis
2823 1805 3321 1884 pulchritudinem
3369 1809 3665 1889 intellige-

277 1871 592 1949 συνεγένετο
651 1877 838 1947 πᾶσιν,
898 1873 959 1929 οὖ
1002 1873 1140 1929 κατὰ
1193 1874 1287 1928 τὸν
1316 1871 1532 1949 ἐμπαθῆ
1563 1872 1758 1955 ἔρωτα,
1804 1873 1938 1932 ἀλλὰ

390 1963 402 1978 ς
483 1964 494 1978 ι
569 1961 590 1980 ..
627 1965 651 1980 η

2033 1885 2145 1949 bat.
2178 1889 2524 1971 Quanquam
2558 1871 3027 1955 Atheniensibus
3080 1897 3140 1955 in
3198 1895 3351 1959 hanc
3383 1871 3679 1980 suspigio-

276 1963 417 2018 κατὰ
449 1964 539 2018 τὸν
569 1961 765 2024 ἔνθεον.

656 2139 748 2220 κγ’
759 2188 776 2203 .
812 2141 938 2219 Περὶ
966 2140 1252 2206 Πλάτωνος
1284 2143 1551 2225 λιχνείας.

364 2230 588 2289 Πλάτων
638 2233 667 2288 6
725 2229 1018 2312 φιλοσοφος
1063 2232 1296 2308 ἀκούων,
1361 2235 1442 2290 ὅτι
1502 2233 1848 2316 μεγαλοφυὴς
1909 2237 1937 2292 6

281 2323 557 2386 Διονύσιος
615 2323 644 2378 6
701 2326 802 2388 τῆς
876 2320 1119 2386 Σικελίας
1175 2324 1454 2401 τύραννος,
1518 2323 1739 2381 ἔπλευσε
1806 2324 1938 2403 πρὸς

275 2412 462 2475 αὐτόν,
528 2413 625 2471 Καὶ
683 2413 731 2470 οἱ
783 2412 879 2488 μὲν
943 2410 1199 2490 ἐξηγηταὶ
1249 2419 1337 2469 νῦν
1371 2421 1466 2472 τοῦ
1497 2412 1786 2477 Πλάτωνος
1841 2412 1935 2469 λέ-

275 2524 465 2582 γουσιν
496 2501 576 2560 ὅτι
624 2501 846 2558 ἔπλευσε
891 2498 976 2557 διὰ
1029 2501 1118 2558 δύο
1170 2504 1338 2568 αἰτίας
1375 2522 1392 2539 ⁶
1444 2503 1536 2559 ἵνα
1563 2504 1651 2560 καὶ
1679 2504 1939 2581 ἱστορήσῃ

276 2594 342 2649 τὸ
387 2593 441 2649 ἒν
488 2599 558 2670 τῇ
589 2591 764 2668 Αἴτνῃ
795 2594 898 2671 πῦρ
929 2590 1328 2673 ἀναδιδόμενον,
1375 2595 1464 2651 καὶ
1496 2592 1585 2648 ’ἶνα
1617 2595 1775 2670 πείσῃ
1808 2602 1938 2649 Διο-

281 2683 460 2740 νύσιον
491 2682 876 2764 φιλοσοφῆσαι.
932 2671 990 2739 Ὀ
1022 2680 1076 2739 δὲ
1109 2671 1370 2763 μακάριος
1415 2685 1706 2764 Γρηγόριός
1751 2706 1936 2765 φησιν,

277 2772 361 2829 ὅτι
413 2771 497 2830 διὰ
541 2780 698 2830 τοῦτο
757 2770 995 2840 ἀπῆλθεν
1027 2775 1055 2829 6
1086 2773 1309 2831 Πλάτων
1341 2774 1396 2831 ἐν
1447 2774 1687 2848 Σικελίᾳ,
1720 2772 1804 2832 διὰ
1838 2775 1937 2841 τὴν

277 2862 632 2921 πολυτέλειαν
689 2870 796 2919 τῶν
854 2863 1105 2945 ἀρίστων,

282 2970 525 3014 ποιεῖται
579 2957 894 3036 τεκμήριον,
961 2953 1041 3011 ὅτι
1103 2955 1318 3024 ἀληθῶς
1400 2955 1488 3013 διὰ
1547 2959 1644 3026 τὴ)
1698 2957 1941 3037 λιχνείαν

1165 2864 1239 2920 ὧν
1284 2864 1449 2921 ἐποίει
1495 2866 1792 2928 Διονύσιος·
1854 2865 1940 2920 καὶ

2022 1997 2157 2039 nem
2193 1985 2374 2055 venit,
2408 1991 2470 2043 ut
2504 2001 2638 2044 eum
2674 1984 2950 2046 cbscanw
2999 1984 3269 2047 libidinis
3316 2006 3493 2050 causa
3541 2009 3678 2051 cum

2021 2067 2331 2131 Alcibiade
2356 2073 2849 2136 consuetudinem
2882 2074 3106 2136 habere
3136 2076 3573 2142 existimarent.

2370 2160 2469 2224 23.
2507 2162 2601 2224 De
2630 2163 2911 2226 Platonis
2943 2163 3325 2244 tiguritione.

2101 2248 2496 2332 Philosophus
2517 2252 2681 2315 Plato
2705 2273 2839 2314 cum
2866 2253 3209 2333 Dionysium
3232 2257 3457 2321 Sicilia
3479 2267 3675 2340 tyran-

2022 2359 2163 2401 num
2199 2342 2420 2420 ingenii
2444 2343 2850 2421 magnitudine
2871 2352 3050 2424 atque
3075 2344 3274 2408 indole
3302 2353 3683 2427 praestarem-

2025 2431 2453 2512 tellexisset,ad
2482 2451 2617 2493 eum
2636 2433 3043 2512 navigavit.Ac
3062 2431 3577 2517 Platonisqnidem
3592 2440 3681 2500 in-

2027 2531 2319 2601 terpretes
2343 2521 2643 2601 duplicem
2662 2524 2839 2602 hujus
2865 2523 3257 2602 navigationis
3280 2546 3518 2589 causam
3540 2530 3682 2591 aﬂ'e-

2023 2612 2535 2686 runt,alteram,nt
2568 2611 2764 2691 ignem
2799 2613 2964 2675 illum
2985 2614 3083 2693 qui
3110 2633 3180 2676 ex
3201 2617 3379 2677 zEtna
3403 2637 3679 2700 erumpe-

2025 2700 2391 2773 bat,viserct:
2417 2701 3114 2783 alteram,utDionysium
3131 2706 3204 2766 ad
3221 2707 3674 2786 amplexandam

2025 2791 2461 2871 philosophiam
2478 2792 2932 2856 hortaretur.Ac
2955 2794 3167 2855 beatus
3185 2794 3504 2874 Gregorius
3526 2799 3679 2862 hanc

2024 2884 2138 2963 ipsi
2156 2883 2446 2945 adeundae
2459 2884 2679 2946 Siciliae
2693 2902 2929 2945 causam
2947 2885 3128 2946 fuisse
3142 2887 3315 2960 ait,ut
3347 2890 3679 2968 magniﬁcis

2026 2981 2085 3033 et
2129 2973 2393 3055 opiparis
2423 2973 2686 3054 Dionysii
2712 2973 2897 3034 cmnis
2919 2973 3238 3037 frueretur.
3266 2977 3449 3056 quue
3477 2997 3542 3039 ac
3568 2980 3668 3040 de-

277 3045 505 3104 ἕπλευσε
549 3047 610 3102 τὸ
654 3046 916 3125 πραθῆναι
963 3045 1121 3103 αὐτόν
1167 3048 1311 3126 παρὰ
1367 3048 1663 3109 Διονυσίου.
1697 3043 1935 3126 Ἐπράθη

282 3133 969 3150 ..-υ-...κν
1141 3135 1832 3150 ,η......

2033 3043 2186 3124 mum
2205 3043 2549 3143 conjectura
2561 3043 2696 3124 v'ere
2715 3063 2916 3142 colligi
2935 3066 3323 3146 censet,quod
3349 3043 3678 3150 aDionysio

278 3135 335 3192 δί
378 3141 457 3211 τῷ
514 3133 624 3193 ὄντι
651 3133 975 3210 Πόλλιδιτῷ
1027 3137 1281 3216 ναυάρχῷ
1320 3137 1428 3194 τῶν
1479 3135 1932 3212 Λακεδαιμονίων,

2033 3133 3162 3233 ρι’(ψιεειυὶιῖεἱυδΙίςυνίιίοηθειῖνθηιίἱιυε
3177 3133 3674 3220 ἑὶι.Βθνθιέιθῖιίιη

280 3225 517 3305 διάγοντι
559 3235 850 3293 τηνικαῦτα
895 3226 1073 3283 ἐκεῖσε
1105 3245 1118 3258 ⁸
1184 3227 1307 3282 εἶτα
1353 3229 1381 3283 6
1414 3225 1609 3290 Πόλλις
1663 3226 1827 3284 ἐλθὼν
1861 3228 1934 3290 εἰς

279 3313 508 3394 Αἴγιναν
562 3314 740 3374 πωλεῖ
793 3318 952 3376 αὐτὸν
1009 3318 1343 3388 πεντήκοντα
1418 3324 1567 3393 μνῶν
1624 3318 1701 3392 τῷ
1752 3317 1935 3374 Ἀννι-

275 3407 447 3487 κάρῳ,

360 3496 552 3556 Πολλοὶ
609 3498 664 3556 δὲ
719 3500 807 3557 καὶ
853 3503 961 3554 τῶν
993 3497 1256 3554 Στωϊκῶν
1286 3497 1513 3579 ἀρχαῖοί
1543 3520 1724 3578 φασιν,
1759 3500 1832 3563 ὡς
1859 3495 1940 3554 διὰ

273 3587 522 3668 λιχνείαν
579 3591 710 3667 πρὸς
759 3592 850 3646 τὸν
899 3588 1172 3646 Διονύσιον
1225 3588 1461 3658 ἆπῆλθεν
1509 3587 1817 3663 ὁΠλάτων,
1850 3589 1938 3652 οἷς

277 3681 371 3735 καὶ
402 3681 428 3734 6
464 3682 761 3759 Γρηγόριος
795 3677 1002 3756 μᾶλλον
1033 3679 1352 3752 συντίθεται,
1387 3681 1475 3736 καὶ
1520 3679 1580 3734 οὒ
1628 3680 1751 3745 τοῖς
1799 3701 1939 3735 νεω-

280 3769 455 3849 τέροις
489 3768 776 3834 Πλάτωνος
811 3770 1133 3848 ἐξηγηταῖς,
1199 3769 1356 3848 Λέγει
1403 3768 1456 3824 δὲ
1487 3773 1572 3826 καὶ
1603 3771 1632 3826 6
1684 3772 1938 3850 Ξενοφῶν

274 3859 352 3923 εἷς
405 3861 506 3927 τὴν
559 3860 688 3940 πρὸς
744 3861 1006 3940 Αἰσχίνην
1060 3859 1376 3939 ἐπιστολὴν,
1439 3863 1512 3923 ὡς
1563 3859 1645 3916 διὰ
1701 3858 1938 3938 λαιμαρ-

273 3947 398 4027 γίαν
429 3952 456 4006 6
487 3949 715 4007 Πλάτων
750 3951 824 4016 εἰς
864 3950 964 4019 τὴν
995 3947 1242 4006 Σιγελίαν
1272 3948 1478 4018 ἀπῆλθε
1497 3952 1628 4030 πρὸς
1666 3951 1935 4007 Διονύσιον

267 4039 367 4094 τὸν
397 4039 668 4119 τύραννον.

599 4130 663 4186 κδ
674 4120 708 4192 ’.
733 4133 858 4207 Περὶ
886 4129 1257 4206 Ξενοκράτους
1284 4129 1609 4209 ὀψοφαγίας.

367 4227 715 4304 Ξενοκράτης
777 4226 868 4280 καὶ
925 4222 1308 4301 Ἀριστοτέλης
1368 4223 1602 4298 μαθηταὶ
1654 4226 1748 4278 τοῦ
1789 4219 1937 4278 Πλά-

2016 3241 2280 3304 vinditus
2303 3248 2631 3323 est,utpote
2653 3260 2685 3303 a
2699 3241 2980 3322 Dionysio
2994 3243 3206 3305 Pollidi
3221 3244 3669 3309 Lacedaemonio

2017 3332 2352 3406 Navarcho,
2380 3333 2484 3413 qui
2515 3342 2636 3392 tum
2670 3332 2795 3395 iilic
2829 3332 3267 3412 degebat,dono
3302 3337 3533 3399 oblatus
3561 3360 3577 3397 :
3612 3357 3681 3400 ac

2022 3420 2242 3483 deinde
2272 3421 2346 3483 ab
2379 3423 2508 3503 ipso
2535 3420 2794 3497 Pollide,
2841 3442 2978 3484 cum
3013 3425 3072 3484 in
3106 3423 3381 3503 1Eginam
3411 3428 3681 3508 appulis-

2022 3520 2135 3586 set,
2171 3512 2414 3575 Aniceri
2448 3511 2880 3593 quinquaginta
2912 3514 3088 3574 minis
3121 3515 3412 3579 venditus.

2107 3601 2295 3682 [Multi
2318 3612 2514 3663 autem
2543 3603 2698 3663 inter
2719 3602 3090 3683 antiquiores
3114 3605 3343 3666 Stoicos
3373 3606 3678 3668 Platonem

2024 3692 2231 3754 dicunt
2254 3692 2614 3772 liguritionis
2637 3710 2815 3753 causa
2847 3693 2918 3753 ad
2952 3692 3295 3773 Dionysium
3322 3697 3685 3779 perrexisse,

2029 3801 2176 3861 quos
2207 3783 2541 3845 audiendos
2573 3783 2771 3862 potius
2803 3782 3102 3844 existimat
3133 3786 3457 3862 Gregorius
3505 3805 3679 3866 quam

2023 3882 2302 3934 recentes
2361 3872 2714 3933 Platonicos.
2780 3871 3112 3953 Xenophon
3146 3875 3210 3934 in
3244 3876 3567 3954 epistolam
3600 3878 3680 3939 ad

2021 3963 2372 4024 Esse/tinem
2432 3962 2514 4022 ait
2578 3961 2883 4023 Platonem
2945 3962 3293 4024 deliciarum
3346 3965 3680 4028 Sicularum

2020 4071 2223 4114 amore
2254 4053 2596 4133 Dionysium
2632 4072 2942 4134 tyrannum
2973 4054 3193 4115 adiisse
3226 4056 3357 4137 (1).]

2384 4143 2464 4204 24
2494 4143 2577 4204 De
2601 4141 2968 4205 Xenocratis
2997 4144 3325 4208 edacitate.

2104 4233 2476 4294 Xenocrates
2501 4240 2560 4292 et
2581 4231 2935 4293 Aristoteles
2966 4232 3229 4294 Platonis
3250 4234 3528 4315 discipuli
3546 4235 3678 4298 fue-

272 4337 477 4381 τωνος,
546 4315 756 4382 Οἵτινες
810 4317 898 4372 καὶ
955 4313 1245 4381 διεδέξαντο
1294 4318 1454 4373 αὐτοῦ
1483 4314 1581 4380 τὴν
1612 4309 1883 4392 διατριϐήν
1917 4330 1930 4345 ⁸

2033 4320 2431 4402 runt,eiquein
2447 4320 2842 4402 phiIOSOphize
2857 4321 3228 4402 professione
3240 4309 3677 4401 successerunt,

276 4407 372 4463 Acti
404 4408 432 4462 6
461 4406 559 4482 μὲν
592 4407 938 4485 Ξενοκράτης
974 4404 1192 4472 ἐποίησε
1238 4404 1489 4470 Στωῖκὴιο
1523 4402 1752 4478 α’ίρεσιν,
1805 4404 1832 4458 6
1881 4398 1935 4457 δὲ

2033 4411 2160 4473 AcX
2171 4398 2481 4473 enocrates
2499 4413 2640 4488 quid
2650 4398 3007 4474 emStoicam
3025 4420 3245 4473 sectam
3259 4412 3545 4488 condidit,
3558 4398 3685 4475 Ari.

274 4494 660 4573 Ἀριστοτέλης
719 4497 820 4565 τὴν
910 4496 1369 4575 Περιπατητικήν,
1453 4493 1676 4572 Λέγεται
1731 4491 1785 4548 δὲ
1857 4490 1940 4548 ὅτι

272 4585 418 4642 οὕτω
475 4588 700 4667 σώφρων
750 4587 816 4655 ἧν
860 4587 887 4643 6
949 4586 1326 4667 Ξενοκράτης,
1381 4585 1470 4641 καὶ
1505 4582 1670 4650 οὕτως
1719 4581 1940 4647 ὒπὲταξε

269 4675 345 4732 τὰ
372 4676 517 4744 πάθη
548 4682 626 4750 τῷ
656 4674 827 4756 λόγῳ,
855 4674 936 4732 ὅτι
991 4677 1077 4731 καὶ
1136 4676 1346 4756 τρυφῶν
1401 4675 1498 4730 οὒκ
1539 4673 1778 4729 ἐκινεῖτο
1806 4672 1938 4751 πρὸς

271 4765 345 4822 τὰ
395 4764 698 4846 ἀφροδίσια.
763 4755 819 4823 Ὀ
875 4773 964 4822 οὖν
1017 4755 1279 4844 μακάριος
1351 4762 1644 4843 Γρηγόριος
1693 4783 1939 4841 κατηγο-

274 4871 368 4938 ρεῖ
426 4862 585 4918 αὐτοῦ
645 4859 716 4923 ὡς
760 4856 1062 4938 λαιμάργου
1122 4858 1210 4914 καὶ
1278 4856 1577 4936 ὀψοφάγου,
1635 4855 1725 4911 καὶ
1772 4851 1940 4930 μηδὲν

274 4947 706 5029 παραιτουμένου
751 4947 940 5005 ἐσθίειν
985 4951 1056 5014 ὡς
1109 4946 1426 5029 φιλοσόφου,
1485 4944 1783 5025 Φιλοσοφία
1840 4944 1941 5024 γάρ

274 5037 423 5097 ἐστιν
455 5039 650 5120 ἀρετῆς
677 5038 960 5119 ἐγκράτεια
989 5039 1079 5094 καὶ
1109 5035 1319 5102 εὐταξία
1349 5035 1670 5116 βρωμάτων.

2024 4502 2267 4562 stoteles
2294 4511 2490 4563 autem
2551 4502 3034 4582 Peripateticam.
3069 4503 3287 4564 Fertur
3321 4522 3494 4584 porro
3525 4511 3686 4565 tanta

2023 4591 2208 4654 fuisse
2239 4592 2298 4653 in
2323 4595 2664 4657 Xenocrate
2700 4593 3001 4674 pudicitia:
3030 4593 3181 4668 laus,
3210 4604 3292 4657 ut.
3335 4614 3470 4659 cum
3502 4597 3680 4656 etiam

2027 4683 2269 4744 mollius
2295 4693 2354 4744 et
2373 4683 2692 4746 delicatius
2724 4683 3164 4759 viveret,nullis
3189 4685 3461 4748 libidinis
3483 4687 3689 4749 stimu-

2026 4775 2100 4857 lis
2126 4771 2502 4857 incitaretur.
2536 4777 2623 4838 Ac
2651 4775 2904 4855 proinde
2932 4775 3042 4857 _ita
3075 4776 3476 4857 moderandas
3507 4786 3684 4857 atque

2025 4854 2349 4917 frenandos
2367 4855 2617 4917 affectus
2640 4854 2771 4918 esse
2795 4855 3119 4930 dicebat,ut
3136 4856 3355 4918 rationi
3378 4854 3680 4917 obedia'nt.

2024 4944 2359 5008 Inseclatur
2380 4963 2522 5024 ergo
2549 4963 2683 5006 eum
2707 4946 3043 5024 Theologus
3066 4953 3132 5007 ut
3149 4946 3454 5008 lurconem
3479 4955 3537 5007 et
3559 4947 3685 5007 hel-

2027 5035 2296 5110 luonem,
2323 5053 2434 5097 nec
2463 5033 2535 5096 ab
2562 5035 2681 5096 ullo
2712 5034 2978 5096 ciborum
3007 5053 3229 5113 genere
3254 5036 3681 5115 abstinentem,

275 5135 345 5189 ut
377 5128 798 5210 philosophum
832 5125 1123 5191 decebat.
1161 5123 1513 5206 Philos0phi
1538 5123 1701 5186 enim
1735 5131 1826 5186 est
1851 5125 2305 5204 temperantiam
2331 5125 2554 5200 colere,
2578 5143 2646 5186 ac
2678 5124 2918 5186 modum
2950 5124 3010 5184 in
3041 5123 3190 5186 cibis
3223 5133 3448 5188 tenere.

646 5227 760 5291 κε’.
791 5229 916 5307 Περὶ
941 5227 1217 5306 Διογένους
1242 5223 1575 5301 στωμυλίας.

371 5319 632 5400 Διογόνης
654 5319 863 5384 κυνικὸς
892 5318 956 5386 ἦν
989 5316 1303 5398 φιλόσοφος.
1363 5315 1611 5416 Κυνικὸς,
1634 5310 1688 5368 δὲ
1717 5311 1942 5416 ἤκουσεν

2386 5225 2488 5287 25.
2520 5222 2610 5285 De
2638 5223 2931 5305 Diogenis
2958 5224 3305 5286 dicacitate.

2105 5314 2407 5393 Diogenes
2430 5313 2681 5394 Cynicus
2700 5313 3095 5394 philosophus
3127 5309 3551 5391 erat.Cynicus
3578 5330 3684 5374 au-

281 5409 394 5468 ἀπο
440 5399 746 5492 μεταφορᾶς
795 5414 900 5466 τῶν
959 5407 1228 5489 χερσαίων
1309 5407 1502 5467 κυνῶν.
1564 5399 1787 5481 ’Ὥσπερ
1842 5404 1938 5482 γὰρ

2033 5415 2145 5468 tem
2179 5404 2376 5466 dictus
2409 5413 2496 5464 est
2519 5402 2915 5466 translatione
2936 5421 2970 5465 a
2991 5399 3241 5492 canibus
3263 5401 3687 5475 ducta.Quem-

282 5503 331 5560 οἱ
386 5504 540 5567 κύνες
602 5509 740 5560 οὗτοι
770 5500 957 5580 ἔχουσι
987 5521 1035 5555 τι
1067 5499 1156 5555 καὶ
1211 5493 1534 5576 φυλακτικὸν
1589 5495 1675 5551 καὶ
1731 5493 1941 5574 διακρι-

365 5633 449 5717 (1)
477 5632 715 5697 Inclusa
745 5631 967 5695 desunt
994 5628 1156 5714 apud
1187 5626 1453 5692 Billium.

2027 5494 2351 5557 admodum
2412 5493 2574 5555 enim
2634 5510 2815 5556 canes
2866 5490 3123 5556 latrandi
3180 5491 3684 5574 discernendique
