4166 6378
3757 261 3917 329 ίωθ

504 405 781 469 facultate
800 406 1035 489 praediti
1054 417 1193 471 sunt
1209 406 1589 488 (discernunt
1610 405 1768 468 enim
1792 400 2153 464 domesticos

2244 401 2387 457 τικὸν
2449 400 2787 482 (διακρίνουσι
2845 404 2949 483 γὰρ
3020 402 3144 469 τοὺς
3216 402 3439 468 οίκιίοικ
3517 401 3629 460 τῶν
3716 398 3905 473 ξένων,

503 506 561 555 et
583 496 914 558 familiares
935 496 1009 559 ab
1040 497 1364 568 exteris.ac
1388 496 1749 558 domesticos
1771 489 2157 567 custodiunt),

2245 493 2336 547 καὶ
2405 491 2724 572 φυλάττουσι
2784 495 2903 559 τοὺς
2961 491 3243 574 οἰκείους),
3292 491 3432 550 οὕτω
3481 495 3569 550 καὶ
3600 499 3757 553 οὗτος
3785 490 3915 565 ἔμι-

502 585 573 646 ad
602 586 881 647 eumdem
910 586 1039 669 ipse
1064 606 1302 667 quoque
1327 586 1566 648 modum
1592 594 1846 664 utraque
1877 579 2158 669 facultate

2245 594 2405 655 μεῖτο
2455 584 2517 639 τὸ
2567 580 2889 663 διακριτικὸν
2934 584 3025 641 καὶ
3084 582 3407 663 φυλακτικόν
3436 601 3451 617 ⁸
3512 585 3603 640 καὶ
3653 579 3915 662 ὶφόλαττε

506 675 786 756 pollebat.
827 674 970 737 Nam
1006 684 1063 737 et
1096 674 1494 756 philosophice
1551 674 1826 751 dogmata
1856 668 2158 733 custodie-

2244 671 2342 746 μὲν
2392 672 2460 730 τὰ
2512 670 2610 740 τῆς
2676 671 2989 754 φιλοσοφίας
3061 672 3327 751 δόγματα,
3396 670 3621 752 διέκρινε
3676 671 3734 726 δὲ
3789 668 3915 734 τοὺς

505 764 691 846 bat,et
714 764 969 827 idoneos
994 767 1064 827 ad
1092 762 1527 846 philosophiam
1552 762 1625 824 ab
1654 762 1743 823 his
1783 760 1883 843 qui
1919 759 2158 820 minime

2244 758 2577 828 ὶπιτηδείους
2660 763 2749 820 καὶ
2835 760 3240 830 ἀνεπιτηδείους
3352 765 3483 841 πρὸς
3572 759 3913 842 φιλοσοφίαν.

503 854 702 915 idonei
736 853 1371 932 erant,tlistinguebat.
1403 851 1609 915 Merito
1646 852 1839 933 itaque
1874 851 2158 927 Diogenes

2250 849 2414 916 Αὐτὸς
2457 858 2548 908 οὖν
2607 853 2635 908 6
2687 852 2947 931 Διογένης
2992 858 3231 917 τοιοῦτος
3276 853 3375 927 ὢν,
3422 852 3489 921 ἦν
3554 850 3776 914 εἰκότως
3827 850 3917 906 καὶ

497 267 621 335 999
1895 266 2052 331 NON
2060 263 2158 329 NU

2252 264 2495 330 ΔΒΒΔΒ

507 962 639 1004 cutn
659 944 792 1005 talis
817 950 1270 1018 esset,maxima
1292 942 1533 1005 dicendi
1565 940 1840 1003 libertate
1862 938 2162 1001 utebatur:

505 1042 678 1113 atque.
706 1043 766 1095 et
804 1052 1051 1113 magnos
1098 1044 1157 1095 et
1212 1041 1488 1114 potentes
1536 1032 1694 1092 viros
1726 1038 1785 1092 et
1816 1029 2167 1109 eloquentes

506 1124 773 1205 aliosque
803 1143 1013 1186 omnes
1048 1122 1286 1186 honesti
1320 1140 1497 1184 causa
1532 1119 1900 1198 coarguebat
1936 1138 1948 1180 :
1986 1118 2165 1197 idque

509 1215 765 1296 lepidius
791 1215 1116 1293 aliquando
1146 1214 1577 1291 scurriliusquc
1604 1206 2013 1270 faciebatliuc
2044 1205 2163 1285 igi-

506 1312 599 1365 tur
629 1316 911 1386 Spectans
958 1304 1028 1367 D.
1092 1303 1415 1382 Gregorius
1461 1301 1791 1380 Diogenem
1844 1296 2162 1360 ridiculum

503 1392 699 1475 potius
732 1402 836 1457 aut
872 1393 1267 1475 impostorem
1328 1392 1512 1453 fuisse
1544 1390 1648 1463 ait,
1681 1406 1860 1471 quam
1895 1386 2163 1468 philoso-

502 1483 708 1564 phum.
738 1482 845 1544 Est
876 1484 1037 1545 enim
1082 1484 1361 1559 στωμυλια
1419 1481 1582 1542 fraus
1613 1496 1706 1554 ea,
1741 1496 1857 1559 qua
1886 1476 2163 1538 homines

510 1574 829 1634 verborum
862 1575 1069 1656 lepore
1100 1573 1452 1656 facetiisque
1484 1570 2058 1635 circumveniuntur.

771 1663 871 1727 26.
902 1665 988 1726 De
1014 1682 1112 1744 eo,
1138 1666 1241 1744 qui
1265 1666 1328 1727 in
1349 1663 1510 1725 dolio
1539 1658 1875 1724 habitabat.

2249 938 2725 1019 εὒπαῤῥησίαστος.
2796 941 3096 1023 ³¹Ηλεγχεν
3182 951 3271 1002 οὖν
3347 952 3435 999 καί
3496 940 3753 1004 δυνάστας
3827 940 3917 995 καὶ

2247 1028 2616 1109 έλλυγίσμους,
2648 1033 2739 1090 καὶ
2766 1036 2939 1090 πάντα
2983 1032 3256 1111 ἄνθρωπον
3317 1030 3471 1099 δῆθεν
3514 1028 3598 1090 διὰ
3627 1033 3689 1087 τὸ
3719 1029 3912 1087 καλόν·

2249 1118 2495 1201 ἐλέγχων
2524 1120 2606 1203 δὲ,
2657 1123 2990 1201 ἀστειότερον
3050 1123 3133 1178 καὶ
3196 1119 3634 1201 γελοιωδέστερον
3672 1118 3912 1200 ἤλεγχε.

2249 1212 2389 1289 Πρὸς
2438 1219 2593 1270 τοῦτο
2644 1219 2734 1270 οὖν
2790 1211 3105 1290 ἀποϐλέψας
3165 1214 3194 1270 6
3264 1213 3527 1289 μακάριος
3610 1212 3909 1292 Γρηγόριος

2247 1299 2418 1382 λέγει,
2459 1300 2540 1359 ὅτι
2600 1305 2627 1359 6
2690 1302 2951 1383 Διογένης
2981 1307 3196 1383 γελοῖος
3243 1300 3447 1380 μᾶλλον
3474 1303 3540 1369 ἧν
3569 1302 3657 1357 καὶ
3679 1302 3910 1367 ἀπατη-

2244 1393 2417 1467 τικὸς,
2450 1393 2486 1461 ἢ
2516 1391 2832 1474 φιλόσοφος.
2862 1393 3148 1470 Στωμυλία
3181 1391 3238 1451 δέ
3278 1396 3427 1452 ἑστιν
3455 1394 3491 1461 ἡ
3523 1392 3657 1448 κατὰ
3685 1391 3913 1448 ἀστειὸ-

2244 1504 2384 1551 τι.τα
2403 1483 2584 1553 ἀπάτη
2615 1484 3054 1567 προσερχομένη.

2511 1665 2629 1739 κζ’
2644 1704 2662 1724 .
2695 1665 2819 1744 Περὶ
2843 1674 2938 1725 τοῦ
2965 1664 3294 1729 ένοικοῑΝτος
3324 1662 3413 1721 τὸν
3444 1664 3614 1725 πίθον.

584 1752 719 1815 Haec
744 1773 987 1834 quoque
1008 1755 1259 1816 hiswria
1277 1754 1351 1816 ad
1374 1752 1699 1832 Diogenem
1725 1758 1977 1831 spectat.
2008 1747 2158 1811 Nar-

2325 1752 2631 1835 Πολλαχῶς
2680 1753 2895 1814 δύναται
2939 1753 3292 1833 ὶξηγιῶἦναιο
3326 1754 3414 1812 καὶ
3474 1752 3607 1821 αὕτη
3784 1754 3913 1831 περὶ

506 1853 640 1905 rant
671 1844 831 1904 enim
868 1861 1001 1904 eum
1035 1842 1093 1903 in
1127 1843 1286 1904 dolio
1322 1842 1538 1905 hiemis
1596 1851 1863 1921 tempore
1894 1839 2163 1902 habitare

509 1933 773 2006 solitum,
810 1951 876 1993 ac
914 1934 1026 1993 sub
1053 1950 1359 2013 vesperam
1390 1932 1633 2013 quidem
1672 1929 1900 2009 ingredi
1926 1940 2167 2009 propter

506 2021 990 2101 frigus,interdiu
1014 2030 1211 2083 autem
1238 2021 1441 2101 egredi
1476 2030 1720 2101 pr0pter
1749 2020 1959 2081 solem.
1998 2019 2165 2082 Unde

503 2132 638 2173 cum
664 2111 988 2192 aliquando
1021 2110 1098 2173 ad
1125 2111 1311 2174 solem
1350 2111 1745 2191 apricaretur,
1772 2127 1841 2171 ac
1872 2127 2161 2190 superve-

505 2202 679 2262 niens
708 2200 1052 2263 Alexander
1073 2200 1217 2262 solis
1249 2202 1450 2262 lumen
1484 2201 1597 2282 ipsi
1626 2200 1970 2276 ademisset,
1994 2200 2159 2281 apri-

501 2291 778 2370 cantique
810 2290 1096 2369 ofﬁceret,
1132 2301 1582 2367 quaereretque,
1629 2288 1896 2369 nunquid
1930 2290 2105 2352 vellet
2142 2310 2155 2353 :

507 2381 699 2461 Nihil,
738 2380 1146 2461 inquit,aliud,
1183 2400 1358 2461 quam
1392 2389 1458 2444 ut
1486 2380 1778 2461 apricanti
1830 2399 1904 2440 ne
1935 2379 2157 2445 obstes.

507 2470 814 2549 Autigitur
838 2470 907 2531 ad
934 2470 1086 2531 hanc
1104 2470 1417 2532 historiam
1436 2469 1646 2532 alludit
1667 2470 2006 2549 Gregorius,
2035 2478 2155 2552 aut,

502 2569 565 2620 ut
598 2559 906 2640 probabile
937 2569 1048 2635 est,
1085 2561 1158 2622 ad
1195 2579 1325 2623 eam
1360 2579 1495 2637 qua:
1528 2561 1978 2622 Ptolemaeorum
2016 2569 2159 2621 tem-

502 2668 646 2731 pore
678 2648 921 2729 contigit
954 2667 967 2713 :
1028 2669 1159 2730 quae
1213 2649 1453 2731 quidem
1516 2648 1587 2711 ad
1622 2651 1781 2711 hunc
1813 2650 2056 2711 modum
2094 2668 2160 2711 se

498 2738 700 2803 habet:
722 2739 973 2801 Sotades
995 2738 1291 2819 quispiam
1306 2738 1746 2802 Alexandrinus
1770 2738 2161 2819 philosophus

503 2830 563 2890 in
597 2829 729 2890 loco
765 2828 1027 2907 quodam
1080 2837 1244 2889 stans
1301 2827 1701 2909 apricabatur,
1754 2848 1822 2890 ac
1851 2828 2161 2910 pediculos

499 2918 827 2999 quaerebat.
854 2915 1026 2980 Hunc
1058 2936 1090 2979 e
1121 2917 1365 2979 sublimi
1394 2919 1775 3000 conspicatus
1807 2918 2159 2980 Ptolemaeus

502 3007 839 3089 descendit,
874 3015 940 3067 ut
970 3027 1108 3068 eum
1144 3009 1203 3069 in
1232 3009 1427 3069 aulam
1462 3010 1730 3072 duceret.
1766 3009 2016 3072 Sotades
2048 3028 2154 3070 au-

2248 1842 2533 1923 Διογένους
2562 1845 2699 1909 iul.
2733 1845 2959 1925 Λέγεται
3002 1854 3114 1918 οὖν,
3163 1841 3245 1901 ὅτι
3295 1843 3349 1901 ὲν
3380 1850 3457 1920 τῷ
3486 1843 3720 1924 χειμῶνι
3751 1849 3913 1905 οὗτος

2244 1932 2394 1990 πίθον
2425 1932 2575 2009 ᾤκει,
2632 1935 2687 1993 iv
2738 1936 2784 2010 ᾦ
2828 1935 3055 2011 ἑσπέρας
3109 1935 3277 2004 είσήει
3307 1932 3392 1990 διὰ
3434 1935 3496 1990 τὸ
3524 1934 3703 2014 κρύος,
3756 1931 3908 2007 ἦμέ-

2249 2044 2341 2091 ρας
2376 2020 2431 2078 δὲ
2488 2022 2630 2100 ὲξῇει
2671 2021 2756 2081 διὰ
2811 2026 2904 2081 τὸν
2946 2022 3124 2091 ἥλιον.
3192 2023 3285 2080 Διὸ
3314 2023 3402 2080 καί
3455 2043 3585 2079 ποτε
3614 2026 3911 2100 θερμαινο-

2248 2110 2411 2188 μένου
2453 2116 2613 2172 αὐτοῦ
2668 2113 2725 2171 έν
2779 2120 2857 2189 τῷ
2911 2111 3075 2192 ἡλίῳ,
3128 2111 3329 2181 έπέστη
3388 2114 3416 2169 6
3475 2109 3820 2191 Ἀλέξανδρος
3891 2113 3921 2167 6

2247 2199 2531 2276 Μακεδὼν,
2590 2203 2908 2262 ἀποσκοτιῖω
2973 2205 3117 2279 αὖτῷ
3202 2210 3299 2261 τοῦ
3390 2202 3471 2278 μὴ
3541 2203 3920 2282 θερμαίνεσθαι

2246 2290 2405 2348 αὐτὸν
2460 2293 2515 2349 iv
2569 2300 2649 2355 τῶ
2704 2292 2867 2373 ἡλίῳ,
2910 2294 3000 2373 καὶ
3056 2291 3231 2371 λέγων
3262 2310 3277 2325 ⁸
3338 2292 3493 2373 Εἰπὲ,
3542 2293 3816 2371 Διόγενες,
3868 2287 3920 2347 τί

2244 2380 2422 2456 βούλει
2455 2406 2539 2441 σοι
2571 2371 2884 2464 χαρίσωμαι
2920 2402 2937 2464 ;
2975 2371 3031 2442 Ὀ
3058 2381 3115 2440 δὲ
3148 2382 3279 2441 ε’ίπε
3315 2400 3330 2417 ’
3375 2371 3543 2443 Τοῦτό
3569 2403 3662 2464 μοι
3684 2382 3894 2464 χάρισα

2242 2474 2304 2529 τὸ
2331 2475 2517 2553 μικρὸν
2576 2463 2928 2543 ὗίπεκστῆναίί
2963 2497 3090 2551 μου,
3148 2472 3244 2532 ἵνα
3300 2476 3594 2552 θερμανθῶ.
3651 2463 3737 2528 "ﬂ
3813 2478 3914 2529 οὖν

2245 2560 2380 2630 αὕτη
2423 2563 2563 2622 ἐστὶν
2592 2566 2627 2633 ἡ
2658 2566 2883 2645 ἱστορία,
2928 2565 2993 2646 ἢ,
3042 2567 3120 2628 ὡς
3171 2565 3336 2637 εἰκὸς,
3395 2564 3431 2632 ὴ
3486 2562 3753 2642 γενομένη
3814 2561 3909 2618 ἐπὶ

2244 2659 2335 2710 τοῦ
2391 2652 2726 2730 Πτολεμαίου
2754 2673 2769 2688 ’
2806 2653 2917 2712 ’έστι
2946 2652 3001 2710 δὲ
3032 2652 3167 2721 αὕτη
3203 2672 3219 2688 ⁸
3255 2650 3512 2721 Σωτάδης
3542 2673 3623 2715 τις
3647 2648 3908 2716 Ἀλεξαν-

2246 2738 2393 2813 δρεὺς
2427 2742 2740 2824 φιλόσοφος,
2774 2744 2968 2802 ἵστατο
3018 2743 3075 2800 iv
3103 2742 3256 2817 τόπῳ
3284 2745 3387 2800 τινὶ
3429 2741 3485 2797 iv
3515 2740 3652 2815 ἡλίῳ
3680 2742 3905 2821 φθειρό-

2244 2853 2429 2906 μενος.
2492 2836 2689 2892 Τοῦτον
2743 2832 2941 2891 ἄνωθεν
2993 2831 3052 2891 ἔκ
3080 2854 3221 2896 τινος
3282 2832 3523 2889 ἀπόπτου
3578 2832 3912 2906 θεασάμενος

2245 2923 2273 2978 6
2333 2921 2700 3004 Πτολεμαῖος,
2756 2921 3022 2991 κατῆλθεν
3085 2921 3180 2978 ἵνα
3211 2921 3367 2980 αὐτὸν
3399 2917 3554 2979 λάϐοι
3584 2923 3658 2984 εἰς
3704 2920 3772 2976 τὰ
3798 2920 3911 2997 βα-

2244 3011 2438 3072 σίλεια.
2498 3010 2558 3071 Ὀ
2618 3011 2674 3069 δὲ
2724 3012 2980 3081 Σωτάδης
3065 3010 3191 3069 ἰδὼν
3274 3013 3461 3086 αὐτὸν,
3535 3008 3777 3079 εἰσῆλθεν
3829 3012 3910 3075 εἰς

502 3109 621 3161 tem
649 3118 719 3159 eo
754 3070 1076 3177 coiispecto
1109 3098 1170 3157 in
1221 3098 1363 3158 dolii
1396 3099 1706 3177 cujusdam
1747 3099 2004 3178 jacentis
2036 3100 2155 3160 fra-

2244 3070 2667 3183 xléapauatmou
2717 3070 2988 3183 κειμένου,
3049 3102 3137 3159 καὶ
3213 3070 3483 3181 ὑπεκρύϐῗη
3540 3070 3653 3157 τὸν.
3692 3070 3909 3156 Hrcle;

495 3196 804 3267 gmentum
841 3204 974 3248 sese
1005 3186 1486 3267 inclusit,sicque
1505 3186 1828 3250 Ptolemaeo
1848 3187 2132 3251 abscondi

2244 3202 2431 3268 μαῖον.
2470 3178 2741 3271 ’Ὕστερον
2770 3189 2825 3248 δὲ
2857 3194 2930 3259 ὡς
2961 3178 3146 3271 ἀτυχῆ
3178 3212 3319 3255 τινες
3352 3178 3550 3248 ⁷τοῦτον
3602 3186 3907 3252 διέϐαλλον,

499 3286 591 3339 tus
647 3288 775 3353 est;
834 3284 1040 3357 postea
1095 3285 1291 3338 autem
1351 3286 1415 3338 ut
1448 3277 1632 3340 miser
1664 3288 1725 3341 et
1756 3279 2158 3343 infortunatus

2244 3276 2446 3337 ’Ἄλλοι
2478 3277 2533 3337 δὲ
2564 3279 2831 3360 λέγουσιν,
2864 3280 2946 3338 ὅτι
3000 3282 3155 3346 αὐτὸς
3188 3282 3216 3339 6
3268 3277 3636 3358 Πτολεμαῖος,
3693 3279 3786 3337 καὶ
3842 3280 3908 3335 τὸ

496 3365 845 3447 suggillatus
877 3365 1116 3428 est.Alii
1149 3364 1359 3428 dicunt
1386 3365 1771 3430 Ptolemaeum
1799 3370 1909 3431 hoc
1942 3369 2157 3433 iambi-

2244 3366 2487 3446 ἰαμϐεῖον
2514 3372 2671 3429 τοῦτο
2701 3368 3061 3452 ἀπεφθέγξατο
3095 3386 3111 3401 ⁸

492 3475 626 3521 cum
659 3457 722 3518 in
753 3474 888 3517 eum
922 3455 1291 3520 contorsisse
1325 3474 1339 3520 :

493 3548 659 3613 Malo
686 3545 953 3627 fortuna?
982 3552 1243 3625 guttam,
1278 3564 1465 3628 quam
1504 3548 1852 3629 prudentiae
1894 3549 2148 3613 dolium.

578 3636 808 3712 Quibus
828 3634 1028 3697 verbis
1058 3635 1441 3717 significabat
1464 3637 1691 3699 dolium
1725 3638 1969 3721 quidem
2002 3639 2150 3702 illud

2244 3642 2612 3719 Αίνιττόμενος
2663 3641 2745 3699 ὅτι
2803 3645 2832 3699 6
2885 3643 3034 3707 πίθος
3094 3640 3303 3705 ἐκεῖνος
3369 3641 3564 3717 μεστός
3622 3638 3734 3697 ἐστι
3764 3661 3903 3719 φρει-

496 3726 815 3810 prudentia
837 3732 1071 3787 scatere
1092 3733 1339 3806 propter
1359 3724 1777 3810 Sotadem,qui
1796 3747 1867 3791 eo
1882 3728 2150 3792 include-

2244 3732 2364 3809 νῶν,
2408 3729 2499 3789 διὰ
2565 3729 2678 3813 [τὸ]
2739 3733 2834 3789 τὸν
2890 3729 3147 3799 Σωτάδην
3208 3730 3354 3797 ἰντὸς
3396 3729 3557 3787 αὐτοῦ
3585 3732 3720 3786 εἶναι
3755 3745 3770 3759 ·
3802 3732 3898 3788 καὶ

490 3816 685 3881 batur:
713 3823 910 3877 tamen
934 3813 1072 3895 quia
1096 3815 1223 3896 ipse
1245 3814 1647 3879 infortunatus
1667 3818 2005 3891 esset,nihil
2034 3819 2150 3900 ipsi

2244 3829 2383 3900 ὅμως
2434 3819 2519 3879 διὰ
2570 3824 2633 3880 τὸ
2679 3826 2821 3880 εἶναι
2881 3822 3042 3881 αὐτὸν
3099 3821 3305 3902 ἀτυχῆ,
3366 3816 3514 3879 οὐδὲν
3545 3820 3701 3879 αὐτὸν
3746 3817 3899 3900 ὢφέ-

492 3914 713 3970 tantam
739 3904 1072 3987 prudentiae
1091 3904 1422 3967 ubertatem
1452 3907 1863 3988 profuisse.Ac
1884 3908 2156 3992 talisqui.

2244 3912 2407 3981 λησεν
2467 3913 2505 3982 ἠ
2563 3913 2671 3972 τῶν
2714 3918 2921 3993 φρενῶν
2998 3910 3228 3980 πληθύς,
3280 3910 3381 3969 Καὶ
3448 3910 3485 3979 ἦ
3535 3908 3635 3985 μέν
3687 3910 3898 3986 ἱστορία

490 3998 627 4059 dem
662 4004 751 4057 est
777 3995 904 4057 haec
934 3993 1202 4057 historia.
1233 3995 1408 4058 Nunc
1431 3997 1504 4058 ad
1526 3996 2037 4062 constructionem
2061 4018 2157 4063 ve.

2244 4003 2374 4072 αὕτη
2400 4022 2416 4039 ο
2473 4004 2509 4073 ἡ
2540 4001 2595 4060 δὶ
2645 4001 2883 4069 σύνταξις
2939 4001 3083 4059 ἔστιν
3115 4001 3256 4059 οὕτω
3288 4019 3310 4043 ο
3348 4000 3446 4058 Καὶ
3471 4004 3571 4067 τῆς
3611 3998 3899 4078 Διογένους

490 4086 841 4161 ηἰειιηιιε,καὶ
867 4089 964 4154 τῆς
1000 4084 1280 4175 Διογένους
1302 4086 1609 4163 στωμυλίας
1639 4089 1726 4168 ὑφ’
1748 4089 1814 4158 ἦς
1837 4091 1957 4154 τοὺς
1981 4089 2156 4157 ξένους
2239 4092 2569 4175 στωμυλίας,
2619 4093 2706 4175 ὑφ’
2759 4093 2826 4162 ἧς
2858 4093 2980 4157 τοὺς
3011 4091 3187 4160 ξένους
3220 4088 3558 4158 ὒπεξίστησιν
3591 4105 3607 4120 '
3637 4088 3712 4147 ἵν’
3743 4089 3781 4158 ἢ
3810 4089 3897 4147 ὅτι

488 4175 819 4250 ὖπεξίστησι,
854 4191 1107 4256 quorum
1139 4174 1461 4237 vevborum
1494 4176 1594 4238 hic
1626 4196 1842 4240 sensus
1870 4192 1985 4243 est:
2019 4180 2158 4243 Dio.

2244 4187 2270 4243 ὃ
2304 4174 2565 4263 Διογένης
2594 4180 2679 4241 διὰ
2709 4182 2806 4252 τῆς
2837 4181 3141 4260 στωμυλίας
3191 4180 3363 4240 ὶποίει
3407 4181 3717 4261 ἀποχωρεῖν
3766 4180 3896 4243 τοὺς

2455 3549 2607 3609 Θέλω
2636 3553 2811 3633 τύχης
2837 3549 3174 3633 σταλαγμὸν,
3206 3549 3245 3620 ἢ
3276 3548 3481 3631 φρενῶν
3511 3547 3686 3609 πίθον.

484 4282 667 4346 genes
686 4266 1008 4327 dicacitate
1033 4281 1145 4326 sua
1176 4282 1274 4328 eos
1331 4268 1438 4346 qui
1463 4268 1580 4347 ipsi
1609 4266 1896 4331 umbram
1926 4268 2151 4349 efﬁcie-

2244 4275 2335 4344 τὴν
2368 4274 2523 4331 σκιὰν
2556 4277 2697 4349 αὐτῷ
2752 4278 3038 4338 ποιοῦντας
3094 4271 3245 4352 (τοῖς
3296 4269 3568 4351 τυράννοις
3622 4266 3678 4326 δὲ
3718 4266 3897 4348 λέγει,

488 4358 631 4420 bunt
660 4354 1069 4418 submouebat.
1116 4352 1233 4416 Per
1282 4362 1563 4436 tyrannos
1618 4367 1844 4434 autem,
1884 4360 2151 4440 tyranni-

492 4465 595 4509 cos
628 4462 941 4508 sermones
968 4442 1270 4523 intelligit,
1319 4445 1539 4525 quibus
1568 4447 1855 4509 secedere
1905 4449 2159 4530 cogebat

488 4555 594 4600 eos
627 4550 665 4598 ι
690 4534 915 4617 quibus
944 4532 1245 4594 adibatur.
1279 4532 1571 4607 Quocirca
1602 4536 1727 4599 sive
1759 4556 1879 4599 una
1906 4541 2156 4603 eadem-

497 4642 620 4707 que
645 4621 724 4687 sit
755 4621 1095 4685 dicacitatis
1123 4620 1407 4702 Diogenis
1440 4632 1499 4686 et
1528 4626 1672 4688 dolii
1707 4626 1980 4701 historia,
2017 4649 2160 4692 con.

487 4713 739 4778 structio
762 4713 974 4793 juncta
1004 4720 1095 4773 est
1123 4732 1138 4789 ;
1196 4712 1320 4775 sive
1371 4713 1505 4776 dua;
1533 4714 1657 4781 sint
1687 4717 1976 4793 historiae,
2014 4739 2161 4783 con-

489 4802 777 4867 struenda
834 4801 948 4892 erit
1005 4800 1296 4892 Diogenis
1345 4802 1629 4868 dicacitas
1685 4826 1820 4870 cum
1878 4827 1949 4871 eo
2000 4809 2160 4892 quod

488 4892 783 4975 sequitur,
840 4890 926 4972 ὑφ’
999 4890 1065 4960 ἧς
1140 4892 1261 4955 τοὺς
1346 4892 1522 4959 ξένους
1586 4894 1921 4965 ὖπεξίστησι,
1983 4890 2155 4969 Quod

484 4992 688 5047 autem
747 4997 854 5063 per
914 4988 1193 5061 tyrannos
1250 4980 1576 5065 importuni
1606 4991 1785 5067 atque
1819 4985 2153 5050 insolentes

2238 4364 2354 4422 ἀντὶ
2403 4366 2517 4441 τοῦ,
2578 4376 2700 4429 τοῖς
2734 4363 2913 4443 λόγοις
2942 4374 3061 4426 τοῖς
3091 4373 3449 4442 τυραννικοῖς,
3483 4361 3649 4417 ποιῶν
3679 4358 3904 4440 ἀναχω-

2242 4454 2361 4537 ρεῖν
2418 4454 2544 4519 τοὺς
2602 4450 3088 4534 ἐντυγχάνοντας),
3144 4450 3182 4521 ἢ
3258 4457 3349 4508 οὖν
3401 4456 3535 4527 μιᾶς
3581 4448 3741 4518 οὔσης
3799 4455 3903 4518 τῆς

2243 4544 2383 4603 κατᾶ
2439 4544 2540 4611 τὴν
2596 4543 2902 4620 στωμυλίαν
2958 4543 3049 4600 καὶ
3096 4542 3189 4599 τὸν
3244 4543 3395 4599 πίθον
3448 4542 3484 4609 ἠ
3516 4538 3754 4606 σύνταξις
3782 4562 3905 4598 συν.

2243 4632 2475 4709 δέδεται,
2507 4632 2543 4703 ἢ
2572 4632 2662 4691 δύο
2694 4635 2864 4693 οὐσῶν
2922 4633 3031 4691 τῶν
3082 4630 3355 4711 ἱστοριῶν,
3414 4626 3655 4696 σύντάξαι
3686 4626 3769 4687 δεῖ
3798 4630 3903 4697 τὴν

2248 4723 2530 4805 Διογένους
2562 4721 2866 4801 στωμυλίαν
2926 4722 3064 4799 μετὰ
3121 4726 3235 4793 τοῦ,
3290 4717 3379 4801 ὑφ’
3408 4718 3499 4788 ἧς.
3554 4716 3902 4777 "011.6619-

2244 4814 2462 4893 ράννους
2519 4810 2740 4869 καλοῦσι
2790 4811 2913 4877 τοὺς
2966 4814 3183 4891 θρασεῖς
3232 4807 3449 4890 λόγους,
3506 4809 3596 4866 καὶ
3653 4810 3811 4873 αὐτὸς
3868 4810 3901 4866 6

2243 4907 2391 4967 θεῖος
2441 4902 2574 4981 ἀνὴρ
2628 4902 2921 4983 Γρηγόριος
2953 4901 3110 4959 εἶπεν
3143 4918 3157 4932 '
3193 4900 3267 4965 ὣς
3298 4897 3360 4957 ἔκ
3388 4902 3487 4968 τῆς
3545 4895 3839 4978 τραγῳδίας
3874 4918 3893 4937 ⁶

2236 4992 2473 5070 μάλιστα
2564 4993 2665 5073 γὰρ
2750 4994 2799 5050 οἱ
2871 4989 3114 5072 τραγικοὶ
3190 4995 3260 5069 τῇ
3316 4988 3539 5068 τοιαύτῃ
3594 4987 3896 5070 κέχρηνται

486 5089 804 5138 sermones
831 5068 1245 5152 intelligantur
1262 5069 1641 5155 (l),ipsemet
1665 5073 1987 5157 Gregorius
2005 5076 2153 5139 dixit

2461 5083 2533 5142 Τὸ
2562 5068 2650 5158 δὲ,
2675 5082 2795 5148 τους
2827 5068 3063 5147 εὔτελεῖς
3113 5068 3299 5161 ἄρτους
3350 5091 3471 5147 τοῖς
3531 5068 3894 5162 σησαμοῦσιν,

572 5232 1241 5317 (1)Fallitur_Nonnus,
1304 5236 1746 5317 inquitBillius
1806 5236 1999 5300 schol.
2045 5238 2147 5316 40,

486 5317 560 5380 ad
582 5312 606 5376 Ι
626 5312 837 5399 contra
850 5312 1119 5399 Iuliam,
1153 5333 1212 5396 p.
1247 5312 1542 5399 409.Cum
1566 5317 1860 5399 Diogenes
1880 5312 2149 5397 aliquant;

489 5399 565 5460 do
580 5397 737 5482 apud
760 5396 1084 5482 quemdam
1105 5404 1373 5461 ctenaret
1387 5398 1563 5475 eique
1577 5396 1758 5482 simul
1782 5408 1840 5461 et
1861 5396 2150 5482 placentae

2498 5237 2557 5299 Ὠ
2589 5241 2729 5317 ξένε,
2759 5242 3031 5322 τυράννοις
3054 5244 3115 5299 bc
3143 5240 3321 5300 πόδων
3352 5242 3625 5319 μεθὶσταο.

2438 5351 2689 5434 Hospes,
2722 5352 3001 5433 tyrannis
3032 5347 3172 5412 cede
3197 5348 3515 5429 confestim
3542 5348 3665 5411 via.

491 5487 550 5574 et
580 5475 902 5574 bprdeacei
930 5494 1117 5574 panes
1145 5487 1623 5574 apponerentur,
1646 5475 1940 5574 s_u_bmolis
1969 5482 2147 5563 pani-
2231 5484 2350 5549 Per
2380 5491 2662 5574 tyrannos
2689 5481 2984 5574 videlicet.
3014 5480 3208 5574 (quod
3255 5478 3747 5574 nomenplitnin
3774 5477 3900 5541 ho-

489 5555 613 5657 Ηυξ
624 5555 1257 5657 ipplaeentasrnanus
1275 5560 1507 5640 injecit,
1534 5559 1683 5623 illud
1708 5555 2001 5639 tragicum
2028 5581 2148 5625 non
2232 5583 2383 5629 nore
2404 5555 2573 5657 erat)
2596 5565 2897 5657 placentas
2918 5644 2919 5647 η
2937 5555 3308 5657 signiﬁcans,
3343 5579 3452 5645 per
3484 5559 3751 5653 hospites
3776 5577 3897 5623 au-

491 5634 909 5717 intemp‘estive
938 5637 1251 5717 proferens
1284 5656 1299 5703 :

2235 5656 2358 5713 tem
2387 5643 2651 5710 cibariae
2681 5654 2742 5709 et
2765 5643 2919 5708 viles
2935 5643 3145 5726 panes.
