4166 6390
274 262 419 337 1001
1082 256 1183 336 Ai)
1227 273 1286 334 s.
1334 256 1702 348 GREGORII
1738 248 2036 343 ,OBATJ
2081 250 2390 334 CONTRA
2441 263 2849 332 JULIANUM.
3501 247 3661 334 mos

271 392 412 452 ἐστὶν
485 393 628 469 αύτῷ
683 391 1022 472 παρῴδησις.
1098 391 1273 450 ’Ἔστι
1304 391 1402 468 μὲν
1429 391 1666 448 τοιούτόν
1696 413 1746 448 τι
1776 388 1919 466 παρὰ
1939 395 1981 444 Α

2028 407 2072 448 ex
2104 391 2412 468 tragoedia.
2447 391 2682 471 Tragici
2715 393 2875 454 enim
2908 395 3282 474 potissimum
3309 397 3652 478 hujusmodi

270 497 576 564 τραγικοῖς,
623 483 833 558 μᾶλλον
907 482 962 539 δὲ
1005 484 1149 562 παρὰ
1192 493 1458 558 κωμικοῖς
1488 479 1805 561 λιγύμενον,
1840 477 1923 534 ὅτι

2033 496 2176 558 ropo
2209 489 2479 543 utuntur.
2511 480 2680 554 Quod
2713 491 2908 542 autem
2953 485 3055 557 ait,
3091 481 3253 545 Viles
3285 477 3468 564 panes
3512 488 3651 568 pla-

273 572 360 632 διὰ
415 580 521 631 τῶν
577 570 840 653 ἡδυτέρων
872 571 1043 652 ἄρτων
1086 575 1209 637 τοὺς
1241 570 1478 636 εὖτελεῖς
1523 569 1923 650 ἆποφαυλίζουο

2028 569 2219 646 :entis,
2255 571 2367 631 hoc
2399 589 2508 652 per
2551 571 2907 632 allusionem
2964 572 3128 636 dicit.
3161 569 3391 635 Etenim
3443 578 3656 658 hujus-

275 686 359 720 σιν
414 663 625 743 ἄρτους,
689 664 1040 746 ΚαταπαίζζειΔ
1081 663 1168 721 οὖν
1215 667 1242 720 6
1301 667 1450 728 θεῖος
1495 662 1798 744 Γρηγόριος
1853 665 1924 736 τῇ

2028 659 2171 720 nodi
2199 659 2479 740 quiddam
2506 661 2661 742 apud
2689 663 3061 740 tragicos,vel
3088 663 3283 744 potius
3305 664 3460 746 apud
3483 669 3665 730 comi-

273 751 579 828 παρῳδήσει
651 753 963 833 χρώμενος·
1001 743 1163 834 "Ott,
1195 756 1347 835 φησὶ,
1377 752 1463 810 διὰ
1491 753 1590 821 τῆς
1621 749 1924 828 στωμυλίας

2028 769 2109 809 :os
2141 751 2380 814 dicitur.
2431 753 2547 814 Per
2603 752 2909 813 suaviores
2961 743 3143 833 panes
3199 743 3432 816 viliores
3484 777 3667 838 panes

274 849 374 911 τῆς
427 841 717 912 ἡδυνούσης
762 845 817 899 ἒν
879 851 956 918 τῷ
1024 845 1365 924 φθέγγεσθαι,
1425 842 1749 924 ἀπεφαύλιζε
1803 841 1923 902 τοὺς

2028 839 2302 919 lejiciunt
2327 849 2506 922 atque
2528 850 2945 920 aspernantur.
2977 841 3063 903 Ad
3089 841 3205 903 hoc
3231 862 3369 922 ergo
3393 847 3667 908 ailudens

275 934 812 1013 παρατυγχάνοντας,
860 932 1155 1015 διελέγχων
1227 936 1436 997 αὐτους.
1492 934 1639 992 Κατὰ
1706 930 1760 987 δὲ
1830 930 1930 996 τὴν

2028 930 2334 1008 Gregorius
2367 930 2524 991 hunc
2556 929 2805 1009 Diogeni
2841 949 3062 990 morem
3088 930 3270 992 fuisse
3293 933 3396 1016 ait,
3427 934 3669 998 utdica-

273 1023 414 1098 ἐμὴν
455 1027 649 1102 κρίσιν,
716 1025 841 1098 μίαν
887 1023 1101 1103 ἢγημαι
1151 1025 1246 1093 τὴν
1275 1026 1413 1081 κατὰ
1460 1024 1560 1092 τὴν
1627 1019 1930 1098 στωμυλίαν

2028 1018 2214 1096 :itate,
2249 1039 2381 1100 qua:
2412 1019 2748 1081 auditorum
2775 1019 3006 1082 animos
3032 1020 3310 1092 oblectat,
3340 1023 3670 1105 vilipende-

275 1114 365 1169 καὶ
395 1115 486 1170 τὸν
517 1115 664 1171 πίθον
697 1114 953 1192 ἱστορίαν,

2028 1117 2108 1172 ret
2136 1128 2261 1187 eos,
2290 1110 2390 1191 qui
2416 1109 2531 1191 ipsi
2562 1111 2711 1171 forte
2735 1110 3160 1185 occurrebant,
3194 1111 3478 1176 nimirum
3507 1119 3671 1197 ipsos

2018 1217 2370 1278 coarguens.
2402 1201 2534 1262 Meo
2572 1208 2770 1261 tamen
2797 1200 3024 1278 judicio
3072 1219 3188 1262 una
3218 1202 3551 1283 eademque
3582 1216 3671 1269 est

2023 1289 2351 1352 dicacitatis
2384 1297 2442 1352 et
2477 1289 2624 1352 dolii
2655 1289 2918 1351 historia.

731 1382 835 1453 κζ’,
870 1383 993 1461 Περὶ
1024 1381 1117 1439 τοῦ
1145 1379 1485 1460 Ἐπικούρου.

2566 1380 2666 1442 27.
2703 1379 2792 1441 De
2831 1379 3122 1460 Epicuro.

368 1470 677 1551 Ἐπίκουρος
734 1472 1024 1552 φιλόσοαος
1078 1471 1316 1550 γέγονεν,
1377 1471 1530 1537 ὅστις
1562 1472 1641 1547 μὴ
1677 1469 1935 1550 προνοεῖ-

2105 1467 2397 1548 Epicurus
2423 1470 2816 1549 philosophus
2843 1471 3027 1531 Deum
3055 1471 3443 1535 humanarum
3469 1491 3669 1538 rerum

287 1565 407 1619 σθαι
463 1563 554 1617 τὸν
589 1562 718 1616 Θεὸν
776 1567 882 1616 τῶν
940 1557 1067 1638 τῇδε
1116 1561 1447 1639 πραγμάτων
1477 1557 1742 1625 ἐδόξασεν.
1777 1565 1938 1621 Οὗτος

2028 1577 2170 1619 cura
2201 1559 2427 1620 minine
2458 1559 2616 1638 tangi
2649 1560 2904 1621 censuit.
2943 1560 3102 1621 [dem
3129 1581 3425 1623 summum
3453 1563 3672 1626 bonum

287 1651 343 1708 δὲ
402 1652 490 1708 καὶ
539 1649 692 1714 τέλος
751 1653 950 1714 παντὸς
1021 1650 1220 1728 ἀγαθοῦ
1274 1649 1471 1707 ἐτίθετο
1505 1653 1604 1718 τήν
1632 1648 1852 1721 ἡδονὴν,
1882 1649 1981 1732 οὗ]

2028 1651 2085 1712 in
2112 1652 2412 1732 voluptate
2437 1651 2740 1714 constituit
2767 1672 2780 1711 :
2812 1671 3145 1732 quanquam
3170 1654 3269 1734 qui
3294 1656 3675 1738 philosopho.

287 1743 389 1809 τήν
432 1741 748 1820 ἀκάθαρτον,
807 1739 946 1797 ἀλλὰ
994 1740 1093 1806 τὴν
1154 1741 1528 1818 φυσικωτάτην
1585 1740 1935 1800 κατάστασιν.

2028 1760 2158 1804 rum
2191 1742 2464 1822 dogmata
2499 1746 2986 1823 interpretantur,
3023 1761 3156 1803 eum
3193 1763 3310 1804 non
3353 1746 3412 1806 in
3446 1747 3680 1828 impura

290 1833 388 1890 Κατ
461 1829 525 1898 δὴ
578 1833 626 1888 οἱ
684 1831 962 1912 φιλόσοφοι
1036 1830 1541 1909 ἀποσκορακίζουοιν
1573 1830 1730 1886 αὐτὸν
1757 1828 1831 1893 ὤς
1867 1827 1944 1902 μὴ

2029 1840 2207 1912 atque
2229 1832 2490 1893 obscena
2512 1833 2810 1912 voluptate
2834 1850 3131 1892 summum
3158 1830 3377 1893 bonum
3407 1827 3682 1916 posuisse

286 1919 514 1998 λέγοντα
545 1920 824 2002 Πρόνοιαν,
860 1923 944 1975 καὶ
1015 1918 1096 1975 ὅτι
1169 1919 1320 1985 τέλος
1351 1921 1546 1977 τίθεται
1576 1920 1674 1988 τὴν
1721 1917 1944 2000 ἡδονὴν,

2032 1921 2266 1996 dicunt,
2297 1922 2400 1982 sed
2427 1921 2486 1982 in
2512 1929 2664 1982 statu
2692 1920 2949 1982 maxime
2975 1922 3250 1984 naturali.
3280 1920 3449 1985 Hunc
3476 1945 3685 1990 omnes

286 2011 376 2066 καὶ
437 2012 495 2066 ού
549 2013 611 2067 τὸ
641 2010 862 2089 ἀγαθὸν,
907 2012 970 2067 τὸ
1015 2010 1313 2088 πρώτιστον
1345 2012 1433 2068 καὶ
1465 2012 1654 2087 μόνον.
1691 2015 1858 2069 τοῦτο
1891 2007 1947 2063 δέ

2037 2010 2377 2092 philosophi
2395 2010 2746 2092 eXplodunt,
2769 2020 2888 2071 tum
2914 2011 3070 2092 quod
3096 2012 3353 2073 divinam
3374 2015 3688 2096 providen-

287 2101 435 2157 ἐστιν
467 2103 494 2156 6
542 2101 694 2164 Θεός.

2038 2100 2180 2161 tiam
2216 2101 2465 2181 negarit,
2504 2110 2627 2163 tum
2661 2099 2819 2182 quod
2857 2103 3210 2181 voluptatem
3240 2121 3537 2166 summum
3572 2105 3684 2168 bo-

2039 2210 2180 2252 num
2206 2210 2338 2253 esse
2363 2191 2782 2271 pronuntiarit,
2816 2209 2932 2251 non
2961 2201 3155 2252 autem
3177 2193 3521 2274 primarium
3543 2195 3682 2261 illud

2037 2299 2104 2342 ac
2137 2281 2326 2342 solum
2364 2282 2607 2358 bonum,
2641 2280 2754 2340 hoc
2787 2290 2875 2341 est
2906 2281 3120 2342 Deum.

765 2368 878 2436 ηκ’.
912 2371 1036 2449 Περὶ
1065 2376 1159 2427 τοῦ
1191 2369 1490 2450 Κράτητος,

2591 2370 2694 2432 28.
2736 2369 2821 2430 De
2853 2368 3120 2432 Cratete.

389 2458 599 2538 Κράτης
629 2456 869 2526 Θηϐαῖος
928 2461 996 2526 ἦν
1025 2464 1126 2526 τῆς
1158 2461 1413 2523 Βοιωτίας
1445 2461 1507 2516 τὸ
1564 2460 1740 2538 γένος.
1790 2466 1952 2522 Οὗτος

2120 2463 2328 2523 Crates
2351 2460 2538 2541 patria
2568 2458 2910 2538 Thebanus,
2946 2479 3079 2537 quae
3110 2459 3353 2525 Boeotiae
3381 2466 3526 2526 urbs
3576 2477 3688 2548 est,

297 2549 654 2631 φιλοσοφῆσαι
704 2547 871 2604 θέλων
938 2551 1033 2617 τὴν
1083 2549 1305 2616 κυνικὴν
1361 2548 1697 2630 φιλοσοφιαν,
1779 2547 1956 2605 λαϐὼν

2041 2550 2272 2632 Cynicae
2310 2549 2709 2631 philosophiae
2732 2549 3058 2627 cupiditate
3113 2560 3341 2631 captus,
3381 2547 3692 2620 facultates

297 2641 366 2696 τὰ
463 2639 778 2716 ὑπάρχοντα
845 2641 1025 2713 αὐτοῦ,
1094 2637 1272 2717 ἓῤῥιψε
1331 2643 1410 2712 τῷ
1467 2636 1646 2714 δήμῳ,
1728 2638 1954 2717 κηρύξας

2040 2660 2248 2702 omnes
2272 2660 2411 2702 suas
2438 2640 2498 2701 in
2523 2639 2730 2718 vulgus
2755 2638 3026 2717 projecit,
3058 2649 3236 2721 atque
3263 2642 3341 2701 ita
3364 2645 3690 2722 proclama-

302 2727 466 2785 οὕτωσ
527 2729 736 2806 Κράτης
808 2727 1028 2786 ἀπολύει
1117 2730 1184 2785 τὰ
1245 2729 1544 2808 Κράτητος,
1602 2728 1695 2785 ’ἱνα
1754 2731 1832 2804 μὴ
1890 2729 1957 2784 τα

2039 2731 2118 2790 vit
2147 2748 2160 2792 :
2187 2734 2394 2792 Crates
2425 2730 2675 2793 Cratetis
2712 2728 2864 2788 bona
2893 2727 3118 2807 abjicit,
3149 2749 3224 2792 ne
3253 2730 3506 2794 Cratetis
3539 2737 3693 2798 bona

305 2819 580 2896 Κράτητος
650 2819 894 2896 κρατήσῃ
953 2820 1044 2874 τὸν
1105 2817 1376 2896 Κράτητα,
1416 2820 1513 2876 Καὶ
1556 2821 1622 2874 τὰ
1647 2825 1822 2898 χωρία
1857 2820 1955 2874 αύ-

2042 2821 2334 2883 Cratetem
2367 2827 2672 2901 superent.
2710 2821 2790 2879 Ac
2826 2819 3049 2899 prasdia
3081 2839 3185 2879 sua
3225 2820 3507 2896 μηλοϐοτα
3540 2825 3691 2886 teli-

301 2915 397 2964 τοῦ
446 2905 598 2962 εἴασε
657 2907 900 2986 γενέσθαι
959 2906 1257 2983 μηλόϐοτα.
1346 2906 1659 2975 Μηλόϐοτον
1719 2907 1773 2963 δέ
1844 2908 1981 2991 ἐστιλ

2042 2911 2167 2990 quit
2196 2927 2208 2972 :
2238 2908 2810 2985 pnlda’oroqautemis
2871 2908 3035 2968 locus
3084 2917 3194 2984 est,
3233 2911 3332 2991 qui
3359 2915 3695 2990 pecudibus

301 2999 526 3077 χωρίον,
588 2995 642 3052 ἐν
713 2998 759 3070 ᾧ
818 2996 1141 3054 ἀπολύονται
1198 2999 1264 3053 τὰ
1293 2995 1532 3076 πρόϐατα
1564 2999 1637 3064 εἷς
1667 2999 1729 3054 τὸ
1758 2981 1981 3074 βόσκε-1

2041 2970 2115 3061 ἑά
2149 2999 2511 3081 pascendum
2542 2997 2942 3078 relinquitur;
2979 2998 3126 3076 μῆλα
3157 2970 3314 3059 enim
3350 2970 3492 3064 6ves
3515 3014 3690 3069 sunt:

303 3091 446 3150 σθαι,
503 3084 662 3154 Μῆλα
719 3090 818 3166 γὰρ
891 3087 1174 3146 καλοῦνται
1224 3088 1290 3143 τὰ
1346 3085 1608 3166 πρόϐατα”
1660 3087 1802 3144 ἔνθεν
1871 3088 1958 3144 καὶ
2044 3089 2204 3150 unde
2228 3090 2528 3165 μηλονόμοι
2559 3095 2828 3170 pastores
2855 3087 3222 3167 dicuntur,et
3245 3090 3696 3173 μηλωτή,ονίηδ

308 3176 608 3254 μηλονόμοι
664 3178 713 3234 οἱ
780 3177 1059 3254 ποιμένες,
1133 3178 1224 3234 καὶ
1294 3176 1530 3251 μηλωτὴ
1602 3178 1638 3246 ἠ
1683 3177 1808 3257 δορᾶ
1869 3179 1960 3235 τοῦ
2047 3179 2241 3260 pellis,

309 3265 573 3347 προϐάτου
615 3264 827 3345 λέγεται
839 3316 852 3330 ,

776 3356 882 3418 κθ’.
918 3356 1044 3435 Περὶ
1071 3361 1166 3412 τοῦ
1194 3354 1495 3434 τριϐωνίου,

2597 3359 2705 3422 29.
2740 3359 2827 3421 De
2858 3359 3145 3423 tribom‘o.

388 3448 610 3510 Κυνικὸς
673 3445 835 3503 πάλιν
868 3444 1183 3527 φιλόσοφος,
1214 3445 1251 3513 ἦ
1294 3445 1624 3523 Ἀπιθὲνης,
1676 3447 1712 3517 ἢ
1751 3449 1958 3518 Ζήνων

2127 3451 2382 3531 Cynicus
2404 3468 2611 3511 rursus
2639 3449 3058 3530 philosophus,
3091 3449 3178 3511 vel
3201 3449 3588 3514 Antisthenes
3613 3454 3699 3516 vel

302 3536 641 3618 διαφορεῖται
703 3538 826 3615 γάρ.
890 3538 1054 3600 Οὗτος
1105 3535 1306 3612 πλέων,
1373 3539 1460 3594 καὶ
1512 3539 1785 3618 χειμῶνος
1817 3559 1958 3614 συμ-

2048 3541 2204 3604 Zeno
2241 3537 2327 3622 [I]
2365 3555 2519 3605 (nam
2553 3548 2871 3620 utrumque
2904 3539 3171 3619 dicitur),
3208 3560 3340 3601 cum
3382 3543 3700 3623 aliquando

303 3625 522 3702 ϐάντος,
555 3628 645 3683 καὶ
733 3627 980 3706 ναυαγίου
1049 3626 1358 3705 γινομένου,
1418 3630 1507 3685 καὶ
1551 3629 1763 3692 πάντων
1813 3627 1963 3707 ἔκρι-

2052 3633 2455 3710 navigaret,ac
2483 3640 2682 3693 coorta
2707 3639 3058 3709 tempestate
3084 3649 3227 3710 Opes
3251 3633 3533 3711 quasdam
3560 3652 3700 3698 suas

306 3716 652 3793 πτουμὲνων,
713 3719 1043 3797 εὐχαρίστως
1102 3716 1275 3797 φέρων
1337 3720 1435 3786 τὴν
1497 3719 1762 3796 ἐσομένην
1822 3723 1966 3794 αύτῷ

2050 3721 2355 3801 naufragio
2385 3722 2707 3794 amisisset,
2734 3739 2902 3800 aequo
2930 3727 2989 3781 et
3016 3729 3181 3797 grato
3212 3723 3414 3782 animo
3438 3723 3696 3784 futuram

306 3808 518 3882 πενίαν,
596 3808 728 3884 πρὸς
779 3809 879 3875 τὴν
935 3807 1114 3886 τύχην
1162 3806 1465 3888 ἐφθέγξατο·
1533 3816 1690 3891 Εὖγε,
1719 3812 1765 3865 ὦ
1796 3810 1966 3890 τύχη.

2052 3830 2219 3873 suam
2263 3820 2671 3892 paupertatem
2722 3809 2944 3887 ferens,
2989 3811 3302 3870 Fortunam
3361 3811 3455 3873 his
3507 3813 3704 3873 verbis

307 3898 478 3978 χάριν
506 3917 588 3952 σοι
645 3894 920 3975 ὁμολογῶ,
955 3896 1036 3952 ὃτι
1068 3895 1166 3964 τὴν
1190 3897 1328 3973 ἐμὴν
1355 3897 1536 3954 ούσίαν
1570 3896 1698 3978 ἄχρι
1729 3907 1820 3956 τοῦ
1851 3921 1970 3977 τρι-

2052 3902 2346 3963 allocutus
2378 3909 2466 3960 est
2497 3920 2509 3962 :
2545 3901 2707 3961 Bene
2742 3918 2806 3959 se
2836 3917 2932 3958 res
2990 3899 3187 3978 habet,
3224 3898 3525 3963 Fortuna:
3562 3920 3701 3980 gra-

307 3986 506 4044 ϐωνίου
577 3985 952 4065 περιέστησας·
1013 3983 1215 4061 δηλῶν,
1291 3984 1372 4043 ὅτι
1427 3985 1571 4044 οιῦδέν
1643 3988 1739 4056 τῆς
1791 3989 1970 4051 οὐσίας

2056 3992 2195 4053 tiam
2229 3990 2332 4051 tibi
2363 4008 2493 4068 ago,
2531 3989 2688 4066 quod
2726 3988 3033 4053 facultates
3067 4007 3229 4050 meas
3271 3989 3341 4050 ad
3379 3990 3703 4054 tribonium

311 4076 504 4152 αὐτοῦ,
535 4074 601 4144 ἧς
631 4075 698 4144 ἦν
729 4075 1246 4156 ὶμπεφορτιςμὲνος,
1278 4077 1348 4144 τῆ
1379 4079 1473 4144 νηΐ
1500 4075 1841 4158 κατελείφθη’

2057 4100 2248 4163 usque
2277 4079 2587 4159 redegisti.

750 4164 825 4228 λ’,
859 4167 984 4245 Περὶ
1011 4171 1106 4222 τοῦ
1155 4162 1539 4232 Ἀντισθένους.

2151 4162 2160 4163 ί
2565 4171 2662 4231 30.
2702 4167 2788 4228 Dc
2817 4167 3203 4230 Antisthene.

405 4264 570 4322 Οὗτος
641 4259 670 4313 6
729 4255 1067 4324 Ἀντισθένης
1123 4257 1335 4318 κυνικὸς
1385 4257 1451 4324 ἦν
1536 4257 1845 4339 φιλόσοφος’
1911 4256 1970 4321 ὅς

2140 4260 2526 4324 Antisthenes
2545 4258 2641 4319 hic
2664 4258 2911 4337 Cynicus
2930 4258 3327 4338 philosophus
3343 4279 3477 4321 cum
3500 4280 3534 4321 a
3555 4281 3704 4342 quo-

315 4351 527 4428 τυφθεὶς
587 4348 675 4405 καὶ
735 4345 967 4427 πληγεὶς
1019 4347 1081 4403 τὸ
1133 4347 1445 4428 πρόσωπον,
1503 4345 1680 4405 λαϐὼν
1751 4348 1973 4428 χαρτίον

2028 4349 2195 4415 ’dam
2233 4351 2577 4413 verberatus
2606 4347 2841 4428 fuisset,
2880 4348 3214 4423 vulnusque
3245 4351 3301 4409 in
3334 4347 3483 4411 facie
3533 4370 3707 4412 acce-

316 4440 412 4498 καὶ
449 4437 722 4518 ἐγγράψας
780 4438 874 4494 τὸν
924 4437 1194 4514 τύψαντα,
1225 4434 1517 4506 ἒκόλλησεν
1577 4438 1651 4503 είς
1685 4438 1746 4495 τὸ
1792 4438 1978 4497 ἑαυτοῦ

2063 4444 2271 4526 pisset,
2288 4448 2534 4519 accepta
2555 4438 2778 4511 charta,
2802 4437 2934 4516 ejus
2955 4456 2988 4498 a
3011 4456 3129 4518 quo
3156 4456 3474 4518 percussus
3499 4441 3710 4524 fuerat,

318 4532 600 4611 μέτωπον,
633 4532 724 4589 καὶ
779 4529 919 4590 οὕτω
947 4535 1196 4611 περιῆγε.

2065 4551 2302 4596 nomem
2338 4531 2396 4592 in
2422 4548 2490 4591 ea
2520 4527 2844 4608 inscripsit,
2871 4545 3125 4609 eamque
3158 4536 3364 4609 postea
3386 4529 3564 4592 fronti
3595 4549 3717 4594 sum

2063 4622 2487 4703 agglutinatam
2522 4617 3003 4682 circemferebat.

321 4700 440 4775 λα’.
500 4712 624 4792 Περὶ
705 4717 801 4770 τοῦ
855 4710 1532 4862 φιλοσόῗουήλρτανημέρου
1623 4714 1847 4780 στάντος
1924 4713 1981 4770 ἄν

1018 4814 1100 4862 τῳ
1220 4816 1303 4862 .ῳ.

1018 4800 1100 4868 τῷ
1141 4799 1303 4868 ἡλίῳ.

413 4881 831 4961 Πολιμουμένης
881 4887 980 4951 τῆς
1039 4881 1256 4960 Ῥώμης
1306 4884 1411 4942 ὑπὸ
1453 4889 1560 4943 τῶν
1603 4883 1907 4965 βαρϐάρων,
1955 4888 1981 4941 6

2148 4887 2294 4951 Cum
2327 4883 2518 4946 Roma
2538 4901 2570 4943 a
2593 4881 2866 4943 barbaris
2897 4880 3057 4942 bello
3086 4891 3460 4960 premeretur
3485 4893 3720 4966 tempo-

329 4975 617 5056 φιλόσοφος
676 4973 805 5038 στὰς
862 4972 998 5041 ὅλην
1082 4973 1153 5042 τὴ
1229 4973 1434 5054 ἡμέραν
1503 4977 1605 5035 ὑπὸ
1655 4979 1746 5034 τὸν
1804 4975 1981 5053 ἥλιον,

2067 4997 2134 5042 re
2166 4985 2261 5036 τοῦ
2305 4973 2558 5052 Βασιλοῦ,
2593 4971 2691 5032 ille
2743 4979 2862 5030 toto
2918 4971 3037 5032 diei
3082 4970 3384 5032 curriculo
3433 4975 3544 5034 sub
3595 4973 3723 5034 sole

329 5065 689 5144 προσηύξατο,
752 5064 840 5120 καὶ
910 5062 1067 5120 ἔπεσι
1127 5070 1230 5142 πῦρ
1288 5069 1349 5120 bi.
1407 5074 1501 5126 τοῦ
1573 5065 1816 5146 ούρανοῦ,
1900 5070 1981 5126 καί

2071 5077 2238 5132 stans
2263 5081 2472 5144 preces
2497 5061 2682 5124 fudit:
2711 5059 3047 5140 ceciditque
3075 5059 3375 5140 ignis,quo
3400 5070 3456 5122 et
3484 5061 3723 5124 barbari

329 5153 616 5235 κατέφλεξε
640 5154 764 5219 τοὺς
807 5151 1102 5234 βαρϐάρους
1137 5155 1227 5210 καὶ
1261 5153 1420 5212 αὐτὸν
1449 5157 1540 5213 τὸν
1587 5155 1906 5237 φιλόσοφον.

2073 5166 2135 5222 et
2162 5153 2552 5239 philosophus
2579 5149 2713 5239 ipse
2743 5149 3170 5239 conflagarunt.

789 5241 900 5305 λε’.
935 5246 1058 5324 Περὶ
1086 5244 1186 5311 τῆς
1218 5242 1524 5311 Ποτιδαίας,

2165 5238 2172 5239 ί
2614 5238 2713 5303 32.
2749 5239 2831 5299 De
2858 5238 3168 5299 Potidaa.

415 5332 667 5393 Ποτίδαια
714 5333 871 5398 πόλις
926 5334 1068 5392 ἐστὶν
1119 5333 1174 5390 ἐν
1242 5339 1311 5412 τῇ
1371 5337 1554 5414 Θρᾴκῃ
1611 5336 1861 5414 κειμένη.
1895 5335 1981 5396 Ἐν

2153 5334 2415 5400 Potidaea
2438 5331 2578 5394 urbs
2609 5328 2877 5411 quaedam
2912 5337 3000 5389 est
3033 5327 3091 5389 in
3119 5328 3377 5392 Thracia
3401 5331 3534 5395 sita.
3561 5330 3626 5393 In
3657 5349 3727 5396 ea

333 5426 503 5502 ταύτῃ
558 5431 627 5503 τῇ
683 5422 935 5498 Ποτιδαίᾳ
991 5423 1307 5506 φιλόσοφος.
1370 5424 1725 5494 Ποτιδαιάτης
1755 5428 1888 5497 ἓστη
1933 5427 1981 5484 ἐν

2071 5423 2463 5511 philosophus
2477 5420 2718 5511 quidam
2735 5417 3086 5511 Potidaeates
3099 5419 3313 5511 hiemis
3329 5430 3443 5511 tem
3454 5439 3598 5501 pore
3613 5429 3730 5486 tota

337 5520 617 5597 νειμερινῷ
686 5520 855 5593 καιρῷ
912 5515 1209 5598 παννύχιος
1253 5515 1574 5597 εὐχόμενοςο
1607 5518 1695 5575 καί
1733 5517 1981 5577 τοσοῦτον

2071 5506 2246 5582 nocte
2269 5513 2428 5576 inter
2461 5510 2823 5592 precandum
2858 5506 3040 5583 stetit,
3065 5508 3382 5591 animoque
3409 5509 3490 5571 ita
3521 5511 3581 5572 in
3616 5530 3724 5574 su-

2287 4748 2386 4813 31.
2423 4749 2506 4810 De
2533 4764 2600 4809 eo
2629 4746 2734 4826 qui
2766 4752 2888 4808 toto
2928 4746 3030 4808 die
3061 4747 3128 4807 in
3158 4745 3283 4808 sole
3311 4755 3497 4811 stetit.

421 5661 499 5744 (1)
538 5661 698 5726 Zeno
731 5669 928 5723 tamen
956 5660 1063 5723 fuit
1091 5660 1351 5725 Stoicus.

664 5782 925 5848 Paw.
971 5787 1088 5847 GI.
1131 5785 1415 5852 ωνι.

3305 5779 3408 5846 32.
