4166 6396
282 276 461 351 .1005

1093 282 1196 349 AD
1240 284 1300 348 S.
1348 281 1719 349 GREGORII
1760 284 1993 349 ORA’I‘?
2034 284 2058 348 Ι
2102 283 2411 350 CONTRA
2452 282 2869 351 JULIANUM.

3520 279 3692 352 1006

296 419 505 496 κόσμου
555 415 995 487 ἂλλεπαλληλίαν
1040 418 1334 499 διέπαιξαν,
1402 421 1429 475 6
1462 420 1559 495 μὲν
1605 418 1803 498 γελῶν,
1836 422 1863 476 6
1895 419 1948 475 δὲ

2033 419 2428 480 constantiam
2463 437 2635 495 aeque
2661 418 3073 498 suggillarunt,
3111 417 3217 481 ille
3246 418 3421 493 ﬂens,
3454 418 3554 483 hic
3597 422 3685 483 ri-

298 508 524 571 κλαίων.
582 499 640 567 Ὀ
716 507 814 584 μέν
879 507 1216 587 Δημόγριτος
1245 506 1408 588 ὶγέλα
1451 514 1692 590 συνεχῶς
1713 508 1779 567 τὰ
1809 516 1954 589 πρά-

296 618 505 677 γματα,
538 600 567 655 6
638 595 694 654 δὲ
745 596 1090 676 Ἡράκλειτοι·
1164 598 1397 661 ἔκλαιεν,
1437 590 1529 654 Ἠν
1559 596 1614 655 δὶ
1644 601 1673 655 6
1702 599 1802 673 μὲν
1836 606 1954 665 Δη-

298 689 552 766 μόκριτος
586 685 931 769 Ἀϐδηρίτης,
967 690 994 745 6
1025 688 1081 745 δὲ
1112 687 1460 767 Ἡράκλειτος
1493 685 1762 769 Ἐφέσιος.

794 785 898 857 λζ”
948 788 1074 865 Περὶ
1102 792 1208 844 τῶν
1238 785 1480 869 φαλλῶν.

378 894 465 962 Τῷ
500 891 737 963 Διονύσῳ
771 889 958 966 ἑορτὴν
989 888 1205 968 ἄγοντες
1223 892 1271 947 οἱ
1290 887 1830 970 ”Ελληνες,φαλλοῖς
1852 887 1954 943 ὲτί-

295 1000 413 1055 μων
457 978 636 1042 αὐτόν,
670 977 881 1042 Φαλλὸς
902 976 956 1035 δέ
987 979 1130 1035 ἐστιν
1151 981 1213 1036 ἒκ
1242 977 1498 1056 δέρματος
1520 975 1952 1057 ῥουοίου,σχῆμα

294 1066 491 1124 αἰδοίου
554 1067 763 1147 ἀνδρός.
842 1069 941 1126 Καί
970 1076 1125 1128 τοῦτο
1161 1069 1484 1148 περιετίθουν
1514 1069 1727 1125 ἑαυτοῖς
1762 1067 1851 1122 καὶ
1896 1065 1948 1122 ἐν

293 1168 414 1221 τοῖς
432 1155 731 1237 τραχήλοις
764 1158 852 1213 καὶ
883 1158 937 1214 ἐν
958 1170 1075 1220 τοῖς
1092 1157 1274 1233 μέσοις
1306 1171 1532 1238 μηροῖς,
1550 1158 1639 1214 καὶ
1658 1154 1954 1237 ὲξωρχοῦν-

294 1263 379 1315 το,
411 1248 678 1319 τιμῶντες
699 1243 759 1301 ἐκ
787 1244 973 1301 τούτου
1002 1245 1095 1301 τὸν
1130 1246 1409 1305 Διόνυσον.
1438 1248 1546 1314 Τὴν
1576 1243 1808 1321 δὶτιμ-ὶψ
1825 1245 1954 1302 ταύ-

293 1352 395 1399 την
425 1330 559 1410 ἦγον
588 1340 666 1408 τῷ
700 1334 934 1409 Διονύσῳ
964 1332 1048 1393 διὰ
1091 1336 1191 1403 τὴν
1224 1336 1473 1404 τοιαύτην
1494 1336 1685 1393 αἰτίαν·
1720 1343 1818 1415 ‘Ex
1846 1342 1951 1390 Σε-

294 1418 468 1497 μέλης
519 1426 620 1488 τῆς
708 1421 921 1495 Κάδμου
989 1426 1245 1502 θυγατρὸς
1305 1432 1550 1504 γεννᾶται
1581 1427 1610 1481 6
1666 1426 1948 1489 Διόνυσος·

295 1507 431 1576 αὕτη
461 1506 514 1565 δὲ
588 1516 1008 1591 κεραυνωθεῖσα,
1070 1513 1320 1587 ἐζητεῖτο
1370 1516 1472 1572 ί)πὸ
1531 1521 1624 1572 τοῦ
1672 1515 1951 1571 Διονύσου.

298 1598 763 1677 Περιπλανωμένῳ
793 1599 847 1657 δέ
915 1602 1089 1677 τούτῳ
1158 1605 1246 1659 καὶ
1304 1610 1574 1679 ζητοῦντι,
1642 1604 1954 1682 Πρόσυμνος

295 1700 431 1753 παῖς
481 1687 619 1746 οὕτω
674 1689 963 1768 λεγόμενος
1047 1693 1333 1774 περιέτυχε
1381 1701 1459 1768 τῷ
1547 1695 1804 1769 Διονύσῳ,
1865 1700 1953 1756 καὶ

296 1776 568 1858 ὑπέσχετο
651 1777 831 1845 δείξειν
891 1782 1034 1858 αὒτῷ
1090 1784 1187 1851 τὴν
1245 1784 1473 1863 μητέρα,
1508 1784 1552 1839 εἰ
1584 1781 1949 1861 παιδεραστή-

300 1888 380 1924 σει
426 1869 605 1933 αὐτόν.
664 1870 725 1928 Ὀ
781 1871 837 1927 δὲ
911 1873 1158 1938 Διόνυσος
1215 1873 1485 1955 ὑπέσχετο
1534 1880 1711 1934 τοῦτο.
1790 1871 1947 1951 Λέγει

300 1959 443 2031 αὒτῷ
512 1981 540 2010 σι
598 1960 931 2039 Πρόσυμνος,
983 1961 1064 2018 ὅτι
1120 1961 1175 2017 ἐν
1233 1962 1407 2042 Λέρνῃ
1438 1963 1577 2019 ἐστὶν
1606 1964 1641 2031 ἡ
1705 1961 1945 2038 Σεμέλη,

303 2055 437 2105 Εῖτα
488 2048 729 2117 εἰσῆλθεν
788 2052 817 2107 6
851 2048 1102 2111 Διόνυσος
1133 2054 1189 2108 ἒν
1235 2053 1303 2121 τῆ
1334 2052 1596 2129 Θαλάττῃ,
1626 2052 1719 2109 ἵνα
1743 2052 1951 2130 περάσῃ

300 2134 355 2191 ἐν
386 2136 453 2214 τῇ
510 2140 709 2218 Λέρνῃ,
742 2140 1208 2210 Συνηκολούθησεν
1275 2146 1418 2217 αὒτῴ
1442 2143 1530 2199 καὶ
1562 2144 1589 2197 6
1617 2142 1946 2221 Πρόσυμνος.

302 2228 399 2283 Καὶ
430 2229 457 2284 6
490 2228 588 2305 μὲν
624 2236 900 2312 Διόνυσος,
923 2233 998 2298 ὡς
1027 2233 1171 2312 θεὸς,
1218 2232 1276 2288 οὒ
1305 2231 1576 2300 τέθνηκεν⁶
1612 2234 1639 2288 6
1671 2230 1724 2288 δὲ
1757 2232 1959 2311 Πρόσυ.

301 2340 433 2393 μνος
510 2321 748 2388 τέθνηκε.
799 2324 1061 2388 Λυπηθεὶς
1092 2320 1146 2379 δὲ
1208 2324 1236 2379 6
1301 2323 1576 2403 Διόνυσος,
1635 2320 1716 2377 ὅτι
1748 2323 1775 2377 6
1826 2321 1955 2394 ξρα-

301 2407 431 2475 στῆς
491 2408 647 2466 αὐτοῦ
715 2409 960 2487 τέθνηκε,
1024 2413 1157 2490 πρὸς
1214 2413 1377 2488 τιμὴν
1428 2414 1586 2469 αὐτοῦ
1616 2411 1703 2467 καὶ
1730 2412 1954 2487 μνήμην

298 2494 501 2555 αἰδοῖον
560 2497 762 2564 ξὺλινον
809 2501 868 2557 ἐκ
940 2504 1150 2562 συκίνου
1181 2501 1335 2568 ξύλου
1386 2501 1708 2575 ἐπελέκησε,
1741 2522 1955 2576 μεμνη-

293 2586 454 2661 μένος
505 2590 605 2657 τῆς
677 2591 1107 2658 συντελεσθείσης
1165 2592 1352 2656 αὐτοῖς
1411 2593 1638 2671 αἰσχρᾶς
1657 2592 1746 2646 καὶ
1770 2613 1953 2671 παρα-

295 2676 461 2750 νὸμου
514 2676 735 2746 ἡδονῆς·
774 2682 861 2737 καὶ
910 2678 995 2738 διὰ
1046 2682 1242 2748 ταύτην
1316 2682 1413 2750 τὴν
1446 2683 1612 2739 αἰτίαν
1644 2695 1759 2747 τοῖς
1805 2680 1950 2759 φαλ-

293 2762 413 2829 λοῖς
472 2772 674 2843 τιμῶσι
722 2770 812 2826 τὸν
877 2771 1147 2834 Διόνυσον,
1205 2770 1405 2829 Φαλλοὶ
1462 2779 1550 2828 οὖν
1620 2773 1757 2828 εἰσιν
1806 2773 1949 2828 οὗτοι

292 2855 514 2919 πάντες*
582 2856 853 2937 ἰθύφαλλοι
911 2857 990 2932 δὲ,
1054 2864 1097 2916 οἱ
1143 2862 1215 2926 εἷς
1260 2862 1382 2925 τοὺς
1418 2861 1620 2941 μηροὺς
1652 2861 1816 2935 μόνον
1864 2858 1949 2916 ἐπ’

292 2946 491 3013 εὐθείας
523 2946 991 3025 ἐπιδεσμούμενοι.

2038 508 2208 610 dens.
2246 509 2622 585 Democritus
2644 508 2963 572 Abderites
2983 509 3470 591 erat,Heraclitus
3492 509 3688 591 Ephe-

2037 618 2183 663 Slus.

2612 790 2712 854 37.
2744 790 2830 853 De
2857 788 3109 870 pballis.

2118 975 2337 1039 Libero
2364 978 2513 1057 patri
2544 996 2677 1039 cum
2708 977 2923 1040 festum
2952 984 3195 1055 agerent
3219 978 3492 1055 gentiles,
3524 976 3689 1058 phal-

2036 1063 2109 1126 lis
2168 1084 2302 1127 eum
2364 1065 2756 1131 honorabant.
2809 1066 2910 1127 Est
2963 1074 3161 1128 autem
3227 1065 3460 1146 phallus
3515 1066 3688 1147 pellis

2034 1153 2216 1216 rubra
2246 1155 2303 1215 in
2336 1155 2558 1217 veretri
2591 1156 2837 1234 figuram
2871 1155 3091 1216 efficta.
3124 1154 3247 1217 Hos
3277 1156 3544 1237 undique
3573 1156 3685 1218 sibi

2035 1242 2183 1324 ipsis
2210 1253 2331 1305 tum
2358 1245 2418 1305 in
2446 1246 2617 1307 collis
2641 1253 2764 1306 tum
2799 1245 2858 1305 in
2884 1244 3099 1306 mediis
3127 1244 3455 1307 femoribus
3488 1245 3685 1325 impo-

2037 1335 2250 1394 nebanl
2266 1333 2697 1416 :saltabantque
2716 1334 2776 1395 in
2805 1333 3023 1395 Bacchi
3044 1332 3489 1397 honorem.Hoc
3503 1352 3682 1415 porro

2036 1421 2284 1484 honoris
2313 1441 2534 1502 genere
2557 1424 2751 1503 ipsum
2799 1425 2873 1483 ob
2906 1422 3244 1501 hujusmodi
3277 1440 3519 1485 causam
3549 1423 3685 1485 afﬁ-

2041 1512 2388 1574 ciebantzEx
2411 1511 2646 1576 Semele
2671 1511 2873 1575 Cadmi
2898 1529 3083 1573 uxore
3110 1511 3381 1574 Bacchus
3403 1530 3686 1593 procrea-

2040 1608 2133 1663 tus
2165 1610 2273 1663 est.
2299 1600 2464 1664 Hanc
2487 1602 2736 1665 fulmine
2757 1620 3098 1683 percussam
3122 1611 3296 1682 atque
3330 1602 3685 1667 exstinctam

2037 1710 2171 1752 cum
2218 1692 2333 1753 huc
2385 1692 2649 1772 illucque
2701 1691 2991 1753 oberrans
3035 1691 3306 1753 Bacchus
3365 1702 3685 1773 quaereret,

2035 1779 2383 1842 adolescens
2409 1780 2651 1861 quidam
2683 1779 2928 1841 nomine
2946 1778 3300 1859 Polyymnus
3329 1779 3389 1840 in
3422 1797 3557 1843 eum
3589 1780 3689 1841 in.

2034 1870 2201 1949 cidit,
2229 1870 2645 1948 facturumque
2663 1888 2729 1931 se
2760 1868 3060 1950 pollicitus
3082 1877 3196 1949 est,
3220 1876 3282 1929 ut
3305 1869 3416 1949 ipsi
3439 1877 3686 1932 matrem

2032 1978 2199 2023 suam
2241 1960 2605 2031 ostenderet,
2640 1959 2691 2021 si
2738 1977 3024 2021 venereas
3079 1958 3407 2037 voluptates
3462 1958 3569 2021 abs
3620 1976 3689 2023 se

2035 2049 2199 2129 carpi
2232 2061 2556 2129 pateretur.
2590 2049 2761 2123 Quod
2794 2067 2930 2111 cum
2979 2047 3347 2129 promisisset
3396 2047 3688 2130 Bacchus,

2036 2140 2294 2200 narravit
2328 2139 2687 2220 Polyymnus
2718 2140 2997 2201 Semelen
3032 2137 3191 2218 apud
3222 2137 3475 2200 Lernam
3508 2157 3680 2203 esse:

2041 2227 2245 2306 sicque
2277 2227 2349 2289 ab
2376 2228 2504 2307 ipso
2528 2228 2799 2290 Bacchus
2826 2235 3249 2307 constupratns
3279 2237 3388 2291 est.
3421 2230 3691 2308 Cumque

2041 2324 2250 2398 postea
2279 2336 2443 2379 mare
2464 2317 2773 2395 ingressus
2790 2325 2968 2390 esset,
2998 2319 3135 2377 utin
3169 2317 3420 2379 Lernam
3445 2317 3688 2397 trajice-

2038 2417 2150 2480 ret,
2187 2408 2466 2470 comitem
2503 2426 2566 2468 se
2598 2425 2834 2488 quoque
2866 2406 3139 2485 adjunxit
3185 2403 3543 2487 Polyymnus
3575 2408 3686 2489 (1).

2035 2500 2124 2560 Αο
2148 2497 2414 2559 Bacchus
2439 2497 2679 2577 quidem
2711 2507 2768 2558 ut
2793 2496 2961 2575 deus,
2986 2496 3464 2559 incolumisinde
3485 2497 3685 2562 rediit:

2035 2585 2390 2667 Polyymnus
2424 2595 2623 2647 autem
2658 2596 2912 2648 mortem
2944 2603 3265 2665 oppressus
3283 2594 3394 2648 est.
3420 2586 3689 2648 Bacchus

2036 2677 2218 2755 igitur
2247 2677 2455 2738 amasii
2480 2685 2732 2738 mortem
2766 2695 2925 2753 aegre
2944 2675 3165 2749 ferens,
3189 2675 3263 2737 ad
3284 2676 3475 2755 ipsius
3504 2677 3691 2739 hono-

2035 2785 2162 2827 rem
2198 2785 2266 2827 ac
2298 2764 2649 2827 memoriam
2678 2766 2940 2845 ligneum
2974 2773 3273 2826 veretrum
3320 2782 3396 2826 ex
3428 2765 3688 2827 ficulnea

2036 2874 2250 2917 cmsum
2275 2874 2346 2916 ac
2364 2855 2546 2917 rubro
2573 2855 2775 2917 colore
2797 2854 3012 2915 illitum
3037 2855 3226 2916 solatii
3249 2873 3426 2917 causa
3448 2873 3690 2936 semper

2035 2945 2327 3025 gestabat.
2357 2953 2419 3005 ut
2441 2963 2561 3005 non
2585 2945 2717 3005 sine
2743 2962 2952 3019 magna
2972 2942 3269 3024 voluptate
3287 2944 3528 3006 nefariae
3544 2944 3687 3005 libi-

291 3032 452 3096 dinis
483 3054 618 3098 cum
652 3035 781 3118 ipso
814 3047 1170 3119 perpetratae
1197 3041 1551 3101 memoriam
1576 3038 1887 3102 refricans.
1922 3037 2008 3098 Ac
2039 3054 2143 3116 pro
2179 3040 2410 3113 sceptro
2456 3034 2571 3095 hoc
2594 3031 3076 3096 circumferebat.
3109 3034 3304 3109 Atque
3352 3034 3478 3094 haec
3507 3050 3689 3097 causa

290 3132 406 3199 est,
441 3142 551 3186 cur
576 3126 797 3189 ethnici
833 3127 1049 3208 pballis
1080 3128 1378 3190 Bacchum
1413 3129 1737 3191 honorent.
1774 3127 2090 3189 Enimvero
2127 3123 2301 3204 pballi
2330 3123 2610 3185 dicuntur
2642 3131 2870 3184 veretra
2901 3122 3124 3202 omnia,
3149 3122 3453 3203 itbyphalli
3482 3141 3554 3185 ea
3576 3122 3687 3185 de-

292 3230 483 3290 mum,
515 3233 649 3295 quaa
676 3215 871 3296 rigida
892 3225 1072 3299 atque
1101 3219 1163 3280 in
1187 3217 1428 3298 longum
1452 3225 1687 3279 arrecta
1717 3224 1857 3279 sunt
1891 3232 1905 3279 :
1941 3213 2101 3277 unde
2140 3216 2317 3274 etiam
2348 3212 2686 3292 φαλλητάρια
2720 3220 3023 3275 vocantur.

444 3311 533 3381 λη’
570 3314 674 3375 λθ’.
712 3320 859 3376 Κατὰ
884 3324 990 3374 τῶν
1023 3318 1241 3399 ἆπύγων
1272 3341 1361 3397 καὶ
1390 3318 1783 3397 μελαμπύγων.

2290 3311 2498 3375 38-39.
2536 3311 2625 3374 De
2653 3312 3050 3392 Melampygis
3081 3317 3137 3374 et
3169 3312 3417 3392 Apygis.

376 3412 435 3470 Ὀ
483 3416 745 3494 Πειρίθους
779 3417 1048 3473 κατελθὼν
1104 3420 1179 3482 εἱς
1219 3420 1310 3474 τὸν
1347 3415 1479 3491 ᾅδην
1533 3415 1617 3473 διὰ
1660 3418 1721 3473 τὸ
1768 3415 1948 3495 ἀρπά-

2114 3410 2475 3490 Apygorum,
2510 3411 2625 3471 hoc
2656 3418 2768 3489 est,
2806 3409 3046 3469 natibus
3094 3410 3455 3490 carentium,
3489 3410 3691 3473 fabula

287 3523 378 3558 σαι
407 3501 507 3570 τὴν
566 3506 905 3585 Περσεφόνην
969 3508 1068 3575 τὴν
1107 3514 1199 3564 τοῦ
1244 3506 1582 3579 Πλούτωνος,
1617 3504 1767 3573 ἐδέθη
1797 3506 1947 3563 κάτω

2033 3500 2159 3563 haec
2182 3510 2273 3560 est
2302 3520 2315 3560 :
2347 3498 2645 3560 Pirithous
2670 3515 2805 3562 cum
2834 3498 2904 3559 ad
2933 3500 3154 3560 inferos
3176 3500 3591 3562 descendisset
3611 3500 3688 3561 ob

290 3592 431 3671 παρὰ
490 3592 709 3673 πέτραις
767 3595 895 3655 τισί.
976 3596 1257 3655 Κατελθὼν
1316 3595 1371 3654 δὲ
1422 3598 1451 3654 6
1503 3594 1801 3675 Ἠρακλῆς,
1856 3596 1945 3652 καὶ

286 3680 454 3739 θέλων
527 3681 718 3741 λαϐεῖν
761 3686 851 3741 τὸν
886 3686 1174 3765 Πειρίθουν,
1226 3688 1383 3744 αὸτδν
1440 3687 1540 3764 μὲν
1598 3684 1929 3746 ἀνείλκυσεν.

286 3773 342 3828 αἱ
399 3770 451 3827 δὲ
519 3775 683 3853 πυγαῖ
739 3774 901 3833 αύτοῦ
950 3777 1304 3855 προσέμειναν
1335 3781 1403 3856 τῇ
1455 3776 1643 3855 πέτρᾳ.
1704 3773 1941 3845 Ἐκλήθη

288 3867 379 3920 οὖν
450 3863 479 3918 6
534 3866 800 3944 Πειρίθους
855 3863 1079 3945 ἆπυγοςο
1155 3868 1324 3947 πυγὸς
1374 3870 1476 3947 γὰρ
1554 3864 1804 3923 καλεῖται
1880 3865 1943 3921 τὸ

284 3952 522 4029 κάθισμα
578 3953 804 4013 ἑκάστου
889 3954 1189 4036 ἀνθρώπου,
1244 3958 1309 4014 Ἦ
1354 3954 1409 4013 δὲ
1465 3956 1602 4014 κατᾶ
1663 3956 1782 4021 τοὺς
1840 3975 1943 4030 με-

283 4040 598 4123 λαμπύγους
683 4046 825 4103 ἔστὶν
856 4044 1015 4115 αὕτηο
1082 4048 1183 4104 Δύο
1239 4045 1380 4112 τινὲς
1413 4044 1632 4126 ἀδελφοὶ
1660 4044 1797 4101 κατὰ
1839 4049 1943 4123 γῆν

281 4136 464 4189 πᾶσαν
514 4131 716 4192 ἀδικίαν
773 4134 1186 4217 ἐνδεικνύμενοι,
1246 4135 1496 4216 ἐλέγοντο
1530 4136 1822 4215 Κέρκοπες,
1882 4132 1942 4190 ἐκ

281 4220 387 4290 τῆς
440 4224 547 4279 τῶν
594 4222 764 4304 ἱργων
819 4223 1140 4307 δριμύτητος
1172 4227 1268 4295 τὴν
1298 4225 1604 4301 ὶπωνυμίιιν
1647 4222 1937 4303 λαχόντες,

282 4309 350 4369 Ὀ
409 4313 508 4388 μὲν
563 4316 664 4395 γὰρ
733 4314 905 4373 αὐτῶν
952 4314 1169 4396 ἐλέγετο
1199 4313 1505 4393 Πάσσαλος,
1564 4315 1591 4370 6
1650 4311 1704 4369 δὲ
1758 4311 1938 4392 ἔτερος

280 4400 602 4480 ’Λκλήμων,
661 4406 734 4472 ὣς
781 4427 911 4487 φησι
974 4416 1101 4470 Δῖος
1154 4408 1183 4463 6
1240 4404 1749 4482 ὑπομνηματιστής.
1799 4403 1937 4461 Τού-

284 4514 413 4557 τους
466 4493 523 4551 δὲ
580 4497 616 4565 ἡ
674 4499 882 4577 μήτηρ,
958 4498 1221 4575 Μήμωνις
1280 4503 1358 4573 τῷ
1389 4496 1637 4575 ὀνόματι,
1668 4494 1939 4573 ἑωρακυῖα

284 4585 425 4641 κατὰ
492 4589 597 4663 γῆν
663 4586 838 4644 πολλὰ
888 4586 1031 4648 δεινὰ
1083 4585 1466 4668 ἐργαζομένους
1526 4585 1739 4665 αὐτοὺς,
1815 4587 1938 4641 εἷπε

415 4689 729 4774 περιτυχεῖν
786 4677 1146 4774 μελαμπύγῳ·
1182 4680 1269 4740 καὶ
1311 4697 1442 4735 ποτε
1470 4678 1579 4774 τοῦ.
1610 4672 1937 4774 ἰΠρακλέους
1963 4724 2005 4774 D

281 4765 391 4822 ὑπὸ
447 4762 655 4845 δένδρον
688 4766 1055 4844 κοιμωμένου,
1112 4768 1198 4825 καὶ
1254 4772 1361 4824 τῶν
1421 4764 1582 4825 αὐτοὖ
1610 4763 1792 4821 ὅπλων
1813 4764 1942 4821 ὑπο·

280 4853 619 4932 κεκλιμένων
667 4862 745 4932 τῷ
774 4865 945 4938 φυτῷ,
977 4856 1376 4927 πλησιάσαντες
1405 4862 1548 4915 οὗτοι
1576 4858 1696 4920 τοῖς
1727 4854 1939 4929 ὅπλοις,

282 4949 637 5028 ὶπιχειρῆσαι
710 4946 1096 5019 ἐϐουλήθησαν.
1184 4949 1345 5012 Εὖθὺς
1446 4944 1501 5004 δὲ
1577 4946 1606 5003 ὅ
1675 4941 1942 5023 Ἠρακλῆς

283 5036 628 5112 αἰσθόμενος,
675 5035 856 5096 λαϐὼν
884 5038 1097 5113 αὖτοὺς,
1164 5038 1250 5095 καὶ
1279 5034 1625 5117 κατακέφαλα
1667 5034 1752 5090 ἐπὶ
1790 5031 1943 5099 ξύλου

282 5124 607 5203 δεσμεύσας,
696 5124 988 5186 ἐϐάστασεν
1058 5127 1351 5194 ἐξόπισθεν.
1416 5128 1516 5185 Καὶ
1562 5124 1685 5182 τότε
1743 5122 1943 5180 ἐκεῖνοι

283 5220 389 5284 τῆς
438 5216 657 5285 ἔντολῆς
694 5216 793 5286 τῆὓ
851 5218 1052 5276 ἑαυτῶν
1120 5220 1325 5297 μητρὸς
1410 5216 1753 5293 ἔμνησθηπν
1815 5233 1944 5293 κρε-

285 5306 547 5389 μάμενοι,
618 5314 712 5366 τοῦ
742 5305 1065 5387 Ἠρακλὲους
1123 5309 1223 5376 τὴν
1279 5308 1456 5386 πυγὴν
1515 5303 1773 5381 μέλαιναν
1813 5306 1943 5359 θεα-

284 5397 513 5473 σάμενοι
563 5396 626 5454 ἐκ
692 5400 794 5468 τῆς
842 5403 949 5455 τῶν
997 5403 1201 5478 τριχῶν
1232 5394 1549 5463 δασύτητος·
1582 5392 1637 5451 ο’ί
1667 5394 1756 5451 καὶ
1812 5393 1945 5471 πρὸς

288 5482 559 5559 ἀλλήλους
609 5488 716 5546 ἀπὸ
798 5493 956 5545 τοῦτο
1024 5485 1419 5567 διαλεγόμενοι,
1484 5483 1695 5565 γέλωτα
1777 5480 1946 5539 πολὺν

367 5632 457 5717 (1)
488 5632 688 5698 Aliter
726 5633 842 5697 hoc
870 5640 1073 5698 narrat
1099 5632 1382 5698 Clemens
1400 5629 1463 5695 in
1488 5628 1739 5693 Adhort.

2028 3587 2403 3669 Proserpinae
2460 3589 2663 3651 uxoris
2718 3587 2987 3649 Plutonis
3038 3596 3297 3667 raptum,
3356 3590 3425 3651 ad
3492 3600 3689 3670 petras

2027 3681 2312 3763 quasdam
2349 3680 2577 3740 vinctus
2606 3685 2718 3740 est.
2754 3679 2902 3741 Cum
2936 3696 3074 3756 ergo
3106 3676 3395 3740 Hercules
3426 3681 3686 3741 descen-

2028 3770 2241 3844 disset,
2258 3787 2327 3830 ac
2348 3768 2680 3832 Pirithoum
2703 3768 2979 3847 accipere
3002 3767 3198 3841 vellet,
3220 3768 3417 3847 ipsum
3437 3769 3683 3849 quidem

2026 3877 2261 3921 sursum
2297 3858 2583 3939 pertraxit
2612 3879 2625 3917 :
2659 3866 2941 3919 caeterum
2990 3856 3174 3936 ipsius
3207 3865 3371 3919 nates
3400 3858 3539 3938 rupi
3570 3858 3678 3919 ad-

2024 3949 2346 4012 kaeserunt.
2374 3950 2463 4011 Ac
2490 3948 2741 4027 proinde
2764 3947 3002 4026 Apygus
3025 3946 3220 4007 dictus
3250 3954 3359 4010 est.
3387 3945 3555 4019 Quod
3574 3966 3686 4009 au-

2026 4048 2145 4102 tem
2180 4039 2585 4117 Melampygos
2607 4037 2841 4112 attinet,
2865 4037 2961 4098 hic
2987 4054 3187 4097 sermo
3218 4037 3680 4100 circumfertur:

2024 4130 2154 4193 Duo
2169 4128 2382 4189 fratres
2403 4134 2575 4187 erant
2596 4127 2827 4188 nullum
2857 4145 2975 4187 non
2995 4126 3223 4205 ﬂagittii
3247 4145 3437 4207 genus
3462 4146 3685 4209 perpe-

2022 4226 2272 4295 trantes,
2303 4218 2459 4299 quia
2485 4215 2817 4277 facinorum
2843 4234 3086 4277 suorum
3112 4215 3442 4279 acrimonia
3473 4216 3685 4280 Cerco-

2023 4327 2165 4370 num
2206 4306 2561 4386 (Cercopum
2622 4305 2938 4383 legendum
2996 4306 3159 4386 puto)
3214 4318 3680 4384 cognomentum

2022 4399 2182 4461 nacti
2201 4404 2362 4459 sunt.
2390 4394 2534 4458 Nam
2559 4395 2782 4476 alioqui
2805 4396 2956 4457 alter
2980 4396 3247 4476 ipsorum
3270 4394 3548 4460 Passalus
3572 4417 3679 4460 vo-

2021 4488 2293 4568 cabatur,
2322 4486 2472 4549 alter
2502 4485 2816 4560 Aclemon,
2844 4493 2907 4546 ut
2940 4490 3151 4546 auctor
3189 4493 3278 4546 est
3308 4483 3458 4547 Dion
3507 4503 3682 4552 com-

2023 4585 2343 4641 mentator.
2380 4579 2569 4637 Mater
2599 4575 2781 4654 igitur
2801 4592 3010 4637 eorum
3043 4575 3288 4637 nomine
3322 4577 3684 4640 Memmonis

2022 4688 2157 4731 cum
2199 4685 2301 4729 eos
2356 4665 2615 4746 plurima
2662 4666 2982 4746 graviaque
3031 4664 3252 4744 ﬂagitia
3306 4668 3684 4732 committere

2025 4758 2278 4838 videret,
2313 4755 2651 4818 cavendum
2684 4755 2830 4835 ipsis
2861 4774 2993 4816 esse
3020 4755 3355 4837 admonuit,
3381 4758 3534 4818 nein
3556 4757 3682 4820 Ma-

2027 4848 2363 4929 lampygum
2396 4844 2755 4908 inciderent.
2792 4844 3027 4906 Accidit
3079 4844 3231 4906 forte
3283 4854 3344 4905 ut
3390 4845 3683 4910 Hercules

2027 4938 2234 5021 positis
2256 4936 2367 4998 sub
2388 4934 2607 4996 arbore
2618 4934 2869 5015 quadam
2888 4934 3073 4996 armis
3088 4951 3297 4995 somno
3311 4935 3677 5012 indulgeret.

2027 5029 2104 5092 Hi
2139 5028 2320 5107 igitur
2349 5024 2595 5106 propius
2623 5023 2979 5086 accedentes
3009 5024 3193 5085 armis
3215 5023 3402 5104 ipsius
3434 5043 3677 5087 manuni

2028 5118 2278 5198 injicere
2310 5121 2638 5177 tentarunt.
2674 5111 2843 5185 Quod
2886 5131 3021 5174 cum
3072 5113 3343 5192 protinus
3392 5113 3679 5176 Hercules

2027 5207 2340 5283 sensisset,
2365 5202 2560 5283 capite
2591 5210 2887 5281 arreptos,
2921 5209 3099 5281 atque
3123 5201 3197 5262 ad
3224 5200 3449 5279 lignum
3476 5204 3674 5283 quod-

2030 5298 2165 5361 dam
2200 5292 2507 5358 obvinctos
2534 5292 2822 5372 gestabat.
2857 5294 2947 5355 Ac
2985 5302 3107 5354 tum
3139 5291 3261 5353 illis
3278 5292 3678 5372 pendentibus

2033 5385 2288 5449 materni
2321 5382 2584 5445 mandati
2622 5380 2958 5444 recordatio
3001 5380 3182 5453 subit,
3218 5398 3353 5442 cum
3402 5379 3677 5446 Herculis

2030 5486 2197 5541 nates
2230 5492 2301 5537 ex
2336 5471 2591 5553 pilorum
2633 5469 2929 5532 densitate
2953 5470 3151 5552 nigras
3181 5486 3314 5533 esse
3337 5472 3681 5554 perspexis-
