4166 6394
281 321 435 390 1009

1051 329 1152 394 AD
1193 329 1254 391 S.
1302 324 1668 392 GREGORII
1711 327 1944 392 CMT.
1994 328 2021 392 Ι
2058 326 2379 392 CONTRA
2419 327 2843 395 JULIANUM.

3505 329 3663 398 1010

272 460 526 540 ἐφονεύθη
583 459 638 515 δὲ
704 462 807 517 ὑπὸ
836 469 930 518 τοῦ
1002 459 1247 540 "Apsum,
1284 459 1369 517 διὰ
1427 462 1490 518 τὸ
1545 461 1948 539 ἀντερασθῆναιη

2040 461 2346 524 tdonidem
2370 482 2609 546 quoque
2628 482 2861 528 summa
2887 464 3182 545 religione
3211 482 3248 529 a
3274 467 3510 530 Juliano
3533 467 3662 530 cul-

268 551 362 606 τὸν
412 547 599 628 ’Ἄρεα
635 555 752 630 ,τῆς
786 548 1128 630 Ἀφροδίτης.
1168 550 1523 630 Καυσίταυρον
1547 549 1600 607 δὲ
1629 549 1736 627 δεῖ,
1771 552 1923 629 φησὶ,

267 638 458 696 καλεῖν
505 640 596 696 τὸν
634 627 944 714 ἰουλιανδν,
1003 638 1094 696 διὰ
1124 641 1186 698 τὸ
1215 627 1443 718 ταύρους-
1460 627 1796 718 ὁλοκλήρους
1829 627 1926 702 θυέ-

267 729 466 799 σιάζειν
497 729 584 784 καὶ
627 729 939 786 κατακαίειν
971 742 1090 793 τοῖς
1119 733 1269 794 θεοῖς
1299 734 1481 794 αὐτοῦ,

2012 559 2136 613 tum
2168 551 2353 614 fuisse
2383 562 2650 619 narrant.
2681 551 2854 617 Hunc
2884 573 3062 634 porro
3101 554 3437 618 Adonidem
3471 576 3506 618 a
3536 554 3659 620 Ve-

2013 660 2158 703 nere
2185 641 2509 717 admatum,
2543 651 2723 725 atque
2751 664 2786 706 a
2815 646 3022 726 Marte,
3055 644 3157 726 qui
3200 644 3392 727 ipsius
3421 664 3663 726 quoque

2013 731 2267 793 Veneris
2285 751 2488 795 amore
2511 734 2819 812 flagrabat,
2845 735 3273 816 interemptum
3295 733 3480 797 fuisse
3503 735 3666 797 fabu.

269 816 492 879 lantur.
526 816 974 880 Tauricremum
1008 819 1268 900 denique
1312 817 1616 882 lulianum
1667 818 1972 902 appellare
2020 821 2317 895 convenit,
2355 830 2411 884 ut
2445 829 2600 886 totos
2631 823 2810 889 boves
2851 824 2971 887 diis
3000 825 3123 888 suis
3164 825 3574 888 immolantem
3605 836 3670 888 et

272 904 759 970 comburentem.

482 995 590 1072 μδ’.
629 999 753 1077 Περὶ
781 1001 880 1064 τῆς
915 995 1185 1077 Κερδαλῆς
1233 998 1322 1055 καὶ
1352 1004 1446 1055 τοῦ
1494 1001 1727 1064 Μίνωος.

365 1083 544 1163 Κερδὼ
595 1085 842 1144 καλεῖται
895 1089 930 1158 ἡ
1001 1085 1247 1154 ἀλώπηξ.
1295 1085 1441 1144 ἓνθεν
1497 1088 1586 1144 καὶ
1673 1085 1933 1168 κερδαλῆ,

277 1179 313 1244 ἡ
387 1176 614 1251 πονηρία
671 1178 759 1233 καὶ
816 1178 851 1244 ἡ
909 1179 1066 1234 κακία
1124 1176 1217 1234 καί
1247 1178 1282 1246 ἡ
1316 1175 1589 1244 δολιότης⁶
1623 1175 1802 1236 δόλιον
1832 1178 1933 1258 γὰρ

277 1267 370 1323 καὶ
424 1265 782 1344 παγκόκιστον
835 1269 920 1322 καὶ
979 1268 1213 1346 πονηρὸν
1269 1269 1331 1323 τὸ
1360 1273 1495 1339 ζῶον
1528 1273 1684 1325 τοῦτο
1714 1269 1748 1336 ἡ
1780 1266 1931 1325 ἀλώ-

278 1355 412 1423 πηξ.
479 1354 536 1413 Ὀ
602 1354 654 1411 δὲ
713 1356 888 1422 Μίνως
923 1354 1119 1422 δίκαιος
1152 1356 1427 1435 ἅνθρωπος
1471 1356 1738 1432 ἐνομζετο
1761 1361 1923 1432 εἶναι,

275 1449 353 1510 ὡς
411 1447 518 1510 υἱὸς
579 1454 670 1503 τοῦ
740 1447 890 1509 Διός.
953 1437 1032 1504 ⁴Ὀ
1086 1454 1174 1505 οῦν
1225 1445 1370 1525 λέγει
1404 1448 1430 1503 ὀ
1461 1450 1606 1511 θεῖος
1637 1448 1928 1526 Γρηγόριος

275 1537 432 1592 τοῦτό
483 1534 650 1592 ἐστιν’
709 1535 788 1593 ὅτι
846 1537 873 1592 ὁ
948 1535 1230 1602 Ἰουλιανὸς
1282 1537 1385 1604 τὴτ
1445 1537 1630 1594 ἑαυτοῦ
1658 1535 1931 1615 παγκάκι-

274 1648 403 1682 στον
493 1629 744 1702 πονηρίαν
827 1625 892 1682 δι’
977 1626 1308 1685 ἐπιπλάστου
1368 1626 1525 1694 ἤθους
1579 1626 1930 1706 ἀπέκρυπτεν,

275 1715 458 1782 ἄδικος
488 1715 559 1772 ὧν
591 1717 643 1772 ἐν
674 1715 858 1791 δικαίῳ
901 1719 1281 1798 προσχήματι.

2478 1003 2577 1066 44.
2612 1001 2706 1065 De
2733 1003 2990 1085 vulpina
3015 1002 3196 1085 pelle.

2099 1089 2275 1169 Κερδώ
2303 1091 2512 1168 vulpes
2539 1101 2823 1155 vacatur:
2861 1093 3023 1155 unde
3052 1103 3115 1156 et
3151 1092 3404 1172 κερδαλῆ,
3442 1092 3669 1156 malitia

2014 1185 2192 1259 atque
2210 1179 2560 1260 improbitas
2582 1189 2643 1244 et
2661 1182 3078 1245 fraudulentia.
3105 1181 3426 1244 Versutum
3447 1183 3668 1263 quippe

2014 1274 2107 1330 est
2139 1271 2249 1332 hoc
2279 1270 2522 1351 animal,
2558 1273 2840 1354 mirasque
2873 1272 3114 1335 malitia)
3141 1280 3200 1334 et
3230 1271 3664 1352 perversitatis.

2014 1360 2088 1419 At
2118 1378 2256 1420 vero
2293 1361 2486 1422 Minos
2506 1363 2710 1438 justus
2738 1373 2797 1425 et
2826 1363 3059 1440 integer
3088 1363 3270 1424 homo
3305 1361 3661 1438 habebatur,

2017 1457 2080 1510 ut
2100 1447 2259 1510 Jovis
2285 1449 2461 1511 filius.
2494 1451 2662 1514 Hunc
2684 1462 2882 1516 autem
2913 1471 3156 1514 sensum
3189 1451 3457 1530 Gregorii
3485 1452 3668 1514 verba

2019 1537 2278 1601 habent:
2315 1538 2482 1611 Quod
2525 1543 2801 1605 Julianus
2848 1542 3214 1622 singularem
3261 1559 3432 1603 suam
3483 1539 3671 1602 animi

2021 1628 2466 1706 perversitatem
2504 1631 2890 1695 humanitatis
2917 1632 3225 1712 cujusdam
3252 1639 3309 1693 et
3332 1631 3672 1694 clementia)

2019 1717 2179 1778 larva
2203 1720 2577 1799 contegebat,
2600 1741 2670 1784 ac
2694 1723 2805 1786 sub
2820 1723 3068 1804 justitiaa
3097 1721 3301 1803 specie
3330 1720 3592 1801 injustus
3611 1728 3672 1783 et

1957 1851 1997 1902 Β
2019 1807 2344 1870 sceleratus
2365 1818 2512 1902 erat.

446 1895 561 1972 με’.
598 1896 720 1974 Περὶ
751 1903 840 1953 τοῦ
874 1893 1228 1971 Μελάμποδος
1259 1895 1347 1951 καὶ
1376 1900 1468 1952 τοῦ
1499 1894 1784 1973 Πρωτέως.

373 1985 431 2041 Ὀ
494 1986 731 2064 Πρωτεὺς
789 1986 939 2048 οὗτός
1016 1984 1160 2041 ἔστιν
1214 1983 1242 2040 ὁ
1298 1989 1396 2052 τῆς
1456 1985 1688 2063 Θρᾴκης,
1725 1991 1784 2043 οῦ
1815 1985 1937 2048 τοὺς

283 2077 427 2140 υἱοὺς
477 2075 785 2131 ἀπέκτεινεν
845 2066 1193 2155 ὀἨρακλῆς.
1268 2080 1432 2139 Οῦτος
1500 2081 1592 2132 οῦν
1632 2075 1720 2132 καὶ
1750 2075 1939 2150 μάντις

287 2168 380 2239 ἦν,
443 2168 525 2222 κοὶ
572 2166 858 2242 γενόμενος
917 2163 1125 2227 ἐνάλιος
1177 2161 1403 2239 δαίμων,
1466 2165 1555 2222 καὶ
1630 2165 1790 2221 οἰκῶν
1840 2165 1937 2232 τὴν

285 2256 489 2334 Φάρονο
546 2253 632 2310 δεὸ
702 2256 787 2310 καὶ
856 2254 1116 2332 Πρωτέως
1176 2259 1337 2321 νῆσος
1378 2256 1413 2322 ἡ
1448 2255 1624 2331 Φάρος
1651 2253 1937 2321 ἐκέκλητο.

289 2344 420 2402 ’Ἵνα
480 2346 557 2420 μὴ
615 2352 703 2402 οῦν
761 2346 974 2411 αἰτῆται
1038 2344 1290 2418 μαντείας
1321 2344 1414 2401 καὶ
1464 2346 1791 2422 προγνώσεις
1857 2343 1943 2400 διὰ

289 2435 414 2498 τοὺς
460 2433 852 2506 πλησιάζοντας
884 2433 1046 2512 αὐτῷ,
1081 2433 1182 2500 τὴν
1227 2431 1426 2490 τούτων
1472 2430 1707 2513 ὄχλησιν
1737 2434 1816 2508 μὴ
1842 2433 1939 2512 φέ-

292 2547 423 2604 ρων,
483 2525 817 2604 μετεμόρφου
869 2522 1054 2581 ἑαυτὸν
1116 2522 1310 2600 μαγείᾳ
1340 2522 1466 2597 τινὶ,
1523 2523 1611 2578 καὶ
1669 2519 1943 2600 ἄγνωστον

291 2617 480 2671 ἑαυτὸν
533 2614 697 2671 ἐποίει
753 2626 869 2679 τοῖς
899 2614 1028 2693 πρὸς
1061 2611 1218 2669 αὐτὸν
1247 2611 1664 2684 πλησιάζουσιν.
1713 2608 1942 2688 Ὀμοίως

293 2702 349 2760 δὲ
407 2703 493 2760 καὶ
535 2704 562 2759 ὀ
624 2703 945 2778 Μελάμποδς
1005 2703 1193 2778 μάντις
1238 2701 1304 2779 ἦν
1337 2702 1426 2757 καὶ
1470 2699 1807 2782 ἱεροφάντης.
1847 2706 1948 2758 Οῦ·

290 2816 382 2858 τος
437 2792 652 2873 ἐξέφηνε
687 2795 754 2850 τὰ
792 2799 844 2850 εν
882 2794 1126 2872 Αἰγύπτῳ
1155 2793 1268 2871 ἱερὰ
1312 2804 1430 2855 τοῖς
1475 2790 1778 2866 ”Ελλησιν,
1810 2788 1945 2869 ἅπερ

290 2883 624 2960 ἐμιμήσαντο
679 2887 725 2942 οἱ
770 2883 1071 2951 ”Ελληνες.
1142 2884 1239 2942 Καὶ
1273 2889 1424 2946 οὗτος
1483 2879 1537 2938 δὲ
1594 2889 1701 2938 τῶν
1773 2902 1947 2957 μετα-

290 2974 674 3056 μορφουμένων
730 2973 819 3053 ἧν,
882 2975 955 3037 ὡς
1000 2974 1086 3030 καὶ
1137 2973 1294 3038 αῦτὸς
1354 2971 1427 3030 ὧν
1487 2971 1855 3050 μαντομάγος.
1889 2968 1948 3028 Οἱ

2381 1899 2482 1963 45.
2520 1899 2601 1962 De
2638 1901 2853 1964 Proteo
2885 1907 2942 1965 et
2988 1900 3304 1980 Melampo.

2104 1986 2352 2049 Proteus
2382 1988 2479 2050 hic
2520 1989 2720 2052 Thrax
2773 2001 2923 2069 erat,
2958 1992 3128 2072 cujus
3180 1990 3336 2052 filios
3385 1989 3673 2052 Hercules

2026 2076 2421 2138 obtruncavit.
2471 2079 2578 2142 Hic
2635 2080 3001 2144 vaticinandi
3047 2089 3175 2144 arte
3229 2078 3569 2161 praestabat,
3602 2098 3673 2141 ac

2025 2165 2290 2227 marinus
2324 2168 2471 2230 deus
2522 2171 2767 2233 effectus
2817 2180 2932 2252 est,
2966 2171 3348 2248 Pharumque
3396 2168 3669 2232 incoluit.

2023 2254 2192 2319 Unde
2216 2269 2274 2317 et
2307 2257 2504 2319 Protei
2532 2259 2725 2322 insula
2749 2260 2973 2323 Pharus
3003 2268 3208 2322 vocata
3230 2267 3343 2321 est.
3377 2261 3528 2321 Cum
3559 2276 3672 2319 au-

2027 2355 2144 2407 tem
2179 2346 2351 2407 multi
2385 2358 2630 2429 propter
2665 2354 2854 2431 ipsius
2883 2351 3334 2413 vaticinationes
3353 2349 3429 2412 ad
3451 2367 3588 2410 eum
3612 2366 3678 2410 se

2026 2435 2393 2512 conferrent,
2421 2435 2633 2501 horum
2667 2440 3147 2503 obturbationem
3179 2449 3357 2521 atque
3386 2439 3677 2520 importu-

2030 2525 2272 2586 nitatem
2304 2543 2462 2606 zegre
2493 2528 2716 2605 ferens,
2742 2540 2867 2593 arte
2896 2531 3149 2611 quadam
3173 2529 3403 2608 magica
3421 2528 3484 2589 in
3500 2527 3675 2589 aliam

2029 2614 2330 2695 aliamque
2362 2615 2613 2679 subinde
2643 2619 2893 2682 formam
2924 2638 3060 2683 sese
3100 2616 3549 2698 transmutabat,
3583 2625 3676 2679 at-

2031 2723 2147 2784 que
2184 2704 2268 2767 ita
2296 2704 2390 2766 sui
2442 2719 2821 2787 prospectum
2876 2708 3304 2772 accedentibus
3353 2705 3674 2770 adimebat.

2030 2792 2255 2856 Eodem
2290 2814 2530 2876 quoque
2563 2798 2742 2861 modo
2771 2801 3103 2882 Melampus
3132 2807 3296 2861 vates
3327 2805 3455 2859 erat
3483 2794 3681 2856 biero-

2031 2885 2312 2966 phantes,
2343 2887 2449 2963 qui
2477 2887 2893 2969 [Egyptiorum
2936 2908 3105 2952 sacra
3134 2885 3354 2952 Graecis
3378 2884 3679 2967 patefecit,

2034 2993 2223 3055 eaque
2253 2974 2367 3055 ipsi
2401 2986 2604 3056 postea
2654 2978 2871 3040 imitati
2924 2987 3085 3040 sunt.
3142 2978 3252 3040 Hic
3312 2976 3488 3038 etiam
3548 2992 3682 3036 sese

291 3066 394 3143 γὰρ
445 3072 672 3122 τοιοῦτοι
731 3064 985 3144 ἕνθρωποι
1061 3063 1224 3142 εἶχον
1255 3064 1404 3142 φὺσει
1435 3062 1690 3130 τοιαύτην
1729 3060 1948 3136 δύναμιν

2040 3063 2291 3125 subinde
2315 3066 2788 3145 transformabat,
2808 3077 2874 3131 ut
2894 3079 3056 3132 vates
3082 3068 3410 3148 magieeque
3429 3064 3681 3146 peritus.

292 3154 573 3236 πάρεδρον,
632 3154 768 3211 ὥστε
829 3157 1292 3234 μεταμορφοῦσθαι
1354 3154 1427 3216 εἷς
1488 3150 1522 3208 ὅ
1578 3152 1640 3209 ἄν
1700 3149 1946 3224 θέλωσιν,

2040 3152 2396 3234 Hujusmodi
2420 3156 2646 3238 quippe
2677 3160 2953 3221 homines
2983 3178 3112 3221 eam
3145 3145 3483 3220 facultatem
3508 3154 3687 3216 habe-

297 3244 436 3301 ὥστε
468 3245 543 3319 μὴ
600 3245 948 3323 γινώσκεσθαι
1021 3244 1166 3321 παρὰ
1223 3265 1329 3300 των
1360 3243 1491 3320 πρὸς
1537 3243 1722 3308 αὖτοὺς
1768 3239 1951 3299 διαλε-

298 3333 542 3412 γομένων
554 3382 564 3393 .

681 3512 826 3588 pg”.
863 3514 984 3592 Περὶ
1009 3518 1102 3569 τοῦ
1127 3512 1367 3570 Αἰτναίου
1397 3512 1584 3592 πυρός.

385 3603 596 3660 Σικελία
627 3605 789 3671 νῆσός
839 3601 950 3659 ἐστι
1001 3600 1256 3682 μεγίστη,
1318 3599 1630 3677 διακειμένη
1663 3603 1781 3680 περὶ
1811 3600 1952 3658 ἰτα-

297 3693 441 3756 λίαν,
510 3698 600 3750 Ἐν
627 3694 794 3770 ταύτῃ
823 3694 936 3750 ἐστὶ
969 3692 1147 3771 πόλις,
1201 3691 1414 3758 Κατάνη
1447 3691 1585 3750 οὕτω
1614 3690 1949 3766 καλουμένη·

295 3783 545 3857 ὑπεράνω
597 3782 649 3838 δὲ
710 3789 809 3852 τῆς
879 3783 1132 3849 Κατάνης
1164 3781 1301 3838 ἐστὶν
1334 3781 1482 3862 ὅρος,
1515 3779 1566 3848 ἐξ
1597 3791 1656 3841 οῦ
1706 3778 1954 3839 ἀναδίδο-

284 3897 381 3930 ται
436 3876 535 3951 πῦρ
608 3871 744 3929 πολύ
802 3893 860 3929 τε
919 3873 1005 3929 καὶ
1037 3869 1302 3940 διηνεκές,
1340 3870 1598 3929 Καλεῖται
1632 3870 1685 3927 δὲ
1717 3873 1779 3928 τὸ
1833 3872 1954 3948 ὃρος

285 3961 494 4029 Μ’τνησ
558 3961 840 4020 καλοῦδται
909 3959 962 4017 δὲ
1033 3962 1122 4018 καὶ
1208 3963 1255 4016 οἱ
1309 3959 1403 4017 τοῦ
1471 3959 1756 4040 Ἡφαίστου
1820 3982 1956 4038 κρα-

285 4059 484 4127 τῆρες.
547 4060 713 4111 Τοῦτο
765 4051 817 4108 δὲ
880 4053 941 4108 τὸ
1002 4053 1103 4130 πῦρ
1157 4049 1299 4107 ἔστιν
1357 4049 1446 4106 ὅτε
1478 4052 1729 4107 τοσοῦτον
1787 4051 1956 4129 ὑπὲρ·

290 4144 498 4222 ὃλύζει,
543 4143 681 4200 ὥστε
741 4145 828 4198 καὶ
900 4139 1212 4217 ποταμηδόν
1284 4138 1553 4219 φέρεσθαι,
1591 4142 1679 4196 καὶ
1735 4139 1849 4218 ῥεῖν
1882 4141 1957 4203 ὡς

302 4231 440 4310 ὕδωρ
494 4235 628 4308 μετὰ
685 4231 780 4301 τῆς
841 4229 1224 4308 ἀναδιδομένης
1281 4226 1548 4308 πυρώδους
1572 4228 1726 4296 ὕλης·
1758 4229 1871 4286 ἔστι
1902 4227 1958 4284 δὲ

307 4325 396 4382 καὶ
452 4324 596 4381 θεῖόν
669 4346 719 4379 τι
747 4323 807 4380 τὸ
838 4329 938 4402 πῦρ
969 4330 1145 4385 τοῦτο,
1195 4320 1426 4399 Λέγεται
1456 4318 1509 4376 δὲ
1553 4317 1634 4377 ὅτι
1667 4321 1848 4399 πατήρ
1877 4340 1958 4383 τις

312 4413 425 4489 μεθ’
508 4415 620 4471 υἱοῦ
664 4413 845 4482 εὑρέθη
919 4416 974 4470 ἒν
1003 4420 1080 4487 τῴ
1109 4409 1216 4490 ὄρει
1248 4410 1443 4486 τούτῳ,
1478 4410 1566 4468 καὶ
1597 4408 1748 4491 ἄφνω
1803 4407 1960 4488 ἰῤῥύη

311 4501 624 4580 ποταμηδὸν
694 4506 755 4560 τὸ
819 4502 942 4581 πῦρ,
1007 4502 1094 4559 καὶ
1152 4499 1350 4578 ἄπορον
1409 4501 1592 4566 αὒτοῖς
1646 4499 1832 4580 γέγονε
1902 4500 1964 4555 τὸ

311 4595 617 4669 παρελθεῖν.
681 4593 741 4653 Ὀ
804 4591 858 4648 δὲ
916 4605 1048 4657 παῖς
1095 4588 1248 4648 ἔλαϐε
1301 4592 1392 4648 τὸν
1425 4590 1615 4649 ἑαυτοῦ
1645 4590 1847 4668 πατέρα
1879 4588 1967 4645 καὶ

311 4682 590 4746 ἐϐάστασε·
637 4686 724 4741 καὶ
779 4683 1082 4763 ἐρυθριάσειν
1161 4684 1221 4738 τὸ
1277 4688 1378 4760 πῦρ
1449 4680 1550 4748 τὴν
1628 4678 1816 4759 πρᾶξιν
1876 4687 1968 4738 τοῦ

310 4778 445 4854 υἱοῦ,
519 4775 757 4842 ἀνεκόπη
813 4779 912 4842 τῆς
975 4770 1244 4852 ἐπιῤῥοῆς·
1332 4772 1424 4827 καὶ
1477 4768 1746 4849 παρῆλθεν
1775 4770 1802 4826 ὃ
1832 4781 1966 4833 παῖς

311 4866 398 4920 καὶ
449 4866 476 4922 ὀ
533 4865 712 4943 πατὴρ
741 4861 1024 4926 ἀϐλαϐεῖς.

498 4953 609 5032 μζ’.
645 4955 768 5032 Περὶ
837 4959 936 5020 τῆς
980 4953 1035 5009 ἐν
1067 4958 1144 5028 τῷ
1177 4953 1341 5032 Μίθρᾳ
1369 4949 1644 5015 κολάσεως
1665 4948 1779 5028 (1).

394 5047 493 5105 Τὸν
567 5044 762 5123 Μίθραν
836 5045 1101 5119 νομίζουσι
1176 5042 1372 5121 Πέρσαι
1425 5041 1517 5099 τὸν
1573 5037 1729 5106 εηλιον
1791 5037 1960 5096 εἶναι’

309 5138 398 5192 καὶ
439 5135 612 5211 τὀύτῳ
646 5135 820 5192 θύουσι
877 5132 1082 5196 πολλὰς
1140 5133 1343 5210 θυσίας,
1374 5132 1462 5188 καὶ
1511 5125 1787 5186 τελοῦνταί
1815 5147 1964 5192 τινας

308 5229 383 5288 εἰς
435 5226 592 5282 αὖτὸν
647 5224 888 5288 τελετάς.
936 5221 1114 5285 Οὒδεὶς
1185 5219 1241 5278 δὲ
1284 5219 1492 5276 δύναται
1545 5216 1827 5274 τελεῖσθαι
1873 5219 1966 5283 τὰς

305 5323 401 5374 τοῦ
461 5317 650 5392 Μίθρου
707 5313 949 5388 τελετὰς,
1013 5311 1169 5387 εἰμὴ
1215 5308 1300 5366 διὰ
1345 5314 1530 5365 πασῶν
1556 5312 1663 5364 τῶν
1692 5305 1967 5365 κολάσεων

303 5404 580 5484 παρέλθοὶ,
641 5404 729 5461 καὶ
783 5402 933 5469 δείξει
994 5402 1178 5462 ἑαυτὸν
1240 5400 1422 5466 ἁπαθῆ
1479 5419 1598 5454 τινα
1651 5398 1738 5454 καὶ
1794 5393 1963 5462 ὅσιον,

306 5495 563 5574 Δέγονται
622 5492 676 5550 δὲ
733 5491 1062 5571 ὀγδοήκοντα
1147 5491 1293 5548 εἶναι
1379 5486 1652 5561 κολάσεις,
1710 5484 1774 5550 ἃς
1831 5486 1969 5544 κατὰ

305 5587 510 5661 βαθμὸν
580 5582 666 5640 δεῖ
719 5589 811 5641 τὸν
868 5581 1322 5658 τελεσθησόμενον
1403 5575 1711 5657 παρελθεῖν*
1812 5576 1962 5655 οἷον,

389 5707 474 5790 (1)
507 5705 746 5772 Similia
772 5725 941 5772 num.
980 5707 1020 5774 6
1052 5721 1261 5791 supra.

2040 3245 2201 3318 bant,
2229 3251 2292 3305 ut
2314 3264 2734 3326 quamcunque
2763 3249 2983 3310 vellent
3010 3249 3263 3310 formam
3285 3252 3683 3322 assumerent,

2039 3353 2113 3394 ne
2134 3333 2208 3396 ab
2228 3335 2344 3410 his,
2371 3335 2478 3414 qui
2499 3355 2603 3398 eos
2623 3338 3099 3419 alloquebantur,
3120 3338 3245 3402 ullo
3264 3336 3441 3400 modo
3459 3354 3687 3416 cogno-

2039 3423 2122 3486 sci
2154 3435 2419 3504 possent.

2524 3508 2624 3572 46.
2653 3511 2742 3571 De
2772 3509 3013 3573 ΛΕΜωο
3045 3511 3204 3587 igne.

2122 3596 2322 3658 Sicilia
2354 3598 2610 3659 maxima
2641 3606 2733 3660 est
2761 3599 2956 3662 insula
2984 3599 3144 3662 circa
3193 3598 3421 3662 Italiam
3450 3597 3584 3660 sita.
3623 3595 3691 3658 In

2040 3704 2111 3747 ea
2143 3685 2285 3747 urbs
2317 3695 2405 3749 cst
2464 3687 2680 3750 Catana
2737 3691 3018 3752 nomine:
3055 3689 3129 3752 ad
3181 3689 3352 3769 cujus
3410 3687 3691 3749 verticem

2042 3795 2212 3836 mons
2239 3785 2429 3850 est,ex
2453 3798 2568 3858 quo
2593 3778 2949 3859 copiosusac
2972 3790 3296 3862 perpetuus
3314 3777 3468 3856 ignis
3492 3794 3696 3837 erum-

2041 3867 2146 3946 pit.
2177 3864 2285 3927 Hic
2319 3887 2492 3928 mons
2523 3869 2700 3932 Etna
2731 3879 2997 3946 vocatur,
3025 3879 3204 3950 atque
3234 3869 3412 3931 etiam
3447 3864 3695 3928 Vulcani

2043 3963 2328 4016 crateres.
2357 3956 2714 4036 Hujusmodi
2738 3978 2915 4039 porro
2933 3960 3085 4038 ignis
3101 3958 3252 4021 adeo
3268 3971 3695 4036 nonnunquam

2044 4047 2323 4125 exundat,
2357 4058 2421 4107 ut
2454 4049 2717 4110 fluminis
2741 4068 2909 4112 more
2941 4050 3186 4124 feratur,
3211 4057 3387 4130 atque
3418 4064 3550 4108 cum
3580 4061 3700 4106 ma-

2044 4135 2193 4196 teria
2226 4134 2324 4197 illa
2361 4137 2555 4217 ignea,
2589 4156 2724 4214 quae
2768 4157 3005 4201 sursum
3039 4138 3284 4212 emicat,
3317 4138 3504 4198 instar
3533 4152 3702 4216 aquae

2044 4225 2208 4286 ﬂuat.
2245 4227 2332 4288 Ac
2365 4227 2570 4306 procul
2606 4225 2789 4289 dubio
2824 4228 3067 4289 divinus
3100 4236 3190 4290 est
3235 4227 3412 4307 ignis.
3446 4225 3702 4303 Fingunt

2051 4322 2273 4395 patrem
2309 4317 2626 4396 quemdam
2673 4335 2807 4378 cum
2842 4317 2961 4378 ﬁlio
2991 4336 3099 4379 suo
3131 4316 3193 4377 in
3224 4318 3338 4378 hoc
3370 4323 3569 4375 monte
3599 4313 3699 4374 in-

1985 4414 2288 4511 Dvenlum
2324 4406 2534 4482 fuisse,
2568 4415 2746 4488 atque
2785 4407 2984 4486 ignem
3032 4414 3282 4487 repente
3329 4403 3594 4503 fluminis
3637 4401 3700 4464 in

2053 4514 2278 4556 morem
2297 4492 3698 4580 proﬂuxisse.transitumqueipsisinterclusisse.

2051 4605 2118 4646 ac
2152 4596 2272 4647 tum
2326 4587 2509 4648 tilium
2563 4588 2687 4650 suis
2732 4589 3001 4652 humeris
3050 4588 3348 4650 sublatum
3399 4593 3703 4668 parentem

2053 4684 2339 4757 gestasse,
2364 4696 2555 4759 eoque
2576 4679 2838 4742 facinore
2861 4680 3061 4760 ignem
3091 4677 3251 4740 velut
3273 4683 3609 4758 permotum
3639 4692 3708 4736 ac

2054 4767 2281 4848 pudore
2304 4769 2579 4830 affectum
2607 4788 2848 4832 cursum
2873 4788 3046 4832 suum
3073 4767 3708 4850 compressissezatque

2051 4857 2132 4919 ita
2161 4867 2220 4920 et
2252 4867 2482 4940 patrem
2516 4869 2575 4922 et
2605 4860 2792 4922 tilium
2826 4860 3160 4923 incolumes
3209 4857 3623 4940 pertransisse.

2408 4951 2508 5010 47.
2551 4950 2636 5012 De
2686 4950 2935 5014 Mithrae
2982 4951 3330 5031 suppliciis.

2133 5035 2330 5099 Persae
2379 5037 2645 5100 Mitbratr
2703 5039 2891 5102 solem
2945 5057 3080 5100 esse
3130 5036 3495 5110 existimant,
3528 5035 3710 5112 eique

2056 5127 2238 5188 multa
2269 5129 2558 5190 sacrificia
2588 5130 2869 5202 offerunt,
2895 5128 3372 5210 quibusdamque
3403 5125 3589 5206 ipsius
3619 5142 3710 5185 sa-

2054 5216 2171 5277 cris
2202 5217 2513 5280 initiantur
2546 5239 2559 5278 :
2599 5219 2672 5281 ad
2704 5238 2838 5300 quas
2869 5236 3045 5280 nemo
3072 5216 3427 5291 admittitur,
3459 5213 3577 5275 nisi
3607 5211 3710 5294 qui

2055 5306 2217 5387 prius
2250 5309 2449 5370 omnia
2482 5318 2916 5371 tormentorum
2958 5325 3179 5389 genera
3210 5303 3546 5388 pertulerit,
3574 5303 3709 5384 pie-

2057 5400 2306 5476 tatisque
2337 5416 2461 5460 suae
2489 5397 2988 5480 fortitudinisque
3019 5389 3205 5459 animi
3248 5396 3310 5457 in
3341 5392 3688 5476 perferendi

2051 5485 2361 5548 doloribus
2383 5487 2691 5569 specimen
2711 5487 2969 5554 dederit.
2989 5486 3395 5552 Aiuntautem
3412 5482 3714 5563 octoginta

2050 5594 2185 5639 esse
2217 5575 2588 5642 cruciatuum
2617 5595 2863 5659 genera,
2897 5595 3004 5661 per
3033 5595 3168 5661 qua
3199 5582 3365 5641 certo
3417 5572 3634 5638 ordine
3657 5571 3714 5636 ei
