4166 6456
481 324 633 395 1011

1960 318 2281 383 NONNUS
2323 318 2562 383 ABBAS

3722 312 3882 385 1012

476 461 580 543 qui
610 460 935 527 initiandus
964 470 1077 533 est,
1116 460 1456 527 necessario
1508 458 1939 523 transeundum
1993 462 2124 518 est:

2220 453 2421 533 πρῶτον
2479 450 2817 543 διανήξασθαι
2903 453 2990 510 ἐπὶ
3032 452 3235 519 πολλὰς
3278 453 3485 535 ἡμέρας
3528 455 3667 537 ὕδωρ
3710 457 3875 516 πολύ·

474 549 642 613 verbi
693 569 891 625 causa,
926 551 1187 633 primum
1240 551 1293 613 ei
1342 550 1557 615 diebus
1611 549 1813 612 multis
1870 544 2127 608 natanda

476 648 568 703 est
584 658 762 722 aqua.
789 640 1020 704 Deinde
1044 640 1391 705 necessario
1416 641 1526 719 ipsi
1554 639 1888 702 faciendum
1924 644 2038 707 est,
2068 641 2129 695 ut

476 748 541 794 se
572 732 631 791 in
664 730 862 809 ignem
893 732 1194 810 conjiciat,
1216 739 1419 811 postea
1444 732 1503 791 in
1528 730 1849 793 solitudine
1879 723 2123 802 versari,

475 819 709 901 sibique
739 820 852 902 ipsi
888 820 1150 883 inediam
1184 820 1481 902 imperare
1512 838 1761 883 necesse
1794 817 1970 880 habet
1999 836 2011 876 :
2046 820 2129 874 at-

2209 543 2334 601 εἶτα
2378 544 2451 608 είς
2481 552 2583 621 πῦρ
2621 540 2903 619 ἐμϐάλλειν
2934 542 3141 602 ἑαυτόν
3174 544 3301 603 εἶτα
3341 544 3397 601 iv
3440 545 3629 625 ἐρήμῳ
3657 546 3879 616 διαιτη-

2207 636 2363 701 θῆναι
2421 634 2508 689 καὶ
2536 632 2810 707 ἂσιτῆσαι,
2842 633 2931 690 καὶ
2960 631 3096 691 ἄλλα
3127 636 3244 691 τινὰ
3272 634 3429 717 ἄχρις
3459 644 3544 713 οὗ,
3579 640 3655 701 ὡς
3704 635 3876 696 εἵπο-

2212 744 2333 799 μεν,
2403 722 2498 788 τὰς
2563 720 2893 801 ὁγδοήκοντα
2938 719 3187 785 κολάσεις
3263 722 3538 802 παρέλθοιο
3602 726 3692 782 καὶ
3750 725 3877 781 τότε

2212 814 2400 871 λοιπὸν
2424 812 2615 883 ἑμύουν
2643 812 2802 870 αὐτὸν
2830 813 2899 869 τὰ
2930 810 3247 891 τελεώτερα,
3298 814 3388 870 ἰὰν
3417 816 3581 893 ζήσῃ.

475 899 694 987 queita
724 899 798 971 ad
829 909 944 971 alia
980 899 1613 991 pergerefquousque
1662 900 2395 995 οειοεὶηιειηιιιιιίαἰιηιιε,
2451 899 2884 982 suppliciorum
2946 899 3271 995 generibus
3322 899 3639 966 defunctus
3667 904 3869 968 fuerit.

473 999 698 1074 Quibus
727 998 777 1061 si
808 989 1223 1080 supervixerit,
1262 989 1383 1061 tum
1416 989 1658 1061 demum
1690 999 1873 1059 sacris
1903 990 2221 1058 Mithriacis
2249 989 2544 1055 initiatur.

612 1099 712 1161 48.
752 1100 835 1163 De
865 1098 1085 1162 Echeti
1112 1106 1167 1161 et
1196 1098 1558 1161 Phalaridis
1595 1098 1975 1161 crudelitate.

553 1188 815 1251 Ecbetus
835 1187 1000 1271 Epiri
1032 1200 1316 1271 tyrannus
1337 1190 1446 1251 fuit
1468 1210 1487 1250 :
1511 1190 1635 1270 qui,
1664 1197 1728 1249 ut
1757 1196 1882 1250 erat
1914 1186 2125 1264 insigni

474 1278 853 1352 crudelitate,
885 1280 1050 1341 varia
1094 1278 1522 1361 suppliciorum
1572 1287 2127 1353 tormentorumque

472 1387 696 1447 genera
717 1368 1109 1448 echgitabat.
1138 1368 1219 1431 Ex
1251 1389 1368 1451 quo
1392 1369 1783 1445 efﬁciebatur,
1814 1378 1874 1428 nt
1897 1369 1998 1446 qui
2026 1367 2127 1428 ali-

474 1478 654 1542 quem
681 1458 1117 1521 immanissime
1139 1458 1467 1521 excruciari
1494 1459 1813 1530 vellent,ad
1835 1477 1968 1519 eum
1992 1459 2123 1521 mit-

473 1556 711 1613 terent:
747 1548 1253 1631 quemadmodum
1289 1556 1463 1631 poeta
1488 1566 1729 1631 quoque
1762 1554 1887 1627 ipse
1920 1548 1993 1609 de
2026 1566 2122 1609 eo-

471 1639 691 1703 cecinit
720 1660 733 1701 :

2453 1091 2580 1168 μη’.
2625 1093 2747 1169 Περὶ
2774 1099 2869 1149 τοῦ
2920 1092 3151 1173 Ἐχέτου
3182 1094 3268 1150 καὶ
3296 1093 3618 1173 Φαλάριδος,

2291 1188 2545 1271 ’Ἔχετος
2622 1190 2719 1259 τῆς
2776 1190 3026 1270 Ἠπείρου
3094 1192 3308 1273 ὑπῆρχε
3362 1193 3632 1272 τύραννος.
3696 1205 3873 1261 Οὗτος

2208 1282 2488 1357 ὠμότατος
2518 1281 2612 1356 ὢν,
2674 1280 2879 1339 ὶπενόει
2938 1282 3193 1346 παντοίας
3262 1284 3519 1362 τιμωρίας
3543 1285 3631 1341 καὶ
3687 1284 3868 1342 κολα-

2207 1372 2422 1450 στήρια,
2476 1372 2615 1450 Πρὸς
2686 1379 2873 1430 τοῦτον
2946 1373 2992 1428 οί
3059 1370 3300 1438 θέλοντες
3352 1371 3576 1454 ἀφειδῶς
3639 1374 3873 1432 κολάσαι

2206 1460 2520 1537 διέπεμπον⁶
2555 1464 2629 1525 ὡς
2660 1462 2747 1518 καὶ
2791 1464 2820 1519 6
2851 1462 3087 1530 ποιητὴς
3118 1460 3264 1540 λέγει
3296 1464 3414 1542 περὶ
3445 1465 3624 1528 αὒτοῦ.

2313 1650 2400 1714 El:
2429 1640 2676 1730 ’Ἔχετον
2704 1649 2939 1726 βασιλῆα
2962 1651 3165 1730 βροτῶν
3195 1647 3475 1726 δηλήμονα
3504 1653 3744 1716 πάντων,

471 1739 571 1801 Ad
581 1755 785 1821 regem
800 1739 927 1801 Ech
934 1746 1095 1801 etum
1111 1740 1463 1801 mortalium
1474 1740 1747 1801 omnium
1763 1740 2119 1817 carniﬁcem.

2220 1743 2269 1808 l0
2326 1746 2381 1805 δὲ
2454 1748 2715 1829 Φάλαρις,
2780 1750 2930 1813 οὗτος
2990 1748 3311 1827 καινοτέρων
3369 1749 3741 1829 κολαστηρίων
3765 1754 3871 1830 γέ·-

475 1836 628 1901 Buic
659 1856 779 1899 non
821 1837 1133 1900 dissimilis
1180 1846 1305 1899 erat
1352 1836 1625 1899 Phalaris
1673 1856 1895 1916 genere
1950 1840 2127 1901 Sicu-

473 1926 588 2004 lus,
624 1926 751 2008 ipse
796 1944 1035 2008 quoque
1082 1945 1369 1990 novorum
1423 1936 1855 1988 tormentorum
1908 1927 2124 1991 inven-

476 2025 597 2082 tor.
633 2015 839 2089 Quiut
883 2035 916 2079 a
964 2018 1255 2096 Dionysio
1305 2018 1629 2080 saevissimo
1690 2026 1751 2080 et
1810 2021 2121 2083 immanis-

2211 1860 2365 1919 γονεν
2436 1840 2673 1917 εὑρετής
2752 1838 2818 1907 ἧν
2862 1836 2916 1894 δὲ
2967 1840 3027 1895 τὸ
3071 1859 3223 1919 γενος
3283 1839 3636 1908 Σικελιώτης.
3701 1844 3871 1908 Οὗτος

2210 1931 2561 2010 χαριζόμενος
2626 1927 2879 2003 Διονυσίῳ
2940 1935 3014 2003 τῷ
3044 1929 3300 2009 τυράννῳ,
3334 1929 3445 1986 ὄντι
3470 1930 3739 2007 ὠμοτάτῳ
3770 1934 3865 1989 καὶ

2206 2026 2499 2099 τυραννικῷ
2554 2019 2642 2075 καὶ
2680 2023 3047 2096 τιμωρητικῷ,
3096 2016 3352 2086 ἰπενόησε
3409 2020 3534 2096 βοῦν
3592 2019 3865 2101 χαλκοῦν,

470 2106 625 2169 simo
681 2113 930 2187 tyranno
1017 2107 1266 2187 gratiam
1347 2108 1548 2184 iniret,
1613 2108 1820 2169 bovem
1897 2127 2117 2171 aereum

2220 2133 2260 2175 ιν
2319 2112 2365 2183 ᾦ
2420 2107 2522 2165 ἔδει
2569 2105 2784 2184 βάλλειν
2840 2107 2960 2171 τοὺς
3016 2106 3426 2183 κολαζομένους,
3467 2110 3555 2166 καὶ
3585 2117 3687 2189 πῦρ
3730 2111 3869 2167 ἇνα-

471 2196 843 2275 excogitavit,
872 2199 929 2256 in
952 2216 1129 2278 quem
1154 2199 1255 2278 qui
1287 2197 1581 2278 supplicio
1605 2198 1904 2261 alliciendi
1930 2208 2122 2279 erant,

470 2285 891 2365 injicerentur,
946 2294 1275 2366 posteaque
1324 2286 1447 2364 igni
1498 2288 2031 2368 succenderentur,
2061 2297 2125 2350 ut

471 2376 574 2454 qui
613 2375 850 2436 interna
896 2375 1135 2437 flamma
1185 2384 1602 2452 exurerentur,
1637 2376 1956 2438 clamorem
2009 2378 2118 2439 bo-

470 2464 563 2526 vis
583 2464 831 2545 mugitui
852 2464 1111 2526 similem
1131 2465 1405 2529 ederent.
1428 2468 1608 2545 Cujus
1626 2467 2119 2531 inhumanitatem

470 2555 852 2634 conspicatus
868 2561 1049 2633 atque
1066 2566 1406 2619 exsecratus
1423 2556 1789 2637 Dionysius,i
1801 2577 1967 2637 psum
1985 2578 2121 2639 sup-

474 2644 640 2728 plicii
671 2653 979 2706 auctorem
1020 2644 1079 2706 in
1134 2652 1364 2707 taurum
1418 2647 1694 2727 conjecit,
1721 2656 1897 2729 atque
1932 2648 1987 2709 in
2026 2651 2122 2710 in-

471 2742 804 2799 strumento
833 2752 941 2796 suo
968 2733 1317 2797 combussit.

2210 2200 2471 2256 καίεσθαι’
2526 2196 2620 2253 ἵνα
2649 2196 2793 2253 ἔνδον
2842 2195 2989 2260 ὄντες
3060 2199 3149 2255 καὶ
3176 2198 3452 2269 καιόμενοι
3484 2200 3570 2254 καὶ
3603 2201 3866 2281 βοῶντες,

2210 2288 2593 2370 διατρεχούσης
2643 2291 2742 2355 τῆς
2772 2291 2955 2368 φωνῆς
2984 2283 3072 2355 διή
3095 2294 3187 2344 τοῦ
3218 2286 3483 2363 στόματος
3516 2292 3607 2346 τοῦ
3636 2291 3859 2369 ταύρου,

2208 2376 2332 2456 δόξῃ
2392 2381 2420 2435 6
2462 2385 2650 2456 ταῦρος
2695 2377 2981 2453 καιόμενος
3027 2379 3308 2453 μυκηθμὸν
3358 2377 3666 2441 ἀποτελεῖν,
3716 2381 3865 2439 1·οοῖ-

2208 2491 2297 2525 του
2349 2466 2404 2524 δὲ
2460 2467 2553 2524 τοῦ
2610 2464 2907 2545 Φαλάριδος
2965 2466 3026 2522 τὸ
3098 2466 3447 2545 ἀπάνθρωπον
3476 2470 3804 2544 θεασάμενος
3838 2474 3867 2527 6

2210 2559 2507 2631 Διονύσιος,
2569 2555 2726 2613 αὐτὸν
2779 2561 2964 2612 τοῦτον
3036 2552 3279 2613 ἰνέϐαλεν
3329 2558 3399 2621 εὶς
3449 2558 3538 2613 τόν
3580 2559 3726 2635 βοῦν,
3778 2563 3866 2617 καὶ

2205 2650 2403 2712 καύσας
2448 2645 2752 2703 ἆπὲκτεινεν
2802 2645 2857 2702 iv
2922 2657 3040 2709 τοῖς
3098 2646 3286 2704 ἑαυτοῦ
3337 2648 3726 2727 μηχανήμασι·
3791 2652 3866 2713 ὡς

2206 2737 2260 2795 δὲ
2315 2738 2473 2802 αὐτὸς
2492 2740 2519 2793 6
2540 2736 2777 2815 Φάλαρις
2809 2735 2864 2792 iv
2894 2735 3152 2815 ἰπιστολῇ
3194 2760 3349 2817 φησι,
3396 2736 3684 2815 Περίλλαόν
3715 2764 3836 2796 τινα

471 2826 570 2906 ρὴν
624 2824 830 2906 τέχνην
881 2824 1169 2907 βάναυσον,
1246 2833 1337 2885 τοῦ
1394 2831 1635 2885 τοιούτου
1698 2829 1909 2909 χαλκοῦ
1976 2833 2167 2889 ταύτου
2233 2828 2541 2908 αὐτουργὸν,
2598 2824 2843 2903 οἰόμενον
2900 2828 3041 2883 αὖτῶ
3100 2828 3405 2907 χαρὶζεσθαι
3463 2833 3532 2904 τῇ
3586 2829 3864 2897 καινότητι

468 2922 569 2983 τῆς
626 2915 907 2993 τιμωρίας,
965 2912 1211 2990 ἰμῦαλὼν
1272 2918 1345 2982 εἰς
1403 2918 1465 2973 τὴ
1521 2929 1729 2978 τοιοῦτο
1788 2919 2027 2999 χαλκοῦν
2118 2918 2486 2996 κολαστεριον,
2552 2917 2639 2973 καὶ
2716 2915 2925 2996 ὑφάψας
2988 2914 3176 2995 πυρὰν,
3258 2915 3437 2973 ἀνεῖλε
3496 2923 3704 2995 πρῶτον
3780 2920 3868 2975 καὶ

470 3006 636 3083 μόνον
689 3005 790 3073 τῆς
844 3010 1035 3072 καινῆς
1099 3005 1357 3085 τιμωρίας
1402 3000 1503 3063 ’τὸν
1547 3005 1898 3088 δημιουργόν·
1970 3013 2060 3067 τὸν
2114 3008 2169 3067 δὲ
2222 3010 2346 3086 βοῦν
2394 3009 2452 3064 iv
2525 3004 2753 3086 Δελφοῖς
2814 3004 3169 3081 ἀποπέμψας,
3228 3005 3476 3083 ἀνάθημα
3545 3011 3621 3081 τῷ
3692 3009 3867 3083 Πυθίῳ

468 3095 759 3172 καθιέρωσε
770 3139 783 3152 .

552 3272 761 3337 Bellua
785 3271 1058 3353 quedam
1107 3272 1262 3355 apud
1312 3273 1566 3337 Lernam
1622 3277 1801 3338 fuisse
1857 3279 2119 3357 ﬁngitur,

472 3362 925 3443 quinquaginta,
950 3363 1067 3438 vel,
1096 3372 1162 3425 ut
1180 3363 1278 3425 alii
1298 3364 1764 3441 malunt,novem
1792 3369 1983 3448 capita
2003 3389 2125 3430 ser-

474 3461 719 3537 pentum
740 3450 969 3513 babens
998 3474 1010 3512 :
1036 3470 1217 3533 quam
1239 3451 1526 3517 Hercules
1547 3475 1681 3517 cum
1709 3457 1929 3519 famulo
1956 3456 2125 3539 Hyllo

474 3540 793 3605 interfecit.
822 3539 981 3613 Quin
1003 3541 1117 3603 hoc
1135 3560 1373 3622 quoque
1396 3542 1758 3620 fabulantur,
1789 3548 1987 3609 exciso
2009 3568 2125 3609 uno

472 3629 665 3712 capite
696 3630 814 3693 duo
842 3630 1030 3692 altera
1058 3632 1291 3693 renasci
1322 3634 1711 3696 consuevisse
1748 3658 1761 3699 :
1798 3638 1879 3697 ita
1912 3646 1973 3697 ut
2004 3640 2125 3699 du-

479 3721 696 3802 plicato
738 3738 990 3782 numero
1036 3722 1345 3801 centiceps
1384 3725 1718 3787 exsisteret.
1771 3725 1936 3799 Quod
1987 3747 2125 3789 cum

472 3810 681 3893 Hyllus
704 3811 1128 3893 perspexisset,
1152 3818 1342 3872 artem
1378 3812 1672 3887 adhibuit,
1703 3815 2026 3899 ignemque
2049 3827 2131 3879 at-

473 3901 629 3975 tulit,
663 3909 846 3981 atque
875 3900 957 3963 ita
986 3908 1053 3963 ut
1082 3900 1363 3984 quodque
1392 3912 1571 3983 caput
1621 3906 2031 3988 excidebatur,
2068 3909 2129 3969 in

473 3992 772 4054 ﬂammam
811 3989 1143 4070 injiciebat.
1178 3994 1266 4054 Ita
1297 3992 1537 4054 tandem
1573 3994 1768 4056 bellua
1802 3996 1900 4058 illa
1936 3999 2130 4060 truri-

474 4082 613 4143 data
640 4089 759 4144 est.

837 4169 939 4233 50.
988 4170 1075 4232 De
1113 4169 1403 4233 Patarica
1446 4170 1764 4238 chimaera.

558 4261 812 4342 Patara,
836 4276 968 4342 qum
997 4259 1189 4342 Lycie
1219 4260 1425 4325 civitas
1454 4270 1569 4339 est,
1604 4282 1778 4327 mons
1808 4284 1942 4329 esse
1976 4284 2134 4331 com-

474 4357 865 4431 memoratur,
898 4349 959 4412 in
990 4369 1108 4431 quo
1140 4350 1341 4413 bellua
1385 4354 1656 4433 quaedam
1692 4366 1819 4417 erat
1848 4357 1923 4418 ab
1954 4367 2133 4420 ante-

473 4438 637 4503 riore
659 4448 825 4521 parte
849 4440 1008 4520 leo,a
1030 4441 1363 4521 posteriore
1384 4443 1587 4513 draco,
1613 4461 1645 4503 a
1672 4444 1869 4505 media
1893 4447 2138 4509 chimae-

1052 3184 1151 3249 49.
1186 3183 1279 3247 De
1309 3184 1534 3263 hydra.
2140 3198 2182 3249 C

2721 3183 2834 3262 μθ’.
2880 3185 3004 3261 Περὶ
3033 3183 3130 3251 τῆς
3171 3182 3349 3265 ὕδρας.

2289 3278 2481 3356 Θηρίον
2539 3276 2813 3351 μυθεύεται
2873 3276 2907 3342 ἡ
2964 3272 3089 3351 ὕδρα
3160 3274 3399 3352 γενέσθαι
3433 3277 3552 3355 περὶ
3586 3277 3686 3343 τὴν
3718 3277 3864 3356 Λέρ-

2207 3391 2304 3436 νην
2375 3363 2969 3444 πεντηκοντακέφαλον,
3030 3364 3078 3419 οί
3137 3361 3191 3419 δὲ
3226 3364 3631 3443 ἑννεακὲφαλον·
3668 3367 3761 3427 τὰς
3812 3364 3867 3422 δὲ

2205 3456 2441 3538 κεφαλὰς
2512 3460 2653 3513 εἶναι
2711 3454 2907 3534 ὄφεων.
2950 3444 3134 3532 ’Ὅπερ
3166 3453 3331 3511 ὶλθὼν
3363 3458 3390 3512 6
3424 3454 3695 3534 Ἠρακλῆς
3726 3458 3865 3532 μετὰ

2208 3546 2359 3603 ’Ὕλα
2431 3548 2525 3603 τοῦ
2566 3546 2886 3621 θεράποντος
2931 3545 3089 3601 αὐτοῦ
3120 3541 3421 3607 ἀπέκτεινε,
3471 3548 3759 3603 Μυθεύεται
3808 3546 3867 3602 δὲ

2208 3636 2297 3693 καὶ
2351 3641 2532 3708 τοῦτο,
2591 3636 2695 3708 δτι,
2771 3631 3103 3710 τεμνομένης
3134 3639 3259 3708 μιᾶς
3293 3632 3529 3715 κεφαλῖκ
3563 3637 3748 3709 αὖτῆς,
3777 3634 3866 3691 δύο

2212 3716 2505 3782 ii"-
2779 3724 2791 3745 '
3028 3722 3053 3745 “
3279 3723 3365 3779 eae
3457 3723 3826 3781 ii‘dl'

2246 3747 2306 3781 ντ
2380 3745 2540 3793 αδτης
2591 3744 2944 3804 παρεφυοντο,
3018 3744 3156 3779 ωστε
3182 3744 3274 3800 γεν
3372 3746 3423 3779 αι
3484 3746 3543 3780 π.
3585 3746 3648 3781 το
3702 3747 3757 3781 ιπ
3795 3747 3860 3778 α-

2212 3838 2326 3872 σιον
2383 3816 2573 3871 ἑκατὸν
2595 3812 2855 3893 κεφαλάς.
2919 3810 2977 3871 Ὀ
3009 3809 3064 3868 δὲ
3095 3810 3283 3877 ’Ὕλας
3317 3814 3499 3889 μαθὼν
3528 3825 3704 3890 τοῦτο,
3732 3813 3870 3889 ἐμη-

2215 3906 2520 3986 χανήσατο,
2587 3905 2676 3961 καὶ
2706 3912 2807 3982 πῦρ
2854 3901 3005 3980 ἔφερε
3062 3902 3151 3958 καὶ
3208 3902 3309 3959 τὶν
3338 3903 3671 3978 τεμνομένην
3698 3926 3872 3985 κεφα-

2213 3994 2315 4063 λὴν
2376 3993 2695 4073 ἰνεπίμπρα·
2769 3992 2859 4049 καὶ
2915 3990 3083 4055 οὕτως
3117 3988 3355 4072 ἴσχυσαν
3398 3993 3493 4056 τὰς
3525 3993 3700 4057 πάσας
3723 3993 3872 4052 ἀπο..

2212 4096 2451 4148 κτεῖναι,
2474 4088 2479 4091 ’

2539 4172 2614 4235 ν’.
2648 4171 2773 4250 Περὶ
2803 4173 2901 4239 τῆς
2925 4174 3235 4249 Παταρικῆς
3266 4171 3548 4251 χιμαίρας,

2297 4262 2514 4340 Πάταρα
2574 4260 2729 4324 πόλις
2787 4260 2894 4317 ini
2944 4263 3043 4326 τῆς
3086 4260 3305 4327 Λυκίας.
3344 4259 3566 4339 Λέγεται
3596 4259 3675 4335 δὲ,
3709 4262 3791 4319 ὃτι
3823 4262 3876 4319 iv

2216 4355 2384 4431 ταύτῃ
2451 4352 2591 4409 ἐστίν
2622 4351 2769 4431 ὄρος,
2803 4350 2859 4407 iv
2890 4352 2936 4424 ᾦ
2965 4349 3072 4427 ὄρει
3106 4350 3172 4418 ἦν
3201 4350 3405 4429 θηρίον,
3452 4351 3481 4407 ὅ
3513 4349 3737 4431 πρόσθεν
3769 4353 3871 4427 μὲι

2217 4444 2284 4510 ἦν
2356 4441 2558 4521 θηρίον,
2634 4440 2845 4497 ὄπισθεν
2907 4436 2962 4495 δὲ
2991 4436 3218 4519 δράκων,
3254 4440 3395 4515 μέση
3440 4438 3495 4496 δὲ
3524 4446 3591 4507 ἦν
3617 4440 3871 4521 χίμαιρα·

475 4548 563 4592 ra:
590 4530 787 4608 ignem
813 4528 1082 4591 faucibus
1109 4532 1777 4613 emovens,regionique
1799 4544 1977 4616 atque
2004 4555 2127 4597 om-

2220 4532 2271 4599 ιε
2326 4532 2393 4601 ἧς
2467 4532 2725 4612 χιμαίρας
2775 4529 2876 4608 πῦρ
2920 4529 2981 4585 ἐκ
3022 4538 3113 4589 τοῦ
3142 4537 3410 4605 στόματος
3442 4527 3726 4600 ἀνεδίδοτο,
3790 4532 3877 4586 καὶ

475 4616 655 4680 nibus
681 4618 786 4698 qui
818 4618 953 4680 illac
985 4619 1100 4679 iter
1129 4618 1448 4695 faciebant,
1486 4622 1817 4700 perniciem
1850 4625 2131 4688 alferens.

478 4706 609 4781 Quo
640 4725 776 4768 cum
809 4708 1036 4787 Pegaso
1066 4716 1272 4770 vectus
1314 4708 1715 4790 Bellerophon
1747 4716 2131 4792 perrexisset,

475 4802 610 4858 arte
632 4794 885 4859 bestiam
907 4797 1334 4862 circumvenit.
1354 4797 1499 4860 Nam
1523 4800 1868 4880 plumbeum
1889 4803 2136 4881 globum

476 4885 704 4949 lancea;
745 4887 980 4968 cuspidi
1011 4886 1351 4969 impositum
1389 4890 1447 4951 in
1482 4906 1548 4950 os
1578 4890 1876 4954 chimaera
1905 4892 2135 4972 injn-it.

468 4973 793 5039 Plumbum
841 4995 1019 5057 porro
1067 4985 1133 5039 ut
1184 4978 1440 5039 ﬂamma;
1490 4978 1751 5041 solutum
1810 4982 2140 5061 praecordia

470 5065 660 5147 ipsius
688 5065 1117 5149 colliquel'ecit,
1152 5077 1328 5149 atque
1356 5069 1437 5129 ita
1474 5066 1737 5131 belluam
1796 5070 2135 5134 interemit.

1022 5246 1092 5308 51
1111 5298 1127 5312 .
1160 5248 1244 5311 De
1288 5247 1583 5314 Cerbero.

550 5330 1031 5414 Finguntcanem
1051 5336 1373 5417 quemdam
1391 5338 1711 5418 tricipitem
1734 5341 1889 5420 apud
1908 5340 2141 5402 inferos

470 5439 733 5511 esse,“
764 5432 964 5503 portas
1002 5426 1306 5489 custodire
1335 5447 1349 5489 :
1384 5436 1563 5509 atque
1611 5447 1715 5491 eos
1752 5428 1999 5509 quidem
2033 5432 2137 5511 qui

468 5510 543 5573 ad
569 5510 794 5575 inferos
813 5512 1213 5593 descendunt,
1236 5516 1683 5582 assentabunde
1710 5520 2001 5603 mulcere,
2027 5510 2131 5583 eos

469 5608 667 5664 autem
697 5603 799 5687 qui
836 5605 1168 5671 ascendere
1214 5616 1528 5691 conantur,
1562 5628 1764 5675 morsu
1816 5613 2121 5695 insectari,

2217 4622 2531 4697 ὶλυμαίνετο
2592 4622 2693 4689 τὴν
2749 4620 2960 4700 χώραν,
3007 4620 3096 4676 καὶ
3139 4619 3343 4683 πάντας
3390 4620 3513 4684 τοὺς
3556 4621 3870 4698 παριόντας.

2222 4710 2490 4793 ’Ὕστερον
2517 4711 2573 4767 δὲ
2630 4710 2795 4768 ἐλθὼν
2825 4714 2853 4767 6
2928 4708 3382 4790 Βελλεροφὸντης,
3456 4709 3603 4791 ἔχων
3632 4712 3720 4767 τὸν
3754 4712 3878 4779 Πή-

2218 4824 2386 4882 γασον
2445 4803 2644 4879 ἵππον,
2695 4800 3025 4881 ἒτεχνάσατο
3066 4803 3155 4858 καὶ
3184 4808 3260 4874 τῷ
3303 4800 3481 4879 δόρατι
3514 4801 3671 4857 αὖτοῦ
3716 4822 3879 4880 περι-

2217 4898 2398 4953 θετναι
2463 4906 2696 4974 σφαῖραν
2760 4888 3032 4971 μολιϐδου,
3098 4892 3184 4947 καὶ
3213 4889 3473 4966 ἐμϐαλεῖν
3495 4892 3568 4954 είς
3598 4893 3659 4947 τὸ
3705 4891 3881 4966 στόμα

2220 4987 2320 5052 τῆς
2370 4984 2654 5065 χιμαίρας.
2708 4982 2902 5049 Ἐλύθη
2952 4979 3015 5037 δᾶ
3071 4981 3177 5039 ἀπό
3206 4988 3301 5039 τοῦ
3332 4982 3493 5060 πυρὸς
3526 4983 3552 5037 6
3599 4979 3883 5062 μόλιϐδος,

2221 5075 2309 5130 καὶ
2380 5073 2651 5155 ἐχώνευσε
2706 5073 2773 5130 τὰ
2832 5070 3123 5152 σπλάγχνα
3179 5071 3366 5139 αὒτῆς·
3400 5073 3489 5129 καὶ
3557 5070 3728 5131 οὕτως
3770 5072 3886 5129 απο-

2226 5163 2430 5222 έκτεινε
2466 5164 2567 5233 τὴν
2595 5166 2882 5245 χίμαιραν.

2707 5252 2816 5317 να’.
2864 5252 2991 5329 Περὶ
3016 5257 3108 5309 τοῦ
3140 5248 3417 5331 Κερϐέρου.

2309 5346 2627 5419 Μυθεύεται,
2658 5342 2740 5401 ὅτι
2771 5342 2884 5399 ἔστι
2905 5362 2989 5406 τις
3020 5343 3188 5414 κύων,
3234 5340 3382 5422 ἔχων
3432 5355 3580 5421 τρεῖς
3625 5340 3892 5422 κεφαλὰς,

2222 5434 2282 5500 ὅς
2315 5434 2571 5492 καλεῖται
2606 5431 2887 5514 Κέρϐεροςο
2940 5432 3031 5489 καὶ
3062 5431 3216 5495 οὗτος
3253 5430 3504 5510 φυλάττει
3574 5434 3667 5497 τὰς
3719 5430 3893 5497 πύλας

2218 5526 2313 5582 τοῦ
2360 5522 2510 5605 ᾅδου,
2573 5524 2662 5581 καὶ
2707 5524 2830 5589 τοὺς
2874 5521 2973 5600 μὶν
3023 5517 3441 5587 καταϐαίνοντας
3487 5524 3559 5588 εἷς
3614 5522 3705 5579 τὸν
3757 5520 3892 5593 ᾅδην

2207 5616 2375 5674 σαίνει
2425 5616 2513 5676 καὶ
2542 5612 2847 5696 κολακεύει,
2903 5613 3027 5677 τοὺς
3057 5609 3112 5669 δί
3158 5608 3403 5678 ἀνιόντας
3434 5611 3611 5676 δάκνει
3664 5614 3757 5671 καὶ
3786 5612 3887 5669 οὐκ
