4166 6414
321 361 476 428 1017

761 502 868 582 ξβ’.
898 503 1023 583 Περὶ
1064 509 1158 562 τοῦ
1189 499 1540 581 Παλαμήδου.

400 593 759 676 Παλαμήδης,
795 594 1021 661 Εὐϐοεὺς
1048 596 1122 654 ὢν
1151 597 1213 654 τὺ
1243 595 1397 674 γένος
1432 593 1648 676 (Εὔϐοια
1691 593 1774 675 δὲ,
1809 595 1970 662 νῆσος

312 683 614 762 ἃπαντικρξι
654 691 756 753 τῆς
814 686 1102 766 Ἀττικῆς)
1133 733 1151 762 ,
1211 689 1364 752 οὗτος
1421 688 1536 766 εὗρε
1592 687 1654 743 1:6
1722 684 1971 765 ἀριθμεῖν

312 776 408 832 καὶ
457 776 520 832 τὸ
577 773 867 851 ταϐλίζειν,
925 779 1015 835 καὶ
1089 779 1387 856 κεχρῆσθαι
1471 775 1556 857 (1)
1643 777 1729 833 καὶ
1781 773 1970 839 ἄλλαις

315 863 556 929 πολλαῖς
614 864 878 942 μεθόδοις.
925 868 1088 934 Οὗτος
1147 864 1202 923 δὲ
1263 869 1292 923 6
1357 863 1693 943 Παλαμήδης
1749 868 1831 928 εἷς
1859 866 1970 920 ἐστι

310 960 424 1012 τῶν
474 955 1011 1033 συστρατευσαμένων
1068 957 1154 1014 ἐπὶ
1210 957 1272 1014 τὸ
1350 955 1550 1017 Ἴλιον.
1603 954 1858 1013 Ἀπέθανε
1917 952 1971 1010 δὲ

309 1043 376 1100 ἐν
414 1050 484 1122 τῇ
511 1047 669 1124 Τροίᾳ
725 1047 862 1104 κατὰ
906 1044 1193 1115 ἐπιϐουλὴν
1221 1045 1314 1104 τοῦ
1355 1043 1683 1110 Ὀδυσσέως.
1714 1043 1971 1102 Ὀδυσσέα

311 1134 422 1214 γὰρ
452 1135 614 1214 εἶχεν
642 1134 806 1217 ἐχθρὸ
837 1135 922 1193 διὰ
951 1136 1201 1204 τοιαύτην
1244 1137 1438 1193 αἰτίαν⁵
1474 1136 1576 1195 Τοῖ’)
1625 1133 1972 1213 Ἀγαμέμνο-

311 1244 408 1288 νος
465 1226 896 1304 προτρεπομένου
953 1228 1044 1283 τὸν
1092 1224 1346 1284 Ὀδυσσέα
1389 1226 1475 1282 ἐπὶ
1527 1225 1627 1293 τὴν
1684 1226 1802 1299 περὶ
1832 1232 1971 1302 Τρο-

313 1313 404 1370 ίαν
457 1312 654 1396 ἔξοδον,
700 1315 778 1391 μὴ
806 1315 971 1374 θέλων
1003 1318 1031 1373 6
1061 1313 1341 1380 Ὀδυσσεὺς
1386 1314 1615 1382 ἐξελθεῖν
1650 1313 1973 1395 (2),μανίαν

309 1407 754 1484 προσεποιήσατο
932 1408 1021 1464 καὶ
1062 1405 1246 1484 βαλὼν
1292 1405 1436 1488 ὀ¹νονγ
1469 1407 1556 1464 καὶ
1605 1407 1754 1484 βοῦν,
1801 1401 1970 1460 ἐδόκει

311 1495 564 1573 ἀροτριᾷν
625 1495 680 1552 ἐν
752 1487 941 1572 μανίας
995 1498 1374 1576 προσποιήσει.
1423 1487 1482 1556 Ὀ
1524 1495 1578 1552 δὲ
1635 1491 1970 1570 Παλαμήδης

314 1582 567 1662 ἤλεγξεν,
605 1583 690 1665 (4)
749 1585 828 1642 ὅτι
886 1585 951 1654 δὴ
1014 1589 1074 1645 οὔ
1117 1586 1381 1661 μαίνεται·
1441 1585 1628 1664 ἤλεγξε
1679 1583 1734 1641 δὲ
1793 1584 1969 1661 αὑτὸν,

318 1673 652 1754 Τηλέμαχον
681 1676 772 1732 τὸν
819 1675 928 1735 υἱὸν
987 1677 1146 1733 αὒτοῦ
1193 1678 1401 1754 προθεὶς
1455 1677 1556 1755 πρὸ
1606 1677 1698 1731 τοῦ
1727 1675 1970 1749 ἀρότρου.

314 1764 462 1823 Εἶτα
504 1765 704 1844 φθάσας
765 1768 792 1822 6
841 1763 1118 1830 Ὀδυσσεὺς
1183 1767 1300 1844 περὶ
1371 1768 1434 1824 τὸ
1505 1763 1682 1822 πεδίον
1884 1763 1970 1818 καὶ

314 1851 594 1928 παρελθὼν
638 1855 692 1912 ἐν
741 1856 918 1934 μέγει,
968 1855 1134 1934 ἐπῆρε
1180 1857 1241 1912 τὸ
1272 1855 1514 1934 ἄροτρον,
1555 1855 1647 1911 τίνα
1680 1853 1755 1928 μὶ,
1792 1850 1973 1928 πλήξῃ

313 1943 384 1999 τὸ
441 1941 667 2000 παιδίον·
727 1946 816 2002 καὶ
886 1944 1132 2023 ἒγνώσθη
1177 1945 1258 2002 ὅτι
1311 1957 1687 2026 προσεποιεῖτο
1738 1943 1826 2020 (6)
1875 1942 1975 2008 τὴν

314 2032 534 2107 μανίαν.
587 2033 801 2102 Ταύτην
856 2034 944 2092 οὖν
1010 2036 1109 2102 τὴν
1169 2035 1328 2111 μῆνιν
1389 2041 1598 2109 μηνιῶν
1636 2036 1662 2090 6
1695 2031 1974 2093 Ὀδυσσεὺς

315 2120 379 2178 ἐν
422 2130 490 2200 τῇ
520 2123 702 2201 Τροίᾳ,
735 2137 886 2182 ποιεῖ
912 2124 1160 2194 πλαστὴν
1214 2123 1524 2199 ἐπιστολὴν,
1559 2127 1632 2189 ὡς
1668 2123 1775 2179 ἀπὸ
1807 2121 1976 2198 Πριά-

316 2234 428 2288 μου
471 2214 601 2290 πρὸς
645 2217 736 2270 τὸν
768 2213 1102 2289 Παλαμήδην
1133 2217 1249 2292 περὶ
1285 2213 1603 2293 προσδοσίας
1646 2219 1751 2270 τῶν
1777 2205 1973 2280 Ἐλλήσ

313 2323 426 2358 νων
467 2303 556 2358 καί
618 2303 924 2372 ὑποτίθησιν
982 2305 1037 2361 ἐν
1091 2311 1160 2382 τῇ
1233 2312 1324 2362 τοῦ
1383 2301 1710 2378 Παλαμήδου
1774 2306 1973 2379 σκηνῇ.

315 2382 593 2471 ’Ὕστερον
622 2389 677 2448 δὲ
738 2393 1062 2471 κατηγορίας
1135 2392 1224 2450 ὑπ’
1297 2395 1454 2452 αὐτοῦ
1511 2392 1804 2470 γενομένης
1843 2383 1978 2446 κατὰ

317 2479 648 2555 Παλέμήδου
703 2483 779 2548 ὡς
839 2482 1114 2561 προδότου,
1187 2483 1369 2562 εὑρέθη
1414 2482 1673 2550 ἐπιστολὴ
1717 2481 1976 2560 κατακρί-

319 2591 481 2627 νουσα
537 2571 718 2628 αὐτόν’
779 2574 866 2629 καὶ
923 2573 1176 2640 τέθνηκεν
1260 2574 1362 2630 ὑπὸ
1433 2572 1832 2652 Ἀγαμέμνονος
1889 2572 1978 2628 καὶ

323 2660 539 2717 πάντων
567 2668 674 2718 τῶν
707 2653 1007 2734 Ἑλλήνων.

820 2754 928 2834 ξγ’.
960 2758 1083 2836 Περὶ
1114 2765 1206 2815 τοῦ
1240 2755 1476 2818 κολοιοῦ.

409 2845 582 2908 Μῦθός
636 2847 716 2911 τίς
766 2847 876 2903 ἐστι
929 2845 1158 2904 τοιόσδε⁸
1231 2850 1407 2927 Κρίσις
1470 2852 1561 2920 ἣν,
1636 2849 1767 2926 φησί
1802 2893 1818 2925 ,
1863 2844 1981 2922 περὶ

321 2932 553 3008 κάλλους
597 2935 812 3012 ὀρνέων·
879 2938 965 2994 καὶ
1015 2941 1042 2994 6
1087 2939 1212 3001 Ζεὺς
1273 2935 1551 3006 διαιτητὴς
1606 2937 1823 3016 ὑωῆρχε
1881 2940 1979 3000 τῆς

1119 365 1220 427 AD
1262 365 1323 428 S.
1370 363 1741 430 GREGORII
1784 364 2006 429 ORAT.
2061 368 2085 428 Ι
2129 366 2434 433 CONTRA
2478 369 2890 434 JULlANUM.

2582 501 2681 565 6°}.
2712 503 2794 566 De
2827 503 3182 567 Palamede.

2135 589 2485 655 Palamedes
2515 591 2868 657 Eubceensis
2901 603 3047 658 erat.
3080 596 3190 656 Est
3238 597 3434 654 autem
3485 589 3707 656 Eubaaa

2056 681 2246 744 insula
2279 703 2312 745 e
2340 683 2585 764 regione
2608 685 2814 748 Atticae
2834 686 2964 750 sila.
2999 684 3111 748 Hic
3143 700 3428 745 numeros
3456 681 3704 758 invenit,

2056 792 2348 855 usumque
2383 782 2765 852 tesserarum,
2799 795 2868 839 ac
2901 776 3185 856 pleraque
3216 773 3329 834 alia
3360 770 3706 837 artiﬁciosa.

2057 865 2144 928 De
2169 883 2420 926 numero
2447 883 2652 926 eorum
2679 866 2806 948 fuit,
2832 867 2933 947 qui
2957 866 3247 927 adversus
3268 863 3512 941 Trojam
3537 881 3712 942 expe-

2055 952 2343 1016 ditionem
2378 967 2776 1034 susceperunt
2805 980 2818 1015 :
2846 965 3025 1038 atque
3043 955 3269 1035 Ulyssis
3291 951 3531 1014 insidiis
3552 951 3707 1030 apud

2054 1043 2292 1123 Trojam
2318 1063 2640 1124 oppressus
2664 1054 2773 1107 est.
2802 1045 3079 1124 Ulyssem
3109 1045 3270 1105 enim
3295 1041 3606 1103 inimicum
3635 1039 3710 1102 ob

2055 1131 2398 1211 hujusmodi
2460 1153 2694 1195 causam
2747 1135 3044 1198 habebat:
3087 1137 3232 1199 Cum
3293 1134 3706 1212 Agamemnon

2053 1220 2318 1304 Ulyssem
2354 1223 2425 1283 ad
2460 1221 2678 1286 bellum
2719 1225 3043 1306 Trojanum
3096 1227 3456 1297 hortaretur,
3492 1239 3602 1280 nec
3636 1237 3707 1281 eo

2059 1311 2352 1393 proficisci
2384 1312 2558 1374 vellet
2588 1313 2849 1395 Ulysses.
2884 1315 2959 1377 ob
2993 1315 3176 1396 idque
3219 1314 3481 1375 furorem
3515 1310 3709 1375 simu-

2057 1402 2226 1475 laret,
2257 1422 2324 1464 ac
2359 1407 2516 1464 velut
2546 1414 2746 1465 mente
2778 1413 2985 1485 captus
3021 1414 3239 1467 terram
3271 1411 3490 1484 araret,
3527 1399 3705 1465 Pala—

2057 1491 2266 1553 medes
2289 1492 2506 1554 furoris
2529 1494 2970 1556 simulationem
3000 1496 3077 1555 ita
3111 1495 3532 1574 deprehendit.
3560 1496 3706 1556 Nam

2058 1601 2191 1644 cum
2226 1582 2412 1644 tilium
2445 1583 2630 1662 ipsius
2661 1584 3083 1646 Telemachum
3120 1592 3256 1647 ante
3289 1594 3544 1644 aratrum
3580 1579 3707 1641 col-

2058 1672 2351 1735 locasset:
2389 1674 2746 1755 simulatque
2776 1675 3016 1755 Ulysses
3063 1676 3135 1738 ad
3172 1675 3359 1735 ﬁlium
3418 1668 3706 1753 pervenit.

2064 1772 2323 1825 aratrum
2384 1763 2638 1841 sustulit,
2677 1784 2750 1823 ne
2799 1784 3048 1845 puerum
3100 1765 3364 1826 laederet.
3417 1763 3500 1824 Ita
3553 1762 3712 1822 fraus

2066 1853 2298 1914 detecta
2333 1861 2445 1934 est,
2482 1854 2782 1934 patuitque
2824 1874 2959 1916 eum
3011 1855 3255 1932 integrae
3305 1854 3524 1914 mentis
3555 1869 3709 1913 esse.

2067 1944 2254 2017 Quam
2289 1941 2364 2003 ob
2388 1962 2626 2004 causam
2659 1945 2927 2006 infensus
2960 1944 3260 2008 Palamedi
3292 1943 3554 2024 Ulysses,
3579 1958 3712 2001 eum

2067 2035 2128 2096 in
2161 2032 2394 2094 Troade
2424 2043 2603 2110 esset,
2635 2035 3107 2096 commentitiam
3135 2035 3448 2115 epistolam
3476 2031 3715 2094 nomine

2061 2123 2282 2188 Priami
2327 2124 2400 2185 ad
2445 2124 2824 2186 Palamedem
2876 2125 2950 2186 de
3003 2128 3342 2188 Graecorum
3375 2122 3711 2203 proditione

2060 2214 2406 2294 conscribit,
2443 2233 2693 2295 eamque
2753 2216 2810 2275 in
2866 2215 3205 2278 Palamedis
3259 2213 3514 2278 tentorio
3560 2211 3711 2272 clam

2062 2304 2257 2385 liquit.
2311 2308 2642 2386 Posteaque
2685 2304 2955 2366 instituta
3003 2305 3290 2366 adversus
3342 2300 3711 2365 Palamedem

2063 2399 2219 2458 velut
2283 2397 2646 2477 proditorem
2710 2398 3111 2477 accusatione,
3175 2397 3410 2457 inventa
3467 2391 3716 2474 epistola

2062 2486 2496 2549 condemnatus
2529 2497 2636 2558 est,
2666 2495 2848 2564 atque
2879 2487 2954 2548 ab
2986 2487 3438 2566 Agamemnone
3470 2483 3715 2550 Graecis-

2063 2595 2179 2657 que
2213 2575 2494 2638 omnibus
2525 2584 2718 2639 morte
2751 2577 3051 2638 multatus.

2322 2746 2425 2808 63.
2463 2748 2550 2808 De
2581 2745 2832 2826 graculo
2862 2747 3208 2827 pennisque
3238 2746 3456 2826 ipsius.

2147 2844 2570 2925 Disceptabant
2600 2863 2734 2906 aves
2777 2845 2852 2908 de
2912 2845 3378 2926 pulchritudine,
3413 2862 3481 2906 ac
3531 2859 3715 2923 penes

2065 2938 2272 3000 Jovem
2305 2937 2485 3015 hujus
2534 2935 2955 2997 controversiae
3003 2935 3310 2997 arbitrium
3345 2941 3491 2996 erat.
3549 2935 3716 2995 Prae-

320 3023 568 3104 κρίσεως.
605 3019 700 3082 Ἠν
731 3023 784 3082 δὲ
816 3029 1089 3104 ὁρισθεϊσα
1136 3026 1310 3104 ἡμέρα
1355 3029 1409 3082 ἓν
1440 3025 1475 3094 ἧ
1505 3025 1608 3082 ἴδει
1639 3023 1975 3090 συναυλισθῆ-

2070 3027 2324 3107 scriptus
2355 3035 2482 3088 erat
2523 3026 2674 3106 dies,
2709 3026 2779 3086 ad
2813 3045 2986 3108 quem
3017 3044 3154 3086 aves
3184 3044 3395 3086 omnes
3424 3023 3578 3102 apud
3607 3024 3714 3082 Jo-

321 3135 408 3170 ναι
437 3114 624 3193 (7)*τὰ
665 3114 818 3194 ὄρνεα
863 3116 1006 3193 παρὰ
1048 3119 1140 3173 τὸν
1197 3119 1314 3176 Δία.
1365 3123 1443 3192 Τῇ
1489 3115 1773 3195 προτεραίᾳ
1803 3113 1856 3169 δὲ
1883 3119 1975 3179 τῆς

2073 3090 2207 3178 ven;
2232 3117 2580 3196 congregari
2614 3090 2862 3177 necesse
2912 3115 3232 3177 habebant.
3270 3115 3468 3176 Pridie
3513 3119 3714 3174 autem

326 3203 632 3280 δριοθεισης
674 3203 902 3286 ἡμέρας³
944 3207 1085 3284 παρὰ
1156 3213 1277 3270 τοῦς
1330 3208 1606 3281 ποταμοὺς
1653 3206 1975 3286 φοιτήσαντα

2070 3207 2186 3267 diei
2217 3207 2374 3268 illius
2407 3225 2543 3268 aves
2576 3207 2647 3267 ad
2682 3207 2889 3268 ﬂuvios
2920 3206 3303 3267 convolantes
3327 3222 3552 3285 pennas
3583 3219 3720 3262 suas

326 3293 396 3348 τὰ
450 3292 625 3372 ὄρνεα,
684 3309 800 3362 τοῖς
852 3296 1077 3371 νάμασιν
1136 3297 1487 3353 ἀπενίπτοντο
1529 3296 1618 3376 (8)
1669 3297 1732 3352 τὰ
1787 3295 1975 3373 πτερὰ,

2070 3295 2125 3356 in
2155 3296 2330 3357 undis
2359 3297 2698 3360 abluebant.
2729 3304 2794 3358 ut
2828 3296 3112 3358 naturalis
3135 3296 3426 3376 cujusque
3453 3290 3722 3374 pulchri-

322 3381 418 3438 ἵνα
464 3385 525 3440 τὸ
578 3386 797 3465 φυσικὸν
855 3385 1062 3460 ἑκάστῳ
1106 3385 1388 3462 διαλάμψῃ
1445 3386 1665 3450 κάλλος·
1716 3387 1744 3441 6
1794 3383 1847 3440 δὲ
1877 3407 1975 3440 κο-

2070 3387 2207 3448 tudo
2242 3386 2526 3448 illustrius
2551 3387 2916 3468 splenderet.
2943 3390 3011 3447 At
3033 3387 3307 3464 graculus
3330 3385 3452 3446 avis
3477 3381 3724 3463 perexi-

321 3471 472 3539 λοιὸς
506 3472 645 3554 (ἔστι
675 3473 731 3531 δὲ
777 3485 934 3536 τοῦτο
991 3477 1050 3532 τὸ
1103 3477 1282 3546 ὄρνεον
1313 3476 1368 3532 εὖ
1399 3474 1543 3552 μάλα
1574 3476 1762 3551 μικρὸν
1791 3475 1887 3549 μὲν
1919 3475 1975 3530 τὸ

2070 3497 2177 3556 guo
2203 3496 2453 3557 corpore
2474 3477 2789 3557 formaque
2812 3476 3059 3536 minime
3076 3476 3332 3554 eleganti
3353 3475 3564 3555 pennis
3582 3471 3724 3534 alia-

320 3568 504 3638 σῶμα,
567 3563 798 3629 ἀκαλλὲς
856 3565 912 3622 δὲ
984 3569 1045 3623 τὸ
1097 3565 1273 3642 εἶδος)
1322 3572 1430 3623 τῶν
1474 3565 1806 3622 ἐκπεσόντων
1837 3565 1975 3642 παρὰ

2070 3586 2195 3628 rum
2232 3567 2447 3640 avium,
2485 3586 2614 3647 qua:
2637 3567 2806 3646 juxta
2839 3586 3020 3647 aquas
3054 3565 3426 3644 deciderant,
3456 3563 3568 3625 sibi
3599 3562 3718 3622 im-

317 3665 442 3719 τοτς
465 3652 619 3711 ὕδασι
652 3656 857 3733 πτερῶν
890 3658 1115 3734 περιθεὶς
1149 3657 1350 3731 ἑαυτῷ,
1387 3655 1484 3723 ἧκε
1518 3657 1605 3713 καὶ
1657 3657 1815 3717 αὐτὸς
1846 3656 1975 3734 παρᾶ

2073 3657 2302 3738 positis,
2338 3657 2466 3736 ipse
2527 3676 2764 3739 quoque
2823 3657 2895 3718 ad
2952 3656 3156 3719 Jovem
3219 3675 3284 3717 se
3347 3653 3621 3725 contulit,
3657 3659 3724 3712 ut

320 3744 416 3801 τὸν
468 3745 586 3818 Δία,
633 3746 707 3808 ὡς
746 3745 1054 3822 ληψόμενος
1109 3754 1203 3804 τοῦ
1257 3745 1487 3812 κάλλους
1549 3747 1607 3802 τὸ
1651 3747 1975 3822 νικητήριον,

2071 3747 2535 3828 pulchritudinis
2563 3748 2814 3826 palmam
2841 3757 3226 3826 accepturus;
3258 3753 3362 3806 sed
3387 3763 3524 3806 cum
3551 3741 3727 3804 obor-

317 3833 334 3859 ν
434 3833 444 3850 ι
641 3835 655 3856 κ
730 3835 795 3858 τε
991 3838 1003 3859 ν
1616 3834 1639 3854 κ
1666 3835 1677 3856 ι
1962 3836 1973 3851 ε

342 3843 554 3910 Λνεμου
607 3833 663 3891 δε
719 3855 823 3893 ωοε
879 3859 1196 3899 πνευσαντος
1249 3837 1336 3893 καὶ
1406 3837 1866 3900 ἀποσκεοασαντος
1924 3858 1975 3891 τε

2073 3845 2170 3898 tus
2191 3846 2400 3897 ventus
2424 3838 2650 3898 alienas
2679 3855 2930 3916 pennas,
2958 3835 3175 3916 quibus
3194 3835 3454 3914 seipsum
3481 3849 3725 3893 ornave-

319 3921 599 4003 ἀλλόφδλα
645 3930 750 3982 τῶν
803 3927 1032 4002 πτερῶν,
1109 3928 1308 4005 γυμνὸς
1355 3926 1548 4004 ηὑρέθη
1607 3933 1700 3983 τοῦ
1729 3924 1975 4001 κᾶξλλουςΊ

2070 3944 2158 3989 rat
2194 3927 2580 4006 excussisset,
2617 3934 2864 4008 repente
2896 3940 3145 3988 externa
3194 3934 3250 3986 et
3281 3923 3536 3986 ascilitia
3587 3921 3723 4000 pul-

320 4009 472 4094 ἔχων
524 4010 580 4068 δὲ
639 4016 811 4090 μόνην
852 4016 949 4083 τὴν
1012 4015 1073 4073 ἐκ
1134 4016 1340 4096 φύσεως
1397 4018 1542 4086 αὒτῷ
1607 4012 1975 4093 περικειμένην

2071 4017 2412 4079 chritudine
2485 4017 2760 4091 nudatus,
2817 4016 3128 4096 deformis,
3191 4023 3253 4076 ut
3309 4023 3516 4075 natura
3568 4020 3722 4089 erat,

321 4103 615 4182 ἀμορφίαν,
651 4106 791 4162 οὕτω
835 4103 934 4172 τῆς
978 4106 1240 4186 αἰσχύνης
1301 4102 1602 4175 ἀπήλαυσε,

2070 4107 2343 4169 inventus
2375 4115 2485 4183 est,
2519 4125 2588 4169 ac
2630 4123 2735 4187 pro
2789 4114 3025 4188 sperata
3074 4105 3265 4183 gloria
3325 4101 3721 4184 ignominiam

2071 4198 2296 4260 retulit.

556 4283 653 4352 ξδ’,
689 4287 814 4366 Περὶ
841 4289 1004 4367 γραὸς
1037 4286 1428 4354 διασεισθείσης
1461 4288 1551 4361 τὸν
1579 4288 1752 4364 ᾦμον.

2071 4289 2170 4352 64.
2202 4290 2282 4348 De
2305 4305 2460 4368 a-nu,
2490 4305 2626 4366 quae
2655 4287 2904 4349 humero
2938 4285 3204 4364 impulsa
3224 4291 3279 4348 et
3301 4300 3588 4347 concussa
3610 4288 3724 4342 est.

414 4377 549 4448 Γυνή
573 4400 659 4442 τις
689 4378 1030 4456 καλουμένη,
1063 4383 1136 4445 ὡς
1167 4381 1263 4456 μέν
1293 4401 1429 4446 τινες
1460 4379 1696 4460 λέγουσι,
1732 4375 1975 4459 Σίϐυλλα1

2153 4377 2369 4443 Mulier
2390 4377 2661 4458 quadam
2687 4377 2850 4458 Bylla
2874 4374 3141 4454 nomine,
3163 4375 3347 4448 vel,ut
3371 4373 3469 4434 alii
3492 4371 3722 4444 dicunt,

322 4470 402 4533 ὡς
445 4466 500 4525 δἐι
530 4465 706 4545 ἄλλοι,
738 4471 978 4548 Φιμόνη,
1037 4473 1112 4537 ὡς
1156 4469 1211 4526 δὲ
1261 4469 1454 4550 ἕτεροι,
1510 4470 1731 4550 Φίλυρα,
1777 4470 1975 4527 ἒσείσθτ

2073 4469 2364 4544 Phiuona,
2391 4468 2483 4529 vel
2516 4467 2717 4542 etiam,
2753 4475 2816 4528 ut
2847 4466 2949 4529 alii
2997 4465 3258 4538 tradunt,
3295 4463 3534 4542 Philyra
3563 4479 3596 4522 a
3620 4461 3726 4538 ju-

323 4557 471 4637 παρά
497 4581 641 4626 τινος
676 4562 971 4622 νεανίσκου.
1012 4559 1074 4620 Ἠ
1119 4559 1172 4618 δὲ
1204 4562 1338 4642 γυνὴ
1399 4558 1843 4642 ὑϐριστικώτερον
1875 4559 1975 4616 διε-

2077 4580 2222 4623 vene
2255 4559 2514 4640 quodam
2556 4577 2870 4627 concussa,
2906 4558 2965 4619 in
3000 4575 3135 4617 eum
3171 4554 3532 4636 petulantius
3562 4558 3730 4630 rapta

324 4653 584 4730 νεχθεῖσα
636 4653 768 4732 πρὸς
823 4655 915 4709 τὸν
958 4655 1254 4726 νεανίσκον,
1286 4651 1494 4733 ὕϐρισεν
1524 4654 1701 4712 αὒτόν.
1741 4647 1842 4710 Ἦν
1873 4649 1926 4706 δὲ
1955 4653 1975 4707 1‘

2076 4659 2187 4726 est,
2223 4649 2544 4730 ipsumque
2585 4647 3037 4710 contumeliosis
3068 4645 3266 4707 verbis
3301 4645 3589 4706 insectata
3619 4650 3728 4703 est.

323 4737 473 4819 ὕϐρις
502 4740 821 4822 ἡλεχθετσα
883 4742 1143 4823 ἔμμετρος
1204 4743 1413 4823 στίχος
1449 4743 1535 4800 καὶ
1583 4743 1678 4811 τῆς
1735 4743 1975 4820 ἁρμονίας

2077 4743 2220 4804 Erat
2251 4758 2426 4821 porro
2459 4739 2585 4800 haec
2617 4738 2980 4800 contumelia
3010 4755 3252 4799 carmen
3278 4735 3639 4798 modulatum
3664 4751 3732 4793 ac

323 4835 419 4887 τοῦ
465 4828 624 4909 λόγου
674 4836 774 4901 τῆς
803 4835 964 4914 γραὸς
995 4833 1264 4912 ἀρεσάσης
1293 4845 1410 4900 τοϊς
1453 4833 1894 4912 παρισταμένοις,
1927 4833 1990 4888 τὸ

324 4916 520 4997 μέτρον
566 4927 660 4978 τοῦ
705 4922 894 5004 στίχου
943 4921 1157 4982 ἔλαϐον.
1220 4923 1311 4980 καὶ
1352 4921 1520 4988 οὕτως
1596 4921 1874 5003 ἐτεχνώθη
1925 4921 1990 4978 τὰ

326 5009 448 5088 περὶ
494 5010 615 5076 τοὺς
657 5011 877 5093 στίχους

836 5107 912 5174 Es’
923 5156 938 5171 .
973 5111 1097 5189 Περὶ
1131 5106 1463 5168 Κυκλώπων.

409 5196 500 5258 Ἐν
531 5205 600 5278 τῇ
629 5201 847 5276 Σικελίᾳ
894 5210 965 5280 τῇ
1023 5205 1170 5276 νήσῳ
1196 5202 1314 5280 περὶ
1349 5201 1414 5257 τὰ
1457 5199 1640 5279 ὀρεινὰ
1697 5200 1859 5266 αὐτῆς
1891 5197 1989 5255 λέ-

326 5309 516 5366 γονται
571 5291 809 5368 γενέσθαι
870 5291 999 5373 (10)
1052 5294 1102 5349 οἱ
1163 5289 1477 5364 Κύκλωπες,
1537 5289 1852 5364 ποιμενικὸν
1891 5288 1987 5364 μὲν

324 5376 440 5454 βίον
483 5379 908 5463 ἇπιττ.δεύοντες,
942 5388 1134 5454 ζῶντες
1165 5379 1219 5436 δὲ
1267 5379 1593 5459 βιαιότερον.
1629 5377 1886 5456 Λέγονται
1931 5378 1985 5435 δὲ

407 5512 500 5596 (Ι)
519 5512 676 5596 .
698 5529 832 5593 reg.
870 5521 970 5578 Καὶ
998 5515 1144 5594 αὗτῷ
1172 5522 1251 5591 τῷ
1280 5512 1548 5586 ταϐλίζειν
1580 5516 1902 5594 κεχρῆσθαι.

404 5595 479 5668 (2)
518 5595 580 5658 Id
593 5645 608 5660 .
641 5595 957 5662 Ἀπελθετν.

409 5674 488 5757 (3)
521 5674 609 5739 Id.
647 5680 1157 5757 Προσποιησάμενος
1172 5726 1185 5740 .
1361 5749 1373 5756 _

635 5756 772 5841 '1‘36
804 5759 1117 5841 Παλαμήδει
1155 5759 1435 5841 ἠλέγχθη,

405 5834 500 5920 (Β)
527 5836 618 5906 1d.
652 5839 778 5921 Περὶ
801 5842 866 5902 τδ
895 5834 1132 5904 παιδίον.

2073 4830 2595 4907 numerosumzqui
2619 4828 2936 4891 verborum
2970 4836 3297 4890 concentus
3321 4845 3454 4888 cum
3479 4824 3734 4885 circum-

2072 4921 2364 4984 stantibus
2394 4921 2718 4992 arrisisset,
2757 4918 3039 4981 carminis
3082 4935 3423 4978 mensuram
3475 4931 3731 4992 accepe-

2071 5019 2234 5088 runt,
2265 5019 2444 5090 atque
2468 5009 2550 5071 ita
2583 5009 2795 5089 poesin
2827 5009 2886 5068 in
2921 5013 3108 5067 artem
3141 5005 3529 5083 redegerunt.

2580 5099 2680 5161 65.
2721 5098 2806 5160 De
2838 5093 3228 5176 Cyclopibus.

2154 5193 2217 5258 ln
2249 5193 2452 5257 Sicilia
2478 5191 2677 5253 insula
2719 5190 2880 5252 circa
2910 5195 3190 5248 montana
3219 5184 3407 5264 ipsius
3440 5182 3569 5243 loca
3616 5179 3730 5259 Cy-

2071 5283 2276 5365 clopes
2307 5282 2599 5344 exstitisse
2633 5281 2928 5348 feruntur,
2968 5274 3331 5357 pastoralem
3366 5271 3606 5365 quidem
3641 5272 3730 5329 vi-

2073 5362 2190 5436 tam
2245 5373 2842 5453 colentes,ca3terum
2894 5367 3225 5429 insolenter
3269 5370 3330 5424 et
3388 5362 3731 5446 importune

2161 5510 2250 5590 (6)
2281 5505 2367 5590 Id.
2405 5504 2550 5590 ’Ὅτι
2570 5505 2827 5590 νηφάλιός
2857 5505 3001 5564 ἔστι.

2158 5585 2247 5670 (7)
2406 5585 2800 5670 συναλισθῆναι,

2157 5667 2184 5742 (
2188 5673 2252 5749 8)
2279 5667 2375 5749 ίῙὰ.
2408 5668 2739 5739 ἀπενιζοντο.

2172 5748 2235 5823 9)
2262 5748 2370 5830 Id.
2387 5751 2504 5830 napi
2527 5754 2621 5806 τοῦ
2651 5749 2869 5830 στίχου,

2172 5769 2229 5823 υ)
2262 5769 2351 5813 ια,
2387 5771 2504 5828 περι
2527 5770 2621 5806 του
2651 5769 2714 5804 στ

2150 5769 2282 5915 (10)
2309 5829 2406 5897 Id.
2449 5829 2715 5911 γίνηται.
