4166 6418
373 325 522 391 1021

1142 331 1241 392 ΑΙ)
1291 330 1351 391 S.
1398 329 1768 393 GREGORII
1812 326 2037 391 ORAT.
2087 325 2113 387 Ι
2156 324 2463 387 CONTRA
2506 318 2916 385 JULIANUM.

3611 316 3634 376 l
3649 314 3767 380 022

362 459 769 519 ἀποκτείνωσιν
812 462 969 520 αὐτόν
1006 478 1021 495 ⁶
1056 463 1088 531 ἦ
1153 459 1207 519 δὲ
1266 460 1521 541 Ἠριγόνη
1550 462 1586 530 ἡ
1629 461 1815 519 τούτου
1858 461 2011 541 θυγά-

2111 457 2225 540 ipsi
2254 457 2608 521 attulerunt.
2663 454 2805 535 Ejus
2852 454 3049 535 itaque
3099 454 3219 515 tilia
3260 453 3518 532 Erigone
3548 470 3623 515 ex
3658 469 3766 532 pa-

354 570 484 630 τηρ,
534 549 619 607 διὰ
667 557 768 619 τῆς
825 554 981 616 κυνὸς
1040 552 1132 610 τοῦ
1200 552 1429 629 Ἰκαρίου
1498 551 1715 629 γνοῦσα,
1775 551 1855 608 ὅτι
1917 552 2027 609 ἀπ-

356 638 562 713 έθανεν,
612 640 895 699 Ξποτνιᾶτο
925 641 1015 698 καὶ
1058 640 1329 722 ἤσχαλλε,
1376 641 1489 715 καὶ,
1542 643 1717 705 καθὼς
1766 643 2024 717 μυθεύου-

354 751 443 786 σιν
512 730 561 787 οἷ
616 729 960 806 πλανώμενοι
1026 720 1337 811 ’Ἕλληνες
1391 731 1588 797 ταύτην
1631 731 1945 802 ἐλεήσαντες
1979 726 2026 789 οἱ

354 820 470 876 θεοὶ
512 816 597 875 διὰ
634 821 696 877 τὸ
741 821 934 901 πάθος,
999 819 1300 896 μετέθηκαν
1362 822 1435 883 εἷς
1480 821 1570 876 τὸν
1615 822 1830 899 οὐρανόν
1866 842 1877 854 ·
1942 824 2029 880 καὶ

359 915 455 966 νῦν
485 909 629 965 ἔστιν
674 908 728 966 ἓν
771 923 891 973 τοῖς
940 910 1150 987 ἄστροις
1208 912 1242 979 ἦ
1302 909 1587 988 Ἠριγόνη.
1622 912 1691 969 Τὸ
1722 909 1776 967 δὲ
1827 910 2025 990 λέγειν,

362 1000 667 1077 Μυστήριον
708 1000 837 1075 ὑμῖν
898 1001 1122 1079 αἰσχρὸν
1182 1008 1345 1059 ταῦτα
1390 999 1633 1073 ἐποίησε,
1670 1002 1729 1057 οὒ
1772 1004 1889 1078 περὶ
1940 1008 2031 1058 τοῦ

360 1086 591 1163 Ἰκαρίου
650 1088 821 1168 λέγει,
882 1088 1021 1146 ἀλλά
1074 1090 1190 1169 περὶ
1238 1094 1335 1156 τῆς
1396 1090 1532 1146 κατὰ
1574 1090 1675 1157 τὴν
1737 1092 2029 1168 Δήμητραν

358 1174 704 1256 μυθολογίας.
770 1178 994 1258 Λέγεται
1068 1177 1122 1233 δὲ
1196 1177 1353 1260 αὕτη,
1417 1181 1475 1235 οὗ
1526 1179 1685 1255 μόνον
1745 1179 2023 1237 δεδωκέναι

355 1268 549 1331 αιῖτοτς
594 1269 659 1325 τὰ
703 1268 1006 1348 σπέρματα,
1057 1267 1194 1325 ἀλλά
1244 1270 1330 1325 καὶ
1386 1269 1584 1343 θεσμόν
1640 1292 1759 1327 τινα
1818 1294 2025 1345 μυστη-

355 1356 485 1436 ρίων
534 1355 821 1437 διδάσκειν,
856 1358 1009 1415 ἅτινα
1036 1357 1311 1415 τελοῦνται
1364 1361 1409 1414 οἱ
1448 1348 1748 1426 (Ἐλληνες.
1801 1353 1896 1422 Ὠς
1929 1362 2027 1439 γὰρ

354 1448 502 1524 παρά
530 1460 648 1511 τοῖς
683 1446 1039 1513 θεοδιδάκτοις
1097 1456 1436 1527 Χριστιανοτς
1492 1448 1602 1506 ἐστι
1634 1452 1695 1506 τὸ
1729 1448 1877 1529 ἅγιον
1908 1451 2027 1531 φώ-

638 1536 666 1555 n
888 1540 901 1558 ε
1099 1537 1114 1560 ο
1293 1539 1303 1558 ι
1483 1540 1494 1559 ρ
1670 1538 1717 1560 ιιι
1834 1532 1847 1552 ε
2000 1540 2015 1559 κ

354 1557 546 1616 τισμα,
607 1559 746 1595 ουτω
817 1561 903 1594 και
988 1560 1095 1615 παρ
1196 1538 1414 1601 ἐκεινοις
1475 1562 1509 1606 η
1568 1558 1767 1601 τοιαοε.
1853 1548 1896 1595 Η
1968 1538 2022 1596 δε

354 1626 575 1693 τοιαύτη
618 1630 723 1683 τῶν
756 1616 1027 1698 Ἐλλήνων
1061 1628 1218 1707 ἑορτὴ
1249 1626 1462 1706 λέγεται
1499 1631 1783 1707 Δημήτρια
1821 1630 1931 1710 (1).

626 1716 722 1783 ξθ’,
756 1720 879 1797 Περῖ
901 1725 993 1774 τοῦ
1019 1718 1325 1796 θρησκεύειν
1353 1720 1440 1775 καὶ
1473 1723 1739 1789 μυεῖσθαι,

2115 548 2267 610 terni
2290 550 2460 611 canis
2490 548 2707 609 latratu
2743 554 2993 607 mortem
3026 544 3215 624 ipsius
3246 544 3613 623 intelligens,
3639 543 3767 618 qui-

2111 638 2422 711 ritabatur,
2459 646 2518 700 et
2548 640 2606 699 in
2641 655 2875 697 summo
2909 654 3167 697 mcerore
3190 632 3766 712 versabatur.Alque

2112 738 2176 790 ut
2195 728 2499 809 opinionis
2518 744 2720 790 errore
2736 726 2848 788 sibi
2868 727 3096 803 tingunt
3117 723 3588 804 gentiles,ipsius
3608 722 3766 782 luctu

2116 818 2195 878 dii
2230 817 2488 898 permoti
2514 819 2572 878 in
2606 818 2817 878 caelum
2853 834 2981 877 eam
3013 815 3482 878 transtulerunt:
3516 830 3585 873 ac
3611 829 3767 872 nunc

2114 908 2270 969 inter
2300 914 2458 969 astra
2487 918 2574 969 est
2604 907 2859 986 Erigone
2892 906 3057 978 Quod
3093 915 3287 967 autem
3309 905 3389 965 ait
3422 902 3769 979 Gregorius,

2113 996 2313 1077 Turpe
2333 996 2502 1058 vobis
2535 997 2879 1079 mysterium
2908 996 3071 1074 fecit,
3108 997 3232 1057 hmc
3257 1014 3372 1056 non
3408 994 3477 1054 ad
3512 992 3766 1053 Icarium

2113 1093 2409 1167 spectant,
2464 1087 2567 1148 sed
2631 1086 2702 1147 ad
2763 1086 3001 1147 Cereris
3049 1085 3328 1147 fabulam.
3364 1085 3578 1145 Fertur
3608 1081 3765 1141 enim

2114 1178 2321 1258 Ceres,
2359 1196 2477 1237 non
2504 1179 2691 1237 solum
2728 1176 2872 1257 ipsis
2903 1176 3132 1238 semina
3158 1174 3422 1252 dedisse,
3458 1171 3558 1233 sed
3587 1170 3763 1231 etiam

2114 1267 2308 1346 legem
2335 1266 2653 1347 quamdam
2680 1266 3343 1346 mysteriorum,quibus
3366 1262 3617 1340 gentiles
3647 1258 3764 1320 ini-

2116 1357 2440 1419 tiantur.Ut
2460 1356 2617 1417 enim
2643 1357 2798 1437 apud
2824 1356 3103 1417 divinitus
3127 1356 3375 1416 edoclos
3396 1350 3764 1415 Christianos

2114 1456 2203 1508 est
2224 1453 2463 1509 sanctus
2482 1446 2811 1525 baptismus
2840 1464 2851 1505 :
2876 1446 2962 1508 sic
3002 1447 3178 1507 etiam
3205 1444 3358 1524 apud
3381 1442 3515 1503 illos
3545 1439 3760 1518 hujus-

2113 1536 2272 1596 modi
2312 1536 2523 1598 festum
2558 1535 2775 1597 dicitur
2805 1546 2863 1597 et
2896 1533 3577 1616 mysterium.Vocantur
3598 1528 3757 1589 enim

2106 1626 2232 1687 haec
2261 1644 2429 1687 sacra
2467 1629 2774 1705 Δημήτρια,
2805 1625 2863 1686 id
2898 1636 2987 1687 est
3011 1626 3301 1687 Cerealia.

2302 1718 2400 1778 69.
2445 1716 2527 1777 Dc
2560 1716 2874 1795 religionis
2905 1716 3075 1778 cultu
3099 1724 3153 1775 et
3180 1714 3553 1776 initiatione.

442 1805 684 1885 Λέγεται,
721 1806 801 1863 ὅτι
835 1810 862 1864 ὁ
909 1806 1131 1887 Ὀρφεὺς
1179 1808 1313 1885 ΘράΞ
1342 1810 1415 1864 ὣν
1462 1810 1522 1865 τὸ
1559 1808 1732 1887 γένος,
1768 1813 1853 1867 καὶ
1891 1816 2011 1869 θεο-

2186 1804 2459 1886 Orpheus
2493 1806 2757 1887 quidam,
2794 1813 2856 1866 ut
2902 1806 3121 1879 ferunt,
3175 1822 3395 1884 genere
3426 1802 3655 1877 Thrax,
3690 1798 3763 1859 de

362 1894 593 1973 λογήσας
668 1898 734 1956 τὰ
809 1897 1086 1968 Ἐλλήνων
1150 1901 1442 1977 μυστήρια,
1505 1897 1696 1964 ἐδίδαξε
1767 1908 1879 1965 πῶς
1940 1902 2011 1958 δεῖ

2110 1894 2449 1957 Graecorum
2486 1896 2781 1975 mysteriis
2816 1893 3211 1976 pertractavit,
3242 1894 3582 1969 cultumque
3615 1888 3760 1949 deo-

349 1991 515 2060 τιμᾷν
566 1987 741 2050 θεούς.
827 1996 993 2047 Τοῦτο
1074 1987 1162 2045 οὖν
1240 1991 1301 2043 τὸ
1380 1994 1537 2063 τιμᾷν
1621 1991 1767 2055 θεοὺς
1828 1992 2021 2048 ἐκαλε-

349 2094 450 2129 σαν
512 2072 595 2154 (2)
655 2078 991 2155 θρησκεύειν,
1052 2078 1124 2137 ὡς
1200 2080 1425 2153 Θρᾳκίας
1498 2077 1659 2143 οῧσης
1715 2085 1811 2147 τῆς
1873 2081 2019 2159 εὗρέ-

351 2184 489 2228 σεως
687 2163 900 2223 ’Ἄλλοι
936 2164 989 2221 δὲ
1023 2166 1466 2243 ητυμολόγησαν,
1500 2166 1583 2223 ὅτι
1616 2170 1676 2224 τὸ
1708 2172 2013 2247 θρησκεύειν

349 2255 621 2330 παρῆκται
668 2255 773 2312 ἀπὸ
832 2259 924 2313 τοῦ
978 2258 1136 2313 οἱονεὶ
1180 2255 1551 2332 θεοδερκεύειν,
1616 2261 1853 2316 τουτέστι
1881 2262 2012 2316 Θεὸν

351 2344 501 2421 δρᾷν.
550 2346 622 2402 Τὸ
665 2342 718 2399 δὲ
758 2348 1003 2423 μυεῖσθαι
1063 2344 1301 2425 εἴρηται,
1350 2346 1385 2413 ἣ
1436 2348 1578 2427 παρά
1628 2349 1689 2404 τὸ
1748 2352 2009 2429 μυστήρια

352 2434 441 2489 καὶ
486 2434 757 2515 ἀπόᾲῥητα
790 2435 1085 2511 τελεῖσθαι,
1134 2437 1171 2504 ἢ
1233 2436 1315 2492 διὰ
1342 2439 1402 2493 τὸ
1434 2440 1665 2512 μύοντας
1697 2441 1790 2504 τὰς
1820 2443 2010 2511 αἰσθή-

351 2544 463 2587 σεις
562 2526 650 2580 καὶ
732 2525 978 2584 ἐπέκεινα
1050 2526 1357 2603 γινομένους
1441 2529 1619 2595 πάσης
1696 2537 2008 2606 σωματικῆς

349 2613 661 2694 φαντασίας,
698 2613 864 2679 οὕτως
897 2614 1226 2696 εἰσδέχεσθαι
1257 2618 1349 2680 τὰς
1381 2618 1519 2683 θείας
1563 2616 1885 2695 ἐλλάμψεις.

706 2791 783 2855 ο¹.
821 2795 944 2873 Περὶ
974 2801 1070 2850 τοῦ
1100 2795 1237 2850 θύειν
1270 2795 1645 2875 ἀστρονομεῖν.

429 2882 652 2961 Λέγεται
696 2881 751 2938 δὲ
797 2882 883 2939 ὅτι
930 2886 990 2941 τὸ
1054 2887 1191 2940 θύειν
1252 2891 1395 2950 θεοῖς
1457 2886 1719 2945 Χαλδαῖοι
1780 2890 2003 2969 ἐξεῦρον,

349 2970 527 3028 ι’ίτουν
565 2972 784 3051 Κύπριοι
819 2989 834 3004 ⁸
870 2970 1200 3053 διαφορεῖται
1233 2976 1333 3055 γὰρ
1363 2977 1396 3043 ἡ
1456 2978 1656 3055 ἱστορία
1688 3000 1701 3012 ·
1752 2979 2011 3038 Χαλδαῖοι

348 3060 404 3118 δὲ
434 3060 578 3127 ἔθνος
613 3061 895 3141 Περσικόν,
932 3065 1039 3131 Τὴν
1073 3061 1127 3118 δὲ
1172 3064 1522 3142 ἀστρονομίαν
1554 3067 1798 3145 λέγονται
1856 3076 2009 3149 πρῶ-

347 3173 430 3208 τοι
483 3151 769 3219 εὖπηκέναι
830 3150 1157 3209 Βαϐυλώνιοι
1207 3151 1291 3209 διὰ
1335 3156 1663 3235 Ζοροάστροῠ
1699 3176 1713 3192 °

344 3239 399 3330 δε
469 3238 756 3306 διεδέξαντο
836 3244 1135 3320 Αἰγύπτιοι.
1229 3244 1338 3311 Τὴν
1412 3243 1466 3300 δὲ
1529 3250 1855 3327 γεωμετρίαν
1914 3249 2002 3330 (4)

342 3329 493 3386 εὗρον
536 3332 810 3386 Αἰγύπτιοι
854 3330 939 3386 διά
972 3332 1035 3386 τὸ
1068 3334 1159 3386 τὸν
1188 3331 1383 3386 Νεῖλον
1415 3335 1512 3386 τὴν
1574 3338 1743 3386 αὐτῶν
1800 3341 1931 3386 κατά

582 3332 595 3351 9
647 3332 659 3352 Ι
913 3333 923 3345 ¹
1103 3334 1115 3349 ε
1212 3343 1227 3352 ο
1454 3335 1467 3354 \
1612 3338 1626 3359 ν
1680 3344 1705 3352 -π
1874 3362 1900 3371 -
1920 3341 1931 3358 Ι

404 3352 493 3408 ρον
536 3340 810 3409 ⁴Αιγυηιττιοι
854 3330 939 3387 δια
972 3332 1035 3387 τὸ
1068 3354 1159 3388 τον
1188 3331 1383 3390 Νεῖλον
1415 3356 1512 3402 την
1574 3359 1743 3393 αυτων
1800 3360 2005 3415 κα.αρ-

2108 2003 2240 2046 rum
2303 1985 2569 2046 tradidit.
2635 1984 2807 2046 Hunc
2864 1994 3056 2047 autem
3093 1984 3340 2046 deorum
3373 1982 3593 2043 cultum
3624 1983 3760 2055 θρη-

2110 2078 2339 2150 σκεύειν,
2404 2076 2651 2151 vocavit,
2708 2075 2881 2155 quasi
2939 2076 3216 2155 θρησκεία,
3275 2073 3333 2134 itl
3386 2080 3498 2151 est,
3551 2066 3761 2145 religio

2108 2166 2286 2245 hujus
2319 2165 2614 2227 inventrix
2646 2174 2824 2228 esset.
2873 2166 2987 2227 Alii
3021 2164 3338 2227 deductam
3372 2163 3525 2224 hanc
3555 2175 3759 2218 vocem

2096 2265 2328 2337 putant,
2360 2257 2527 2338 quasi
2577 2276 2609 2318 a
2666 2257 2850 2317 verbo
2894 2257 3270 2336 θεοδερκεύειν,
3304 2255 3364 2317 id
3419 2263 3535 2332 est,
3574 2250 3759 2311 Deum

2096 2348 2355 2421 videre;
2382 2351 2627 2423 μυεῖσθαι
2661 2356 2855 2408 autem
2881 2345 3104 2407 dictum
3139 2343 3415 2426 est,quod
3454 2339 3758 2421 mysteriis

2093 2448 2269 2519 atque
2303 2437 2537 2499 arcanis
2565 2437 2753 2498 sacris
2802 2437 3246 2512 imbuerentur,
3280 2435 3369 2497 vel
3405 2434 3579 2495 etiam
3613 2430 3756 2508 quia

2096 2532 2347 2609 μύοντες,
2385 2528 2439 2590 id
2473 2537 2587 2607 est,
2624 2527 2974 2589 claudentes
3028 2545 3265 2599 sensus,
3316 2544 3383 2587 ac
3416 2542 3596 2604 supra
3624 2539 3759 2583 om-

2096 2637 2233 2681 nem
2269 2636 2626 2698 corpoream
2663 2618 2926 2699 speciem
2976 2618 3185 2697 evecti,
3221 2618 3297 2678 ita
3328 2616 3567 2677 demum
3599 2610 3755 2674 divi-

2098 2728 2202 2770 nas
2236 2708 2709 2771 illuminationes
2744 2708 3156 2769 admitterent.

2176 2802 2281 2864 70.
2324 2798 2408 2859 De
2438 2798 2780 2878 sacriﬁciis,
2816 2800 3194 2860 astronomia
3237 2805 3289 2859 et
3319 2796 3670 2876 geometria.

2182 2889 2309 2951 Diis
2366 2888 2703 2949 sacriﬁcare
2751 2888 2987 2968 quidam
3044 2888 3481 2961 Chaldaeorum,
3515 2884 3613 2946 alii
3647 2885 3754 2964 Cy-

2103 2980 2366 3062 priorum
2399 2978 2703 3039 inventum
2738 2996 2869 3038 esse
2900 2979 3068 3040 aiunt
3102 2998 3114 3039 :
3166 2997 3277 3039 nec
3310 2975 3469 3038 enim
3502 2974 3616 3034 utri
3643 2972 3757 3034 hoc

2098 3069 2441 3129 invenerint
2472 3068 2613 3129 satis
2654 3076 2907 3129 constat.
2970 3067 3229 3130 Chaldaei
3282 3074 3476 3129 autem
3511 3062 3756 3126 Persica

1774 3158 2068 3238 δεύτεροιο
2100 3168 2188 3221 est
2223 3160 2400 3219 natio.
2463 3160 2542 3220 At
2570 3175 2709 3219 vero
2768 3159 3191 3220 astronomiam
3227 3155 3403 3238 primi
3438 3150 3753 3234 Babylonii

2095 3267 2201 3331 per
2231 3249 2609 3310 Zoroastrum
2646 3248 2950 3309 invenisse
2994 3248 3296 3310 dicuntur.
3329 3243 3588 3307 Proximi
3621 3260 3752 3304 eam

2095 3349 2462 3419 exceperunt
2492 3337 2853 3419 Egyptii,ex
2882 3338 3289 3400 immensitate
3314 3345 3489 3397 terrae
3508 3342 3565 3395 et
3586 3333 3753 3393 loco-

337 3417 495 3477 δοντα
551 3422 768 3503 χώραν,
831 3421 1083 3503 συγχέειν
1143 3423 1207 3477 τὰ
1274 3424 1371 3489 τῆς
1432 3422 1739 3492 δεσποτείας
1785 3428 2007 3488 ἑκάστου

2109 3448 2224 3491 'um
2249 3417 2659 3489 divisionibus
2712 3428 2878 3507 prius
2916 3428 3135 3509 edocti,
3181 3436 3356 3508 atque
3388 3426 3468 3485 ita
3498 3422 3568 3484 ad
3601 3420 3757 3484 scri-

341 3512 683 3590 γνωρίσματα
720 3526 734 3541 ⁸
806 3510 1127 3589 διαιροῦντες
1204 3512 1293 3568 οὖν
1367 3512 1626 3579 πολλάκις
1716 3516 1815 3584 τὴν
1880 3519 2004 3600 γῆν,

2109 3516 2362 3579 nendum
2395 3516 2663 3580 adducti.
2696 3516 2826 3579 Jam
2878 3519 3128 3597 magiam
3185 3516 3340 3579 Medi
3370 3516 3755 3577 invenerunt.

340 3602 429 3656 καὶ
492 3599 762 3665 ποικίλοις
830 3615 1247 3682 σχηματισμοῖς
1305 3604 1607 3684 χρώμενοι,
1642 3606 1877 3687 ἀρχηγοὶ
1909 3599 2006 3677 τῆς

2109 3608 2302 3671 Ditiert
2325 3615 2520 3668 autem
2551 3608 2745 3685 magia
2772 3626 2803 3667 a
2820 3607 3313 3688 goetia,etgoetia
3331 3625 3365 3668 a
3387 3601 3750 3686 pharmacia.

341 3690 647 3778 ἐπιστήμης
706 3690 980 3770 γεγόνασι,
1031 3693 1141 3760 Τὴν
1200 3691 1253 3749 δὲ
1314 3696 1562 3773 μαγείαν,
1618 3699 1802 3777 φασὶν,
1862 3702 2010 3778 εὗρον

2109 3697 2288 3777 Magia
2320 3695 2483 3757 enim
2517 3702 2605 3757 ést
2637 3696 2929 3759 bonorum
2991 3698 3327 3759 daemonum
3359 3694 3433 3757 ad
3470 3692 3611 3755 boni
3643 3708 3755 3753 cu-

346 3777 543 3861 Μῆδοι,
590 3781 717 3839 εἶτα
792 3781 1012 3861 Πέρσαι.
1066 3783 1313 3864 Διαφέρει
1360 3782 1414 3840 δὲ
1463 3786 1660 3865 μαγεία
1736 3777 2010 3867 γοητείας,

2109 3786 2352 3866 iuspiam
2374 3785 2849 3847 conciliationem
2880 3796 2939 3848 et
2959 3787 3469 3849 conversationem
3500 3783 3745 3844 invoca-

345 3870 435 3927 καὶ
479 3871 698 3949 γοητεία
756 3872 1089 3952 φαρμακείας
1150 3874 1355 3935 τούτοις
1393 3894 1408 3911 ⁸
1456 3876 1537 3931 ὅτι
1581 3879 1615 3944 ἡ
1651 3879 1749 3951 μὲν
1792 3880 2009 3957 μαγεία,

2109 3876 2181 3937 tio
2209 3893 2221 3938 :
2249 3874 2753 3957 quemadmodum
2790 3877 3095 3955 Apollonii
3127 3875 3350 3957 Tyanei
3373 3872 3653 3935 vaticinia
3676 3871 3752 3933 ob

346 3960 629 4029 ἐπίκλησίς
688 3962 802 4018 ἔστι
863 3961 1131 4038 δαιμόνων
1191 3964 1552 4046 ἀγαθοποιῶν,
1612 3969 1745 4044 πρὸς
1818 3968 2011 4046 ἀγαθοῦ

2109 3965 2321 4026 bonum
2350 3962 2945 4028 exstiteruntGoetia
2974 3974 3174 4027 autem
3200 3972 3290 4027 est
3313 3963 3602 4024 malorum
3627 3960 3752 4021 dte-

347 4069 493 4113 τινος
545 4049 798 4106 σύστασιν
826 4068 842 4084 ·
897 4049 1078 4130 ὥσπερ
1123 4052 1189 4107 τὰ
1244 4061 1337 4108 τοῦ
1366 4050 1733 4112 Ἀπολλωνίου
1772 4056 2011 4121 Τυανέως

2109 4072 2345 4115 monum
2382 4054 2539 4115 circa
2567 4055 2844 4135 sepulcra
2899 4075 3033 4118 sese
3078 4054 3466 4117 volutantium
3511 4051 3583 4114 ad
3615 4049 3756 4113 mali

342 4139 679 4215 θεσπίσματα
729 4138 799 4196 δι’
861 4140 1059 4219 ἀγαθὸν
1132 4142 1407 4221 γεγόνασι.
1482 4144 1708 4212 Γοητεία
1760 4143 1815 4200 δέ
1870 4144 2011 4202 ἐστιν

2109 4143 2348 4222 alicujus
2409 4144 2887 4224 procurationem
2952 4143 3265 4209 invocatio.
3320 4141 3529 4208 Goetia
3556 4148 3755 4203 autem

343 4227 623 4297 ὶπίκλησις
706 4227 974 4306 δαιμόνων
1033 4238 1369 4307 κακοποιῶν,
1445 4236 1565 4314 περὶ
1637 4234 1756 4300 τοὺς
1812 4234 2011 4314 τάφους
2098 4234 2255 4295 dicta
2285 4240 2375 4293 est
2432 4236 2536 4289 ἀπὸ
2600 4235 2704 4291 τῶν
2764 4235 2904 4313 γόων
2960 4238 3049 4293 καὶ
3087 4242 3192 4293 τῶν
3222 4236 3450 4313 θρήνων,
3486 4232 3542 4293 id
3577 4238 3688 4307 est,
3722 4247 3758 4291 a

343 4317 687 4397 εἱλουμένων,
750 4320 839 4377 ἐπὶ
895 4328 1063 4378 κακοῦ
1119 4342 1263 4385 τινος
1333 4323 1584 4380 σύστασιν
1621 4340 1633 4354 ⁹
1694 4326 1913 4402 γοητεία
1958 4322 2011 4382 δὲ

2109 4322 2462 4385 clamoribus
2489 4330 2545 4383 et
2577 4322 2972 4403 luctibus,qui
2994 4325 3152 4387 circa
3174 4325 3447 4402 sepulcra
3469 4320 3750 4383 eduntur.

488 4382 501 4397 ,
670 4382 687 4395 ,
1250 4382 1259 4385 -
1708 4382 1719 4402 ,
1786 4382 1797 4391 .

342 4408 575 4477 ἤκουσεν
635 4409 744 4467 ἀπὸ
817 4417 924 4467 τῶν
993 4411 1135 4490 γόων
1192 4413 1281 4468 καὶ
1351 4420 1457 4469 τῶν
1499 4416 1705 4492 θρήνων
1743 4420 1849 4471 τῶν
1892 4417 2011 4493 περὶ

2109 4412 2451 4475 Pharmacia
2481 4419 2677 4473 autem
2739 4420 2852 4494 est,
2875 4382 3023 4475 cum
3087 4382 3399 4475 exitidsum
3450 4408 3751 4490 quoddam

343 4500 469 4564 τοὺς
499 4501 698 4580 τάφους
729 4500 1050 4579 γινομένων,
1099 4503 1412 4579 Φαρμακεία
1458 4503 1538 4577 δὲ,
1603 4504 1725 4560 ὅταν
1756 4503 1840 4560 διά
1869 4527 2009 4578 τινος

2109 4504 2598 4565 medicamentum
2617 4504 2707 4563 vel
2728 4503 3081 4566 amatorium
3105 4502 3380 4585 poculum
3414 4498 3589 4562 alicui
3612 4500 3756 4559 hau-

346 4591 632 4655 σκευασίας
675 4592 1068 4671 θανατηφόρου,
1131 4592 1167 4660 ἢ
1210 4595 1342 4671 πρὸς
1404 4594 1619 4674 φίλτρον
1649 4592 1791 4668 δοίη,
1837 4596 1873 4663 ἢ
1926 4608 2011 4660 καὶ

2109 4593 2373 4655 riendum
2412 4593 2756 4675 porrigitur.

350 4678 529 4745 ἄλλως
560 4702 674 4743 πως
705 4685 993 4762 προσαχθῇ
1026 4704 1127 4738 τινι
1158 4681 1243 4738 διὰ
1275 4684 1563 4758 στόματος.

733 4769 842 4831 οα’.
880 4772 1003 4848 Περὶ
1033 4776 1130 4837 τῆς
1163 4772 1615 4852 ὁνειριιμαντείας.

2177 4773 2278 4836 71.
2319 4774 2401 4836 De
2427 4782 2560 4835 arte
2589 4776 2948 4855 conjectum
2967 4792 3043 4836 ea:
3066 4774 3319 4836 somniis
3346 4768 3669 4849 facienda.

429 4858 755 4939 Τελμισσὸς,
820 4859 977 4924 πόλις
1029 4860 1139 4918 ἐστὶ
1198 4863 1509 4945 Παμφυλίας
1546 4882 1558 4897 ⁸
1625 4862 1756 4930 αὕτη
1798 4861 1851 4919 δὲ
1896 4888 2009 4922 πα-

2177 4861 2521 4923 Telmessus
2585 4864 3001 4943 antiquissima
3058 4859 3420 4940 Pamphylia
3462 4856 3607 4918 urbs
3640 4862 3751 4931 est,

338 4948 601 5017 λαιοτείτη
627 4948 787 5013 πόλις
821 4966 837 4982 ⁶
876 4950 941 5017 ἦν
971 4948 1025 5006 δὲ
1079 4952 1167 5008 καὶ
1224 4952 1310 5010 ἐπὶ
1338 4955 1445 5011 τῶν
1474 4954 1684 5034 χρόνων
1716 4962 1808 5011 τοῦ
1845 4956 2004 5035 Κροί-

2109 4971 2230 5033 quae
2260 4952 2447 5014 Croesi
2480 4960 2834 5032 tempestate
2860 4952 3217 5013 ﬂorebat.Hi
3252 4947 3429 5030 primi
3464 4946 3752 5035 rationem

335 5062 453 5104 σου,
488 5040 644 5099 Οὗτοι
694 5038 939 5118 λὶγονται
970 5046 1170 5118 πρῶτοι
1219 5044 1341 5108 τοὺς
1404 5033 1629 5123 ὀνείρους
1662 5044 1860 5124 εὑρεῖν,
1891 5033 2005 5101 ⁷καῖ

2119 5042 2393 5105 nvenisse
2453 5041 2753 5115 dicuntur,
2821 5062 2938 5121 qua
2990 5040 3284 5102 insomnia
3332 5033 3631 5116 explorari
3688 5050 3755 5124 ac

338 5130 623 5198 διακρίνειν
689 5132 756 5187 τὰ
830 5132 1043 5211 τέρατα.
1127 5129 1367 5211 ’Ἔλεγον
1424 5122 1549 5213 γὰρ,
1617 5137 1661 5192 εἷ
1704 5122 1889 5214 γέγονέ
1948 5156 1997 5191 τι

2109 5132 2406 5213 lijudicari
2441 5143 2714 5211 possent;
2746 5132 2793 5191 si
2825 5131 2964 5211 quid
2995 5130 3152 5191 enim
3185 5134 3401 5209 praeter
3431 5141 3655 5214 morem
3692 5122 3751 5181 in

330 5218 648 5293 παράδοξον,
683 5218 765 5299 ότι
796 5217 915 5276 τόδε
946 5220 1224 5301 σημαίνει,
1257 5223 1344 5278 καὶ
1376 5224 1596 5286 πάντως
1626 5226 1699 5287 ὡς
1723 5213 1806 5279 δᾶν
1838 5226 1995 5280 εἷπον

2109 5221 2314 5283 ιοιηηίε
2331 5219 2813 5300 accidlsset,quic
2835 5220 2980 5281 illud
3016 5213 3746 5301 portenderet,dicebant:

333 5306 657 5367 συνέϐαινειν
700 5308 1006 5389 ἑξόρχεσθαι
1209 5299 1216 5301 ⁷

2109 5330 2150 5373 ιο
2206 5309 2496 5392 quidquid
2547 5299 2859 5385 dixissent,
2908 5316 3129 5371 eventu
3182 5307 3309 5386 ipso
3356 5301 3514 5365 haud
3565 5299 3750 5362 dubie

2060 5418 2194 5463 com
2203 5399 2583 5482 probabatur.

409 5560 496 5643 (gl)
527 5558 617 5643 l_d_.
651 5557 791 5643 add.
828 5561 914 5618 καὶ
948 5559 1233 5621 Ἐλευσῖνα
1259 5561 1330 5643 (f.
1359 5558 1698 5633 Ἐλευσίνια),

419 5640 503 5722 (2)
538 5640 602 5722 ld
615 5689 631 5706 .
662 5640 912 5722 ἰκάλισι.

420 5720 506 5807 (3)
536 5720 655 5789 Ms.
683 5737 812 5805 reg.
842 5720 964 5792 256
993 5722 1268 5805 αὶρᾶααως.

2169 5563 2255 5644 (4)
2286 5559 2445 5644 C_0(_l_.
2487 5577 2612 5644 reg.
2649 5558 2789 5644 add.
2821 5574 3183 5642 γεωμετρεῖν.

2170 5638 2260 5725 (5)
2293 5638 2466 5709 Colb.
2514 5638 2861 5721 είγινισθαιι
