2083 3204
198 149 276 183 1025

601 152 652 184 AD
673 152 703 184 8.
726 152 912 185 GREGORII
932 147 1047 184 ORAT.
1070 147 1083 179 Ι
1104 151 1260 185 CONTRA
1279 153 1476 185 JULIANUM

1809 155 1822 186 1
1829 154 1888 187 026

191 219 301 248 Σικελία
314 220 408 259 πηγην
423 219 518 253 ὕδατος
539 220 696 261 ’Δρέθουσαν
725 220 795 249 οὕτω
823 219 994 258 καλουμένην
1011 231 1012 234 η

1063 227 1167 263 amoro
1174 226 1293 262 captum
1302 222 1395 253 fuisse
1402 222 1554 263 Alpheum
1571 231 1689 253 amnem
1703 223 1884 255 fabulantur-

189 264 225 298 ἧς
253 263 395 304 ὶρασθῆναι
421 266 468 293 τὸν
493 264 618 305 Ἀλφειὸν
640 266 762 304 ποταμὸν
782 266 934 303 μυθεύουσι·
950 263 1021 294 τὸδὲ

189 307 260 349 ὕδωρ
287 309 338 344 τῆς
367 308 542 349 Ἀρεθούσης,
565 310 706 350 ἀκραιφνές
730 321 759 339 τε
789 311 833 339 καὶ
847 311 961 349 καθαρὸν
977 310 1021 338 καὶ

189 353 283 394 γλδκύ.
302 353 380 394 Λέγει
397 358 441 384 οὖν
457 356 470 384 6
493 357 566 388 θεῖος
581 356 740 396 Γρηγόριος,
773 355 813 384 ὅτι
841 356 931 395 ὥσπερ
953 355 1020 383 ἔνιαι

188 401 279 439 χῶοιι
301 399 346 428 καὶ
375 399 466 433 πόλεις
494 399 578 440 ἔσχον
606 412 631 429 τι
661 400 722 429 κατ’
754 400 885 440 ἐξαίρετον
911 399 1019 438 ἰδίωμα,

190 443 261 473 οὕτω
281 445 312 473 τὸ
335 443 422 484 δόγμα
445 445 499 474 τῶν
524 448 689 486 Χριστιανῶν
718 445 805 475 πάντα
825 450 919 486 ταῦτα,
934 446 1019 485 ὀρφα-

190 495 347 530 νοτροφεῖα,
378 489 506 527 ξενῶσας,
532 497 709 529 νοσοκομεῖα,
733 497 955 531 πτωχοτροφεῖα,
977 490 1020 519 καὶ

188 534 276 563 πάντα
290 535 323 562 τὰ
338 534 446 563 τοιαῦτα
462 535 558 575 ἀγαθά,

313 579 361 608 ος’.
382 581 444 619 Περὶ
460 583 510 613 τῆς
525 583 573 608 τοῦ
589 580 730 612 Πλάτωνος
747 579 896 612 Πολιτείας,

231 623 342 653 Πλάτων
372 625 386 653 ὃ
414 624 558 666 φιλόσοφος
595 626 780 665 συνεγράψττο
824 625 972 664 σύνταγμα,
1005 626 1018 653 ὃ

190 668 330 698 Πολιτείαν
373 668 537 709 ἐπέγραψεν,
576 670 621 699 Ἐν
650 671 736 706 τούτῳ
773 673 813 707 τῷ
854 670 1016 709 συντάγματι

189 713 277 754 λέγει,
300 714 394 742 ὁποίαν
423 713 465 742 δεῖ
493 714 612 754 γενέσθαι
643 714 731 752 πόλιν,
756 716 800 743 καὶ
815 714 846 743 ἐκ
867 715 951 743 ποίων
966 715 1016 743 ἆν-

187 756 256 797 δρῶν
282 759 472 799 συγκειμένην,
490 760 536 788 καὶ
551 760 638 791 ποίοις
668 759 737 788 ’έθεσι
766 760 811 788 καὶ
840 760 932 798 νόμοις
961 770 1015 788 πο-

187 802 375 842 λιτευομένην.
393 804 465 838 Αὕτη
482 804 509 833 δὲ
524 805 596 842 αὖτῷ
621 805 639 839 ἡ
662 804 752 845 πόλις,
775 804 848 844 λόγῳ
863 806 938 842 μόνῳ
951 817 1014 833 συν-

189 848 254 882 έστη
268 857 275 864 ·
293 848 363 888 ἔργῳ
378 849 417 890 δὲ,
436 849 495 878 οὕτε
519 850 645 885 συνέστη,
663 849 722 878 οὕτε
750 849 951 880 ἐπολιτεύσατο.
974 849 1019 878 Ἐν

1062 262 1154 295 Porro
1165 265 1254 296 fontis
1268 266 1347 296 illius
1358 276 1431 307 aqua
1444 276 1517 307 pura
1534 272 1578 297 est
1593 273 1622 298 et
1638 268 1771 308 limpida,
1785 269 1884 299 mira;-

1063 318 1120 349 que
1135 311 1298 342 suavitatis.
1321 312 1371 342 Ait
1395 321 1466 352 ergo
1482 312 1642 352 Gregorius
1658 324 1663 341 :
1681 313 1883 349 Quemadmo-

1064 354 1133 385 dum
1149 356 1301 387 nonnullze
1317 357 1463 396 regiones,
1484 358 1574 387 urbes
1590 364 1618 388 et
1634 357 1714 388 cives
1730 358 1883 398 proprium

1063 403 1152 438 atque
1168 400 1309 431 eximium
1323 401 1444 441 aliquod
1461 402 1553 432 decus
1564 402 1732 433 habentsic
1749 402 1885 433 doctrina

1063 443 1229 476 Christiana
1244 446 1307 476 hzec
1323 446 1433 486 omnia,
1451 447 1654 484 orphanurum
1674 451 1767 485 atque
1784 453 1883 479 extra-

1063 498 1187 520 neorum
1204 491 1634 531 domicilia,valetudinaria,ac
1650 493 1714 523 loca
1732 502 1759 524 in
1777 493 1885 533 quibus

1063 543 1207 574 pauperes
1219 535 1348 576 alantur,
1361 542 1448 576 atque
1464 537 1565 566 omnia
1581 537 1753 576 hujusmodi
1769 538 1861 569 bona.

1243 581 1293 611 75.
1307 581 1348 611 De
1365 581 1503 612 Platonis
1525 581 1698 621 Republica.

1101 624 1300 665 Philosophus
1330 625 1410 656 Plato
1440 635 1514 664 opus
1545 627 1722 665 composuit,
1740 627 1819 667 quod
1844 627 1884 659 De

1059 667 1229 709 Republica
1245 670 1441 710 inscripsit.[n
1458 680 1492 701 eo
1508 671 1595 701 docet
1610 671 1728 711 qualem
1739 681 1805 702 esse
1815 673 1884 703 civi-

1060 717 1162 754 tatem,
1178 724 1296 755 quoque
1312 725 1345 745 ex
1363 716 1517 746 hominum
1530 725 1654 746 numero
1666 721 1882 757 constare,tum

1057 758 1166 796 quibus
1192 759 1324 791 moribus
1354 761 1531 800 legibusque
1554 761 1714 800 gubernari
1735 767 1878 802 oporteat.

1058 802 1126 834 Haec
1139 813 1228 843 porro
1240 805 1341 835 civitas
1352 815 1492 836 sermone
1506 806 1569 838 solo
1582 806 1667 836 abeo
1679 811 1884 845 coagmentata

1061 852 1105 879 est
1124 850 1206 888 :ipsa
1232 855 1329 879 autem
1358 860 1413 880 nec.
1433 855 1614 886 constructa,
1634 860 1688 881 nec
1704 852 1882 890 gubernata.

188 893 281 930 ἐκείνῳ
310 897 356 923 οὖν
391 897 430 931 τῷ
464 895 628 935 συντάγματι
658 898 736 923 τοῦτο
761 895 791 923 τὸ
819 894 946 934 ῥησίδιον,
977 894 1012 922 ὅτι

1061 892 1092 923 In
1108 893 1163 923 hoc
1181 894 1330 924 volumine
1347 894 1391 925 liis
1407 895 1507 925 verbis
1531 896 1623 926 utitur
1640 906 1645 925 :
1666 896 1824 935 Fingamus
1840 896 1883 935 (4)

188 937 405 967 ’Υποκείσθωσαν
434 941 502 977 ἡμῖν
541 941 564 968 οἱ
594 944 704 968 πολῖται
735 938 796 968 τάδε
824 940 1012 979 φθεγγόμενοι,

1059 938 1139 968 cives
1156 939 1326 978 liujusmodi
1343 939 1506 970 orationem
1520 940 1642 980 habere,
1656 945 1687 970 ut
1699 950 1801 971 eorum
1815 950 1885 970 con-

186 982 225 1011 'tv'
240 982 342 1022 ἴδωμεν
358 983 444 1014 αὐτῶν
460 985 618 1023 ιιινουμένην
634 985 683 1018 τὴν
699 984 828 1016 ἐπίνοιαν.

315 1073 382 1112 ρξ’.
399 1075 462 1114 Περὶ
476 1077 526 1108 τῆς
542 1075 589 1103 τοῦ
603 1073 726 1104 Ἠσιόδου
742 1074 894 1114 Θεογονίας,

230 1124 348 1159 Ἠσίοδος
364 1126 408 1158 εἷς
438 1126 493 1155 ἐστι
506 1129 560 1155 τῶν
577 1127 699 1160 ποιητῶν
714 1135 721 1144 δ
740 1129 769 1155 οῦ
784 1126 944 1166 πράττονται
959 1127 1017 1165 τρία

187 1173 329 1210 ποιήματα
346 1180 355 1189 ⁵
385 1173 403 1206 ἠ
432 1171 586 1210 καλουμένη
618 1172 757 1210 Θεογονιία,
794 1171 828 1200 τὰ
866 1170 1016 1208 καλούμενα

187 1218 281 1257 ’Ἔργα
295 1218 339 1245 καὶ
360 1216 471 1256 ἡμέραι,
502 1218 546 1245 καὶ
567 1217 585 1250 ἡ
609 1216 763 1254 καλουμένη
783 1215 886 1248 Ἀσπίς.
910 1215 954 1245 Ἐν
980 1218 1015 1254 τῇ

186 1268 232 1293 οὖν
261 1261 414 1300 καλουμένῃ
446 1263 574 1301 Θεογονίᾳ
597 1262 611 1289 6
636 1260 756 1292 Ἠσίοδος
773 1260 819 1300 tl)
835 1259 946 1300 ἄρχεται
970 1259 1012 1300 (2)

188 1308 408 1348 καταριθμεῖσθαι
439 1307 485 1340 τὰς
506 1307 625 1345 γενέσεις
647 1308 700 1334 τῶν
735 1307 801 1334 θεῶν
819 1313 826 1320 ·
851 1306 891 1333 ὃτι
913 1304 943 1333 ἐκ
967 1308 1015 1334 τοῦ

187 1353 274 1393 χάους
304 1353 349 1381 καὶ
370 1352 401 1381 ἐκ
430 1355 476 1380 τοῦ
504 1351 604 1391 αἰθέρος
635 1350 764 1390 ἐγεννήθη
803 1351 817 1378 6
846 1348 920 1378 δεῖνα
937 1360 945 1369 ⁸
984 1349 1014 1379 ἐκ

186 1396 215 1426 δὲ
237 1401 284 1426 τοῦ
306 1399 417 1435 οὐρανοῦ
447 1396 491 1424 καὶ
520 1398 570 1430 τῆς
600 1395 663 1436 γῆς,
679 1396 693 1423 6
724 1395 824 1435 Κρόνος
842 1403 848 1410 '
870 1395 900 1423 ἐκ
920 1393 948 1423 δὲ
969 1398 1015 1424 τοῦ

187 1443 300 1481 Κρόνου,
329 1443 343 1470 6
365 1441 441 1479 Ζεὺς,
462 1442 475 1469 6
501 1440 646 1478 Ποσειδὼν,
667 1441 681 1469 ὸ
711 1440 848 1472 [Daunum
879 1442 947 1469 Εἶτα
961 1451 1014 1468 κα-

183 1487 292 1528 ταιρέρει
321 1487 411 1526 σειρὰς
442 1488 528 1525 γενῶν
570 1486 614 1513 καὶ
654 1487 720 1514 θεῶν
755 1485 916 1525 καινοτέρων
951 1484 1014 1513 ὀνό-

1057 982 1155 1013 silium
1174 984 1326 1024 animique
1342 984 1492 1015 solertiam
1510 995 1567 1015 non
1583 985 1711 1016 inertem
1737 996 1773 1016 ac
1798 995 1881 1016 mor-

1057 1031 1148 1059 tuam.
1166 1028 1218 1059 sed
1235 1029 1328 1059 vivam
1345 1034 1487 1070 motuque
1506 1029 1656 1060 incitatam
1675 1031 1840 1062 videamus.

1242 1074 1291 1105 76.
1311 1075 1354 1106 De
1370 1074 1496 1105 Hesiodi
1515 1075 1696 1115 Tlteogonia.

1098 1124 1218 1155 Hesiodi
1234 1129 1370 1163 poemata
1383 1126 1439 1156 tria
1450 1130 1574 1163 exstant,
1590 1127 1883 1168 T/ieogoniu,0pera

1057 1174 1086 1200 el
1099 1170 1206 1209 dics,et
1219 1170 1345 1201 Scutum
1358 1170 1508 1201 Herculis.
1521 1170 1554 1201 In
1570 1172 1741 1210 T/ieogoniu
1758 1173 1882 1204 deorum

1058 1218 1140 1244 ortus
1157 1224 1335 1245 enumerare
1351 1214 1609 1255 incipit,nimiruin
1622 1217 1702 1254 quod
1720 1226 1753 1247 ex
1766 1218 1840 1248 chao
1853 1223 1882 1248 et

1056 1259 1167 1303 aethere
1180 1264 1266 1289 natus
1281 1259 1318 1290 sit
1335 1259 1433 1299 ille,ex
1452 1259 1526 1290 casio
1545 1264 1573 1290 et
1590 1264 1667 1291 terra
1684 1261 1879 1303 Salurnus,ex

1057 1302 1137 1335 Salui
1148 1314 1185 1334 no
1200 1304 1330 1343 Jupiter,
1346 1304 1501 1344 Neptunus
1519 1309 1547 1334 et
1564 1305 1648 1336 Pluto
1679 1305 1783 1336 Postea
1799 1312 1882 1337 cate-

1057 1358 1124 1379 nam
1144 1350 1301 1388 quamdam
1327 1359 1470 1389 generum
1498 1349 1682 1389 duorumque
1702 1352 1881 1383 recentioris

1057 1393 1186 1424 nominis
1215 1394 1359 1426 deducit:
1383 1399 1541 1435 narratque
1574 1396 1826 1435 quemadmodum
1846 1397 1876 1428 lii

1057 1439 1097 1469 dii
1113 1449 1179 1470 cum
1199 1439 1257 1470 illis
1283 1439 1472 1477 dimicarent,
1489 1444 1579 1479 atque
1605 1441 1632 1470 ili
1646 1441 1727 1471 illum
1744 1435 1793 1471 aut
1811 1442 1881 1473 ilios

1056 1484 1279 1524 discerpserint.
1307 1485 1426 1516 Titanes
1441 1485 1521 1515 enim
1551 1485 1695 1516 Itacclium
1720 1486 1881 1517 dilaniasse

184 1543 258 1571 ματα
274 1541 282 1548 ⁸
298 1533 343 1561 καὶ
358 1531 398 1559 ὁτι
415 1530 472 1560 οῖ’δε
487 1532 510 1559 oi
525 1531 592 1570 θεοῖ,
610 1531 679 1568 μετὰ
709 1529 791 1559 τῶνδε
817 1529 989 1567 ἐπολέμησαν
1003 1539 1010 1546 ·

1057 1529 1274 1559 feruntur.llaec
1289 1539 1375 1569 porro
1388 1530 1509 1560 nomina
1525 1539 1591 1570 quae
1607 1531 1662 1561 hoc
1679 1531 1743 1561 loco
1758 1531 1880 1570 profert.

184 1578 231 1606 καὶ
245 1576 302 1606 οἵδε
325 1577 463 1614 ἐκίνησαν,
481 1574 538 1605 οἵδε
554 1576 720 1614 ἡττήθησαν,
744 1576 788 1604 καὶ
814 1574 870 1603 οἵδε
896 1574 1009 1603 διεσπά-

185 1621 265 1661 ραξαν
293 1620 367 1650 τόνδε
388 1621 406 1656 ἢ
428 1619 514 1651 τόνδε.
539 1621 569 1650 Οἱ
597 1621 647 1659 γὰρ
669 1624 776 1654 Τιτᾶνες
805 1619 927 1659 λέγονται
949 1619 1008 1648 δια-

184 1666 316 1706 σπαράξαι
332 1666 379 1695 τὸν
396 1668 533 1697 Διόνυσον,
550 1665 587 1694 Τὰ
600 1664 627 1693 δὲ
644 1665 762 1701 ὀνόματα
783 1668 876 1702 ταῦτα,
900 1664 916 1692 ἃ
937 1664 1010 1704 λέγει

183 1711 295 1741 ἐνταῦθα
323 1712 336 1740 'o
359 1710 518 1751 Γρηγόριος,
544 1712 604 1739 οἷον
640 1713 732 1739 Κῶτον
760 1711 804 1739 καὶ
840 1710 966 1750 βριάρεω,
996 1711 1010 1738 ὁ

183 1755 305 1788 Ἠσίοδος
321 1756 395 1796 λέγει
421 1755 542 1796 γενέσθαι
569 1755 643 1788 τινὰς
667 1755 818 1794 ἀνθρώπους
841 1755 893 1784 ἀπὸ
919 1755 1012 1783 ἑκατὸν

183 1805 283 1842 χειρῶν
308 1802 436 1842 ἔχοντας,
452 1800 551 1833 οἵτινες
584 1800 652 1838 μετᾶ
680 1803 734 1829 τῶν
758 1802 825 1829 θεῶν
839 1799 1011 1838 ἒπολέμησαν

182 1847 245 1880 τοὺς
269 1850 391 1879 Γιτᾶνας,
412 1847 443 1875 Οἱ
472 1846 522 1885 γὰρ
552 1848 660 1879 Τιτᾶνες
689 1847 844 1884 μυθεύονται
868 1846 937 1874 κατὰ
958 1845 1012 1874 τῶν

182 1894 250 1923 θεῶν
278 1891 473 1927 ἒτιαναστῆναι,
507 1891 556 1922 ἕως
595 1894 626 1919 οὗ
661 1890 840 1930 ἐκεραύνωσεν
868 1890 964 1923 αὐτοὺς
993 1891 1008 1918 6

181 1938 257 1970 Ζεύς.
276 1936 393 1974 Ὀμοίως
408 1934 436 1965 δὲ
450 1936 495 1965 καὶ
509 1936 569 1974 περὶ
594 1938 646 1964 τῶν
670 1934 887 1975 δρακοντοπόδων
911 1935 1006 1964 Ἠσίο-

181 1981 226 2017 δος
256 1981 344 2022 λέγει,
369 1980 411 2011 ὅτι
447 1980 626 2020 ἐγεννήθησαν
656 1980 790 2020 ἅνθρωποι
825 1980 1006 2017 δρακοντὸπο-

181 2026 236 2059 εις,
267 2025 485 2067 Κεραυνοφόρους
517 2024 545 2053 δὲ
574 2025 645 2065 λέγει
675 2027 719 2054 νῦν
754 2026 841 2066 θεοὺς,
874 2025 892 2060 ἢ
928 2026 1007 2055 αὐτὸν

178 2073 226 2100 τὸν
249 2072 312 2108 Δία,
356 2072 394 2104 ὡς
433 2071 559 2110 κεραυνὸν
595 2069 730 2110 ἂπαφέντα
757 2070 818 2104 τοῖς
847 2071 965 2109 Γίγασιν,
993 2070 1011 2105 ἢ

182 2117 323 2156 Στεροπὴν
359 2116 403 2156 (3)
446 2114 465 2150 ἢ
491 2115 610 2154 Βρόντην
647 2115 707 2147 τοὺς
739 2114 942 2156 χαλκεύσαντας
970 2116 1010 2152 τῷ

1057 1574 1228 1614 Gregorius,
1248 1575 1324 1605 velut
1346 1576 1461 1605 Cottum
1493 1580 1521 1604 et
1549 1576 1711 1616 ilriareum,
1734 1576 1883 1607 Hesiodus

1057 1619 1193 1649 homines
1213 1620 1357 1659 quosdam
1373 1620 1557 1649 centimanus
1572 1620 1662 1650 fuisse
1679 1620 1759 1656 dicit.
1779 1624 1826 1661 qui
1845 1622 1882 1651 si-

1057 1664 1116 1694 mul
1134 1673 1202 1694 cum
1218 1665 1275 1694 diis
1285 1665 1427 1695 adversus
1435 1665 1569 1704 gigantes
1585 1665 1695 1695 bellum
1712 1671 1880 1704 gesserunt.

1056 1709 1114 1739 Hos
1121 1710 1200 1740 enim
1210 1709 1430 1740 adverSuSdeos
1438 1709 1633 1740 insurrexisse
1641 1711 1880 1751 tingunt,quoad-

1055 1764 1148 1795 usque
1165 1755 1284 1786 tandem
1301 1754 1380 1785 .lovis
1395 1754 1521 1786 fulmine
1536 1755 1671 1795 oppressi
1682 1760 1761 1786 sunt.
1774 1757 1880 1787 Consi-

1055 1800 1118 1829 mili
1134 1808 1250 1840 quoque
1264 1799 1351 1829 modo
1361 1800 1499 1830 homines
1510 1800 1653 1840 quosdam
1671 1801 1818 1831 exstitisse
1828 1802 1881 1837 ait,

1053 1844 1103 1885 qui
1119 1844 1281 1881 draconum
1298 1844 1389 1884 pedes
1401 1844 1878 1877 haberent.Fulminiferosautem

1053 1890 1126 1921 deos
1141 1894 1235 1927 vocat,
1251 1889 1296 1920 vel
1324 1889 1426 1920 Jovem
1454 1890 1562 1930 ipsum,
1580 1894 1612 1920 ut
1637 1889 1690 1929 qui
1711 1890 1880 1929 gigantibus

1054 1934 1166 1965 fulmen
1183 1933 1351 1970 immiserit,
1369 1934 1413 1965 vel
1429 1935 1516 1965 etiam
1531 1936 1677 1974 Steropen
1694 1941 1722 1965 et
1733 1935 1877 1974 Bronten,

1053 1980 1103 2020 qui
1120 1980 1230 2011 tonitru
1247 1986 1276 2010 et
1291 1979 1388 2019 fulgur
1401 1980 1463 2011 Jovi
1488 1979 1624 2011 fabricati
1654 1984 1734 2010 sunt.
1761 1978 1880 2012 Insulas

1054 2034 1141 2066 porro
1154 2029 1216 2055 tum
1227 2035 1279 2064 pro
1286 2024 1403 2064 sagittis
1414 2029 1474 2055 tum
1489 2033 1540 2064 pro
1553 2024 1700 2065 sepulcris
1712 2024 1880 2064 gigantibus

1052 2070 1200 2100 immissas
1212 2079 1228 2100 a
1242 2069 1300 2099 diis
1315 2069 1406 2100 fuisse
1422 2069 1573 2108 contingit.
1601 2069 1711 2100 Acerbi
1736 2075 1833 2100 autem
1850 2075 1881 2102 et.

1050 2114 1225 2144 amarulenti
1245 2113 1332 2150 fetus,
1350 2113 1400 2152 qui
1414 2122 1449 2143 ex
1465 2113 1615 2152 gigantum
1629 2123 1735 2144 cruore
1756 2114 1877 2153 prodie-

182 2163 224 2192 Διὶ
238 2162 352 2202 βροντὴν
381 2161 426 2189 καὶ
446 2161 497 2195 τὴν
521 2160 671 2200 ἀστραπὴν,
695 2161 739 2189 καὶ
764 2161 825 2193 τοὺς
840 2160 980 2199 κεραυνούς
999 2169 1007 2177 ·

1057 2158 1288 2196 runt,mortifera
1297 2159 1359 2189 haec
1366 2157 1528 2189 animantia
1535 2158 1879 2200 exstiterunt,velutquae

180 2208 279 2242 νήσους
307 2206 335 2236 δὲ
366 2207 411 2236 καὶ
434 2205 501 2245 βέλη
530 2206 574 2234 καὶ
603 2206 701 2245 τάφους
737 2204 808 2245 λέγει
848 2205 1008 2245 ἔπαφιῖσθαι

179 2259 241 2288 τοῖς
276 2252 369 2292 Γίγασι
401 2252 472 2292 παρὰ
511 2252 566 2279 τῶν
593 2252 672 2282 θεῶν.
708 2254 795 2280 Ταῦτα
836 2253 880 2280 οὖν
923 2251 1007 2287 μυθο-

181 2296 272 2337 λογιτ,
294 2297 335 2327 Τὰ
355 2296 384 2325 δὲ
411 2296 494 2336 πικρὰ
514 2296 616 2325 τούτων
644 2296 799 2336 γεννήματα
821 2294 906 2336 λέγει,
922 2294 962 2323 ὁτι
978 2295 1009 2325 ἐκ

181 2346 230 2375 τοῦ
246 2342 363 2381 αἵματος
377 2344 432 2370 τῶν
460 2341 596 2382 Γιγάντων
622 2344 706 2372 ταῦτα
719 2341 753 2370 τὰ
768 2341 939 2381 θανατηφόρα
952 2343 1008 2376 ζῶα

181 2388 336 2428 γεγόνασιν,
351 2387 369 2415 ἃ
381 2387 460 2419 αὐτὸς
475 2388 691 2427 καταριθμεῖται,
709 2386 770 2416 οἷον
797 2386 846 2421 τὴν
863 2386 1007 2426 Χίμαιραν,

180 2433 227 2463 τὸν
244 2431 389 2473 Κέρϐερον,
403 2432 463 2472 περὶ
477 2433 515 2460 ὧν
529 2431 675 2472 φθάσαντες
699 2431 825 2470 εἴπομεν,
849 2431 885 2460 T6
907 2429 934 2458 δὲ
949 2431 1009 2470 περὶ

181 2478 229 2512 τὰς
242 2478 389 2517 Γοργόνας,
405 2477 526 2509 τοιοῦτόν
541 2487 566 2505 τι
579 2476 613 2511 ἧν
631 2484 638 2492 ’
655 2475 696 2509 δέτι
711 2483 785 2516 τρεῖς
797 2476 866 2510 ἦσαν
881 2481 1008 2515 γυναῖκες

181 2521 282 2564 φοὸιρὰ
295 2522 421 2556 τοσοῦτον
436 2521 548 2563 ἔχουσαι
563 2522 596 2551 τὰ
617 2522 760 2562 πρόσωπα,
777 2521 846 2550 ὥστε
861 2521 923 2553 τοὺς
938 2521 1008 2549 θεω-

182 2568 277 2607 μένους
298 2568 378 2600 αὒτὰς
406 2567 556 2606 παραυτίκα
576 2566 767 2602 ἀποθνήσκειν,
784 2565 895 2605 Λέγεται
911 2564 951 2603 δὲ,
968 2564 1008 2594 ὅτι

181 2614 196 2642 6
218 2614 333 2652 Περσεὺς
355 2613 405 2646 τὴν
429 2612 493 2650 μίαν
508 2612 608 2643 τούτων
630 2611 719 2641 ἀνειλε
734 2609 1007 2652 τῷλογχοδριπάνῳ,

1051 2204 1114 2245 ipse
1125 2207 1291 2241 enumerat,
1311 2202 1430 2243 hydram
1449 2212 1556 2243 nempe
1572 2210 1649 2243 (quae
1664 2203 1877 2244 centicepsille

1050 2257 1174 2289 serpens
1199 2251 1272 2286 erat,
1291 2257 1383 2288 quem
1408 2247 1551 2278 Hercules
1568 2247 1737 2284 interfecit),
1756 2248 1873 2279 chimae-

1049 2302 1126 2331 ram,
1140 2302 1242 2333 quam,
1259 2302 1328 2324 cum
1341 2292 1378 2324 de
1394 2301 1429 2323 ea
1444 2294 1529 2333 prius
1545 2292 1634 2324 verba
1645 2292 1826 2331 faceremus,
1839 2293 1876 2325 ab

1049 2340 1198 2370 anteriore
1214 2342 1297 2379 parte
1313 2338 1442 2379 leonem,
1456 2347 1473 2368 a
1489 2338 1656 2379 posteriore
1667 2338 1881 2377 draconem,ac

1051 2383 1150 2416 medio
1165 2392 1291 2423 corpore
1302 2383 1473 2414 chimaeram
1486 2383 1585 2423 ignem
1594 2383 1730 2414 faucibus
1742 2392 1883 2415 evomen-

1052 2433 1112 2460 tem
1128 2437 1197 2460 esse
1214 2428 1355 2465 diximus,
1371 2437 1388 2458 a
1403 2428 1635 2469 Bellerophonte
1661 2437 1835 2468 oppressam
1850 2433 1881 2459 et

1050 2473 1239 2505 exstinctam.
1257 2473 1523 2510 Consimiliterque
1549 2472 1587 2504 de
1601 2472 1733 2504 Cerbero
1758 2482 1877 2503 sermo-

1050 2528 1118 2550 nem
1130 2517 1301 2555 habuimus,
1315 2517 1457 2548 nimirum
1476 2527 1579 2548 canem
1598 2516 1756 2557 tricipitem
1772 2517 1877 2554 fuisse,

1050 2564 1099 2605 qui
1116 2563 1278 2595 inferorum
1298 2569 1397 2603 portas
1409 2562 1512 2592 sedulo
1529 2561 1742 2599 custodiret,ac
1751 2561 1876 2593 descen-

1051 2610 1157 2641 dentes
1171 2608 1293 2649 quidem
1311 2607 1347 2637 ad
1361 2607 1473 2637 inferos
1486 2607 1641 2642 mulceret,
1656 2615 1706 2637 eos
1719 2611 1816 2637 tamen
1825 2606 1879 2646 qui

182 2650 348 2690 ascendere
367 2656 565 2694 conabantur,
581 2655 721 2688 dentibus
747 2658 863 2696 peteret
876 2650 913 2689 ac
929 2654 1088 2690 devoraret
1105 2664 1113 2686 :
1128 2662 1219 2693 quem
1234 2651 1379 2683 Hercules
1401 2651 1600 2686 obtruncavit.
1617 2650 1701 2687 Quod
1723 2655 1823 2696 autem
1841 2650 1877 2682 ad

181 2702 337 2744 Gorgones
346 2702 463 2738 attinet,
476 2706 537 2733 tres
548 2704 634 2733 erant
650 2695 789 2732 mulieres
800 2699 876 2731 adeo
889 2700 1057 2733 truculento
1080 2696 1323 2744 atquehorribili
1333 2701 1467 2744 aspectu,
1484 2700 1518 2727 ut
1529 2695 1666 2736 quisquis
1682 2704 1732 2726 eas
1747 2695 1879 2727 intueba-

182 2741 360 2791 tur,'stalim
375 2751 561 2784 moreretur:
580 2754 668 2787 quam
678 2755 768 2777 unam
781 2746 886 2778 lancea
898 2753 951 2777 sua
964 2746 1093 2779 Perseus
1109 2742 1274 2776 trucidasse
1290 2741 1412 2773 dicitur.

234 2830 264 2868 1)
280 2829 326 2861 Id.
342 2828 479 2863 τερατώδη
496 2828 540 2857 καὶ
555 2828 648 2868 μᾶχας
662 2831 716 2856 τῶν
730 2829 797 2856 θεῶν
812 2826 958 2867 διηγεῖται,

234 2831 248 2862 1
280 2830 326 2861 Id.
342 2830 468 2862 τερατώδη

219 2830 268 2911 i2;
283 2869 329 2902 Id.
341 2869 413 2903 “id.
429 2869 468 2902 δέ.

1105 2826 1136 2863 3)
1152 2824 1184 2856 Id
1190 2849 1197 2857 ,
1214 2823 1391 2863 Ἀστερόπτ,ν.

1105 2826 1123 2857 3
1152 2826 1197 2857 Id.
1214 2826 1391 2863 Ἀστερόπτ,ν.

1091 2826 1138 2908 ξιξ
1156 2865 1224 2896 Hec
1236 2863 1361 2895 Nonnus
1374 2864 1440 2905 ipse
1455 2862 1551 2901 ﬁngit.
