4166 6380
506 313 654 381 1027

1025 548 1158 591 cum
1192 548 1304 590 sua
1340 531 1609 591 cithara.

538 620 817 699 Orpheus
848 622 1108 682 musicus
1144 627 1368 678 tantum
1406 619 1688 679 suavitate
1720 625 1927 679 cantus
1957 617 2157 691 valuit,

1911 312 2230 377 NONNUS
2274 316 2512 380 ABBAS

493 451 593 511 77.
632 450 717 514 De
747 469 816 512 eo
859 451 1020 530 quod
1072 452 1159 511 ait
1193 449 1549 529 Gregorius,
1582 450 1860 529 Orpheus
1893 455 2167 511 transeat
2185 475 2228 520 Α

3757 319 3778 381 l
3791 316 3911 382 028

2612 492 2713 563 οζ’.
2755 492 2879 570 Περὶ
2907 491 3143 571 ὐρφὸως
3171 494 3259 549 καὶ
3289 493 3532 572 κιθάρας,

2328 619 2544 701 Ὀρφεῦς
2579 620 2767 699 γέγονε
2802 623 3077 695 μουσικὸς,
3115 620 3252 699 Θραξ
3310 623 3371 681 τὸ
3401 622 3552 701 γένος
3590 641 3605 657 ·
3642 627 3702 692 ὃς
3735 626 3901 704 λέγι-

493 718 555 772 ut
586 729 679 782 eo,
716 710 803 771 vel
831 710 1021 789 magia
1056 708 1252 787 potius
1284 727 1389 769 sua
1420 724 1677 788 quercus
1701 708 2121 784 animantesqu

2243 735 2329 769 ται
2362 712 2502 769 οὓτω
2532 712 2812 790 προσηνῶς
2861 712 2947 768 καὶ
3008 710 3254 787 ὶκμελῶς
3286 712 3371 791 (1)
3408 718 3557 791 ᾆσαι,
3580 716 3657 781 ὣς
3689 716 3901 774 inm-

490 800 737 862 rationis
769 810 1045 878 expertes
1070 808 1243 877 atque
1276 798 1424 857 adeo
1462 817 1599 858 saxa
1654 806 1711 857 et
1743 797 1949 858 ﬂuvios
1981 797 2053 857 ad
2092 817 2154 858 se

494 891 885 971 pertraheret.
921 888 1111 969 Hujus
1145 897 1422 967 poemata
1453 888 1982 967 circumferuntur,
2019 907 2151 965 qua)

491 1000 595 1060 pro
630 978 930 1056 theologia
958 979 1224 1057 gentiles
1258 977 1502 1041 habent.
1540 980 1603 1041 In
1638 978 1731 1039 his
1762 978 2011 1040 deorum
2046 996 2148 1039 or-

485 1068 1004 1149 dinesseriemqnu
1020 1088 1087 1129 ac
1110 1069 1535 1130 nonnullorum
1562 1068 1823 1129 facinora
1850 1068 2145 1147 quaedam,

488 1177 735 1240 quaeque
784 1159 1179 1238 quorumdam
1238 1157 1613 1218 caeremonize
1662 1166 1838 1237 atque
1876 1159 2145 1219 initiandi

485 1250 725 1325 ritus,et
755 1247 857 1328 qui
886 1266 1084 1309 rerum
1114 1247 1451 1323 aliquarum
1487 1258 1765 1327 parentes
1801 1248 2144 1309 effectores-

487 1357 602 1419 que
634 1338 753 1397 sint
785 1346 1082 1399 recenset.
1139 1337 1331 1416 Hujus
1382 1336 1562 1416 igitur
1590 1335 1808 1417 Orphei
1862 1337 2147 1397 nonnulla

485 1428 759 1509 producit
790 1426 1113 1507 Gregorius
1165 1448 1294 1507 qua:
1348 1427 1421 1488 de
1456 1430 1592 1490 Jove
1644 1435 1700 1488 ct
1734 1430 1952 1489 Cerere
1989 1428 2145 1489 dicta

482 1530 639 1580 sunt.
679 1517 885 1579 Priora
904 1517 1065 1579 enim
1090 1517 1166 1578 de
1189 1519 1341 1578 Jove
1365 1517 1528 1593 dicit,
1561 1519 1890 1599 posteriora
1922 1519 1996 1578 de
2030 1520 2143 1581 Ce-

481 1627 639 1670 rere.
676 1612 764 1670 Ac
794 1625 1004 1668 sensus
1040 1606 1281 1687 quidem
1336 1606 1552 1668 horum
1603 1624 1884 1669 versuum
1922 1609 2020 1687 qui
2072 1610 2141 1669 ad

479 1697 684 1761 Jovem
718 1706 1007 1777 spectant,
1042 1706 1134 1756 est
1166 1696 1300 1756 talis
1329 1715 1344 1756 :
1379 1699 1424 1760 Ο
1456 1697 1689 1777 Jupiter
1706 1698 2139 1774 gloriose,deo-

482 1806 616 1849 rum
651 1788 914 1848 omnium
962 1786 1245 1865 maxime,
1277 1786 1375 1865 qui
1411 1788 1547 1847 timo
1605 1788 1769 1847 omni
1820 1788 2143 1848 contineris

484 1886 602 1938 tam
636 1876 859 1948 ovium,
892 1894 1069 1953 quam
1110 1893 1424 1954 equorum,
1460 1894 1759 1957 quamque
1818 1878 2135 1939 tnulorum.

485 1965 613 2039 Quo
636 1964 911 2025 videlicet
930 1965 1197 2026 carmine
1221 1963 1495 2044 Orpheus
1518 1963 1729 2027 Jovem
1747 1984 1935 2042 usque
1958 1966 2134 2026 etiam

479 2056 550 2117 ad
616 2055 912 2135 pecudum
974 2073 1042 2115 ac
1096 2055 1512 2133 jumentorum
1569 2066 1796 2114 stercus
1848 2056 2134 2115 vivificam

479 2165 648 2209 suam
666 2146 1001 2207 facultatem
1026 2145 1305 2206 emittere
1325 2144 2024 2223 signiﬁcabat.Carminis
2040 2165 2137 2207 au-

477 2245 592 2297 tem
624 2237 697 2296 de
729 2238 952 2297 Cerere
984 2235 1079 2297 hic
1110 2242 1198 2295 est
1231 2252 1440 2295 sensus
1474 2255 1486 2297 :
1523 2233 1702 2295 Deam
1736 2234 1969 2296 Sublato
1994 2255 2133 2297 cor-

477 2344 622 2407 pore
655 2327 880 2385 femora
908 2344 1014 2387 sua
1043 2325 1345 2385 detexisse
1369 2332 1428 2384 ut
1450 2326 1690 2384 amasiis
1717 2326 1838 2384 suis
1860 2326 2132 2406 corporis

473 2416 566 2476 sui
598 2416 828 2495 copiam
862 2414 1339 2487 faceret.Quibus
1375 2413 1571 2475 verbis
1590 2412 1864 2493 Orpheus
1897 2415 2133 2478 Cereris

476 2507 588 2566 vim
624 2524 689 2567 ac
710 2505 1044 2567 facultatem
1074 2506 1143 2565 iis
1167 2524 1200 2565 a
1228 2504 1443 2583 quibus
1477 2504 1868 2583 exitetiturﬁn
1896 2524 2125 2584 promp-

474 2609 534 2655 tu
571 2615 708 2656 esse
737 2594 1202 2671 innuiteamque
1226 2599 1488 2673 paratam
1530 2594 1601 2654 ad
1638 2612 1769 2655 sese
1804 2594 1949 2673 ipsis
1980 2595 2133 2655 dan-

472 2686 634 2765 dam,
671 2704 893 2765 eosque
944 2684 1293 2765 explendos.
1358 2687 1537 2747 Divus
1591 2693 1764 2763 atque
1811 2686 2131 2761 Gregorius

470 2775 582 2836 hoc
614 2778 767 2837 velut
786 2775 1008 2836 ftedum
1032 2783 1207 2854 atque
1236 2774 1934 2855 obscenum,atqueillud
1953 2774 2128 2834 etiam

470 2863 630 2927 Jovis
663 2875 724 2926 ut
754 2866 1056 2946 impurum
1092 2864 1372 2942 traducit,
1410 2864 1743 2945 meritoque
1778 2864 2036 2942 sugillat.

2240 801 2450 862 λουθεῒν
2479 807 2549 879 τῇ
2568 801 2682 877 ᾠδῇ
2711 803 2894 876 αὖτοῦ,
2928 800 3133 878 μᾶλλον
3164 800 3219 858 δὶ
3252 808 3322 880 τῇ
3373 804 3593 885 μαγείᾳ,
3628 807 3725 873 τὰς
3757 804 3898 887 δρῦς,

2237 893 2322 949 καὶ
2381 897 2489 948 τῶν
2548 892 2698 962 ζώων
2741 892 2807 948 τὰ
2853 889 3049 971 ἄλογα,
3093 892 3184 948 καὶ
3234 892 3357 956 τοὺς
3400 892 3593 970 λίθους,
3644 897 3737 952 καὶ
3775 896 3900 961 τοὺς

2235 981 2534 1057 ποταμούς.
2593 978 2789 1039 Τούτου
2845 978 2898 1037 δὲ
2956 980 3202 1060 φέρονται
3262 983 3562 1059 ποιήματα,
3608 984 3765 1043 ἅτινα
3820 988 3898 1051 ὣς

2234 1071 2509 1151 θεολογίας
2546 1070 2761 1151 ἔγ-ουσιν
2789 1069 3094 1137 ”Ελλτ,νες.
3141 1070 3236 1130 Ἐν
3266 1070 3319 1129 δὲ
3351 1073 3557 1137 τούτοις
3583 1091 3702 1139 τοῖς
3734 1078 3867 1147 ποιή

2232 1186 2397 1238 μασι,
2433 1161 2516 1217 διὰ
2549 1164 2782 1237 μυθικῶν
2840 1158 3123 1237 συμϐόλων
3163 1158 3258 1242 (2)
3294 1160 3438 1241 λέγει
3494 1164 3589 1227 τὰς
3621 1170 3727 1221 τῶν
3756 1168 3895 1222 θεῶν

2231 1251 2403 1316 τέξεις
2455 1253 2542 1307 καὶ
2619 1250 2822 1329 σειρὰς,
2889 1251 2977 1307 καὶ
3034 1250 3190 1307 τίνων
3264 1252 3383 1308 τινὰ
3433 1251 3582 1331 {911,
3631 1254 3719 1311 καὶ
3756 1268 3893 1312 ποτα

2230 1342 2385 1397 τίνων
2428 1340 2760 1415 τελέσματα,
2812 1341 2901 1397 καὶ
2961 1339 3097 1405 τινες
3145 1340 3300 1397 τίνων
3356 1339 3692 1422 δημιουργοί.
3760 1345 3891 1403 Του-

2230 1452 2323 1487 του
2366 1431 2538 1488 τοίνυν
2622 1438 2713 1487 τοῦ
2787 1429 3025 1510 Ὀρφέως
3090 1430 3205 1488 ἓνια
3264 1432 3369 1500 ἔπη
3446 1434 3797 1511 παρατίθησιν
3861 1437 3890 1491 6

2229 1524 2378 1586 θεῖος
2430 1521 2744 1601 Γρηγόριος,
2796 1519 2826 1575 ἄ
2885 1521 2983 1577 εἱσι
3015 1523 3135 1601 περὶ
3186 1528 3281 1578 τοῦ
3336 1523 3458 1586 Διὸς
3491 1522 3773 1604 εἰρημένα,
3802 1532 3895 1586 καὶ

2228 1616 2329 1678 τῆς
2387 1613 2703 1689 Δήμητρος.
2757 1611 2835 1669 Τᾶ
2896 1610 2994 1686 μὲν
3047 1612 3147 1690 γὰρ
3202 1618 3390 1691 πρῶτα
3442 1614 3561 1693 περὶ
3610 1621 3703 1671 τοῦ
3767 1616 3893 1679 Διὸς

2228 1698 2397 1777 λέγει,
2431 1702 2497 1757 τὰ
2527 1698 2583 1756 δὲ
2639 1699 2832 1778 ὕστερα
2886 1702 3007 1781 περὶ
3049 1701 3142 1769 τῆς
3191 1702 3502 1780 Δήμητρος.
3564 1705 3660 1762 Καὶ
3691 1706 3721 1760 6
3763 1711 3891 1770 νοῦς

2228 1792 2327 1865 μὲν
2355 1795 2464 1847 τῶν
2495 1792 2612 1871 περὶ
2665 1797 2760 1847 τοῦ
2810 1791 2931 1853 Διὸς
2976 1790 3141 1872 ἐπῶν,
3198 1799 3348 1854 οὗτος
3380 1792 3547 1849 ἐστιν’
3580 1792 3660 1849 ὅτι
3690 1782 3757 1849 Ὠ
3789 1794 3889 1851 Ζεῦ

2225 1877 2396 1943 ἔνδοξε
2460 1880 2548 1935 καὶ
2607 1880 2828 1956 μέγιστε
2877 1885 2983 1936 τῶν
3044 1881 3259 1937 πάντων
3314 1884 3470 1955 θεῶν,
3524 1885 3883 1962 περιεχόμενε

2222 1971 2291 2045 τῇ
2338 1969 2523 2048 κόπρῳ
2552 1969 2731 2048 πάσῃ,
2765 1967 2865 2035 ὅση
2897 1990 2952 2024 τε
2984 1967 3289 2048 προϐάτων,
3345 1968 3446 2037 ὅση
3487 1992 3545 2028 τε
3574 1971 3763 2028 ἵππων
3795 1974 3887 2032 καὶ

2222 2058 2485 2133 ἡμιόνων,
2551 2058 2749 2125 Μελείη
2795 2056 2849 2114 δὲ
2904 2058 3101 2138 κόπρος
3152 2062 3292 2117 εστὶν
3350 2061 3385 2128 ἡ
3419 2060 3524 2117 τῶν
3555 2059 3835 2139 προϐάτων
3866 2084 3881 2099 ·

2222 2149 2371 2225 μῆλα
2399 2149 2498 2226 γὰρ
2550 2150 2616 2204 τὰ
2671 2145 2938 2227 πρόϐατα.
3002 2149 3099 2206 Διὰ
3151 2147 3303 2206 τοῦδε
3353 2156 3445 2206 τοῦ
3474 2148 3633 2212 ἔπους
3667 2148 3821 2218 δῆθεν
3856 2155 3887 2209 ὁ

2221 2234 2440 2317 Ὀρφεὺς
2476 2237 2767 2311 ἐσήμανεν,
2804 2236 2884 2293 ὅτι
2947 2238 2974 2291 6
3032 2238 3158 2299 Ζεὸς
3219 2235 3347 2317 ἄχρι
3378 2239 3466 2295 καὶ
3499 2243 3598 2305 τῆς
3662 2241 3890 2307 κτηνώ-

2217 2326 2336 2391 δους
2387 2326 2521 2394 ὕλης
2580 2327 2843 2401 ἐκπέμπει
2882 2328 2979 2389 τὰς
3034 2326 3224 2384 ἑαυτοῦ
3266 2329 3560 2404 ζωογόνους
3605 2327 3881 2402 δυνάμεις.

2219 2425 2323 2476 Τοῦ
2357 2415 2411 2472 δὲ
2443 2418 2560 2495 περὶ
2590 2422 2690 2483 τῆς
2730 2417 3019 2495 Δήμητρος
3052 2416 3209 2481 ἔπους
3268 2418 3296 2474 6
3341 2425 3459 2481 νοῦς
3493 2418 3635 2474 ἔστιν
3664 2420 3818 2484 οὗτος
3864 2436 3878 2450 ’

2218 2505 2693 2585 ὅτιἘπαιρομὲνη
2748 2508 2782 2574 ἡ
2841 2507 2955 2586 θεὰ,
3018 2508 3139 2570 τοὺς
3197 2506 3387 2575 ἑαυτῆς
3417 2508 3619 2583 μηροὺς
3673 2508 3876 2565 ἀνεσύο

2217 2620 2345 2678 ρατο
2391 2594 2563 2675 (λέγει
2614 2592 2669 2651 ὁὶ
2727 2596 2845 2671 περὶ
2905 2602 3011 2651 τῶν
3046 2595 3322 2676 ἱματίων),
3378 2595 3493 2675 ἴνα,
3541 2598 3689 2676 φησὶ,
3752 2600 3881 2663 τοὺς

2218 2688 2446 2767 ἐρῶντας
2503 2685 2670 2752 αὐτῆς
2723 2684 2925 2761 ἀξιώσῃ
2964 2689 3064 2753 τῆς
3118 2687 3419 2751 συνουσίας.
3457 2688 3554 2745 Διὰ
3593 2684 3646 2743 δὲ
3669 2689 3877 2744 τούτων

2216 2781 2244 2835 ὁ
2301 2775 2523 2855 Ὀρφεὺς
2585 2776 2892 2852 αἶνὶττεται,
2954 2774 3035 2831 ὅτι
3079 2777 3113 2843 ἡ
3161 2776 3274 2831 θεία
3317 2774 3537 2850 δύναμις
3593 2777 3713 2841 τοῖς
3747 2776 3879 2834 ἐπι-

2215 2868 2469 2941 θυμοῦσιν
2521 2865 2708 2937 αὐτῆς,
2770 2862 2981 2939 ἕτοιμος
3036 2864 3235 2942 γίνεται
3283 2871 3378 2921 τοῦ
3426 2862 3691 2922 ἐπιδοῦναι
3741 2869 3878 2923 ἑαυ-

473 2959 573 3023 τὴν
609 2960 693 3012 καὶ
740 2961 941 3030 μυῆσαι
979 2957 1191 3019 αὐτούς.
1235 2949 1290 3013 Ὀ
1324 2956 1411 3011 οὖν
1455 2960 1600 3018 θεῖος
1632 2956 1936 3033 Γρηγόρως,
1974 2958 2046 3019 ὡς
2080 2960 2166 3014 καὶ
2207 2958 2397 3016 τούτου
2448 2953 2599 3021 ὄντος
2628 2956 2878 3033 αἰσχροῦ,
2909 2957 2996 3010 καὶ
3025 2962 3121 3011 τοῦ
3151 2955 3269 3032 περὶ
3299 2957 3389 3011 τὸν
3426 2956 3520 3011 Δία
3549 2955 3870 3035 ἀκαθάρτου,

472 3044 701 3124 διασύρει
747 3048 833 3101 καὶ
866 3045 1086 3121 διαγελᾷ
1118 3047 1303 3106 αὒτους
1343 3046 1519 3108 ἀξίως,

808 3144 910 3206 78.
952 3143 1035 3205 De
1066 3143 1335 3205 Phanete
1362 3150 1419 3203 et
1456 3143 1796 3223 Ericapwo.

552 3235 614 3293 In
631 3232 909 3309 Orphicis
939 3234 1224 3311 poematis
1248 3234 1373 3293 haec
1401 3233 1516 3292 duo
1552 3231 2124 3295 nominasimulcum

468 3324 601 3383 aliis
636 3322 836 3382 multis
867 3322 1254 3383 inducuntur.
1301 3321 1380 3382 Ex
1433 3321 1647 3401 quibus
1682 3323 2004 3384 Phanetem
2040 3325 2126 3383 in-

468 3410 629 3473 ducit
664 3429 875 3491 penem
901 3423 1062 3472 retro
1094 3410 1253 3471 circa
1274 3420 1442 3471 nates
1473 3411 1813 3472 habentem:
1844 3412 2127 3492 aiuntque

468 3520 609 3564 eum
647 3501 895 3561 \lVlﬁCEB
916 3500 1212 3562 facultatis
1244 3499 1557 3579 prtesidem
1591 3511 1768 3580 atque
1800 3501 2122 3564 antistitem

465 3609 622 3655 esse.
657 3591 963 3653 Consimili
1000 3589 1173 3650 modo
1209 3592 1574 3671 Ericapmum
1622 3592 1726 3652 alii
1757 3591 2011 3671 cuipiam
2036 3594 2124 3654 fa-

464 3682 665 3743 cultati
702 3698 958 3762 prmesse
992 3689 1253 3741 narrant.
1310 3679 1475 3753 Quod
1509 3696 1707 3741 autem
1766 3683 1838 3743 de
1890 3700 1987 3755 eo,
2026 3685 2125 3763 qui

464 3771 611 3832 deos
643 3790 853 3831 omnes
882 3770 1222 3845 devorabat,
1279 3770 1564 3851 loquitur,
1601 3790 1714 3831 non
1745 3770 2120 3850 Ericapzeum

466 3860 764 3939 intelligit,
788 3860 891 3921 sed
924 3864 1266 3923 Saturnum.
1293 3860 1403 3923 llic
1427 3861 1587 3921 enim
1623 3860 1775 3922 tilios
1804 3860 1953 3922 duos
1976 3881 2125 3943 quos

461 3955 829 4029 procrearet,
884 3950 1223 4024 devorasse,
1276 3969 1343 4012 ac
1405 3952 1721 4013 devoratis
1778 3952 2123 4014 evomuisse

459 4041 702 4105 dicitur.
763 4040 907 4101 Nam
969 4060 1103 4101 cum
1162 4044 1321 4103 Jovis
1354 4042 1483 4103 loco
1515 4060 1718 4103 saxum
1754 4042 2119 4119 devorasset,

458 4131 807 4193 subsidente
827 4150 968 4193 saxo
995 4139 1238 4193 cunctos
1261 4131 1545 4194 evomuit.

1020 4228 1119 4288 79.
1162 4227 1251 4289 De
1281 4227 1581 4290 Homero.

537 4320 834 4383 Homerus
866 4320 924 4381 in
953 4322 1074 4382 suis
1113 4322 1402 4401 poematis
1435 4339 1671 4383 sursum
1708 4321 2117 4404 deorsumque

2503 3132 2611 3203 οη’,
2650 3134 2778 3215 Περί
2810 3135 3059 3201 Φάνητος
3092 3136 3178 3191 καὶ
3210 3134 3580 3215 Ἠρικαπαίου,

2296 3239 2387 3297 Ἐν
2449 3250 2567 3303 τοῖς
2632 3239 2907 3318 Ὀρφικοῖς
2967 3240 3265 3315 ποιήμασιν
3304 3238 3592 3319 εἰσηνέχθη
3651 3242 3716 3297 τὰ
3776 3241 3867 3299 δύο

2211 3337 2377 3386 ταῦτα
2408 3330 2645 3403 ὁνοματα
2676 3330 2812 3403 μετὰ
2845 3329 2935 3384 καὶ
2965 3326 3144 3384 ἄλλων
3178 3327 3392 3387 πολλῶν
3427 3348 3443 3365 ⁸
3473 3332 3569 3401 ὧν,
3620 3332 3712 3387 τὸν
3746 3335 3874 3389 Φά-

2212 3441 2349 3485 νητα
2382 3418 2610 3497 εἶσιρέρει
2639 3417 2841 3475 αἰδοῖον
2874 3416 3074 3498 ἔχοντα
3124 3419 3295 3476 ὀπίσω
3342 3419 3460 3499 περὶ
3514 3420 3610 3488 τὴν
3666 3424 3864 3499 πυγήν.

2210 3509 2437 3587 Λέγουσι
2492 3506 2546 3563 δὲ
2602 3510 2759 3567 αὐτὸν
2814 3506 2999 3588 ἔφορον
3045 3509 3189 3565 εἶναι
3239 3514 3338 3576 τῆς
3399 3510 3663 3588 ζωογόνου
3713 3508 3868 3569 δυνά-

2211 3620 2357 3675 μεως
2395 3616 2409 3632 ·
2445 3600 2643 3673 ὁμοίως
2676 3596 2730 3655 δὲ
2780 3600 2871 3655 καὶ
2914 3600 3003 3655 νὺν
3063 3598 3424 3677 Ἠρικαπαῒον
3451 3598 3693 3679 λέγωσιν
3740 3602 3863 3659 ἐτέ-

2210 3710 2303 3769 ρας
2336 3688 2522 3768 ἕφορον
2579 3688 2723 3747 εἶναι
2775 3686 3068 3765 δυνάμεως.
3129 3692 3253 3769 Περὶ
3309 3688 3363 3746 δὲ
3403 3699 3521 3766 τοῦ,
3555 3691 3616 3750 ³0
3661 3693 3859 3757 πάντας

2208 3778 2514 3837 καταπίνων
2571 3779 2743 3854 θεοὺς,
2820 3778 2881 3835 οὔ
2939 3777 3083 3857 λέγει
3157 3788 3276 3859 περί
3334 3786 3428 3836 τοῦ
3488 3781 3863 3858 Ἠρικαπαίου,

2211 3868 2351 3925 ἀλλὰ
2394 3868 2516 3947 περὶ
2545 3875 2639 3925 τοῦ
2671 3866 2894 3947 Κρόνου.
2932 3868 3156 3948 Λέγεται
3217 3870 3318 3949 γὰρ
3360 3870 3536 3941 οὗτος,
3570 3872 3657 3936 οὖς
3688 3870 3867 3929 ἔτεκεν

2206 3960 2373 4039 υἱοὺς,
2428 3957 2589 4015 πάλιν
2647 3973 2959 4034 καταπιεῖν,
3014 3960 3102 4016 καὶ
3132 3958 3319 4035 ἐμέσαι
3365 3961 3453 4027 οὓς
3483 3958 3587 4028 ἤδη
3618 3960 3867 4028 κατέπιε,

2207 4050 2431 4128 Λέγεται
2462 4046 2605 4105 λίθον
2635 4062 2925 4107 καταπιεῖν
2970 4048 3093 4107 ἀντὶ
3142 4059 3237 4109 τοῦ
3292 4051 3443 4123 Διὸς,
3489 4051 3575 4108 καὶ
3631 4058 3724 4109 τοῦ
3776 4050 3866 4109 λί-

2203 4142 2297 4200 θου
2324 4137 2673 4203 κατελθόντος
2705 4136 2890 4212 ἐμέσαι
2923 4144 3151 4204 πάντας.

2728 4228 2828 4292 οθ’,
2862 4231 2986 4308 Περὶ
3020 4228 3282 4306 Ὀμήρου.

2286 4320 2386 4378 Καὶ
2436 4321 2471 4387 ἡ
2532 4318 2652 4398 περὶ
2703 4325 2887 4376 τοῦτον
2959 4316 3392 4397 πολυθρύλλητος
3486 4325 3709 4402 ἱστορία.
3767 4323 3860 4383 Ἐν

458 4408 776 4472 Saturnum
793 4419 850 4471 et
874 4412 1073 4472 Jovem
1097 4412 1364 4473 fabulose
1386 4412 1594 4491 jactat,
1615 4414 1909 4473 Junonem
1939 4414 2112 4474 etiam

2221 4412 2299 4490 τὰρ
2343 4422 2463 4474 τοῖς
2496 4410 2792 4484 ποιήμασιν
2825 4410 2985 4467 αὐτοῦ
3014 4406 3124 4464 ἄνω
3175 4430 3232 4465 τε
3291 4412 3379 4467 καὶ
3427 4416 3598 4486 κάτω,
3660 4412 3855 4491 Κρόνον

459 4505 837 4564 etV’enerem
862 4509 921 4559 et
944 4502 1237 4560 Palladem
1264 4519 1332 4560 ac
1358 4488 1574 4561 multos
1605 4502 1754 4561 alios
1784 4502 2113 4582 deos,quos

2221 4488 2397 4557 τενκαὶ
2455 4499 2550 4555 Δία
2606 4497 2921 4579 μυθολογετ,
2984 4499 3073 4555 καὶ
3132 4497 3318 4577 ’Ἦραν
3370 4502 3460 4557 καὶ
3520 4488 3855 4581 Ἀφροδίτην,

456 4606 526 4649 ex
562 4590 726 4669 poesi
757 4589 1023 4665 cognitos
1057 4592 1367 4651 habemus.
1396 4589 1700 4650 Comicum
1735 4600 1930 4651 autem
1976 4612 2111 4653 eum

455 4689 625 4741 Vocat
659 4677 1004 4758 Gregorius,
1040 4679 1199 4758 quod
1236 4678 1521 4739 nonnulla
1554 4680 1779 4741 comice
1811 4699 1879 4742 ac
1904 4682 2116 4761 jocose

454 4767 527 4830 de
558 4768 674 4829 diis
706 4767 1043 4849 protulerit,
1077 4777 1139 4829 ut
1173 4769 1329 4849 quod
1361 4769 1513 4830 Juno
1542 4770 1804 4845 eleganti
1833 4781 1993 4833 veste
2017 4772 2113 4833 in-

452 4857 593 4919 duta
653 4856 1010 4937 egregieque
1063 4867 1271 4919 ornata
1300 4857 1372 4919 ad
1430 4860 1633 4919 Jovem
1668 4877 1731 4919 se
1765 4861 2108 4943 contulerit,

453 4965 713 5028 eumque
763 4962 823 5007 ut
882 4947 1278 5029 voluptarium
1339 4947 1641 5022 fefellerit,
1697 4968 1764 5011 ac
1815 4969 1948 5011 cum
1985 4953 2114 5030 ipso

451 5037 787 5100 dormierit.
826 5038 954 5111 Quo
1010 5038 1154 5119 quid
1213 5038 1398 5119 magis
1430 5039 1752 5099 ridiculum
1794 5041 2116 5117 excogitari

451 5129 983 5207 possit‘t'l‘ragicum
1011 5147 1151 5189 vero
1170 5131 1449 5192 eumdem
1466 5130 1919 5209 nominat,quod
1945 5149 2113 5211 quaa-

452 5216 592 5281 dam
627 5220 817 5279 tristia
865 5229 925 5280 et
954 5219 1222 5281 luctuosa
1275 5219 1351 5280 de
1394 5218 1512 5281 diis
1562 5232 1943 5282 commentus
1985 5220 2111 5285 sit:

2200 4590 2429 4657 Ἀθηνᾶν
2463 4610 2517 4645 τε
2576 4589 2663 4645 ἐπὶ
2715 4594 2846 4645 πᾶσι
2878 4590 3078 4655 τούτοις
3113 4605 3129 4621 °
3175 4590 3264 4646 καὶ
3293 4588 3477 4654 ἁπλῶς
3509 4592 3596 4655 οὓς
3637 4590 3699 4649 ὲκ
3750 4598 3852 4661 τῆς

2196 4682 2471 4751 ποιήσεως
2528 4678 2713 4755 ἴσμεν.
2781 4676 3181 4755 Κωμῳδοτωών
3228 4676 3283 4736 δὲ
3313 4682 3404 4737 τὸν
3439 4677 3695 4761 ’Ὅμηρον
3723 4680 3854 4739 ἐκά-

2196 4771 2373 4845 λεσεν,
2420 4770 2493 4831 ὡς
2527 4769 2641 4825 ἐνια
2681 4767 3098 4844 ἀποσκώμματα
3155 4770 3231 4835 εἱς
3265 4770 3417 4836 θεοὺς
3456 4772 3705 4849 εἰρηκότα
3736 4770 3852 4852 (3).

2198 4857 2615 4942 Τραγῳδοποιὸν
2668 4856 2746 4934 δὲ,
2807 4859 2889 4916 ὅτι
2947 4857 3060 4915 ἔνια
3110 4862 3341 4936 πὲνθιμα
3392 4862 3510 4941 περὶ
3559 4866 3664 4919 τῶν
3721 4863 3856 4919 θεῶν

2197 4950 2487 5029 μυθολογεϊ
2521 4967 2536 4983 ⁸
2569 4948 2717 5026 οἷον,
2768 4948 2850 5006 ὄτι
2875 4950 2969 5006 τὸν
3000 4945 3320 5029 ’Ἥφαιστον
3349 4953 3770 5033 κατεκρήμνισεν
3800 4950 3855 5008 ἂν

2195 5044 2400 5117 Λήμνῳ
2431 5042 2459 5095 6
2504 5036 2625 5102 Ζεύς
2656 5061 2671 5077 ο
2713 5040 2803 5095 καὶ
2846 5037 2927 5096 ὅτι
2972 5037 3175 5118 ἐτρώθη
3218 5042 3255 5109 ἡ
3316 5037 3598 5120 Ἀφροδίτη
3626 5041 3729 5098 ὑπὸ
3758 5049 3854 5099 τοῦ

2201 5128 2527 5209 Διομήδους.
2560 5138 2738 5189 Ταῦτα
2766 5126 2824 5185 δὶ
2867 5125 3025 5195 δηθεν
3046 5125 3286 5208 δακρύων
3315 5128 3453 5195 ἄξια.
3489 5132 3566 5207 Τῇ
3596 5131 3694 5205 μὶν
3747 5132 3852 5211 γὰρ

2194 5219 2458 5301 τραγῳδίᾳ
2488 5218 2674 5275 ἕπεται
2714 5219 2782 5275 τὰ
2810 5217 3007 5298 δάκρυα
3042 5234 3057 5249 ⁸
3105 5224 3176 5295 τῇ
3203 5216 3261 5274 δὲ
3289 5216 3564 5296 κωμῳδίᾳ,
3591 5223 3621 5277 6
3646 5218 3844 5299 γὶλως.

452 5310 613 5371 velut
645 5308 807 5388 quod
827 5309 1062 5391 Jupiter
1086 5307 1421 5373 Vulcanum
1453 5310 1514 5372 in
1540 5310 1830 5373 Lemnum
1857 5310 2227 5391 praecipitem
2258 5306 2592 5391 dejecerit:
2627 5307 2785 5389 quod
2817 5304 3021 5371 Venus
3051 5326 3087 5370 a
3114 5307 3406 5373 Diomede
3432 5308 3644 5371 vulnus
3670 5325 3847 5373 acce-

536 5440 629 5521 (1)
656 5439 802 5521 βοά·
835 5441 986 5521 Res-
1019 5440 1292 5519 ἐμμλῶςο

540 5518 628 5597 (2)
661 5518 748 5597 Idi.
780 5518 1076 5580 συλλαϐῶν.

536 5595 618 5684 l3)
681 5596 769 5659 ιδ·
797 5600 965 5684 ,εδδ-ο
1028 5601 1108 5684 (Ἔτι
1172 5605 1207 5671 ἡ
1270 5595 1424 5684 ’Ἦρα
1482 5604 1781 5684 φορεύσασα
1828 5602 1963 5684 (sic)
2021 5608 2109 5663 καὶ

457 5677 881 5752 καλλωπισμάνη
931 5680 1134 5748 ἀπῆλθε
1193 5685 1336 5764 παρὰ
1360 5677 1474 5741 ’τὸν
1497 5677 1509 5683 ’
1532 5677 1650 5765 Δία,
1685 5685 1773 5738 καὶ
1816 5677 2111 5751 ἧσπὰτισεν

2190 5447 2260 5525 (f.
2309 5443 2621 5523 ἠπάτησεν)
2667 5443 2825 5525 αὐτὸν
2872 5444 2948 5525 ὥς
3004 5440 3218 5515 ηδύόιον
3266 5444 3355 5500 καὶ
3404 5441 3847 5525 συνεκαθεύδησεν

2192 5523 2359 5603 αὐτῷ.
2394 5529 2495 5587 Καὶ
2525 5525 2576 5582 τί
2615 5524 2804 5584 τοότου
2855 5523 3311 5605 γελοιωέστερον;
3344 5534 3407 5587 οι
3446 5542 3516 5588 ea
3550 5524 3691 5607 legit
3739 5525 3841 5588 in-

2193 5614 2450 5689 terpres.
