4166 6396
277 348 435 415 1029
1006 350 1106 417 ΑΙ)
1148 353 1207 415 3.
1254 354 1626 417 GREGORII
1668 349 1889 415 ORAT.
1936 352 1964 413 Ῐ
2010 346 2314 416 CONTRA
2358 352 2777 416 JULIANUM.
3510 349 3665 415 1030

274 483 447 566 perit.
476 483 622 558 Quaa
644 484 906 565 profecto
927 484 1092 548 luctu
1121 501 1192 547 ac
1228 482 1507 565 lacrymis
1540 483 1725 562 digna
1753 495 1913 550 sunt.
1946 486 2319 567 Tragoediam
2353 489 2577 569 quippe
2607 490 2877 568 lacrymae
2905 488 3661 569 sequuntur,quemadmo-

272 573 416 637 dum
440 573 601 636 risus
628 573 1011 638 commdiam.

635 662 718 726 π’.
753 666 875 743 Περὶ
902 664 1160 722 Ὠκεανοῦ
1188 667 1278 723 καὶ
1322 666 1549 732 Τηθύος,
1946 676 1989 724 Α

354 755 455 812 Καὶ
506 761 692 811 τοῦτον
750 752 806 809 δὲ
864 756 956 813 τὸν
1004 758 1167 830 μῦθον
1218 754 1542 833 εἰσφέρουσιν
1602 757 1649 813 οἱ
1679 758 1924 829 ποιηταὶ,

267 842 351 900 ὅτι
407 844 437 899 ὃ
501 840 761 909 Ὠκεανός
806 845 987 923 πατήρ
1016 844 1127 901 ἔστι
1179 845 1394 901 πάντων
1453 850 1559 901 τῶν
1618 849 1775 919 θεῶν,
1808 848 1843 913 ἡ
1874 844 1929 901 δὲ

267 933 440 999 Τηθὺς
483 934 691 1012 μήτηρ.
729 929 1073 1011 Ἀνδρόγυνον
1105 932 1161 990 δὲ
1192 936 1221 990 ὁ
1284 931 1543 997 Ὠκεανὸς
1585 936 1674 991 καὶ
1730 936 1767 1000 ἠ
1822 945 1929 1002 Τη-

2396 668 2495 731 80.
2538 667 2625 730 De
2657 667 2886 729 Oceano
2917 676 2976 729 et
3013 666 3275 729 Thetide.

2093 763 2261 822 Hanc
2284 778 2522 838 quoque
2547 758 2802 819 fabulam
2829 758 3117 818 inducunt
3143 754 3659 835 poetze.0ceanum

2010 848 2543 910 videlicetdeorum
2558 847 2824 908 omnium
2853 856 3075 926 patrem
3095 862 3324 919 esse,ac
3346 843 3661 906 Thetidem

2011 938 2578 1017 matrem,ipsosque
2595 936 3148 1013 hermaphroditum
3171 933 3489 1014 quemdam
3506 952 3661 998 esse.

219 1098 234 1103 _
262 1022 354 1084 θύς
380 1038 396 1054 ·
435 1026 524 1079 καὶ
573 1020 655 1078 ὅτι
699 1022 867 1081 πάλαι
919 1021 1200 1091 διέστησαν
1244 1021 1338 1080 ἀπ’
1397 1021 1649 1092 ἀλλήλων
1680 1041 1693 1056 ·
1742 1021 1827 1079 διὰ
1872 1022 1927 1080 δὲ

264 1108 629 1183 δυσωπήσεως
660 1114 761 1178 τῆς
809 1110 992 1190 ’Ἤρας
1046 1113 1247 1191 γίνεται
1291 1112 1453 1169 πάλιν
1515 1113 1765 1193 συνάφεια
1825 1116 1925 1174 αὖ·

262 1200 373 1257 τῶν
401 1202 489 1259 καὶ
518 1200 693 1283 φιλία.
742 1199 803 1260 Ὀ
835 1200 889 1258 δὲ
942 1206 1103 1278 μῦθος
1153 1204 1463 1275 αἰνίττεται,
1496 1201 1575 1258 ὅτι
1608 1205 1635 1259 ὁ
1667 1202 1925 1267 Ὠκεανὸς

262 1288 365 1365 μὲν
396 1290 540 1349 ἔστιν
594 1294 629 1360 ἡ
692 1292 826 1370 ὑγρὰ
881 1293 1033 1373 φύσις
1065 1307 1079 1322 ⁸
1112 1294 1148 1361 ἡ
1178 1288 1234 1348 δὲ
1264 1292 1431 1358 Τηθὺς
1466 1297 1500 1359 ὴ
1553 1290 1707 1369 ξηρὰ,
1763 1314 1922 1349 τουτ-

262 1378 434 1460 έστιν,
465 1383 501 1450 ἡ
533 1387 605 1460 γῆ
642 1401 653 1413 ·
720 1381 810 1437 καὶ
867 1380 947 1437 ὅτι
997 1380 1163 1438 πάλαι
1213 1380 1311 1449 τῆς
1366 1382 1527 1459 ὑγρᾶς
1583 1383 1787 1462 φύσεως
1843 1382 1921 1456 μὴ

257 1470 663 1548 συγγινομένης
698 1475 769 1546 τῇ
802 1477 900 1548 γῇ,
962 1470 1107 1530 οὐδὲν
1158 1470 1533 1549 ἰζωογονεττο,
1594 1472 1683 1528 καὶ
1733 1470 1919 1529 ἀπώλ-

256 1557 429 1618 λυντο
454 1560 651 1621 πάντα.
686 1559 825 1619 Εἶτα
876 1562 911 1629 ἡ
974 1558 1154 1640 ’Ἦρα,
1214 1562 1287 1624 ὡς
1322 1560 1504 1640 ἔφορος
1533 1563 1661 1617 οὖσα
1690 1561 1787 1629 τῆς
1819 1584 1918 1619 συ-

253 1648 507 1724 ζεύξεως,
541 1648 897 1707 καταλλοίττει
955 1652 1023 1708 τὰ
1081 1650 1169 1708 δύο
1223 1664 1479 1730 στοιχεῖα
1508 1652 1581 1715 εἰς
1610 1653 1916 1732 συνάφειαν,

250 1742 344 1797 καὶ
372 1740 571 1818 γίνεται
603 1739 790 1797 λοιπὸν
819 1741 1110 1819 ζωογόνος.

684 2022 804 2084 πα’.
839 2024 964 2102 Περὶ
998 2024 1121 2089 Διὸς
1150 2028 1238 2080 καὶ
1268 2020 1478 2102 ”Ηρας.

335 2123 395 2184 ’0
425 2127 550 2192 Ζεὺς
598 2127 879 2207 ὶχαρίζετο
935 2125 1143 2201 μᾶλλον
1194 2140 1314 2187 τοῖς
1374 2128 1572 2206 Τρωσὶ,
1608 2127 1695 2182 καὶ
1747 2126 1916 2188 ἐποίει

245 2217 510 2284 ἡττᾶσθαι
560 2217 686 2278 τοὺς
749 2214 1035 2282 ’Ἕλληνας
1069 2214 1151 2271 διὸ
1184 2218 1283 2283 την
1314 2217 1515 2273 ἱκεσίαν
1548 2221 1645 2283 τῆς
1683 2213 1916 2289 Θέτιδος,

243 2304 427 2363 ἵνεκεν
472 2314 566 2363 τοὺ
608 2304 940 2385 Ἀχιλλέως,
985 2302 1080 2361 ἵνα
1110 2314 1417 2376 ζητησωσιν
1464 2309 1622 2365 αὑτὸν
1666 2308 1713 2361 οἱ
1772 2304 1921 2362 "El--

240 2393 412 2463 ληνες
465 2394 789 2471 ἡττώμενοι.
840 2391 904 2451 Ἠ
950 2391 1103 2473 ’Ἥρα
1136 2394 1404 2473 ἐφρόντιζε
1436 2400 1543 2451 τῶν
1595 2393 1910 2463 ’³Ελλήνων·

242 2484 600 2567 φροντίζουσα
633 2481 712 2563 δὲ,
777 2482 1087 2561 βουλεύεται
1148 2483 1422 2550 ἀπατῆσαι
1480 2485 1570 2538 τὶν
1605 2484 1722 2551 Δία,
1784 2484 1915 2561 πρὸς

240 2570 387 2651 μίξιν
431 2574 587 2630 αὐτὸν
641 2575 728 2631 καὶ
789 2572 954 2631 ὕπνον
1009 2570 1440 2651 ἐκϐακχεύουσα,
1474 2573 1589 2645 ἵνα,
1623 2570 1909 2628 καθεύδον-

238 2686 336 2727 τος
368 2670 462 2719 τοῦ
494 2665 643 2739 Διὸς,
679 2662 973 2733 ἂιόοήθητοι
1025 2664 1071 2718 οἱ
1126 2666 1302 2738 Τρῶες
1348 2662 1627 2739 γενόμενοι
1657 2664 1910 2729 ἡττηθῶ-

241 2775 331 2811 σιν
387 2753 492 2810 ἂπὺ
547 2759 653 2811 τῶν
716 2751 1019 2821 Ἐλλήνων.
1086 2753 1260 2809 Ταῦτα
1318 2758 1405 2807 οὖν
1487 2750 1907 2828 βουλευσαμένη,

240 2840 506 2919 λαμϐάνει
550 2844 616 2898 τὰ
684 2843 912 2919 πορνικὰ
966 2839 1398 2915 καλλωπίσματα
1464 2842 1636 2897 πάντα
1685 2840 1744 2895 ἐκ
1820 2849 1913 2899 τοῦ

241 2940 440 2990 κεστοῦ
503 2938 605 3000 τῆς
692 2929 1035 3011 Ἀφροδίτης.
1114 2928 1176 2989 ’0
1255 2928 1308 2987 δὲ
1365 2932 1551 2995 κεστὸς
1632 2930 1910 3005 μυθεύεται

241 3024 518 3100 κάμψειόν
580 3045 625 3078 τι
683 3022 852 3101 εἶναι,
883 3021 935 3077 ἐν
987 3022 1033 3095 ᾧ
1076 3022 1246 3077 πάντα
1279 3022 1345 3077 τὰ
1392 3022 1521 3097 πρὸς
1572 3018 1767 3082 κάλλος
1824 3020 1910 3074 καὶ

244 3113 541 3193 εὒμορφίαν
614 3112 703 3168 καὶ
747 3113 976 3192 χάριτας
1039 3111 1127 3166 καὶ
1198 3110 1554 3187 λαμπρότητα
1626 3109 1910 3187 προσώπου

238 3202 641 3265 ἰνσπόκεινται,
705 3204 842 3259 Εἶτα
900 3200 1298 3276 κοσμησαμένη
1358 3196 1524 3255 ἄνεισι
1596 3200 1739 3278 παρὰ
1819 3200 1911 3254 τὸν

2010 1026 2393 1088 Aiuntetiam
2448 1025 2762 1087 dissidium
2815 1026 2955 1087 olim
3020 1026 3173 1085 inter
3204 1042 3307 1085 eos
3341 1025 3658 1096 exstitisse,

2009 1128 2284 1179 caeterum
2305 1135 2485 1195 opera
2511 1116 2908 1196 precibusque
2929 1114 3179 1177 Junonis
3210 1114 3423 1175 coiisse
3455 1133 3663 1175 rursus

2005 1207 2161 1269 inter
2191 1225 2293 1268 eos
2324 1207 2644 1267 amicitiam
2677 1216 2851 1285 atque
2873 1204 3414 1274 concordiamQua
3436 1203 3654 1283 fabula,

2004 1297 2303 1377 inquiunt,
2361 1295 2728 1374 signiﬁcatur
2787 1312 2893 1374 per
2952 1292 3253 1355 Oceanum
3285 1312 3519 1373 aquam,
3557 1312 3662 1373 per

2005 1385 2322 1449 Thetidem
2359 1396 2554 1447 autem
2590 1394 2806 1446 terram
2834 1383 3273 1461 intelligendam
3297 1401 3449 1443 esse:
3476 1384 3662 1462 quod-

2006 1496 2126 1554 que
2150 1476 2289 1536 olim
2324 1494 2476 1555 aqua
2510 1475 2659 1536 nihil
2690 1472 3037 1536 commercii
3059 1488 3193 1533 cum
3219 1482 3375 1533 terra
3404 1472 3661 1533 habente

2008 1566 2171 1627 nulla
2211 1583 2307 1626 res
2341 1565 2397 1625 in
2432 1565 2607 1626 vitam
2670 1562 3132 1643 producebatur,
3177 1562 3281 1621 sed
3339 1561 3660 1622 interibant

2006 1654 2231 1717 omnia.
2277 1652 2491 1715 Postea
2522 1664 2719 1714 autem
2750 1651 3048 1715 Junonem
3107 1649 3548 1729 conjunctionis
3603 1663 3662 1711 et

2000 1743 2373 1807 matrimonii
2395 1743 2712 1824 praesidem
2737 1742 2852 1803 duo
2877 1742 3001 1802 haec
3022 1740 3319 1801 elementa
3341 1740 3399 1800 in
3418 1759 3661 1801 concor-

1996 1835 2155 1896 diam
2189 1835 2496 1896 reduxisse
2527 1853 2540 1895 :
2594 1841 2776 1908 atque.
2830 1831 2911 1891 ita
2963 1830 3248 1909 deinceps
3281 1847 3483 1891 rerum
3519 1848 3661 1910 pro-

1994 1924 2358 1987 crea«ionem
2393 1930 2775 1985 consecutam
2802 1920 3009 1982 fuisse.

2270 2024 2368 2086 8t.
2406 2024 2489 2085 De
2510 2022 2843 2100 nubigrega
2876 2020 3023 2083 Jove
3042 2025 3097 2082 et
3125 2022 3387 2082 lunone.

2081 2127 2303 2189 Fabula
2329 2128 2455 2189 haec
2489 2124 2831 2204 hujusmodi
2864 2124 2940 2185 de
2997 2143 3173 2184 causa
3209 2125 3464 2186 conficta
3518 2138 3608 2185 est
3649 2143 3664 2183 :

1999 2218 2233 2297 Jupiter
2259 2218 2316 2278 in
2339 2216 2730 2296 Trojanorum
2755 2225 2977 2292 partem
3010 2217 3195 2294 magis
3223 2212 3662 2292 propendebat,

2004 2317 2182 2389 atque
2210 2308 2284 2368 ob
2316 2306 2583 2369 Thetidis
2636 2304 3119 2384 deprecationem
3153 2304 3213 2363 iu
3246 2303 3494 2364 Achillis
3524 2323 3660 2383 gra-

2002 2400 2139 2459 tiam
2168 2397 2487 2457 inferiores
2517 2394 2753 2457 Graecos
2780 2392 3100 2463 elﬁciebat,
3128 2403 3190 2453 ut
3234 2393 3513 2455 videlicet
3547 2396 3658 2473 ipsi

1999 2487 2071 2549 ab
2102 2486 2373 2545 hostibus
2406 2485 2666 2563 superati
2691 2482 2980 2543 Achillem
3006 2482 3317 2561 requirere
3360 2501 3653 2560 cogeren-

1997 2579 2201 2638 tur.At
2226 2574 2381 2637 Juno
2411 2572 2631 2636 Graecis
2664 2572 2998 2633 consultum
3033 2572 3281 2651 cupiens
3314 2589 3419 2650 per
3467 2591 3649 2634 vene-

1994 2683 2163 2725 reum
2200 2681 2586 2741 congressum
2612 2662 2997 2741 imposturam
3026 2660 3151 2721 Jovi
3184 2663 3380 2722 facere
3404 2663 3649 2722 medita-

1997 2761 2107 2814 tur.
2149 2755 2230 2814 At:
2278 2762 2659 2831 posteaquam
2707 2768 2841 2810 cum
2898 2749 3026 2828 ipso
3082 2748 3479 2829 perbacchata
3532 2762 3644 2824 est,

1995 2859 2271 2903 somnum
2301 2844 2353 2901 ei
2387 2839 2687 2919 conciliat,
2717 2847 2802 2918 ut,
2830 2838 2967 2897 dum
3012 2838 3113 2898 ille
3143 2839 3385 2918 dormit,
3408 2838 3650 2919 Trojani

1996 2932 2159 2993 omni
2182 2930 2401 2991 auxilio
2428 2930 2694 2991 destituti
2714 2948 2746 2989 a
2766 2930 2984 2991 Graecis
3010 2928 3472 2990 vincanturlluc
3496 2950 3640 2991 cou-

1994 3021 2125 3081 silio
2162 3021 2333 3092 inito,
2364 3020 2698 3079 meretricia
2731 3027 3081 3078 ornamenta
3100 3037 3169 3078 ex
3206 3018 3456 3079 Veneris
3485 3032 3645 3082 cesto

1994 3112 2267 3171 assumit.
2295 3114 2531 3170 Cestqu
2580 3128 2753 3189 porro
2805 3110 3036 3168 thecam
3093 3110 3408 3185 quamdam
3466 3110 3644 3172 fuisse

1995 3202 2179 3274 aiunt,
2210 3203 2268 3261 in
2304 3220 2421 3281 qua
2480 3220 2679 3261 omnia
2728 3201 2995 3261 liaudum
3066 3219 3285 3277 genera
3342 3203 3648 3262 recondita

240 3293 367 3372 Δια,
413 3291 501 3348 καὶ
530 3304 673 3349 κινεῖ
718 3290 880 3347 αὐτὸν
923 3290 983 3346 ὲκ
1038 3296 1133 3345 τοῦ
1175 3288 1489 3363 πλάσματος
1542 3289 1728 3345 τούτου
1777 3290 1908 3366 πρὸς

2002 3300 2186 3369 erant,
2225 3310 2354 3371 quae
2385 3291 2454 3351 ad
2492 3290 2996 3368 pulchritudinem
3055 3300 3110 3349 et
3164 3290 3517 3367 elegantiam
3578 3312 3643 3351 ac

234 3377 436 3450 ἡδονὴν
484 3381 570 3436 καὶ
603 3378 852 3459 λαγνείαν
876 3394 891 3409 ⁶
931 3376 991 3435 ἑκ
1021 3378 1121 3456 γῆς
1154 3376 1208 3433 δὲ
1240 3375 1585 3456 περιέϐαλλεν
1614 3380 1779 3454 ἑαυτῇ
1822 3379 1909 3433 καὶ

2002 3390 2363 3442 venustatem
2400 3384 2709 3460 vultusque
2742 3381 3122 3458 Splendorem
3159 3383 3287 3439 usui
3334 3399 3468 3441 esse
3506 3400 3646 3460 pos-

233 3475 340 3539 τῆς
366 3470 474 3527 τῶν
504 3470 682 3548 μύρων
716 3467 964 3531 εὐωδίας.
1022 3470 1120 3527 Καὶ
1167 3468 1269 3546 γὰρ
1299 3469 1333 3536 ἡ
1381 3473 1477 3547 γῆ,
1514 3469 1696 3548 φησὶν,
1743 3466 1908 3524 ἐϐλά-

2002 3480 2151 3531 sunt.
2192 3470 2274 3531 lta
2300 3478 2506 3531 ornata
2541 3470 2614 3529 ad
2664 3472 2866 3528 Jovem
2901 3469 3190 3542 ascendit,
3226 3478 3403 3545 atque
3437 3470 3645 3549 hujus-

236 3581 409 3628 στησε
441 3560 693 3639 βοτάνας,
722 3562 840 3616 οἷον
870 3557 1068 3631 λῶτον,
1101 3560 1317 3637 κρὸκον,
1350 3559 1436 3613 καὶ
1465 3559 1730 3639 ὑάκινθον,
1760 3556 1907 3636 ῥόδα,

2002 3562 2157 3622 modi
2184 3561 2314 3622 fuco
2337 3580 2468 3621 eum
2497 3560 2566 3619 ad
2594 3561 2955 3640 voluptatem
2993 3568 3048 3618 et
3070 3559 3378 3619 libidinem
3405 3561 3645 3620 iullam-

232 3651 331 3708 καὶ
352 3651 417 3707 τὰ
448 3647 615 3707 λοιπὰ
645 3648 905 3727 ἀρώματα
935 3647 1064 3725 ἔργα
1095 3650 1368 3725 μυρεψῶν,
1403 3648 1490 3703 καὶ
1520 3649 1753 3727 μόσχον.

2002 3662 2114 3710 mat
2151 3670 2161 3712 :
2202 3652 2535 3730 quinetiam
2572 3670 2603 3710 e
2658 3658 2813 3710 terra
2864 3658 3301 3727 unguentorum
3357 3654 3641 3711 suavitate

240 3736 366 3801 sibi
397 3737 663 3819 undique
694 3733 1127 3816 injecit.Terra
1150 3736 1335 3808 enim,
1367 3743 1431 3797 ut
1457 3736 1649 3815 inquit
1672 3744 1866 3816 poeta,
1901 3738 2116 3802 herbas
2152 3742 2429 3818 protulit,
2466 3749 2530 3800 ut
2567 3759 2834 3811 crocum,
2856 3756 3045 3817 rosas,
3068 3738 3279 3818 lotum,
3306 3739 3652 3819 hyacinthos

232 3827 388 3910 lilia,
419 3826 698 3904 cassiam,
731 3827 1157 3903 cinamomum,
1181 3833 1434 3902 stacten,
1470 3826 1818 3907 reliquaque
1851 3841 2115 3891 aromata
2148 3831 2464 3909 unguentis
2488 3829 2959 3890 accommodata.

588 3958 707 4029 11:6,.
739 3969 863 4048 Περὶ
888 3967 984 4035 τῆς
1008 3965 1191 4045 ’Ἥρας
1228 3963 1533 4042 δεδεμένης.

323 4090 385 4156 Ἠ
445 4096 599 4179 ’Ἦρα
642 4096 903 4161 πολλάκις
934 4094 1247 4168 ὶζηλοτύπει
1299 4096 1390 4151 τὸν
1453 4086 1740 4173 Ἡρακλέα.
1804 4091 1893 4152 Ἐν

227 4189 313 4264 τῷ
383 4194 509 4267 γοῦν
592 4187 936 4269 ὑποστρέφειν
1010 4187 1167 4245 αὐτὸν
1234 4184 1296 4241 ἐκ
1366 4189 1465 4251 τῆς
1538 4184 1751 4259 Τροίας,
1811 4181 1900 4239 ὅτε

233 4280 377 4355 μετὰ
421 4287 513 4338 τοῦ
541 4276 863 4354 Τελαμῶνος
921 4276 1086 4341 αὐτὴν
1129 4272 1419 4353 ἐπόρθησε,
1482 4271 1747 4349 διετὰραξε
1801 4273 1902 4339 τὴν

235 4368 531 4449 θάλασσαν,
578 4369 667 4424 καὶ
704 4368 826 4431 τοὺς
886 4365 1112 4441 ἀνέμους
1172 4363 1404 4443 διήγειρε
1443 4382 1457 4397 '
1510 4364 1601 4449 καὶ
1652 4362 1904 4441 ἐχείμαζε

233 4459 301 4515 τὸ
348 4441 548 4537 σκάφος
595 4462 663 4533 τῇ
717 4457 805 4533 βίᾳ
860 4456 949 4511 καὶ
1007 4460 1084 4529 τῷ
1146 4441 1371 4510 κλύδωνι
1430 4462 1522 4512 τοῦ
1573 4441 1901 4531 Ἠρακλέως,

240 4548 344 4607 Τὸν
388 4544 442 4603 δὲ
470 4544 633 4604 ὕπνον
693 4544 994 4625 μαγγανεία
1041 4544 1144 4600 τινὶ
1205 4542 1533 4623 χρησαμένη
1590 4541 1906 4621 προσελθεῖν

239 4635 462 4704 ἰποίησε
505 4642 585 4711 τῷ
631 4638 737 4710 Διὶ,
784 4638 874 4691 καί
905 4634 1211 4713 ἐφύπνωσεν
1240 4632 1420 4707 αὐτὸν,
1476 4632 1569 4689 ’ίνα
1616 4631 1695 4709 μὴ
1743 4631 1907 4711 ἐγρη-

241 4728 415 4807 γορὼς
464 4726 715 4803 βοηθήσῃ
772 4728 850 4799 τῴ
883 4714 1144 4803 Ἠρακλεῖ
1190 4721 1595 4801 χειμαζομένῳ,
1628 4722 1820 4779 Μαθὼν
1854 4720 1910 4778 δὲ

241 4818 379 4879 μετὰ
404 4817 496 4873 τὸν
540 4813 703 4873 ὕπνον
737 4817 765 4871 ὁ
823 4814 948 4878 Ζεὺς
979 4814 1039 4869 τὸ
1098 4813 1519 4888 κατασκεύασμα
1564 4814 1662 4879 τῆς
1698 4809 1907 4891 ’Ἦρας,

237 4918 563 4983 τιμωρεῖται
624 4906 788 4973 αὑτὴν
832 4902 972 4962 οὕτω
1004 4921 1021 4938 ⁸
1080 4903 1184 4959 Δύο
1255 4901 1496 4978 ἄκμονας
1555 4900 1721 4972 δήσας
1779 4900 1913 4977 αύτῇ

237 5000 362 5077 περὶ
393 4997 518 5061 τοὺς
575 4992 766 5071 πόδας,
811 4996 932 5074 περὶ
989 4990 1045 5050 δὲ
1096 4994 1193 5057 τὰς
1241 5007 1437 5073 χεῖρας
1482 4991 1644 5055 πὲδας
1698 4988 1910 5047 ἀδιαλύ-

234 5109 389 5165 τους,
451 5084 743 5166 ἰκρέμασεν
788 5084 952 5152 αὐτὴν
1032 5081 1138 5141 ἀπὸ
1199 5081 1295 5139 τοῦ
1352 5081 1599 5161 οὗρανοῦ,
1656 5086 1907 5159 τιμωρῶν

237 5178 431 5248 αὒτήν.

668 5447 789 5527 πγ’.
822 5445 949 5525 Περὶ
978 5442 1142 5527 φόϐου
1170 5444 1277 5502 τῶν
1304 5446 1463 5504 θεῶν.

321 5557 454 5639 Παρ’
528 5548 751 5637 Ὀμήρῳ
807 5557 880 5621 εἰς
944 5554 1046 5623 τὴν
1116 5561 1158 5611 Υ
1188 5550 1480 5639 ῥαψῳδίαν,
1545 5556 1641 5639 τοῦ
1697 5548 1901 5632 Ἀχιλ-

235 5649 377 5717 λέως
404 5637 540 5707 κατὰ
570 5647 761 5729 κράτος
790 5645 1182 5726 ἆριστεύοντος,
1233 5638 1392 5724 φόϐος
1435 5637 1595 5699 ἔλαϐε
1651 5641 1743 5699 τὸν
1806 5640 1899 5698 Δία

234 5740 440 5824 μήπως
469 5740 614 5822 παρὰ
641 5739 704 5797 τὸ
747 5737 1065 5818 εἱμαρμένον
1117 5737 1146 5793 δ
1198 5730 1511 5817 Ἀχιλλεὺξ
1536 5733 1784 5814 πορθ-ἧσο
1839 5734 1901 5791 τὸ

1975 3943 2073 4008 82.
2126 3944 2215 4006 De.
2263 3942 2503 4006 lunone
2544 3947 2605 4004 in
2652 3942 2873 4004 wthere
2918 3963 2990 4006 ac
3029 3944 3289 4007 nubibus
3314 3946 3629 4024 pendente-

2338 4025 2715 4105 vinculz'sque
2739 4024 2959 4102 ferreis
2991 4027 3271 4089 astricta.

2064 4128 2240 4207 Juno,
2270 4137 2333 4187 ut
2358 4126 2571 4208 passim
2606 4126 3057 4205 legitur,dolore
3083 4128 3387 4207 zelotypia:
3416 4128 3628 4191 adver-

1984 4234 2088 4278 sus
2106 4217 2431 4280 Herculem
2457 4216 2679 4297 percita
2701 4215 3116 4278 erat.Proinde
3131 4236 3267 4277 cum
3289 4218 3391 4277 ille
3405 4216 3642 4298 Trojam

1988 4323 2123 4369 cum
2160 4305 2489 4367 Telamone
2524 4305 2862 4385 populatus,
2905 4325 2972 4366 ex
3007 4323 3075 4365 ea
3112 4306 3494 4383 expeditione
3513 4308 3646 4369 red-

1988 4395 2125 4470 iret,
2179 4395 2334 4459 Juno
2372 4414 2537 4455 mare
2590 4394 2981 4475 perturbavit,
3017 4395 3402 4476 excitatisque
3454 4401 3644 4459 ventis

1990 4486 2390 4567 procellosum
2408 4492 3001 4566 tempestuosumque
3024 4484 3405 4549 reddidit.lta
3426 4498 3640 4549 etven—

1931 4582 2187 4664 Dtorum
2218 4582 2275 4635 et
2305 4574 2597 4636 undarum
2633 4577 2859 4655 impetu
2895 4574 3058 4636 navis
3087 4573 3361 4637 Herculis
3384 4576 3648 4655 jactaba-

1993 4671 2116 4729 tur.
2148 4667 2385 4728 Interea
2444 4664 2741 4745 prestigiis
2802 4665 3159 4746 quibusdam
3194 4666 3473 4728 adhibitis
3516 4668 3646 4733 Jovi

1991 4772 2270 4817 somnum
2295 4754 2643 4819 accersivit:
2682 4774 2778 4835 ne,
2816 4756 2867 4816 si
2901 4756 3193 4833 vigilaret,
3224 4755 3463 4819 Herculi
3492 4769 3643 4819 tem-

1993 4855 2218 4926 pestate
2262 4844 2486 4925 jactato
2536 4863 2605 4906 ac
2659 4845 3016 4925 periclitanti
3080 4846 3365 4908 auxilium
3424 4848 3630 4911 ferret.

1993 4933 2457 5017 Expergefactus
2508 4934 2706 5012 itaque
2751 4933 2987 5014 Jupiter
3041 4934 3347 4997 intellecta
3392 4936 3644 4999 Junonis

1990 5024 2203 5087 fraude
2230 5025 2342 5086 hoc
2364 5023 2665 5105 supplicio
2693 5024 2753 5084 in
2778 5042 2909 5085 eam
2951 5043 3091 5085 usus
3120 5034 3245 5086 est;
3282 5026 3520 5088 Duabus
3546 5028 3642 5087 in-

1990 5114 2242 5179 cudibus
2274 5114 2455 5195 pedes
2486 5113 2676 5194 ipsius
2709 5114 3008 5189 astrinxit,
3068 5114 3400 5196 vinetisque
3430 5114 3637 5177 itidem

1990 5205 2268 5268 manibus
2324 5204 2684 5265 firmissimis
2734 5203 3089 5283 quibusdam
3136 5204 3366 5267 catenis
3415 5222 3546 5267 eam
3605 5223 3639 5266 e

1985 5296 2137 5359 coelo
2167 5293 2501 5377 suspendit.

2344 5424 2446 5487 83.
2482 5423 2565 5487 De
2599 5430 2830 5488 terrore
2858 5423 3256 5503 diisjnjecto.

2066 5547 2215 5611 Cum
2244 5544 2485 5609 Achiles
2530 5546 2695 5608 omni
2743 5545 2929 5609 animi
2976 5545 3364 5627 corporisque
3420 5545 3641 5611 robore

1987 5636 2749 5722 pugnaret,egregiamque
2779 5653 3021 5718 operam
3055 5634 3503 5713 navaret,subiit
3526 5634 3641 5701 Jo-

1985 5746 2118 5796 vem
2152 5736 2455 5805 metus,ne
2484 5736 2701 5810 prater
2728 5727 2915 5790 fatum
2937 5724 3042 5788 ille
3072 5723 3315 5809 Troiam
3346 5744 3641 5810 expugna-
