4166 6450
426 416 569 483 1041

923 552 985 612 ι’.
1020 555 1143 633 Περὶ
1174 553 1266 611 τοῖ’)
1292 553 1567 616 Ἰστιαίου.

503 648 754 720 Ἱστιαῖος
779 657 988 733 ’Σάμιος
1050 656 1149 731 μὲν
1181 657 1247 724 ἦν
1300 658 1363 713 τὸ
1394 657 1547 735 γένος
1577 676 1594 694 ο
1629 657 1780 738 φίλος
1812 655 1866 714 δέ
1909 658 2074 736 γεγό-

418 766 579 816 μενος
632 747 848 819 Δαρείου
907 752 999 802 τοῦ
1063 751 1277 822 Περσῶν
1350 745 1637 822 βασιλέως,
1702 746 1905 826 ἐλήφθη
1984 743 2075 805 ὑπ’

417 835 575 890 αὑτοῦ
630 834 682 889 ἐν
759 832 995 912 Περσίδι.
1074 833 1228 892 Ἐκεῖ
1277 832 1332 890 δὲ
1395 833 1770 914 διαιτώμενος,
1826 835 2073 911 ἐπεθύμει

414 923 549 979 ἰδεῖν
611 925 707 989 τὴν
752 926 947 980 Οἶκείαν
980 921 1202 1001 πατρίδα
1237 942 1251 957 ·
1315 924 1391 999 μὴ
1437 924 1799 993 ἀπολυόμενος
1829 923 1907 1000 δὲ,
1943 926 2072 1004 γρά.

412 1033 495 1091 φει
530 1016 607 1085 τῷ
658 1010 768 1087 ἰδίῳ
828 1013 1031 1087 ἀνεψιῷ
1075 1018 1151 1084 τῷ
1196 1009 1551 1092 Ἀρισταγόρᾳ
1609 1010 1902 1089 μελετῆσαι
1931 1015 2073 1071 ἀπο-

414 1104 629 1157 στασίαν
666 1118 679 1131 ·
729 1104 817 1157 καὶ
875 1103 1040 1158 πείθει
1086 1099 1141 1157 δὲ
1190 1103 1281 1158 καί
1331 1124 1475 1167 τινας
1535 1109 1643 1159 τῶν
1699 1102 1895 1161 Ἰώνων
1944 1126 2072 1159 συν-

417 1195 742 1258 αποστῆναι.
780 1192 971 1270 Γράφει
1002 1189 1080 1264 δὲ,
1139 1192 1212 1256 ὡς
1264 1194 1344 1266 μὴ
1399 1192 1728 1269 φωραθῆναι,
1761 1194 1851 1249 τὸν
1880 1192 2073 1272 τρόπον

413 1290 599 1338 τοῦτον
626 1297 639 1312 ⁶
693 1278 879 1338 Λαϐὼν
931 1281 1121 1337 πιστὸν
1182 1280 1415 1352 οἰκέτην,
1449 1282 1538 1337 καὶ
1581 1282 1766 1338 τούτου
1819 1283 1917 1349 τὴν
1974 1304 2072 1338 κε-

416 1368 597 1449 φαλὴν
644 1369 894 1448 ξυρήσας,
962 1369 1286 1449 ἆγχαράττει
1346 1376 1413 1446 τῇ
1465 1369 1671 1449 κεφαλῇ
1746 1372 1774 1427 ὁ
1831 1369 2073 1427 ἐϐούλετο

416 1456 659 1524 δηλῶσαι
697 1477 709 1488 ·
749 1461 874 1516 εἶτα
908 1458 1098 1534 μέλανι
1148 1459 1422 1538 ἑγκαύστῳ
1473 1458 1713 1534 μελαίνει
1763 1459 1863 1526 τὴν
1892 1460 2072 1541 χάρα-

416 1548 514 1613 Em,
581 1550 667 1604 καὶ
722 1550 924 1629 ἀφῆκεν
984 1548 1296 1625 ἀνενεγκεῖν
1337 1550 1433 1613 τὰς
1494 1550 1683 1629 τρίχας
1718 1564 1732 1579 ⁸
1794 1550 1881 1605 καὶ
1939 1550 2073 1624 μετά

419 1640 482 1695 τὸ
529 1640 761 1713 κωμάσαι
793 1640 973 1717 αὐτὸν,
1026 1638 1337 1713 ἀποπέμπει
1391 1636 1563 1717 λέγων
1594 1646 1672 1711 τῷ
1704 1637 1881 1714 οἰκέτῃ
1911 1636 2070 1695 πάλιν

417 1726 596 1783 ἰκετσε
667 1727 1086 1802 ἀποξυρηθῆναι,
1173 1725 1267 1783 ἵνα
1340 1735 1450 1804 γνῷ
1539 1727 1917 1806 Ἀρισταγόρας
2006 1728 2071 1785 τὰ

418 1818 738 1895 γράμματα,
817 1814 1108 1894 Ἀναγνοὺς
1192 1817 1363 1873 τοίνυν
1425 1820 1451 1872 ὃ
1527 1814 1934 1896 Ἀρισταγόρας,
1984 1819 2071 1873 καὶ

418 1912 627 1987 μαθων,
688 1906 909 1972 ἐποίησε
970 1906 1069 1972 τὴν
1116 1906 1445 1962 ἀποστασίαν
1478 1903 1672 1984 σχεδὸν
1722 1907 1933 1962 πάντων
1963 1908 2069 1963 τῶν

1226 418 1326 482 AD
1370 419 1430 480 s.
1479 416 1849 482 caaeoan
1891 416 2121 480 ORAT.
2168 411 2220 476 n
2265 394 2577 479 CONTRA
2618 413 3038 476 JULIANUM.

3658 416 3679 480 1
3690 411 3811 480 049

2479 546 2568 610 10.
2616 547 2702 608 De
2737 544 3093 609 Samiorum
3123 549 3489 627 tyrannide.

2242 651 2527 715 Histiaeus
2567 650 2801 713 Samius
2847 669 2881 711 a
2917 649 3094 713 Dario
3145 649 3461 713 Persarum
3513 669 3679 731 rege,
3711 652 3811 731 qui

2160 759 2297 802 eum
2316 759 2520 802 amore
2539 739 3139 820 complectebatur,in
3156 740 3402 802 Perside
3414 748 3683 804 retentus
3697 749 3811 817 est,

2158 829 2401 910 illicque
2417 831 2641 909 degens
2656 831 2856 910 patria;
2870 828 3477 910 videndaacupiditate
3500 829 3808 909 ﬂagrabat.

2158 920 2429 1001 Cumque
2451 928 2848 982 commeatum
2873 937 2908 981 a
2927 936 3068 998 rege
3092 919 3414 999 impetrare
3436 938 3555 981 non
3582 929 3809 1001 posset,

2157 1028 2290 1068 cum
2328 1010 2668 1088 Aristagora
2698 1007 3058 1070 consobrino
3093 1027 3200 1069 suo
3254 1028 3359 1087 per
3404 1008 3633 1071 litteras
3667 1011 3807 1089 egit,

2158 1111 2217 1157 ut
2280 1098 2679 1160 defectionem
2752 1098 3088 1179 moliretur,
3122 1106 3299 1179 atque
3356 1097 3564 1160 Ionum
3629 1100 3809 1162 etiam

2158 1189 2445 1267 quosdam
2483 1190 2552 1249 ad
2588 1189 2749 1249 idem
2802 1187 3027 1250 facinus
3075 1187 3449 1252 sollicitaret.
3484 1188 3580 1252 Sic
3631 1207 3808 1269 porro

2158 1277 2677 1357 scripsit:Servum
2704 1278 3024 1358 quemdam
3049 1280 3216 1357 cujus
3235 1276 3413 1340 ﬁdem
3434 1278 3805 1356 exploratum

2158 1366 2435 1438 habebat,
2473 1368 2725 1447 accepit,
2758 1385 3013 1448 rasoque
3064 1366 3255 1447 ipsius
3305 1365 3519 1448 capite,
3556 1385 3625 1428 ea
3675 1385 3811 1448 quae

2156 1455 2513 1538 Aristagorae
2542 1456 2877 1536 signiﬁcare
2903 1455 3167 1532 volebat,
3200 1455 3313 1536 ipsi
3362 1455 3598 1531 inussit,
3630 1465 3808 1538 atque

2156 1543 2236 1604 ita
2286 1534 2418 1606 eum
2457 1534 2744 1627 tantisper
2793 1546 2946 1626 apud
2988 1564 3053 1607 se
3110 1534 3327 1618 tenuit,
3361 1545 3554 1625 quoad
3608 1534 3808 1609 crines

2156 1632 2267 1711 ipsi
2294 1635 2481 1695 renati
2516 1643 2740 1717 essent,
2768 1655 2834 1697 ac
2870 1644 2991 1696 tum
3024 1636 3221 1714 ipsum
3254 1634 3491 1707 emittit,
3515 1634 3807 1717 jubetque

2157 1729 2218 1782 ut
2252 1743 2385 1784 cum
2421 1724 2479 1784 in
2515 1727 2713 1786 lonam
2748 1725 3108 1805 pervenerit,
3140 1731 3314 1803 caput
3348 1723 3535 1800 radat,
3572 1731 3634 1785 ut
3664 1725 3806 1787 Ari-

2155 1818 2420 1889 stagoras
2447 1813 2670 1874 litteras
2702 1814 2880 1894 legat.
2907 1814 3275 1893 Aristagoras
3307 1813 3505 1893 itaque
3529 1813 3809 1894 perlectis

2154 1901 2533 1983 cognitisque
2575 1902 2803 1965 Histiaei
2847 1903 3057 1965 litteris
3108 1920 3318 1963 omnes
3370 1902 3804 1982 propemodum

422 1995 637 2060 Ἰώνων,
703 1998 839 2055 Εἶτα
895 1998 1148 2071 μανθάνει
1206 1998 1260 2052 ἐν
1320 1994 1526 2076 Περσίδι
1586 2000 1614 2076 ὁ
1666 1996 1937 2073 βασιλεὺς,
1985 1998 2066 2055 καί

2158 1989 2329 2076 lones
2350 1991 2422 2052 ad
2448 1991 2848 2055 defectionem
2873 1992 3131 2073 impulit.
3158 1989 3329 2064 Quod
3355 2010 3488 2053 cum
3512 1992 3571 2052 in
3602 1991 3807 2053 Persi-

419 2084 717 2160 σύμὸούλος
767 2088 969 2163 γίνεται
1015 2092 1090 2160 τῷ
1120 2075 1404 2159 Ἰστιαίῳ,
1437 2088 1515 2143 ὡσ
1579 2075 1839 2162 “En-tm,
1894 2110 1944 2144 τι
1988 2085 2071 2144 δεῖ

417 2180 641 2233 ποι-ἶσαι
680 2196 693 2211 ’
756 2177 841 2231 καὶ
902 2174 1317 2251 συμϐουλεύεται
1390 2176 1533 2254 παρά
1619 2177 1715 2232 τοῦ
1798 2174 2065 2251 Ἰστιαίου,

419 2267 577 2322 αὑτὸν
611 2264 819 2339 πέμψαι
854 2266 927 2329 εἰς
979 2266 1077 2332 την
1138 2263 1344 2336 Ἀσίαν,
1398 2266 1469 2326 ὡς
1521 2265 1699 2321 ἱκανὸν
1730 2262 1854 2321 ὁκτα
1883 2263 2068 2323 διαλῦ-

420 2376 507 2410 σαι
538 2357 601 2411 τα
634 2357 749 2432 περὶ
810 2359 902 2421 τῆς
963 2353 1338 2417 ἀποστάσεως,
1404 2352 1604 2411 Ἐλθὼν
1636 2353 1723 2411 οὗν
1755 2356 1781 2410 ὁ
1816 2352 2067 2420 Ἰστιαϊος

415 2446 475 2500 ἰν
506 2450 571 2520 τῇ
616 2442 789 2515 Ἀσίᾳ,
858 2444 945 2499 καὶ
1000 2444 1073 2507 ὡς
1136 2441 1375 2505 ὕποπτος
1457 2444 1742 2522 γενόμενος
1799 2442 1924 2502 ὅλου
1974 2455 2066 2506 τεῦ

420 2535 762 2613 πράγματος,
840 2533 982 2612 παρά
1058 2534 1153 2591 τοῦ
1238 2530 1588 2613 Ἀρταφέρνου
1657 2540 1749 2591 τοῦ
1823 2534 2067 2615 ὑπάρχου

421 2620 661 2701 Σάρδεων
716 2620 912 2689 ἤκουσε
976 2631 1137 2680 ταῦτα
1176 2636 1190 2650 ⁶
1246 2623 1410 2679 Τοῦτο
1474 2624 1534 2677 τὸ
1576 2620 1824 2697 ὑπόδημα
1874 2621 2066 2701 ἕῤῥαψε

418 2713 520 2787 μὲν
576 2712 857 2793 ’[στιαϊος,
907 2706 1207 2781 ὑπεδήσατο
1237 2709 1290 2767 δὲ
1333 2711 1713 2790 Ἀρισταγόρας
1752 2731 1764 2745 ⁸
1818 2711 2067 2790 ὑπόδημα

419 2799 497 2875 δὲ,
547 2801 643 2867 τὴν
695 2801 826 2868 ὅλην
872 2802 1203 2868 κατασκευὴν
1238 2799 1417 2880 ἔλεγε.
1480 2808 1651 2859 Ταῦτα
1697 2803 1724 2858 ὁ
1780 2800 2063 2879 ⁹Ηρόδοτος

412 2890 557 2967 λέγει
604 2890 658 2946 ἐν
689 2898 755 2966 τῇ
782 2890 911 2968 ἕκτῃ
939 2897 1045 2947 τῶν
1074 2891 1363 2959 Ἱστοριῶν.

776 3171 874 3230 ια’.
924 3172 1047 3250 Περὶ
1082 3177 1187 3228 τῶν
1218 3171 1697 3251 ἐκατονταχείρων.

505 3266 633 3331 ’Ὅτι
678 3276 927 3353 γεγόνασι
972 3273 1060 3333 δύο
1101 3276 1267 3348 τινὲς,
1325 3274 1353 3329 ὃ
1389 3273 1554 3339 Κότος
1616 3276 1705 3332 καὶ
1749 3278 1777 3332 ὑ
1808 3274 2069 3352 Βριάρεως

418 3366 641 3445 ἔχοντε)
674 3369 863 3424 ἑκατὸν
890 3367 1087 3446 χεῖρας
1123 3382 1137 3396 ⁸
1176 3367 1261 3422 καὶ
1288 3372 1431 3423 οὗτοι
1480 3366 1615 3440 μετά
1644 3369 1749 3422 τῶν
1778 3370 1911 3423 θεῶν
1940 3366 2071 3423 ἑπο-

416 3456 655 3530 λέμησαν
687 3458 814 3534 πρὸς
844 3458 964 3519 τοὺς
997 3458 1285 3533 Γίγαντας.

859 3551 951 3635 ιβ’.
988 3560 1111 3633 Περὶ
1140 3561 1237 3625 τῆς
1274 3557 1606 3634 ἀμπώτιδος.

496 3663 826 3737 "Agam-inc,
876 3665 949 3725 ὡς
1002 3660 1105 3729 ἤδη
1138 3664 1278 3738 ἡμῖν
1309 3661 1547 3744 εἴρηται,
1580 3662 1789 3719 ἐναντία
1838 3664 1947 3719 ὶστὶ
1996 3671 2065 3740 τῇ

411 3754 599 3832 ῥαχίᾳ.
655 3759 831 3810 Ταῦτα
884 3750 938 3808 δὲ
999 3753 1143 3820 πάθη
1197 3754 1311 3810 εστὶ
1360 3752 1634 3821 θαλάσσης
1667 3757 1856 3818 στενῆς
1907 3775 2062 3831 περι-

410 3842 730 3914 κλειομὲνης
762 3841 796 3910 ἢ
828 3843 930 3898 ὑπὸ
962 3844 1160 3913 νήσων,
1194 3842 1230 3911 ἢ
1275 3844 1376 3898 ὑπὸ
1407 3849 1640 3921 γωνιῶν.
1676 3840 1979 3916 ’¹Αμπωτις
2011 3841 2063 3898 δέ

412 3932 554 3989 ἐστιν
589 3934 745 3988 οἱονεὶ
798 3933 1069 3995 ἀνάπωτις
1099 3934 1186 3987 καὶ
1237 3930 1504 4012 ὰναῤῥόφη
1558 3931 1701 4011 [σις]
1732 3929 2060 3988 ὑποστελλο-

414 4023 573 4096 μένου
629 4029 721 4078 τοῦ
778 4020 962 4081 ὕδατος
1014 4023 1088 4086 είς
1136 4022 1342 4101 μυχούς
1390 4043 1537 4083 τινας
1568 4022 1665 4089 τῆς
1696 4020 2059 4095 ὑποκειμένης

412 4114 538 4188 γὶ,ς,
604 4113 691 4166 καὶ
748 4111 870 4185 μετ’
900 4110 1078 4188 ὀλίγον
1111 4110 1270 4167 πάλιν
1331 4110 1703 4191 ἐκφοιτῶντος.
1738 4112 1809 4170 Τὸ
1845 4109 1945 4184 μὲν
1976 4112 2064 4165 οὖν

412 4199 773 4267 ὑποσταλῆναι
807 4202 867 4256 τὸ
914 4199 1051 4279 ὕδωρ
1106 4199 1209 4256 ἔσω
1238 4204 1311 4261 εἷς
1346 4202 1410 4256 τα
1465 4198 1627 4257 κοῖλα
1659 4204 1757 4266 τῆς
1788 4198 1913 4277 γῆς,
1968 4196 2062 4254 λέ·-

413 4312 564 4368 γεται
596 4290 844 4366 ἅμπωσις
881 4310 895 4327 ·
931 4292 992 4346 τὸ
1036 4289 1089 4345 δὲ
1120 4290 1281 4347 πάλιν
1339 4290 1576 4368 ἐκρεῦσαι
1607 4299 1784 4369 τοῦτο,
1817 4288 2062 4345 καλεῖται

411 4380 595 4459 ῥαχία.
666 4380 869 4436 Γίνεται
913 4378 967 4434 δὲ
999 4387 1152 4435 τοῦτο
1182 4378 1444 4442 πολλάκις
1489 4380 1586 4445 τῆς
1629 4377 1856 4455 ἡμέρας,
1891 4375 2051 4452 μάλι-

2154 2075 2289 2139 dem
2337 2080 2409 2141 ad
2462 2100 2664 2161 regem
2713 2083 2956 2145 allatum
3005 2090 3187 2155 esset,
3221 2081 3349 2161 ipse
3389 2079 3696 2143 Histiaeum
3748 2089 3809 2142 ut

2154 2163 2421 2229 Graecum
2454 2170 2754 2232 hominem
2789 2172 2851 2233 in
2883 2171 3201 2234 consilium
3236 2169 3503 2251 adhibet,
3542 2189 3803 2249 percun-

2151 2265 2459 2339 ctaturque
2480 2260 2620 2341 quid
2651 2261 2802 2323 facto
2828 2281 2979 2342 opus
3001 2263 3097 2337 sit,
3126 2260 3334 2322 suadet
3362 2260 3463 2322 ille
3482 2260 3631 2340 regi,
3661 2269 3721 2322 ut
3740 2279 3808 2322 se

2153 2344 2210 2405 in
2250 2346 2453 2409 Asiam
2490 2353 2700 2415 mittat.
2735 2349 2988 2412 Tantum
3023 2351 3182 2414 enim
3217 2369 3281 2412 se
3302 2350 3423 2412 illic
3456 2350 3805 2414 auctoritate

2150 2454 2216 2494 ac
2242 2440 2504 2515 potentia
2537 2439 2777 2521 ﬂorere,
2799 2448 2863 2501 ut
2893 2448 3077 2502 totum
3111 2440 3255 2501 illud
3280 2438 3637 2502 defectionis
3664 2459 3804 2502 con-

2150 2525 2347 2585 silinm
2388 2526 2556 2593 facile
2609 2529 2935 2609 infringere
2967 2538 3167 2611 queat.
3191 2528 3503 2591 Profectus
3534 2529 3715 2609 igitur
3743 2529 3805 2592 in

2150 2614 2541 2696 Asiam,apud
2567 2619 3001 2699 Artaphernem
3026 2619 3129 2701 qui
3149 2620 3366 2682 Sardes
3391 2638 3523 2680 cum
3547 2619 3802 2699 imperio

2154 2702 2390 2764 tenebat
2416 2707 2472 2767 in
2497 2708 2903 2786 suspicionem
2927 2709 3101 2775 venit,
3127 2709 3295 2788 quasi
3318 2708 3500 2771 totius
3522 2709 3796 2787 conjura-

2151 2792 2327 2853 tionis
2357 2796 2717 2861 architectus
2744 2806 2923 2860 esset.
2953 2801 3039 2861 Ac
3067 2797 3317 2878 proinde
3346 2798 3470 2859 haec
3493 2798 3573 2857 ab
3603 2816 3675 2859 eo
3701 2815 3803 2858 au-

2148 2881 2326 2940 divit:
2363 2882 2527 2945 Hanc
2564 2894 2781 2948 vestem
2829 2887 3059 2949 censuit
3091 2886 3330 2967 quidem
3363 2885 3666 2966 Histiaeus,
3701 2886 3800 2948 in-

2146 2970 2480 3032 duitautem
2513 2975 2879 3052 Aristagoras
2904 2999 2919 3047 ;
2948 2994 3055 3055 per
3075 2985 3299 3037 vestem
3320 2975 3594 3040 videlicet
3616 2983 3796 3037 totam

2152 3058 2312 3119 illam
2334 3060 2601 3125 fraudem
2618 3066 3093 3148 proditionisque
3104 3066 3418 3130 consilium
3434 3065 3796 3146 intelligens.

2655 3167 2753 3231 ll.
2793 3168 2875 3229 De
2903 3171 3283 3233 centimanis.

2236 3278 2501 3341 Diximus
2534 3282 2590 3343 in
2645 3284 2973 3362 superioris
3023 3284 3308 3345 orationis
3353 3284 3623 3348 historiis
3652 3286 3804 3350 duos

2154 3368 2447 3444 quosdam
2471 3372 2845 3435 centimauos
2868 3374 3190 3448 exstitisse,
3223 3373 3455 3437 Cottum
3481 3380 3540 3437 et
3562 3376 3803 3438 Briare-

2156 3456 2527 3536 um.quicum
2542 3461 2958 3524 diisadversus
2971 3463 3240 3543 gigantes
3254 3463 3475 3525 bellum
3490 3472 3805 3543 gesserunt

2436 3565 2531 3626 12.
2592 3565 2677 3626 De
2726 3568 3206 3647 reciprocatione
3262 3569 3518 3649 Euripi.

2233 3664 2555 3739 "Agurwttc,
2587 3674 2653 3727 ut
2675 3670 2801 3747 jam
2829 3686 2864 3730 ει
2895 3668 3069 3731 nobis
3101 3669 3327 3731 dictum
3361 3679 3473 3751 est,
3505 3672 3671 3753 ῥαχίᾳ
3699 3670 3801 3733 ad-

2148 3761 2590 3818 versatur:sunt
2611 3767 2808 3817 autem
2834 3758 2926 3819 hae
2950 3758 3130 3819 maris
3151 3758 3500 3821 affectiones
3517 3764 3801 3822 coarctati

2147 3863 2212 3903 ac
2245 3844 2625 3907 circumclusi
2654 3846 2741 3907 vel
2770 3844 2847 3907 ab
2877 3847 3088 3908 insulis
3120 3847 3209 3909 vel
3241 3867 3274 3908 a
3305 3848 3520 3923 terris;
3556 3849 3802 3924 ἄμπωτις

2146 3941 2342 3995 autem
2369 3942 2458 3993 est
2479 3933 2638 3994 velut
2658 3934 2904 3997 ebibitio
2928 3943 3104 4017 atque
3118 3935 3464 4017 exsorbitio,
3484 3937 3802 4016 colligente

2147 4021 2422 4084 videlicet
2454 4041 2588 4084 sese
2618 4042 2769 4104 aqua
2802 4026 2858 4085 in
2892 4026 3178 4106 quosdam
3216 4034 3395 4088 terra;
3435 4025 3800 4106 subjacentis

2150 4126 2443 4181 recessus,
2470 4128 2536 4170 ac
2572 4112 2855 4189 paulatim
2879 4132 3087 4176 rursus
3119 4115 3461 4193 eﬂ‘ugiente.
3490 4114 3635 4178 Cum
3659 4134 3800 4195 ergo

2149 4200 2205 4258 in
2233 4206 2407 4260 terra:
2438 4200 2717 4263 caritates
2749 4222 2899 4283 aqua
2928 4222 3061 4264 sese
3092 4204 3341 4285 colligit,
3366 4206 3610 4271 ἄμπωτις
3642 4206 3801 4268 dici-

2150 4297 2283 4351 tur:
2318 4307 2453 4349 cnm
2485 4298 2684 4351 autem
2728 4309 2936 4352 rursus
2987 4292 3197 4368 efﬂuit,
3231 4294 3565 4373 appellatur
3609 4297 3798 4376 ῥαχία.

2148 4376 2313 4448 Quod
2349 4378 2589 4458 quidem
2624 4379 2744 4441 diei
2776 4384 2953 4443 unius
2984 4381 3175 4461 spatio
3207 4382 3537 4444 identidem
3568 4384 3802 4447 contin-

410 4491 511 4525 στα
568 4469 659 4525 ἐὰν
718 4475 825 4546 πνῇ
880 4468 1099 4543 ἄνεμος.
1148 4469 1355 4548 Πάαχει
1413 4468 1466 4524 δὲ
1522 4470 1581 4525 τὸ
1635 4469 1799 4533 πάθος
1845 4474 1999 4524 τοῦτο
2038 4469 2065 4524 ὁ

2158 4468 2253 4545 git,
2289 4486 2358 4528 ac
2392 4468 2719 4548 praesertim
2756 4472 2933 4533 flante
2978 4482 3179 4535 vento.
3216 4474 3408 4551 Atque
3443 4472 3522 4533 ita
3547 4471 3801 4535 afficitur

413 4560 638 4636 Εὔριπος
694 4561 813 4637 περὶ
868 4559 965 4625 τὴν
1026 4557 1257 4616 Ἐλλάδα
1295 4576 1309 4588 ·
1345 4556 1424 4613 διὸ
1457 4560 1543 4615 καὶ
1578 4556 1797 4636 Εὔριπος
1841 4558 2061 4632 ὠνόμα-

413 4672 533 4707 σται
594 4650 751 4705 οἱονεὶ
821 4652 849 4704 ὁ
921 4647 1200 4726 εὕτρεπτος
1255 4650 1342 4705 καὶ
1410 4651 1644 4728 εὐχερῶς
1702 4647 2058 4726 περιπίπτων.

411 4740 499 4799 Εἰς
558 4745 740 4794 τοῦτον
770 4736 982 4815 λέγεται
1017 4736 1393 4816 Ἀριστοτέλης
1426 4738 1609 4793 ἑαυτὸν
1664 4737 1834 4813 ῥίψαι.
1884 4735 2060 4817 Εἴρη-

409 4851 497 4886 ται
529 4827 581 4883 δὶ
613 4830 751 4902 ἡμῖν
779 4836 935 4886 τοῦτο
966 4829 1053 4883 καὶ
1079 4830 1136 4884 tv
1159 4831 1236 4903 τῷ
1261 4827 1316 4885 α’
1358 4826 1525 4905 λόγῳ.

776 4931 878 5009 ιγ’.
907 4934 1030 5009 Περὶ
1060 4939 1167 4989 τῶν
1201 4932 1461 4991 Ἠλυσίων
1490 4929 1705 4992 πεδίων.

495 5034 726 5113 ⁹¹Ωσπερ
760 5038 787 5091 ὁ
821 5037 1189 5113 Χριστιανικὸς
1218 5034 1377 5113 λόγος
1428 5035 1718 5115 ὑπογράφει
1776 5037 1892 5091 τινὰ
1920 5040 2064 5093 εἶναι

412 5123 755 5204 παράδεισον,
813 5123 950 5183 οὕτω
992 5126 1079 5181 καὶ
1123 5126 1170 5183 οἱ
1225 5123 1503 5192 ’Ἕλληνες
1551 5126 1909 5204 ὑπογράφουσί
1946 5148 2064 5184 τινα

411 5223 623 5296 χῶρον,
686 5216 743 5272 ὃν
800 5214 1020 5272 καλοῦσι
1052 5215 1317 5292 Μακάρων
1367 5216 1581 5284 νήσους.
1622 5213 1851 5272 Καλοῦσι
1882 5213 1935 5271 δὲ
1964 5216 2063 5272 αὑ-

409 5309 510 5363 τὸν
557 5307 646 5361 καὶ
705 5304 953 5362 Ἠλύσιον
1007 5301 1209 5375 πεδίον,
1269 5304 1412 5378 παρά
1453 5306 1514 5360 τὸ
1560 5303 1860 5361 ἐλεύσεσθαι
1883 5304 2060 5362 ἐκεῖσε

410 5396 534 5458 τοὺς
569 5394 747 5456 καλῶς
779 5391 1125 5470 βεϐιωκότας.
1181 5392 1244 5451 Ὀ
1295 5390 1346 5447 δὲ
1380 5391 1733 5467 Ῥαδάμανθυς
1764 5394 1870 5459 υἱός
1900 5392 2059 5472 λέγει·

410 5509 496 5542 ται
542 5484 686 5541 εἶναι
719 5490 805 5539 τοῦ
841 5483 986 5552 Διὸς,
1024 5480 1179 5560 ’ἐχειν
1211 5480 1263 5536 δὲ
1296 5483 1395 5549 τὴν
1425 5480 1737 5551 δικαστικὴν
1767 5481 1936 5561 ἀξίαν,
1974 5483 2059 5538 καὶ

410 5574 638 5645 δικάζειν
686 5573 805 5635 τοὺς
867 5571 920 5627 ἐν
984 5568 1157 5642 ’ᾍδου
1192 5586 1204 5600 ⁸
1256 5572 1345 5626 καὶ
1402 5572 1523 5636 τοὺς
1577 5571 1674 5646 μὲν
1699 5570 1871 5637 ἀξίους
1900 5571 2061 5629 κολά-

411 5686 576 5741 σεως,
632 5661 862 5737 πέμπειν
892 5660 1032 5738 παρά
1062 5661 1153 5715 τὸν
1208 5661 1452 5717 κωκυτὸν
1506 5662 1593 5718 καὶ
1642 5662 1734 5717 τὸν
1794 5660 2058 5740 Πυριφλε-

2150 4557 2431 4638 Euripus,
2464 4556 2559 4638 1ui
2586 4558 2746 4623 circa
2769 4559 3055 4625 Graeciam
3082 4571 3194 4626 est.
3220 4561 3389 4625 Unde
3418 4561 3592 4624 etiam
3624 4561 3800 4625 Euri-

2150 4666 2257 4726 pus
2289 4657 2550 4727 vocatur,
2582 4652 2749 4730 quasi
2800 4650 3104 4733 εὔπρεπτος,
3138 4652 3430 4734 facileque
3478 4652 3542 4714 in
3591 4653 3798 4717 orbem

2148 4736 2515 4798 volubilis.[n
2538 4758 2716 4818 quem
2738 4740 3091 4804 Aristoteles
3110 4761 3244 4806 sese
3263 4743 3625 4823 praecipitem
3651 4745 3801 4825 egis-

2148 4843 2213 4885 se
2244 4826 2450 4907 fertur,
2486 4836 2548 4888 ut
2580 4830 2966 4908 praecedente
2996 4832 3265 4895 oratione
3296 4831 3573 4894 diximus.

2550 4930 2651 4995 13.
2700 4932 2785 4994 De
2841 4933 3079 5015 Elysiis
3138 4941 3391 5016 campis.

2231 5031 2749 5104 Quemadmodum
2779 5034 3117 5098 Christiana
3148 5036 3297 5098 fides
3325 5043 3502 5116 atque
3531 5035 3800 5099 doctrina

2149 5121 2492 5202 paradisum
2515 5122 2831 5201 quemdam
2858 5123 3169 5202 describit,
3186 5125 3263 5186 ita
3280 5124 3539 5202 gentiles
3559 5143 3799 5204 quoque

2150 5211 2418 5272 fictilium
2446 5211 2762 5290 quemdam
2788 5213 2981 5275 locum
3011 5214 3562 5293 describunt,quem
3585 5213 3798 5276 Fortué

2148 5310 2418 5361 natorum
2440 5298 2665 5361 insulas
2682 5309 2891 5363 vocant
2908 5302 3030 5363 sive
3052 5300 3311 5383 Elysium
3329 5302 3789 5383 campum,quot’

2145 5390 2421 5450 videlicet
2443 5407 2513 5449 eo
2536 5390 2905 5472 veniant,qui
2926 5392 3067 5454 vitae
3086 5392 3447 5455 curriculum
3472 5391 3778 5459 honestes!

2141 5498 2273 5540 cum
2296 5477 2509 5539 virtute
2530 5478 2943 5542 confecerunt.
2962 5483 3189 5545 Atvero
3203 5480 3765 5544 RhadamanthusJo

2139 5568 2226 5630 vis
2250 5567 2927 5651 tiliusesse,judicisque
2944 5588 3192 5634 munere
3215 5570 3372 5651 apud
3390 5570 3613 5633 inferos
3626 5570 3788 5651 fungi

2140 5657 2361 5721 dicitur
2379 5674 2392 5717 :
2410 5663 2588 5738 atque
2610 5676 2712 5720 eos
2732 5658 2974 5737 quidem
2997 5660 3099 5741 qui
3122 5659 3420 5741 supplicio
3442 5658 3607 5741 digni
3620 5667 3781 5733 sunt,
