4166 6414
307 307 458 388 1069

1305 296 1384 374 ῘΝ
1430 291 1888 372 ORATIONEM
1931 286 2010 363 IN
2053 289 2353 365 SANCTA
2397 298 2712 366 LUMINA.

3540 295 3709 374 1070

307 459 550 531 τιμῶσα,
606 453 708 510 ὅτι·
740 449 975 520 Θηϐαῖος
1031 449 1098 518 ἧν
1144 449 1206 504 τὸ
1261 445 1414 525 γένος
1473 445 1501 500 ὁ
1564 441 1835 531 Διόνυσος,
1890 442 1962 505 ὡς

2066 434 2307 500 liximus
2321 438 2456 501 Sem
2467 440 2623 501 elem
2639 437 2818 500 ﬁliam
2834 439 3020 502 fuisse
3037 439 3244 502 Cadmi
3260 443 3597 508 Thebarum
3612 466 3704 508 re-

301 529 381 603 έκή
425 550 523 612 τῆς
571 541 816 618 Σεμέλης
871 539 1137 619 γεννηθείς
1175 557 1187 570 ·
1223 537 1451 610 εἷ’πομεν
1522 533 1643 612 γὰρ,
1722 529 1804 586 ὅτι
1857 538 1961 586 Σε-

313 634 456 711 μέλη
482 633 716 711 θυγάτηρ
733 634 802 697 ἦν
829 629 1037 704 Κάδμου
1067 635 1160 686 τοῦ
1186 624 1376 698 Θηϐῶν
1407 622 1688 701 βασιλέως⁶
1723 619 1963 711 "Avi-3':th

306 707 361 780 δὲ
421 707 604 786 καλῶς
648 707 774 778 εἷπε
835 717 1120 795 Θηϐαίων,
1189 714 1373 784 ἐπειδὴ
1427 713 1512 770 ἐπὶ
1571 712 1743 790 μωρίᾳ
1785 707 1964 785 πολλῇ

305 809 684 869 διαϐάλλονται
740 811 788 866 οἱ
832 806 1086 882 Θηϐαῖοι,
1147 814 1235 862 καὶ
1290 803 1402 861 ἔστι
1462 801 1717 880 παροιμία
1770 800 1805 867 ἡ
1867 798 1962 853 λέ-

302 922 472 980 γουσα
508 919 520 932 ·
572 899 802 957 Βοιωτία
851 898 932 962 ὗς.
997 897 1093 952 Διὰ
1143 897 1192 951 τί
1244 893 1298 950 δὲ
1356 895 1383 948 ὁ
1440 891 1688 969 κεραυνὸς
1723 909 1964 980 προσκυ-

309 970 506 1070 iam;
543 987 689 1045 Διὸτι
737 984 1024 1068 κατέφλεξε
1059 985 1158 1053 τήν
1204 983 1468 1060 Σεμέλην.
1506 981 1577 1038 Τὸ
1626 977 1705 1059 δὲ⁷
1745 970 1967 1070 ’Ὠσπερ

310 1079 441 1136 ἄλλο
471 1068 522 1136 τι
550 1076 760 1159 κεφαλὴ
790 1078 1069 1156 πρότερον,
1107 1075 1259 1153 ἑτέρα
1294 1075 1388 1148 μὲν
1421 1071 1561 1128 ’ἐστιν
1593 1070 1812 1141 ἱστορία*
1851 1068 1970 1124 έπε-

311 1167 396 1236 ιδη
441 1166 496 1224 δὲ
520 1158 883 1242 συμπλέκεται
912 1166 1099 1244 ταύτῃ,
1137 1166 1429 1242 αναγκαῖον
1458 1162 1546 1217 καὶ
1576 1159 1742 1226 αὐτὴν
1771 1158 1966 1234 ἐξηγή-

307 1261 522 1319 σασθαι.
552 1255 620 1313 Ἠ
652 1255 860 1336 κεφαλὴ
883 1262 975 1312 τοῦ
1009 1256 1130 1317 Διὸς
1177 1252 1358 1332 γένονε
1401 1251 1609 1328 κεφαλή
1662 1270 1793 1305 ποτε
1837 1246 1964 1304 ὠδί-

307 1369 436 1421 νων,
468 1345 551 1404 ὅτι
595 1345 651 1402 ὲν
680 1345 844 1422 ἑαυτῇ
873 1345 1002 1425 εἶχε
1034 1344 1132 1412 τὴν
1189 1340 1438 1409 Ἀθηνᾶν.
1504 1340 1726 1417 Λέγεται
1761 1339 1861 1416 γὰρ
1929 1338 1965 1405 ἠ

307 1436 530 1512 Ἀθηνᾶ³
560 1434 641 1492 ὅτι
671 1435 733 1492 ἐκ
760 1441 858 1502 τῆς
887 1433 1123 1516 κεφαλῆς
1183 1440 1275 1490 τοῦ
1327 1433 1448 1493 Διὸς
1497 1429 1788 1509 ἐγαννήθη⁶
1851 1427 1970 1483 ἐκεῖ

312 1528 413 1606 γὰρ
444 1526 612 1594 αὒτὴν
639 1523 822 1581 ὤδινεν
853 1526 880 1581 ὁ
911 1525 1058 1597 Ζεὺς,
1088 1521 1186 1579 καί
1217 1519 1394 1579 λαϐὼν
1452 1520 1596 1598 παρὰ
1637 1525 1728 1576 τοῦ
1780 1516 1964 1574 ἔτεκεν

311 1615 362 1682 ἐξ
395 1619 560 1683 αὐτῆς
601 1614 700 1682 τὴν
732 1613 987 1680 Ἀθηνᾶν.

356 1716 441 1777 δ’,
475 1719 600 1799 Περὶ
628 1719 729 1784 τῆς
761 1714 1073 1797 Ἀφροδίτης
1110 1715 1204 1816 ,καὶ
1245 1719 1352 1770 τῶν
1396 1711 1633 1793 αἰσχρῶν
1677 1712 1980 1790 μυστηρίων
2005 1769 2045 1818 Β

1067 1818 1232 1863 αυτης
1244 1843 1257 1858 ,

406 1901 653 1980 Λέγεται,
703 1900 783 1958 ὅτι
836 1898 897 1957 ἐκ
969 1899 1076 1956 τῶν
1133 1896 1342 1953 αἰδοίων
1409 1901 1500 1952 τοῦ
1556 1898 1786 1975 Οὐρανοῦ
1845 1894 1976 1975 ἔσχε

308 1993 411 2062 τὴν
465 1991 712 2070 γέννησιν
770 1993 805 2059 ἡ
861 1987 1142 2068 Ἀφροδίτη
1198 2007 1210 2020 ·
1269 1989 1298 2042 ὃ
1351 1986 1452 2064 γὰρ
1510 1986 1730 2066 Κρόνος,
1791 1988 1977 2064 φησὶν,

319 2084 430 2148 υἱὸς
482 2088 575 2138 τοῦ
631 2080 880 2159 Οὐρανοῦ.
948 2077 1124 2136 λαϐὼν
1177 2079 1239 2134 τὸ
1293 2073 1575 2153 δρέπανον,
1621 2074 1860 2150 ἀπέκοψε
1890 2085 1983 2133 τοῦ

340 2169 450 2230 δίου
476 2172 676 2250 πατρὸς
711 2171 774 2226 τὰ
818 2167 1018 2242 αἰδοῖα,
1053 2169 1138 2223 καὶ
1183 2165 1392 2245 ἕῤῥιψεν
1443 2167 1515 2229 εἰς
1560 2165 1657 2232 τὴν
1686 2163 1978 2220 θάλασσαν·

319 2263 408 2320 καὶ
453 2259 686 2318 πεσόντα
732 2266 922 2339 ταῦτα³
981 2259 1069 2314 καὶ
1129 2257 1292 2336 ἀφρὸν
1350 2255 1664 2333 συνάξαντα,
1713 2254 1984 2321 ἆπεκύησε

329 2350 427 2417 τὴν
466 2347 808 2430 Ἀφροδίτην,
865 2348 958 2403 Διὸ
1019 2347 1108 2402 ναὶ
1171 2342 1458 2423 Ἀφροδίτη
1509 2342 1776 2417 καλεῖται,
1825 2345 1897 2408 ὡς
1928 2343 1985 2398 ἐγ

316 2446 414 2496 τοῦ
466 2438 632 2518 ἀφροῦ
663 2439 749 2494 διαὶ
799 2437 888 2503 τῆς
945 2432 1281 2497 καταδύσεως
1325 2431 1613 2518 γενομένη,
1653 2435 1747 2488 Διὸ
1804 2437 1982 2518 εἶπενξ

315 2517 573 2608 Αἰσχρῶς
629 2524 918 2605 γινομένης
968 2525 1058 2580 καὶ
1101 2521 1439 2598 τιμωμένης,
1500 2517 1733 2597 Ὀμοίως
1765 2523 1865 2602 γὰρ
1899 2517 1987 2579 ⁴(αἱ

321 2621 375 2674 αἱ
433 2618 585 2692 τιμαὶ
646 2618 696 2671 αἱ
750 2615 870 2693 περὶ
923 2613 1116 2679 ἑαυτὴν
1182 2613 1268 2668 καὶ
1326 2614 1378 2667 αἱ
1435 2612 1608 2691 ἑορταὶ
1668 2609 1736 2667 δι’
1810 2613 1978 2692 αἰσχ-

325 2708 564 2786 ρουργίας
629 2706 710 2761 καἶ
760 2701 1076 2772 ἡδυπάθείας
1120 2702 1207 2757 καὶ
1263 2701 1508 2780 προνείας
1567 2699 1869 2775 ἒτελοῦντο,
1904 2701 1977 2764 ὠς

321 2797 408 2852 καὶ
450 2794 549 2862 τῆς
579 2793 823 2874 πορνείας
866 2795 1030 2864 αὐτῆς
1063 2790 1222 2858 οὔσης
1247 2787 1436 2870 ἐφόρου
1467 2795 1564 2858 τῆς
1605 2787 1946 2870 Ἀφροδίτης.

579 2895 650 2957 ε’.
684 2897 809 2976 Περὶ
841 2899 942 2961 τῆς
975 2899 1080 2949 τῶν
1109 2893 1322 2972 Ταύρων
1357 2890 1712 2958 ξενοκτονίας.

2051 526 2168 604 gis.
2210 526 2580 592 Dementiam
2616 545 2756 593 vero
2795 529 3046 609 pulchre
3077 529 3220 590 dixit
3253 531 3702 611 Thebanorum,

2049 634 2184 678 cum
2207 617 2508 680 dementia
2530 636 2742 696 magna
2763 617 3039 679 laborent
3058 617 3328 682 Thebani
3350 633 3442 699 ;et
3464 635 3550 686 est
3577 643 3710 703 pro-

2055 705 2315 768 verbium
2352 709 2562 769 dicens
2593 729 2606 768 :
2652 708 2966 770 Thebanus
2995 728 3121 771 sus.
3158 710 3275 772 Cur
3311 731 3446 774 vero
3482 713 3706 777 fulmen

2051 797 2379 859 adoratur?
2411 797 2554 868 Quia
2588 797 2857 858 incendit
2887 798 3194 862 Semelen.
3233 800 3382 863 [llud
3437 821 3601 884 vero,
3635 800 3710 867 Ut

2053 887 2428 966 caputalium
2464 886 2779 966 quemdam
2810 887 2991 948 fetum
3023 888 3184 967 prius
3207 892 3716 970 parturierat,alia

2053 984 2141 1037 est
2163 976 2584 1038 historia.Cum
2611 986 2806 1036 autem
2824 979 3431 1054 comprehenditurin
3449 999 3520 1042 ea
3535 1001 3712 1062 quam

2055 1065 2316 1128 dicimus
2353 1085 2601 1128 necesse
2625 1066 2799 1126 etiam
2829 1085 2958 1126 eam
2993 1068 3298 1147 explicari.
3334 1068 3524 1150 Caput
3555 1071 3714 1135 Jovis

2055 1156 2393 1235 parturiens
2415 1156 2690 1235 iuit,quia
2719 1156 2779 1216 in
2807 1173 2877 1220 eo
2900 1157 3107 1218 habuit
3130 1158 3712 1224 Minervam.Dicitur

2053 1245 2214 1306 enim
2247 1245 2504 1306 Minerva
2537 1265 2568 1306 e
2600 1247 2791 1326 capite
2823 1246 2985 1308 Jovis
3019 1248 3335 1327 prodiisse,
3365 1249 3583 1330 quippe
3615 1250 3712 1312 hic

2055 1353 2185 1396 eam
2219 1336 2424 1413 genuit
2451 1335 2703 1414 Jupiter,
2736 1343 2794 1396 et
2823 1355 2956 1396 cum
2992 1356 3105 1415 ope
3137 1338 3370 1399 securis
3400 1337 3648 1401 Vulcani
3681 1356 3714 1400 e

2054 1423 2251 1506 capite
2281 1424 2514 1504 Jupiter
2548 1425 2845 1498 traxisset,
2877 1425 3083 1503 genuit
3112 1432 3184 1488 ex
3234 1445 3305 1488 eo
3355 1427 3708 1491 Minervam.

2205 1713 2266 1773 4.
2307 1713 2392 1772 De
2428 1709 2653 1772 Venere
2681 1717 2736 1772 et
2767 1711 3044 1790 turpibus
3073 1714 3385 1792 mysteriis
3414 1714 3571 1793 ejus.

2143 1889 2370 1951 Dicitur
2399 1907 2427 1948 e
2455 1889 2751 1969 pudendis
2780 1889 2924 1951 ϐωιὶ
2953 1891 3234 1952 habuisse
3257 1901 3450 1953 ortum
3486 1894 3710 1958 Venus;

2066 1979 2328 2059 Tempus
2361 1981 2545 2058 enim,
2581 1980 2685 2052 ait,
2715 1980 2870 2040 ﬁlius
2903 1979 3045 2040 Coeli
3079 1980 3234 2060 cepit
3259 1981 3495 2061 falcem,
3529 1986 3722 2046 secuit

2071 2069 2292 2150 proprii
2349 2073 2528 2148 patris
2584 2069 2881 2147 pudenda,
2917 2078 2976 2130 et
3026 2070 3276 2148 projecit
3324 2070 3386 2131 in
3441 2089 3625 2154 mare,
3661 2083 3721 2135 et

2067 2159 2331 2220 labentia
2388 2158 2487 2217 illa
2539 2175 2807 2237 spumam
2867 2176 3004 2222 cum
3084 2161 3540 2241 contraxissent,
3601 2182 3710 2240 ge-

2071 2258 2333 2310 nuerunt
2364 2246 2686 2310 Venerem.
2723 2252 2928 2328 Itaque
2960 2257 3018 2309 et
3062 2249 3400 2328 Aphrodite
3448 2262 3716 2328 vocatur,

2070 2349 2138 2401 ut
2168 2355 2202 2400 e
2232 2357 2447 2418 spuma
2481 2347 2539 2398 et
2570 2338 2958 2399 immersione
2983 2350 3134 2399 nata.
3165 2341 3366 2419 Itaque
3389 2340 3553 2420 dicit,
3579 2343 3722 2403 Tur-

2073 2429 2232 2508 piter
2267 2437 2402 2487 nata
2433 2436 2488 2487 et
2518 2428 2826 2489 honorata.
2861 2427 3124 2490 Decebat
3155 2429 3314 2489 enim
3349 2438 3413 2489 ut
3442 2431 3634 2491 cultus
3667 2441 3725 2493 et

2070 2520 2223 2580 festa
2244 2516 2497 2577 Veneris
2523 2517 2580 2575 in
2607 2517 3002 2596 turpitudine,
3027 2518 3262 2579 deliciis
3283 2527 3341 2579 et
3361 2520 3726 2582 scortatione

2071 2607 2545 2679 celebrarentur,
2571 2623 2704 2668 Cum
2735 2607 2861 2684 ipsa
2891 2607 3361 2669 sitscortationis
3393 2627 3636 2688 praises.

2510 2877 2568 2937 5.
2608 2876 2692 2935 De
2730 2876 3068 2938 Taurorum
3094 2875 3275 2938 ccede.

387 3001 448 3057 Οἱ
498 3005 690 3077 Ταῦροι
750 2968 896 3061 έθνος
955 2968 1233 3074 amoma»,
1294 2995 1469 3058 καθώς
1521 3018 1682 3074 φησιν
1729 2997 1757 3051 ὁ
1791 2986 1953 3074 Ἠρό-

2146 2981 3716 3067 Tauri.pupulusScythicus,utdicitHerodotus,apud

299 3085 471 3165 δοτος,
503 3088 559 3144 ἐν
602 3088 647 3163 ᾦ
677 3087 744 3155 ἧν
777 3088 916 3166 ἱερὸν
964 3091 1062 3152 τῆς
1109 3082 1445 3163 Ἀρτέμιδος,
1502 3087 1574 3148 εἰς
1607 3085 1634 3140 ὃ
1665 3089 1733 3154 ἦν
1789 3085 1954 3163 ἱέρεια

296 3181 330 3247 ἦ
387 3177 620 3256 θυγάτηρ
671 3184 764 3236 τοῦ
807 3176 1208 3254 Ἀγαμέμνονος
1269 3174 1573 3253 Ἰφιγένεια,
1635 3175 1728 3231 Ἐν
1784 3177 1956 3246 τούτῳ

2065 3091 2213 3154 quos
2241 3073 2342 3132 fuit
2371 3073 2657 3151 templum
2694 3073 2985 3147 Dianae,in
3010 3094 3125 3154 quo
3144 3082 3268 3134 erat
3292 3075 3572 3136 sacerdos
3597 3079 3717 3141 ﬁlia

2069 3171 2535 3241 Agamemneuzs
2557 3164 2886 3241 iphigenia.
2905 3164 2966 3224 ln
2991 3165 3101 3224 hoc
3122 3165 3340 3244 templo
3359 3183 3598 3228 omnem
3619 3171 3722 3231 ho-

296 3273 374 3341 τῷ
429 3267 554 3344 ἱερῷ
587 3267 758 3323 πάντα
814 3265 1086 3344 ἄνθρωπον
1145 3262 1506 3339 ἐπιδημοῦντα
1535 3263 1678 3329 ξένον
1709 3263 1857 3320 ἔθυον
1886 3265 1954 3330 τῆ

2066 3253 2262 3314 niuem
2293 3254 2705 3321 advenientem
2737 3256 3122 3332 peregrinum
3147 3254 3558 3322 immolabant
3584 3261 3716 3323 Dia-

299 3354 596 3435 Ἀρτέμιδι.
635 3357 732 3414 Καὶ
754 3355 870 3429 περὶ
917 3354 1116 3420 ταύτης
1145 3357 1246 3420 τῆς
1276 3355 1507 3433 ἱστορίας
1538 3353 1593 3409 ἐν
1624 3361 1700 3428 τῷ
1744 3351 1952 3420 Στηλι-

305 3450 532 3503 τευτικῶ
572 3450 754 3526 σαφῶς
783 3440 1026 3518 λέξομεν,

749 3547 855 3622 ς“⁹.
904 3547 1035 3626 Περὶ
1075 3554 1172 3606 τοῦ
1202 3547 1532 3627 Τροφωνίου,

389 3653 694 3736 Τροφώνιος
752 3653 838 3709 καὶ
906 3647 1226 3729 Ἀγαμήδης
1284 3649 1500 3730 ἀδελφοὶ
1567 3651 1656 3708 δύο
1707 3651 1980 3732 γέγόνασι,

301 3744 521 3819 μάντεις
569 3744 666 3812 τὴν
697 3743 924 3823 τέχοην.
968 3739 1178 3798 Τούτων
1238 3744 1265 3798 ὁ
1322 3746 1651 3822 Τροφώνιος,
1687 3743 1789 3799 ὑπὸ
1823 3764 1982 3801 κενο-

300 3830 477 3900 δοξίας
532 3829 856 3912 ὑποϐρύχιος
899 3827 966 3896 δὴ
995 3830 1260 3909 γεγονὼς,
1300 3830 1356 3887 ἐν
1406 3831 1652 3906 σκηλαίῳ
1683 3835 1786 3888 τινὶ
1842 3832 1970 3890 ἀπέ-

2079 3361 2155 3407 re.
2190 3343 2261 3406 Et
2291 3343 2365 3404 de
2383 3360 2453 3404 ea
2482 3343 2733 3404 historia
2763 3344 2819 3403 iu
2844 3344 3216 3407 b‘telz‘teutico
3237 3347 3410 3426 plane
3425 3350 3718 3414 dicemus.

2041 3466 2071 3493 η

2603 3524 2663 3584 6.
2720 3525 2804 3584 De
2837 3522 3202 3602 Trophonio.

2150 3634 2529 3717 TrOphonius
2562 3645 2618 3696 et
2649 3637 2990 3714 Agamedes
3033 3637 3242 3700 fratres
3293 3642 3409 3705 duo
3455 3642 3721 3716 fuerunt,

2069 3731 2227 3788 vates
2253 3736 2378 3787 arte
2407 3748 2419 3788 :
2447 3745 2700 3802 quorum
2722 3725 3596 3811 alter,Trophonius,superhia
3627 3735 3720 3795 ni—

2068 3815 2250 3876 mium
2287 3816 2551 3896 inflatus,
2578 3816 2922 3895 speluncam
2958 3818 3270 3894 quamdam
3299 3822 3480 3881 subiit
3512 3831 3570 3884 et
3601 3842 3720 3884 non

297 3922 480 4000 ψυξεν.
540 3905 683 3981 Εἶτα
837 3921 959 3977 Θεοὶ
1010 3905 1360 3996 έλεήσαντες,
1424 3923 1606 4002 φησὶν,
1665 3923 1820 3978 αὒτὸν
1880 3925 1968 3978 τὸν

2066 3907 2321 3985 amplius
2355 3907 2644 3986 apparuit.
2686 3905 2916 3967 Deinde
2953 3905 3043 3967 Dii
3099 3907 3353 3982 miserti,
3383 3911 3484 3986 ait,
3523 3912 3717 3990 ipsum

305 4013 472 4070 τόπον
539 4011 596 4068 ὲν
670 4014 716 4086 ᾧ
796 4006 1083 4085 ἂπέψυξεν,
1137 4009 1396 4078 ἱποίησαν
1453 4012 1820 4088 μαντεύεσθαιο
1882 4010 1968 4068 καὶ

2066 3999 2249 4058 locum
2285 3998 2344 4057 in
2381 4017 2493 4078 quo
2527 4004 2865 4069 evanncrat,
2902 3997 3142 4057 oraculo
3177 3998 3582 4078 insignierunt
3609 4026 3624 4070 ;
3655 4010 3721 4063 et

295 4103 567 4179 κατῄεσαν
616 4084 696 4165 εἰς.
747 4099 812 4156 τδ
868 4099 1166 4181 σπήλαιον,
1230 4100 1316 4156 καί
1375 4084 1521 4166 τιν-ας
1569 4099 1788 4164 τελετὰς
1839 4123 1968 4157 ποι-

2066 4084 2492 4147 iescenderunt
2512 4086 2571 4147 in
2597 4094 2923 4166 antrum,et
2944 4087 3214 4165 quaedam
3243 4089 3522 4169 mysteria
3540 4090 3707 4151 insti-

299 4175 480 4255 οῦντες
543 4188 798 4268 ἀνῄεσαν,
855 4190 929 4252 ὡς
980 4175 1556 4268 χρησμοδοτισθέντες.
1605 4189 1831 4270 Λέγεται
1882 4189 1960 4268 δὲ,

2066 4183 2310 4246 ιυθῐυηι,
2342 4185 2403 4237 ιιι
2428 4180 2665 4237 oracu'a
2689 4177 2918 4237 dantes.
2947 4175 3161 4238 Dicunt
3183 4197 3422 4240 omnem
3452 4181 3702 4242 descen-

301 4279 384 4336 ὅτι
449 4286 554 4345 πᾶς
610 4265 882 4337 κατελθὼν
945 4265 1036 4342 εἷς.
1061 4279 1122 4335 τὸ
1179 4277 1448 4350 σπήλαιον
1491 4265 1704 4350 ἐκεῖνο,⁷
1757 4280 1816 4337 ἐκ
1875 4265 1967 4340 τοῦ

2066 4265 2288 4326 lentem
2354 4267 2412 4326 in
2470 4265 2580 4328 hoc
2637 4277 2900 4338 antrum,
2959 4265 3020 4325 in
3073 4266 3336 4328 futurum
3397 4288 3700 4350 nunquam

2066 4353 2245 4377 -2J-_-

302 4367 496 4428 λοιποῦ
525 4369 818 4450 ἀγέλαστος
849 4368 942 4437 ἧν,

625 4467 728 4545 ς’.
755 4469 881 4540 Περὶ
909 4471 1007 4537 τῆς
1042 4464 1356 4534 Δωδωναίας
1406 4467 1582 4552 δρυός.

381 4569 447 4626 Ἦ
481 4566 713 4636 Δωδώνη
765 4566 922 4633 πόλις
975 4566 1087 4623 ἒστὶ
1142 4569 1260 4647 περὶ
1329 4569 1428 4637 τὴν
1487 4569 1720 4628 παλαιὰν
1755 4567 1958 4628 ’Ἤπει-

299 4683 412 4740 ρον.
445 4657 537 4720 Ἐν
579 4659 746 4740 ταύτῃ
776 4657 840 4726 ἦν
869 4655 1012 4739 δρῦς,
1047 4657 1102 4713 ἐν
1133 4657 1168 4726 ἧ
1201 4656 1417 4739 ἐλέγετο
1476 4662 1503 4716 ὁ
1552 4661 1676 4725 Ζεὺς
1704 4662 1958 4719 ἓπισκιά-

297 4752 406 4823 ζειν
458 4751 546 4808 καὶ
617 4749 866 4826 μαντείαν
927 4746 1124 4805 διδόναι
1183 4762 1304 4813 τοῖς
1363 4752 1644 4830 χρήζουσι,
1707 4752 1959 4827 μαντείας

295 4839 351 4910 ἐξ
381 4843 546 4910 αὐτῆς
577 4839 728 4919 δρυὸς
758 4839 1031 4916 κινήματα
1060 4844 1137 4913 τῷ
1167 4839 1355 4914 μάντει
1391 4839 1748 4922 ἐξηχούμενα.

701 4940 786 5009 η’.
823 4939 947 5018 Περί
977 4939 1074 5007 νῆς
1112 4938 1436 5004 Κασταλίας.

384 5040 553 5100 ’Ἔστι
601 5040 757 5118 πηγὴ
811 5039 928 5118 περὶ
969 5038 1071 5106 τὴν
1129 5036 1496 5120 Ἀντιόχειαν,
1544 5040 1600 5098 ἐν
1627 5043 1664 5117 ᾗ
1693 5043 1720 5098 ὁ
1752 5041 1956 5100 Ἀπόλ-

299 5129 408 5189 λων
466 5127 756 5210 ἐφεδρεύει·
816 5127 869 5185 ἐν
935 5128 972 5204 ᾗ
1029 5133 1182 5206 πηγῇ
1261 5130 1480 5205 μαντεία
1535 5153 1616 5194 τις
1685 5131 1957 5212 ἱξειρέρετο

300 5219 438 5277 κατᾶ
492 5220 594 5287 τὴν
651 5215 857 5274 τοιάνδε
915 5215 1111 5296 ἐκροὴν
1158 5217 1254 5275 τοῦ
1310 5220 1569 5295 νάματος,
1601 5225 1660 5280 οὐ
1687 5224 1823 5279 κατά
1849 5246 1956 5304 φω-

301 5311 424 5382 νην·
472 5310 532 5367 οὗ
559 5308 660 5390 γὰρ
687 5307 838 5388 φωνή
871 5328 952 5370 τις
984 5305 1262 5384 ἐξηχεϊτο,
1294 5308 1414 5366 ἀλλ’
1445 5309 1615 5368 ἁπλοῦ
1643 5310 1787 5393 ἤχου
1813 5314 1957 5377 τινὸς

298 5402 389 5460 καὶ
445 5399 746 5474 πνεύματος
803 5393 1172 5471 ἄνοδιδομένου
1218 5401 1306 5455 καὶ
1350 5400 1566 5482 ἐκροῆς,
1622 5405 1753 5481 πρὸς
1798 5404 1830 5460 ἃ
1861 5427 1955 5462 τι-

296 5491 569 5567 ἶστάμενοι
599 5491 689 5547 καὶ
731 5498 972 5552 νοοῦντες
1032 5487 1098 5543 τὰ
1156 5487 1396 5565 σύμϐολα
1428 5499 1615 5568 ταῦτα,
1663 5492 1848 5575 ἔλεγον
1895 5497 1961 5552 τὰ

301 5579 566 5656 μέλλοντα
576 5627 589 5641 ,

2048 4353 2274 4418 ridere.

2471 4467 2530 4529 7.
2570 4468 2651 4528 De
2687 4466 2993 4528 Dodonwa
3026 4485 3277 4547 quercu.

2123 4563 2369 4626 Dodone
2401 4565 2542 4625 urbs
2575 4573 2664 4627 est
2696 4585 2901 4627 versus
2935 4577 3192 4629 veterem
3228 4568 3495 4650 Epirum.
3521 4567 3588 4632 In
3623 4589 3695 4633 ea

2045 4663 2171 4717 erat
2197 4672 2456 4734 quercus
2483 4654 2592 4716 sub
2629 4655 2804 4734 cujus
2839 4656 3048 4717 umbra
3104 4657 3418 4721 dicebatur
3463 4659 3700 4741 Jupiter

2044 4745 2355 4827 quiescere
2392 4753 2448 4805 et
2478 4745 2716 4808 oracula
2765 4746 2910 4807 dare
2963 4749 3327 4832 petentibus,
3362 4750 3600 4812 oracula
3626 4769 3697 4812 ex

2042 4835 2174 4917 ipsa
2203 4853 2428 4915 quercu
2466 4835 2726 4896 motibus
2758 4836 2866 4896 vati
2897 4837 3274 4902 sonantibus.

2609 4952 2666 5006 8.
2707 4947 2788 5007 De
2829 4947 3130 5010 Castalia.

2123 5045 2222 5106 Est
2256 5045 2387 5106 fons
2429 5062 2642 5106 versus
2687 5044 3093 5119 Antiochiam,
3125 5045 3218 5106 cui
3273 5045 3477 5125 Apollo
3531 5064 3688 5126 prae-

2042 5134 2296 5199 sidebat.
2323 5133 2388 5194 In
2409 5153 2478 5193 eo
2505 5134 2668 5196 fonte
2695 5133 2998 5194 oraculum
3025 5133 3318 5213 quoddam
3346 5134 3698 5196 narrabatur

2043 5225 2370 5289 secundum
2393 5224 2567 5284 talem
2589 5223 2676 5284 vel
2703 5223 2874 5282 talem
2892 5240 3131 5282 cursum
3150 5221 3472 5292 undae,non
3491 5241 3677 5284 secuu
3697 5251 3718 5261 -

2043 5315 2183 5378 dum
2216 5333 2421 5374 vocem
2453 5334 2469 5388 ;
2505 5333 2620 5373 non
2654 5313 2812 5374 enim
2845 5332 2951 5373 vox
2996 5313 3262 5392 quaedam
3317 5312 3694 5390 audiebatur,

2044 5404 2149 5468 sed
2185 5412 2411 5463 tantum
2449 5421 2719 5463 murmur
2745 5403 3044 5482 quoddam
3077 5410 3134 5462 et
3158 5402 3322 5479 quasi
3356 5401 3603 5480 spiritus
3629 5421 3697 5464 ex

2046 5493 2284 5557 ﬂuentis
2310 5493 2540 5566 exiens,
2563 5494 2729 5568 juxta
2760 5491 2913 5572 quod
2951 5490 3193 5571 quidam
3220 5491 3479 5552 scientes
3511 5505 3572 5553 et
3604 5494 3698 5553 in-

2047 5583 2384 5660 telligentes
2411 5582 2581 5659 signa
2612 5581 2745 5661 ista,
2782 5580 3066 5641 dicebant
3096 5579 3312 5642 futura.
