4166 6396
301 379 456 446 1108

1178 377 1503 444 SGHOLIA
1542 374 1624 443 IN
1671 373 1900 441 ORAT.
1947 369 1976 438 Ῑ
2014 373 2324 441 CONTRA
2366 373 2785 442 IULIANUM.

3525 379 3687 447 1106

293 517 490 592 μείζονι
535 513 750 594 βασιλεῖ
809 519 1041 587 Χροστῷο
1103 512 1305 570 τούτων
1357 511 1446 571 οὖν
1493 511 1614 575 τοὺς
1655 510 1752 587 μὲν
1795 533 1969 592 παρ-ι

2046 507 2303 589 lucebat,
2337 508 2441 569 sed
2474 508 2670 589 reipsa
2702 508 2862 590 quod
2894 526 3037 590 erga
3052 511 3341 591 majorem
3371 511 3696 592 imperatoi

290 605 592 686 ωσάμενος,
625 607 747 670 τοὺς
969 599 1092 665 573
1120 602 1244 684 τοῦ]
1280 600 1334 660 δὲ
1362 601 1570 678 θανάτῳ
1620 600 1947 683 προεξάγων,

290 697 445 779 ιρησὶ,
477 696 756 777 πρότερον.

369 873 502 940 001.
525 874 643 938 388
673 873 746 938 Α.
783 872 880 936 14.
914 871 1100 948 Τολμᾷ
1127 891 1188 930 τε
1238 869 1343 940 ἤδη
1397 869 1512 950 (88)
1562 870 1650 928 καὶ
1695 871 1832 929 κατὰ
1858 877 1951 931 τοῦ

291 964 531 1044 μεγάλου
590 965 948 1040 συνθήματος.
999 965 1103 1024 ι’ὸν
1157 961 1331 1038 τίμιον
1387 961 1609 1040 σταυρὸν
1666 960 1834 1041 λέγει,
1889 961 1948 1027 ὃς

290 1053 666 1132 προπομπεύει
717 1053 807 1110 καὶ
861 1050 1241 1132 προπορεύεται
1309 1050 1400 1108 καὶ
1439 1049 1557 1129 ἄγει
1599 1051 1694 1107 τὸν
1724 1051 1948 1129 στρατδν

291 1144 364 1205 είς
394 1141 530 1219 ὕψος
559 1141 864 1222 αἰρόμενος,
914 1139 1163 1220 λυτήριον
1236 1139 1491 1216 καμάτων
1539 1140 1824 1220 ὑπάρχων,
1859 1140 1947 1199 καὶ

291 1232 426 1289 κατὰ
481 1232 774 1308 Ῥωμαίους
827 1230 1246 1308 ὀνομαζόμενος.
1294 1228 1492 1286 "Eous
1542 1228 1597 1286 δὶ
1640 1235 1794 1288 τοῦτο
1837 1251 1946 1298 ση-

292 1321 498 1396 μαίνειν
545 1324 580 1390 ἠ
632 1320 867 1378 Λατίνων
923 1321 1100 1400 φωνὴ,
1155 1320 1218 1375 τὸ
1274 1317 1452 1397 σίγνον
1508 1317 1545 1388 ἢ
1595 1315 1805 1398 βᾶνδον,
1835 1317 1946 1386 ἥτι

289 1410 465 1490 Ῑτερον
525 1410 801 1488 βασιλεῦον
849 1414 954 1466 τῶν
999 1407 1220 1489 [σοίδέ.
1282 1405 1701 1487 βασιλευόντων]
1744 1403 1948 1465 λοιπῶν

289 1501 529 1575 σημείων
558 1497 877 1579 βασιλικῶν,
906 1496 1006 1557 ὅσα
1040 1496 1161 1568 έξῆς
1191 1497 1605 1577 ἀπαριθμετται.

372 1588 524 1654 ibid.
588 1588 634 1653 C
690 1589 746 1652 1.
804 1588 1134 1656 Εὒηθέστατε
1215 1587 1304 1644 καὶ
1383 1583 1723 1645 ἀσεϐέστατε.
1799 1585 1947 1644 Μετᾶ

290 1680 585 1778 βαρύτητος
629 1676 764 1778 Ξέγαν
814 1676 1053 1778 σφοξρῡξν
1084 1676 1429 1778 ἀποστρέψας
1474 1674 1645 1778 λέγει*
1783 1677 1947 1778 μένον
1968 1726 2008 1778 Β

293 1770 447 1829 αὐτὸν
492 1766 827 1847 ἂπαίδευτον,
898 1766 1036 1823 ἀλλὰ
1101 1769 1188 1823 καὶ
1247 1766 1426 1845 μωρὸν
1488 1765 1779 1823 ἀποκαλῶν
1835 1763 1945 1821 δεί-

291 1879 462 1921 κνυσι.
499 1856 734 1916 Παλαιὸν
775 1856 830 1914 δὲ
881 1857 970 1914 καὶ
1020 1855 1136 1914 νέον
1164 1858 1228 1914 τὸ
1271 1856 1519 1935 κήρυγμα
1555 1858 1701 1930 εἶπε,
1733 1856 1796 1913 τὸ
1822 1854 1942 1936 μὶν,

290 1946 371 2006 ὅτι
422 1948 512 2004 καὶ
567 1949 667 2025 πρὸ
728 1947 933 2004 αἰώνων
962 1947 1050 2004 καὶ
1096 1947 1199 2024 πρὸ
1249 1943 1556 2011 καταϐολῆς
1610 1946 1813 2021 κόσμου
1852 1945 1943 2018 ἦν,

293 2041 421 2093 εἴκα
450 2037 537 2092 καὶ
563 2037 664 2092 ὑπὸ
697 2033 920 2115 [σοὶδΙ.
977 2034 1123 2113 ὅπερ]
1178 2036 1466 2114 προφητῶν
1522 2034 1816 2112 κεκήρυκτο
1845 2036 1945 2102 τῆς

294 2125 532 2189 Παλαιᾶς
608 2126 904 2199 Διαθήκης,
964 2126 1026 2181 τὸ
1073 2123 1128 2179 δὲ
1182 2123 1263 2179 ὅτι
1308 2123 1396 2180 καὶ
1454 2122 1507 2179 iv
1565 2128 1633 2200 τῇ
1675 2121 1946 2196 συντελείᾳ

291 2214 658 2297 πεφανέρωται
708 2219 815 2271 τῶν
889 2213 1119 2294 αἰώνων,
1176 2214 1238 2270 τὸ
1292 2213 1390 2289 μὲν
1437 2224 1557 2277 τοῖς
1588 2212 1788 2291 ὀλίγοις
1818 2224 1943 2277 ταῖς

291 2305 567 2386 προτέραις
605 2305 822 2383 γενεαῖς
873 2303 930 2360 ἓν
984 2302 1358 2384 σκιαγραφίαις
1403 2303 1493 2359 καὶ
1538 2302 1754 2377 τύποις,
1802 2308 1950 2359 πολ--

292 2394 414 2460 λοῖς
461 2393 516 2451 δὲ
567 2415 685 2456 τοις
732 2394 786 2450 έν
845 2399 912 2470 τῇ
960 2393 1146 2474 χάριτι
1203 2391 1588 2469 έκτυπώτερον,
1637 2393 1708 2451 Τὸ
1738 2389 1817 2463 δὲ,
1852 2390 1944 2458 Ὠς

291 2485 448 2560 ὑμεῖς
502 2489 608 2540 τῶν
665 2487 798 2540 θεῶν
852 2484 1002 2558 ὑμῶν
1073 2503 1193 2540 τινα
1246 2482 1366 2539 τὲον
1433 2481 1514 2537 ἀεὶ
1585 2482 1946 2562 τερατεύεσθε,

294 2573 575 2631 αἰνίττεται
618 2573 708 2629 τὸν
761 2570 1106 2646 Ἀπόλλωνα,
1139 2570 1255 2628 incl
1284 2571 1370 2629 καὶ
1422 2570 1660 2651 ἀγένειον
1703 2572 1950 2652 ἱστοροῦ-

296 2686 379 2720 σιν
429 2663 608 2722 αὒτόν.
895 2727 912 2748 ς
1628 2730 1642 2754 κ

379 2751 507 2817 C01.
546 2750 665 2817 589
694 2748 745 2813 Α
772 2748 836 2815 2.
870 2749 886 2775 ’
910 2757 988 2810 Ην
1019 2750 1093 2813 ὡς
1125 2750 1258 2814 Θοδς
1294 2747 1564 2819 έποίησεν.
1600 2747 1716 2810 Ἠν
1743 2751 1952 2830 κληρο-

296 2843 484 2920 νομίαν
533 2845 620 2899 καὶ
662 2841 880 2909 έποίησε
939 2835 1077 2923 [ms.
1110 2839 1228 2904 573
1265 2838 1464 2920 κλῆρον
1507 2839 1624 2922 im]
1655 2842 1743 2899 καί
1777 2839 1951 2910 ἄκλη-

299 2933 621 3014 ρονόμησεν⁹
687 2934 761 2997 ὡς
813 2931 943 2996 Θεὸς
995 2930 1269 3005 ἐποίησεν,
1315 2931 1388 2996 ὣς
1420 2928 1692 3009 ἅνθρωπος
1723 2930 1956 3011 ἐκληρο-

297 3023 521 3091 νόμησε⁶
557 3021 616 3078 οὔ
647 3023 783 3081 κατὰ
840 3027 934 3078 τοῦ
1005 3019 1238 3096 αἵματος
1294 3024 1386 3078 τοῦ
1443 3026 1671 3096 Χριστοῦ
1713 3023 1809 3078 τοῦ
1862 3023 1955 3078 τὸν

2034 615 2161 660 rem
2187 597 2481 661 Christum
2505 597 2783 661 benevoli
2807 603 2998 662 erant:
3035 618 3290 680 quorum
3319 600 3502 680 igitur
3533 602 3685 665 alios

2033 687 2277 766 quidem
2309 686 2720 765 submovebat,
2753 687 2900 751 alios
2943 697 3136 754 morte
3177 691 3342 771 prius
3371 690 3685 755 subduce-

2033 775 2159 851 bat,
2193 778 2296 842 ait.

2117 866 2465 941 Quinetiam
2513 866 2800 929 adversus
2857 885 3151 948 magnum
3207 868 3367 932 illud
3392 869 3693 935 vexillum

2030 956 2294 1020 audacia
2321 954 2944 1034 e/fertur.Pretiosam
2965 957 3107 1020 dicit
3137 977 3546 1040 crucem,quaa
3568 979 3696 1022 ma-

2029 1045 2244 1125 gnitice
2278 1045 2582 1126 praicedit,
2615 1045 2677 1106 in
2704 1046 3012 1128 altumque
3036 1047 3189 1110 elata
3219 1050 3546 1112 exercitum
3567 1050 3688 1113 du-

2031 1137 2537 1207 cit,zerumnarum
2569 1135 2994 1199 solvendarum
3017 1136 3134 1198 vim
3169 1137 3691 1220 habens,hincque

2027 1223 2185 1304 apud
2214 1224 2513 1286 Romanos
2545 1242 2764 1285 nomen
2790 1226 3054 1288 trahens.
3083 1223 3209 1290 Hoc
3239 1235 3436 1290 autem
3467 1228 3692 1292 indica-

2029 1331 2098 1376 re
2139 1313 2373 1374 videtur
2429 1312 2642 1376 Latina
2704 1332 2814 1376 vox
2860 1316 3106 1394 signum
3149 1318 3238 1377 vel
3276 1316 3569 1394 baudum,
3593 1320 3690 1382 vel

2030 1403 2282 1484 quodvis
2306 1402 2468 1463 aliud
2511 1403 2910 1485 principatum
2943 1405 3005 1467 in
3038 1405 3270 1487 reliqua
3299 1406 3687 1488 imperatoria

2029 1493 2250 1556 vexilla
2285 1503 2522 1567 tenens,
2561 1511 2694 1574 qua:
2723 1495 3012 1558 continuo
3043 1506 3498 1561 enumerantur.

2109 1583 2306 1646 Homo
2337 1584 2698 1647 stultissime
2727 1593 2787 1648 et
2817 1585 3207 1666 impi-issime.
3260 1590 3374 1649 Per
3415 1597 3690 1669 apostro-

2032 1673 2192 1754 phen
2225 1672 2599 1734 vehementia
2625 1681 2682 1734 et
2712 1676 3046 1737 acerbitate
3076 1676 3368 1740 invehens
3395 1678 3692 1760 dicit;non

2033 1762 2210 1824 modo
2245 1780 2381 1824 eum
2415 1761 2784 1843 imperitum,
2819 1763 2926 1827 sed
2957 1771 3016 1825 et
3040 1765 3291 1828 stultum
3321 1768 3691 1848 compellans

2031 1852 2296 1914 ostendit
2315 1851 2598 1916 Veterem
2627 1871 2964 1936 novamque
2991 1855 3480 1935 pradicationem
3517 1858 3688 1936 dixit,

2036 1951 2292 2005 veterem
2334 1942 2473 2023 quia
2504 1950 2640 2004 ante
2675 1943 2897 2005 saecula
2941 1944 3267 2025 mundique
3327 1946 3690 2029 principium

2031 2033 2282 2113 erat,vel
2314 2051 2347 2094 a
2373 2031 2609 2095 Veteris
2643 2032 3012 2096 Testamenti
3043 2035 3352 2116 prophetis
3374 2038 3697 2118 praedicata

2031 2131 2360 2201 est;novam
2387 2122 2697 2204 vero,quia
2725 2123 2787 2184 in
2821 2124 3176 2187 saeculorum
3211 2129 3694 2191 consummatim

2029 2233 2104 2274 ne
2130 2213 2503 2274 manifestata
2526 2223 2637 2290 est;
2671 2222 2933 2276 veterem
2967 2214 3111 2291 quia
3142 2216 3346 2295 paucis
3378 2225 3436 2279 et
3466 2218 3690 2298 priori-

2030 2301 2142 2364 bus
2173 2302 2665 2381 generationibus
2689 2303 3041 2366 adumbrata
3059 2311 3118 2366 et
3145 2305 3348 2384 figuris
3379 2325 3686 2390 expressa,

2031 2391 2349 2474 multisque
2368 2392 2428 2452 in
2447 2392 2634 2471 gratia
2661 2395 2920 2474 apertius
2951 2392 3408 2458 declarata.Hoc
3437 2397 3696 2478 vero,Ut

2035 2499 2134 2544 vos
2157 2483 2412 2544 deorum
2443 2483 2760 2562 quemdam
2785 2489 3126 2562 portentose
3149 2487 3695 2569 confugitis,Apol—

2037 2570 2220 2632 linem
2255 2571 2657 2653 innuit,quem
2693 2572 3028 2636 imberbem
3063 2572 3248 2638 fuisse
3279 2583 3546 2638 narrant.

2119 2751 2327 2826 Quam
2357 2760 2422 2813 ut
2457 2750 2619 2813 Deus
2648 2753 2906 2816 creavit.
2960 2751 3147 2824 Quam
3193 2753 3605 2817 haereditatem
3637 2763 3700 2818 et

2035 2839 2175 2903 fecit
2206 2840 2553 2903 haereditate
2577 2849 2940 2904 consecutus
2963 2850 3074 2905 est.
3109 2846 3186 2906 Ut
3225 2842 3383 2905 Deus
3431 2843 3592 2920 fecit,
3629 2851 3695 2907 ut

2036 2931 2216 2991 homo
2250 2931 2595 2994 haereditate
2613 2940 2972 2994 consecutus
2993 2931 3202 2994 est.Tu
3222 2932 3504 2996 adversus
3525 2933 3698 2997 Chri-

2040 3021 2116 3082 sti
2147 3021 2529 3102 sanguinem,
2572 3040 2688 3102 quo
2749 3022 3012 3085 mundus
3057 3031 3342 3102 purgatus
3398 3031 3513 3098 est,
3558 3041 3696 3089 cum

301 3113 507 3189 κόσμον
562 3114 894 3188 καθήραντος
946 3109 1070 3174 τοῖς
1119 3123 1240 3175 σοῖς
1273 3123 1493 3188 μιαροῖς
1523 3109 1831 3190 έκχυθεϊσιν
1860 3109 1959 3168 α’ί-

2046 3109 2300 3191 impuris
2323 3109 2636 3174 cruoribus
2667 3111 2804 3185 tuis,
2837 3130 2990 3186 quos
3019 3111 3394 3176 daemonibus
3423 3113 3626 3177 offers.

304 3223 438 3278 μασι
468 3215 588 3264 τοῖς
631 3199 895 3277 δαίμοσιν,

381 3289 513 3353 Col.
541 3289 664 3352 δερ
701 3289 771 3353 c.
806 3288 906 3353 io.
943 3279 1003 3348 ὀ
1033 3289 1133 3358 τὴν
1191 3279 1512 3367 Ἡρακλέους
1541 3285 1709 3346 σέεων
1738 3285 1959 3367 [Eam

300 3379 600 3458 θαυμάζων]
659 3379 846 3459 πυράν.
912 3377 1078 3442 Οὗτος
1110 3375 1330 3458 [ϐοιει.
1363 3377 1453 3458 οὗ]
1485 3383 1693 3458 χιτῶνα
1733 3379 1839 3435 ὑπὸ
1868 3387 1962 3440 τοῦ

303 3469 505 3529 Νέσσου
558 3476 652 3526 τοῦ
708 3468 956 3547 γίγαντος
1010 3466 1462 3546 καταρῤεύσαντος
1496 3464 1728 3548 αἵματος
1757 3489 1956 3548 κεχρι-

299 3559 494 3636 σμένον
548 3556 856 3639 ὶνδεδυκὼς,
935 3556 1080 3636 βέλει
1126 3557 1415 3635 βληθέντος
1465 3559 1568 3617 ὑπὸ
1631 3547 1957 3638 Ε’ρακλέους

301 3647 384 3706 διὰ
413 3649 513 3718 τὴν
544 3650 661 3727 βίαν
714 3649 816 3717 τῆς
871 3645 1218 3728 Δηϊανείράς,
1261 3646 1408 3713 ὅστις
1457 3645 1618 3722 (cod.
1644 3666 1701 3727 ρ.
1727 3647 1870 3728 267,
1891 3648 1959 3730 2)

300 3740 469 3819 χιτὼν
525 3746 602 3816 τῷ
643 3745 742 3808 τῆς
795 3738 950 3820 ὕδρας
983 3738 1177 3816 αἵματι
1233 3739 1582 3820 πεφάρμακτο
1610 3737 1752 3812 (98)·
1789 3740 1961 3814 τούτῳ

298 3829 399 3909 γὰρ
441 3827 659 3911 φίλτρου
730 3830 893 3910 χάριν
948 3831 1040 3886 τὸν
1082 3830 1293 3909 χιτῶνα
1321 3827 1636 3908 φαρμάξασα
1668 3827 1899 3886 στέλλει·
1927 3831 1956 3887 ὁ

299 3916 353 3974 δὲ
398 3917 566 3999 ένδὺς,
603 3918 658 3976 iv
689 3918 858 3995 βωμῷ
913 3917 1153 3997 παρέστη
1211 3918 1402 3980 θύσων,
1464 3920 1544 3994 Τῇ
1587 3917 1756 3974 τοίνυν
1787 3918 1958 3997 θέρμῃ

297 4015 392 4065 τοῦ
418 4010 581 4086 πυρὸς
607 4010 700 4064 τοῦ
740 4012 975 4087 χιτῶνος
1009 4006 1324 4082 έξάψαντος,
1363 4008 1391 4062 ὁ
1421 4004 1753 4072 πολλόαθλος
1799 4007 1955 4074 οὗτος

298 4099 395 4155 οὐκ
424 4095 598 4162 iouis
642 4097 740 4164 τὴν
770 4097 961 4176 πυρὰν,
1007 4094 1146 4152 ἀλλὰ
1177 4095 1386 4174 μεγάλα
1431 4096 1572 4171 βοῶν
1605 4096 1694 4153 καὶ
1721 4100 1952 4179 θρηνῶν,

301 4187 469 4256 νήσας
530 4184 699 4252 ξύλων
730 4185 1022 4264 πυρκαϊὰν,
1068 4185 1158 4241 καὶ
1187 4183 1244 4240 iv
1270 4179 1475 4262 [θοίεί.
1508 4205 1669 4263 πυρκ.
1701 4184 1786 4266 iv]
1820 4188 1953 4243 ταῦ-

298 4298 367 4352 τῃ
408 4277 852 4356 περισπειραθεὶς,
886 4272 1178 4354 ἂπηλλάγη
1227 4275 1652 4353 ἀπανθρακωθείς
1726 4273 1953 4355 [ϐοίδὶ.

298 4366 552 4445 ἀπηνθρΙ,
575 4366 678 4422 κάκ
705 4365 799 4423 τοῦ
840 4365 1080 4422 τοιούτου
1127 4365 1246 4429 θεὸς
1291 4364 1596 4439 νενόμισται
1655 4363 1954 4447 ἀτυχήμα-

297 4477 416 4535 τος,
469 4456 706 4534 γεγονὼς
765 4455 854 4513 καὶ
937 4455 1056 4533 περὶ
1105 4459 1364 4533 γυνατκᾶς
1420 4451 1600 4518 ἄδικος
1658 4456 1747 4512 καὶ
1816 4455 1956 4514 ἀκό-

2129 3292 2248 3366 Qui
2280 3291 2560 3354 Herculis
2589 3307 2812 3371 rogum
2859 3290 3216 3354 admiraris.
3266 3289 3376 3353 Hic
3431 3290 3696 3355 tunicam

2043 3379 2215 3442 Nessi
2245 3380 2499 3460 gigantis
2529 3398 2743 3444 cruore
2787 3379 3072 3442 infectam
3115 3382 3338 3443 ﬂuente
3385 3380 3692 3456 induerat,

2042 3470 2251 3549 sagitta
2279 3470 2352 3532 ab
2383 3470 2642 3534 Hercule
2674 3470 2927 3551 perfossi
2978 3479 3221 3552 propter
3251 3470 3368 3532 vim
3399 3470 3696 3550 Dejanira

2039 3560 2264 3622 illatam
2289 3581 2303 3622 :
2329 3579 2461 3639 qua;
2473 3560 2720 3641 quidem
2744 3560 2944 3622 tunica
2973 3561 3175 3642 hydras
3197 3562 3485 3641 sanguine
3501 3565 3697 3629 infec-

2043 3659 2100 3712 ta
2132 3649 2531 3712 erat.Herculi
2564 3650 2766 3730 philtri
2800 3650 2988 3712 instar
3011 3651 3164 3714 hanc
3178 3652 3437 3714 tunicam
3468 3673 3697 3720 veneno

2045 3739 2343 3819 perfusam
2385 3738 2747 3799 induendam
2774 3738 3169 3812 mittit.Quam
3199 3758 3334 3802 cum
3369 3741 3695 3826 induisset,

2040 3828 2114 3889 ad
2146 3830 2330 3889 altare
2365 3828 2806 3890 sacriﬁcaturus
2836 3830 3110 3893 accessit.
3143 3828 3302 3909 Ignis
3329 3848 3465 3893 vero
3493 3834 3698 3897 calore

2043 3919 2244 3980 tunica
2273 3918 2976 3998 accensa,misserrimus
2997 3919 3098 3981 ille
3122 3938 3239 3981 non
3265 3921 3698 4001 pressitincen—

2042 4007 2236 4081 dium,
2269 4007 2375 4069 sed
2411 4025 2768 4089 magnopere
2804 4007 3136 4071 vociferans
3183 4027 3580 4093 gemensque,
3616 4013 3696 4075 li-

2041 4113 2297 4174 gnorum
2330 4095 2614 4157 exstruxit
2654 4114 2887 4175 rogum,
2922 4097 2984 4159 in
3017 4115 3152 4161 eum
3185 4097 3375 4162 insilit
3407 4107 3466 4162 et
3494 4099 3696 4164 statim

2040 4188 2297 4248 flammae
2326 4185 2540 4247 ardore
2571 4184 2889 4268 deﬂagrat,
2911 4195 3092 4268 atque
3120 4205 3192 4250 ex
3224 4190 3336 4250 hoc
3366 4188 3699 4254 infortunio

2039 4275 2191 4336 deus
2222 4283 2532 4356 reputatus
2555 4274 2778 4356 est,qui
2797 4294 2939 4356 erga
2970 4278 3255 4340 mulieres
3277 4278 3572 4342 violentus
3587 4279 3700 4342 iis-

2040 4384 2158 4444 que
2190 4365 2599 4428 deditissimus
2629 4365 2842 4428 fuerat.
2887 4367 3177 4449 Reliquas
3229 4387 3368 4431 vero
3419 4368 3700 4432 historias

2039 4455 2234 4518 fusius
2263 4454 2568 4535 expositas
2598 4455 2738 4518 alibi
2772 4456 3068 4534 invenies,
3095 4466 3154 4521 et
3177 4465 3458 4524 ceterum
3481 4458 3701 4540 sapius

298 4543 521 4609 λαστος.
578 4545 684 4610 Τὰς
754 4540 811 4602 8‘s
881 4543 1074 4607 λοιπὰς
1135 4543 1244 4602 τῶν
1300 4545 1546 4623 ἱστοριῶν
1629 4543 1959 4626 πλατύτερον

2046 4545 2122 4608 de
2152 4545 2224 4606 iis
2256 4546 2490 4609 effutire
2521 4563 3036 4629 supervacaneum
3067 4557 3178 4614 est.

296 4634 660 4710 έκτεθειμένας
691 4635 933 4715 εὒρήσεις
979 4631 1164 4691 ἄλλοθι
1216 4629 1368 4712 (90),
1415 4635 1502 4691 καὶ
1531 4635 1808 4717 περίεργον
1835 4634 1961 4695 λοι-

297 4727 397 4782 πον
427 4722 691 4782 πολλάκισ
722 4724 843 4805 περὶ
871 4731 980 4782 τῶν
1009 4723 1185 4784 ἀῦτῶν
1213 4721 1560 4804 ἀδολεσχεῖν.

373 4812 502 4877 Col.
535 4813 654 4878 593
678 4812 728 4878 Α
756 4814 818 4878 8.
852 4805 1009 4895 Ὀρᾶς
1053 4814 1174 4879 τοὺς
1236 4810 1416 4898 ἀϐίους
1475 4814 1713 4880 τούτους.
1775 4814 1953 4898 Μέχρι

294 4905 495 4962 τούτων
543 4907 662 4972 τοὺς
715 4905 1146 4983 θαυμαζομένους
1199 4907 1254 4960 iv
1311 4896 1559 4972 ’Ἕλλησι
1618 4896 1950 4986 συναριθμη-

294 4994 522 5070 σάμενος
569 4997 658 5052 καὶ
706 4997 830 5061 τοὺς
903 4997 958 5053 iv
1044 4988 1324 5073 Ῥωμαίοις
1412 4991 1835 5072 εὖδοκιμηκότας
1893 4997 1949 5055 iv

293 5080 553 5158 πολέμοις
610 5085 699 5141 καὶ
755 5085 1126 5164 στρατηγίαις,
1179 5083 1503 5152 Σκηπίωνας
1560 5086 1647 5143 καὶ
1677 5086 1800 5148 τοὺς
1827 5083 1948 5144 κατ’

293 5172 484 5237 αὐτοὺς
525 5175 616 5230 καὶ
672 5174 739 5230 τὰ
811 5175 969 5233 αὐτοῦ
1044 5172 1333 5233 Ἰουλιανοῦ
1401 5175 1691 5255 αὖχήμυτα
1737 5174 1949 5256 ἐπαγα-

291 5263 427 5340 γὼν,
459 5262 515 5319 iv
541 5269 619 5338 τῷ
655 5270 732 5339 τῷ
762 5261 905 5346 [ms.
939 5261 1125 5327 Οοὶει.
1184 5266 1242 5321 iv
1271 5264 1359 5330 οἷς
1389 5263 1531 5348 στρ.]
1567 5272 1776 5345 στρατῷ
1825 5266 1945 5343 (91)

291 5351 625 5429 συμϐαδίζειν
675 5355 762 5411 καὶ
821 5353 1124 5436 σχεδιάζειν
1182 5352 1399 5436 [σοὶεἰ.
1461 5353 1794 5432 συμϐαδιζων
1862 5366 1955 5422 καὶ

294 5441 623 5527 σχεδιάζων]
680 5458 804 5510 ταῖς
860 5458 1113 5527 τροφαῖς,
1165 5447 1250 5503 καί
1279 5446 1380 5514 τὴν
1416 5447 1706 5526 αὐτουργὸν
1739 5445 1950 5526 [σοέει.

401 5578 510 5658 88)
538 5580 654 5659 Ml.
687 5578 806 5659 573
835 5577 1098 5659 τολμᾶται
1132 5578 1260 5649 ἤδη·
1291 5578 1437 5643 editi
1466 5579 1640 5656 τολμᾷ
1668 5579 1724 5637 δὲ
1753 5579 1883 5651 ἤδη,

401 5578 510 5658 88)
538 5580 654 5644 Ml.
687 5578 806 5644 5'73
835 5577 1098 5659 τολμᾶται
1132 5578 1260 5649 ἤδη·
1291 5578 1437 5643 οὐίιὶ
1466 5579 1640 5656 τολμᾷ
1668 5579 1724 5637 δὲ
1753 5579 1883 5651 ἤδη,

375 5577 507 5818 332;

404 5738 506 5812 90)
535 5739 711 5822 Apud
740 5738 1018 5806 Nonnum
1047 5738 1309 5804 scilicet.

2135 4816 2388 4879 Videsne
2421 4817 2530 4879 hos
2557 4834 2879 4899 pauperes.
2907 4821 3228 4900 Postquam
3262 4820 3573 4903 hucusque
3598 4839 3704 4886 eos

2035 4906 2136 4987 qui
2166 4906 2322 4987 apud
2353 4907 2670 4970 Graecoain
2687 4906 3083 4971 admiratione
3109 4917 3277 4972 erant
3303 4912 3694 4992 enumeravit,

2032 5014 2194 5059 nunc
2227 5015 2360 5058 cum
2396 4996 2490 5058 his
2524 5014 2629 5059 eos
2658 4996 2836 5058 etiam
2866 5005 3148 5061 recenset
3168 4998 3271 5079 qui
3292 4999 3449 5080 apud
3482 5003 3699 5062 Roma-

2033 5105 2146 5150 nos
2196 5087 2257 5147 in
2318 5085 2492 5148 bellis
2545 5104 2614 5149 ac
2672 5086 3032 5150 militaribus
3093 5087 3366 5168 imperiis
3419 5085 3704 5152 illustrati

2036 5184 2195 5257 sunt,
2237 5176 2395 5237 velut
2423 5175 2738 5257 Scipiones
2768 5175 3040 5256 aliosque
3069 5195 3279 5238 eorum
3307 5176 3694 5259 simileszqui-

2035 5266 2146 5328 bus
2177 5285 2246 5328 ea
2270 5284 2513 5346 quoque
2535 5265 2902 5341 adnectit,ob
2935 5285 3068 5346 quae
3093 5265 3365 5330 Julianus
3394 5266 3696 5347 gloriaba-

2037 5364 2383 5435 tur,nempe
2411 5353 2572 5433 quod
2604 5372 2739 5416 cum
2759 5357 3022 5418 exercitu
3047 5349 3703 5436 graderetur,simplici

2037 5452 2098 5509 et
2123 5443 2439 5507 illaborato
2476 5443 2630 5506 victu
2680 5454 3043 5528 vesceretur,
3075 5444 3395 5526 omniaque
3439 5443 3502 5506 in
3534 5445 3689 5508 bello

2121 5579 2240 5659 (91)
2267 5577 2352 5638 De
2375 5579 2486 5640 hac
2506 5576 2740 5642 articuli
2769 5577 3128 5659 repetitione
3156 5575 3288 5640 vide
3324 5576 3568 5642 Notices
3589 5578 3694 5644 des

2037 5678 2182 5724 mss.
2214 5667 2255 5721 t.
2290 5659 2398 5736 XI,
2425 5667 2589 5740 parte
2608 5676 2671 5737 ιι,
2700 5677 2832 5741 pag.
2860 5659 2962 5724 22.
