4166 6398
504 362 658 428 “07

1851 348 2127 417 BASILII
2146 378 2151 389 ι
2168 353 2439 425 ΜΙΝΙΜΙ

3729 365 3890 430 1108

502 512 707 590 perae
733 487 1481 590 administraret;_quibus
1528 494 1867 587 sanctorum
1914 487 2155 589 Patrum

2250 493 2532 590 αύτουργῆ]
2592 501 2882 590 στατηγίαν
2951 500 3293 559 ἆπισυνάπτει
3322 551 3340 581 ,
3415 502 3690 566 ἆντιτιθιὶς
3760 503 3886 567 τοὺς

503 575 564 649 et
586 584 790 667 pietati
822 582 1195 645 addictorum
1227 576 1729 671 hominumvitas
1747 575 2157 671 opponit,‘qui

2250 581 2377 645 Βίους
2433 575 2539 641 τῶν
2596 575 2788 665 ἁγίων
2816 590 3064 666 Πατάρων
3106 592 3194 649 καὶ
3223 575 3499 667 ἀσκητῶν,
3543 591 3757 661 ἁληθῶς
3785 592 3887 660 τὴν

500 694 641 739 vere
670 673 992 737 sublimem
1045 672 1108 734 in
1138 669 1375 732 Christo
1438 667 1871 748 philosophiam
1906 666 2156 747 professi

505 774 667 829 sunt.
702 764 852 829 Dein
884 762 1223 826 Gracorum
1286 759 1527 820 virtutes
1572 756 1881 837 describit,
1908 765 1972 827 ,et
2002 757 2158 819 sicut

501 856 564 918 in
598 854 789 936 prima
818 852 912 914 De
940 868 1083 931 pace
1111 849 1380 911 oratione
1404 856 1535 927 post
1589 846 2022 910 monachorum
2059 863 2157 908 re-

502 946 1017 1022 conciliationem,
1048 939 1305 1002 ostendit
1336 938 1411 1000 ad
1445 956 1546 999 eas
1591 937 1987 1019 philosophia
2014 954 2158 997 nor-

504 1052 632 1096 mas
663 1032 910 1094 minime
930 1031 1196 1095 Gracam
1220 1028 1513 1108 ineptiam
1543 1027 1862 1107 pervenire
1894 1032 2161 1106 posseget

502 1123 661 1206 quod
711 1124 969 1185 maxime
1010 1120 1264 1184 exaltata
1294 1126 1384 1181 est
1414 1118 1717 1199 propriam
1773 1124 2156 1195 argumento-

500 1233 632 1277 rum
664 1214 981 1276 vanitatem
1006 1213 1263 1292 jactans.

579 1302 747 1380 Quot
772 1321 913 1367 vero
938 1304 1213 1365 homines
1264 1300 1358 1362 his
1389 1296 1719 1361 virtutibus
1743 1295 2158 1359 excelluerunt

502 1400 560 1457 et
586 1393 891 1475 quandiu?
923 1393 995 1455 Et
1027 1392 1154 1453 hac
1186 1389 1454 1471 quidem.
1489 1387 1593 1460 ait,
1629 1386 1679 1447 si
1731 1386 1983 1466 quadam
2017 1386 2157 1465 phi-

500 1483 772 1564 losophia
801 1481 1048 1564 pradita
1076 1488 1417 1559 sunt,quam
1449 1494 1635 1558 pauca
1658 1475 1707 1535 si
1736 1476 2004 1537 conferas
2021 1493 2157 1535 cum

2238 672 2453 747 ὑψηλὴν
2500 675 2555 731 ἐν
2616 685 2828 756 Χριστῷ
2870 678 3185 761 φιλοσοφίαν
3239 682 3585 751 ἠσκηκότων.
3627 684 3724 741 Καὶ
3764 681 3885 738 δια-

2240 761 2427 844 γράφει
2497 767 2563 825 τὰ
2619 775 2727 825 τῶν
2787 767 3081 849 Ἑλλήνων,
3155 770 3357 850 ἐπαίρει
3428 772 3507 850 δὲ,
3569 775 3644 836 ὣς
3703 771 3756 827 ἓν
3810 772 3888 845 τῷ

2240 854 2436 931 πρώτῳ
2483 863 2592 913 τῶν
2634 859 2924 938 Εἰρηνικῶν
2977 860 3129 939 (92),
3160 862 3244 919 ἰπὶ
3273 869 3343 939 τῇ
3366 869 3473 921 τῶν
3498 868 3787 943 μοναχὼν⁹
3812 864 3886 927 ὡς

2242 949 2345 1025 οὐχ
2378 946 2499 1003 οἷόν
2530 947 2586 1002 τέ
2613 950 2729 1005 ἔστι
2783 951 2913 1029 πρὸς
2969 952 3091 1014 τοὺς
3150 953 3421 1017 τοιούτους
3452 953 3549 1021 τῆς
3578 951 3889 1032 φιλοσοφίας

2240 1039 2467 1099 κανόνας
2497 1036 2815 1103 ἐξικνεῖσθαι
2845 1041 2943 1107 τὴν
2976 1038 3300 1108 Ἑλληνικὴν
3355 1041 3630 1121 φλυαρίαν.
3680 1041 3778 1097 κᾶν
3806 1040 3892 1098 ὅτι

2242 1124 2474 1200 μάλιστα
2519 1127 2769 1205 ἐπαρθείη
2801 1129 3098 1203 κομπάζων
3128 1128 3251 1211 (93)
3297 1130 3384 1189 ἰπὶ
3439 1139 3511 1209 τῇ
3553 1133 3728 1204 οἰκεία
3781 1137 3891 1187 τῶι

2240 1216 2517 1295 λογισμῶν
2547 1218 2899 1291 ματαιότητι.

2321 1306 2451 1370 COl.
2474 1306 2589 1371 597
2612 1308 2664 1370 Α
2702 1306 2795 1371 l0.
2845 1308 3005 1367 Πόσοι
3035 1316 3200 1368 ταῦτα
3241 1312 3332 1369 καὶ
3383 1314 3547 1393 μέχρι
3578 1312 3741 1391 τίνος;
3789 1318 3889 1374 Καὶ

2239 1406 2429 1479 ταῦτα,
2461 1398 2645 1478 φησὶν,
2677 1402 2721 1455 εί
2774 1399 3079 1479 φιλοοοφίας
3113 1403 3256 1465 τινὸς
3314 1402 3553 1482 ἂχόμενά
3598 1405 3760 1481 ἔστιν,
3795 1399 3885 1457 r3-

2243 1490 2507 1566 αρίθμητα
2560 1488 2793 1569 ὑπάρχει
2850 1490 2981 1569 πρὸς
3036 1491 3133 1553 τὰς
3186 1491 3310 1570 παρ’
3342 1481 3479 1567 ⁷ιξμῖν
3522 1489 3770 1572 χιλιάδας
3798 1481 3887 1546 καὶ

501 1573 858 1667 chiliadibus
896 1581 954 1634 et
986 1570 1357 1667 myriadibus
1381 1569 1538 1649 apud
1569 1586 1703 1667 nos,
1729 1566 1831 1667 qui
1860 1567 2162 1667 hanc-phi-

2250 1576 2525 1658 μυριάδας,
2558 1580 2647 1635 καὶ
2674 1566 2905 1638 τοιαῦτα.
2927 1566 3433 1661 πεφιλοσοφηκότασ
3461 1566 3705 1660 καὶνῦπὶρ
3724 1587 3885 1637 ταῦτα

501 1664 861 1744 losophiam,
890 1670 949 1723 et
970 1660 1157 1722 multo
1193 1660 1479 1739 majorem
1538 1665 1715 1737 atque
1745 1656 2159 1717 admirabilio-

2250 1656 2328 1726 καί
2384 1656 2813 1745 θαυμασιώτερα,
2859 1672 2948 1725 καὶ
2990 1656 3046 1725 ξύν
3076 1656 3230 1726 παντὶ
3277 1672 3430 1743 τόπῳ
3470 1673 3555 1727 καθ
3587 1656 3882 1733 ἐκπαντὸς

497 1774 629 1819 rem
663 1760 983 1816 consectati
1016 1759 1179 1831 sunt,
1214 1758 1273 1811 et
1304 1749 1365 1809 in
1397 1747 1561 1811 omni
1592 1747 1745 1822 loco,
1783 1766 1853 1808 ex
1879 1746 2042 1807 omni
2062 1764 2162 1825 ge-

502 1862 676 1919 nere,
708 1843 948 1905 fortuna
975 1848 1034 1903 et
1055 1849 1252 1903 atate.
1284 1838 1517 1901 Deinde
1542 1856 1674 1917 qua
1705 1834 1887 1915 objici
1917 1844 2162 1913 possent

506 1935 813 2006 refellens,
839 1932 944 2007 ait,
978 1930 1161 2012 quod,
1214 1929 1330 1991 etsi
1386 1926 1761 2008 philosophia
1792 1934 1997 1987 nostra
2025 1943 2159 1987 ser-

510 2027 708 2089 monis
729 2024 1021 2101 elegantia
1052 2030 1273 2097 careat,
1329 2021 1443 2082 hoc
1475 2020 1637 2100 parvi
1686 2019 1992 2091 momenti,
2026 2036 2160 2079 cum

511 2119 791 2199 pietatem
825 2115 1187 2177 constituant
1217 2130 1415 2191 neque
1445 2129 1664 2182 sermo,
1697 2128 1889 2189 neque
1918 2108 2163 2189 sapien-

502 2208 585 2270 tia
606 2206 679 2267 ab
712 2225 817 2267 ore
850 2202 1243 2286 profecta,sed
1275 2201 1519 2276 actio,el
1546 2200 1766 2261 fructus
1812 2199 2166 2279 speculatio-

506 2297 602 2359 nis
628 2316 767 2360 cum
792 2294 1077 2376 praclara
1106 2294 1223 2353 vita
1266 2288 2156 2370 conjunctus,quemadmodum

512 2389 714 2462 etiam,
751 2387 853 2461 ait,
908 2384 1141 2446 cuidam
1198 2390 1453 2443 vestrum
1491 2382 1676 2441 visum
1710 2388 1819 2449 est,
1860 2379 2157 2440 actionem

508 2493 789 2539 sermone
827 2472 1305 2553 anteponendam
1382 2488 1517 2532 esse
1585 2471 1896 2530 asserenti.
1933 2468 2161 2545 Majore

516 2567 676 2629 enim
713 2572 805 2627 est
825 2563 1057 2625 ratione
1080 2560 1395 2642 prudentia
1425 2560 1486 2620 in
1534 2558 1839 2639 operibus,
1894 2566 2069 2638 atque
2101 2558 2159 2617 in

510 2655 719 2735 rebus,
747 2673 866 2716 non
898 2651 1254 2733 simpliciter
1299 2651 1360 2712 in
1407 2648 1627 2728 verbis,
1674 2648 1939 2709 doctrina
1974 2657 2031 2709 et
2062 2665 2160 2708 sa-

503 2744 753 2827 pie‘ntia.

587 2836 787 2916 Atque
820 2832 901 2895 ad
929 2848 1182 2895 auream
1219 2829 1398 2893 illam
1430 2836 1693 2892 atatem.
1729 2829 1816 2890 De
1847 2828 1955 2889 hac
1987 2843 2168 2890 aurea

502 2934 674 2989 atate
704 2923 991 2989 Libanius
1020 2922 1082 2983 in
1108 2939 1387 2984 sermone
1414 2920 1488 2983 (le
1516 2919 1771 2982 Iuliano
1798 2920 2164 2980 mentionem

2240 1757 2423 1837 γένους
2452 1758 2539 1815 καὶ
2567 1758 2742 1838 τύχης
2771 1761 2858 1813 καὶ
2899 1756 3133 1826 ἡλικίας.
3178 1761 3311 1837 πρὸς
3343 1764 3430 1827 οἷς
3620 1761 3741 1823 573
3770 1759 3884 1840 οὓς]

2243 1849 2331 1904 καί
2385 1848 2484 1913 τὴν
2544 1844 2801 1905 δοκοῦσαν
2875 1848 3133 1905 ἀντίθεσιν
3183 1848 3438 1930 ὶπιλύων,
3470 1853 3650 1928 φησὶν,
3686 1852 3765 1907 δτι
3794 1850 3889 1906 κᾶν

2245 1937 2441 2016 ἄλογος
2484 1938 2519 2005 ἡ
2555 1937 2785 2015 ἡμετέρα
2836 1936 3120 2018 φιλοσοφία
3166 1936 3314 2014 δόξῃ,
3374 1938 3488 1997 οὖδὶ
3541 1942 3694 1996 τοῦτο
3723 1938 3889 2017 μέγα,

2246 2028 2360 2084 ἐπεὶ
2404 2027 2503 2095 τὴν
2585 2026 2855 2085 εὐσέϐειαν
2911 2029 2971 2085 οὔ
3046 2027 3207 2106 λόγος
3267 2030 3424 2107 ὁρίζει
3482 2032 3572 2087 καὶ
3626 2031 3892 2102 σκόματος

2248 2120 2427 2198 σοφία,
2486 2116 2625 2175 ἀλλὰ
2680 2117 2895 2197 πρᾶξις,
2951 2120 3039 2176 καὶ
3095 2122 3298 2198 καρπὸς
3325 2120 3699 2200 θεωρίας,
3744 2119 3892 2194 λαμ-

2246 2216 2362 2287 πρῷ
2420 2208 2809 2287 συλλεγόμενος
2843 2257 2860 2288 ,
2914 2211 2985 2272 ὡς
3030 2211 3119 2265 καὶ
3186 2232 3309 2285 τινι,
3370 2210 3536 2289 φησὶ,
3601 2216 3707 2266 τῶν
3766 2206 3891 2287 παρ’

2244 2300 2374 2374 ὑμῖν
2416 2295 2579 2376 ἔδοξε,
2641 2295 2828 2375 πρᾶξιν
2884 2295 3046 2375 λόγου
3114 2298 3431 2375 τιμιώτερον
3487 2298 3633 2355 εῖναι
3662 2297 3886 2378 φιλοσο-

2242 2390 2469 2468 φήσαντι
2534 2385 2687 2467 (94),
2750 2388 2822 2445 Τὸ
2893 2389 2994 2467 γὰρ
3056 2386 3275 2466 εὔλογον
3335 2386 3528 2444 πλεῖον
3610 2388 3665 2445 ὶν
3718 2387 3889 2465 ἔργοις

2244 2477 2456 2559 [σοίει.
2516 2477 2571 2534 ἰν
2622 2475 2866 2557 λόγοις],
2926 2480 3015 2533 καὶ
3120 2477 3174 2532 ἂν
3229 2490 3349 2541 τοῖς
3396 2478 3726 2558 πράγμασιν,
3772 2475 3892 2533 ἀλλ’

2243 2571 2347 2648 οὐχ
2549 2566 2668 2628 573
2696 2588 2792 2642 πρ.
2825 2566 2958 2648 οὔχ]
2991 2565 3174 2632 ἁπλῶς
3205 2566 3261 2623 ἰν
3290 2584 3407 2634 τοῖς
3436 2567 3641 2648 λόγοις,
3674 2564 3892 2625 παίδευ-

2249 2659 2329 2721 σίς
2360 2678 2419 2714 τε
2461 2658 2549 2713 καὶ
2578 2656 2757 2735 σοφία.

2330 2834 2458 2899 C0l.
2531 2832 2652 2897 600
2690 2834 2757 2898 Β.
2817 2835 2880 2897 7.
2941 2836 3040 2895 Καὶ
3088 2837 3218 2912 πρὸς
3261 2836 3359 2903 τὴν
3416 2836 3624 2917 χρυσῆν
3692 2835 3899 2903 ὶκείνην

2249 2930 2457 3006 γενεάν.
2496 2926 2701 2992 Ταύτης
2752 2930 2853 2993 τῆς
2903 2924 3200 3003 λεγομένης
3245 2931 3453 3006 χρυσῆς
3511 2932 3697 3004 γενεᾶς
3740 2923 3900 2982 Λιϐἆο

501 3015 672 3095 facit,
706 3033 777 3076 ex
804 3011 1070 3075 Hesiodo
1117 3012 1521 3090 desumptam.
1558 3010 1708 3072 Nam
1762 3008 1863 3069 ille
1894 3008 2162 3069 humana

2252 3039 2361 3081 νιος
2410 3017 2467 3072 ἐν
2518 3023 2595 3090 τῷ
2635 3017 2709 3080 εἰς
2769 3013 3055 3075 ’[ουλιανὸν
3116 3014 3385 3092 μέμνηται
3417 3014 3584 3095 λόγῳ,
3618 3015 3669 3082 ἐξ
3700 3015 3893 3073 Ἠσιό-

502 3115 730 3168 natura
751 3104 899 3165 vitas
929 3100 1276 3181 huiusmodi
1310 3100 1574 3161 materiis
1596 3107 1923 3178 comparat,
1952 3096 2165 3157 virtute

506 3204 565 3257 et
599 3195 739 3255 vitio
770 3211 975 3255 earum
1002 3199 1170 3253 notas
1190 3190 1689 3270 efﬁngens,atque
1710 3206 1949 3249 auream
1964 3204 2165 3267 quam-

505 3286 641 3347 dam
676 3290 912 3346 atatem
938 3300 1178 3356 vocans,
1214 3280 1463 3342 alteram
1491 3286 1861 3359 argenteam,
1890 3295 1958 3339 ac
1986 3276 2160 3337 dein-

506 3392 650 3454 ceps
679 3372 827 3434 alias
855 3372 1145 3452 quasdam
1181 3370 1503 3431 inferiores
1535 3368 1811 3429 materias
1829 3384 2162 3448 apponens,

500 3473 685 3544 atque
714 3482 849 3533 cum
882 3481 1091 3525 earum
1143 3462 1486 3524 differentia
1534 3478 1889 3540 comparens
1926 3457 2166 3537 generis

506 3553 697 3616 nostri
721 3553 896 3629 vitas,
925 3553 1072 3615 alias
1100 3551 1342 3632 quidem
1372 3550 1499 3612 auri
1532 3549 1874 3630 splendoris
1896 3547 2161 3627 imagine

507 3643 857 3724 puriﬁcans,
910 3649 972 3703 ut
1014 3640 1310 3719 rubiginis
1356 3640 1670 3720 omnisque
1702 3638 1823 3700 vitii
1856 3646 2161 3713 exnertes;

503 3732 649 3795 alias
700 3750 841 3794 vero
898 3730 1195 3811 dividens,
1230 3738 1293 3791 ut
1344 3729 1605 3792 medium
1660 3727 1959 3809 quoddam
2012 3729 2166 3789 inter

522 3821 802 3885 virtutem
831 3828 890 3883 et
922 3820 1123 3882 vitium
1169 3826 1440 3881 tenentes
1470 3827 1569 3880 aut
1594 3818 1780 3898 magis
1826 3826 1922 3877 aut
1970 3817 2168 3879 minus

502 3931 681 3994 quam
712 3914 1013 3974 sincerum
1042 3910 1263 3972 bonum
1296 3918 1400 3971 aut
1425 3909 1670 3982 malum,
1707 3908 1863 3970 sicut
1888 3907 1946 3968 in
1983 3915 2168 3968 mate-

503 4002 594 4066 ria
625 4001 819 4065 caries
845 3999 1057 4066 sordes
1077 4018 1148 4063 ac
1193 3999 1429 4077 rubigo.

580 4271 775 4351 Atque
803 4268 1029 4333 harum
1078 4285 1290 4332 rerum
1344 4266 1629 4331 laudibus
1685 4284 1872 4330 aures
1922 4274 2168 4330 nostras

2247 3107 2337 3165 δου
2394 3104 2594 3163 λαϐών·
2654 3107 2805 3169 οὗτος
2876 3106 3043 3174 (Hes.
3126 3104 3303 3184 ’¹Εγρ·
3392 3105 3525 3184 108,
3584 3104 3748 3184 sqq.)
3791 3105 3892 3182 γὰρ

2247 3200 2361 3262 ταὶς
2412 3196 2679 3260 τοιαύταις
2725 3194 2877 3259 ὕλαις
2932 3194 3237 3273 παρεικάζει
3286 3195 3405 3260 τοὺς
3447 3195 3588 3271 βίους
3647 3199 3744 3261 τῆς
3787 3194 3890 3274 φύε

2240 3308 2384 3352 Δενιιιως
2412 3294 2511 3363 τῇς
2540 3285 2895 3364 ἀνθρωπίνης,
2925 3284 2977 3350 ἰξ
3006 3284 3198 3355 ἀρετῆς
3398 3284 3538 3354 573,
3584 3284 3781 3364 ἄρειας]
3804 3283 3893 3340 καὶ

2246 3378 2434 3439 κακίας
2478 3373 2891 3452 διατυπούμενος
2943 3375 3064 3437 τοὺς
3126 3375 3497 3454 χαρακτῆρας,
3546 3378 3755 3453 χρυσῆν
3784 3394 3892 3429 κα-

2248 3465 2357 3522 λῶν
2415 3466 2624 3543 γενεὰν,
2682 3465 2772 3521 καὶ
2822 3462 2982 3542 (cod.
3018 3481 3077 3543 p.
3124 3463 3264 3543 268,
3302 3462 3368 3542 1)
3395 3463 3624 3541 ἀργυρᾶν
3684 3461 3887 3541 ἑτέραν,

2241 3557 2328 3612 καὶ
2372 3554 2594 3623 καθεξῆς
2652 3576 2798 3619 τινας
2849 3553 2979 3619 ὕλας
3037 3556 3341 3634 παρατιθεὶς
3399 3552 3565 3618 ἄλλας
3627 3549 3891 3620 ὑποϐεϐη-

2244 3645 2415 3724 κυίας,
2477 3650 2542 3721 τῇ
2596 3642 2825 3724 διαγορᾷ
2870 3645 2976 3701 τῶν
3016 3643 3158 3701 ὑλῶν
3218 3643 3507 3721 συγκρίνων
3557 3643 3677 3704 τοὺς
3748 3643 3889 3717 βίους

2244 3742 2338 3793 τοῦ
2388 3734 2648 3812 ἡμετέρου
2695 3734 2902 3813 γένους,
2948 3734 3071 3798 τοὺς
3132 3738 3228 3804 μιν
3284 3731 3660 3811 ἀπειλικρινῶν
3715 3739 3781 3811 τῇ
3810 3734 3893 3788 εί·-

2246 3826 2361 3881 κόνι
2405 3829 2504 3892 τῆς
2554 3822 2931 3903 λαμπρότητος
2987 3825 3082 3880 τοῦ
3128 3823 3353 3904 χρυσοῦ,
3405 3825 3479 3886 ὧς
3524 3824 3604 3880 ἱοῡ
3662 3824 3750 3879 καὶ
3778 3822 3890 3879 πά·-

2246 3936 2347 3982 σης
2395 3914 2582 3979 κακίας
2638 3912 3033 3979 ἆνεπιδέκτους,
3095 3917 3216 3979 τοὺς
3262 3912 3318 3968 δὶ
3367 3909 3543 3977 ἄλλως
3587 3911 3886 3991 διακρίνων,

2242 4004 2362 4073 ἤτοι
2417 4005 2594 4080 μέσως
2648 4025 2764 4067 πως
2805 4003 3034 4083 ἔχοντας
3084 4003 3277 4082 ἀρετῆς
3326 4004 3411 4059 καὶ
3465 4002 3652 4067 κακίας
3677 4003 3711 4071 ἢ
3740 4001 3885 4076 μᾶλο

2246 4094 2340 4153 λον
2368 4094 2406 4163 ἢ
2433 4093 2593 4162 ἧττον
2622 4092 2658 4161 ἢ
2686 4094 2775 4149 καὶ
2804 4091 3031 4172 ἄκρατον
3081 4094 3145 4149 τὸ
3179 4091 3345 4149 καλὸν
3392 4091 3427 4161 ἢ
3485 4094 3672 4165 κακὸν,
3717 4093 3789 4157 ὣς
3831 4094 3891 4148 ιν

2246 4184 2350 4262 ὕλῃ
2380 4185 2441 4241 τὺ
2478 4184 2671 4260 εαθρὸν
2714 4183 2887 4239 καὶτὸ
2918 4180 3190 4257 κοπρῶδες
3219 4184 3307 4239 καὶ
3350 4183 3411 4239 τὸ
3442 4180 3555 4244 ἴον.

2330 4271 2479 4333 Ibid.
2514 4272 2560 4337 C
2587 4271 2649 4335 3.
2684 4273 2780 4331 Καὶ
2809 4271 3264 4351 περιθρυλλεῖσθαι
3322 4273 3479 4347 ἡμῶν
3523 4270 3623 4329 ἔδει
3668 4273 3733 4328 τὰ
3756 4274 3893 4334 ὦτα,

499 4379 724 4424 sonare
752 4360 1101 4442 oportebat.
1136 4357 1411 4421 Laudans
1434 4358 1595 4419 enim
1628 4356 1911 4420 Libanius
1942 4356 2162 4420 Juliani

2250 4364 2517 4423 Ἐπαινῶν
2561 4363 2662 4441 γὰρ
2721 4358 2965 4424 Αιϐάνιος
3000 4362 3099 4429 τὴν
3142 4363 3342 4419 ἱκείνου
3402 4361 3604 4442 ἀρχὴν,
3645 4363 3732 4417 καὶ
3762 4384 3894 4440 γαν-

498 4450 1032 4532 imperium,atque
1055 4450 1170 4511 hoc
1193 4448 1311 4510 sibi
1336 4448 1640 4529 opinionis
1669 4467 1875 4510 errore
1906 4449 2160 4532 ﬁngens,

500 4530 671 4617 regni
694 4540 826 4619 ejus
857 4530 1127 4618 tempora
1165 4555 1413 4600 aureum
1444 4556 1633 4616 genus
1661 4538 1933 4614 vocabat,
1971 4548 2035 4601 ut
2063 4530 2179 4619 qui'

502 4630 628 4690 hac
655 4636 833 4708 atque
861 4627 966 4689 illa
996 4627 1239 4701 fecisse,
1274 4634 1376 4687 aut
1407 4636 1564 4689 esset
1585 4628 2013 4710 facturus,qua
2043 4647 2164 4691 non

503 4717 1180 4797 contigeruntJdeoque
1212 4725 1632 4789 momentanea
1655 4718 1783 4780 hac
1813 4727 1988 4799 atque
2018 4720 2163 4780 ima-

502 4808 734 4886 ginaria
776 4806 943 4869 dicit.

588 4895 757 4973 Quod
780 4913 909 4958 meo
937 4894 1184 4975 quidem
1206 4894 1449 4976 judicio
1478 4894 1641 4957 alius
1683 4897 2159 4959 animadvertis-

506 4995 620 5050 set.
652 4984 987 5059 Quidnam?
1002 4983 1234 5066 Nempe
1257 4984 1412 5065 quod
1435 4985 1627 5066 parvis
1647 5004 1815 5067 aque
1846 5004 1913 5047 ac
1936 4986 2164 5066 magnis

506 5075 996 5157 persecutionem
1036 5074 1233 5137 moliri
1262 5074 1323 5137 in
1347 5083 1525 5136 tanta
1537 5073 2163 5138 Chaistianorumam-

504 5166 817 5247 plitudinis
841 5165 1405 5246 temporibus,quasi
1438 5182 1508 5225 ex
1541 5164 1652 5226 hoc
1682 5174 1742 5227 et
1769 5182 1946 5246 quam
1971 5166 2166 5246 pluri-

505 5273 659 5317 mam
692 5255 1015 5317 amentiam
1049 5273 1188 5316 cum
1213 5253 1541 5334 ignominia
1558 5252 1956 5315 demonstrari
1987 5255 2049 5316 in
2079 5255 2163 5316 is-

508 5344 581 5406 tis
598 5345 949 5424 ejus,totum
964 5344 1090 5406 fere
1113 5342 1516 5406 Romanorum
1537 5344 2165 5425 persequietevertere

503 5436 829 5516 imperium
855 5435 1153 5512 conantis,
1186 5436 1249 5499 in
1282 5435 1500 5517 quibus
1531 5435 1678 5497 illud
1704 5454 1848 5499 sane
1876 5455 2163 5520 perquam

591 5567 714 5647 (92)
748 5566 904 5632 Vide
937 5585 1119 5647 supra
1149 5576 1273 5629 not.
1308 5568 1415 5631 28.

587 5643 718 5803 E93)
756 5643 1112 5737 Κομπᾴζοὺσα
1138 5647 1407 5711 scribere
1429 5646 1716 5713 debebat.

612 5724 717 5803 94)
761 5724 961 5787 Innuit
1018 5726 1170 5789 forte
1226 5727 1340 5793 hoc
1395 5746 1753 5803 anonymum
1799 5730 1894 5803 epi

612 5724 717 5806 94)
761 5724 961 5787 Innuit
1018 5726 1170 5789 forte
1226 5727 1340 5793 hoc
1395 5746 1753 5809 anonymum
1799 5730 2169 5812 epigramma

2247 4456 2585 4513 τασιοκοπῶν
2894 4449 3415 4535 φαντασιοσκοπῶν],
3471 4455 3557 4509 καὶ
3602 4454 3723 4515 τοὺς
3755 4452 3896 4533 χρό-

2248 4567 2367 4608 νους
2419 4541 2641 4623 [Οοὶει.
2716 4549 2808 4599 τοῦ
2856 4543 3072 4623 χρόνω]
3132 4549 3229 4611 τῆς
3288 4541 3559 4608 ϐασιλειας
3616 4541 3897 4600 Ἰουλιανοῦ

2246 4634 2396 4713 γένος
2456 4642 2687 4714 χρυσοῦν
2732 4630 2934 4706 ἑκάλει,
2985 4630 3107 4689 τάδε
3162 4633 3252 4690 καὶ
3335 4631 3458 4689 τάδε
3507 4631 3891 4701 πεποιηκότος,

2244 4724 2281 4793 ἢ
2338 4738 2514 4781 ποιεῖν
2567 4722 2888 4802 μέλλοντος,
2939 4723 3075 4798 ἅπερ
3124 4724 3219 4780 οὐκ
3270 4721 3501 4801 ἐγένετο²
3548 4721 3628 4779 διὸ
3657 4724 3743 4780 καὶ
3766 4724 3894 4778 ὰκα-

2244 4827 2395 4894 ριαῖα
2436 4813 2601 4873 ταῦτα
2629 4814 2717 4870 καὶ
2746 4810 3085 4893 φαντασιώεη
3116 4813 3269 4891 φησί.

2326 4900 2451 4965 001.
2487 4902 2597 4966 601
2635 4904 2685 4966 Α
2724 4901 2787 4964 9.
2822 4900 2899 4961 ”0
2950 4926 3042 4979 μοι
3090 4901 3241 4961 δοκεῖ
3295 4901 3461 4961 ἄλλον
3520 4903 3619 4979 μὲν
3646 4901 3706 4958 ἂν
3732 4896 3883 4961 ἰδεῖν.

2246 4996 2318 5054 Τὸ
2361 5008 2522 5052 ποῖον
2552 4993 2804 5069 συνιδεῖν,
2866 4996 2927 5051 τὸ
2982 4994 3073 5050 καὶ
3101 5006 3317 5071 μικροῖς
3347 4995 3435 5050 καὶ
3474 4993 3726 5071 μεγαλοις
3755 4989 3892 5048 πλί-

2248 5084 2328 5150 ξαι
2381 5086 2473 5141 τὸν
2522 5083 2758 5161 διωγμὸν
2810 5083 2864 5139 ἒν
2907 5097 3118 5161 καιροῖς
3163 5088 3263 5149 τῆς
3316 5081 3583 5150 τασαύτης
3624 5090 3730 5139 τῶν
3762 5089 3895 5157 Χρι-

2248 5179 2477 5231 στιανῶν
2520 5172 2816 5248 ἐπιδόσεος,
2849 5175 2924 5237 ὡς
2968 5172 3030 5228 ἐκ
3079 5176 3263 5229 τούτου
3313 5174 3401 5228 καὶ
3458 5171 3713 5238 πλείστην
3764 5169 3900 5236 ὅσην

2249 5263 2429 5321 ἄνοιαν
2476 5262 2881 5330 στηλιτεύεσθαι
2932 5261 2989 5318 ἒν
3037 5263 3246 5325 τούτοις
3280 5262 3459 5340 αύτοῦ,
3504 5267 3677 5317 πᾶσαν
3711 5258 3903 5337 μικροῦ

2247 5376 2347 5421 την
2376 5361 2483 5411 τῶν
2515 5351 2795 5430 Ῥωμαίων
2838 5352 3049 5409 διώκειν
3090 5354 3180 5409 καὶ
3231 5348 3515 5408 καταλύειν
3564 5349 3744 5430 ἀρχὴν
3771 5369 3901 5406 πει-

2248 5444 2512 5523 ρωμὲνιυ,
2574 5443 2626 5500 ἐν
2672 5443 2759 5507 οἷς
2813 5446 2901 5499 καὶ
2953 5444 3013 5498 τὸ
3057 5449 3253 5522 κοῦφον
3298 5444 3457 5499 αὖτοῦ
3484 5441 3571 5497 καὶ
3599 5436 3901 5519 μειρακιῶ-

2252 5580 2449 5661 (Anal.
2485 5581 2652 5658 446).

2253 5657 2359 5727 Πᾶς
2402 5663 2560 5741 λόγος
2611 5657 2731 5720 ίὲστὶ
2789 5664 3013 5741 μάταιος
3045 5662 3073 5718 ό
3116 5661 3205 5741 μη
3290 5657 3668 5741 τεττλεσμᾶνος

2336 5744 2432 5801 Καὶ
2473 5737 2621 5802 πᾶσα
2639 5737 2824 5824 πρᾶξις
2853 5744 2945 5801 τὸν
2990 5740 3151 5820 λόγον
3180 5740 3340 5821 ἶργον
3370 5737 3517 5820 ἔχει.

3722 5657 3896 5781 sm.
