4166 6408
356 344 509 410 1109
1210 342 1538 409 SCHOLIA
1581 343 1661 409 IN
1702 337 1930 408 ORAT.
1977 337 2001 401 I

2111 337 2353 403 )NTRA
2393 339 2814 405 IULIANUM.
3575 332 3738 405 1110

349 474 432 538 δες
478 472 721 550 δεικνύει,
781 474 862 531 ὅτι
1023 474 1300 549 μεταθέσει
1345 479 1444 543 τῆς
1474 473 1715 544 κλήσεως
1745 480 1851 530 τῶν
1883 481 2020 530 Γα-ι.

2111 472 2340 534 uvenile
2372 481 2431 535 et
2451 473 2578 536 leve
2622 474 2810 554 ipsius
2840 474 3125 550 ostendit,
3159 476 3444 556 quoniam
3476 474 3739 538 nominis

352 564 571 622 λιλαίων
639 567 791 640 ᾠήθη
875 565 964 621 καὶ
1023 564 1120 632 τὴν
1201 562 1426 621 διάθεσιν
1525 561 1997 630 συνακολουθῆσαι’

2111 560 2462 624 ialilaaorum
2500 563 2884 625 mutationem
2930 565 3265 627 animorum
3287 583 3522 646 quoque
3547 573 3739 627 muta-

351 653 491 720 πλὴν
550 656 636 709 καὶ
695 653 835 733 ἔργῳ
902 652 1198 724 δεδήλωται
1229 654 1309 710 ὃτι
1370 653 1620 732 μέγιστον
1679 655 1753 716 είς
1782 651 1933 719 δόξαν
1966 654 2000 721 ἡ

2111 652 2306 714 ionem
2325 659 2668 714 secuturam
2685 672 2818 716 esse
2839 654 3160 716 arbitratus
3185 655 3741 717 est.Verumtameu

349 747 442 801 τοῦ
500 751 812 823 Χριστιανοῦ
897 741 1040 823 [1ης.
1100 742 1220 806 573
1285 742 1717 823 Χριστιανισμοῦ]
1779 742 1996 811 κλῆσις,

2111 741 2278 822 ‘eipsa
2311 742 2690 822 perspicuum
2727 743 2834 804 fuit
2863 743 3184 806 Christiani
3227 761 3448 805 nomen
3500 734 3744 804 maximi

351 836 440 891 καὶ
491 834 576 891 διὰ
628 841 784 892 τοῦτο
842 834 1162 914 ἀποστερεῖν
1193 837 1336 910 ἡμᾶς
1371 835 1555 892 τούτου
1585 834 1930 914 ἐμηχανᾶτο,
1963 833 1997 902 ἦ

2111 830 2154 890 .d
2179 831 2428 909 gloriam
2453 831 2738 912 ponderis
2771 851 2928 908 esse,
2962 851 3030 895 ac
3058 833 3313 913 proinde
3343 833 3458 894 hoc
3489 831 3541 895 is
3562 831 3744 894 moli-

2086 928 2177 982 tus
2209 929 2319 995 est,
2360 931 2423 982 ut
2451 921 2510 983 id
2547 921 2716 983 nobis
2747 923 3031 1003 eriperet,
3056 922 3146 985 vel
3168 921 3486 992 timens.ut
3514 923 3744 985 damo-

2087 1028 2215 1079 nes.
2249 1011 2399 1071 hanc
2431 1011 2911 1090 appellationem.

431 1101 585 1165 Ibid.
645 1102 692 1168 C
742 1101 803 1168 2.
853 1092 1047 1182 Ἠμετς
1104 1101 1152 1160 δ⁹
1201 1103 1260 1161 οὗ
1309 1101 1744 1181 παρακινήσομεν
1816 1105 1999 1170 αὐτοῖς

2165 1097 2282 1160 Nos
2318 1106 2517 1162 autem
2564 1107 2818 1163 nomina
2886 1102 3043 1180 ipsis
3099 1099 3574 1179 haudquaquam
3629 1100 3735 1163 ιιι-

352 1195 418 1253 τᾶ
472 1195 731 1271 ὀνόματα.
787 1197 897 1255 Οὔκ
950 1198 1156 1278 ἴχομεν
1210 1195 1335 1276 γὰρ,
1381 1195 1566 1276 φησὶν,
1599 1196 1673 1259 εἰς
1703 1194 1732 1251 ὅ
1761 1218 1812 1252 τι
1843 1217 2006 1253 κατα-

2111 1194 2416 1253 )εγῐθιηιιε.
2449 1191 2658 1270 Neque
2680 1189 2841 1253 enim
2872 1189 3061 1251 ullum
3087 1189 3248 1252 aliud
3283 1189 3469 1267 magis
3508 1189 3744 1251 ridicu-

353 1283 731 1364 γελαστότερον
790 1285 1222 1362 μετατεθεικέναι
1293 1286 1360 1342 τὰ
1389 1284 1624 1362 ἡμέτερα
1676 1291 1785 1341 τῶν
1815 1285 2010 1361 ὄνομά-

2119 1297 2218 1338 um
2277 1289 2390 1356 est,
2443 1279 2502 1340 in
2553 1279 2711 1360 quod
2771 1289 2972 1341 nostra
3030 1280 3274 1341 nomina
3331 1279 3741 1361 immutemus,

352 1397 484 1449 των,
514 1378 618 1433 τῶν
676 1377 885 1453 σεμνῶν
969 1376 1189 1459 φαλλῶν
1215 1377 1366 1451 ὑμῶν
1421 1376 1511 1432 καί
1557 1381 1664 1432 τῶν
1725 1374 1843 1445 ἕξῆς
1900 1375 2004 1433 έπ-

2111 1366 2389 1428 )ι·ιεοίειι·ἱε
2416 1369 2628 1431 vestris
2647 1369 2951 1450 phallis,et
2977 1369 3107 1431 aliis
3128 1386 3262 1446 quae
3290 1368 3574 1430 continuo
3596 1385 3748 1431 enu-

355 1463 659 1541 αγόμένων,

2111 1465 2417 1518 nerantur.

434 1551 590 1618 Ibid.
621 1554 682 1618 8.
716 1562 814 1614 Δετ
869 1555 1027 1635 γὰρῆ
1089 1554 1316 1636 ἀτυχεῖν
1377 1551 1495 1634 (95)
1559 1553 1687 1634 παρ’
1754 1555 1998 1619 ἐκείνοις.

2166 1548 2347 1626 Apud
2364 1548 2507 1610 illos
2525 1549 2762 1628 injuria
2785 1549 3037 1629 afﬁcere
3049 1555 3310 1628 oportet.
3334 1546 3745 1620 Quomodoin-

355 1650 474 1707 Πῶς
547 1644 825 1724 ἀτυχετνς
881 1634 954 1709 είς
1017 1634 1229 1709 πολλὰς
1281 1643 1683 1701 ἀκολασταίνειν
1745 1658 2001 1723 γυναῖκας

2113 1636 2242 1696 uria
2272 1636 2511 1699 afﬁcere
2560 1637 2834 1718 ?Nempe
2876 1638 3093 1699 multas
3123 1637 3449 1716 ignominia
3505 1637 3745 1700 allicere

354 1734 466 1806 ἵνα,
497 1733 735 1790 τουτέστι
764 1735 854 1791 τὸν
885 1735 1164 1814 κράτιστον
1199 1733 1488 1814 Ἡρακλέα.

2111 1725 2369 1814 nulieres
2401 1744 2609 1800 unum,
2646 1727 2877 1789 scilicet
2897 1727 3287 1789 fortissimum
3317 1725 3658 1788 Herculem.

434 1821 585 1884 Ibid.
612 1823 674 1885 9.
708 1821 800 1882 "H
856 1813 931 1880 ὶκί
989 1823 1204 1884 πολλῶν
1235 1813 1513 1903 γεννᾶσθαι
1546 1821 1700 1900 [edd.
1744 1823 2004 1905 γίνεσθαι]

2115 1903 2147 1905 Α
2179 1813 2278 1875 Vel
2308 1834 2383 1876 ea:
2407 1817 2614 1878 multis
2636 1818 2947 1897 procreari
2966 1834 3180 1880 unum.
3216 1816 3748 1890 Quemnam?Paua

354 1912 469 1973 ἕνα.
528 1915 705 1988 Τίνας
747 1915 838 1971 τὸν
883 1921 1028 1972 Πᾶνα
1058 1915 1225 1995 λέγει,
1287 1913 1345 1970 ὃν
1375 1937 1528 1994 φασι,
1586 1912 1818 1978 πολλοὺς
1860 1903 2007 1989 μνηξ

2111 1903 2256 1983 licit,
2286 1924 2463 1985 quem
2496 1906 2687 1987 aiunt,
2724 1907 2927 1968 multis
2978 1905 3342 1995 amatoribus
3376 1923 3512 1995 cum
3545 1907 3744 1995 Pene-

353 2008 554 2078 στῆρας
621 2009 688 2080 τῇ
741 2003 1033 2081 Πηνελόπῃ
1064 1993 1436 2077 συνελθόντας,
1471 2003 1562 2059 ἓνα
1591 2010 1776 2061 τοῦτον
1807 2025 2008 2081 γεννη-

2117 2003 2228 2072 Ope
2273 1997 2637 2075 congressis,
2685 2015 2869 2057 unum
2896 2003 3278 2076 procreatum
3311 1993 3497 2056 fuisse
3541 1993 3748 2056 defor-

350 921 620 1005 δεδοικὼς,
653 924 888 1005 καθάπερ
918 927 967 982 οἱ
1009 924 1278 1002 δαίμονες,
1312 925 1412 993 τὴν
1436 924 1820 1004 προσηγορίαν,

353 2092 506 2160 θῆναι
549 2093 641 2148 τὸν
672 2092 986 2174 αἴσχιστον,
1017 2094 1345 2172 κερασφόρον
1372 2095 1462 2149 καὶ
1491 2091 1859 2170 τραγοσκελῆ,

435 2179 562 2245 COI.
625 2180 844 2261 δοιγΑ
892 2185 953 2246 3.
1015 2183 1293 2240 Βουθοίναν
1349 2183 1438 2238 καὶ
1511 2181 1853 2261 Τριέσπερον.
1913 2185 2012 2241 Τὸν

358 2269 515 2326 αὐτὸν
562 2267 706 2347 λέγει
766 2260 1055 2350 Ἠρακλέα.
1110 2280 1274 2335 Οὗτος
1335 2271 1436 2349 γὰρ
1480 2260 1858 2351 διερχόμενος,
1895 2279 2018 2343 ζευο

361 2359 514 2434 γίτην
573 2358 895 2438 ἀροτριῶντα
962 2360 1152 2437 εὑρὼν,
1224 2355 1314 2417 καὶ
1340 2361 1432 2416 τὸν
1490 2359 1672 2438 ἕτερον
1699 2361 1884 2418 τούτου
1924 2364 2019 2417 θύ-

363 2468 458 2511 σας
509 2448 615 2504 τῶν
665 2450 828 2529 βοῶν,
894 2450 1070 2516 θοίνην
1127 2450 1315 2506 ἑαυτοῦ
1345 2451 1436 2505 καὶ
1464 2451 1653 2527 βρῶμα
1701 2452 2014 2517 πεποίηται·

355 2534 407 2600 εξ
464 2537 523 2593 οὗ
579 2538 666 2593 καὶ
729 2538 1064 2614 ὠνόμασται,
1119 2539 1179 2596 ’0
1238 2541 1395 2603 αὐτὸς
1445 2543 1594 2605 οὗτος
1626 2536 1799 2619 (ibid.
1838 2540 1900 2610 7)
1933 2537 2020 2619 md

356 2626 449 2689 τὰς
510 2627 724 2684 Θεστίου
781 2631 832 2682 ν’
878 2628 1164 2708 Θυγατέρας
1214 2628 1267 2686 έν
1319 2634 1416 2703 μιᾷ
1444 2618 1702 2710 διέφθειρε
1729 2632 1898 2686 νυκτί·
1931 2618 2021 2688 καἱ

355 2712 439 2769 διὰ
488 2721 649 2793 τριῶν
703 2723 904 2776 νυκτῶν
958 2717 1153 2798 έτέχθη
1214 2725 1282 2796 τῇ
1333 2710 1638 2799 Ἀλκμήνῃ,
1673 2723 2019 2796 καινοτομή-

358 2826 547 2869 σαντος
596 2808 688 2863 τοῦ
745 2806 982 2885 μεγάλου
1039 2809 1195 2880 Διὸς,
1268 2809 1341 2874 ὤς
1391 2830 1574 2887 φασιν,
1625 2807 1693 2862 δι’
1726 2807 2019 2867 ἀκολασίας

361 2893 553 2973 ἔρωτα,
587 2896 791 2962 καὶτὰς
835 2897 1064 2975 ἡμέρας,
1098 2899 1185 2955 καὶ
1215 2896 1563 2959 κελεύσαντος
1594 2894 1807 2979 [σοίεί.
1875 2898 2019 2974 ἡμέ-

360 3007 454 3064 ρας
516 2985 670 3067 κελ,]
731 2985 867 3060 ἡλίῳ
897 2987 981 3044 ἐπὶ
1029 2989 1165 3068 τρισὶ
1197 2991 1276 3063 μη
1308 2988 1588 3044 ἀνατεῖλαι
1642 2986 1893 3065 ἡμέραις,
1949 2990 2020 3044 ὡς

361 3075 438 3148 μὴ
471 3075 737 3154 ἀρκούσης
809 3080 996 3142 νυκτὸς
1067 3085 1192 3154 μιᾶς
1227 3077 1492 3146 ἐκπλῆσαι
1522 3078 1612 3134 τὸν
1638 3076 1775 3134 οὕτω
1821 3079 2013 3157 θερμὸν

366 3161 521 3244 (cod.
560 3183 618 3245 p.
654 3165 797 3239 268,
821 3165 889 3245 2)
917 3169 1002 3225 καὶ
1047 3168 1233 3247 ἀτειρῇ
1263 3167 1457 3247 ἔρωτα.

443 3251 594 3318 Ibid.
628 3254 724 3317 14.
756 3255 1074 3315 Είδωλιανὺν
1144 3259 1230 3314 καὶ
1303 3263 1549 3316 Πισαῖον.
1592 3257 1689 3313 Διὰ
1762 3257 1860 3327 τὴν
1883 3279 2009 3333 μετ-

363 3347 596 3418 ωνυιιίαν
667 3344 774 3401 τῶν
886 3345 1202 3419 Γαλιλαίων,
1283 3345 1738 3412 ἀντισκώπτοντες
1798 3347 2007 3424 [σοίει.

363 3433 476 3489 ἀντὶ
524 3439 616 3490 τοῦ
675 3434 1042 3517 σκώπτοντες]
1080 3433 1396 3494 Εἶδωλιανὸν
1427 3437 1586 3492 αὐτὸν
1639 3436 1728 3492 καὶ
1786 3443 2013 3495 Πισαῖον

367 3522 580 3599 [CoisL
615 3523 905 3606 Πισσατον]
949 3523 1195 3596 έκάλουν,
1259 3526 1306 3582 οἱ
1339 3524 1416 3600 μὴ
1462 3525 1900 3606 συναπαχθέντις
1950 3534 2018 3604 τῇ

364 3610 700 3687 δεισιδαίμονι
756 3612 932 3692 πλάνῃ
992 3619 1177 3695 αὐτοῦ,
1238 3615 1300 3672 τὸ
1333 3615 1430 3690 μὲι
1462 3614 1570 3672 ἀπὸ
1599 3622 1706 3673 τῶν
1758 3613 2014 3697 εἰδώλων,

363 3703 425 3757 τὸ
453 3701 506 3757 δὶ
536 3701 643 3758 ἀπὸ
673 3702 767 3771 τῆς
797 3705 964 3772 Πίσης
997 3703 1217 3785 [CoisL
1243 3703 1524 3786 Πίσσης.]·
1550 3703 1686 3761 οὕτω
1715 3707 1815 3785 γὰρ
1842 3705 1894 3762 ἕν
1931 3729 2017 3762 τι-

368 3813 449 3848 σιν
512 3791 730 3871 εὕρηται
757 3800 864 3851 τῶν
898 3793 1255 3876 ἀντιγράφων·
1293 3793 1329 3862 ἧ
1363 3796 1469 3852 ἀπὸ
1500 3799 1598 3862 τῆς
1639 3795 1878 3861 πειθοῦςο
1913 3796 2016 3871 δτι,

367 3885 513 3960 φασὶ,
547 3884 635 3938 καὶ
683 3889 863 3956 τοῦτο,
911 3886 955 3941 εἷ
1005 3886 1092 3941 καὶ
1141 3885 1467 3964 βραψὺτερον
1523 3888 1621 3954 τῆς
1673 3885 1818 3965 βίας,
1872 3884 2020 3961 ὅμως

367 3971 491 4047 παρ’
550 3971 691 4045 αὒτῷ
752 3973 839 4040 ἦν.
889 3972 1210 4031 Εἱδωλιανὸν
1269 3973 1360 4029 οὖν
1406 3975 1564 4029 αὐτὸν
1593 3973 2029 4050 ὠνομάκασι,καῖ

370 4060 664 4117 Ἀδωναϊον
689 4059 854 4132 (ibid.
889 4061 989 4143 45)
1041 4063 1148 4120 ἀπὸ
1181 4061 1484 4139 Ἀδώνιδος,
1520 4065 1609 4120 καὶ
1643 4065 2027 4146 Καυσίταυρον,

368 4148 450 4206 ὅτι
499 4148 758 4214 πολλάκις
799 4151 1017 4230 ταύρους
1075 4151 1397 4209 ὡλοκαύῦειο
1433 4151 1570 4208 ἀλλὰ
1598 4151 1696 4208 κάν
1759 4166 1878 4218 τοῖς
1929 4177 2025 4210 vo-

371 4239 595 4314 μίσμασι
659 4248 847 4317 ταῦρον
876 4242 1146 4302 ἐνετύπου·
1183 4241 1261 4299 διὸ
1309 4244 1394 4298 καὶ
1425 4239 1736 4322 Ἀντιοχεῖς
1762 4241 2021 4299 ἂποσκω-

371 4350 591 4395 πτοντες
647 4332 783 4388 κατὰ
842 4332 1126 4410 πρόσωπον
1196 4330 1403 4411 ἔλεγον.
1491 4333 1562 4390 Τὸ
1621 4332 1858 4408 νόμισμά
1930 4355 2022 4390 σου

371 4426 560 4496 ταῦρον
645 4418 764 4501 ἔχει
794 4421 882 4478 καὶ
939 4423 1027 4478 τὸν
1080 4421 1283 4498 κόσμον
1357 4421 1660 4501 ἀνατρέπει·
1726 4429 2019 4503 τροπικῶς,

371 4509 477 4564 ἀπὸ
521 4515 612 4566 τοῦ
660 4510 761 4567 ὑπὸ
831 4516 936 4567 τῶν
984 4512 1190 4590 ταύρων
1261 4514 1349 4569 καὶ
1392 4519 1498 4569 τῶν
1545 4513 1685 4589 βοῶν
1736 4510 2024 4589 ἑλκομένου

371 4600 458 4655 καὶ
489 4599 590 4666 τὴν
618 4605 722 4678 γῆν
745 4599 1130 4680 ἀνατρέποντος
1157 4601 1406 4682 ἀρότρου.

453 4686 581 4750 Col.
641 4688 761 4753 605
819 4690 869 4752 Α
930 4689 1030 4753 10.
1062 4697 1141 4769 Τῇ
1195 4691 1387 4770 λεοντῇ
1457 4693 1559 4760 τὴν
1619 4690 1876 4771 κερδαλὴν
1935 4692 2024 4772 ἰγ-

373 4781 643 4857 κρύπτων.
707 4785 1083 4861 Παροιμιακῶς
1143 4779 1357 4862 ε’ίρηται
1433 4781 1539 4839 ἀπὸ
1595 4782 1692 4850 τῆς
1724 4780 1877 4860 δορᾶς
1927 4790 2023 4840 τοῦ

371 4867 584 4934 λέοντος
655 4872 741 4927 καὶ
809 4874 905 4938 τῆς
929 4871 1161 4950 κερδοῦς,
1188 4871 1366 4930 ei":ko
1405 4871 1713 4935 ἀλώπεκος.
1751 4871 2021 4940 Εἵληπται

374 4957 480 5015 ἀπὸ
541 4967 649 5016 τῶν
720 4961 894 5032 ζώων.
955 4961 1123 5042 Λέων,
1156 4963 1509 5042 ἰσχυρότατον
1539 4963 1628 5017 καί
1655 4961 2019 5038 βασιλικώτα-

375 5068 466 5102 τον
516 5054 624 5104 τῶν
680 5050 856 5125 ζώων,
879 5048 1092 5125 δυνάμει
1168 5051 1383 5130 Θαῤῥοῦν
1416 5051 1643 5131 ἀτρύτῳ,
1695 5049 1853 5111 δόλου
1883 5073 2026 5108 παν-

375 5138 463 5200 τὸς
524 5135 816 5217 ἱλεύθερον⁶
871 5138 1040 5219 κερδὼ
1069 5137 1146 5214 δὲ,
1204 5141 1359 5218 ῥώμῃ
1413 5141 1512 5216 μὲν
1584 5139 1794 5205 ἀσθενὲς
1830 5139 2024 5223 [codd.

375 5225 656 5307 ἀσθενὴς],
687 5225 827 5300 δόλῳ
878 5227 932 5284 δε
981 5235 1204 5306 κρατοῦν
1258 5231 1346 5287 καὶ
1411 5229 1796 5310 ἰσχυροτέρων,
1825 5229 2027 5286 Βούλε-

375 5337 458 5370 ται
510 5313 565 5371 δὲ
615 5315 790 5393 λέγειν
821 5317 848 5374 ὁ
879 5315 1064 5396 λόγος,
1094 5316 1175 5374 ὅτι
1205 5324 1282 5393 τῷ
1307 5325 1599 5397 τυραννικῷ
1624 5318 1708 5375 καὶ
1761 5319 2028 5394 βασιλικῷ

376 5403 489 5473 ἤθει
547 5404 797 5484 ’ἔκρυπτεν
853 5409 880 5463 ὂ
930 5397 1268 5476 Ἀποστάτης
1323 5410 1385 5465 τὸ
1434 5430 1731 5487 πανοοργον
1759 5409 1843 5464 καὶ
1878 5405 2030 5466 δολε-

377 5497 491 5570 ρὸν,
550 5495 671 5553 ἀλλ’
723 5499 850 5578 οὺχ,
920 5497 996 5562 ὥς
1051 5496 1324 5572 βασιλεὺς,
1377 5498 1443 5554 τὰ
1485 5497 1705 5575 βασιλεῖ
1757 5497 2027 5576 πρέποντα

377 5584 679 5665 έλευθερίως
708 5589 795 5644 καὶ
815 5587 1164 5666 ἀπανοὺργως
1194 5586 1385 5649 ἐτέλει.

2099 2083 2456 2165 missimum,
2495 2085 2875 2163 cornigerum
2899 2093 3076 2166 atque
3109 2083 3358 2146 hircinis
3389 2082 3664 2164 pedibus.

2178 2172 2539 2234 Buthmnam
2561 2173 3070 2255 etTrivesperum.
3099 2173 3387 2236 Eumdem
3411 2172 3494 2234 ita
3514 2170 3750 2236 Hercu-

2101 2263 2215 2324 lem
2251 2265 2556 2327 vocat.Hic
2594 2267 2753 2329 enim
2781 2268 2893 2328 iter
2921 2266 3534 2344 faciens,cumjugum
3567 2267 3748 2327 boum

2106 2362 2322 2414 terram
2358 2364 2550 2416 aratro
2581 2357 2820 2418 sulcans
2850 2355 3092 2416 obvium
3129 2355 3645 2434 habuisset,unum
3677 2373 3750 2417 ex

2107 2442 2298 2504 bobus
2328 2453 2637 2525 acceptum
2655 2445 2965 2524 jugulavit,
2997 2463 3256 2525 eumque
3287 2444 3398 2505 sibi
3421 2444 3661 2523 epulum
3692 2450 3755 2506 et

2103 2549 2301 2593 escam
2327 2532 2486 2594 fecit.
2516 2531 2687 2595 Unde
2713 2542 2769 2594 et
2802 2533 2887 2594 sic
2909 2533 3105 2594 dictus
3137 2531 3537 2595 est.Hicidem
3569 2531 3752 2612 quin-

2105 2620 2613 2700 quagintaThestii
2645 2622 2796 2683 ﬁlias
2837 2641 2956 2683 una
2986 2629 3162 2683 nocte
3195 2620 3504 2700 stupravit.
3538 2622 3614 2683 Et
3645 2639 3755 2701 per

2107 2719 2226 2771 tres
2256 2720 2459 2771 noctes
2488 2712 2781 2774 Alemene
2812 2730 2946 2772 eum
2977 2711 3274 2791 concepit,
3300 2728 3369 2770 ex
3402 2709 3636 2791 integro
3655 2729 3753 2772 re-

2103 2809 2403 2860 staurante
2433 2819 2641 2878 magno
2662 2803 2825 2872 Jove,
2862 2809 2927 2862 ut
2955 2800 3141 2874 aiunt,
3169 2801 3242 2861 ob
3276 2799 3544 2861 libidinis
3576 2810 3753 2879 petu-

2107 2889 2369 2961 lantiam,
2411 2909 2667 2971 amores,
2700 2899 2757 2953 et
2787 2890 2938 2966 dies,
2993 2891 3225 2970 solique
3280 2889 3616 2969 imperante
3646 2907 3754 2970 per

2108 2993 2227 3045 tres
2270 2985 2583 3046 continuos
2606 2983 2735 3045 dies
2767 3003 2883 3045 non
2911 2981 3254 3064 oriri,quasi
3276 3001 3395 3043 non
3417 2981 3754 3045 sufﬁciente

2109 3083 2280 3135 nocte
2310 3092 2428 3135 una
2453 3073 2524 3134 ad
2547 3074 2904 3155 explendum
2925 3073 3074 3136 adeo
3098 3072 3353 3138 calidum
3380 3080 3562 3152 atque
3588 3073 3756 3136 inde-

2031 3138 2070 3187 C
2094 3161 2313 3225 fessum
2347 3138 2640 3224 amorem:

2183 3254 2526 3316 Idolianum
2550 3263 2606 3316 et
2637 3253 2926 3317 Pisaeam.
2956 3255 3210 3334 Propter
3233 3252 3616 3317 Galilaeorum
3649 3269 3727 3316 no

2100 3344 2275 3406 minis
2304 3343 3030 3421 immutationem,eodem
3055 3343 3199 3405 ludo
3226 3341 3758 3414 ulciscentes,Ido-

2100 3435 2320 3495 liauum
2347 3452 2481 3495 eum
2505 3442 2563 3493 et
2594 3433 2846 3495 Pisaeum
2870 3433 3289 3514 vocabant,qui
3309 3452 3428 3494 non
3455 3433 3752 3514 supersti-

2102 3523 2267 3584 tiosis
2300 3524 2430 3603 ejus
2461 3522 2769 3584 erroribus
2798 3522 3087 3584 abstracti
3120 3531 3307 3603 erant,
3344 3522 3596 3584 alterum
3633 3522 3762 3604 qui-

2104 3613 2238 3674 dem
2285 3612 2357 3673 ab
2391 3611 2591 3686 idolis,
2620 3612 2935 3674 alteruma
2968 3616 3134 3681 Πίσης
3194 3613 3424 3692 (Pisa).
3469 3611 3554 3673 Ita
3597 3613 3760 3675 enim

2105 3704 2165 3765 iu
2199 3703 2504 3764 nonnullis
2526 3703 2826 3764 invenitur
2857 3702 3276 3784 manuscriptis
3313 3723 3328 3778 ;
3359 3702 3455 3764 vel
3487 3720 3521 3764 a
3547 3707 3760 3767 πειθοῦς

2104 3795 2550 3874 (persuasio-ne)
2588 3816 2603 3865 ;
2639 3792 2819 3872 quod,
2852 3793 3042 3866 aiunt,
3078 3793 3204 3854 haec
3235 3809 3471 3872 quoque
3503 3791 3614 3853 etsi
3658 3809 3760 3853 ra-

2113 3884 2237 3945 rior
2259 3882 2562 3962 violentia,
2599 3891 2796 3944 tamen
2823 3882 2980 3962 apud
3035 3901 3169 3943 eum
3220 3889 3364 3943 erat.
3431 3880 3760 3943 Idolianum

2112 3975 2291 4052 igitur
2313 3993 2447 4035 eum
2485 3981 2996 4052 nuncupaverunt,
3034 3979 3090 4033 et
3119 3970 3464 4033 Adonizeum
3497 3969 3571 4030 ab
3606 3969 3763 4032 Ado-

2113 4063 2273 4142 nide,
2312 4073 2370 4123 et
2418 4061 2900 4135 Tauricremum,
2927 4061 3085 4142 quod
3117 4061 3332 4140 saepius
3386 4059 3566 4122 boves
3625 4060 3762 4139 igne

2110 4159 2427 4214 cremaret.
2463 4153 2762 4214 Monetam
2795 4169 3031 4230 quoque
3064 4159 3228 4212 tauro
3262 4149 3563 4229 signabat.
3603 4149 3760 4222 Qua-

2110 4251 2354 4323 propter
2376 4240 2734 4303 Antiocheni
2763 4240 2986 4301 vultum
3029 4241 3159 4321 ejus
3203 4239 3547 4302 deridentes
3595 4238 3762 4301 dice-

2108 4331 2253 4392 bant
2285 4348 2299 4393 :
2335 4329 2582 4393 Moneta
2611 4339 2713 4393 tua
2746 4340 2990 4394 taurum
3018 4331 3200 4393 habet
3230 4337 3288 4393 et
3335 4329 3630 4391 mundum
3660 4329 3762 4390 in-

2109 4424 2296 4484 vertit
2332 4443 2344 4484 :
2388 4422 2793 4501 metaphorice
2824 4421 3203 4502 desumptum
3254 4439 3324 4482 ex
3373 4425 3567 4481 aratro
3598 4418 3764 4499 quod

2110 4533 2144 4575 a
2175 4513 2368 4575 bobus
2401 4514 2733 4576 extrahitur
2757 4522 3099 4593 terramque
3122 4512 3386 4576 invertit.

2191 4695 2430 4757 Leoniat
2458 4691 2602 4774 pelli
2630 4692 2951 4774 vulpinam
3005 4698 3368 4771 praetexens.
3404 4689 3764 4755 Proverbia-

2109 4783 2243 4845 liter
2273 4784 2498 4845 dictum
2531 4801 2565 4842 a
2595 4783 2786 4844 leonis
2817 4782 3347 4863 corio,vulpisque.
3384 4782 3512 4844 Hoc
3538 4780 3612 4843 ab
3644 4780 3769 4842 ani-

2110 4872 2364 4935 malibus
2388 4872 2792 4952 desumptum.
2828 4875 2972 4950 Leo,
3029 4871 3458 4933 validissimum
3517 4870 3764 4948 regalis-

2111 4962 2451 5042 simumque
2470 4959 3078 5034 animalium,viribus
3092 4961 3401 5022 conﬁdens
3425 4959 3762 5039 indomitis,

2111 5060 2289 5128 atque
2307 5052 2378 5112 ab
2411 5053 2528 5112 orni
2553 5051 2689 5112 dolo
2731 5050 3008 5111 liberum.
3045 5049 3265 5111 Contra
3290 5049 3517 5128 vulpes,
3548 5047 3767 5109 robore

2112 5142 2352 5220 quidem
2374 5140 2746 5221 debilis,astu
2771 5139 3048 5219 superior
3067 5147 3124 5199 et
3143 5137 3437 5199 valentior
3459 5134 3765 5214 est.Cujus

2111 5229 2406 5291 sermonis
2437 5229 2534 5291 hic
2565 5247 2799 5309 sensus,
2836 5226 2997 5305 quod
3042 5227 3158 5292 sub
3191 5225 3509 5308 tyrannicis
3539 5224 3761 5304 regiis-

2113 5338 2228 5396 que
2253 5319 2520 5382 moribus
2549 5321 2894 5399 Apostatam
2921 5316 3191 5380 fraudem
3231 5325 3289 5379 et
3310 5314 3633 5377 versutiam
3656 5332 3764 5383 oc-

2113 5407 2596 5490 cultabat,neque
2625 5417 2688 5469 ut
2717 5408 3144 5487 imperator,ea
3173 5424 3305 5486 quae
3337 5405 3762 5484 imperatorem

2115 5497 2432 5572 decebant,
2469 5498 2656 5560 libere
2678 5517 2747 5559 ac
2774 5494 3131 5577 simpliciter
3155 5493 3616 5575 exsequebatur.

464 5719 588 5798 (95)
621 5718 782 5783 Editi
809 5720 1040 5796 ἀδικεῖν,
1085 5725 1295 5802 recte;
1326 5719 1556 5799 ἀτυχεῖν
1586 5718 1752 5797 quod
1786 5718 1992 5801 legunt

2111 5718 2296 5782 unulli
2329 5737 2502 5798 mss.,
2531 5719 2740 5783 sensui
2771 5717 3024 5781 multum
3076 5715 3285 5790 ofﬁcit;
3317 5726 3384 5780 et
3410 5714 3549 5778 ideo
3592 5713 3766 5779 Basi-

379 5807 519 5887 lius,
551 5815 665 5874 πῶς
697 5810 954 5894 imm;
986 5808 1205 5892 inquit.
