  <div class='ocr_page' id='page_1' title='image "/cluster/home/n/w/nwhite01/storage/ocr_20150623/36:no.2/coo.31924054869338/576.png"; bbox 0 0 4166 6404; ppageno 0'>
   <div class='ocr_carea' id='block_1_1' title="bbox 254 433 1898 514">
    <p class='ocr_par' dir='ltr' id='par_1_1' title="bbox 254 433 1878 514">
     <span class='ocr_line' id='line_1_1' title="bbox 254 433 1878 514; baseline -0.009 0"><span class='ocrx_word' id='word_1_1' title='bbox 254 444 411 514; x_wconf 74' lang='lat' dir='ltr'><strong>H33</strong></span> <span class='ocrx_word' id='word_1_2' title='bbox 1056 443 1379 510; x_wconf 69' lang='lat' dir='ltr'><strong>BCHOLIA</strong></span> <span class='ocrx_word' id='word_1_3' title='bbox 1423 441 1503 506; x_wconf 78' lang='lat' dir='ltr'><strong>IN</strong></span> <span class='ocrx_word' id='word_1_4' title='bbox 1548 436 1779 506; x_wconf 76' lang='lat' dir='ltr'><strong>ORAT.</strong></span> <span class='ocrx_word' id='word_1_5' title='bbox 1822 433 1878 501; x_wconf 85' lang='grc' dir='ltr'>Π</span> 
     </span>
    </p>
   </div>
   <div class='ocr_carea' id='block_1_2' title="bbox 1994 433 3641 514">
    <p class='ocr_par' dir='ltr' id='par_1_2' title="bbox 1994 434 3641 505">
     <span class='ocr_line' id='line_1_2' title="bbox 1994 434 3641 505; baseline 0.001 -5"><span class='ocrx_word' id='word_1_6' title='bbox 1994 434 2228 502; x_wconf 76' lang='grc' dir='ltr'><strong>)Ν’ῙἮΑ</strong></span> <span class='ocrx_word' id='word_1_7' title='bbox 2274 436 2687 504; x_wconf 82' lang='lat' dir='ltr'><strong>JULIANUM.</strong></span> <span class='ocrx_word' id='word_1_8' title='bbox 3481 438 3506 504; x_wconf 85' lang='grc'><strong>1</strong></span> <span class='ocrx_word' id='word_1_9' title='bbox 3525 437 3641 505; x_wconf 70' lang='grc'><strong>134</strong></span> 
     </span>
    </p>
   </div>
   <div class='ocr_carea' id='block_1_3' title="bbox 243 573 1898 659">
    <p class='ocr_par' dir='ltr' id='par_1_3' title="bbox 243 574 1898 659">
     <span class='ocr_line' id='line_1_3' title="bbox 243 574 1898 659; baseline -0.005 -21"><span class='ocrx_word' id='word_1_10' title='bbox 243 580 384 638; x_wconf 81' lang='grc' dir='ltr'><strong>ὥστε</strong></span> <span class='ocrx_word' id='word_1_11' title='bbox 416 581 505 638; x_wconf 79' lang='grc' dir='ltr'><strong>καὶ</strong></span> <span class='ocrx_word' id='word_1_12' title='bbox 536 582 849 659; x_wconf 82' lang='grc' dir='ltr'><strong>βροντῶντι,</strong></span> <span class='ocrx_word' id='word_1_13' title='bbox 897 579 1047 659; x_wconf 70' lang='grc' dir='ltr'><strong>φασὶ,</strong></span> <span class='ocrx_word' id='word_1_14' title='bbox 1091 585 1169 653; x_wconf 82' lang='grc' dir='ltr'><strong>τῷ</strong></span> <span class='ocrx_word' id='word_1_15' title='bbox 1203 579 1308 658; x_wconf 86' lang='grc' dir='ltr'><strong>Διὶ,</strong></span> <span class='ocrx_word' id='word_1_16' title='bbox 1355 578 1577 654; x_wconf 77' lang='grc' dir='ltr'><strong>βροντᾷν</strong></span> <span class='ocrx_word' id='word_1_17' title='bbox 1629 575 1716 630; x_wconf 81' lang='grc' dir='ltr'><strong>καὶ</strong></span> <span class='ocrx_word' id='word_1_18' title='bbox 1746 574 1898 659; x_wconf 73' lang='grc' dir='ltr'><strong>αὖτὸς</strong></span> 
     </span>
    </p>
   </div>
   <div class='ocr_carea' id='block_1_4' title="bbox 1994 573 3641 659">
    <p class='ocr_par' dir='ltr' id='par_1_4' title="bbox 1994 573 3641 656">
     <span class='ocr_line' id='line_1_4' title="bbox 1994 573 3641 656; baseline 0.003 -22"><span class='ocrx_word' id='word_1_19' title='bbox 1994 573 2194 635; x_wconf 80' lang='lat' dir='ltr'><strong>Jovem</strong></span> <span class='ocrx_word' id='word_1_20' title='bbox 2213 575 2477 637; x_wconf 70' lang='lat' dir='ltr'><strong>emulari</strong></span> <span class='ocrx_word' id='word_1_21' title='bbox 2510 573 2980 656; x_wconf 88' lang='lat' dir='ltr'><strong>conabatur,per</strong></span> <span class='ocrx_word' id='word_1_22' title='bbox 2996 574 3221 636; x_wconf 86' lang='lat' dir='ltr'><strong>corium</strong></span> <span class='ocrx_word' id='word_1_23' title='bbox 3247 573 3470 637; x_wconf 89' lang='lat' dir='ltr'><strong>siccum</strong></span> <span class='ocrx_word' id='word_1_24' title='bbox 3495 585 3641 639; x_wconf 92' lang='lat' dir='ltr'><strong>stre-</strong></span> 
     </span>
    </p>
   </div>
   <div class='ocr_carea' id='block_1_5' title="bbox 242 657 1898 749">
    <p class='ocr_par' dir='ltr' id='par_1_5' title="bbox 242 657 1898 749">
     <span class='ocr_line' id='line_1_5' title="bbox 242 657 1898 749; baseline -0.004 -23"><span class='ocrx_word' id='word_1_25' title='bbox 242 657 692 749; x_wconf 72' lang='grc' dir='ltr'><strong>ἂντεμηχανιῑτο,</strong></span> <span class='ocrx_word' id='word_1_26' title='bbox 781 667 842 725; x_wconf 83' lang='grc' dir='ltr'><strong>έκ</strong></span> <span class='ocrx_word' id='word_1_27' title='bbox 913 657 1129 748; x_wconf 19' lang='grc' dir='ltr'><strong>Ῠβύρσης</strong></span> <span class='ocrx_word' id='word_1_28' title='bbox 1208 657 1515 726; x_wconf 69' lang='grc' dir='ltr'><strong>έπικτυπῶν</strong></span> <span class='ocrx_word' id='word_1_29' title='bbox 1582 661 1743 744; x_wconf 78' lang='grc' dir='ltr'><strong>ξηρᾶς</strong></span> <span class='ocrx_word' id='word_1_30' title='bbox 1813 657 1898 720; x_wconf 70' lang='grc' dir='ltr'><strong>καῖ</strong></span> 
     </span>
    </p>
   </div>
   <div class='ocr_carea' id='block_1_6' title="bbox 1994 657 2821 749">
    <p class='ocr_par' dir='ltr' id='par_1_6' title="bbox 1994 661 2821 742">
     <span class='ocr_line' id='line_1_6' title="bbox 1994 661 2821 742; baseline 0.004 -18"><span class='ocrx_word' id='word_1_31' title='bbox 1994 661 2172 742; x_wconf 87' lang='lat' dir='ltr'><strong>pitum</strong></span> <span class='ocrx_word' id='word_1_32' title='bbox 2201 663 2389 727; x_wconf 87' lang='lat' dir='ltr'><strong>edens</strong></span> <span class='ocrx_word' id='word_1_33' title='bbox 2414 663 2821 742; x_wconf 89' lang='lat' dir='ltr'><strong>irridensque.</strong></span> 
     </span>
    </p>
   </div>
   <div class='ocr_carea' id='block_1_7' title="bbox 287 757 546 830">
    <p class='ocr_par' dir='ltr' id='par_1_7' title="bbox 287 757 546 830">
     <span class='ocr_line' id='line_1_7' title="bbox 287 757 546 830; baseline 0.004 -15"><span class='ocrx_word' id='word_1_34' title='bbox 287 757 345 815; x_wconf 88' lang='grc' dir='ltr'><strong>λε</strong></span> <span class='ocrx_word' id='word_1_35' title='bbox 351 759 522 830; x_wconf 74' lang='grc' dir='ltr'><strong>υάζων</strong></span> <span class='ocrx_word' id='word_1_36' title='bbox 531 807 546 823; x_wconf 86' lang='grc'><strong>.</strong></span> 
     </span>
    </p>
   </div>
   <div class='ocr_carea' id='block_1_8' title="bbox 243 783 1898 929">
    <p class='ocr_par' dir='ltr' id='par_1_8' title="bbox 243 783 1898 929">
     <span class='ocr_line' id='line_1_8' title="bbox 243 783 546 840; baseline 0.003 -25"><span class='ocrx_word' id='word_1_37' title='bbox 243 783 546 840; x_wconf 61' lang='grc' dir='ltr'><strong>χλευαςων.</strong></span> 
     </span>
     <span class='ocr_line' id='line_1_9' title="bbox 313 843 1898 929; baseline -0.004 -21"><span class='ocrx_word' id='word_1_38' title='bbox 313 843 466 910; x_wconf 73' lang='lat' dir='ltr'><strong>Ibid.</strong></span> <span class='ocrx_word' id='word_1_39' title='bbox 540 845 586 911; x_wconf 84' lang='lat' dir='ltr'><strong>C</strong></span> <span class='ocrx_word' id='word_1_40' title='bbox 640 847 697 910; x_wconf 79' lang='grc'><strong>1.</strong></span> <span class='ocrx_word' id='word_1_41' title='bbox 762 847 1059 929; x_wconf 73' lang='grc' dir='ltr'><strong>Τραϊανοὺς</strong></span> <span class='ocrx_word' id='word_1_42' title='bbox 1128 844 1183 902; x_wconf 75' lang='grc' dir='ltr'><strong>δὲ</strong></span> <span class='ocrx_word' id='word_1_43' title='bbox 1243 843 1387 925; x_wconf 89' lang='grc' dir='ltr'><strong>λέγει</strong></span> <span class='ocrx_word' id='word_1_44' title='bbox 1447 845 1534 929; x_wconf 82' lang='grc' dir='ltr'><strong>καὶ</strong></span> <span class='ocrx_word' id='word_1_45' title='bbox 1592 843 1898 924; x_wconf 80' lang='grc' dir='ltr'><strong>Ἀδριανοὺς</strong></span> 
     </span>
    </p>
   </div>
   <div class='ocr_carea' id='block_1_9' title="bbox 1994 783 3638 929">
    <p class='ocr_par' dir='ltr' id='par_1_9' title="bbox 2073 841 3638 926">
     <span class='ocr_line' id='line_1_10' title="bbox 2073 841 3638 926; baseline 0.004 -25"><span class='ocrx_word' id='word_1_46' title='bbox 2073 843 2482 922; x_wconf 82' lang='lat' dir='ltr'><strong>Trojanosque</strong></span> <span class='ocrx_word' id='word_1_47' title='bbox 2501 841 2640 905; x_wconf 84' lang='lat' dir='ltr'><strong>illos</strong></span> <span class='ocrx_word' id='word_1_48' title='bbox 2656 850 2709 904; x_wconf 85' lang='lat' dir='ltr'><strong>et</strong></span> <span class='ocrx_word' id='word_1_49' title='bbox 2739 843 3042 906; x_wconf 78' lang='lat' dir='ltr'><strong>Adrianos</strong></span> <span class='ocrx_word' id='word_1_50' title='bbox 3055 842 3173 905; x_wconf 83' lang='lat' dir='ltr'><strong>sibi</strong></span> <span class='ocrx_word' id='word_1_51' title='bbox 3192 842 3264 904; x_wconf 86' lang='lat' dir='ltr'><strong>ob</strong></span> <span class='ocrx_word' id='word_1_52' title='bbox 3280 844 3481 906; x_wconf 84' lang='lat' dir='ltr'><strong>oculos</strong></span> <span class='ocrx_word' id='word_1_53' title='bbox 3493 863 3638 926; x_wconf 85' lang='lat' dir='ltr'><strong>pro-</strong></span> 
     </span>
    </p>
   </div>
   <div class='ocr_carea' id='block_1_10' title="bbox 235 927 1898 1015">
    <p class='ocr_par' dir='ltr' id='par_1_10' title="bbox 235 927 1898 1015">
     <span class='ocr_line' id='line_1_11' title="bbox 235 927 1898 1015; baseline -0.002 -20"><span class='ocrx_word' id='word_1_54' title='bbox 235 935 637 1005; x_wconf 79' lang='grc' dir='ltr'><strong>πληθυντικῶς.</strong></span> <span class='ocrx_word' id='word_1_55' title='bbox 672 927 884 1000; x_wconf 72' lang='grc' dir='ltr'><strong>Οῗτινες</strong></span> <span class='ocrx_word' id='word_1_56' title='bbox 927 935 1174 1015; x_wconf 72' lang='grc' dir='ltr'><strong>βασιλεῖς</strong></span> <span class='ocrx_word' id='word_1_57' title='bbox 1225 934 1398 1004; x_wconf 72' lang='grc' dir='ltr'><strong>ἤστην</strong></span> <span class='ocrx_word' id='word_1_58' title='bbox 1453 927 1752 1012; x_wconf 65' lang='grc' dir='ltr'><strong>Ῥωμαίων,</strong></span> <span class='ocrx_word' id='word_1_59' title='bbox 1813 933 1898 992; x_wconf 74' lang='grc' dir='ltr'><strong>ἐπὶ</strong></span> 
     </span>
    </p>
   </div>
   <div class='ocr_carea' id='block_1_11' title="bbox 1994 927 3636 1015">
    <p class='ocr_par' dir='ltr' id='par_1_11' title="bbox 1994 931 3636 1013">
     <span class='ocr_line' id='line_1_12' title="bbox 1994 931 3636 1013; baseline 0.002 -21"><span class='ocrx_word' id='word_1_60' title='bbox 1994 932 2349 1004; x_wconf 79' lang='lat' dir='ltr'><strong>nonem.Qui</strong></span> <span class='ocrx_word' id='word_1_61' title='bbox 2366 931 3028 1013; x_wconf 82' lang='lat' dir='ltr'><strong>quidemRomanorum</strong></span> <span class='ocrx_word' id='word_1_62' title='bbox 3044 931 3636 1012; x_wconf 87' lang='lat' dir='ltr'><strong>imperatoreserant.</strong></span> 
     </span>
    </p>
   </div>
   <div class='ocr_carea' id='block_1_12' title="bbox 238 1019 1898 1110">
    <p class='ocr_par' dir='ltr' id='par_1_12' title="bbox 238 1022 1898 1110">
     <span class='ocr_line' id='line_1_13' title="bbox 238 1022 1898 1110; baseline -0.003 -26"><span class='ocrx_word' id='word_1_63' title='bbox 238 1033 311 1104; x_wconf 78' lang='grc' dir='ltr'><strong>τῇ</strong></span> <span class='ocrx_word' id='word_1_64' title='bbox 339 1025 519 1108; x_wconf 73' lang='grc' dir='ltr'><strong>ἀνδρία</strong></span> <span class='ocrx_word' id='word_1_65' title='bbox 548 1029 636 1085; x_wconf 85' lang='grc' dir='ltr'><strong>καὶ</strong></span> <span class='ocrx_word' id='word_1_66' title='bbox 665 1027 725 1085; x_wconf 79' lang='grc' dir='ltr'><strong>τὸ</strong></span> <span class='ocrx_word' id='word_1_67' title='bbox 758 1027 993 1110; x_wconf 69' lang='grc' dir='ltr'><strong>ἀσφαλὲς</strong></span> <span class='ocrx_word' id='word_1_68' title='bbox 1017 1026 1344 1108; x_wconf 78' lang='grc' dir='ltr'><strong>έσχηκότες·</strong></span> <span class='ocrx_word' id='word_1_69' title='bbox 1374 1022 1456 1082; x_wconf 83' lang='grc' dir='ltr'><strong>διὸ</strong></span> <span class='ocrx_word' id='word_1_70' title='bbox 1479 1027 1568 1081; x_wconf 81' lang='grc' dir='ltr'><strong>καὶ</strong></span> <span class='ocrx_word' id='word_1_71' title='bbox 1596 1023 1898 1097; x_wconf 84' lang='grc' dir='ltr'><strong>πολεμικω·</strong></span> 
     </span>
    </p>
   </div>
   <div class='ocr_carea' id='block_1_13' title="bbox 1994 1019 3641 1110">
    <p class='ocr_par' dir='ltr' id='par_1_13' title="bbox 1994 1019 3641 1103">
     <span class='ocr_line' id='line_1_14' title="bbox 1994 1019 3641 1103; baseline 0.003 -22"><span class='ocrx_word' id='word_1_72' title='bbox 1994 1027 2159 1100; x_wconf 70' lang='lat' dir='ltr'><strong>atque</strong></span> <span class='ocrx_word' id='word_1_73' title='bbox 2191 1021 2390 1082; x_wconf 77' lang='lat' dir='ltr'><strong>virtuti</strong></span> <span class='ocrx_word' id='word_1_74' title='bbox 2425 1021 2804 1102; x_wconf 85' lang='lat' dir='ltr'><strong>prudentiam</strong></span> <span class='ocrx_word' id='word_1_75' title='bbox 2831 1019 3548 1103; x_wconf 79' lang='lat' dir='ltr'><strong>adjecerantJdeoquein</strong></span> <span class='ocrx_word' id='word_1_76' title='bbox 3573 1041 3641 1086; x_wconf 91' lang='lat' dir='ltr'><strong>re</strong></span> 
     </span>
    </p>
   </div>
   <div class='ocr_carea' id='block_1_14' title="bbox 242 1110 1898 1196">
    <p class='ocr_par' dir='ltr' id='par_1_14' title="bbox 242 1112 1898 1196">
     <span class='ocr_line' id='line_1_15' title="bbox 242 1112 1898 1196; baseline 0.001 -24"><span class='ocrx_word' id='word_1_77' title='bbox 242 1117 388 1174; x_wconf 85' lang='grc' dir='ltr'><strong>τάτω</strong></span> <span class='ocrx_word' id='word_1_78' title='bbox 416 1117 727 1196; x_wconf 72' lang='grc' dir='ltr'><strong>ὶγενέεθην,</strong></span> <span class='ocrx_word' id='word_1_79' title='bbox 787 1119 878 1177; x_wconf 80' lang='grc' dir='ltr'><strong>καὶ</strong></span> <span class='ocrx_word' id='word_1_80' title='bbox 919 1115 1126 1180; x_wconf 77' lang='grc' dir='ltr'><strong>πολλὰς</strong></span> <span class='ocrx_word' id='word_1_81' title='bbox 1188 1114 1374 1179; x_wconf 84' lang='grc' dir='ltr'><strong>πόλεις</strong></span> <span class='ocrx_word' id='word_1_82' title='bbox 1437 1116 1524 1172; x_wconf 85' lang='grc' dir='ltr'><strong>καὶ</strong></span> <span class='ocrx_word' id='word_1_83' title='bbox 1555 1114 1740 1195; x_wconf 83' lang='grc' dir='ltr'><strong>χώρας</strong></span> <span class='ocrx_word' id='word_1_84' title='bbox 1772 1112 1898 1178; x_wconf 79' lang='grc' dir='ltr'><strong>ὅλας</strong></span> 
     </span>
    </p>
   </div>
   <div class='ocr_carea' id='block_1_15' title="bbox 1994 1110 3642 1196">
    <p class='ocr_par' dir='ltr' id='par_1_15' title="bbox 1994 1110 3642 1192">
     <span class='ocr_line' id='line_1_16' title="bbox 1994 1110 3642 1192; baseline 0.002 -21"><span class='ocrx_word' id='word_1_85' title='bbox 1994 1110 2226 1172; x_wconf 80' lang='lat' dir='ltr'><strong>militari</strong></span> <span class='ocrx_word' id='word_1_86' title='bbox 2248 1112 3028 1192; x_wconf 85' lang='lat' dir='ltr'><strong>excelluemnt,multasque</strong></span> <span class='ocrx_word' id='word_1_87' title='bbox 3051 1111 3642 1192; x_wconf 86' lang='lat' dir='ltr'><strong>urbes,integrasque</strong></span> 
     </span>
    </p>
   </div>
   <div class='ocr_carea' id='block_1_16' title="bbox 247 1199 1897 1288">
    <p class='ocr_par' dir='ltr' id='par_1_16' title="bbox 247 1199 1897 1288">
     <span class='ocr_line' id='line_1_17' title="bbox 247 1199 1897 1288; baseline -0.002 -26"><span class='ocrx_word' id='word_1_88' title='bbox 247 1207 336 1263; x_wconf 79' lang='grc' dir='ltr'><strong>καὶ</strong></span> <span class='ocrx_word' id='word_1_89' title='bbox 416 1205 541 1274; x_wconf 81' lang='grc' dir='ltr'><strong>ἶθνη</strong></span> <span class='ocrx_word' id='word_1_90' title='bbox 626 1210 782 1288; x_wconf 87' lang='grc' dir='ltr'><strong>μυρία</strong></span> <span class='ocrx_word' id='word_1_91' title='bbox 841 1213 909 1284; x_wconf 78' lang='grc' dir='ltr'><strong>τῇ</strong></span> <span class='ocrx_word' id='word_1_92' title='bbox 985 1199 1266 1282; x_wconf 82' lang='grc' dir='ltr'><strong>Ῥωμαίων</strong></span> <span class='ocrx_word' id='word_1_93' title='bbox 1338 1202 1598 1270; x_wconf 78' lang='grc' dir='ltr'><strong>ὑπέταξαν</strong></span> <span class='ocrx_word' id='word_1_94' title='bbox 1672 1201 1897 1276; x_wconf 71' lang='grc' dir='ltr'><strong>ἱξουσίᾳ,</strong></span> 
     </span>
    </p>
   </div>
   <div class='ocr_carea' id='block_1_17' title="bbox 245 1293 1900 1379">
    <p class='ocr_par' dir='ltr' id='par_1_17' title="bbox 245 1293 1900 1379">
     <span class='ocr_line' id='line_1_18' title="bbox 245 1293 1900 1379; baseline -0.002 -25"><span class='ocrx_word' id='word_1_95' title='bbox 245 1296 560 1356; x_wconf 75' lang='grc' dir='ltr'><strong>Τοῦνσντίον</strong></span> <span class='ocrx_word' id='word_1_96' title='bbox 589 1295 645 1354; x_wconf 77' lang='grc' dir='ltr'><strong>δὲ</strong></span> <span class='ocrx_word' id='word_1_97' title='bbox 682 1299 850 1376; x_wconf 75' lang='grc' dir='ltr'><strong>Κάρον</strong></span> <span class='ocrx_word' id='word_1_98' title='bbox 902 1295 1116 1379; x_wconf 71' lang='grc' dir='ltr'><strong>[ροισι.</strong></span> <span class='ocrx_word' id='word_1_99' title='bbox 1178 1296 1368 1373; x_wconf 80' lang='grc' dir='ltr'><strong>Κᾶρον]</strong></span> <span class='ocrx_word' id='word_1_100' title='bbox 1421 1295 1508 1352; x_wconf 89' lang='grc' dir='ltr'><strong>καὶ</strong></span> <span class='ocrx_word' id='word_1_101' title='bbox 1551 1293 1900 1374; x_wconf 75' lang='grc' dir='ltr'><strong>Οὒαλεριανόν</strong></span> 
     </span>
    </p>
   </div>
   <div class='ocr_carea' id='block_1_18' title="bbox 247 1383 1899 1466">
    <p class='ocr_par' dir='ltr' id='par_1_18' title="bbox 247 1383 1899 1466">
     <span class='ocr_line' id='line_1_19' title="bbox 247 1383 1899 1466; baseline -0.001 -24"><span class='ocrx_word' id='word_1_102' title='bbox 247 1384 391 1464; x_wconf 82' lang='grc' dir='ltr'><strong>ὁρμῇ</strong></span> <span class='ocrx_word' id='word_1_103' title='bbox 462 1385 675 1466; x_wconf 83' lang='grc' dir='ltr'><strong>λέγεται</strong></span> <span class='ocrx_word' id='word_1_104' title='bbox 747 1387 965 1460; x_wconf 75' lang='grc' dir='ltr'><strong>ἀτάκτῳ</strong></span> <span class='ocrx_word' id='word_1_105' title='bbox 1053 1387 1144 1443; x_wconf 77' lang='grc' dir='ltr'><strong>καὶ</strong></span> <span class='ocrx_word' id='word_1_106' title='bbox 1229 1385 1378 1458; x_wconf 71' lang='grc' dir='ltr'><strong>ἀνοία</strong></span> <span class='ocrx_word' id='word_1_107' title='bbox 1457 1383 1775 1441; x_wconf 80' lang='grc' dir='ltr'><strong>πεπονθέναι</strong></span> <span class='ocrx_word' id='word_1_108' title='bbox 1846 1383 1899 1440; x_wconf 78' lang='grc' dir='ltr'><strong>έν</strong></span> 
     </span>
    </p>
   </div>
   <div class='ocr_carea' id='block_1_19' title="bbox 243 1471 1898 1556">
    <p class='ocr_par' dir='ltr' id='par_1_19' title="bbox 243 1471 1898 1556">
     <span class='ocr_line' id='line_1_20' title="bbox 243 1471 1898 1556; baseline -0.002 -24"><span class='ocrx_word' id='word_1_109' title='bbox 243 1475 462 1555; x_wconf 75' lang='grc' dir='ltr'><strong>Περσῶν</strong></span> <span class='ocrx_word' id='word_1_110' title='bbox 505 1477 668 1556; x_wconf 87' lang='grc' dir='ltr'><strong>ὁρίοις</strong></span> <span class='ocrx_word' id='word_1_111' title='bbox 724 1475 1116 1538; x_wconf 79' lang='grc' dir='ltr'><strong>καταλυθέντας</strong></span> <span class='ocrx_word' id='word_1_112' title='bbox 1150 1490 1166 1507; x_wconf 86' lang='grc'>⁶</span> <span class='ocrx_word' id='word_1_113' title='bbox 1220 1472 1384 1550; x_wconf 73' lang='grc' dir='ltr'><strong>πλὴν,</strong></span> <span class='ocrx_word' id='word_1_114' title='bbox 1440 1474 1594 1554; x_wconf 73' lang='grc' dir='ltr'><strong>φησὶ,</strong></span> <span class='ocrx_word' id='word_1_115' title='bbox 1629 1471 1722 1530; x_wconf 74' lang='grc' dir='ltr'><strong>οὒκ</strong></span> <span class='ocrx_word' id='word_1_116' title='bbox 1751 1473 1898 1529; x_wconf 79' lang='grc' dir='ltr'><strong>ὀνει-</strong></span> 
     </span>
    </p>
   </div>
   <div class='ocr_carea' id='block_1_20' title="bbox 240 1562 1899 1646">
    <p class='ocr_par' dir='ltr' id='par_1_20' title="bbox 240 1562 1899 1646">
     <span class='ocr_line' id='line_1_21' title="bbox 240 1562 1899 1646; baseline -0.002 -26"><span class='ocrx_word' id='word_1_117' title='bbox 240 1563 366 1637; x_wconf 75' lang='grc' dir='ltr'><strong>δίζω</strong></span> <span class='ocrx_word' id='word_1_118' title='bbox 445 1566 640 1646; x_wconf 76' lang='grc' dir='ltr'><strong>τύχας,</strong></span> <span class='ocrx_word' id='word_1_119' title='bbox 723 1564 1149 1645; x_wconf 81' lang='grc' dir='ltr'><strong>διεξοδικώτερον</strong></span> <span class='ocrx_word' id='word_1_120' title='bbox 1221 1565 1533 1642; x_wconf 72' lang='grc' dir='ltr'><strong>καταλέγων</strong></span> <span class='ocrx_word' id='word_1_121' title='bbox 1607 1562 1672 1618; x_wconf 77' lang='grc' dir='ltr'><strong>τὰ</strong></span> <span class='ocrx_word' id='word_1_122' title='bbox 1755 1563 1899 1643; x_wconf 74' lang='grc' dir='ltr'><strong>σφίσι</strong></span> 
     </span>
    </p>
   </div>
   <div class='ocr_carea' id='block_1_21' title="bbox 1985 1199 3640 1281">
    <p class='ocr_par' dir='ltr' id='par_1_21' title="bbox 1985 1199 3640 1281">
     <span class='ocr_line' id='line_1_22' title="bbox 1985 1199 3640 1281; baseline 0.002 -20"><span class='ocrx_word' id='word_1_123' title='bbox 1985 1202 2346 1281; x_wconf 80' lang='lat' dir='ltr'><strong>provincias,</strong></span> <span class='ocrx_word' id='word_1_124' title='bbox 2401 1210 2580 1281; x_wconf 90' lang='lat' dir='ltr'><strong>atque</strong></span> <span class='ocrx_word' id='word_1_125' title='bbox 2629 1202 2976 1263; x_wconf 86' lang='lat' dir='ltr'><strong>innumeras</strong></span> <span class='ocrx_word' id='word_1_126' title='bbox 3005 1211 3208 1280; x_wconf 90' lang='lat' dir='ltr'><strong>gentcs</strong></span> <span class='ocrx_word' id='word_1_127' title='bbox 3233 1199 3640 1264; x_wconf 82' lang='lat' dir='ltr'><strong>Romanorum</strong></span> 
     </span>
    </p>
   </div>
   <div class='ocr_carea' id='block_1_22' title="bbox 1984 1289 3638 1371">
    <p class='ocr_par' dir='ltr' id='par_1_22' title="bbox 1984 1289 3638 1371">
     <span class='ocr_line' id='line_1_23' title="bbox 1984 1289 3638 1371; baseline 0.002 -21"><span class='ocrx_word' id='word_1_128' title='bbox 1984 1289 2197 1352; x_wconf 91' lang='lat' dir='ltr'><strong>ditioni</strong></span> <span class='ocrx_word' id='word_1_129' title='bbox 2229 1292 2923 1371; x_wconf 85' lang='lat' dir='ltr'><strong>subjunxerunt.Contra</strong></span> <span class='ocrx_word' id='word_1_130' title='bbox 2947 1292 3160 1355; x_wconf 87' lang='lat' dir='ltr'><strong>Carum</strong></span> <span class='ocrx_word' id='word_1_131' title='bbox 3182 1301 3240 1352; x_wconf 92' lang='lat' dir='ltr'><strong>et</strong></span> <span class='ocrx_word' id='word_1_132' title='bbox 3256 1291 3638 1354; x_wconf 87' lang='lat' dir='ltr'><strong>Valerianum</strong></span> 
     </span>
    </p>
   </div>
   <div class='ocr_carea' id='block_1_23' title="bbox 1982 1379 3636 1461">
    <p class='ocr_par' dir='ltr' id='par_1_23' title="bbox 1982 1379 3636 1461">
     <span class='ocr_line' id='line_1_24' title="bbox 1982 1379 3636 1461; baseline 0.003 -20"><span class='ocrx_word' id='word_1_133' title='bbox 1982 1379 2180 1441; x_wconf 86' lang='lat' dir='ltr'><strong>ferunt</strong></span> <span class='ocrx_word' id='word_1_134' title='bbox 2201 1381 2404 1442; x_wconf 80' lang='lat' dir='ltr'><strong>stolidi</strong></span> <span class='ocrx_word' id='word_1_135' title='bbox 2421 1396 2491 1444; x_wconf 87' lang='lat' dir='ltr'><strong>ac</strong></span> <span class='ocrx_word' id='word_1_136' title='bbox 2516 1381 2816 1442; x_wconf 88' lang='lat' dir='ltr'><strong>temerarii</strong></span> <span class='ocrx_word' id='word_1_137' title='bbox 2842 1381 3097 1461; x_wconf 83' lang='lat' dir='ltr'><strong>impetus</strong></span> <span class='ocrx_word' id='word_1_138' title='bbox 3148 1398 3353 1460; x_wconf 65' lang='lat' dir='ltr'><strong>pinnas</strong></span> <span class='ocrx_word' id='word_1_139' title='bbox 3373 1381 3636 1454; x_wconf 83' lang='lat' dir='ltr'><strong>dedisse,</strong></span> 
     </span>
    </p>
   </div>
   <div class='ocr_carea' id='block_1_24' title="bbox 1983 1469 3635 1552">
    <p class='ocr_par' dir='ltr' id='par_1_24' title="bbox 1983 1469 3635 1552">
     <span class='ocr_line' id='line_1_25' title="bbox 1983 1469 3635 1552; baseline 0.001 -21"><span class='ocrx_word' id='word_1_140' title='bbox 1983 1476 2043 1532; x_wconf 91' lang='lat' dir='ltr'><strong>et</strong></span> <span class='ocrx_word' id='word_1_141' title='bbox 2075 1469 2134 1530; x_wconf 92' lang='lat' dir='ltr'><strong>in</strong></span> <span class='ocrx_word' id='word_1_142' title='bbox 2167 1469 2487 1531; x_wconf 86' lang='lat' dir='ltr'><strong>Persarum</strong></span> <span class='ocrx_word' id='word_1_143' title='bbox 2543 1470 2765 1531; x_wconf 91' lang='lat' dir='ltr'><strong>ﬁnibus</strong></span> <span class='ocrx_word' id='word_1_144' title='bbox 2810 1470 2992 1532; x_wconf 87' lang='lat' dir='ltr'><strong>fuisse</strong></span> <span class='ocrx_word' id='word_1_145' title='bbox 3052 1469 3302 1531; x_wconf 88' lang='lat' dir='ltr'><strong>deletos.</strong></span> <span class='ocrx_word' id='word_1_146' title='bbox 3340 1477 3635 1552; x_wconf 78' lang='lat' dir='ltr'><strong>Attamen,</strong></span> 
     </span>
    </p>
   </div>
   <div class='ocr_carea' id='block_1_25' title="bbox 1982 1558 3637 1640">
    <p class='ocr_par' dir='ltr' id='par_1_25' title="bbox 1982 1558 3637 1640">
     <span class='ocr_line' id='line_1_26' title="bbox 1982 1558 3637 1640; baseline 0.002 -20"><span class='ocrx_word' id='word_1_147' title='bbox 1982 1558 2088 1640; x_wconf 86' lang='lat' dir='ltr'><strong>ait,</strong></span> <span class='ocrx_word' id='word_1_148' title='bbox 2124 1578 2241 1621; x_wconf 92' lang='lat' dir='ltr'><strong>non</strong></span> <span class='ocrx_word' id='word_1_149' title='bbox 2278 1559 2544 1621; x_wconf 82' lang='lat' dir='ltr'><strong>fortunas</strong></span> <span class='ocrx_word' id='word_1_150' title='bbox 2577 1560 3101 1640; x_wconf 84' lang='lat' dir='ltr'><strong>exprobro,fusius</strong></span> <span class='ocrx_word' id='word_1_151' title='bbox 3129 1577 3260 1640; x_wconf 70' lang='lat' dir='ltr'><strong>quae</strong></span> <span class='ocrx_word' id='word_1_152' title='bbox 3289 1559 3363 1621; x_wconf 90' lang='lat' dir='ltr'><strong>iis</strong></span> <span class='ocrx_word' id='word_1_153' title='bbox 3399 1561 3637 1623; x_wconf 82' lang='lat' dir='ltr'><strong>accide-</strong></span> 
     </span>
    </p>
   </div>
   <div class='ocr_carea' id='block_1_26' title="bbox 237 1647 1898 1735">
    <p class='ocr_par' dir='ltr' id='par_1_26' title="bbox 237 1648 1898 1735">
     <span class='ocr_line' id='line_1_27' title="bbox 237 1648 1898 1735; baseline 0.003 -25"><span class='ocrx_word' id='word_1_154' title='bbox 237 1650 616 1729; x_wconf 77' lang='grc' dir='ltr'><strong>συμϐεϐηκότα</strong></span> <span class='ocrx_word' id='word_1_155' title='bbox 649 1671 668 1690; x_wconf 78' lang='grc'><strong><em>⁸</em></strong></span> <span class='ocrx_word' id='word_1_156' title='bbox 718 1654 978 1724; x_wconf 71' lang='grc' dir='ltr'><strong>εἴληπται</strong></span> <span class='ocrx_word' id='word_1_157' title='bbox 1023 1653 1076 1710; x_wconf 72' lang='grc' dir='ltr'><strong>δὲ</strong></span> <span class='ocrx_word' id='word_1_158' title='bbox 1121 1661 1274 1712; x_wconf 76' lang='grc' dir='ltr'><strong>τοῦτο</strong></span> <span class='ocrx_word' id='word_1_159' title='bbox 1513 1648 1630 1715; x_wconf 83' lang='lat'><strong>573</strong></span> <span class='ocrx_word' id='word_1_160' title='bbox 1661 1649 1750 1708; x_wconf 72' lang='grc' dir='ltr'><strong>ιῗλ</strong></span> <span class='ocrx_word' id='word_1_161' title='bbox 1799 1651 1898 1732; x_wconf 76' lang='grc' dir='ltr'><strong>γὰρ</strong></span> 
     </span>
    </p>
   </div>
   <div class='ocr_carea' id='block_1_27' title="bbox 1994 1647 3638 1735">
    <p class='ocr_par' dir='ltr' id='par_1_27' title="bbox 1994 1647 3638 1731">
     <span class='ocr_line' id='line_1_28' title="bbox 1994 1647 3638 1731; baseline 0.001 -21"><span class='ocrx_word' id='word_1_162' title='bbox 1994 1658 2122 1711; x_wconf 86' lang='lat' dir='ltr'><strong>runt</strong></span> <span class='ocrx_word' id='word_1_163' title='bbox 2153 1668 2486 1729; x_wconf 82' lang='lat' dir='ltr'><strong>exponens.</strong></span> <span class='ocrx_word' id='word_1_164' title='bbox 2519 1647 2608 1710; x_wconf 88' lang='lat' dir='ltr'><strong>Ab</strong></span> <span class='ocrx_word' id='word_1_165' title='bbox 2635 1648 2926 1730; x_wconf 87' lang='lat' dir='ltr'><strong>Euripide</strong></span> <span class='ocrx_word' id='word_1_166' title='bbox 2951 1668 3128 1731; x_wconf 91' lang='lat' dir='ltr'><strong>porro</strong></span> <span class='ocrx_word' id='word_1_167' title='bbox 3158 1649 3220 1710; x_wconf 93' lang='lat' dir='ltr'><strong>in</strong></span> <span class='ocrx_word' id='word_1_168' title='bbox 3254 1648 3483 1713; x_wconf 88' lang='lat' dir='ltr'><strong>Orestis</strong></span> <span class='ocrx_word' id='word_1_169' title='bbox 3514 1660 3638 1712; x_wconf 86' lang='lat' dir='ltr'><strong>tra-</strong></span> 
     </span>
    </p>
   </div>
   <div class='ocr_carea' id='block_1_28' title="bbox 237 1739 1898 1826">
    <p class='ocr_par' dir='ltr' id='par_1_28' title="bbox 237 1740 1694 1826">
     <span class='ocr_line' id='line_1_29' title="bbox 237 1740 1694 1826; baseline 0.005 -29"><span class='ocrx_word' id='word_1_170' title='bbox 237 1743 320 1821; x_wconf 77' lang='grc' dir='ltr'><strong>τ,]</strong></span> <span class='ocrx_word' id='word_1_171' title='bbox 359 1743 467 1801; x_wconf 77' lang='grc' dir='ltr'><strong>ἀπὸ</strong></span> <span class='ocrx_word' id='word_1_172' title='bbox 494 1743 588 1812; x_wconf 83' lang='grc' dir='ltr'><strong>τῆς</strong></span> <span class='ocrx_word' id='word_1_173' title='bbox 621 1743 899 1826; x_wconf 74' lang='grc' dir='ltr'><strong>Εὐριπίδου</strong></span> <span class='ocrx_word' id='word_1_174' title='bbox 927 1741 1225 1826; x_wconf 76' lang='grc' dir='ltr'><strong>τραγῳδίας</strong></span> <span class='ocrx_word' id='word_1_175' title='bbox 1253 1740 1507 1824; x_wconf 78' lang='grc' dir='ltr'><strong>Ὀρέστου</strong></span> 
     </span>
    </p>
   </div>
   <div class='ocr_carea' id='block_1_29' title="bbox 1994 1739 2821 1826">
    <p class='ocr_par' dir='ltr' id='par_1_29' title="bbox 1994 1739 2821 1821">
     <span class='ocr_line' id='line_1_30' title="bbox 1994 1739 2821 1821; baseline -0.004 -20"><span class='ocrx_word' id='word_1_176' title='bbox 1994 1739 2200 1820; x_wconf 67' lang='lat' dir='ltr'><strong>gaedia,</strong></span> <span class='ocrx_word' id='word_1_177' title='bbox 2229 1740 2338 1801; x_wconf 90' lang='lat' dir='ltr'><strong>hoc</strong></span> <span class='ocrx_word' id='word_1_178' title='bbox 2371 1747 2676 1821; x_wconf 89' lang='lat' dir='ltr'><strong>sumptum</strong></span> <span class='ocrx_word' id='word_1_179' title='bbox 2711 1750 2821 1801; x_wconf 90' lang='lat' dir='ltr'><strong>est.</strong></span> 
     </span>
    </p>
   </div>
   <div class='ocr_carea' id='block_1_30' title="bbox 329 1827 1898 1923">
    <p class='ocr_par' dir='ltr' id='par_1_30' title="bbox 329 1829 1898 1923">
     <span class='ocr_line' id='line_1_31' title="bbox 329 1829 1898 1923; baseline -0.006 -27"><span class='ocrx_word' id='word_1_180' title='bbox 329 1831 460 1896; x_wconf 79' lang='lat' dir='ltr'><strong>Ibid</strong></span> <span class='ocrx_word' id='word_1_181' title='bbox 485 1830 530 1896; x_wconf 65' lang='grc' dir='ltr'><strong>(ἶ</strong></span> <span class='ocrx_word' id='word_1_182' title='bbox 557 1833 655 1896; x_wconf 65' lang='grc' dir='ltr'><strong>ιθ.</strong></span> <span class='ocrx_word' id='word_1_183' title='bbox 691 1840 802 1904; x_wconf 79' lang='grc' dir='ltr'><strong>Τῆς</strong></span> <span class='ocrx_word' id='word_1_184' title='bbox 859 1837 1029 1914; x_wconf 78' lang='grc' dir='ltr'><strong>ὁρμῆς</strong></span> <span class='ocrx_word' id='word_1_185' title='bbox 1089 1833 1177 1903; x_wconf 74' lang='grc' dir='ltr'><strong>ἦν,</strong></span> <span class='ocrx_word' id='word_1_186' title='bbox 1227 1834 1429 1914; x_wconf 68' lang='grc' dir='ltr'><strong>Ποίαςς</strong></span> <span class='ocrx_word' id='word_1_187' title='bbox 1480 1838 1573 1890; x_wconf 80' lang='grc' dir='ltr'><strong>τοῦ</strong></span> <span class='ocrx_word' id='word_1_188' title='bbox 1598 1829 1898 1923; x_wconf 68' lang='grc' dir='ltr'><strong>προκειμέο</strong></span> 
     </span>
    </p>
   </div>
   <div class='ocr_carea' id='block_1_31' title="bbox 1994 1827 3644 1923">
    <p class='ocr_par' dir='ltr' id='par_1_31' title="bbox 1994 1827 3644 1923">
     <span class='ocr_line' id='line_1_32' title="bbox 1994 1827 3644 1923; baseline 0.001 -31"><span class='ocrx_word' id='word_1_189' title='bbox 1994 1918 2024 1923; x_wconf 80' lang='lat'><strong>__</strong></span> <span class='ocrx_word' id='word_1_190' title='bbox 2071 1827 2798 1923; x_wconf 60' lang='lat' dir='ltr'><strong>Totusquefgrebaturln</strong></span> <span class='ocrx_word' id='word_1_191' title='bbox 2824 1829 3146 1923; x_wconf 83' lang='lat' dir='ltr'><strong>quidnam?</strong></span> <span class='ocrx_word' id='word_1_192' title='bbox 3167 1832 3232 1892; x_wconf 88' lang='lat' dir='ltr'><strong>In</strong></span> <span class='ocrx_word' id='word_1_193' title='bbox 3251 1848 3381 1892; x_wconf 89' lang='lat' dir='ltr'><strong>eam</strong></span> <span class='ocrx_word' id='word_1_194' title='bbox 3402 1833 3644 1923; x_wconf 86' lang='lat' dir='ltr'><strong>expedi—</strong></span> 
     </span>
    </p>
   </div>
   <div class='ocr_carea' id='block_1_32' title="bbox 239 1917 1898 2004">
    <p class='ocr_par' dir='ltr' id='par_1_32' title="bbox 239 1919 1898 2004">
     <span class='ocr_line' id='line_1_33' title="bbox 239 1919 1898 2004; baseline -0.001 -25"><span class='ocrx_word' id='word_1_195' title='bbox 239 1944 333 1980; x_wconf 90' lang='grc' dir='ltr'><strong>νου</strong></span> <span class='ocrx_word' id='word_1_196' title='bbox 394 1932 600 1983; x_wconf 79' lang='grc' dir='ltr'>σκοποῦ</span> <span class='ocrx_word' id='word_1_197' title='bbox 635 1943 649 1958; x_wconf 86' lang='grc'><strong>·</strong></span> <span class='ocrx_word' id='word_1_198' title='bbox 701 1923 804 2002; x_wconf 73' lang='grc' dir='ltr'><strong>ἵν’,</strong></span> <span class='ocrx_word' id='word_1_199' title='bbox 865 1926 909 1982; x_wconf 76' lang='grc' dir='ltr'><strong>εἰ</strong></span> <span class='ocrx_word' id='word_1_200' title='bbox 965 1925 1251 2004; x_wconf 75' lang='grc' dir='ltr'><strong>κρατήσειε</strong></span> <span class='ocrx_word' id='word_1_201' title='bbox 1291 1928 1532 2002; x_wconf 84' lang='grc' dir='ltr'><strong>Περσῶν,</strong></span> <span class='ocrx_word' id='word_1_202' title='bbox 1592 1919 1714 1976; x_wconf 75' lang='grc' dir='ltr'><strong>ὁλεν</strong></span> <span class='ocrx_word' id='word_1_203' title='bbox 1782 1923 1898 1986; x_wconf 79' lang='grc' dir='ltr'><strong>τοῖς</strong></span> 
     </span>
    </p>
   </div>
   <div class='ocr_carea' id='block_1_33' title="bbox 1994 1917 3644 2004">
    <p class='ocr_par' dir='ltr' id='par_1_33' title="bbox 1994 1917 3644 2001">
     <span class='ocr_line' id='line_1_34' title="bbox 1994 1917 3644 2001; baseline 0.002 -21"><span class='ocrx_word' id='word_1_204' title='bbox 1994 1917 2314 1983; x_wconf 76' lang='lat' dir='ltr'><strong>lionem.Ut</strong></span> <span class='ocrx_word' id='word_1_205' title='bbox 2339 1920 2385 1981; x_wconf 88' lang='lat' dir='ltr'><strong>si</strong></span> <span class='ocrx_word' id='word_1_206' title='bbox 2408 1918 2620 1982; x_wconf 86' lang='lat' dir='ltr'><strong>Persas</strong></span> <span class='ocrx_word' id='word_1_207' title='bbox 2644 1919 3337 2001; x_wconf 88' lang='lat' dir='ltr'><strong>superaret,universum</strong></span> <span class='ocrx_word' id='word_1_208' title='bbox 3360 1921 3644 1984; x_wconf 85' lang='lat' dir='ltr'><strong>Christia-</strong></span> 
     </span>
    </p>
   </div>
   <div class='ocr_carea' id='block_1_34' title="bbox 245 2010 1898 2093">
    <p class='ocr_par' dir='ltr' id='par_1_34' title="bbox 245 2011 1898 2093">
     <span class='ocr_line' id='line_1_35' title="bbox 245 2011 1898 2093; baseline -0.002 -23"><span class='ocrx_word' id='word_1_209' title='bbox 245 2011 462 2090; x_wconf 85' lang='grc' dir='ltr'><strong>δαίμοσι</strong></span> <span class='ocrx_word' id='word_1_210' title='bbox 521 2016 864 2087; x_wconf 65' lang='grc' dir='ltr'><strong>παραστῆσαι</strong></span> <span class='ocrx_word' id='word_1_211' title='bbox 915 2016 970 2072; x_wconf 76' lang='grc' dir='ltr'><strong>τὸ</strong></span> <span class='ocrx_word' id='word_1_212' title='bbox 1010 2019 1341 2093; x_wconf 74' lang='grc' dir='ltr'><strong>Χριστιανῶν</strong></span> <span class='ocrx_word' id='word_1_213' title='bbox 1388 2012 1567 2091; x_wconf 82' lang='grc' dir='ltr'><strong>γένος,</strong></span> <span class='ocrx_word' id='word_1_214' title='bbox 1624 2011 1898 2090; x_wconf 65' lang='grc' dir='ltr'><strong>ἑπαγόμε-</strong></span> 
     </span>
    </p>
   </div>
   <div class='ocr_carea' id='block_1_35' title="bbox 1994 2010 3644 2093">
    <p class='ocr_par' dir='ltr' id='par_1_35' title="bbox 1994 2010 3644 2092">
     <span class='ocr_line' id='line_1_36' title="bbox 1994 2010 3644 2092; baseline 0.002 -22"><span class='ocrx_word' id='word_1_215' title='bbox 1994 2028 2195 2070; x_wconf 88' lang='lat' dir='ltr'><strong>norum</strong></span> <span class='ocrx_word' id='word_1_216' title='bbox 2229 2028 2418 2089; x_wconf 84' lang='lat' dir='ltr'><strong>genus</strong></span> <span class='ocrx_word' id='word_1_217' title='bbox 2448 2010 2558 2071; x_wconf 90' lang='lat' dir='ltr'><strong>sub</strong></span> <span class='ocrx_word' id='word_1_218' title='bbox 2617 2010 2954 2072; x_wconf 70' lang='lat' dir='ltr'><strong>daemonum</strong></span> <span class='ocrx_word' id='word_1_219' title='bbox 3012 2019 3368 2092; x_wconf 89' lang='lat' dir='ltr'><strong>potestatem</strong></span> <span class='ocrx_word' id='word_1_220' title='bbox 3401 2012 3644 2092; x_wconf 88' lang='lat' dir='ltr'><strong>redige-</strong></span> 
     </span>
    </p>
   </div>
   <div class='ocr_carea' id='block_1_36' title="bbox 241 2100 1898 2182">
    <p class='ocr_par' dir='ltr' id='par_1_36' title="bbox 241 2101 1898 2182">
     <span class='ocr_line' id='line_1_37' title="bbox 241 2101 1898 2182; baseline -0.002 -23"><span class='ocrx_word' id='word_1_221' title='bbox 241 2123 334 2170; x_wconf 81' lang='grc' dir='ltr'><strong>νος</strong></span> <span class='ocrx_word' id='word_1_222' title='bbox 365 2103 455 2160; x_wconf 88' lang='grc' dir='ltr'><strong>καὶ</strong></span> <span class='ocrx_word' id='word_1_223' title='bbox 515 2105 588 2168; x_wconf 79' lang='grc' dir='ltr'><strong>είς</strong></span> <span class='ocrx_word' id='word_1_224' title='bbox 648 2105 704 2164; x_wconf 75' lang='grc' dir='ltr'><strong>ἓν</strong></span> <span class='ocrx_word' id='word_1_225' title='bbox 747 2111 926 2162; x_wconf 83' lang='grc' dir='ltr'><strong>πᾶσαν</strong></span> <span class='ocrx_word' id='word_1_226' title='bbox 972 2103 1224 2182; x_wconf 75' lang='grc' dir='ltr'><strong>μαντείας</strong></span> <span class='ocrx_word' id='word_1_227' title='bbox 1273 2103 1366 2160; x_wconf 79' lang='grc' dir='ltr'><strong>καὶ</strong></span> <span class='ocrx_word' id='word_1_228' title='bbox 1421 2102 1672 2180; x_wconf 74' lang='grc' dir='ltr'><strong>γοητείας</strong></span> <span class='ocrx_word' id='word_1_229' title='bbox 1731 2101 1898 2179; x_wconf 75' lang='grc' dir='ltr'><strong>ῥητῆς</strong></span> 
     </span>
    </p>
   </div>
   <div class='ocr_carea' id='block_1_37' title="bbox 1994 2100 3643 2182">
    <p class='ocr_par' dir='ltr' id='par_1_37' title="bbox 1994 2100 3643 2181">
     <span class='ocr_line' id='line_1_38' title="bbox 1994 2100 3643 2181; baseline 0.002 -21"><span class='ocrx_word' id='word_1_230' title='bbox 1994 2107 2100 2168; x_wconf 84' lang='lat' dir='ltr'><strong>ret.</strong></span> <span class='ocrx_word' id='word_1_231' title='bbox 2131 2104 2292 2160; x_wconf 89' lang='lat' dir='ltr'><strong>omni</strong></span> <span class='ocrx_word' id='word_1_232' title='bbox 2337 2100 2722 2162; x_wconf 88' lang='lat' dir='ltr'><strong>divinationis</strong></span> <span class='ocrx_word' id='word_1_233' title='bbox 2752 2107 2811 2161; x_wconf 88' lang='lat' dir='ltr'><strong>et</strong></span> <span class='ocrx_word' id='word_1_234' title='bbox 2859 2101 3315 2181; x_wconf 64' lang='lat' dir='ltr'><strong>praestigiarum,</strong></span> <span class='ocrx_word' id='word_1_235' title='bbox 3349 2101 3643 2164; x_wconf 87' lang='lat' dir='ltr'><strong>dicendo-</strong></span> 
     </span>
    </p>
   </div>
   <div class='ocr_carea' id='block_1_38' title="bbox 235 2188 1898 2272">
    <p class='ocr_par' dir='ltr' id='par_1_38' title="bbox 235 2188 1898 2272">
     <span class='ocr_line' id='line_1_39' title="bbox 235 2188 1898 2272; baseline -0.003 -21"><span class='ocrx_word' id='word_1_236' title='bbox 235 2213 296 2251; x_wconf 91' lang='grc' dir='ltr'><strong>τε</strong></span> <span class='ocrx_word' id='word_1_237' title='bbox 337 2196 426 2250; x_wconf 78' lang='grc' dir='ltr'><strong>καὶ</strong></span> <span class='ocrx_word' id='word_1_238' title='bbox 485 2192 715 2272; x_wconf 70' lang='grc' dir='ltr'><strong>ἆρῤήτου</strong></span> <span class='ocrx_word' id='word_1_239' title='bbox 775 2194 952 2258; x_wconf 83' lang='grc' dir='ltr'><strong>θυσίας</strong></span> <span class='ocrx_word' id='word_1_240' title='bbox 1001 2192 1273 2272; x_wconf 85' lang='grc' dir='ltr'><strong>τερατείαν</strong></span> <span class='ocrx_word' id='word_1_241' title='bbox 1328 2190 1475 2270; x_wconf 80' lang='grc' dir='ltr'><strong>ἄγων</strong></span> <span class='ocrx_word' id='word_1_242' title='bbox 1547 2188 1693 2271; x_wconf 70' lang='grc' dir='ltr'><strong>[τηε.</strong></span> <span class='ocrx_word' id='word_1_243' title='bbox 1756 2188 1898 2270; x_wconf 80' lang='lat'><strong>573,</strong></span> 
     </span>
    </p>
   </div>
   <div class='ocr_carea' id='block_1_39' title="bbox 1994 2188 3644 2272">
    <p class='ocr_par' dir='ltr' id='par_1_39' title="bbox 1994 2190 3644 2270">
     <span class='ocr_line' id='line_1_40' title="bbox 1994 2190 3644 2270; baseline 0.002 -20"><span class='ocrx_word' id='word_1_244' title='bbox 1994 2207 2240 2270; x_wconf 84' lang='lat' dir='ltr'><strong>rumque</strong></span> <span class='ocrx_word' id='word_1_245' title='bbox 2283 2197 2341 2252; x_wconf 89' lang='lat' dir='ltr'><strong>et</strong></span> <span class='ocrx_word' id='word_1_246' title='bbox 2396 2190 2785 2252; x_wconf 89' lang='lat' dir='ltr'><strong>tacendorum</strong></span> <span class='ocrx_word' id='word_1_247' title='bbox 2818 2190 3248 2252; x_wconf 88' lang='lat' dir='ltr'><strong>sacriﬁciorum</strong></span> <span class='ocrx_word' id='word_1_248' title='bbox 3296 2192 3551 2253; x_wconf 83' lang='lat' dir='ltr'><strong>vanitate</strong></span> <span class='ocrx_word' id='word_1_249' title='bbox 3580 2191 3644 2254; x_wconf 90' lang='lat' dir='ltr'><strong>in</strong></span> 
     </span>
    </p>
   </div>
   <div class='ocr_carea' id='block_1_40' title="bbox 241 2278 1898 2364">
    <p class='ocr_par' dir='ltr' id='par_1_40' title="bbox 241 2280 1898 2364">
     <span class='ocr_line' id='line_1_41' title="bbox 241 2280 1898 2364; baseline -0.007 -18"><span class='ocrx_word' id='word_1_250' title='bbox 241 2299 308 2364; x_wconf 72' lang='grc' dir='ltr'><strong>ι).</strong></span> <span class='ocrx_word' id='word_1_251' title='bbox 345 2280 489 2361; x_wconf 61' lang='grc' dir='ltr'><strong>27Ᾱ,</strong></span> <span class='ocrx_word' id='word_1_252' title='bbox 527 2282 587 2360; x_wconf 74' lang='grc'><strong>1,</strong></span> <span class='ocrx_word' id='word_1_253' title='bbox 624 2301 749 2346; x_wconf 84' lang='lat' dir='ltr'><strong>om.</strong></span> <span class='ocrx_word' id='word_1_254' title='bbox 782 2281 972 2363; x_wconf 72' lang='grc' dir='ltr'><strong>ἄγωνι,</strong></span> <span class='ocrx_word' id='word_1_255' title='bbox 1024 2282 1298 2358; x_wconf 69' lang='grc' dir='ltr'><strong>οἰκονομία</strong></span> <span class='ocrx_word' id='word_1_256' title='bbox 1345 2281 1482 2355; x_wconf 75' lang='grc' dir='ltr'><strong>θεία,</strong></span> <span class='ocrx_word' id='word_1_257' title='bbox 1535 2281 1630 2338; x_wconf 82' lang='grc' dir='ltr'><strong>’ίνα</strong></span> <span class='ocrx_word' id='word_1_258' title='bbox 1661 2286 1807 2337; x_wconf 84' lang='grc' dir='ltr'><strong>πᾶσα</strong></span> <span class='ocrx_word' id='word_1_259' title='bbox 1849 2281 1898 2336; x_wconf 84' lang='grc' dir='ltr'><strong>ἐν</strong></span> 
     </span>
    </p>
   </div>
   <div class='ocr_carea' id='block_1_41' title="bbox 1994 2278 3642 2364">
    <p class='ocr_par' dir='ltr' id='par_1_41' title="bbox 1994 2278 3642 2361">
     <span class='ocr_line' id='line_1_42' title="bbox 1994 2278 3642 2361; baseline 0.001 -20"><span class='ocrx_word' id='word_1_260' title='bbox 1994 2298 2169 2341; x_wconf 88' lang='lat' dir='ltr'><strong>unum</strong></span> <span class='ocrx_word' id='word_1_261' title='bbox 2198 2279 2475 2352; x_wconf 85' lang='lat' dir='ltr'><strong>collecta,</strong></span> <span class='ocrx_word' id='word_1_262' title='bbox 2504 2279 2761 2359; x_wconf 85' lang='lat' dir='ltr'><strong>quadam</strong></span> <span class='ocrx_word' id='word_1_263' title='bbox 2788 2279 2892 2341; x_wconf 86' lang='lat' dir='ltr'><strong>Dei</strong></span> <span class='ocrx_word' id='word_1_264' title='bbox 2918 2278 3386 2361; x_wconf 90' lang='lat' dir='ltr'><strong>providentia,ut</strong></span> <span class='ocrx_word' id='word_1_265' title='bbox 3405 2280 3642 2342; x_wconf 84' lang='lat' dir='ltr'><strong>univer-</strong></span> 
     </span>
    </p>
   </div>
   <div class='ocr_carea' id='block_1_42' title="bbox 244 2369 1904 2454">
    <p class='ocr_par' dir='ltr' id='par_1_42' title="bbox 244 2369 1904 2454">
     <span class='ocr_line' id='line_1_43' title="bbox 244 2369 1904 2454; baseline -0.001 -25"><span class='ocrx_word' id='word_1_266' title='bbox 244 2370 410 2453; x_wconf 79' lang='grc' dir='ltr'><strong>ὀλίγῳ</strong></span> <span class='ocrx_word' id='word_1_267' title='bbox 463 2373 882 2454; x_wconf 82' lang='grc' dir='ltr'><strong>συγκαταλυθείη</strong></span> <span class='ocrx_word' id='word_1_268' title='bbox 955 2372 1100 2448; x_wconf 75' lang='grc' dir='ltr'><strong>αὖτῷ</strong></span> <span class='ocrx_word' id='word_1_269' title='bbox 1164 2374 1296 2452; x_wconf 72' lang='grc' dir='ltr'><strong>θύτῃ</strong></span> <span class='ocrx_word' id='word_1_270' title='bbox 1356 2373 1443 2430; x_wconf 76' lang='grc' dir='ltr'><strong>καὶ</strong></span> <span class='ocrx_word' id='word_1_271' title='bbox 1504 2369 1732 2448; x_wconf 84' lang='grc' dir='ltr'><strong>τελεστῇ</strong></span> <span class='ocrx_word' id='word_1_272' title='bbox 1793 2377 1904 2428; x_wconf 84' lang='grc' dir='ltr'><strong>τῶν</strong></span> 
     </span>
    </p>
   </div>
   <div class='ocr_carea' id='block_1_43' title="bbox 237 2464 519 2526">
    <p class='ocr_par' dir='ltr' id='par_1_43' title="bbox 237 2464 519 2526">
     <span class='ocr_line' id='line_1_44' title="bbox 237 2464 519 2526; baseline -0.004 -7"><span class='ocrx_word' id='word_1_273' title='bbox 237 2464 519 2526; x_wconf 79' lang='grc' dir='ltr'><strong>τοιούτων,</strong></span> 
     </span>
    </p>
   </div>
   <div class='ocr_carea' id='block_1_44' title="bbox 318 2541 1900 2632">
    <p class='ocr_par' dir='ltr' id='par_1_44' title="bbox 318 2541 1900 2632">
     <span class='ocr_line' id='line_1_45' title="bbox 318 2541 1900 2632; baseline -0.004 -17"><span class='ocrx_word' id='word_1_274' title='bbox 318 2551 455 2616; x_wconf 90' lang='lat' dir='ltr'><strong>Col.</strong></span> <span class='ocrx_word' id='word_1_275' title='bbox 514 2551 636 2615; x_wconf 81' lang='grc'><strong>676</strong></span> <span class='ocrx_word' id='word_1_276' title='bbox 702 2551 748 2612; x_wconf 84' lang='grc' dir='ltr'><strong>Β</strong></span> <span class='ocrx_word' id='word_1_277' title='bbox 802 2550 867 2614; x_wconf 81' lang='lat'><strong>9.</strong></span> <span class='ocrx_word' id='word_1_278' title='bbox 930 2541 1152 2632; x_wconf 69' lang='grc' dir='ltr'><strong>’Ὥσπερ</strong></span> <span class='ocrx_word' id='word_1_279' title='bbox 1232 2553 1458 2629; x_wconf 79' lang='grc' dir='ltr'>ψάμμου</span> <span class='ocrx_word' id='word_1_280' title='bbox 1515 2549 1678 2615; x_wconf 83' lang='grc' dir='ltr'><strong>ποδὸς</strong></span> <span class='ocrx_word' id='word_1_281' title='bbox 1761 2552 1900 2609; x_wconf 75' lang='grc' dir='ltr'><strong>ὑπο-</strong></span> 
     </span>
    </p>
   </div>
   <div class='ocr_carea' id='block_1_45' title="bbox 239 2639 1898 2722">
    <p class='ocr_par' dir='ltr' id='par_1_45' title="bbox 239 2639 1898 2722">
     <span class='ocr_line' id='line_1_46' title="bbox 239 2639 1898 2722; baseline -0.001 -22"><span class='ocrx_word' id='word_1_282' title='bbox 239 2643 594 2709; x_wconf 80' lang='grc' dir='ltr'><strong>σπασθείσης.</strong></span> <span class='ocrx_word' id='word_1_283' title='bbox 653 2639 933 2722; x_wconf 77' lang='grc' dir='ltr'><strong>Ἐπείπερ,</strong></span> <span class='ocrx_word' id='word_1_284' title='bbox 989 2640 1162 2710; x_wconf 78' lang='grc' dir='ltr'><strong>λεπτὴ</strong></span> <span class='ocrx_word' id='word_1_285' title='bbox 1219 2641 1402 2722; x_wconf 82' lang='grc' dir='ltr'><strong>ὥσπερ</strong></span> <span class='ocrx_word' id='word_1_286' title='bbox 1451 2641 1596 2707; x_wconf 84' lang='grc' dir='ltr'><strong>κόνις</strong></span> <span class='ocrx_word' id='word_1_287' title='bbox 1645 2641 1704 2699; x_wconf 77' lang='grc' dir='ltr'><strong>έκ</strong></span> <span class='ocrx_word' id='word_1_288' title='bbox 1733 2640 1898 2706; x_wconf 80' lang='grc' dir='ltr'><strong>λιθίας</strong></span> 
     </span>
    </p>
   </div>
   <div class='ocr_carea' id='block_1_46' title="bbox 241 2729 1900 2814">
    <p class='ocr_par' dir='ltr' id='par_1_46' title="bbox 241 2729 1900 2814">
     <span class='ocr_line' id='line_1_47' title="bbox 241 2729 1900 2814; baseline 0 -26"><span class='ocrx_word' id='word_1_289' title='bbox 241 2738 434 2811; x_wconf 79' lang='grc' dir='ltr'><strong>μικρᾶς</strong></span> <span class='ocrx_word' id='word_1_290' title='bbox 465 2729 842 2814; x_wconf 83' lang='grc' dir='ltr'><strong>διωρισμένης,</strong></span> <span class='ocrx_word' id='word_1_291' title='bbox 899 2731 1021 2790; x_wconf 79' lang='grc' dir='ltr'><strong>ἀλλ’</strong></span> <span class='ocrx_word' id='word_1_292' title='bbox 1069 2736 1128 2792; x_wconf 76' lang='grc' dir='ltr'><strong>οὗ</strong></span> <span class='ocrx_word' id='word_1_293' title='bbox 1191 2733 1427 2813; x_wconf 79' lang='grc' dir='ltr'><strong>συνεχὴς</strong></span> <span class='ocrx_word' id='word_1_294' title='bbox 1459 2734 1493 2800; x_wconf 74' lang='grc' dir='ltr'><strong>ἦ</strong></span> <span class='ocrx_word' id='word_1_295' title='bbox 1527 2735 1774 2808; x_wconf 71' lang='grc' dir='ltr'><strong>ψάμμος,</strong></span> <span class='ocrx_word' id='word_1_296' title='bbox 1814 2733 1900 2788; x_wconf 83' lang='grc' dir='ltr'><strong>καὶ</strong></span> 
     </span>
    </p>
   </div>
   <div class='ocr_carea' id='block_1_47' title="bbox 243 2820 1895 2903">
    <p class='ocr_par' dir='ltr' id='par_1_47' title="bbox 243 2820 1895 2903">
     <span class='ocr_line' id='line_1_48' title="bbox 243 2820 1895 2903; baseline -0.002 -23"><span class='ocrx_word' id='word_1_297' title='bbox 243 2821 302 2880; x_wconf 72' lang='grc' dir='ltr'><strong>οὗ</strong></span> <span class='ocrx_word' id='word_1_298' title='bbox 332 2821 490 2898; x_wconf 79' lang='grc' dir='ltr'><strong>βάσιν</strong></span> <span class='ocrx_word' id='word_1_299' title='bbox 526 2820 732 2903; x_wconf 83' lang='grc' dir='ltr'><strong>’έχουσα</strong></span> <span class='ocrx_word' id='word_1_300' title='bbox 776 2820 862 2878; x_wconf 74' lang='grc' dir='ltr'><strong>διὰ</strong></span> <span class='ocrx_word' id='word_1_301' title='bbox 890 2824 1049 2880; x_wconf 79' lang='grc' dir='ltr'><strong>τοῦτο</strong></span> <span class='ocrx_word' id='word_1_302' title='bbox 1099 2823 1344 2902; x_wconf 79' lang='grc' dir='ltr'><strong>στερεὰν,</strong></span> <span class='ocrx_word' id='word_1_303' title='bbox 1388 2820 1502 2879; x_wconf 67' lang='grc' dir='ltr'><strong>οὐδὲ</strong></span> <span class='ocrx_word' id='word_1_304' title='bbox 1546 2821 1704 2889; x_wconf 76' lang='grc' dir='ltr'><strong>πῆξιν</strong></span> <span class='ocrx_word' id='word_1_305' title='bbox 1764 2821 1895 2878; x_wconf 78' lang='grc' dir='ltr'><strong>ἀντ-</strong></span> 
     </span>
    </p>
   </div>
   <div class='ocr_carea' id='block_1_48' title="bbox 241 2909 1896 2992">
    <p class='ocr_par' dir='ltr' id='par_1_48' title="bbox 241 2909 1896 2992">
     <span class='ocr_line' id='line_1_49' title="bbox 241 2909 1896 2992; baseline 0 -24"><span class='ocrx_word' id='word_1_306' title='bbox 241 2909 530 2991; x_wconf 79' lang='grc' dir='ltr'><strong>ερείδοντος</strong></span> <span class='ocrx_word' id='word_1_307' title='bbox 575 2911 629 2968; x_wconf 81' lang='grc' dir='ltr'><strong>έν</strong></span> <span class='ocrx_word' id='word_1_308' title='bbox 661 2913 794 2989; x_wconf 72' lang='grc' dir='ltr'><strong>αὐτῇ</strong></span> <span class='ocrx_word' id='word_1_309' title='bbox 847 2918 939 2968; x_wconf 81' lang='grc' dir='ltr'><strong>τοῦ</strong></span> <span class='ocrx_word' id='word_1_310' title='bbox 991 2910 1178 2987; x_wconf 78' lang='grc' dir='ltr'><strong>ποδὸς,</strong></span> <span class='ocrx_word' id='word_1_311' title='bbox 1229 2912 1527 2970; x_wconf 72' lang='grc' dir='ltr'><strong>δποσπᾶται</strong></span> <span class='ocrx_word' id='word_1_312' title='bbox 1559 2912 1638 2988; x_wconf 80' lang='grc' dir='ltr'>μὴ</span> <span class='ocrx_word' id='word_1_313' title='bbox 1669 2912 1896 2992; x_wconf 75' lang='grc' dir='ltr'><strong>ὑφιστα-</strong></span> 
     </span>
    </p>
   </div>
   <div class='ocr_carea' id='block_1_49' title="bbox 245 2998 1896 3082">
    <p class='ocr_par' dir='ltr' id='par_1_49' title="bbox 245 2998 1896 3082">
     <span class='ocr_line' id='line_1_50' title="bbox 245 2998 1896 3082; baseline 0 -26"><span class='ocrx_word' id='word_1_314' title='bbox 245 2999 386 3076; x_wconf 78' lang='grc' dir='ltr'><strong>μένη</strong></span> <span class='ocrx_word' id='word_1_315' title='bbox 430 2999 773 3059; x_wconf 80' lang='grc' dir='ltr'><strong>σκεδάννυται</strong></span> <span class='ocrx_word' id='word_1_316' title='bbox 803 3007 872 3079; x_wconf 78' lang='grc' dir='ltr'><strong>τῇ</strong></span> <span class='ocrx_word' id='word_1_317' title='bbox 902 2998 1139 3082; x_wconf 74' lang='grc' dir='ltr'><strong>διεχείᾳ,</strong></span> <span class='ocrx_word' id='word_1_318' title='bbox 1173 3003 1262 3058; x_wconf 85' lang='grc' dir='ltr'><strong>καὶ</strong></span> <span class='ocrx_word' id='word_1_319' title='bbox 1305 3002 1379 3065; x_wconf 77' lang='grc' dir='ltr'><strong>εἷς</strong></span> <span class='ocrx_word' id='word_1_320' title='bbox 1428 3000 1664 3059; x_wconf 73' lang='grc' dir='ltr'><strong>τούπίσω</strong></span> <span class='ocrx_word' id='word_1_321' title='bbox 1693 2999 1896 3078; x_wconf 80' lang='grc' dir='ltr'><strong>μᾶλλον</strong></span> 
     </span>
    </p>
   </div>
   <div class='ocr_carea' id='block_1_50' title="bbox 246 3088 1338 3171">
    <p class='ocr_par' dir='ltr' id='par_1_50' title="bbox 246 3088 1338 3171">
     <span class='ocr_line' id='line_1_51' title="bbox 246 3088 1338 3171; baseline 0.003 -22"><span class='ocrx_word' id='word_1_322' title='bbox 246 3091 283 3161; x_wconf 73' lang='grc' dir='ltr'><strong>ἢ</strong></span> <span class='ocrx_word' id='word_1_323' title='bbox 317 3089 672 3170; x_wconf 66' lang='grc' dir='ltr'><strong>τοῦμπροσθεν</strong></span> <span class='ocrx_word' id='word_1_324' title='bbox 703 3090 888 3169; x_wconf 84' lang='grc' dir='ltr'><strong>βάλλει</strong></span> <span class='ocrx_word' id='word_1_325' title='bbox 912 3091 1005 3148; x_wconf 85' lang='grc' dir='ltr'>τὸν</span> <span class='ocrx_word' id='word_1_326' title='bbox 1033 3088 1338 3171; x_wconf 82' lang='grc' dir='ltr'><strong>ὁδοιπόρον.</strong></span> 
     </span>
    </p>
   </div>
   <div class='ocr_carea' id='block_1_51' title="bbox 1985 2368 3640 2449">
    <p class='ocr_par' dir='ltr' id='par_1_51' title="bbox 1985 2368 3640 2449">
     <span class='ocr_line' id='line_1_52' title="bbox 1985 2368 3640 2449; baseline 0 -17"><span class='ocrx_word' id='word_1_327' title='bbox 1985 2387 2047 2432; x_wconf 85' lang='lat' dir='ltr'><strong>sa</strong></span> <span class='ocrx_word' id='word_1_328' title='bbox 2073 2388 2144 2431; x_wconf 90' lang='lat' dir='ltr'><strong>ea</strong></span> <span class='ocrx_word' id='word_1_329' title='bbox 2175 2369 2354 2430; x_wconf 82' lang='lat' dir='ltr'><strong>simul</strong></span> <span class='ocrx_word' id='word_1_330' title='bbox 2405 2388 2539 2430; x_wconf 90' lang='lat' dir='ltr'><strong>cum</strong></span> <span class='ocrx_word' id='word_1_331' title='bbox 2575 2370 2702 2449; x_wconf 90' lang='lat' dir='ltr'><strong>ipso</strong></span> <span class='ocrx_word' id='word_1_332' title='bbox 2755 2368 3105 2448; x_wconf 88' lang='lat' dir='ltr'><strong>hujusmodi</strong></span> <span class='ocrx_word' id='word_1_333' title='bbox 3137 2385 3341 2432; x_wconf 88' lang='lat' dir='ltr'><strong>rerum</strong></span> <span class='ocrx_word' id='word_1_334' title='bbox 3371 2370 3640 2432; x_wconf 91' lang='lat' dir='ltr'><strong>sacriﬁco</strong></span> 
     </span>
    </p>
   </div>
   <div class='ocr_carea' id='block_1_52' title="bbox 1988 2458 2706 2521">
    <p class='ocr_par' dir='ltr' id='par_1_52' title="bbox 1988 2458 2706 2521">
     <span class='ocr_line' id='line_1_53' title="bbox 1988 2458 2706 2521; baseline -0.001 0"><span class='ocrx_word' id='word_1_335' title='bbox 1988 2467 2046 2521; x_wconf 88' lang='lat' dir='ltr'><strong>et</strong></span> <span class='ocrx_word' id='word_1_336' title='bbox 2067 2459 2359 2520; x_wconf 89' lang='lat' dir='ltr'><strong>initiatore</strong></span> <span class='ocrx_word' id='word_1_337' title='bbox 2383 2458 2706 2520; x_wconf 88' lang='lat' dir='ltr'><strong>deleretur.</strong></span> 
     </span>
    </p>
   </div>
   <div class='ocr_carea' id='block_1_53' title="bbox 2073 2547 3645 2631">
    <p class='ocr_par' dir='ltr' id='par_1_53' title="bbox 2073 2547 3645 2631">
     <span class='ocr_line' id='line_1_54' title="bbox 2073 2547 3645 2631; baseline 0.001 -21"><span class='ocrx_word' id='word_1_338' title='bbox 2073 2548 2243 2611; x_wconf 81' lang='lat' dir='ltr'><strong>Velut</strong></span> <span class='ocrx_word' id='word_1_339' title='bbox 2291 2565 2480 2611; x_wconf 85' lang='lat' dir='ltr'><strong>arena</strong></span> <span class='ocrx_word' id='word_1_340' title='bbox 2531 2548 2785 2629; x_wconf 79' lang='lat' dir='ltr'><strong>pedibus</strong></span> <span class='ocrx_word' id='word_1_341' title='bbox 2832 2547 3158 2609; x_wconf 82' lang='lat' dir='ltr'><strong>subtracta.</strong></span> <span class='ocrx_word' id='word_1_342' title='bbox 3195 2547 3394 2610; x_wconf 85' lang='lat' dir='ltr'><strong>Arena</strong></span> <span class='ocrx_word' id='word_1_343' title='bbox 3423 2549 3645 2631; x_wconf 90' lang='lat' dir='ltr'><strong>quippe</strong></span> 
     </span>
    </p>
   </div>
   <div class='ocr_carea' id='block_1_54' title="bbox 1985 2636 3641 2718">
    <p class='ocr_par' dir='ltr' id='par_1_54' title="bbox 1985 2636 3641 2718">
     <span class='ocr_line' id='line_1_55' title="bbox 1985 2636 3641 2718; baseline 0 -18"><span class='ocrx_word' id='word_1_344' title='bbox 1985 2638 2186 2700; x_wconf 89' lang='lat' dir='ltr'><strong>tenuis</strong></span> <span class='ocrx_word' id='word_1_345' title='bbox 2218 2638 2461 2718; x_wconf 88' lang='lat' dir='ltr'><strong>quidem</strong></span> <span class='ocrx_word' id='word_1_346' title='bbox 2496 2646 2585 2700; x_wconf 91' lang='lat' dir='ltr'><strong>est</strong></span> <span class='ocrx_word' id='word_1_347' title='bbox 2609 2645 2673 2698; x_wconf 90' lang='lat' dir='ltr'><strong>ut</strong></span> <span class='ocrx_word' id='word_1_348' title='bbox 2705 2636 3048 2718; x_wconf 88' lang='lat' dir='ltr'><strong>pulvis,non</strong></span> <span class='ocrx_word' id='word_1_349' title='bbox 3080 2645 3276 2699; x_wconf 90' lang='lat' dir='ltr'><strong>autem</strong></span> <span class='ocrx_word' id='word_1_350' title='bbox 3310 2638 3641 2715; x_wconf 64' lang='lat' dir='ltr'><strong>cohaerens,</strong></span> 
     </span>
    </p>
   </div>
   <div class='ocr_carea' id='block_1_55' title="bbox 1984 2727 3646 2809">
    <p class='ocr_par' dir='ltr' id='par_1_55' title="bbox 1984 2727 3646 2809">
     <span class='ocr_line' id='line_1_56' title="bbox 1984 2727 3646 2809; baseline -0.001 -19"><span class='ocrx_word' id='word_1_351' title='bbox 1984 2736 2048 2790; x_wconf 89' lang='lat' dir='ltr'><strong>ut</strong></span> <span class='ocrx_word' id='word_1_352' title='bbox 2080 2747 2212 2809; x_wconf 63' lang='lat' dir='ltr'><strong>qua;</strong></span> <span class='ocrx_word' id='word_1_353' title='bbox 2255 2747 2323 2790; x_wconf 86' lang='lat' dir='ltr'><strong>ex</strong></span> <span class='ocrx_word' id='word_1_354' title='bbox 2358 2727 2697 2809; x_wconf 82' lang='lat' dir='ltr'><strong>perexiguis</strong></span> <span class='ocrx_word' id='word_1_355' title='bbox 2743 2727 2959 2807; x_wconf 88' lang='lat' dir='ltr'><strong>lapillis</strong></span> <span class='ocrx_word' id='word_1_356' title='bbox 3007 2735 3356 2788; x_wconf 84' lang='lat' dir='ltr'><strong>coacervata</strong></span> <span class='ocrx_word' id='word_1_357' title='bbox 3379 2728 3476 2802; x_wconf 88' lang='lat' dir='ltr'><strong>sit,</strong></span> <span class='ocrx_word' id='word_1_358' title='bbox 3508 2747 3646 2808; x_wconf 88' lang='lat' dir='ltr'><strong>pro-</strong></span> 
     </span>
    </p>
   </div>
   <div class='ocr_carea' id='block_1_56' title="bbox 1985 2815 3645 2899">
    <p class='ocr_par' dir='ltr' id='par_1_56' title="bbox 1985 2815 3645 2899">
     <span class='ocr_line' id='line_1_57' title="bbox 1985 2815 3645 2899; baseline -0.001 -20"><span class='ocrx_word' id='word_1_359' title='bbox 1985 2830 2312 2899; x_wconf 85' lang='lat' dir='ltr'><strong>ptereaque</strong></span> <span class='ocrx_word' id='word_1_360' title='bbox 2345 2817 2495 2879; x_wconf 90' lang='lat' dir='ltr'><strong>nihil</strong></span> <span class='ocrx_word' id='word_1_361' title='bbox 2532 2817 2772 2878; x_wconf 89' lang='lat' dir='ltr'><strong>ﬁrmum</strong></span> <span class='ocrx_word' id='word_1_362' title='bbox 2821 2834 2886 2877; x_wconf 86' lang='lat' dir='ltr'><strong>ac</strong></span> <span class='ocrx_word' id='word_1_363' title='bbox 2945 2815 3200 2877; x_wconf 89' lang='lat' dir='ltr'><strong>solidum</strong></span> <span class='ocrx_word' id='word_1_364' title='bbox 3252 2815 3488 2892; x_wconf 87' lang='lat' dir='ltr'><strong>habeat,</strong></span> <span class='ocrx_word' id='word_1_365' title='bbox 3541 2816 3645 2878; x_wconf 89' lang='lat' dir='ltr'><strong>ubi</strong></span> 
     </span>
    </p>
   </div>
   <div class='ocr_carea' id='block_1_57' title="bbox 1980 2905 3645 2987">
    <p class='ocr_par' dir='ltr' id='par_1_57' title="bbox 1980 2905 3645 2987">
     <span class='ocr_line' id='line_1_58' title="bbox 1980 2905 3645 2987; baseline 0 -20"><span class='ocrx_word' id='word_1_366' title='bbox 1980 2925 2222 2985; x_wconf 78' lang='lat' dir='ltr'><strong>gressus</strong></span> <span class='ocrx_word' id='word_1_367' title='bbox 2255 2907 2350 2985; x_wconf 87' lang='lat' dir='ltr'><strong>ﬁgi</strong></span> <span class='ocrx_word' id='word_1_368' title='bbox 2386 2906 2594 2986; x_wconf 73' lang='lat' dir='ltr'><strong>possit;</strong></span> <span class='ocrx_word' id='word_1_369' title='bbox 2631 2906 2709 2967; x_wconf 90' lang='lat' dir='ltr'><strong>ita</strong></span> <span class='ocrx_word' id='word_1_370' title='bbox 2745 2914 2808 2968; x_wconf 90' lang='lat' dir='ltr'><strong>ut</strong></span> <span class='ocrx_word' id='word_1_371' title='bbox 2839 2905 3135 2985; x_wconf 84' lang='lat' dir='ltr'><strong>impresso</strong></span> <span class='ocrx_word' id='word_1_372' title='bbox 3190 2906 3328 2985; x_wconf 88' lang='lat' dir='ltr'><strong>pedi</strong></span> <span class='ocrx_word' id='word_1_373' title='bbox 3360 2925 3491 2967; x_wconf 89' lang='lat' dir='ltr'><strong>esse</strong></span> <span class='ocrx_word' id='word_1_374' title='bbox 3514 2906 3645 2987; x_wconf 88' lang='lat' dir='ltr'><strong>ipsa</strong></span> 
     </span>
    </p>
   </div>
   <div class='ocr_carea' id='block_1_58' title="bbox 1980 2995 3639 3077">
    <p class='ocr_par' dir='ltr' id='par_1_58' title="bbox 1980 2995 3639 3077">
     <span class='ocr_line' id='line_1_59' title="bbox 1980 2995 3639 3077; baseline 0 -20"><span class='ocrx_word' id='word_1_375' title='bbox 1980 2996 2294 3068; x_wconf 87' lang='lat' dir='ltr'><strong>subducat,</strong></span> <span class='ocrx_word' id='word_1_376' title='bbox 2325 2996 2637 3076; x_wconf 89' lang='lat' dir='ltr'><strong>diducens,</strong></span> <span class='ocrx_word' id='word_1_377' title='bbox 2663 3005 2845 3075; x_wconf 89' lang='lat' dir='ltr'><strong>atque</strong></span> <span class='ocrx_word' id='word_1_378' title='bbox 2875 2995 2935 3055; x_wconf 91' lang='lat' dir='ltr'><strong>in</strong></span> <span class='ocrx_word' id='word_1_379' title='bbox 2968 3003 3197 3073; x_wconf 84' lang='lat' dir='ltr'><strong>tergum</strong></span> <span class='ocrx_word' id='word_1_380' title='bbox 3233 2997 3427 3076; x_wconf 91' lang='lat' dir='ltr'><strong>potius</strong></span> <span class='ocrx_word' id='word_1_381' title='bbox 3459 3014 3639 3077; x_wconf 90' lang='lat' dir='ltr'><strong>quam</strong></span> 
     </span>
    </p>
   </div>
   <div class='ocr_carea' id='block_1_59' title="bbox 1977 3088 2906 3158">
    <p class='ocr_par' dir='ltr' id='par_1_59' title="bbox 1977 3088 2906 3158">
     <span class='ocr_line' id='line_1_60' title="bbox 1977 3088 2906 3158; baseline -0.003 -8"><span class='ocrx_word' id='word_1_382' title='bbox 1977 3096 2047 3158; x_wconf 80' lang='lat' dir='ltr'><strong>in</strong></span> <span class='ocrx_word' id='word_1_383' title='bbox 2078 3089 2336 3151; x_wconf 82' lang='lat' dir='ltr'><strong>frontem</strong></span> <span class='ocrx_word' id='word_1_384' title='bbox 2373 3089 2656 3151; x_wconf 86' lang='lat' dir='ltr'><strong>viatorem</strong></span> <span class='ocrx_word' id='word_1_385' title='bbox 2693 3088 2906 3149; x_wconf 84' lang='lat' dir='ltr'><strong>mittat.</strong></span> 
     </span>
    </p>
   </div>
   <div class='ocr_carea' id='block_1_60' title="bbox 318 3159 1898 3261">
    <p class='ocr_par' dir='ltr' id='par_1_60' title="bbox 318 3159 1890 3261">
     <span class='ocr_line' id='line_1_61' title="bbox 318 3159 1890 3261; baseline -0.004 -18"><span class='ocrx_word' id='word_1_386' title='bbox 318 3159 639 3244; x_wconf 41' lang='lat'><strong>“3321.138.</strong></span> <span class='ocrx_word' id='word_1_387' title='bbox 677 3159 765 3249; x_wconf 58' lang='grc' dir='ltr'><strong>’ἐξ</strong></span> <span class='ocrx_word' id='word_1_388' title='bbox 795 3179 1129 3261; x_wconf 74' lang='grc' dir='ltr'><strong>ὑπερδεξίων.</strong></span> <span class='ocrx_word' id='word_1_389' title='bbox 1194 3159 1287 3246; x_wconf 72' lang='grc' dir='ltr'><strong>’ίὶς</strong></span> <span class='ocrx_word' id='word_1_390' title='bbox 1335 3180 1399 3238; x_wconf 78' lang='grc' dir='ltr'><strong>ἄν</strong></span> <span class='ocrx_word' id='word_1_391' title='bbox 1452 3203 1534 3247; x_wconf 90' lang='grc' dir='ltr'><strong>τις</strong></span> <span class='ocrx_word' id='word_1_392' title='bbox 1592 3181 1740 3238; x_wconf 81' lang='grc' dir='ltr'><strong>εἴποι</strong></span> <span class='ocrx_word' id='word_1_393' title='bbox 1797 3177 1890 3236; x_wconf 87' lang='grc' dir='ltr'><strong>δε-</strong></span> 
     </span>
    </p>
   </div>
   <div class='ocr_carea' id='block_1_61' title="bbox 1994 3159 3645 3261">
    <p class='ocr_par' dir='ltr' id='par_1_61' title="bbox 2064 3176 3645 3260">
     <span class='ocr_line' id='line_1_62' title="bbox 2064 3176 3645 3260; baseline 0 -21"><span class='ocrx_word' id='word_1_394' title='bbox 2064 3181 2118 3239; x_wconf 84' lang='grc' dir='ltr'><em>Ε</em></span> <span class='ocrx_word' id='word_1_395' title='bbox 2148 3179 2274 3242; x_wconf 81' lang='grc' dir='ltr'><strong>ιοσο</strong></span> <span class='ocrx_word' id='word_1_396' title='bbox 2300 3176 2880 3259; x_wconf 81' lang='lat' dir='ltr'><strong>superiori.Scilicet</strong></span> <span class='ocrx_word' id='word_1_397' title='bbox 2911 3194 2982 3238; x_wconf 84' lang='lat' dir='ltr'><strong>ex</strong></span> <span class='ocrx_word' id='word_1_398' title='bbox 3013 3177 3552 3260; x_wconf 85' lang='lat' dir='ltr'><strong>commodis,atque</strong></span> <span class='ocrx_word' id='word_1_399' title='bbox 3569 3178 3645 3240; x_wconf 88' lang='lat' dir='ltr'><strong>ad</strong></span> 
     </span>
    </p>
   </div>
   <div class='ocr_carea' id='block_1_62' title="bbox 235 3267 1898 3352">
    <p class='ocr_par' dir='ltr' id='par_1_62' title="bbox 235 3267 1898 3352">
     <span class='ocr_line' id='line_1_63' title="bbox 235 3267 1898 3352; baseline 0.001 -26"><span class='ocrx_word' id='word_1_400' title='bbox 235 3268 362 3336; x_wconf 78' lang='grc' dir='ltr'><strong>ειῶς</strong></span> <span class='ocrx_word' id='word_1_401' title='bbox 413 3270 656 3352; x_wconf 84' lang='grc' dir='ltr'><strong>έχόντων</strong></span> <span class='ocrx_word' id='word_1_402' title='bbox 712 3275 800 3329; x_wconf 81' lang='grc' dir='ltr'><strong>καὶ</strong></span> <span class='ocrx_word' id='word_1_403' title='bbox 852 3269 1169 3340; x_wconf 65' lang='grc' dir='ltr'><strong>επιτηδείων</strong></span> <span class='ocrx_word' id='word_1_404' title='bbox 1225 3273 1316 3329; x_wconf 82' lang='grc' dir='ltr'><strong>καὶ</strong></span> <span class='ocrx_word' id='word_1_405' title='bbox 1373 3272 1506 3350; x_wconf 80' lang='grc' dir='ltr'><strong>πρὺς</strong></span> <span class='ocrx_word' id='word_1_406' title='bbox 1541 3267 1743 3349; x_wconf 73' lang='grc' dir='ltr'><strong>ἄμυναν</strong></span> <span class='ocrx_word' id='word_1_407' title='bbox 1773 3270 1898 3327; x_wconf 79' lang='grc' dir='ltr'><strong>έπι-</strong></span> 
     </span>
    </p>
   </div>
   <div class='ocr_carea' id='block_1_63' title="bbox 241 3358 1898 3443">
    <p class='ocr_par' dir='ltr' id='par_1_63' title="bbox 241 3358 1898 3443">
     <span class='ocr_line' id='line_1_64' title="bbox 241 3358 1898 3443; baseline 0 -27"><span class='ocrx_word' id='word_1_408' title='bbox 241 3358 427 3426; x_wconf 78' lang='grc' dir='ltr'><strong>δεξιῶν</strong></span> <span class='ocrx_word' id='word_1_409' title='bbox 465 3381 476 3392; x_wconf 93' lang='grc'><strong>·</strong></span> <span class='ocrx_word' id='word_1_410' title='bbox 524 3367 746 3418; x_wconf 82' lang='grc' dir='ltr'><strong>τοιαῦτα</strong></span> <span class='ocrx_word' id='word_1_411' title='bbox 801 3358 858 3418; x_wconf 70' lang='grc' dir='ltr'>δί</span> <span class='ocrx_word' id='word_1_412' title='bbox 921 3362 986 3418; x_wconf 75' lang='grc' dir='ltr'><strong>τὰ</strong></span> <span class='ocrx_word' id='word_1_413' title='bbox 1034 3361 1386 3441; x_wconf 70' lang='grc' dir='ltr'><strong>ὑπερκείμενα</strong></span> <span class='ocrx_word' id='word_1_414' title='bbox 1433 3363 1608 3443; x_wconf 80' lang='grc' dir='ltr'><strong>χωρία</strong></span> <span class='ocrx_word' id='word_1_415' title='bbox 1664 3361 1898 3424; x_wconf 73' lang='grc' dir='ltr'><strong>καὶτοῖς</strong></span> 
     </span>
    </p>
   </div>
   <div class='ocr_carea' id='block_1_64' title="bbox 237 3448 1897 3532">
    <p class='ocr_par' dir='ltr' id='par_1_64' title="bbox 237 3448 1897 3532">
     <span class='ocr_line' id='line_1_65' title="bbox 237 3448 1897 3532; baseline 0.001 -26"><span class='ocrx_word' id='word_1_416' title='bbox 237 3448 494 3528; x_wconf 81' lang='grc' dir='ltr'><strong>βάλλουσι</strong></span> <span class='ocrx_word' id='word_1_417' title='bbox 547 3451 638 3509; x_wconf 76' lang='grc' dir='ltr'><strong>καὶ</strong></span> <span class='ocrx_word' id='word_1_418' title='bbox 685 3450 1028 3531; x_wconf 81' lang='grc' dir='ltr'><strong>μαχομένοις</strong></span> <span class='ocrx_word' id='word_1_419' title='bbox 1089 3451 1397 3532; x_wconf 69' lang='grc' dir='ltr'><strong>εὒεπίφορα.</strong></span> <span class='ocrx_word' id='word_1_420' title='bbox 1458 3461 1618 3508; x_wconf 85' lang='grc' dir='ltr'><strong>Δυεῐν</strong></span> <span class='ocrx_word' id='word_1_421' title='bbox 1659 3452 1760 3530; x_wconf 76' lang='grc' dir='ltr'><strong>γὰρ</strong></span> <span class='ocrx_word' id='word_1_422' title='bbox 1788 3450 1897 3507; x_wconf 77' lang='grc' dir='ltr'><strong>πό-</strong></span> 
     </span>
    </p>
   </div>
   <div class='ocr_carea' id='block_1_65' title="bbox 237 3539 1900 3621">
    <p class='ocr_par' dir='ltr' id='par_1_65' title="bbox 237 3539 1900 3621">
     <span class='ocr_line' id='line_1_66' title="bbox 237 3539 1900 3621; baseline 0 -25"><span class='ocrx_word' id='word_1_423' title='bbox 237 3539 378 3596; x_wconf 85' lang='grc' dir='ltr'><strong>λεων</strong></span> <span class='ocrx_word' id='word_1_424' title='bbox 431 3540 855 3621; x_wconf 74' lang='grc' dir='ltr'><strong>ὑπερκειμένων,</strong></span> <span class='ocrx_word' id='word_1_425' title='bbox 927 3539 980 3606; x_wconf 72' lang='grc' dir='ltr'><strong>έξ</strong></span> <span class='ocrx_word' id='word_1_426' title='bbox 1022 3543 1097 3597; x_wconf 82' lang='grc' dir='ltr'><strong>ὧν</strong></span> <span class='ocrx_word' id='word_1_427' title='bbox 1156 3539 1262 3598; x_wconf 69' lang='grc' dir='ltr'><strong>ἴδει</strong></span> <span class='ocrx_word' id='word_1_428' title='bbox 1322 3540 1643 3621; x_wconf 80' lang='grc' dir='ltr'><strong>έκατέρωθεν</strong></span> <span class='ocrx_word' id='word_1_429' title='bbox 1697 3539 1900 3618; x_wconf 80' lang='grc' dir='ltr'><strong>βάλλε-</strong></span> 
     </span>
    </p>
   </div>
   <div class='ocr_carea' id='block_1_66' title="bbox 241 3629 1899 3710">
    <p class='ocr_par' dir='ltr' id='par_1_66' title="bbox 241 3629 1899 3710">
     <span class='ocr_line' id='line_1_67' title="bbox 241 3629 1899 3710; baseline 0 -22"><span class='ocrx_word' id='word_1_430' title='bbox 241 3634 360 3688; x_wconf 84' lang='grc' dir='ltr'><strong>σθαι</strong></span> <span class='ocrx_word' id='word_1_431' title='bbox 407 3631 528 3696; x_wconf 77' lang='grc' dir='ltr'><strong>τοὺς</strong></span> <span class='ocrx_word' id='word_1_432' title='bbox 585 3631 970 3708; x_wconf 78' lang='grc' dir='ltr'><strong>ὑποκειμένους</strong></span> <span class='ocrx_word' id='word_1_433' title='bbox 1021 3631 1114 3689; x_wconf 78' lang='grc' dir='ltr'><strong>καὶ</strong></span> <span class='ocrx_word' id='word_1_434' title='bbox 1163 3631 1400 3710; x_wconf 77' lang='grc' dir='ltr'><strong>ποταμῷ</strong></span> <span class='ocrx_word' id='word_1_435' title='bbox 1431 3630 1584 3708; x_wconf 84' lang='grc' dir='ltr'><strong>μέσῳ</strong></span> <span class='ocrx_word' id='word_1_436' title='bbox 1612 3629 1899 3707; x_wconf 81' lang='grc' dir='ltr'><strong>πλέοντας,</strong></span> 
     </span>
    </p>
   </div>
   <div class='ocr_carea' id='block_1_67' title="bbox 245 3720 1899 3803">
    <p class='ocr_par' dir='ltr' id='par_1_67' title="bbox 245 3720 1899 3803">
     <span class='ocr_line' id='line_1_68' title="bbox 245 3720 1899 3803; baseline 0.001 -25"><span class='ocrx_word' id='word_1_437' title='bbox 245 3723 349 3802; x_wconf 77' lang='grc' dir='ltr'><strong>πρὸ</strong></span> <span class='ocrx_word' id='word_1_438' title='bbox 378 3720 666 3803; x_wconf 64' lang='grc' dir='ltr'><strong>όγθαλμῶν</strong></span> <span class='ocrx_word' id='word_1_439' title='bbox 711 3720 904 3781; x_wconf 83' lang='grc' dir='ltr'><strong>λοιπὸν</strong></span> <span class='ocrx_word' id='word_1_440' title='bbox 937 3725 1108 3783; x_wconf 70' lang='grc' dir='ltr'><strong>αὑτῶν</strong></span> <span class='ocrx_word' id='word_1_441' title='bbox 1153 3723 1219 3780; x_wconf 77' lang='grc' dir='ltr'><strong>τὰ</strong></span> <span class='ocrx_word' id='word_1_442' title='bbox 1255 3723 1457 3803; x_wconf 88' lang='grc' dir='ltr'><strong>πέρατα</strong></span> <span class='ocrx_word' id='word_1_443' title='bbox 1512 3723 1600 3780; x_wconf 82' lang='grc' dir='ltr'><strong>καὶ</strong></span> <span class='ocrx_word' id='word_1_444' title='bbox 1643 3722 1705 3781; x_wconf 79' lang='grc' dir='ltr'><strong>τὸ</strong></span> <span class='ocrx_word' id='word_1_445' title='bbox 1745 3720 1899 3786; x_wconf 81' lang='grc' dir='ltr'><strong>τέλος</strong></span> 
     </span>
    </p>
   </div>
   <div class='ocr_carea' id='block_1_68' title="bbox 236 3811 600 3894">
    <p class='ocr_par' dir='ltr' id='par_1_68' title="bbox 236 3811 600 3894">
     <span class='ocr_line' id='line_1_69' title="bbox 236 3811 600 3894; baseline 0.011 -23"><span class='ocrx_word' id='word_1_446' title='bbox 236 3820 332 3872; x_wconf 81' lang='grc' dir='ltr'><strong>τοῦ</strong></span> <span class='ocrx_word' id='word_1_447' title='bbox 362 3811 600 3894; x_wconf 80' lang='grc' dir='ltr'><strong>ὀλέθρου.</strong></span> 
     </span>
    </p>
   </div>
   <div class='ocr_carea' id='block_1_69' title="bbox 323 3901 1898 3985">
    <p class='ocr_par' dir='ltr' id='par_1_69' title="bbox 323 3901 1898 3985">
     <span class='ocr_line' id='line_1_70' title="bbox 323 3901 1898 3985; baseline -0.006 -16"><span class='ocrx_word' id='word_1_448' title='bbox 323 3901 480 3970; x_wconf 66' lang='lat' dir='ltr'><strong>Ibid.</strong></span> <span class='ocrx_word' id='word_1_449' title='bbox 539 3904 640 3970; x_wconf 65' lang='grc'><strong>12.</strong></span> <span class='ocrx_word' id='word_1_450' title='bbox 697 3903 1025 3984; x_wconf 73' lang='grc' dir='ltr'><strong>Ἀπορῤήξας</strong></span> <span class='ocrx_word' id='word_1_451' title='bbox 1084 3906 1173 3963; x_wconf 76' lang='grc' dir='ltr'><strong>καὶ</strong></span> <span class='ocrx_word' id='word_1_452' title='bbox 1242 3907 1608 3985; x_wconf 81' lang='grc' dir='ltr'><strong>περιαγαγών.</strong></span> <span class='ocrx_word' id='word_1_453' title='bbox 1658 3911 1763 3964; x_wconf 77' lang='grc' dir='ltr'><strong>τοῦ</strong></span> <span class='ocrx_word' id='word_1_454' title='bbox 1789 3924 1898 3962; x_wconf 83' lang='grc' dir='ltr'><strong>πο-</strong></span> 
     </span>
    </p>
   </div>
   <div class='ocr_carea' id='block_1_70' title="bbox 238 3993 1896 4075">
    <p class='ocr_par' dir='ltr' id='par_1_70' title="bbox 238 3993 1896 4075">
     <span class='ocr_line' id='line_1_71' title="bbox 238 3993 1896 4075; baseline -0.002 -22"><span class='ocrx_word' id='word_1_455' title='bbox 238 4001 415 4071; x_wconf 80' lang='grc' dir='ltr'><strong>ταμοῦ</strong></span> <span class='ocrx_word' id='word_1_456' title='bbox 468 3995 755 4072; x_wconf 73' lang='grc' dir='ltr'><strong>ἀποτεμὼν</strong></span> <span class='ocrx_word' id='word_1_457' title='bbox 812 3994 974 4075; x_wconf 89' lang='grc' dir='ltr'><strong>μέρος</strong></span> <span class='ocrx_word' id='word_1_458' title='bbox 1032 3997 1121 4052; x_wconf 77' lang='grc' dir='ltr'><strong>καὶ</strong></span> <span class='ocrx_word' id='word_1_459' title='bbox 1178 3993 1504 4074; x_wconf 69' lang='grc' dir='ltr'><strong>ἀπορρήξας,</strong></span> <span class='ocrx_word' id='word_1_460' title='bbox 1562 3997 1650 4052; x_wconf 82' lang='grc' dir='ltr'><strong>καὶ</strong></span> <span class='ocrx_word' id='word_1_461' title='bbox 1707 3995 1782 4058; x_wconf 80' lang='grc' dir='ltr'><strong>ὡς</strong></span> <span class='ocrx_word' id='word_1_462' title='bbox 1839 3997 1896 4051; x_wconf 69' lang='grc' dir='ltr'><strong>ιν</strong></span> 
     </span>
    </p>
   </div>
   <div class='ocr_carea' id='block_1_71' title="bbox 227 4083 1898 4166">
    <p class='ocr_par' dir='ltr' id='par_1_71' title="bbox 227 4083 1898 4166">
     <span class='ocr_line' id='line_1_72' title="bbox 227 4083 1898 4166; baseline -0.002 -22"><span class='ocrx_word' id='word_1_463' title='bbox 227 4085 411 4162; x_wconf 78' lang='grc' dir='ltr'><strong>κύκλῳ</strong></span> <span class='ocrx_word' id='word_1_464' title='bbox 468 4084 814 4166; x_wconf 78' lang='grc' dir='ltr'><strong>περιαγαγὼν</strong></span> <span class='ocrx_word' id='word_1_465' title='bbox 888 4085 977 4144; x_wconf 81' lang='grc' dir='ltr'><strong>καὶ</strong></span> <span class='ocrx_word' id='word_1_466' title='bbox 1045 4085 1395 4165; x_wconf 81' lang='grc' dir='ltr'><strong>περικάμψας</strong></span> <span class='ocrx_word' id='word_1_467' title='bbox 1430 4100 1446 4115; x_wconf 80' lang='grc'><strong><em>⁸</em></strong></span> <span class='ocrx_word' id='word_1_468' title='bbox 1510 4086 1546 4153; x_wconf 83' lang='grc' dir='ltr'>ἡ</span> <span class='ocrx_word' id='word_1_469' title='bbox 1606 4085 1707 4164; x_wconf 82' lang='grc' dir='ltr'><strong>γὰρ</strong></span> <span class='ocrx_word' id='word_1_470' title='bbox 1780 4083 1898 4164; x_wconf 89' lang='grc' dir='ltr'><strong>περί</strong></span> 
     </span>
    </p>
   </div>
   <div class='ocr_carea' id='block_1_72' title="bbox 229 4172 1896 4256">
    <p class='ocr_par' dir='ltr' id='par_1_72' title="bbox 229 4172 1896 4256">
     <span class='ocr_line' id='line_1_73' title="bbox 229 4172 1896 4256; baseline -0.002 -23"><span class='ocrx_word' id='word_1_471' title='bbox 229 4175 480 4256; x_wconf 79' lang='grc' dir='ltr'><strong>πρόθεσις</strong></span> <span class='ocrx_word' id='word_1_472' title='bbox 509 4173 692 4250; x_wconf 76' lang='grc' dir='ltr'><strong>κύκλῳ</strong></span> <span class='ocrx_word' id='word_1_473' title='bbox 731 4174 821 4232; x_wconf 70' lang='grc' dir='ltr'><strong>καὶ</strong></span> <span class='ocrx_word' id='word_1_474' title='bbox 853 4172 912 4232; x_wconf 75' lang='grc' dir='ltr'><strong>οὐ</strong></span> <span class='ocrx_word' id='word_1_475' title='bbox 965 4173 1088 4232; x_wconf 86' lang='grc' dir='ltr'><strong>κατ’</strong></span> <span class='ocrx_word' id='word_1_476' title='bbox 1140 4173 1350 4232; x_wconf 75' lang='grc' dir='ltr'><strong>εὐθεῖαν</strong></span> <span class='ocrx_word' id='word_1_477' title='bbox 1397 4175 1494 4244; x_wconf 73' lang='grc' dir='ltr'><strong>τὴν</strong></span> <span class='ocrx_word' id='word_1_478' title='bbox 1523 4173 1750 4255; x_wconf 76' lang='grc' dir='ltr'><strong>ἀγωγὴν</strong></span> <span class='ocrx_word' id='word_1_479' title='bbox 1788 4173 1896 4250; x_wconf 79' lang='grc' dir='ltr'><strong>έμ-</strong></span> 
     </span>
    </p>
   </div>
   <div class='ocr_carea' id='block_1_73' title="bbox 228 4266 428 4346">
    <p class='ocr_par' dir='ltr' id='par_1_73' title="bbox 228 4266 428 4346">
     <span class='ocr_line' id='line_1_74' title="bbox 228 4266 428 4346; baseline 0 -24"><span class='ocrx_word' id='word_1_480' title='bbox 228 4266 428 4346; x_wconf 70' lang='grc' dir='ltr'><strong>φαίνει.</strong></span> 
     </span>
    </p>
   </div>
   <div class='ocr_carea' id='block_1_74' title="bbox 1984 3265 3644 3331">
    <p class='ocr_par' dir='ltr' id='par_1_74' title="bbox 1984 3265 3644 3331">
     <span class='ocr_line' id='line_1_75' title="bbox 1984 3265 3644 3331; baseline -0.001 0"><span class='ocrx_word' id='word_1_481' title='bbox 1984 3268 2396 3331; x_wconf 84' lang='lat' dir='ltr'><strong>defensionem</strong></span> <span class='ocrx_word' id='word_1_482' title='bbox 2463 3269 2718 3330; x_wconf 82' lang='lat' dir='ltr'><strong>maxime</strong></span> <span class='ocrx_word' id='word_1_483' title='bbox 2771 3268 3003 3330; x_wconf 90' lang='lat' dir='ltr'><strong>idoneis</strong></span> <span class='ocrx_word' id='word_1_484' title='bbox 3064 3268 3234 3329; x_wconf 91' lang='lat' dir='ltr'><strong>locis.</strong></span> <span class='ocrx_word' id='word_1_485' title='bbox 3296 3265 3434 3329; x_wconf 65' lang='grc' dir='ltr'><strong>Ηωο</strong></span> <span class='ocrx_word' id='word_1_486' title='bbox 3485 3270 3644 3330; x_wconf 89' lang='lat' dir='ltr'><strong>enim</strong></span> 
     </span>
    </p>
   </div>
   <div class='ocr_carea' id='block_1_75' title="bbox 1983 3357 3645 3438">
    <p class='ocr_par' dir='ltr' id='par_1_75' title="bbox 1983 3357 3645 3438">
     <span class='ocr_line' id='line_1_76' title="bbox 1983 3357 3645 3438; baseline -0.002 -17"><span class='ocrx_word' id='word_1_487' title='bbox 1983 3359 2143 3421; x_wconf 87' lang='lat' dir='ltr'><strong>edita</strong></span> <span class='ocrx_word' id='word_1_488' title='bbox 2169 3359 2299 3420; x_wconf 88' lang='lat' dir='ltr'><strong>loca</strong></span> <span class='ocrx_word' id='word_1_489' title='bbox 2321 3359 2393 3420; x_wconf 88' lang='lat' dir='ltr'><strong>ad</strong></span> <span class='ocrx_word' id='word_1_490' title='bbox 2426 3358 2759 3420; x_wconf 88' lang='lat' dir='ltr'><strong>feriendum</strong></span> <span class='ocrx_word' id='word_1_491' title='bbox 2820 3357 3415 3438; x_wconf 88' lang='lat' dir='ltr'><strong>propulsandumque</strong></span> <span class='ocrx_word' id='word_1_492' title='bbox 3437 3359 3645 3421; x_wconf 89' lang='lat' dir='ltr'><strong>admo-</strong></span> 
     </span>
    </p>
   </div>
   <div class='ocr_carea' id='block_1_76' title="bbox 1985 3447 3648 3530">
    <p class='ocr_par' dir='ltr' id='par_1_76' title="bbox 1985 3447 3648 3530">
     <span class='ocr_line' id='line_1_77' title="bbox 1985 3447 3648 3530; baseline -0.001 -18"><span class='ocrx_word' id='word_1_493' title='bbox 1985 3448 2125 3512; x_wconf 90' lang='lat' dir='ltr'><strong>dum</strong></span> <span class='ocrx_word' id='word_1_494' title='bbox 2159 3447 2648 3511; x_wconf 73' lang='lat' dir='ltr'><strong>commoda.Duae</strong></span> <span class='ocrx_word' id='word_1_495' title='bbox 2679 3447 2839 3510; x_wconf 91' lang='lat' dir='ltr'><strong>enim</strong></span> <span class='ocrx_word' id='word_1_496' title='bbox 2875 3448 3055 3509; x_wconf 89' lang='lat' dir='ltr'><strong>urbes</strong></span> <span class='ocrx_word' id='word_1_497' title='bbox 3080 3447 3494 3524; x_wconf 79' lang='lat' dir='ltr'><strong>eminebant,e</strong></span> <span class='ocrx_word' id='word_1_498' title='bbox 3516 3450 3648 3530; x_wconf 90' lang='lat' dir='ltr'><strong>qui-</strong></span> 
     </span>
    </p>
   </div>
   <div class='ocr_carea' id='block_1_77' title="bbox 1985 3537 3646 3620">
    <p class='ocr_par' dir='ltr' id='par_1_77' title="bbox 1985 3537 3646 3620">
     <span class='ocr_line' id='line_1_78' title="bbox 1985 3537 3646 3620; baseline 0.001 -20"><span class='ocrx_word' id='word_1_499' title='bbox 1985 3537 2095 3601; x_wconf 90' lang='lat' dir='ltr'><strong>bus</strong></span> <span class='ocrx_word' id='word_1_500' title='bbox 2127 3557 2376 3603; x_wconf 88' lang='lat' dir='ltr'><strong>necesse</strong></span> <span class='ocrx_word' id='word_1_501' title='bbox 2409 3549 2535 3601; x_wconf 83' lang='lat' dir='ltr'><strong>erat</strong></span> <span class='ocrx_word' id='word_1_502' title='bbox 2566 3540 2846 3619; x_wconf 91' lang='lat' dir='ltr'><strong>utrinque</strong></span> <span class='ocrx_word' id='word_1_503' title='bbox 2880 3539 3014 3600; x_wconf 91' lang='lat' dir='ltr'><strong>telis</strong></span> <span class='ocrx_word' id='word_1_504' title='bbox 3047 3539 3167 3619; x_wconf 87' lang='lat' dir='ltr'><strong>peti</strong></span> <span class='ocrx_word' id='word_1_505' title='bbox 3192 3539 3290 3620; x_wconf 90' lang='lat' dir='ltr'><strong>qui</strong></span> <span class='ocrx_word' id='word_1_506' title='bbox 3341 3538 3403 3600; x_wconf 92' lang='lat' dir='ltr'><strong>in</strong></span> <span class='ocrx_word' id='word_1_507' title='bbox 3443 3540 3646 3602; x_wconf 88' lang='lat' dir='ltr'><strong>humi-</strong></span> 
     </span>
    </p>
   </div>
   <div class='ocr_carea' id='block_1_78' title="bbox 1985 3628 3650 3708">
    <p class='ocr_par' dir='ltr' id='par_1_78' title="bbox 1985 3628 3650 3708">
     <span class='ocr_line' id='line_1_79' title="bbox 1985 3628 3650 3708; baseline 0.001 -18"><span class='ocrx_word' id='word_1_508' title='bbox 1985 3628 2234 3691; x_wconf 84' lang='lat' dir='ltr'><strong>lioribus</strong></span> <span class='ocrx_word' id='word_1_509' title='bbox 2266 3629 2414 3690; x_wconf 90' lang='lat' dir='ltr'><strong>locis</strong></span> <span class='ocrx_word' id='word_1_510' title='bbox 2446 3638 2613 3690; x_wconf 70' lang='lat' dir='ltr'><strong>erant</strong></span> <span class='ocrx_word' id='word_1_511' title='bbox 2639 3648 2706 3691; x_wconf 89' lang='lat' dir='ltr'><strong>ac</strong></span> <span class='ocrx_word' id='word_1_512' title='bbox 2755 3629 2979 3690; x_wconf 87' lang='lat' dir='ltr'><strong>ﬁumen</strong></span> <span class='ocrx_word' id='word_1_513' title='bbox 3038 3629 3319 3708; x_wconf 85' lang='lat' dir='ltr'><strong>trajicere</strong></span> <span class='ocrx_word' id='word_1_514' title='bbox 3349 3629 3650 3692; x_wconf 87' lang='lat' dir='ltr'><strong>conaban-</strong></span> 
     </span>
    </p>
   </div>
   <div class='ocr_carea' id='block_1_79' title="bbox 1987 3717 3645 3798">
    <p class='ocr_par' dir='ltr' id='par_1_79' title="bbox 1987 3717 3645 3798">
     <span class='ocr_line' id='line_1_80' title="bbox 1987 3717 3645 3798; baseline 0.002 -20"><span class='ocrx_word' id='word_1_515' title='bbox 1987 3726 2118 3781; x_wconf 89' lang='lat' dir='ltr'><strong>tur:</strong></span> <span class='ocrx_word' id='word_1_516' title='bbox 2154 3721 2234 3780; x_wconf 88' lang='lat' dir='ltr'><strong>ita</strong></span> <span class='ocrx_word' id='word_1_517' title='bbox 2275 3727 2339 3779; x_wconf 92' lang='lat' dir='ltr'><strong>ut</strong></span> <span class='ocrx_word' id='word_1_518' title='bbox 2368 3718 2451 3779; x_wconf 87' lang='lat' dir='ltr'><strong>illi</strong></span> <span class='ocrx_word' id='word_1_519' title='bbox 2502 3727 2640 3780; x_wconf 88' lang='lat' dir='ltr'><strong>ante</strong></span> <span class='ocrx_word' id='word_1_520' title='bbox 2685 3719 2891 3780; x_wconf 90' lang='lat' dir='ltr'><strong>oculos</strong></span> <span class='ocrx_word' id='word_1_521' title='bbox 2924 3717 3074 3778; x_wconf 87' lang='lat' dir='ltr'><strong>nihil</strong></span> <span class='ocrx_word' id='word_1_522' title='bbox 3136 3717 3254 3779; x_wconf 89' lang='lat' dir='ltr'><strong>nisi</strong></span> <span class='ocrx_word' id='word_1_523' title='bbox 3309 3720 3645 3798; x_wconf 88' lang='lat' dir='ltr'><strong>perniciem</strong></span> 
     </span>
    </p>
   </div>
   <div class='ocr_carea' id='block_1_80' title="bbox 1982 3806 3068 3888">
    <p class='ocr_par' dir='ltr' id='par_1_80' title="bbox 1982 3806 3068 3888">
     <span class='ocr_line' id='line_1_81' title="bbox 1982 3806 3068 3888; baseline -0.006 -13"><span class='ocrx_word' id='word_1_524' title='bbox 1982 3819 2327 3886; x_wconf 88' lang='lat' dir='ltr'><strong>certamque</strong></span> <span class='ocrx_word' id='word_1_525' title='bbox 2358 3826 2567 3870; x_wconf 90' lang='lat' dir='ltr'><strong>necem</strong></span> <span class='ocrx_word' id='word_1_526' title='bbox 2601 3806 3068 3888; x_wconf 84' lang='lat' dir='ltr'><strong>prOSpiciebant.</strong></span> 
     </span>
    </p>
   </div>
   <div class='ocr_carea' id='block_1_81' title="bbox 2064 3897 3644 3978">
    <p class='ocr_par' dir='ltr' id='par_1_81' title="bbox 2064 3897 3644 3978">
     <span class='ocr_line' id='line_1_82' title="bbox 2064 3897 3644 3978; baseline -0.003 -16"><span class='ocrx_word' id='word_1_527' title='bbox 2064 3900 2215 3962; x_wconf 86' lang='lat' dir='ltr'><strong>Cum</strong></span> <span class='ocrx_word' id='word_1_528' title='bbox 2233 3898 2557 3978; x_wconf 81' lang='lat' dir='ltr'><strong>dirupisset</strong></span> <span class='ocrx_word' id='word_1_529' title='bbox 2573 3915 2647 3959; x_wconf 87' lang='lat' dir='ltr'><strong>ac</strong></span> <span class='ocrx_word' id='word_1_530' title='bbox 2665 3897 3194 3962; x_wconf 72' lang='lat' dir='ltr'><strong>circumdumissel.</strong></span> <span class='ocrx_word' id='word_1_531' title='bbox 3217 3897 3386 3960; x_wconf 78' lang='lat' dir='ltr'><strong>Parte</strong></span> <span class='ocrx_word' id='word_1_532' title='bbox 3413 3897 3644 3961; x_wconf 87' lang='lat' dir='ltr'><strong>scilicet</strong></span> 
     </span>
    </p>
   </div>
   <div class='ocr_carea' id='block_1_82' title="bbox 1982 3987 3647 4072">
    <p class='ocr_par' dir='ltr' id='par_1_82' title="bbox 1982 3987 3647 4072">
     <span class='ocr_line' id='line_1_83' title="bbox 1982 3987 3647 4072; baseline -0.002 -21"><span class='ocrx_word' id='word_1_533' title='bbox 1982 3990 2140 4051; x_wconf 88' lang='lat' dir='ltr'><strong>ﬂuvii</strong></span> <span class='ocrx_word' id='word_1_534' title='bbox 2175 3989 2425 4072; x_wconf 77' lang='lat' dir='ltr'><strong>praecisa</strong></span> <span class='ocrx_word' id='word_1_535' title='bbox 2444 3987 2818 4067; x_wconf 85' lang='lat' dir='ltr'><strong>abductaque</strong></span> <span class='ocrx_word' id='word_1_536' title='bbox 2859 3997 2917 4050; x_wconf 91' lang='lat' dir='ltr'><strong>et</strong></span> <span class='ocrx_word' id='word_1_537' title='bbox 2954 3989 3122 4068; x_wconf 87' lang='lat' dir='ltr'><strong>quasi</strong></span> <span class='ocrx_word' id='word_1_538' title='bbox 3174 3989 3236 4049; x_wconf 89' lang='lat' dir='ltr'><strong>in</strong></span> <span class='ocrx_word' id='word_1_539' title='bbox 3269 3987 3493 4050; x_wconf 85' lang='lat' dir='ltr'><strong>circulo</strong></span> <span class='ocrx_word' id='word_1_540' title='bbox 3518 3988 3647 4048; x_wconf 79' lang='lat' dir='ltr'><strong>cir-</strong></span> 
     </span>
    </p>
   </div>
   <div class='ocr_carea' id='block_1_83' title="bbox 1979 4077 3647 4159">
    <p class='ocr_par' dir='ltr' id='par_1_83' title="bbox 1979 4077 3647 4159">
     <span class='ocr_line' id='line_1_84' title="bbox 1979 4077 3647 4159; baseline -0.001 -17"><span class='ocrx_word' id='word_1_541' title='bbox 1979 4078 2298 4142; x_wconf 86' lang='lat' dir='ltr'><strong>cumducta</strong></span> <span class='ocrx_word' id='word_1_542' title='bbox 2329 4087 2389 4140; x_wconf 91' lang='lat' dir='ltr'><strong>et</strong></span> <span class='ocrx_word' id='word_1_543' title='bbox 2420 4078 2660 4141; x_wconf 86' lang='lat' dir='ltr'><strong>inﬁexa.</strong></span> <span class='ocrx_word' id='word_1_544' title='bbox 2719 4078 3067 4159; x_wconf 83' lang='lat' dir='ltr'><strong>Praepositio</strong></span> <span class='ocrx_word' id='word_1_545' title='bbox 3101 4078 3264 4141; x_wconf 89' lang='lat' dir='ltr'><strong>enim</strong></span> <span class='ocrx_word' id='word_1_546' title='bbox 3294 4080 3412 4154; x_wconf 86' lang='grc' dir='ltr'><strong>περί</strong></span> <span class='ocrx_word' id='word_1_547' title='bbox 3435 4077 3647 4140; x_wconf 92' lang='lat' dir='ltr'><strong>circui-</strong></span> 
     </span>
    </p>
   </div>
   <div class='ocr_carea' id='block_1_84' title="bbox 1979 4167 3242 4251">
    <p class='ocr_par' dir='ltr' id='par_1_84' title="bbox 1979 4167 3242 4251">
     <span class='ocr_line' id='line_1_85' title="bbox 1979 4167 3242 4251; baseline 0 -19"><span class='ocrx_word' id='word_1_548' title='bbox 1979 4177 2129 4251; x_wconf 90' lang='lat' dir='ltr'><strong>tum,</strong></span> <span class='ocrx_word' id='word_1_549' title='bbox 2167 4187 2285 4231; x_wconf 93' lang='lat' dir='ltr'><strong>non</strong></span> <span class='ocrx_word' id='word_1_550' title='bbox 2307 4175 2532 4230; x_wconf 86' lang='lat' dir='ltr'><strong>rectam</strong></span> <span class='ocrx_word' id='word_1_551' title='bbox 2564 4167 2962 4230; x_wconf 90' lang='lat' dir='ltr'><strong>directionem</strong></span> <span class='ocrx_word' id='word_1_552' title='bbox 2992 4167 3242 4232; x_wconf 90' lang='lat' dir='ltr'><strong>indicat.</strong></span> 
     </span>
    </p>
   </div>
   <div class='ocr_carea' id='block_1_85' title="bbox 320 4348 1898 4432">
    <p class='ocr_par' dir='ltr' id='par_1_85' title="bbox 320 4352 1896 4432">
     <span class='ocr_line' id='line_1_86' title="bbox 320 4352 1896 4432; baseline -0.004 -13"><span class='ocrx_word' id='word_1_553' title='bbox 320 4353 450 4419; x_wconf 73' lang='lat' dir='ltr'><strong>CGL</strong></span> <span class='ocrx_word' id='word_1_554' title='bbox 506 4353 625 4417; x_wconf 74' lang='lat'><strong>677</strong></span> <span class='ocrx_word' id='word_1_555' title='bbox 683 4353 737 4418; x_wconf 74' lang='grc' dir='ltr'><strong>Δ</strong></span> <span class='ocrx_word' id='word_1_556' title='bbox 792 4355 856 4417; x_wconf 82' lang='lat'><strong>3.</strong></span> <span class='ocrx_word' id='word_1_557' title='bbox 920 4355 1070 4415; x_wconf 75' lang='grc' dir='ltr'><strong>Κατᾶ</strong></span> <span class='ocrx_word' id='word_1_558' title='bbox 1127 4353 1379 4432; x_wconf 79' lang='grc' dir='ltr'><strong>μετώπου</strong></span> <span class='ocrx_word' id='word_1_559' title='bbox 1434 4352 1489 4412; x_wconf 81' lang='grc' dir='ltr'><strong>δέ</strong></span> <span class='ocrx_word' id='word_1_560' title='bbox 1524 4354 1776 4413; x_wconf 78' lang='grc' dir='ltr'><strong>’ίστασθαι</strong></span> <span class='ocrx_word' id='word_1_561' title='bbox 1807 4355 1896 4412; x_wconf 76' lang='grc' dir='ltr'><strong>καὶ</strong></span> 
     </span>
    </p>
   </div>
   <div class='ocr_carea' id='block_1_86' title="bbox 1994 4348 3644 4432">
    <p class='ocr_par' dir='ltr' id='par_1_86' title="bbox 2061 4348 3644 4430">
     <span class='ocr_line' id='line_1_87' title="bbox 2061 4348 3644 4430; baseline -0.001 -17"><span class='ocrx_word' id='word_1_562' title='bbox 2061 4349 2334 4413; x_wconf 76' lang='lat' dir='ltr'><strong>Adversa</strong></span> <span class='ocrx_word' id='word_1_563' title='bbox 2352 4348 2596 4429; x_wconf 79' lang='lat' dir='ltr'><strong>quidem</strong></span> <span class='ocrx_word' id='word_1_564' title='bbox 2617 4357 2750 4411; x_wconf 80' lang='lat' dir='ltr'><strong>acie</strong></span> <span class='ocrx_word' id='word_1_565' title='bbox 2767 4349 2885 4412; x_wconf 85' lang='lat' dir='ltr'><strong>sibi</strong></span> <span class='ocrx_word' id='word_1_566' title='bbox 2903 4348 3186 4412; x_wconf 84' lang='lat' dir='ltr'><strong>standum</strong></span> <span class='ocrx_word' id='word_1_567' title='bbox 3213 4353 3272 4411; x_wconf 86' lang='lat' dir='ltr'><strong>et</strong></span> <span class='ocrx_word' id='word_1_568' title='bbox 3297 4348 3644 4430; x_wconf 81' lang='lat' dir='ltr'><strong>periculum</strong></span> 
     </span>
    </p>
   </div>
   <div class='ocr_carea' id='block_1_87' title="bbox 236 4443 1900 4525">
    <p class='ocr_par' dir='ltr' id='par_1_87' title="bbox 236 4443 1900 4525">
     <span class='ocr_line' id='line_1_88' title="bbox 236 4443 1900 4525; baseline -0.001 -19"><span class='ocrx_word' id='word_1_569' title='bbox 236 4443 590 4508; x_wconf 77' lang='grc' dir='ltr'><strong>κινδυνεύειν.</strong></span> <span class='ocrx_word' id='word_1_570' title='bbox 657 4443 726 4504; x_wconf 84' lang='grc' dir='ltr'><strong><em>Ἦ</em></strong></span> <span class='ocrx_word' id='word_1_571' title='bbox 799 4445 1034 4518; x_wconf 79' lang='grc' dir='ltr'><strong>Περσικῆ</strong></span> <span class='ocrx_word' id='word_1_572' title='bbox 1110 4443 1330 4524; x_wconf 73' lang='grc' dir='ltr'><strong>δύναμις</strong></span> <span class='ocrx_word' id='word_1_573' title='bbox 1396 4445 1535 4504; x_wconf 76' lang='grc' dir='ltr'><strong>κατὰ</strong></span> <span class='ocrx_word' id='word_1_574' title='bbox 1613 4445 1900 4525; x_wconf 90' lang='grc' dir='ltr'><strong>πρόσωπον</strong></span> 
     </span>
    </p>
   </div>
   <div class='ocr_carea' id='block_1_88' title="bbox 235 4533 1900 4617">
    <p class='ocr_par' dir='ltr' id='par_1_88' title="bbox 235 4533 1900 4617">
     <span class='ocr_line' id='line_1_89' title="bbox 235 4533 1900 4617; baseline -0.001 -23"><span class='ocrx_word' id='word_1_575' title='bbox 235 4537 488 4595; x_wconf 75' lang='grc' dir='ltr'><strong>ἵστασθαι</strong></span> <span class='ocrx_word' id='word_1_576' title='bbox 520 4537 608 4594; x_wconf 77' lang='grc' dir='ltr'><strong>καὶ</strong></span> <span class='ocrx_word' id='word_1_577' title='bbox 654 4535 922 4617; x_wconf 86' lang='grc' dir='ltr'><strong>μάχετθαι</strong></span> <span class='ocrx_word' id='word_1_578' title='bbox 989 4537 1088 4594; x_wconf 76' lang='grc' dir='ltr'><strong>οὒκ</strong></span> <span class='ocrx_word' id='word_1_579' title='bbox 1121 4537 1258 4611; x_wconf 83' lang='grc' dir='ltr'><strong>ᾡετο</strong></span> <span class='ocrx_word' id='word_1_580' title='bbox 1302 4534 1419 4594; x_wconf 78' lang='grc' dir='ltr'><strong>δεῖν</strong></span> <span class='ocrx_word' id='word_1_581' title='bbox 1472 4533 1601 4617; x_wconf 85' lang='grc' dir='ltr'><strong>δίχα</strong></span> <span class='ocrx_word' id='word_1_582' title='bbox 1655 4535 1900 4616; x_wconf 75' lang='grc' dir='ltr'><strong>μεγάλης</strong></span> 
     </span>
    </p>
   </div>
   <div class='ocr_carea' id='block_1_89' title="bbox 237 4623 1901 4709">
    <p class='ocr_par' dir='ltr' id='par_1_89' title="bbox 237 4623 1901 4709">
     <span class='ocr_line' id='line_1_90' title="bbox 237 4623 1901 4709; baseline -0.002 -24"><span class='ocrx_word' id='word_1_583' title='bbox 237 4627 506 4707; x_wconf 68' lang='grc' dir='ltr'><strong>ἀνάγκης,</strong></span> <span class='ocrx_word' id='word_1_584' title='bbox 546 4623 941 4709; x_wconf 82' lang='grc' dir='ltr'><strong>ένυπάρχοντος</strong></span> <span class='ocrx_word' id='word_1_585' title='bbox 973 4629 1110 4706; x_wconf 69' lang='grc' dir='ltr'><strong>αὐτῇ</strong></span> <span class='ocrx_word' id='word_1_586' title='bbox 1149 4643 1212 4684; x_wconf 88' lang='grc' dir='ltr'><strong>εκ</strong></span> <span class='ocrx_word' id='word_1_587' title='bbox 1257 4626 1560 4706; x_wconf 82' lang='grc' dir='ltr'><strong>περιουσίας</strong></span> <span class='ocrx_word' id='word_1_588' title='bbox 1607 4627 1695 4685; x_wconf 74' lang='grc' dir='ltr'><strong>καὶ</strong></span> <span class='ocrx_word' id='word_1_589' title='bbox 1743 4625 1901 4683; x_wconf 75' lang='grc' dir='ltr'><strong>ἀκιν-</strong></span> 
     </span>
    </p>
   </div>
   <div class='ocr_carea' id='block_1_90' title="bbox 238 4713 674 4797">
    <p class='ocr_par' dir='ltr' id='par_1_90' title="bbox 238 4713 674 4797">
     <span class='ocr_line' id='line_1_91' title="bbox 238 4713 674 4797; baseline 0.009 -23"><span class='ocrx_word' id='word_1_590' title='bbox 238 4713 404 4782; x_wconf 75' lang='grc' dir='ltr'><strong>δύνως</strong></span> <span class='ocrx_word' id='word_1_591' title='bbox 430 4729 674 4797; x_wconf 76' lang='grc' dir='ltr'><strong>κρατεῖν.</strong></span> 
     </span>
    </p>
   </div>
   <div class='ocr_carea' id='block_1_91' title="bbox 323 4804 1896 4889">
    <p class='ocr_par' dir='ltr' id='par_1_91' title="bbox 323 4804 1896 4889">
     <span class='ocr_line' id='line_1_92' title="bbox 323 4804 1896 4889; baseline -0.004 -19"><span class='ocrx_word' id='word_1_592' title='bbox 323 4804 480 4870; x_wconf 70' lang='lat' dir='ltr'><strong>Ibid.</strong></span> <span class='ocrx_word' id='word_1_593' title='bbox 533 4809 594 4872; x_wconf 71' lang='grc' dir='ltr'><strong>ὃ.</strong></span> <span class='ocrx_word' id='word_1_594' title='bbox 649 4807 747 4866; x_wconf 83' lang='grc' dir='ltr'><strong>Ἐκ</strong></span> <span class='ocrx_word' id='word_1_595' title='bbox 803 4804 859 4863; x_wconf 71' lang='grc' dir='ltr'><strong>δῖ</strong></span> <span class='ocrx_word' id='word_1_596' title='bbox 911 4812 1026 4864; x_wconf 74' lang='grc' dir='ltr'><strong>’τῶν</strong></span> <span class='ocrx_word' id='word_1_597' title='bbox 1082 4804 1263 4889; x_wconf 71' lang='grc' dir='ltr'><strong>λόφων</strong></span> <span class='ocrx_word' id='word_1_598' title='bbox 1312 4807 1404 4864; x_wconf 83' lang='grc' dir='ltr'><strong>καὶ</strong></span> <span class='ocrx_word' id='word_1_599' title='bbox 1445 4813 1552 4883; x_wconf 82' lang='grc' dir='ltr'><strong>τῷν</strong></span> <span class='ocrx_word' id='word_1_600' title='bbox 1606 4813 1804 4866; x_wconf 80' lang='grc' dir='ltr'><strong>στενῶν</strong></span> <span class='ocrx_word' id='word_1_601' title='bbox 1859 4805 1896 4876; x_wconf 79' lang='grc' dir='ltr'><strong>ἦ</strong></span> 
     </span>
    </p>
   </div>
   <div class='ocr_carea' id='block_1_92' title="bbox 236 4895 1897 4979">
    <p class='ocr_par' dir='ltr' id='par_1_92' title="bbox 236 4895 1897 4979">
     <span class='ocr_line' id='line_1_93' title="bbox 236 4895 1897 4979; baseline -0.001 -24"><span class='ocrx_word' id='word_1_602' title='bbox 236 4897 502 4979; x_wconf 85' lang='grc' dir='ltr'><strong>παρείκοι.</strong></span> <span class='ocrx_word' id='word_1_603' title='bbox 558 4899 810 4957; x_wconf 81' lang='grc' dir='ltr'><strong>τουτέστι</strong></span> <span class='ocrx_word' id='word_1_604' title='bbox 893 4895 1163 4974; x_wconf 76' lang='grc' dir='ltr'><strong>βάλλωσι</strong></span> <span class='ocrx_word' id='word_1_605' title='bbox 1237 4898 1324 4954; x_wconf 81' lang='grc' dir='ltr'><strong>κσὶ</strong></span> <span class='ocrx_word' id='word_1_606' title='bbox 1395 4897 1701 4975; x_wconf 77' lang='grc' dir='ltr'><strong>τοξεύουσα,</strong></span> <span class='ocrx_word' id='word_1_607' title='bbox 1760 4895 1897 4956; x_wconf 75' lang='grc' dir='ltr'><strong>ὅπου</strong></span> 
     </span>
    </p>
   </div>
   <div class='ocr_carea' id='block_1_93' title="bbox 237 4983 1345 5068">
    <p class='ocr_par' dir='ltr' id='par_1_93' title="bbox 237 4983 1345 5068">
     <span class='ocr_line' id='line_1_94' title="bbox 237 4983 1345 5068; baseline 0 -24"><span class='ocrx_word' id='word_1_608' title='bbox 237 4989 304 5046; x_wconf 69' lang='grc' dir='ltr'><strong>ἂν</strong></span> <span class='ocrx_word' id='word_1_609' title='bbox 363 4987 634 5068; x_wconf 76' lang='grc' dir='ltr'><strong>έγχωρεῖν</strong></span> <span class='ocrx_word' id='word_1_610' title='bbox 656 4985 830 5045; x_wconf 72' lang='grc' dir='ltr'><strong>έδόιιει</strong></span> <span class='ocrx_word' id='word_1_611' title='bbox 861 4983 1148 5051; x_wconf 76' lang='grc' dir='ltr'><strong>ἆκινδόνως</strong></span> <span class='ocrx_word' id='word_1_612' title='bbox 1180 4986 1345 5048; x_wconf 81' lang='grc' dir='ltr'><strong>ένίκα.</strong></span> 
     </span>
    </p>
   </div>
   <div class='ocr_carea' id='block_1_94' title="bbox 317 5073 1898 5158">
    <p class='ocr_par' dir='ltr' id='par_1_94' title="bbox 317 5073 1898 5158">
     <span class='ocr_line' id='line_1_95' title="bbox 317 5073 1898 5158; baseline -0.004 -20"><span class='ocrx_word' id='word_1_613' title='bbox 317 5075 472 5140; x_wconf 77' lang='lat' dir='ltr'><strong>Ibid.</strong></span> <span class='ocrx_word' id='word_1_614' title='bbox 501 5075 548 5138; x_wconf 88' lang='grc' dir='ltr'><strong>Β</strong></span> <span class='ocrx_word' id='word_1_615' title='bbox 577 5074 642 5139; x_wconf 76' lang='grc'><strong>2.</strong></span> <span class='ocrx_word' id='word_1_616' title='bbox 670 5077 775 5135; x_wconf 83' lang='grc' dir='ltr'><strong>Τὸν</strong></span> <span class='ocrx_word' id='word_1_617' title='bbox 821 5074 907 5132; x_wconf 77' lang='grc' dir='ltr'><strong>έπὶ</strong></span> <span class='ocrx_word' id='word_1_618' title='bbox 967 5073 1237 5134; x_wconf 76' lang='grc' dir='ltr'><strong>Βαόνλῶνι</strong></span> <span class='ocrx_word' id='word_1_619' title='bbox 1268 5078 1400 5158; x_wconf 76' lang='grc' dir='ltr'><strong>πρὸς</strong></span> <span class='ocrx_word' id='word_1_620' title='bbox 1448 5077 1617 5157; x_wconf 76' lang='grc' dir='ltr'><strong>Κόρον</strong></span> <span class='ocrx_word' id='word_1_621' title='bbox 1648 5077 1898 5156; x_wconf 70' lang='grc' dir='ltr'><strong>Ζώπυρον</strong></span> 
     </span>
    </p>
   </div>
   <div class='ocr_carea' id='block_1_95' title="bbox 238 5163 1898 5246">
    <p class='ocr_par' dir='ltr' id='par_1_95' title="bbox 238 5163 1898 5246">
     <span class='ocr_line' id='line_1_96' title="bbox 238 5163 1898 5246; baseline -0.001 -21"><span class='ocrx_word' id='word_1_622' title='bbox 238 5167 642 5246; x_wconf 76' lang='grc' dir='ltr'><strong>μιμησάμενος.</strong></span> <span class='ocrx_word' id='word_1_623' title='bbox 702 5165 950 5246; x_wconf 81' lang='grc' dir='ltr'><strong>Ζώπυρος</strong></span> <span class='ocrx_word' id='word_1_624' title='bbox 1171 5173 1323 5233; x_wconf 74' lang='grc' dir='ltr'><strong>οὗτος</strong></span> <span class='ocrx_word' id='word_1_625' title='bbox 1382 5168 1721 5237; x_wconf 74' lang='grc' dir='ltr'><strong>ὑπασπιστὴς</strong></span> <span class='ocrx_word' id='word_1_626' title='bbox 1785 5175 1898 5224; x_wconf 73' lang='grc' dir='ltr'><strong>Κυ-</strong></span> 
     </span>
    </p>
   </div>
   <div class='ocr_carea' id='block_1_96' title="bbox 324 5307 1893 5397">
    <p class='ocr_par' dir='ltr' id='par_1_96' title="bbox 324 5307 1893 5397">
     <span class='ocr_line' id='line_1_97' title="bbox 324 5307 1893 5397; baseline -0.001 -24"><span class='ocrx_word' id='word_1_627' title='bbox 324 5312 452 5397; x_wconf 78' lang='lat'><strong>(33)</strong></span> <span class='ocrx_word' id='word_1_628' title='bbox 473 5310 575 5397; x_wconf 31' lang='lat' dir='ltr'><strong>Alfio</strong></span> <span class='ocrx_word' id='word_1_629' title='bbox 596 5307 866 5397; x_wconf 74' lang='lat' dir='ltr'><strong>Gregorii</strong></span> <span class='ocrx_word' id='word_1_630' title='bbox 901 5309 1085 5397; x_wconf 65' lang='lat' dir='ltr'><strong>verba</strong></span> <span class='ocrx_word' id='word_1_631' title='bbox 1117 5309 1253 5397; x_wconf 73' lang='lat' dir='ltr'><strong>:_&#39;Zv’</strong></span> <span class='ocrx_word' id='word_1_632' title='bbox 1283 5310 1506 5397; x_wconf 54' lang='lat' dir='ltr'><strong>83am</strong></span> <span class='ocrx_word' id='word_1_633' title='bbox 1533 5316 1568 5383; x_wconf 79' lang='grc' dir='ltr'>ἡ</span> <span class='ocrx_word' id='word_1_634' title='bbox 1599 5313 1893 5397; x_wconf 71' lang='grc' dir='ltr'><strong>τραγῳδία,</strong></span> 
     </span>
    </p>
   </div>
   <div class='ocr_carea' id='block_1_97' title="bbox 243 5391 1894 5485">
    <p class='ocr_par' dir='ltr' id='par_1_97' title="bbox 243 5391 1894 5485">
     <span class='ocr_line' id='line_1_98' title="bbox 243 5391 1894 5485; baseline 0.004 -32"><span class='ocrx_word' id='word_1_635' title='bbox 243 5391 594 5485; x_wconf 60' lang='grc' dir='ltr'><strong>μὴ“ρνἇιδίζω</strong></span> <span class='ocrx_word' id='word_1_636' title='bbox 620 5391 1044 5484; x_wconf 16' lang='grc' dir='ltr'><strong>τὰοςήτύχας..Ει</strong></span> <span class='ocrx_word' id='word_1_637' title='bbox 1074 5392 1280 5485; x_wconf 58' lang='grc' dir='ltr'><strong>ςοίρεξ</strong></span> <span class='ocrx_word' id='word_1_638' title='bbox 1305 5391 1558 5485; x_wconf 70' lang='lat' dir='ltr'><strong>prostes</strong></span> <span class='ocrx_word' id='word_1_639' title='bbox 1572 5391 1663 5485; x_wconf 60' lang='lat' dir='ltr'><strong>sit</strong></span> <span class='ocrx_word' id='word_1_640' title='bbox 1681 5391 1745 5457; x_wconf 84' lang='lat' dir='ltr'><strong>in</strong></span> <span class='ocrx_word' id='word_1_641' title='bbox 1776 5391 1894 5459; x_wconf 59' lang='lat' dir='ltr'><strong>trs;</strong></span> 
     </span>
    </p>
   </div>
   <div class='ocr_carea' id='block_1_98' title="bbox 244 5473 1690 5561">
    <p class='ocr_par' dir='ltr' id='par_1_98' title="bbox 244 5473 1690 5561">
     <span class='ocr_line' id='line_1_99' title="bbox 244 5473 1690 5561; baseline -0.008 -16"><span class='ocrx_word' id='word_1_642' title='bbox 244 5473 444 5561; x_wconf 47' lang='lat' dir='ltr'><strong>(mdis</strong></span> <span class='ocrx_word' id='word_1_643' title='bbox 469 5490 610 5558; x_wconf 65' lang='lat' dir='ltr'><strong>qua</strong></span> <span class='ocrx_word' id='word_1_644' title='bbox 637 5473 770 5556; x_wconf 86' lang='lat' dir='ltr'><strong>ejus</strong></span> <span class='ocrx_word' id='word_1_645' title='bbox 799 5473 1045 5537; x_wconf 79' lang='lat' dir='ltr'><strong>nomine</strong></span> <span class='ocrx_word' id='word_1_646' title='bbox 1072 5473 1446 5556; x_wconf 78' lang='lat' dir='ltr'><strong>inscribitur,</strong></span> <span class='ocrx_word' id='word_1_647' title='bbox 1477 5473 1690 5540; x_wconf 86' lang='lat' dir='ltr'><strong>initio:</strong></span> 
     </span>
    </p>
   </div>
   <div class='ocr_carea' id='block_1_99' title="bbox 327 5633 1487 5719">
    <p class='ocr_par' dir='ltr' id='par_1_99' title="bbox 327 5633 1487 5719">
     <span class='ocr_line' id='line_1_100' title="bbox 327 5633 1487 5719; baseline -0.004 -19"><span class='ocrx_word' id='word_1_648' title='bbox 327 5641 390 5700; x_wconf 85' lang='lat'><strong>&#39;0</strong></span> <span class='ocrx_word' id='word_1_649' title='bbox 420 5639 522 5718; x_wconf 76' lang='grc' dir='ltr'><strong>γὰρ</strong></span> <span class='ocrx_word' id='word_1_650' title='bbox 551 5636 839 5719; x_wconf 80' lang='grc' dir='ltr'><strong>μακάριος,</strong></span> <span class='ocrx_word' id='word_1_651' title='bbox 872 5635 1005 5719; x_wconf 60' lang='lat' dir='ltr'><strong>neiis</strong></span> <span class='ocrx_word' id='word_1_652' title='bbox 1033 5633 1268 5719; x_wconf 76' lang='grc' dir='ltr'><strong>ὀνειδίζω</strong></span> <span class='ocrx_word' id='word_1_653' title='bbox 1293 5637 1487 5719; x_wconf 81' lang='grc' dir='ltr'><strong>τύχας,</strong></span> 
     </span>
    </p>
   </div>
   <div class='ocr_carea' id='block_1_100' title="bbox 328 5715 1471 5799">
    <p class='ocr_par' dir='ltr' id='par_1_100' title="bbox 328 5715 1471 5799">
     <span class='ocr_line' id='line_1_101' title="bbox 328 5715 1471 5799; baseline 0.005 -28"><span class='ocrx_word' id='word_1_654' title='bbox 328 5715 452 5784; x_wconf 72' lang='grc' dir='ltr'><strong>Διδς</strong></span> <span class='ocrx_word' id='word_1_655' title='bbox 495 5715 773 5799; x_wconf 51' lang='grc' dir='ltr'><strong>πεφυκὼς,</strong></span> <span class='ocrx_word' id='word_1_656' title='bbox 810 5718 883 5786; x_wconf 80' lang='grc' dir='ltr'><strong>ὣς</strong></span> <span class='ocrx_word' id='word_1_657' title='bbox 915 5715 1154 5797; x_wconf 76' lang='grc' dir='ltr'><strong>λέγουσι,</strong></span> <span class='ocrx_word' id='word_1_658' title='bbox 1185 5715 1471 5783; x_wconf 48' lang='lat' dir='ltr'><strong>rami“.</strong></span> 
     </span>
    </p>
   </div>
   <div class='ocr_carea' id='block_1_101' title="bbox 1985 4437 3650 4520">
    <p class='ocr_par' dir='ltr' id='par_1_101' title="bbox 1985 4437 3650 4520">
     <span class='ocr_line' id='line_1_102' title="bbox 1985 4437 3650 4520; baseline -0.001 -16"><span class='ocrx_word' id='word_1_659' title='bbox 1985 4439 2445 4504; x_wconf 70' lang='lat' dir='ltr'><strong>adire.Persicae</strong></span> <span class='ocrx_word' id='word_1_660' title='bbox 2471 4438 2660 4520; x_wconf 68' lang='lat' dir='ltr'><strong>copiae</strong></span> <span class='ocrx_word' id='word_1_661' title='bbox 2690 4439 2944 4502; x_wconf 87' lang='lat' dir='ltr'><strong>adversa</strong></span> <span class='ocrx_word' id='word_1_662' title='bbox 2971 4439 3098 4500; x_wconf 91' lang='lat' dir='ltr'><strong>acie</strong></span> <span class='ocrx_word' id='word_1_663' title='bbox 3135 4437 3252 4500; x_wconf 90' lang='lat' dir='ltr'><strong>sibi</strong></span> <span class='ocrx_word' id='word_1_664' title='bbox 3286 4439 3562 4503; x_wconf 89' lang='lat' dir='ltr'><strong>standum</strong></span> <span class='ocrx_word' id='word_1_665' title='bbox 3591 4450 3650 4502; x_wconf 92' lang='lat' dir='ltr'><strong>et</strong></span> 
     </span>
    </p>
   </div>
   <div class='ocr_carea' id='block_1_102' title="bbox 1982 4527 3647 4610">
    <p class='ocr_par' dir='ltr' id='par_1_102' title="bbox 1982 4527 3647 4610">
     <span class='ocr_line' id='line_1_103' title="bbox 1982 4527 3647 4610; baseline -0.001 -16"><span class='ocrx_word' id='word_1_666' title='bbox 1982 4530 2414 4594; x_wconf 89' lang='lat' dir='ltr'><strong>deeertandum</strong></span> <span class='ocrx_word' id='word_1_667' title='bbox 2440 4547 2558 4590; x_wconf 92' lang='lat' dir='ltr'><strong>non</strong></span> <span class='ocrx_word' id='word_1_668' title='bbox 2586 4536 2959 4610; x_wconf 77' lang='lat' dir='ltr'><strong>putaverunt.</strong></span> <span class='ocrx_word' id='word_1_669' title='bbox 3000 4527 3116 4590; x_wconf 90' lang='lat' dir='ltr'><strong>nisi</strong></span> <span class='ocrx_word' id='word_1_670' title='bbox 3144 4547 3359 4609; x_wconf 88' lang='lat' dir='ltr'><strong>magna</strong></span> <span class='ocrx_word' id='word_1_671' title='bbox 3387 4531 3647 4592; x_wconf 89' lang='lat' dir='ltr'><strong>necessi-</strong></span> 
     </span>
    </p>
   </div>
   <div class='ocr_carea' id='block_1_103' title="bbox 1982 4617 3646 4699">
    <p class='ocr_par' dir='ltr' id='par_1_103' title="bbox 1982 4617 3646 4699">
     <span class='ocr_line' id='line_1_104' title="bbox 1982 4617 3646 4699; baseline 0 -16"><span class='ocrx_word' id='word_1_672' title='bbox 1982 4628 2101 4683; x_wconf 84' lang='lat' dir='ltr'><strong>tate</strong></span> <span class='ocrx_word' id='word_1_673' title='bbox 2120 4624 2542 4699; x_wconf 83' lang='lat' dir='ltr'><strong>urgente,cum</strong></span> <span class='ocrx_word' id='word_1_674' title='bbox 2575 4617 2740 4680; x_wconf 89' lang='lat' dir='ltr'><strong>nullo</strong></span> <span class='ocrx_word' id='word_1_675' title='bbox 2764 4619 3004 4699; x_wconf 89' lang='lat' dir='ltr'><strong>negotio</strong></span> <span class='ocrx_word' id='word_1_676' title='bbox 3036 4637 3104 4681; x_wconf 84' lang='lat' dir='ltr'><strong>ac</strong></span> <span class='ocrx_word' id='word_1_677' title='bbox 3137 4619 3489 4684; x_wconf 88' lang='lat' dir='ltr'><strong>discrimine</strong></span> <span class='ocrx_word' id='word_1_678' title='bbox 3519 4625 3646 4683; x_wconf 87' lang='lat' dir='ltr'><strong>vic-</strong></span> 
     </span>
    </p>
   </div>
   <div class='ocr_carea' id='block_1_104' title="bbox 1984 4707 2754 4776">
    <p class='ocr_par' dir='ltr' id='par_1_104' title="bbox 1984 4707 2754 4776">
     <span class='ocr_line' id='line_1_105' title="bbox 1984 4707 2754 4776; baseline -0.003 0"><span class='ocrx_word' id='word_1_679' title='bbox 1984 4712 2194 4776; x_wconf 86' lang='lat' dir='ltr'><strong>toriam</strong></span> <span class='ocrx_word' id='word_1_680' title='bbox 2216 4709 2487 4772; x_wconf 88' lang='lat' dir='ltr'><strong>obtinere</strong></span> <span class='ocrx_word' id='word_1_681' title='bbox 2519 4707 2754 4774; x_wconf 87' lang='lat' dir='ltr'><strong>liceret.</strong></span> 
     </span>
    </p>
   </div>
   <div class='ocr_carea' id='block_1_105' title="bbox 2064 4798 3652 4882">
    <p class='ocr_par' dir='ltr' id='par_1_105' title="bbox 2064 4798 3652 4882">
     <span class='ocr_line' id='line_1_106' title="bbox 2064 4798 3652 4882; baseline 0 -17"><span class='ocrx_word' id='word_1_682' title='bbox 2064 4801 2122 4865; x_wconf 91' lang='lat' dir='ltr'><strong><em>E</em></strong></span> <span class='ocrx_word' id='word_1_683' title='bbox 2140 4800 2392 4864; x_wconf 79' lang='lat' dir='ltr'><strong>tumulis</strong></span> <span class='ocrx_word' id='word_1_684' title='bbox 2403 4808 2462 4863; x_wconf 84' lang='lat' dir='ltr'><strong>et</strong></span> <span class='ocrx_word' id='word_1_685' title='bbox 2483 4798 2757 4863; x_wconf 85' lang='lat' dir='ltr'><strong>locorum</strong></span> <span class='ocrx_word' id='word_1_686' title='bbox 2774 4801 3220 4880; x_wconf 78' lang='lat' dir='ltr'><strong>angustiis,ubi</strong></span> <span class='ocrx_word' id='word_1_687' title='bbox 3244 4803 3503 4882; x_wconf 79' lang='lat' dir='ltr'><strong>facultas</strong></span> <span class='ocrx_word' id='word_1_688' title='bbox 3531 4803 3652 4865; x_wconf 86' lang='lat' dir='ltr'><strong>da-</strong></span> 
     </span>
    </p>
   </div>
   <div class='ocr_carea' id='block_1_106' title="bbox 1979 4889 3651 4972">
    <p class='ocr_par' dir='ltr' id='par_1_106' title="bbox 1979 4889 3651 4972">
     <span class='ocr_line' id='line_1_107' title="bbox 1979 4889 3651 4972; baseline -0.003 -16"><span class='ocrx_word' id='word_1_689' title='bbox 1979 4900 2178 4956; x_wconf 83' lang='lat' dir='ltr'><strong>retur.</strong></span> <span class='ocrx_word' id='word_1_690' title='bbox 2237 4890 2300 4954; x_wconf 88' lang='lat' dir='ltr'><strong>ld</strong></span> <span class='ocrx_word' id='word_1_691' title='bbox 2355 4897 2447 4952; x_wconf 89' lang='lat' dir='ltr'><strong>est</strong></span> <span class='ocrx_word' id='word_1_692' title='bbox 2506 4892 2624 4952; x_wconf 88' lang='lat' dir='ltr'><strong>tela</strong></span> <span class='ocrx_word' id='word_1_693' title='bbox 2684 4899 2743 4953; x_wconf 94' lang='lat' dir='ltr'><strong>et</strong></span> <span class='ocrx_word' id='word_1_694' title='bbox 2770 4892 3012 4970; x_wconf 85' lang='lat' dir='ltr'><strong>sagittas</strong></span> <span class='ocrx_word' id='word_1_695' title='bbox 3044 4891 3431 4972; x_wconf 86' lang='lat' dir='ltr'><strong>dejicientes,</strong></span> <span class='ocrx_word' id='word_1_696' title='bbox 3454 4891 3555 4954; x_wconf 91' lang='lat' dir='ltr'><strong>ubi</strong></span> <span class='ocrx_word' id='word_1_697' title='bbox 3587 4889 3651 4953; x_wconf 86' lang='lat' dir='ltr'><strong>id</strong></span> 
     </span>
    </p>
   </div>
   <div class='ocr_carea' id='block_1_107' title="bbox 1981 4979 2764 5064">
    <p class='ocr_par' dir='ltr' id='par_1_107' title="bbox 1981 4979 2764 5064">
     <span class='ocr_line' id='line_1_108' title="bbox 1981 4979 2764 5064; baseline -0.005 -17"><span class='ocrx_word' id='word_1_698' title='bbox 1981 4985 2063 5047; x_wconf 90' lang='lat' dir='ltr'><strong>im</strong></span> <span class='ocrx_word' id='word_1_699' title='bbox 2075 5000 2232 5064; x_wconf 87' lang='lat' dir='ltr'><strong>pune</strong></span> <span class='ocrx_word' id='word_1_700' title='bbox 2267 4981 2396 5042; x_wconf 90' lang='lat' dir='ltr'><strong>ﬁeri</strong></span> <span class='ocrx_word' id='word_1_701' title='bbox 2431 4979 2764 5044; x_wconf 83' lang='lat' dir='ltr'><strong>videretur.</strong></span> 
     </span>
    </p>
   </div>
   <div class='ocr_carea' id='block_1_108' title="bbox 2022 5068 3646 5153">
    <p class='ocr_par' dir='ltr' id='par_1_108' title="bbox 2022 5068 3646 5153">
     <span class='ocr_line' id='line_1_109' title="bbox 2022 5068 3646 5153; baseline -0.002 -18"><span class='ocrx_word' id='word_1_702' title='bbox 2022 5071 2256 5153; x_wconf 80' lang='lat' dir='ltr'><strong>Zopyri</strong></span> <span class='ocrx_word' id='word_1_703' title='bbox 2268 5069 2442 5132; x_wconf 77' lang='lat' dir='ltr'><strong>illius</strong></span> <span class='ocrx_word' id='word_1_704' title='bbox 2457 5087 2600 5150; x_wconf 89' lang='lat' dir='ltr'><strong>erga</strong></span> <span class='ocrx_word' id='word_1_705' title='bbox 2619 5068 2949 5150; x_wconf 78' lang='lat' dir='ltr'><strong>Cyrum,in</strong></span> <span class='ocrx_word' id='word_1_706' title='bbox 2972 5069 3646 5150; x_wconf 79' lang='lat' dir='ltr'><strong>Babylonisobsidione,</strong></span> 
     </span>
    </p>
   </div>
   <div class='ocr_carea' id='block_1_109' title="bbox 1981 5158 3655 5245">
    <p class='ocr_par' dir='ltr' id='par_1_109' title="bbox 1981 5158 3655 5245">
     <span class='ocr_line' id='line_1_110' title="bbox 1981 5158 3655 5245; baseline -0.005 -18"><span class='ocrx_word' id='word_1_707' title='bbox 1981 5164 2227 5245; x_wconf 80' lang='lat' dir='ltr'><strong>facinus</strong></span> <span class='ocrx_word' id='word_1_708' title='bbox 2274 5161 2579 5223; x_wconf 86' lang='lat' dir='ltr'><strong>imitatur.</strong></span> <span class='ocrx_word' id='word_1_709' title='bbox 2612 5159 2872 5239; x_wconf 80' lang='lat' dir='ltr'><strong>Zopyrus</strong></span> <span class='ocrx_word' id='word_1_710' title='bbox 2902 5159 3004 5221; x_wconf 88' lang='lat' dir='ltr'><strong>ille</strong></span> <span class='ocrx_word' id='word_1_711' title='bbox 3033 5158 3169 5240; x_wconf 78' lang='lat' dir='ltr'><strong>Cyri</strong></span> <span class='ocrx_word' id='word_1_712' title='bbox 3221 5161 3480 5240; x_wconf 87' lang='lat' dir='ltr'><strong>armiger</strong></span> <span class='ocrx_word' id='word_1_713' title='bbox 3521 5166 3655 5221; x_wconf 83' lang='lat' dir='ltr'><strong>erat</strong></span> 
     </span>
    </p>
   </div>
   <div class='ocr_carea' id='block_1_110' title="bbox 2061 5309 3639 5390">
    <p class='ocr_par' dir='ltr' id='par_1_110' title="bbox 2061 5309 3639 5390">
     <span class='ocr_line' id='line_1_111' title="bbox 2061 5309 3639 5390; baseline -0.002 -15"><span class='ocrx_word' id='word_1_714' title='bbox 2061 5313 2141 5376; x_wconf 87' lang='lat' dir='ltr'><strong>Ex</strong></span> <span class='ocrx_word' id='word_1_715' title='bbox 2173 5313 2286 5374; x_wconf 91' lang='lat' dir='ltr'><strong>hoc</strong></span> <span class='ocrx_word' id='word_1_716' title='bbox 2313 5311 2515 5373; x_wconf 85' lang='lat' dir='ltr'><strong>Basilii</strong></span> <span class='ocrx_word' id='word_1_717' title='bbox 2561 5311 2692 5372; x_wconf 93' lang='lat' dir='ltr'><strong>loco</strong></span> <span class='ocrx_word' id='word_1_718' title='bbox 2734 5309 3166 5390; x_wconf 78' lang='lat' dir='ltr'><strong>expungendus</strong></span> <span class='ocrx_word' id='word_1_719' title='bbox 3209 5311 3319 5371; x_wconf 77' lang='lat' dir='ltr'><strong>erit</strong></span> <span class='ocrx_word' id='word_1_720' title='bbox 3370 5312 3430 5372; x_wconf 91' lang='lat' dir='ltr'><strong>in</strong></span> <span class='ocrx_word' id='word_1_721' title='bbox 3478 5319 3639 5373; x_wconf 85' lang='lat' dir='ltr'><strong>textu</strong></span> 
     </span>
    </p>
   </div>
   <div class='ocr_carea' id='block_1_111' title="bbox 1981 5391 3653 5551">
    <p class='ocr_par' dir='ltr' id='par_1_111' title="bbox 1981 5391 3653 5551">
     <span class='ocr_line' id='line_1_112' title="bbox 1981 5391 3644 5474; baseline -0.001 -17"><span class='ocrx_word' id='word_1_722' title='bbox 1981 5393 2257 5474; x_wconf 83' lang='lat' dir='ltr'><strong>Gregorii</strong></span> <span class='ocrx_word' id='word_1_723' title='bbox 2282 5397 2571 5472; x_wconf 69' lang='lat' dir='ltr'><strong>articulus</strong></span> <span class='ocrx_word' id='word_1_724' title='bbox 2597 5391 2691 5456; x_wconf 77' lang='grc' dir='ltr'><strong>τάς</strong></span> <span class='ocrx_word' id='word_1_725' title='bbox 2721 5393 2877 5472; x_wconf 84' lang='lat' dir='ltr'><strong>quod</strong></span> <span class='ocrx_word' id='word_1_726' title='bbox 2906 5391 3350 5453; x_wconf 87' lang='lat' dir='ltr'><strong>hemistichium</strong></span> <span class='ocrx_word' id='word_1_727' title='bbox 3371 5393 3644 5472; x_wconf 89' lang='lat' dir='ltr'><strong>impedit.</strong></span> 
     </span>
     <span class='ocr_line' id='line_1_113' title="bbox 2071 5471 3653 5551; baseline -0.003 -12"><span class='ocrx_word' id='word_1_728' title='bbox 2071 5477 2202 5551; x_wconf 79' lang='grc'><strong>(34)</strong></span> <span class='ocrx_word' id='word_1_729' title='bbox 2234 5473 2441 5551; x_wconf 78' lang='lat' dir='ltr'><strong>ZOpyri</strong></span> <span class='ocrx_word' id='word_1_730' title='bbox 2467 5471 2779 5535; x_wconf 83' lang='lat' dir='ltr'><strong>historiam</strong></span> <span class='ocrx_word' id='word_1_731' title='bbox 2804 5482 3004 5532; x_wconf 88' lang='lat' dir='ltr'><strong>narrat</strong></span> <span class='ocrx_word' id='word_1_732' title='bbox 3030 5471 3374 5536; x_wconf 84' lang='lat' dir='ltr'><strong>Herodotus</strong></span> <span class='ocrx_word' id='word_1_733' title='bbox 3397 5477 3501 5551; x_wconf 84' lang='grc' dir='ltr'><strong>(ιιι,</strong></span> <span class='ocrx_word' id='word_1_734' title='bbox 3539 5474 3653 5535; x_wconf 80' lang='grc'><strong>153</strong></span> 
     </span>
    </p>
   </div>
   <div class='ocr_carea' id='block_1_112' title="bbox 1986 5473 3652 5645">
    <p class='ocr_par' dir='ltr' id='par_1_112' title="bbox 1986 5473 3652 5645">
     <span class='ocr_line' id='line_1_114' title="bbox 2071 5473 3652 5556; baseline -0.003 -17"><span class='ocrx_word' id='word_1_735' title='bbox 2071 5473 2202 5556; x_wconf 81' lang='grc'><strong>(34)</strong></span> <span class='ocrx_word' id='word_1_736' title='bbox 2234 5473 2441 5555; x_wconf 77' lang='lat' dir='ltr'><strong>ZOpyri</strong></span> <span class='ocrx_word' id='word_1_737' title='bbox 2467 5473 2779 5535; x_wconf 83' lang='lat' dir='ltr'><strong>historiam</strong></span> <span class='ocrx_word' id='word_1_738' title='bbox 2804 5482 3004 5556; x_wconf 88' lang='lat' dir='ltr'><strong>narrat</strong></span> <span class='ocrx_word' id='word_1_739' title='bbox 3030 5473 3374 5536; x_wconf 84' lang='lat' dir='ltr'><strong>Herodotus</strong></span> <span class='ocrx_word' id='word_1_740' title='bbox 3397 5477 3501 5553; x_wconf 84' lang='grc' dir='ltr'><strong>(ιιι,</strong></span> <span class='ocrx_word' id='word_1_741' title='bbox 3539 5474 3652 5535; x_wconf 82' lang='grc'><strong>153</strong></span> 
     </span>
     <span class='ocr_line' id='line_1_115' title="bbox 1986 5551 3652 5645; baseline -0.008 -23"><span class='ocrx_word' id='word_1_742' title='bbox 1986 5555 2418 5645; x_wconf 78' lang='lat' dir='ltr'><strong>_sqq.).Lapsus</strong></span> <span class='ocrx_word' id='word_1_743' title='bbox 2442 5561 2533 5614; x_wconf 87' lang='lat' dir='ltr'><strong>est</strong></span> <span class='ocrx_word' id='word_1_744' title='bbox 2564 5551 3142 5645; x_wconf 58' lang='lat' dir='ltr'><strong>Gregoriungrum</strong></span> <span class='ocrx_word' id='word_1_745' title='bbox 3165 5569 3274 5645; x_wconf 85' lang='lat' dir='ltr'><strong>pro</strong></span> <span class='ocrx_word' id='word_1_746' title='bbox 3292 5551 3652 5645; x_wconf 49' lang='grc' dir='ltr'><strong>θαι-ἐρρυή-</strong></span> 
     </span>
    </p>
   </div>
   <div class='ocr_carea' id='block_1_113' title="bbox 1986 5631 3665 5784">
    <p class='ocr_par' dir='ltr' id='par_1_113' title="bbox 1986 5631 3665 5784">
     <span class='ocr_line' id='line_1_116' title="bbox 1986 5631 3665 5722; baseline -0.002 -22"><span class='ocrx_word' id='word_1_747' title='bbox 1986 5631 2166 5718; x_wconf 75' lang='lat' dir='ltr'><strong>hens,</strong></span> <span class='ocrx_word' id='word_1_748' title='bbox 2215 5631 2377 5716; x_wconf 77' lang='lat' dir='ltr'><strong>quod</strong></span> <span class='ocrx_word' id='word_1_749' title='bbox 2433 5631 2815 5722; x_wconf 43' lang='lat' dir='ltr'><strong>secutus&#39;est</strong></span> <span class='ocrx_word' id='word_1_750' title='bbox 2865 5631 3118 5694; x_wconf 87' lang='lat' dir='ltr'><strong>Basilius</strong></span> <span class='ocrx_word' id='word_1_751' title='bbox 3146 5631 3176 5707; x_wconf 30' lang='lat'><strong>;’</strong></span> <span class='ocrx_word' id='word_1_752' title='bbox 3220 5640 3281 5693; x_wconf 85' lang='lat' dir='ltr'><strong>at</strong></span> <span class='ocrx_word' id='word_1_753' title='bbox 3310 5633 3665 5699; x_wconf 81' lang='lat' dir='ltr'><strong>scholiastes</strong></span> 
     </span>
     <span class='ocr_line' id='line_1_117' title="bbox 1986 5713 2948 5784; baseline -0.009 0"><span class='ocrx_word' id='word_1_754' title='bbox 1986 5715 2347 5784; x_wconf 70' lang='lat' dir='ltr'><strong>Montacutii</strong></span> <span class='ocrx_word' id='word_1_755' title='bbox 2383 5719 2630 5782; x_wconf 82' lang='lat' dir='ltr'><strong>Darium</strong></span> <span class='ocrx_word' id='word_1_756' title='bbox 2663 5713 2948 5782; x_wconf 80' lang='lat' dir='ltr'><strong>restituit.</strong></span> 
     </span>
    </p>
   </div>
  </div>
