4166 6390
553 325 711 398 1185
1869 315 2146 385 BASILII
2192 317 2463 383 MINIMI
3797 311 3958 382 1136

549 466 919 550 Babylonem
949 460 1674 540 obsidentis.Quem,cum
1700 474 1829 550 eam
1864 470 2202 550 oppugnare

2304 462 2423 550 300'
2474 452 2668 528 τελῶν,
2776 452 3185 532 πολιορκούντος
3291 450 3575 511 Βαϐυλῶνα
3677 455 3765 511 καὶ
3845 450 3956 531 βῦχ

552 544 803 622 minime
833 552 1401 637 posset,adiit,urbis
1430 548 1932 631 oppugnationem
1960 544 2198 637 pollici-

2304 545 2401 605 ι’ίου
2452 570 2509 604 τε
2536 634 2541 637 Δ
2572 547 2721 610 ὄντος
2779 545 2946 621 ἑλεῖν,
3014 546 3292 625 προσελὼν
3369 549 3542 628 Κύρῳ,
3600 547 3951 627 ὑπισχνεῖται

552 657 671 712 tus.
707 654 794 712 Ac
825 634 893 709 se
920 634 1114 727 ipsum
1150 642 1303 706 fcede
1336 641 1692 713 dilacerans,
1746 656 1813 698 ac
1846 635 2201 716 Babylonios

2304 639 2380 701 γὴν
2424 634 2623 694 ἅλωσιν
2658 656 2676 674 ο
2718 638 2806 693 καὶ
2853 634 2917 706 δή
2983 638 3325 713 αἰκισάμενος
3385 639 3594 713 ἑαυτὸν,
3655 635 3953 713 αὒτομολεῖ

551 737 891 819 transfugit,
919 724 1088 818 quasi
1109 733 1257 815 Cyro
1277 730 1531 793 maxime
1552 730 1841 799 infensus,
1879 728 1978 807 qui
2002 726 2199 805 ipsum

2304 726 2664 801 Βαϐυλωνίοις,
2708 730 2784 819 ᾡς
2844 725 2908 796 δή
2980 749 3029 782 τι
3098 727 3538 807 προσκεκρουκὼς
3596 729 3767 807 Κύρῷ,
3817 730 3846 784 ὁ
3895 724 3952 782 δὲ

551 830 704 894 adeo
726 817 1026 891 atrocibus
1057 824 1242 905 plagis
1287 820 1773 892 excruciavisset,
1816 817 2202 897 corporisque

2304 819 2545 877 ιίκίσαιτο
2620 818 2746 883 ταῖς
2820 818 3156 883 ἁνυποίστοις
3241 821 3456 883 ταύταις
3528 820 3705 892 αὑτὸν,
3766 819 3950 899 φησὶν,

552 918 988 983 mutilationem
1006 913 1351 977 ostendens.
1383 911 1474 975 Illi
1498 928 1639 971 vero
1659 908 1788 970 istis
1820 908 1998 971 ﬁdem
2028 905 2202 965 adhi-

2304 906 2509 987 :Coisl.
2567 909 2725 968 ἀνυπ.
2772 908 2984 971 ταύταις
3041 907 3236 988 eum],
3299 909 3515 985 αἰκίαις,
3580 907 3783 970 δεικνὺς
3849 908 3951 974 τὴν

552 1010 767 1074 bentes
796 1015 857 1071 et
883 1004 1097 1070 fraude
1127 1003 1398 1085 decepti,
1422 1000 1599 1062 inscii
1622 999 1851 1079 seipsos
1870 1006 1928 1061 et
1952 996 2202 1076 Babylo-

2304 1005 2377 1054 τοῦ
2405 999 2658 1074 σώματος
2698 995 2881 1064 λώόην
2916 1016 2931 1030 ⁸
2980 1000 3028 1053 οἱ
3060 996 3114 1053 δὲ
3170 1012 3293 1062 ταῖς
3336 1002 3603 1061 τοιαύταις
3632 998 3946 1055 πιστεύσαι-

550 1119 693 1166 nem
722 1100 954 1182 Zopyro
984 1103 1047 1161 et
1069 1098 1217 1176 Cyro
1248 1090 1644 1155 tradiderunt.

2304 1110 2372 1151 ῑες
2428 1090 2517 1145 καὶ
2572 1087 2955 1166 τεθαρρηκότες
3017 1088 3275 1164 ἀπαταις,
3368 1086 3555 1146 ἔλαθον
3624 1090 3835 1152 ἑαυτούς
3890 1110 3949 1146 τε

2285 1176 2673 1256 προδεδωκότες
2702 1180 2791 1234 καὶ
2819 1176 3095 1255 βαδυλῶνα
3122 1180 3357 1258 Ζωπύρῳ
3383 1180 3473 1236 καὶ
3518 1180 3693 1259 Κύρῳ,

2368 1267 2525 1331 Ibid.
2588 1269 2633 1331 C
2693 1268 2790 1330 12.
2853 1269 2950 1327 Καὶ
2984 1270 3187 1347 προσῆν
3222 1272 3250 1325 ὁ
3296 1268 3493 1348 γέλως.
3539 1271 3652 1329 Τίσι
3696 1273 3946 1355 προσῆν;

628 1282 717 1345 Ac
735 1281 903 1344 risus
928 1280 1171 1358 insuper
1197 1272 1531 1338 accedebat.
1554 1267 1917 1343 Quibusnam
1942 1266 2204 1328 accede-

2287 1359 2385 1438 ἆρα
2428 1372 2547 1422 τοῖς
2599 1357 2922 1433 πολεμίοις;
2969 1359 3003 1427 ἢ
3059 1362 3137 1433 τῷ
3179 1358 3561 1437 βουλεύσαντις
3614 1362 3649 1430 ἢ
3699 1367 3777 1436 τῷ
3818 1384 3946 1419 πει-

549 1370 681 1438 bat?
708 1369 938 1450 Nempe
967 1358 1776 1431 hostibus.Persuadentine?
1808 1360 1895 1420 vel
1922 1374 2204 1450 persuaso

552 1472 614 1527 et
645 1446 964 1525 exercitui?
996 1455 1304 1531 Hostibus,
1354 1454 1621 1533 inquam,
1668 1450 1823 1511 risus
1853 1446 2198 1526 accedebat,

2304 1449 2459 1506 ιθέντι
2520 1453 2608 1506 καὶ
2659 1457 2728 1527 τῇ
2773 1456 2994 1528 στρατιᾷ
3029 1468 3045 1530 ς
3080 1460 3207 1512 Τοῖς
3238 1448 3542 1533 πολεμίοις,
3601 1456 3781 1529 οἶμαι,
3839 1475 3947 1510 κα-

549 1571 688 1617 cum
708 1553 833 1633 jam
856 1551 919 1612 in
948 1567 1022 1612 eo
1071 1553 1275 1610 essent
1320 1552 1385 1606 ut
1432 1558 1751 1624 persuasos
1784 1537 2150 1601 trucidarent
2183 1557 2197 1599 :

2304 1538 2525 1618 εάγελως
2578 1540 2671 1633 ἦν,
2728 1536 2913 1633 Επειδὴ
2940 1541 3055 1633 ’καὶ
3111 1541 3145 1607 ἡ
3214 1541 3393 1620 σφαγὴ
3466 1544 3526 1600 οὔ
3583 1544 3788 1622 μακρὰν
3843 1548 3952 1601 τῶν

550 1627 897 1723 quos-enim
920 1638 1037 1703 sibi
1057 1637 1203 1719 ipsis
1226 1642 1482 1697 mortem
1505 1630 1881 1693 consciscere
1897 1627 2197 1700 videbant,

2304 1630 2720 1723 πεπιστευκότων
2756 1645 2769 1659 ⁸
2825 1630 3146 1710 αὐτόχειρας
3190 1630 3290 1708 γὰρ
3348 1630 3443 1699 τῆς
3495 1632 3695 1689 ἑαυτῶν
3736 1638 3949 1713 στα-γῆς

551 1716 973 1815 propriamque
1002 1716 1255 1791 salutem
1280 1725 1418 1815 igne
1440 1718 2201 1815 conflagrantes,quomodo

2304 1719 2575 1798 γεγονότας
2608 1720 2925 1815 ἑωρακότες,
2964 1721 3052 1775 καὶ
3098 1716 3309 1815 lCOiSi.
3342 1736 3464 1784 om.
3525 1720 3643 1802 καὶ]
3698 1722 3793 1791 τὴν
3844 1724 3949 1779 αὖ-

551 1807 830 1905 poterant
857 1807 978 1883 non
1004 1814 1255 1881 ridere?
1303 1812 1478 1905 Quod
1517 1812 1777 1905 quidem
1812 1828 1918 1890 pro
1962 1809 2101 1887 joco
2146 1817 2202 1869 et

2304 1815 2392 1905 τών
2438 1811 2703 1888 σωτηρίαν
2754 1812 2875 1888 πυρὶ
2949 1807 3415 1892 παραδεδωκότας,
3472 1816 3587 1875 πῶς
3658 1812 3717 1870 οὔ
3771 1835 3947 1870 κατα-

550 1898 679 1976 risu
708 1908 1077 1982 habendum,
1113 1904 1446 1971 credidisse
1475 1902 1705 1965 scilicet
1751 1904 2095 1980 Apostatam
2146 1907 2202 1960 et

2304 1899 2447 1979 (ελᾷν
2478 1902 2615 1965 εἰκὸς
2648 1901 2717 1966 ἦν
2748 1918 2765 1975 ;
2820 1898 2995 1957 ’Ἔστι
3039 1898 3095 1955 δὲ
3141 1913 3287 1957 νοεῖν
3316 1902 3406 1958 καὶ
3434 1903 3508 1966 ὣς
3538 1904 3592 1959 ἓν
3622 1901 3807 1977 παιδιᾷ
3857 1906 3951 1961 καὶ

548 2022 691 2067 suos
720 2020 755 2066 a
786 2002 908 2065 Deo
965 1996 1268 2061 dementia
1318 1994 1650 2075 perculsos,
1695 1990 1864 2071 quasi
1912 2007 2202 2069 superva-

2304 1989 2479 2067 γέλωτι
2511 1990 2659 2070 ἔχειν
2702 1992 2763 2047 τὸ
2822 1993 3068 2069 γεγονὸς,
3121 1990 3213 2046 τόν
3268 2012 3327 2047 τε
3383 1993 3737 2051 πιστεύσαντα
3798 1992 3944 2073 [ms.

548 2112 730 2159 cuum
762 2110 915 2156 onus
954 2088 1303 2170 rejicientes
1347 2092 1408 2146 et
1447 2082 1705 2145 celerius
1762 2099 1937 2161 quam
1971 2098 2104 2159 quae
2132 2098 2201 2142 ex

2304 2080 2403 2170 ξ’ῖὸ
2460 2082 2550 2137 τὸν
2602 2080 2787 2160 πιστ.]
2834 2078 3175 2148 Ἀποστάτην
3217 2082 3340 2147 τοὺς
3398 2082 3489 2140 σὺν
3547 2088 3689 2158 αὖτῷ
3717 2084 3947 2142 θεοϐλα-

548 2184 836 2268 Opinione
865 2169 1151 2263 pradicta
1177 2182 1371 2257 erant,
1405 2173 1668 2237 evenire.

2304 2169 2401 2244 ἷείᾳ
2456 2170 2771 2268 βληθέντας,
2832 2172 2904 2268 die
2961 2173 3209 2245 περιττὸν
3272 2172 3467 2252 φόρτον
3507 2173 3950 2253 ἆποσεισαμένων

2284 2259 2419 2341 [ms.
2452 2260 2574 2324 573
2592 2260 3051 2341 ἀποσεισάμενον]
3080 2263 3167 2319 καὶ
3190 2265 3380 2319 θᾶττον
3409 2262 3547 2343 (ms.
3573 2264 3692 2327 573
3723 2284 3781 2347 p.
3806 2267 3952 2339 274)

2279 2354 2386 2408 τῶν
2406 2353 2543 2409 κατὰ
2573 2352 2795 2431 γνώμην
2824 2351 3280 2431 προηγγελμένων
3310 2352 3613 2434 ἐπιτυχεῖν.

626 2452 925 2525 Nonnulli
944 2454 1104 2518 enim
1152 2470 1190 2513 a
1226 2447 1437 2513 Persis
1486 2464 1623 2511 eum
1648 2443 1867 2525 jaculo
1895 2442 2198 2523 conﬁxum

2363 2439 2491 2505 Col.
2554 2441 2673 2505 680
2726 2442 2779 2504 Α
2828 2440 2891 2504 4.
2951 2444 3013 2500 Οἱ
3058 2446 3157 2515 μὲν
3218 2444 3318 2523 γὰρ
3383 2446 3486 2502 ὑπὸ
3540 2447 3755 2525 Περσῶν
3810 2469 3953 2503 κατ-

546 2552 742 2631 fuisse
752 2550 949 2611 aiunt.
963 2541 1219 2617 Quidam
1234 2541 1393 2603 enim
1409 2557 1546 2601 eum
1562 2538 1880 2599 temerario
1892 2554 1960 2597 ac
1972 2533 2196 2595 furioso

2304 2536 2588 2631 λκοντίσθαι
2649 2534 2828 2613 φασίν.
2891 2530 3200 2606 Ἀτάκτοις,
3264 2536 3445 2614 φησὶν,
3510 2534 3797 2616 ἐκδρομαῖς
3825 2536 3953 2613 τῇδε

546 2621 773 2722 impetu
801 2638 919 2699 huc
949 2643 1126 2715 atque
1180 2631 1322 2694 illuc
1367 2636 1642 2722 ruentem
1677 2627 1835 2722 idem
1863 2624 2019 2722 quod
2052 2628 2198 2704 Cyro

2304 2624 2505 2722 ιάκεῖσε
2549 2625 2641 2679 σὺν
2696 2621 2970 2722 ἐμπληξίᾳ
3031 2622 3245 2722 [00131.
3310 2623 3590 2709 ἐκπληξίᾳ]
3635 2628 3950 2707 φερόμενον,

545 2714 911 2811 Parysatidis
940 2714 1064 2787 ﬁlio
1086 2717 1756 2811 Artaxerxisquefratri
1788 2714 2027 2811 accidit,
2058 2732 2197 2793 pas~

2304 2715 2476 2791 ἰμοιόν
2521 2737 2571 2771 τι
2618 2715 2937 2772 πεπονθέναι
2971 2716 3124 2794 Κύρῳ
3151 2721 3229 2789 τῷ
3260 2716 3638 2795 Παρυσάτιδος,
3685 2721 3769 2776 καὶ
3816 2716 3948 2799 ’Λρ-

545 2803 683 2884 sum
711 2818 895 2881 fuisse
930 2815 1120 2878 aiunt.
1176 2812 1285 2873 Hic
1335 2810 1495 2873 enim
1542 2807 1748 2888 Cyrus,
1778 2806 1884 2867 sed
1919 2823 2037 2865 non
2072 2822 2199 2864 ma-

2304 2804 2531 2881 ταξὲρξου
2560 2803 2770 2884 ἀδελφῷ
2802 2824 2816 2839 ·
2878 2804 3029 2867 οὗτος
3061 2805 3160 2883 γὰρ
3189 2806 3217 2861 ό
3274 2817 3461 2885 Κῦρος,
3494 2806 3615 2864 ἀλλ’
3646 2810 3750 2889 οὐχ
3777 2810 3807 2865 ὀ
3836 2809 3943 2884 μέ-

545 2928 724 2994 gnus,
759 2902 1137 2988 congregatis
1190 2901 1402 2965 decem
1453 2901 1794 2962 Graecorum
1822 2894 2112 2967 millibus,
2142 2894 2202 2954 in

2304 2917 2413 2994 (ας,
2461 2895 2967 2994 συνανελθὼνημετᾶ
3041 2900 3239 2974 μυρίων
3286 2895 3582 2972 Ἐλλήνων,
3630 2897 3684 2955 ἐν
3727 2898 3816 2964 οἷς
3861 2901 3952 2955 καὶ

541 2983 764 3084 quibus
780 2983 1125 3064 Xeitoxbon
1143 2990 1599 3084 Grylliﬁlius,ut
1619 2986 1720 3084 ille
1741 2987 1867 3084 ipse
1900 2986 1958 3046 in
1992 3003 2098 3084 sua
2129 2983 2202 3046 de

2304 2988 2615 3084 ΞΞενοφῶνδ
2678 2984 2932 3065 Γρύλλου,
2980 2988 3053 3048 ὡς
3119 2987 3275 3049 αὐτὸς
3311 2987 3517 3051 ἐκεῖνος
3574 2991 3628 3045 ἓν
3683 2995 3752 3066 τῇ
3793 2988 3953 3046 Ἀναο

540 3074 676 3172 Cyri
694 3088 1079 3171 expeditione
1095 3082 1347 3147 historia
1384 3087 1606 3153 narrat,
1640 3077 1807 3139 fratri
1840 3076 1902 3137 in
1934 3075 2063 3138 acie
2097 3092 2202 3138 oc—

2304 3074 2437 3133 ῗάσει
2484 3076 2694 3172 γράέρει,
2743 3076 2912 3132 συνὼν
2958 3074 3179 3155 [(Joisl.
3230 3075 3412 3158 συνῆν]
3447 3080 3582 3153 μετὰ
3643 3089 3735 3138 τοῦ
3784 3077 3951 3136 ἀδελ-

542 3164 975 3257 currit,etcum
994 3194 1066 3237 eo
1108 3187 1493 3251 congressus,
1513 3170 1759 3247 jamque
1808 3168 2015 3245 victor,
2056 3184 2194 3246 pro-

2304 3172 2408 3248 poii,
2459 3164 2770 3257 συμϐαλών,
2836 3168 2949 3243 καὶ,
2986 3170 3146 3224 νικῶν
3180 3165 3308 3243 ἤδη,
3368 3168 3545 3246 θράσει
3590 3170 3763 3243 οἰκείῳ
3805 3190 3950 3246 συμ-

546 3270 677 3353 prio
702 3255 925 3351 impetu
955 3267 1169 3353 lapsus
1186 3280 1322 3353 cum
1355 3261 1537 3353 fratre
1588 3256 1942 3318 interiit.Sic
1974 3266 2031 3317 et
2061 3275 2198 3317 eum

2304 3258 2459 3353 πεσών
2507 3263 2585 3331 τῷ
2627 3255 2840 3353 ἀδελφῷ
2890 3256 3251 3353 συνανῄρηται
3317 3255 3473 3337 (35).
3533 3259 3684 3353 (ὶῦτω
3737 3257 3802 3327 δὴ
3855 3262 3951 3316 καὶ

544 3346 717 3423 aiunt
743 3346 1045 3421 interiisse
1076 3373 1111 3416 a
1138 3351 1340 3414 Persis
1362 3348 1567 3431 jaculo
1598 3348 1895 3411 conﬁxum
1952 3346 2199 3427 Quoquo

2304 3348 2441 3404 ιῦτόν
2497 3370 2657 3427 φασιν
2690 3347 2989 3425 ἀνῃρῆσθαι
3048 3349 3151 3404 ὑπὸ
3214 3349 3429 3427 Περσῶν
3475 3347 3804 3426 βεϐλημένον
3831 3366 3846 3381 ·
3912 3350 3950 3418 ἢ

546 3458 748 3514 autem
773 3456 939 3530 pasto
990 3462 1091 3507 res
1122 3461 1186 3505 se
1211 3440 1476 3530 habent,
1506 3447 1565 3500 et
1592 3458 1625 3500 a
1683 3456 1800 3530 quo
1850 3437 2201 3499 interfectus

548 3540 649 3617 sit,
683 3527 863 3601 letale
892 3542 1054 3599 certe
1097 3531 1349 3611 orbique
1378 3529 1658 3592 universo
1707 3527 1968 3589 salutare
1992 3527 2201 3589 vulnus

549 3616 789 3710 acCipit,
818 3645 888 3690 ac
925 3642 1033 3707 per
1062 3621 1300 3684 unicam
1330 3619 1685 3681 incisionem
1721 3616 2043 3678 multorum
2076 3616 2201 3678 vis-

548 3706 783 3793 cerum,
817 3706 971 3779 male
1001 3710 1391 3784 creditorum,
1427 3706 1736 3771 incisionis
1766 3724 1975 3787 poenas
2003 3706 2202 3769 exsol-

548 3810 650 3875 vit.
685 3807 854 3882 Quod
881 3806 1058 3869 etiam
1079 3802 1280 3883 ipsum
1312 3798 1713 3861 admiratione
1743 3796 2015 3877 dignum,
2051 3816 2203 3878 quo-

2286 3440 2374 3494 οὒν
2432 3436 2598 3501 οὕτως
2642 3438 2678 3504 ἢ
2708 3436 2921 3502 ἐκείνως
2968 3436 3187 3517 [00181.
3236 3437 3492 3520 ἐκεῖνος],
3540 3438 3626 3520 ὑφ’
3676 3438 3799 3495 ὅτου
3855 3442 3950 3497 καὶ

2284 3525 2377 3602 δὴ,
2441 3526 2592 3603 ὅμως
2652 3526 2874 3607 δέχεται
2933 3528 3156 3607 πληγὴν
3232 3529 3438 3608 καιρίαν
3508 3531 3596 3587 καὶ
3647 3531 3801 3589 παντὶ
3867 3535 3953 3604 τῷ

2285 3617 2477 3693 κόσμῳ
2520 3619 2809 3695 σωτήριον,
2855 3624 2953 3695 μιᾷ
2994 3618 3171 3697 τόλμῃ
3414 3620 3661 3700 σφαγάως
3724 3618 3948 3679 πολλῶν

2287 3707 2617 3789 σπλάγχνων
2648 3709 2925 3786 ἀνατομῆς
2984 3718 3164 3775 κακῶς
3215 3710 3596 3768 πιστευθέντων
3638 3711 3949 3779 ἀπαιτηθεὶς

2291 3801 2552 3879 τιμωρίαν
2581 3817 2601 3836 ⁸
2663 3799 2794 3880 ὅπερ
2850 3803 2938 3857 καὶ
3006 3802 3273 3879 θαύματος
3331 3800 3497 3877 ἄξιον,
3556 3800 3703 3867 ὅπως
3771 3802 3951 3861 πάντα

548 3899 729 3963 modo
762 3896 865 3980 qui
895 3913 959 3960 se
992 3910 1100 3976 per
1156 3891 1446 3953 viscerum
1478 3890 1774 3951 sectiones
1806 3888 2005 3949 omnia
2034 3905 2202 3949 nosse

2304 3888 2574 3980 γινώσκειν
2613 3892 2856 3967 οἰόμενος
2910 3903 3034 3956 ταῖς
3078 3891 3403 3973 ἀνατομαῖς,
3449 3894 3548 3960 τὴν
3604 3897 3711 3950 τῶν
3759 3892 3952 3952 ἑαυτοῦ

546 3976 970 4064 arbitrabatur,
1007 3985 1241 4066 plagam
1269 3981 1717 4059 sectionemque
1735 3976 2070 4042 visceribus
2086 3978 2202 4040 suis

2304 3979 2517 4060 τπλάγχ
2523 4002 2630 4037 νων
2660 3982 2896 4062 ἡγνόησε
2926 3984 3103 4059 τομὴν
3130 3984 3219 4040 καὶ
3260 3982 3503 4063 πληγήν.

547 4076 934 4160 inﬂigendam
964 4072 1277 4155 ignorarit.

632 4159 989 4250 Tyrannide
1000 4163 1272 4247 profecto
1288 4161 1502 4241 digna.
1528 4159 1837 4223 Jovianum
1869 4159 2013 4221 dicit
2043 4162 2202 4250 pium

2369 4159 2554 4226 Coisl.
2589 4160 2701 4226 681
2742 4159 2785 4224 Cn
2814 4165 2875 4223 ί.
2937 4164 3038 4222 Καὶ
3092 4164 3153 4221 τὸ
3197 4162 3340 4229 εἶδος
3395 4162 3609 4232 ἀληθῶς
3663 4162 3803 4229 ἄξιον
3847 4185 3947 4221 τυο

545 4249 743 4326 virum
792 4264 969 4338 atque
1018 4252 1275 4334 imperio
1334 4250 1656 4313 admodum
1709 4251 1976 4330 dignum.
2011 4249 2201 4313 Prisci

2304 4252 2543 4317 ›αννίδος.
2593 4250 2849 4311 Ἰοϐιανὸν
2905 4251 3051 4333 λέγει
3103 4252 3263 4335 ἄνδρα
3306 4251 3497 4323 εὐσεϐῆ
3548 4254 3637 4311 καὶ
3693 4255 3755 4311 τὸ
3798 4252 3948 4319 εἶδος

548 4350 711 4440 enim
742 4365 917 4440 reges
946 4352 1229 4427 tyrannos
1243 4340 1711 4440 appellabant,et
1730 4360 1980 4421 regnum
2004 4348 2202 4422 tyran-

2304 4342 2431 4440 ἶξιον
2461 4342 2659 4440 ἔχοντα
2689 4342 2963 4440 βασιλείας
2996 4358 3022 4440 ⁸-
3074 4347 3195 4440 τους
3249 4345 3350 4424 γὰρ
3379 4342 3622 4423 βασιλεῖς
3652 4345 3700 4402 oi
3728 4344 3947 4402 παλαιοῖ

549 4439 778 4503 nidem.
808 4436 1024 4499 Postea
1052 4445 1252 4495 autem
1283 4429 1611 4493 discrimen
1652 4432 1781 4493 haec
1812 4449 1913 4493 vox
1945 4431 2201 4511 accepit,

2304 4434 2566 4513 τυράννους
2632 4432 2882 4510 ἐκάλουν,
2940 4436 3030 4493 καὶ
3108 4437 3209 4505 τὴν
3275 4434 3552 4513 βασιλείαν
3614 4432 3886 4515 τυραννίδα
3923 4453 3941 4469 ⁸

547 4537 615 4593 ιιι
644 4528 743 4609 qui
777 4544 885 4608 per
907 4524 1025 4586 vim
1050 4541 1119 4584 ac
1142 4540 1263 4583 non
1282 4536 1356 4581 ex
1379 4520 1577 4598 legum
1604 4520 1955 4601 praescripto
1984 4538 2083 4582 res
2105 4520 2202 4581 ad-

2304 4522 2503 4600 ἱστερον
2530 4525 2630 4603 γὰρ
2661 4522 2911 4605 διαφορὰν
2955 4524 3165 4592 ἐδέξατο
3194 4528 3227 4597 ἦ
3259 4526 3439 4607 φωνὴ,
3485 4526 3579 4582 τὸν
3624 4525 3725 4602 μὲν
3774 4526 3947 4603 βίαιον

551 4617 941 4695 ministraret,
978 4622 1263 4693 tyrannus
1294 4615 1645 4682 vocaretur;
1680 4628 1785 4671 rex
1831 4618 2058 4691 autem,
2103 4609 2202 4691 qui

2304 4614 2379 4670 ιαὶ
2423 4615 2501 4690 μὴ
2545 4616 2683 4672 κατὰ
2747 4616 2868 4680 τοὺς
2932 4616 3125 4693 νόμους
3171 4615 3585 4693 πολιτευόμενον
3644 4617 3946 4696 μόναρχον,

550 4704 817 4786 legitime
844 4700 1163 4783 imperium
1196 4696 1576 4775 gubernaret,
1601 4705 1659 4759 et
1681 4698 2000 4760 consilium
2028 4699 2202 4761 adhi-

2304 4704 2563 4783 τύραννον,
2612 4703 2837 4781 βασιλέα
2865 4703 2946 4787 δὲ,
3007 4708 3100 4763 τὸν
3143 4706 3457 4784 πειθόμενον
3518 4703 3725 4782 νόμοις,
3756 4707 3845 4762 καὶ
3875 4710 3949 4783 τῇ

551 4796 747 4878 heret,
777 4810 993 4875 resque
1025 4790 1357 4873 prudenter
1385 4794 1445 4850 et
1473 4790 1745 4851 consulte
1767 4794 2028 4869 gereret.

2304 4792 2460 4872 3ουλῇ
2518 4793 2824 4875 χρώμενον,
2910 4797 2998 4854 καὶ
3078 4798 3375 4875 πράττοντα
3440 4797 3508 4857 τὰ
3560 4792 3948 4874 βεϐουλευμένα

2291 4886 2378 4941 καὶ
2407 4885 2624 4961 ἔννομα.

628 4976 747 5040 Aut
760 4972 939 5039 aliud
954 4969 1249 5053 quiddam
1266 4985 1625 5048 eorumque;
1636 4969 1804 5047 fama
1816 4968 2201 5050 ferbeantur,

552 5060 1194 5136 netuentesQuaanam
1210 5066 1238 5123 ?
1256 5058 1615 5121 Timuerunt
1640 5058 1799 5120 enim
1826 5078 1903 5121 ne
1924 5059 2075 5123 forte
2091 5080 2205 5125 ne-

547 5157 826 5222 cessitate
854 5154 928 5216 ad
960 5150 1445 5232 desperationem
1478 5150 1793 5230 compulsi,
1825 5169 1893 5212 ac
1947 5170 2054 5232 per
2090 5154 2200 5216 de-

548 5246 954 5330 sperationem
986 5240 1266 5306 excitatis
1294 5239 1532 5313 animis,
1558 5238 1845 5303 furiosius
1886 5240 1945 5303 in
1980 5260 2082 5304 eos
2111 5243 2199 5305 ir-

626 5434 755 5517 (35)
784 5432 851 5497 Si
896 5430 1097 5517 reipsa
1135 5428 1392 5517 Basilius
1442 5430 1741 5517 inkmente
1774 5431 2006 5517 habuit,
2042 5442 2107 5497 ut
2135 5453 2205 5497 ex

557 5512 708 5599 ejus
735 5512 1173 5599 textuuinduci
1211 5519 1430 5599 potest,
1479 5514 1691 5593 Cyrum
1725 5525 1787 5599 et
1814 5515 2201 5599 Artaxerxem

554 5592 673 5659 una
694 5596 758 5658 in
780 5594 984 5677 praelio
1021 5592 1178 5677 apud
1205 5592 1504 5655 Cunaxam
1532 5592 1732 5657 ’caasos
1763 5595 1967 5675 fuisse,
1994 5619 2027 5661 a
2063 5615 2201 5659 vero

551 5675 805 5740 multum
833 5675 1147 5738 aberravit.

2368 4972 2525 5037 Ibid.
2579 4973 2638 5037 9.
2701 4972 2792 5032 ’Ἦ
2850 4997 2899 5033 τι
2963 4976 3242 5043 Δείσαντες
3300 4975 3431 5034 ἄλλο
3465 4983 3573 5035 τῶν
3616 4975 3943 5056 λεγομένων.

2288 5066 2455 5125 Τίνων
2497 5064 2850 5148 λεγομένωνς
2911 5063 3118 5124 ἔδεισαν
3178 5068 3278 5147 γὰρ
3329 5067 3467 5132 ἴσως
3524 5068 3602 5145 μή
3634 5090 3750 5131 πως
3780 5065 3946 5143 ὁμόσε

2284 5158 2353 5233 τῇ
2409 5156 2618 5234 ἀνάγκη
2700 5158 3051 5237 χωρήσαντες
3112 5158 3199 5214 καὶ
3284 5157 3587 5236 ἀπογνώσει
3642 5158 3735 5215 τὸν
3784 5157 3950 5233 θυμὸν

2284 5246 2607 5323 ἀνάψαντας,
2696 5247 2818 5303 κατ’
2904 5248 3075 5306 αὐτῶν
3162 5249 3473 5329 ὁρμήσωσιν
3530 5247 3947 5329 ἀμεταστρεπτὶ,

2380 5436 2510 5518 (36)
2546 5437 2737 5517 Τόλμῃ
2765 5457 2879 5501 ms.
2912 5445 3201 5519 uterque;
3227 5436 3379 5519 editi
3407 5442 3571 5516 τομῇ,
3602 5435 3759 5517 quod
3800 5453 3955 5519 pm-

2285 5526 2429 5602 stat;
2466 5526 2525 5581 et
2545 5519 2833 5583 Basilium
2866 5518 3238 5602 ipsum’ropﬁ
3269 5518 3491 5602 legisse
3518 5524 3681 5602 patet
3708 5535 3783 5581 ex
3804 5518 3955 5581 voce

2285 5601 2587 5681 ἀνατομῆς,
2625 5619 2759 5683 quas
2786 5598 2923 5667 cum
2951 5606 3095 5679 τομῇ
3116 5598 3449 5666 antithesin
3476 5598 3681 5663 efﬁcit.
