4042 6544
256 585 284 588 ρ.
362 586 369 587 ,
422 580 727 588 ...ρ-...μη
749 580 1609 591 ..θ-ψ-..ᾙῇ
1626 586 1799 591 ...μ-μή
1864 586 2213 592 -..Η-ᾔ...
2234 586 2305 592 ...α
2354 588 2381 591 __
2412 588 2423 591 4
2486 586 2951 593 mm,
2982 571 3365 595 ..με
3384 591 3433 595 ,ην

244 612 257 617 ν
338 615 348 625 ρ
680 610 707 613 “”
731 613 804 624 ⁴“
869 613 1112 627 --ν
1280 611 1751 620 ”““”’-“““--ν-·π-
1772 612 3393 623 ίᾙ-Ὴ--ν-η--ῄ

968 775 1137 880 ΙΝ
1237 775 1982 904 QUARTUM
2087 779 2618 887 TOMUM

1499 1014 2178 1195 ἦβτρεὶαῐὶο.

1240 1307 1771 1346 ﬁ

1775 1303 2606 1353 οΘοςΞ--κηι

273 1460 328 1518 Si
349 1470 658 1534 postremos
679 1461 800 1519 illos
818 1460 1272 1521 Retractationum
1296 1463 1464 1522 libros
1491 1467 1646 1523 nobis
1666 1467 1994 1540 Augustinus
2014 1469 2348 1541 reliquisset,
2371 1471 2566 1542 quibus
2587 1469 2796 1528 habitos
2823 1471 2890 1527 ad
2929 1473 3184 1543 populum
3220 1474 3501 1532 Tractatus

213 1571 494 1613 recensere
514 1571 577 1613 se
601 1556 745 1613 velle
768 1555 992 1626 epistola
1017 1571 1112 1613 sua
1135 1557 1201 1613 ad
1217 1557 1641 1628 Quodvultdeum
1666 1563 1958 1618 teStabatur
1984 1561 2176 1634 (Epist.
2202 1563 2308 1618 2‘24
2325 1605 2340 1630 ,
2364 1580 2420 1619 η.
2445 1563 2540 1636 2);
2571 1565 2890 1634 immensum
2913 1565 3014 1622 hoc
3047 1567 3099 1622 in
3129 1568 3370 1624 Psalmos
3396 1569 3500 1624 Da-

212 1648 404 1704 vidicos
429 1664 568 1720 opus
595 1649 669 1704 ibi
698 1649 839 1706 haud
861 1649 1018 1706 dubie
1049 1650 1363 1706 illustrassct
1391 1651 1456 1706 iis
1479 1651 1972 1720 observationibus,
2005 1669 2124 1725 quae
2152 1654 2480 1724 praefationis
2498 1656 2616 1712 loco
2635 1700 2651 1726 ,
2679 1667 2861 1712 nostra
2903 1660 3070 1714 multo
3105 1660 3349 1724 utilioris,
3374 1677 3497 1717 esse

214 1742 526 1812 potuissent.
555 1743 628 1798 At
655 1758 778 1799 cum
808 1744 1136 1815 propositum
1164 1746 1386 1816 exsequi
1411 1744 1569 1800 beato
1599 1745 1728 1802 Viro
1756 1763 1854 1818 per
1877 1759 2104 1804 mortem
2128 1764 2232 1804 non
2261 1751 2502 1818 licuerit,
2531 1753 2856 1810 arbitramur
2879 1753 3041 1811 ofﬁcii
3063 1757 3232 1812 nostri
3256 1756 3357 1812 hoc
3384 1757 3508 1813 loco

214 1836 391 1904 paucis
434 1851 747 1906 exponere,
770 1837 944 1907 primo
982 1837 1174 1908 quibus
1212 1840 1500 1894 momentis
1538 1839 1606 1894 ad
1645 1841 2036 1913 suscipiendam
2078 1843 2408 1900 Psalmorum
2448 1850 2843 1904 enarrationem
2884 1849 3145 1921 impulsus
3185 1851 3288 1916 sit,
3322 1859 3510 1921 postea

214 1943 360 1998 quem
382 1930 437 1984 in
467 1945 530 1985 ea
550 1929 795 1986 ordinem
818 1932 1143 1999 servaverit,
1175 1931 1372 1988 deinde
1396 1947 1554 2004 quam
1581 1942 1796 1990 secutus
1824 1933 1983 1991 fuerit
2013 1937 2064 1992 in
2090 1937 2412 2007 exponendo
2433 1940 2694 1997 rationem
2714 1982 2730 2009 ,
2761 1950 2871 1996 tum
2901 1957 3036 2013 quas
3065 1943 3212 2014 leges
3237 1942 3336 1997 sibi
3360 1958 3505 2012 praa-
3559 1937 3565 1942 ’

216 2023 439 2079 stituerit
461 2066 476 2090 ,
503 2025 734 2096 denique
758 2026 966 2080 cuinam
995 2025 1248 2081 institerit
1275 2025 1620 2084 Versionum.
3249 2092 3252 2094 ν

219 2137 224 2164 ε
282 2116 507 2172 Psalmis
532 2116 800 2172 Davidicis
823 2117 1017 2173 mirum
1044 2117 1098 2172 in
1125 2117 1339 2175 modum
1377 2119 1688 2190 capiebatur
1708 2121 2051 2192 AuguStinus.
2081 2122 2282 2178 Eorum
2305 2131 2525 2190 cantus,
2556 2139 2662 2195 quo
2697 2133 2936 2196 tempore
2973 2125 3120 2181 illum
3164 2125 3218 2180 in
3248 2125 3492 2181 Ecclesia

219 2209 591 2266 Mediolanensi
614 2210 801 2267 audire
830 2211 993 2280 erepit
1010 2252 1026 2278 ,
1056 2210 1190 2267 adeo
1213 2212 1448 2269 suaviter
1473 2212 1640 2284 ipsius
1668 2213 1934 2270 afﬁciebat
1952 2216 2186 2271 animum
2208 2258 2223 2283 ,
2252 2223 2310 2270 ut
2332 2215 2431 2286 piis
2457 2216 2604 2272 hisce
2630 2219 2863 2275 motibus
2887 2219 2953 2274 ad
2975 2219 3342 2274 maturandam
3365 2234 3503 2275 con-

220 2303 511 2359 versionem
546 2317 695 2358 suam
739 2303 1108 2361 vehementius
1146 2306 1516 2362 stimularetur
1539 2304 1947 2381 (Confessionum
1976 2307 2061 2362 lib.
2087 2308 2152 2376 9,
2187 2325 2232 2362 c.
2281 2309 2313 2364 6
2343 2319 2392 2364 et
2419 2310 2492 2382 7).
2530 2309 2714 2365 Tradit
2740 2312 2899 2366 etiam
2945 2312 3038 2367 Vir
3065 2321 3278 2368 sanctus
3318 2313 3370 2366 in
3398 2326 3500 2368 suo

217 2411 420 2454 secessu
447 2399 590 2470 apud
631 2400 986 2457 Cassisiacum
1008 2443 1024 2470 ,
1055 2401 1144 2458 ubi
1174 2416 1234 2458 se
1261 2402 1328 2457 ad
1359 2403 1685 2474 Baptismum
1711 2403 2080 2475 comparabat,
2114 2413 2392 2475 tantopere
2420 2405 2657 2460 divinum
2689 2407 2740 2460 in
2771 2421 2829 2461 se
2859 2421 3097 2462 amorem
3126 2407 3391 2462 exarsisse
3420 2407 3502 2461 le-

215 2490 386 2561 gendis
415 2491 608 2547 iisdem
636 2493 803 2548 sacris
825 2491 1057 2550 Canticis
1078 2537 1092 2563 ,
1122 2503 1178 2550 ut
1209 2493 1584 2551 ardentissimo
1620 2494 1872 2566 ﬂagraret
1893 2495 2158 2552 desiderio
2187 2497 2305 2552 illos
2327 2513 2424 2568 per
2448 2498 2633 2555 orbem
2673 2499 2982 2554 universum
3006 2540 3020 2564 ,
3051 2499 3096 2553 si
3123 2514 3225 2570 qua
3258 2499 3369 2553 ﬁeri
3398 2514 3500 2571 po-

217 2585 418 2651 tuisset,
447 2585 739 2654 recitandi;
763 2587 1026 2658 simulque
1055 2587 1397 2643 amarissimo
1421 2587 1620 2644 doloris
1645 2603 1766 2643 cum
1795 2586 2155 2659 indignatione
2173 2604 2236 2645 ac
2257 2590 2723 2646 commiseratione
2751 2590 3020 2660 conjuncti
3047 2605 3207 2645 sensu
3234 2604 3501 2661 pungere-

215 2687 303 2744 tur,
335 2679 477 2750 quod
503 2696 623 2751 qua:
653 2681 907 2753 mysteria
937 2681 1280 2754 remediaque
1309 2683 1419 2739 illic
1461 2682 1822 2751 continentur,
1849 2681 2125 2739 Manichzei
2169 2683 2394 2756 lugenda
2432 2687 2672 2741 caecitate
2709 2699 2817 2741 non
2854 2684 3135 2754 viderent,
3163 2694 3326 2756 atque
3365 2684 3501 2742 adeo

214 2771 492 2829 antidotum
510 2814 527 2841 ,
561 2789 666 2845 quo
688 2774 888 2829 sanitas
907 2776 985 2830 eis
1004 2776 1212 2832 restitui
1233 2777 1527 2847 potuisset,
1550 2783 1866 2848 reSpuerent
1894 2774 2081 2849 (Ibid,
2111 2792 2158 2830 c.
2191 2778 2273 2846 4).

273 2867 427 2936 Atqui
456 2865 581 2922 licet
607 2881 638 2922 e
667 2866 892 2922 Psalmis
923 2875 1127 2923 tantum
1153 2867 1378 2925 luminis
1399 2867 1557 2936 duci,
1591 2878 1698 2923 tam
1727 2867 1948 2923 uberem
1977 2868 2189 2938 pietatis
2210 2883 2426 2924 succum
2452 2869 2680 2939 exprimi
2707 2884 2865 2941 posse
2895 2871 3248 2941 intelligeret,
3279 2871 3500 2941 proprio

214 2956 443 3012 nimirum
482 2958 878 3028 experimento;
907 2967 1140 3015 attamen
1169 2959 1374 3030 privata
1412 2973 1507 3015 sua
1546 2958 1895 3014 meditatione
1920 2966 2233 3026 contentus,
2271 2975 2542 3030 nunquam
2581 2959 2827 3016 fortassis
2851 2961 2921 3016 ad
2961 2975 3054 3016 eos
3082 2962 3293 3030 publice
3326 2977 3498 3032 expo-

215 3047 399 3102 nendas
419 3048 658 3103 animum
687 3047 999 3119 appulisset,
1023 3049 1126 3104 nisi
1154 3049 1324 3120 ipsum
1349 3050 1526 3119 petitae
1549 3046 1766 3104 aliunde
1785 3061 1962 3104 causae
1983 3043 2390 3119 permOvissent.
2415 3050 2700 3106 Enimvero
2727 3059 2835 3106 tam
2856 3053 3186 3122 magnificam
3211 3053 3496 3111 imbiberat

215 3136 272 3193 de
293 3141 620 3197 Psalmorum
653 3142 956 3212 praestantia
979 3142 1316 3212 opinionem,
1343 3151 1402 3198 ut
1422 3151 1681 3214 quotquot
1701 3158 1768 3198 ex
1797 3141 1901 3197 illis
1939 3142 2262 3213 apertissimi
2293 3142 2631 3211 videbantur,
2663 3143 2826 3200 iidem
2857 3142 3088 3201 habendi
3115 3155 3298 3202 essent
3330 3148 3500 3218 ipsius

213 3231 392 3302 judicio
414 3234 849 3291 reconditissimi.
893 3233 1003 3291 Nec
1028 3249 1159 3291 sane
1183 3235 1326 3291 aliud
1365 3251 1540 3292 causae
1582 3234 1749 3291 fuisse
1799 3249 1897 3290 cur
1936 3235 2001 3290 ad
2038 3235 2300 3306 psalmum
2341 3235 2693 3291 centesimum
2733 3236 3000 3293 decimum
3037 3247 3314 3306 octavum,
3346 3240 3500 3310 cujus

214 3329 586 3397 expositionem
616 3328 686 3384 ab
722 3342 788 3384 eo
814 3336 1017 3384 tantum
1055 3345 1161 3385 non
1192 3328 1450 3385 conviciis
1486 3328 1824 3402 ﬂagitabant,
1853 3328 2283 3399 explanandum,
2315 3337 2437 3399 post
2476 3337 2652 3384 tantas
2677 3345 2858 3385 moras
2898 3338 2954 3385 et
2990 3332 3502 3402 procrastinationes

215 3421 522 3486 accesserit,
565 3422 683 3491 ipse
720 3421 850 3476 satis
887 3420 1123 3476 declarat
1165 3421 1282 3476 istis
1319 3421 1525 3489 verbis,
1574 3420 1773 3488 Quanto
1815 3419 1948 3475 enim
1989 3420 2183 3474 videtur
2227 3420 2470 3490 apertior,
2499 3427 2638 3474 tanta
2677 3419 2804 3473 mihi
2833 3421 3136 3491 profundior
3179 3422 3335 3476 videri
3374 3421 3504 3478 solet

212 3508 432 3583 (PTOtOg.
457 3513 512 3565 in
535 3509 686 3566 Psal.
713 3510 922 3584 cxvm).
947 3512 1326 3568 Verumtamen
1350 3527 1471 3567 cum
1493 3512 1762 3582 dignitatis
1788 3526 1948 3582 quam
1968 3512 2188 3582 gerebat
2214 3509 2352 3565 ratio
2371 3510 2609 3581 exigeret
2626 3519 2685 3565 ut
2705 3510 2917 3580 plebem
2945 3526 3087 3566 curae
3112 3527 3222 3567 sua:
3240 3514 3502 3571 creditam

209 3605 478 3674 praeceptis
511 3603 848 3670 institueret,
882 3603 1343 3675 objurgationibus
1376 3604 1700 3674 corrigeret,
1733 3604 2044 3658 informaret
2085 3601 2152 3656 ad
2197 3601 2445 3671 pietatem
2467 3641 2481 3666 ,
2511 3600 2565 3655 in
2590 3600 2853 3657 bonorum
2883 3616 3103 3671 cperunt
3139 3604 3501 3674 virtutumque

212 3697 613 3753 christianarum
640 3697 816 3753 studio
845 3706 900 3753 et
917 3713 1018 3753 usu
1044 3697 1424 3764 conﬁrmaret;
1449 3713 1748 3767 quanquam
1775 3695 2048 3766 Scriptura
2076 3694 2250 3750 omnis
2271 3735 2286 3762 ,
2315 3693 2574 3764 Apostolo
2601 3700 2736 3748 teste
2757 3734 2771 3758 ,
2803 3693 2872 3749 ad
2905 3693 2958 3748 id
2985 3693 3232 3750 conducit
3261 3695 3327 3766 (ll
3352 3695 3497 3754 Tim.

211 3805 293 3857 tn,
319 3791 443 3864 16);
477 3807 601 3847 eum
625 3799 803 3846 tamen
831 3791 1065 3861 oportuit
1100 3793 1154 3846 in
1182 3790 1368 3861 primis
1397 3789 1641 3844 Psalmos
1674 3789 1930 3846 adhibere
1950 3831 1964 3856 ,
1994 3796 2178 3858 utpote
2215 3803 2348 3857 quos
2375 3786 2572 3857 passim
2601 3786 2780 3856 populi
2806 3786 3051 3841 manibus
3076 3786 3174 3842 teri
3213 3802 3277 3843 ac
3311 3788 3363 3842 iu
3396 3804 3496 3845 ore

211 3883 406 3938 versari
431 3892 711 3951 cerneret,
736 3897 908 3952 eoque
935 3883 1001 3939 ad
1028 3882 1156 3938 illud
1195 3881 1586 3953 assequendum
1623 3880 1888 3952 judicaret
1912 3876 2241 3936 efﬁcaciores
2260 3921 2275 3945 ,
2304 3879 2445 3950 quod
2484 3879 2740 3950 mysteria
2765 3887 2924 3950 atque
2962 3888 3228 3950 prmcepta
3255 3880 3306 3935 in
3333 3880 3503 3937 sacris

210 3978 447 4032 omnibus
476 3978 712 4049 paginis,
740 3992 968 4049 quarum
998 3977 1073 4032 illi
1093 3976 1359 4048 quoddam
1386 3975 1549 4030 veluti
1579 3973 1953 4045 compendium
1981 3972 2271 4039 exhibent,
2301 3971 2540 4041 dispersa
2565 4012 2579 4036 ,
2613 3972 2664 4025 in
2694 3987 2753 4026 se
2781 3971 3226 4042 complectantur.
3260 3973 3499 4029 Desuda-

209 4069 279 4124 vit
307 4070 466 4141 igitur
495 4071 547 4126 in
571 4070 673 4126 hoc
694 4071 876 4125 labore
899 4084 1106 4125 summa
1127 4084 1252 4124 cura
1276 4076 1330 4124 et
1349 4067 1631 4124 sedulitate
1652 4109 1667 4133 ,
1697 4073 1751 4120 et
1775 4065 1822 4120 si
1848 4064 2062 4136 quando
2083 4064 2322 4119 molestis
2349 4061 2712 4133 improbisque
2743 4061 2989 4132 precibus
3019 4079 3205 4118 eorum
3233 4065 3322 4134 qui
3348 4079 3504 4120 com-

210 4163 559 4218 mentatioues
602 4163 653 4216 in
682 4163 954 4229 Psahnos,
987 4177 1120 4233 quos
1148 4161 1264 4231 ipse
1302 4161 1460 4215 nimis
1500 4157 1745 4214 difﬁciles
1787 4156 2163 4225 existimabat,
2198 4154 2574 4227 postulabant,
2605 4171 2711 4211 non
2740 4155 2838 4210 nisi
2866 4171 3008 4226 aegre
3047 4171 3250 4212 morem
3292 4158 3497 4228 gessit:

214 4266 393 4312 contra
420 4257 664 4312 videmus
690 4255 974 4328 aliquando
1009 4256 1149 4312 nolle
1179 4256 1351 4325 ipsum
1382 4254 1634 4320 Psalmis,
1666 4269 1800 4324 quos
1845 4253 1897 4307 in
1928 4252 2176 4306 manibus
2216 4250 2483 4317 habebat,
2508 4251 2706 4306 relictis
2725 4292 2738 4316 ,
2769 4251 2836 4306 ad
2880 4251 2982 4306 alia
3013 4253 3273 4309 calamum
3314 4264 3496 4310 trans-

209 4351 370 4422 ferre;
402 4371 468 4412 eo
488 4355 628 4427 quod
655 4372 774 4427 qua:
803 4355 984 4411 multis
1021 4361 1204 4411 essent
1245 4351 1627 4414 conducibilia,
1658 4349 1846 4406 eadem
1886 4357 2096 4420 putaret
2137 4361 2350 4417 semper
2393 4344 2787 4416 anteponenda.
2829 4344 3002 4416 Magis
3043 4357 3253 4417 urgent,
3289 4349 3493 4420 inquit,

208 4462 314 4515 qua
337 4449 567 4521 pluribus
595 4449 739 4503 utilia
768 4449 876 4519 fore
901 4465 1162 4520 speramus
1192 4446 1381 4520 (Epist.
1409 4445 1542 4512 169,
1575 4444 1643 4498 ad
1667 4443 1916 4498 Evodium
1937 4484 1952 4510 ,
1985 4461 2039 4498 η.
2071 4443 2147 4513 1).

269 4541 407 4597 Cum
434 4542 663 4613 primum
693 4540 760 4595 ad
788 4540 914 4595 illud
945 4556 1076 4610 opus
1097 4553 1376 4611 aggressus
1399 4545 1482 4591 est
1506 4536 1866 4606 Augustinus,
1900 4532 2348 4606 quemadmodum
2380 4531 2548 4602 ipsius
2570 4531 2852 4587 consilium
2885 4549 2993 4589 non
3032 4542 3150 4590 erat
3186 4536 3493 4595 Davidicum

204 4649 361 4691 omne
388 4635 706 4693 Psalterium
736 4634 1080 4690 commentari
1105 4676 1118 4700 ,
1148 4633 1220 4687 ita
1250 4631 1509 4686 rationem
1553 4627 1758 4684 ordinis
1785 4624 1925 4681 haud
1951 4639 2274 4697 magnopere
2296 4623 2594 4680 habendam
2636 4625 2976 4680 existimavit.
3015 4626 3082 4681 Et
3121 4628 3333 4698 quidem
3377 4631 3500 4702 epi-

205 4729 361 4784 stola:
382 4728 448 4783 ad
475 4728 754 4784 Paulinum
781 4741 921 4782 anno
942 4725 1156 4781 circiter
1191 4723 1297 4779 M4
1323 4723 1536 4792 scriptae
1562 4721 1714 4776 locus
1738 4719 1850 4787 ille,
1879 4735 1986 4791 quo
2009 4719 2328 4774 strictiorem
2351 4718 2540 4789 psalmi
2567 4717 2760 4774 decimi
2792 4720 2926 4774 sexti
2960 4721 3352 4778 enarrationem
3383 4723 3490 4778 du-

201 4819 326 4875 dum
357 4823 455 4876 abs
476 4833 534 4874 se
559 4819 752 4874 factam
785 4825 1027 4885 testatur,
1054 4815 1302 4872 Recensui
1319 4857 1335 4883 ,
1367 4814 1595 4882 inquiens
1615 4854 1628 4876 ,
1657 4811 1998 4866 brevissimam
2017 4811 2293 4882 quamdam
2314 4809 2538 4881 ejusdem
2569 4809 2754 4881 psalmi
2776 4811 3167 4880 expositionem,
3197 4831 3350 4883 quam
3374 4817 3494 4885 jam

203 4915 320 4969 alim
348 4915 655 4969 dictaverunt
678 4911 871 4987 (Epist.
904 4911 1038 4980 M9,
1070 4929 1122 4966 η.
1152 4910 1231 4981 5),
1263 4923 1327 4964 eo
1366 4907 1743 4979 cogitationem
1775 4915 2009 4962 nostram
2053 4904 2307 4974 impellit,
2340 4913 2432 4971 ut,
2457 4918 2576 4959 cum
2619 4902 2860 4958 eamdem
2892 4904 3037 4958 illam
3071 4907 3493 4977 expositionem,

199 5023 306 5061 tum
341 5022 534 5063 omnes
559 5006 692 5061 alias
713 5005 901 5062 eadem
926 5004 1186 5060 brevitate
1204 5017 1267 5056 ac
1290 5000 1430 5071 stylo
1447 4998 1790 5055 concinnatas
1807 5040 1820 5064 ,
1843 4998 2006 5054 totius
2029 4995 2207 5066 operis
2228 4996 2429 5067 primas
2450 4994 2646 5050 exiisse
2669 4994 3010 5050 arbitremur.
3036 4994 3300 5052 Statuerat
3329 5000 3492 5054 etiam

196 5097 498 5156 Graduales
525 5115 661 5170 quos
686 5107 880 5154 vocant
908 5097 1150 5152 Psalmos
1189 5110 1254 5150 ex
1284 5092 1472 5149 ordine
1508 5091 1822 5159 enucleare,
1863 5089 2004 5160 quod
2036 5089 2091 5142 in
2133 5088 2486 5144 centesimum
2526 5088 2840 5158 vigesimum
2881 5088 3175 5145 secundum
3222 5091 3496 5148 disserens

193 5194 465 5265 significat
493 5192 576 5247 his
598 5191 804 5256 verbis,
838 5188 1164 5244 Ascendentis
1187 5186 1396 5241 Cantica
1417 5201 1483 5240 ea:
1501 5185 1678 5239 ordine
1706 5199 1822 5238 cum
1851 5182 2135 5238 Sanctitate
2170 5180 2345 5236 Vestra
2364 5179 2734 5236 consideranda
2756 5182 2972 5252 suscepi.
3003 5182 3260 5239 Similiter
3285 5184 3336 5238 in
3359 5200 3492 5240 cen-

197 5287 452 5341 tesimum
477 5283 791 5356 vigesimum
822 5283 1062 5354 quintum
1087 5295 1152 5336 ac
1176 5278 1525 5335 centesimum
1549 5276 1877 5347 trigesimum
1905 5275 2136 5346 primum
2164 5272 2293 5328 dicit
2313 5273 2386 5327 ita
2423 5287 2483 5328 se
2522 5271 2588 5343 ad
2623 5271 2862 5342 psalmos
2891 5272 3010 5329 illos
3033 5275 3276 5340 venisse,
3309 5285 3366 5332 ut
3394 5294 3492 5333 cu-

198 5394 392 5450 jusque
418 5377 549 5434 ordo
576 5376 880 5449 postulabat
910 5394 925 5430 :
956 5390 1078 5430 cum
1103 5382 1280 5428 tamen
1306 5371 1623 5442 vigesimum
1659 5377 1875 5426 sextum
1903 5367 1955 5422 in
1983 5366 2119 5422 festo
2150 5366 2209 5420 Β.
2241 5363 2537 5434 Crispinae,
2569 5365 2723 5434 cujus
2753 5379 2975 5435 agonem
3005 5367 3163 5422 nonis
3187 5368 3490 5426 decembris

189 5470 445 5526 referunt
471 5467 844 5540 Martyrologia
864 5507 880 5533 ,
905 5465 1172 5536 psalmum
1211 5478 1339 5519 vero
1364 5461 1697 5532 trigesimum
1743 5458 2027 5531 septimum
2073 5457 2124 5513 in
2151 5456 2239 5511 die
2268 5455 2430 5510 natali
2464 5455 2520 5511 S.
2551 5455 2773 5521 Felicis,
2801 5456 2952 5527 cujus
2989 5461 3300 5530 martyrium
3333 5464 3491 5518 nonis

192 5559 514 5616 novembris
537 5558 895 5624 renuntiatur,
926 5555 1253 5628 exposuerit.
1289 5553 1395 5610 Sed
1429 5553 1483 5609 in
1523 5551 1742 5622 reliquis
1769 5549 2018 5607 omnibus
2046 5563 2170 5604 eum
2196 5547 2372 5603 ordini
2404 5563 2510 5604 non
2547 5547 2712 5603 fuisse
2747 5548 3052 5636 addictum,
3080 5553 3210 5607 varii
3243 5553 3343 5607 loci
3373 5554 3490 5624 pla-

186 5670 319 5710 num
346 5653 576 5708 faciunt.
602 5649 845 5721 Exempli
886 5664 1046 5706 causa
1066 5690 1081 5717 ,
1110 5648 1165 5704 in
1191 5646 1454 5718 psalmum
1482 5645 1871 5716 sexagesimum
1893 5652 2104 5699 sextum
2141 5641 2541 5711 explanationes
2563 5641 2840 5695 centesimi
2871 5643 3090 5698 secundi
3133 5655 3187 5699 et
3213 5646 3490 5705 centesimi

185 5750 339 5804 tertii
370 5747 535 5813 citat;
561 5745 615 5801 in
639 5744 991 5802 centesimum
1029 5741 1320 5799 secundum
1356 5740 1749 5796 enarrationem
1788 5737 2064 5793 centesimi
2093 5735 2267 5802 tertii,
2297 5732 2456 5806 quam
2485 5735 2645 5790 etiam
2676 5735 2727 5789 in
2759 5737 3074 5805 exponendo
3100 5739 3485 5808 octogesimum

183 5843 432 5914 quodam
461 5839 624 5896 modo
645 5839 859 5894 videtur
885 5836 1138 5893 indicare.
1169 5835 1226 5890 In
1250 5833 1472 5905 epistola
1497 5833 1565 5888 ad
1603 5832 1861 5889 Evodium
1883 5820 2009 5887 data
2029 5837 2257 5886 exeunte
2286 5844 2426 5883 anno
2451 5828 2556 5883 415
2576 5870 2590 5896 ,
2621 5827 2780 5883 tradit
2820 5830 3059 5898 proxime
3098 5829 3325 5887 dictatas
3361 5849 3389 5886 a
3429 5851 3494 5892 se

182 5939 533 6008 psalmorum
563 5933 884 6005 sexagesimi
908 5929 1142 6002 septimi,
1173 5926 1549 5998 septuagesimi
1571 5927 1724 5998 primi
1753 5935 1806 5982 et
1825 5924 2200 5998 septuagesimi
2224 5924 2436 5995 septimi
2464 5924 2829 5979 enarrationes
2855 5922 3055 5992 fuisse;
3089 5925 3231 5982 nolle
3255 5943 3383 5982 vero
3404 5945 3486 5995 se,

178 6044 354 6095 unm
400 6029 453 6085 in
499 6028 735 6098 reliquos
776 6025 1010 6098 psalmos
1033 6068 1048 6093 ,
1071 6037 1207 6095 quos
1235 6021 1463 6079 necdum
1503 6021 1889 6095 explicaverat,
1931 6017 2461 6090 laborem-interpelli
2489 6015 2683 6088 (Epist.
2715 6017 2818 6073 l69
2840 6060 2854 6086 ,
2880 6034 2933 6070 n.
2966 6019 3024 6086 1)
3053 6035 3065 6071 :
3095 6020 3233 6077 unde
3269 6023 3489 6092 colligas

491 6119 717 6188 επιστ.
768 6121 1048 6185 Αυθυετ.
1085 6119 1193 6184 IV.

2513 6165 2519 6172 .
2959 6110 3182 6194 ωηο.)
