4042 6490
474 571 509 603 ,ε
558 516 632 575 st
872 510 875 513 '
1149 532 1151 535 -
2015 510 2070 571 Pl

2258 508 2487 573 ,Τιορκ
2796 534 2797 537 η
2992 512 3363 574 ’
3784 516 3854 580 19

496 613 505 617 ἠ
561 641 693 686 ωηο
717 639 825 687 non
844 629 982 688 bene
1006 627 1203 686 multos
1228 626 1556 700 superfuisse
1578 642 1714 701 quos
1748 634 2018 684 tractaret.
2048 627 2222 693 Loca,
2257 638 2528 696 tempora,
2558 638 2747 691 casus,
2778 639 3050 697 personae,
3076 639 3220 698 saepe
3260 625 3457 698 saepius
3492 630 3850 691 enarrandum

562 725 824 796 psalmum
853 724 903 780 ei
924 723 1300 796 suggerebant.
1328 722 1592 780 Debemus
1630 722 1885 793 trigesimi
1918 722 2094 792 quarti
2136 730 2191 776 et
2216 720 2503 778 centesimi
2544 720 2797 793 trigesimi
2838 720 2963 777 noni
2998 721 3485 778 commentationes
3513 723 3739 795 imperio
3766 727 3849 784 vel

556 818 812 890 predibus
835 818 1208 890 episcoporum
1228 858 1245 887 ,
1275 825 1558 889 quostuue
1576 814 1841 886 temporis
1866 813 2443 883 conventumaliquem
2466 812 3130 883 habuisseeottjieere"est.
3161 811 3306 869 idem
3334 822 3460 884 puta
3479 814 3548 871 de
3574 830 3851 873 commen-

488 980 493 987 ί
561 914 764 970 talione
789 912 841 967 in
880 911 1209 982 trigesimum
1251 918 1496 976 sextum,
1525 907 1975 980 quemadmodum
2020 908 2072 961 in
2122 905 2343 962 exordio
2370 906 2634 960 sermonis
2678 903 2898 960 secundi
2945 918 3108 975 super
3154 904 3348 961 eodem
3390 905 3596 975 psalmo
3625 906 3853 979 ipsemet

489 992 501 1026 ⁷
562 1017 765 1066 narrat.
812 1006 1318 1079 Quinquagesimum
1366 1005 1659 1062 secundum
1705 1002 1938 1068 Fratris,
1976 1000 2208 1073 alicujus
2246 999 2473 1059 forsitan
2513 998 2782 1069 episcopi,
2815 998 3046 1067 impulsu
3075 1011 3135 1052 se
3175 998 3510 1054 tractandum
3551 1000 3851 1070 suscepisse

494 1102 500 1109 '
565 1109 811 1159 testatur.
838 1099 1250 1171 Nonagesimum
1291 1106 1537 1170 quartum
1566 1096 1763 1168 populo
1791 1096 2036 1166 exposuit
2063 1091 2235 1149 Patris
2253 1135 2267 1159 ,
2296 1101 2354 1148 ut
2377 1090 2481 1159 ait,
2498 1091 2673 1161 jussis
2699 1091 3049 1147 obseeuturus
3066 1132 3081 1157 ,
3109 1091 3360 1147 nimirum
3385 1092 3468 1148 vel
3495 1093 3696 1149 Aurelii
3722 1094 3851 1150 Car-

490 1206 502 1261 ;
558 1197 889 1270 tbaginensis
909 1238 923 1262 ,
955 1195 1039 1251 vel
1066 1194 1209 1251 senis
1238 1193 1467 1259 Valerii,
1494 1207 1654 1263 quem
1696 1192 1747 1246 in
1775 1191 2081 1262 episcopatu
2109 1187 2435 1259 Augustinus
2467 1185 2695 1256 excepit.
2730 1184 2806 1240 De
2830 1184 3036 1255 psalmo
3084 1187 3378 1241 centesimo
3408 1185 3572 1241 tertio
3612 1185 3752 1242 idem
3780 1188 3849 1243 si-

554 1290 758 1347 militer
781 1287 1081 1346 declaratur
1106 1288 1160 1343 in
1185 1285 1422 1343 secundo
1447 1284 1794 1356 prolixiorem
1819 1283 2073 1340 horumce
2091 1288 2317 1352 quatuor
2346 1294 2655 1336 sermonum
2674 1321 2690 1347 ,
2717 1278 2910 1350 quibus
2929 1277 3251 1350 Carthagine
3276 1278 3372 1333 Vir
3394 1287 3613 1335 sanctus
3639 1296 3848 1338 memo-

510 1362 521 1369 ’
552 1395 728 1442 ratum
753 1384 1015 1457 psalmum
1043 1382 1349 1438 edisseruit.
1381 1381 1719 1451 Propositum
1756 1380 1855 1435 sibi
1882 1395 1909 1433 a
1939 1379 2056 1434 viro
2088 1377 2321 1449 quodam
2362 1392 2568 1450 magum
2609 1375 2976 1447 auctoritatis,
3004 1390 3169 1448 quem
3199 1389 3367 1431 suum.
3392 1390 3602 1449 quoque
3638 1385 3848 1459 patrem

526 1482 529 1491 '
554 1479 788 1543 vocitat,
825 1474 1089 1547 psalmum
1125 1473 1507 1544 octogesimum
1529 1480 1736 1529 sextum
1764 1471 2000 1528 excussit
2022 1487 2089 1527 ex
2129 1480 2385 1541 tempore.
2421 1469 2559 1538 Quin
2590 1469 2749 1525 etiam
2770 1468 2983 1524 videtur
3014 1468 3068 1524 in
3096 1468 3588 1543 quinquagesimum
3614 1470 3847 1543 primum

553 1570 717 1627 verba
747 1568 965 1634 fecisse,
996 1582 1105 1624 non
1129 1566 1256 1622 ante
1293 1565 1575 1621 meditatus
1605 1580 1723 1636 quae
1750 1563 1952 1621 diceret
1977 1582 1989 1618 :
2018 1578 2138 1618 cum
2165 1562 2241 1618 ibi
2266 1562 2441 1619 vereri
2486 1577 2545 1618 se
2581 1569 2825 1628 testetur,
2859 1570 2916 1616 ut
2954 1560 3005 1623 id
3049 1570 3193 1616 tanta
3222 1561 3562 1620 accuratione
3593 1572 3846 1633 praestet,

550 1672 810 1736 quantam
832 1659 998 1733 exigit
1016 1661 1188 1717 oratio
1208 1702 1224 1730 ,
1255 1674 1362 1715 non
1378 1666 1584 1715 attente
1610 1660 1782 1715 solum
1814 1657 2117 1715 auditorum
2146 1657 2365 1712 auribus
2389 1699 2403 1724 ,
2431 1655 2527 1713 sed
2552 1656 2870 1727 scriptorum
2895 1671 3109 1726 quoque
3146 1655 3350 1711 calamo
3366 1698 3383 1724 ,
3412 1665 3469 1711 ut
3494 1656 3688 1728 publici
3705 1657 3848 1729 juris

518 1784 519 1787 η
544 1756 674 1825 ﬁat,
698 1754 1027 1827 excipienda.
1054 1752 1480 1825 Quandoquidem
1497 1795 1510 1819 ,
1545 1753 1750 1823 inquit,
1783 1752 1971 1823 placuit
2001 1750 2242 1824 fratribus
2261 1793 2274 1816 ,
2309 1768 2409 1805 non
2430 1760 2623 1804 tantum
2653 1766 2777 1804 aure
2795 1759 2841 1805 et
2866 1750 3016 1805 corde
3035 1790 3050 1817 ,
3079 1750 3169 1805 sed
3193 1759 3241 1806 et
3261 1752 3391 1824 stylo
3418 1752 3716 1823 excipienda
3732 1768 3849 1826 quia

544 1850 797 1915 dicimus,
825 1858 880 1903 ut
905 1862 1006 1903 non
1030 1847 1313 1902 auditorem
1348 1855 1544 1900 tantum
1566 1888 1582 1915 ,
1612 1845 1701 1900 sed
1737 1853 1784 1899 et
1810 1845 2047 1899 lectorem
2077 1844 2228 1898 etiam
2251 1844 2471 1914 cogitare
2495 1843 2759 1897 debeamus
2790 1840 2880 1915 (In
2920 1839 3065 1896 Psal.
3091 1859 3140 1898 ιι
3159 1884 3175 1909 ,
3207 1860 3261 1897 n.
3295 1841 3373 1915 1).
3422 1843 3633 1900 Psalmo
3661 1854 3847 1903 cente-

522 1961 537 1967 -
554 1945 698 2000 simo
720 1943 996 2014 trigesimo
1019 1948 1212 1997 octavo
1233 1938 1455 1997 alterius
1476 1937 1744 1995 brevioris
1760 1938 1877 1995 vice
1899 1980 1914 2007 ,
1945 1952 2103 2008 quem
2130 1936 2457 2008 Augustinus
2477 1945 2786 2005 paraverat,
2814 1950 2887 2006 ac
2904 1934 2973 1992 de
3000 1952 3148 1992 more
3173 1946 3296 1993 ante
3320 1938 3705 2009 expositionem
3731 1939 3840 2012 legi

549 2036 815 2108 iusserat,
845 2033 1102 2097 recitato;
1128 2046 1310 2089 casum
1342 2031 1484 2086 hunc
1509 2030 1600 2086 ille
1624 2031 1680 2086 in
1705 2038 2074 2102 argumentum
2111 2028 2309 2085 divina:
2334 2029 2622 2086 voluntatis
2648 2029 2841 2099 traxit,
2874 2038 3029 2101 atque
3050 2046 3115 2085 ex
3144 2039 3383 2102 tempore
3415 2031 3662 2089 eumdem
3690 2033 3845 2090 illum

540 2129 820 2200 psalmum
846 2126 1169 2197 explanavit.
1192 2124 1394 2180 Diebus
1422 2123 1705 2179 dominica:
1734 2122 1979 2179 Passieni
2006 2122 2172 2178 sacris
2193 2121 2385 2193 psalmi
2410 2121 2653 2193 vigesimi
2683 2124 2870 2194 primi,
2900 2123 3041 2195 quod
3066 2124 3116 2199 is
3152 2125 3326 2182 eidem
3353 2127 3611 2198 mysterio
3632 2143 3846 2187 conve-

532 2223 690 2278 niret
710 2263 727 2289 ,
752 2219 1114 2292 pronuntiavit
1140 2217 1394 2273 lusiorem
1418 2217 1888 2287 explanationem;
1925 2215 2065 2273 sicut
2086 2225 2140 2271 et
2163 2214 2354 2287 psalmi
2381 2215 2661 2272 centesimi
2693 2213 2842 2272 festis
2871 2213 3213 2274 Paschalibus
3230 2259 3245 2285 ,
3273 2219 3424 2289 queis
3447 2220 3519 2277 ob
3539 2220 3849 2293 inscriptio-

530 2321 672 2369 tnem
703 2311 926 2367 Alleluia
952 2310 1215 2382 congruit.
1247 2309 1441 2381 Operae
1474 2324 1582 2365 non
1605 2318 1719 2376 est,
1748 2309 1883 2365 alios
1908 2309 2173 2379 psalmos,
2196 2323 2329 2379 quos
2360 2316 2482 2363 nata
2507 2310 2790 2366 occasione
2833 2318 2911 2366 tot
2951 2311 3107 2366 variis
3131 2312 3557 2369 solemnitatibus
3584 2329 3648 2372 ac
3672 2315 3809 2373 locis
3826 2355 3846 2385 ,

536 2403 1003 2475 ﬂippone-regio,
1026 2401 1346 2473 Carthagine
1366 2442 1382 2469 ,
1410 2399 1582 2458 Uticae
1625 2408 1786 2472 atque
1824 2399 1952 2457 alibi
1975 2398 2076 2456 fuit
2113 2401 2521 2470 interpretatus,
2554 2401 2641 2458 hic
2668 2411 2927 2459 annotare
2950 2420 2964 2458 :
2984 2405 3120 2472 satis
3157 2405 3298 2461 enim
3344 2415 3457 2475 est,
3485 2407 3624 2479 quod
3654 2423 3716 2466 ea
3744 2425 3849 2467 suo

534 2509 768 2568 quicque
796 2497 914 2553 loco
937 2495 987 2548 in
1012 2494 1199 2549 limine
1214 2492 1529 2549 earundem
1550 2493 1948 2549 enarrationum
1975 2493 2288 2550 indicamus.
2325 2487 2583 2551 Addimus
2606 2495 2713 2552 hoc
2741 2513 2933 2565 unum,
2965 2498 3272 2554 coronidem
3299 2500 3449 2571 operi
3478 2515 3576 2558 suo
3599 2511 3849 2560 sanctum

534 2590 851 2645 Antistheni
872 2589 1115 2660 posuisse
1137 2586 1382 2658 exposito
1408 2586 1702 2644 centesimo
1728 2587 1938 2645 decimo
1957 2597 2146 2646 octavo
2187 2589 2413 2660 psalmo,
2446 2596 2603 2664 prout
2627 2590 2680 2647 in
2711 2592 2951 2665 ejusdem
2983 2593 3199 2667 prologo
3225 2594 3518 2667 signiﬁcat,
3540 2612 3700 2674 quem
3726 2602 3850 2670 qui-

535 2683 669 2740 dem
696 2681 894 2754 placuit
918 2681 1021 2736 hoc
1040 2680 1143 2735 loci
1170 2679 1435 2750 integrum
1460 2688 1865 2749 repraesentare.

620 2775 856 2833 Psalmos
883 2789 1055 2830 omnes
1080 2783 1285 2829 caeteros
1307 2814 1322 2838 ,
1350 2774 1422 2828 ait
1448 2813 1464 2838 ,
1493 2790 1619 2843 quos
1647 2773 1871 2830 codicem
1900 2770 2229 2830 Psalmorum
2258 2774 2488 2830 novimus
2516 2778 2770 2834 continere
2788 2821 2803 2848 ,
2832 2779 2967 2850 quod
2991 2778 3234 2835 Ecclesiae
3254 2781 3617 2838 consuetudine
3640 2782 3851 2840 Psalte-

538 2868 681 2923 rium
723 2873 1045 2937 nuncupatur
1068 2906 1083 2931 ,
1109 2864 1303 2936 partim
1344 2864 1726 2919 sermocinando
1767 2864 1822 2919 in
1862 2866 2067 2937 populis
2090 2907 2104 2930 ,
2148 2867 2332 2936 partim
2380 2867 2618 2922 dictando
2648 2869 2897 2938 exposui,
2936 2872 3154 2926 donante
3192 2868 3413 2928 Domino
3437 2914 3453 2941 ,
3482 2874 3609 2929 sicut
3654 2877 3799 2946 potui
3826 2892 3851 2932 :

542 2959 797 3031 psalmum
814 2973 930 3012 uero
956 2955 1279 3010 centesimam
1302 2962 1537 3009 octavum
1556 2955 1807 3009 decimam
1826 2996 1840 3021 ,
1870 2972 1975 3010 non
1991 2964 2092 3011 tam
2119 2968 2323 3028 propter
2345 2961 2457 3028 ejus
2483 2961 2796 3015 notissimam
2823 2961 3224 3035 longitudinem,
3255 2981 3408 3035 quam
3436 2975 3643 3038 propter
3662 2967 3850 3025 altitu-

544 3054 719 3108 dinem
746 3050 920 3121 paucis
938 3048 1324 3120 cognoscibilern
1348 3045 1662 3116 diferebam.
1688 3046 1889 3102 Etcum
1912 3051 2258 3106 molestissime
2282 3052 2467 3121 ferrent
2497 3055 2682 3124 fratres
2712 3054 2809 3106 mei
2828 3095 2843 3117 ,
2868 3055 2977 3127 ejus
2996 3056 3153 3111 solias
3179 3058 3538 3126 expositionem
3556 3099 3573 3125 ,
3600 3070 3851 3130 quantum

542 3146 616 3201 ad
641 3145 865 3218 ejusdem
885 3143 1111 3215 corporis
1138 3140 1373 3198 Psalmos
1391 3142 1625 3213 pertinet,
1654 3141 1824 3197 deesse
1843 3146 2101 3215 apusculis
2126 3146 2310 3201 nostris
2332 3188 2347 3212 ,
2373 3162 2549 3217 meque
2575 3147 2644 3200 ad
2672 3146 2766 3202 hoc
2786 3149 3079 3203 solvendum
3104 3150 3325 3206 debitum
3353 3154 3663 3211 uehementer
3683 3172 3850 3228 urge-

543 3248 695 3304 rent;
718 3238 806 3291 diu
837 3233 1115 3308 petentibus
1124 3232 1519 3306 jubentibusque
1538 3249 1637 3287 non
1659 3233 1783 3289 cessi
1808 3249 1826 3287 :
1849 3235 1967 3305 quia
1992 3241 2400 3308 quotiescumque
2435 3237 2555 3290 inde
2582 3238 2807 3309 cogitare
2840 3241 3024 3294 tentari
3045 3281 3058 3306 ,
3087 3258 3282 3313 semper
3311 3244 3438 3299 vires
3468 3255 3654 3302 nostra:
3680 3247 3852 3303 intest-

542 3334 697 3389 tiouis
722 3330 953 3387 mersit.
978 3328 1179 3397 Quanto
1206 3328 1339 3382 enim
1365 3327 1560 3381 videtur
1594 3330 1815 3398 apertior
1836 3369 1852 3395 ,
1877 3337 2017 3382 tanto
2046 3329 2170 3383 mihi
2189 3330 2490 3402 profundior
2518 3330 2676 3384 videri
2694 3332 2851 3396 solet;
2876 3332 2949 3385 ita
2974 3343 3029 3385 ut
3057 3335 3209 3388 etiam
3230 3352 3387 3404 quam
3414 3338 3478 3391 sit
3506 3340 3799 3411 profundus
3820 3382 3847 3411 ,

544 3424 891 3479 demonstrare
915 3437 1016 3478 non
1052 3420 1264 3492 possim.
1288 3418 1521 3474 Aliorum
1548 3420 1751 3491 quippe,
1781 3419 1867 3491 qui
1897 3420 2097 3493 difﬁcile
2122 3423 2494 3495 intelliguntur,
2521 3425 2721 3478 etiamsi
2743 3425 2796 3478 in
2825 3427 3125 3481 obscuritate
3148 3444 3322 3483 sensus
3348 3428 3505 3499 latet,
3526 3431 3640 3502 ipsa
3676 3444 3851 3493 tamen

542 3526 759 3590 apparet
783 3517 1105 3583 obscuritas;
1134 3516 1288 3588 hujus
1314 3523 1481 3570 autem
1509 3531 1601 3570 nec
1625 3516 1739 3587 ipsa
1759 3532 1778 3570 :
1798 3518 2039 3589 quoniam
2059 3518 2213 3572 talem
2244 3520 2432 3590 pra'bet
2451 3518 2765 3589 superﬁcie»:
2789 3560 2804 3585 ,
2834 3530 2887 3573 ut
2927 3520 3163 3575 lectorem
3200 3530 3349 3593 atque
3385 3524 3669 3581 auditorem
3689 3569 3706 3595 ,
3736 3544 3851 3586 non

544 3612 880 3685 expositorem
922 3610 1256 3667 necessarium
1302 3610 1481 3665 habere
1520 3611 1774 3696 credatur.
1800 3610 1869 3665 Et
1908 3627 2044 3667 nunc
2084 3613 2222 3683 quod
2247 3614 2449 3669 tandem
2486 3615 2567 3675 ,ad
2603 3617 3040 3687 pertractationem
3079 3619 3192 3688 eius
3230 3620 3413 3677 accedo
3436 3661 3453 3688 ,
3503 3622 3629 3692 quid
3677 3624 3731 3678 in
3781 3642 3852 3682 ee

545 3705 737 3778 possim
760 3746 775 3772 ,
808 3719 1013 3775 prorsus
1037 3703 1216 3773 ignoro
1244 3718 1263 3757 :
1290 3718 1437 3774 spero
1463 3711 1627 3757 tamen
1646 3710 1701 3757 ut
1726 3702 1922 3775 aliquid
1941 3705 2128 3774 possim
2146 3748 2162 3775 ,
2187 3704 2469 3774 affuturum
2489 3713 2638 3778 atque
2656 3707 2957 3779 adjuturum
2980 3707 3163 3763 Deum.
3190 3708 3280 3765 Sic
3306 3711 3439 3766 enim
3467 3711 3564 3782 feci
3582 3714 3645 3768 de
3666 3716 3851 3772 omni-

544 3798 639 3856 bus
661 3841 677 3865 ,
709 3812 1033 3869 quotcumque
1072 3797 1403 3869 sufficienter,
1434 3812 1548 3852 cum
1586 3797 1728 3869 prius
1779 3797 1903 3852 mihi
1950 3798 2019 3853 ad
2044 3799 2425 3873 intelligendum
2467 3800 2544 3855 vel
2580 3801 2934 3872 explicandum
2971 3803 3198 3874 difﬁcilia
3239 3821 3298 3858 ac
3341 3821 3466 3876 pene
3509 3805 3853 3877 impossibilia

545 3895 834 3950 uiderentur
854 3934 870 3959 ,
900 3893 1128 3965 exposui.
1154 3890 1328 3948 Statui
1362 3900 1531 3947 autem
1555 3907 1644 3964 per
1669 3906 1924 3948 sermones
1951 3893 2008 3948 id
2027 3910 2177 3967 agere
2197 3937 2213 3963 ,
2245 3895 2333 3968 qui
2357 3894 2681 3966 proferantur
2722 3897 2776 3949 in
2804 3897 3006 3967 populis
3027 3936 3044 3963 ,
3073 3913 3199 3969 quos
3229 3895 3391 3952 Graeci
3418 3904 3607 3968 ὁμιλίας
3633 3913 3848 3962 uocant.

547 3987 665 4045 Hoc
712 3989 845 4051 enim
872 3990 1062 4061 justius
1091 4005 1198 4045 esse
1220 3988 1469 4056 arbitror,
1498 3997 1555 4043 ut
1579 3992 1853 4045 conventus
1876 3989 2198 4047 ecclesiastici
2223 4006 2326 4047 non
2353 3988 2655 4062 fraudentur
2681 3989 2831 4044 etiam
2860 3989 3043 4062 psalmi
3071 3990 3223 4061 hujus
3249 3991 3613 4064 intelligentia,
3655 3995 3809 4072 cujus
3828 4037 3851 4067 ,

549 4092 606 4138 ut
634 4082 849 4138 aliorum
870 4123 883 4147 ,
906 4082 1143 4138 delectari
1164 4081 1382 4138 assolent
1398 4080 1671 4137 cantilena.

616 4176 788 4233 Fuere
837 4176 999 4249 igitur
1042 4176 1100 4232 bi
1145 4189 1421 4232 sermones
1454 4175 1667 4248 triginta
1710 4174 1817 4231 duo
1842 4174 1895 4230 in
1945 4174 2210 4247 psalmum
2246 4175 2592 4233 centesimum
2621 4174 2886 4231 decimum
2914 4182 3162 4231 octavum
3210 4175 3390 4248 populi
3432 4176 3647 4248 quidem
3674 4193 3851 4239 causa

546 4269 808 4330 lucubrati
832 4310 847 4335 ,
879 4267 976 4326 sed
1006 4280 1338 4339 nequaquam
1383 4267 1451 4323 ab
1477 4267 1771 4337 Augustino
1797 4268 2140 4338 pronuntiati.
2173 4268 2241 4324 Et
2266 4267 2370 4324 ltoc
2394 4267 2568 4338 ipsum
2595 4265 2736 4322 forte
2775 4266 3127 4337 signiﬁcatum
3173 4267 3337 4323 voluit
3365 4267 3673 4338 Possidius,
3713 4286 3848 4330 cum

541 4374 667 4439 post
683 4370 1023 4421 enumeratas
1047 4361 1431 4433 expositiones,
1463 4376 1595 4432 quas
1623 4361 1963 4419 solummodo
1991 4362 2084 4417 Vir
2113 4372 2328 4419 sanctus
2348 4362 2587 4428 dictavit,
2618 4362 2688 4418 ita
2710 4362 2887 4420 subdit
2919 4380 2931 4417 :
2960 4362 3165 4438 Reliqui
3184 4380 3354 4421 omnes
3372 4362 3603 4435 Psalmi,
3624 4346 3844 4439 excepto

540 4461 812 4517 centesimo
841 4458 1032 4514 decimo
1050 4464 1227 4513 octavo
1246 4499 1260 4522 ,
1288 4458 1342 4512 in
1372 4456 1561 4531 papula
1590 4454 1837 4527 disputati
1851 4465 1968 4511 sunt
1988 4453 2217 4531 (Possid.
2240 4458 2292 4512 in
2314 4456 2471 4512 indic.
2500 4473 2615 4527 cap.
2644 4455 2725 4528 6).

610 4553 949 4609 Psalmorum
1001 4557 1182 4607 autem
1223 4565 1256 4607 e
1281 4564 1435 4606 sacro
1464 4557 1711 4621 suggestu
1750 4547 2050 4605 habitorum
2083 4565 2336 4608 numerus
2364 4550 2499 4607 alios
2538 4549 2693 4622 longe
2721 4559 2958 4622 superat.
3005 4550 3136 4620 Qum
3163 4566 3251 4608 res
3282 4551 3432 4608 facile
3461 4552 3625 4609 videri
3653 4565 3851 4624 posset

540 4647 668 4705 inde
708 4644 997 4717 contigisse
1018 4685 1033 4711 ,
1066 4644 1209 4714 quod
1234 4659 1457 4714 magnus
1479 4644 1681 4698 Prmsul
1724 4652 1801 4698 tot
1825 4659 1889 4699 ac
1928 4652 2034 4715 tam
2065 4648 2222 4704 variis
2256 4647 2513 4703 Ecclesiae
2536 4648 2678 4702 curis
2698 4647 3003 4715 districtus,
3034 4650 3119 4704 vix
3148 4650 3292 4706 aliud
3320 4659 3528 4722 tempus
3552 4651 3848 4709 nancisce-

539 4748 690 4798 retur
710 4780 724 4805 ,
754 4737 897 4812 quod
921 4737 1007 4793 isti
1036 4734 1203 4791 labori
1230 4734 1564 4805 impenderet
1591 4752 1603 4787 :
1635 4735 1726 4791 sed
1758 4750 1825 4789 ex
1855 4736 1919 4789 iis
1939 4751 2057 4806 quae
2086 4753 2244 4808 supra
2274 4738 2550 4792 retulimus
2581 4753 2646 4794 ex
2667 4739 2858 4809 psalmi
2886 4742 3164 4799 centesimi
3195 4742 3388 4801 decimi
3406 4745 3581 4801 octavi
3609 4760 3848 4802 enarra-

540 4830 689 4890 tione
716 4830 1054 4888 manil'estum
1082 4835 1196 4892 est,
1239 4826 1439 4883 hancce
1477 4824 1785 4879 methodum
1822 4826 2150 4895 explieandm
2177 4827 2465 4897 Scriptura:
2492 4828 2662 4898 magis
2691 4829 2763 4882 illi
2796 4832 3070 4899 probatam
3100 4832 3267 4891 fuisse
3294 4848 3512 4906 propter
3538 4839 3796 4910 popuium
3826 4882 3846 4909 ,

542 4926 634 4998 qui
663 4926 775 4982 sola
806 4924 909 4981 hac
933 4924 1018 4980 via
1047 4921 1344 4978 divinarum
1376 4919 1697 4975 Litterarum
1738 4932 1956 4974 sensum
1998 4920 2050 4974 in
2081 4921 2426 4977 concionibus
2451 4922 2826 4980 ecclesiasticis
2860 4925 3039 4983 doceri
3084 4937 3310 4999 poterat.
3342 4931 3400 4986 In
3438 4932 3545 4989 illis
3580 4948 3739 5003 porro
3769 4935 3850 4991 ad

541 5020 755 5092 plebem
780 5019 1138 5084 Tractatibus,
1170 5015 1571 5072 observationes
1597 5012 1840 5085 qumdam
1867 5012 2193 5082 inseruntur,
2225 5029 2288 5070 ac
2315 5022 2475 5071 certae
2506 5016 2837 5073 Psalmorum
2865 5021 3148 5087 sententiae
3173 5023 3225 5079 in
3255 5023 3541 5081 schismata
3566 5066 3583 5094 ,
3608 5027 3661 5080 in
3685 5042 3853 5083 erro-

540 5128 631 5171 res
659 5130 722 5170 ac
751 5114 803 5169 in
834 5112 959 5169 vitia
990 5118 1291 5181 temporum
1324 5107 1546 5163 istorum
1587 5104 1934 5175 torquentur,
1966 5106 2157 5177 quibus
2184 5122 2369 5163 eorum
2398 5108 2552 5164 lectio
2579 5111 2747 5165 multo
2782 5110 3072 5182 jucundior
3100 5116 3296 5171 evadit.
3334 5116 3448 5175 Illic
3487 5119 3644 5176 etiam
3688 5120 3850 5179 locos

484 5204 491 5207 ⁷
539 5224 609 5265 ex
659 5206 950 5277 Evangelia
971 5246 987 5273 ,
1031 5202 1251 5260 Actibus
1281 5210 1441 5273 atque
1480 5200 1732 5273 Epistolis
1777 5198 2155 5271 Apostolorum
2184 5201 2414 5256 maxime
2446 5202 2679 5275 insignes
2709 5207 2964 5278 reperias,
3000 5222 3134 5279 quos
3161 5209 3360 5268 idcirco
3388 5218 3605 5268 sanctus
3640 5213 3850 5271 Doctor

540 5314 646 5357 una
677 5314 800 5356 cum
841 5297 1056 5355 Psalmo
1081 5293 1379 5352 enucleavit
1401 5334 1415 5359 ,
1444 5292 1566 5363 quia
1595 5290 1784 5347 eodem
1814 5290 1903 5347 die
1923 5293 2127 5348 recitati
2153 5289 2364 5349 fuerant
2389 5294 2441 5349 in
2470 5296 2718 5352 ecclesia.
2746 5298 2984 5369 Denique
3008 5310 3295 5358 occurrunt
3318 5302 3721 5360 adhortationes
3744 5320 3851 5363 ve-

541 5395 841 5460 hementes,
865 5407 986 5462 qua:
1010 5387 1407 5462 persuadeant;
1434 5386 1764 5441 elocutiones
1786 5383 2124 5442 inﬂammatae
2144 5428 2158 5451 ,
2186 5402 2306 5457 qua:
2327 5388 2622 5460 abripiant;
2653 5390 2836 5462 ﬁgurae
2867 5402 2941 5448 tot
2962 5392 3196 5450 ﬂammis
3221 5402 3383 5468 atque
3407 5397 3616 5469 ignibus
3634 5438 3651 5465 ,
3682 5398 3729 5454 si
3757 5397 3850 5457 fas

542 5490 618 5546 ita
646 5485 827 5559 loqui,
858 5482 1091 5558 gravidae
1114 5524 1130 5552 ,
1154 5489 1213 5538 ut
1238 5480 1293 5537 in
1323 5494 1416 5537 eas
1444 5477 1629 5535 oculos
1649 5477 1914 5549 conjicere
1942 5479 2028 5535 vix
2056 5480 2334 5551 quisquam
2361 5482 2563 5553 possit,
2607 5483 2734 5553 quin
2762 5484 3077 5541 incendatur
3102 5486 3294 5544 eodem
3318 5488 3514 5547 ardore
3538 5505 3696 5565 quem
3734 5507 3847 5549 cx-

544 5588 707 5659 pcriri
733 5601 792 5644 se
820 5582 1150 5641 testabantur
1178 5579 1215 5635 ii
1244 5578 1335 5651 qui
1365 5576 1611 5634 dicebant
1635 5593 1649 5631 :
1673 5574 1860 5632 Nonne
1894 5593 1980 5632 cor
2004 5587 2232 5632 nostrum
2254 5575 2436 5632 ardens
2461 5585 2569 5632 erat
2593 5578 2647 5631 in
2666 5576 2977 5644 nobis,dum
3010 5579 3297 5654 loquerem-
3316 5584 3372 5639 εη
3394 5584 3510 5652 εί.⁹
3541 5585 3848 5658 ,παραίνει

544 5682 687 5736 nobis
717 5678 1013 5750 Scriptaras
1034 5673 1183 5746 (Luc.
1206 5686 1356 5737 xxrv,
1380 5671 1517 5741 '52)?
1626 5708 1673 5745 ,ιλ
3130 5666 3136 5672 ’

615 5772 673 5830 Id
698 5781 950 5844 expertus
973 5777 1056 5823 est
1082 5766 1271 5822 beatus
1290 5763 1601 5836 Fulgentius
1625 5805 1640 5831 ,
1665 5778 1788 5820 eum
1817 5762 2121 5819 Tractatum
2147 5763 2203 5819 in
2241 5764 2501 5835 psalmum
2530 5765 2857 5837 trigesimum
2887 5778 3096 5825 sextum
3122 5771 3356 5842 legeret,
3383 5775 3538 5844 cujus
3557 5773 3848 5834 exordium

544 5882 582 5925 e
622 5863 1049 5923 consideratione
1085 5859 1189 5917 diei
1236 5858 1462 5916 extremi
1493 5855 1681 5930 judicii
1725 5855 1846 5911 ideo
1875 5856 2135 5923 sumitur,
2169 5857 2310 5927 quod
2355 5873 2421 5914 eo
2448 5857 2533 5913 die
2577 5867 2736 5931 caput
2781 5877 2903 5917 xxiv
2947 5862 3178 5920 Mattlttei
3210 5863 3383 5922 fuerat
3407 5866 3709 5925 recitatum.
3742 5867 3853 5927 Hie

546 5958 833 6033 siquidem,
866 5968 926 6016 ut
948 5959 1001 6015 in
1030 5957 1148 6029 ejus
1172 5954 1298 6014 Vita
1320 5953 1625 6015 Ferrandus
1661 5959 1848 6007 auctor
1870 5958 1989 6022 est,
2018 5964 2143 6010 cum
2183 5951 2325 6024 apud
2370 5952 2605 6011 animum
2648 5968 2803 6010 suum
2836 5956 2946 6027 jam
2986 5956 3314 6017 decrevisset
3348 5959 3553 6021 mundo
3594 5960 3851 6025 nuntia.
