4042 6492
277 486 342 598 id
1717 478 2098 585 ΡῆἷίἶῗΛἿἹΟ.
3482 535 3551 592 η

265 652 573 719 resilittere,
600 644 733 704 beati
759 640 1025 722 Augustini
1052 642 1342 720 exponentis
1379 644 1685 720 trigesimum
1712 655 1905 701 sextum
1941 646 2192 717 psalmum
2221 642 2562 716 disputatione
2590 643 2954 715 commonitus,
2984 645 3240 717 publicare
3276 664 3419 705 suum
3444 660 3552 706 sta-

266 747 355 799 tuit
380 754 567 811 votum,
591 754 790 798 mutare
809 745 1020 816 gestiens
1040 742 1263 798 habitum
1284 740 1430 814 (Cap.
1460 741 1535 805 3).

333 834 487 902 Quod
513 849 643 889 vero
673 833 739 887 ad
782 834 991 904 plebem
1014 876 1031 901 ,
1062 833 1209 903 cujus
1237 848 1391 889 aures
1431 832 1721 903 implebant
1749 847 2024 888 sermones
2053 831 2125 887 illi
2154 831 2390 886 Pastoris
2423 831 2503 886 sui
2542 831 2752 889 fervore
2784 833 2989 889 incitati
3017 838 3071 890 et
3097 836 3245 907 quasi
3287 835 3529 903 animati,

267 927 407 984 haud
433 943 575 999 aegre
596 924 915 982 adducimur
940 935 997 981 ut
1022 925 1299 981 credamus
1329 940 1445 981 eam
1476 926 1777 997 frequenter
1803 925 1905 980 illis
1934 923 2160 979 motibus
2186 931 2390 994 raptam
2421 922 2584 981 fuisse
2604 967 2617 991 ,
2642 938 2778 995 quos
2813 932 3189 997 nonnunquam
3215 928 3325 981 suis
3353 928 3546 997 plausi-

265 1019 365 1075 bus
390 1018 653 1090 signiﬁcat
684 1037 697 1072 :
726 1018 879 1088 cujus
903 1018 1116 1089 quidem
1144 1017 1312 1087 plebis
1355 1016 1591 1072 aviditati
1620 1015 1915 1073 referenda:
1944 1025 2067 1071 sunt
2094 1024 2326 1085 acceptas
2355 1024 2426 1070 tot
2470 1018 2695 1086 egregiae
2742 1016 2806 1071 ad
2846 1030 3026 1072 mores
3063 1018 3433 1073 informandus
3459 1017 3548 1073 di-

263 1112 570 1185 gressiones
588 1151 604 1178 ,
630 1110 685 1165 in
715 1125 848 1181 quas
876 1117 1087 1166 sanctus
1114 1109 1313 1165 Prresul
1340 1109 1787 1180 opportunitatem
1812 1116 1999 1164 nactus
2026 1107 2309 1162 divertitur
2330 1148 2345 1172 ,
2373 1106 2817 1177 quemadmodmu
2860 1108 2912 1161 iu
2939 1120 3037 1162 suo
3058 1108 3282 1178 prologo
3303 1108 3369 1162 ad
3399 1108 3549 1163 Psal~

264 1219 381 1262 mos
406 1211 553 1258 notat
573 1201 924 1258 Cassiodorus
955 1218 969 1255 τ
1000 1201 1125 1257 Cum
1162 1201 1311 1256 nimis
1331 1202 1505 1256 avidos
1529 1200 1745 1273 populos
1764 1242 1781 1272 ,
1812 1201 2016 1273 inquit,
2043 1199 2387 1255 ecclesiasticis
2408 1197 2624 1270 dapibus
2642 1199 2846 1270 explens
2875 1201 3036 1271 cupit,
3056 1200 3339 1254 necassrio
3356 1202 3548 1271 Mla

267 1304 369 1350 tam
393 1308 597 1367 magna
625 1292 998 1364 meditationis
1030 1293 1295 1348 emanavit.

337 1387 482 1443 Idem
508 1392 699 1442 auctor
722 1385 910 1442 eodem
934 1385 1077 1442 'loco
1104 1392 1270 1441 totum
1297 1385 1401 1440 hoc
1425 1383 1705 1455 Augustini
1748 1384 2185 1441 commentarium
2213 1384 2266 1438 in
2312 1381 2541 1439 decedas
2584 1382 2748 1438 fuisse
2788 1379 3126 1438 distributum
3174 1382 3346 1436 innuit
3392 1381 3548 1439 hisco

264 1479 437 1537 verbis
471 1497 486 1535 :
518 1474 645 1545 Qui:
672 1476 761 1533 ille
780 1521 795 1545 ,
818 1476 1012 1549 inquit,
1037 1477 1090 1531 in
1123 1475 1339 1531 decedas
1371 1475 1651 1545 quindecim
1668 1474 1963 1532 mirabiliter
1984 1476 2266 1547 explicavit.
2288 1475 2451 1543 Cujus
2481 1476 2778 1544 partitionis
2803 1474 3083 1545 vestigium
3106 1473 3313 1529 nullum
3344 1475 3395 1528 in
3424 1480 3545 1528 rna-

266 1570 551 1641 nuscriptis
578 1570 878 1640 reperimus
901 1611 916 1636 ,
946 1569 1182 1639 exceptis
1212 1569 1377 1624 tribus
1396 1611 1409 1635 ,
1452 1585 1559 1625 uno
1584 1569 1811 1641 Jolyano
1848 1569 2097 1626 Ecclesiae
2126 1568 2440 1624 Parisiensis
2460 1610 2475 1633 ,
2506 1569 2595 1639 qui
2637 1570 2688 1623 iu
2715 1567 2890 1624 fronte
2918 1568 3157 1638 puniret,
3186 1565 3377 1636 Incipit
3415 1566 3545 1620 liber

266 1664 454 1720 decada
497 1663 691 1718 domini
719 1660 988 1734 Augustini
1012 1678 1044 1716 a
1092 1658 1301 1717 Psatmo
1325 1677 1342 1716 ι
1362 1707 1377 1727 ,
1410 1660 1598 1717 Beatus
1623 1663 1732 1728 air,
1763 1676 1922 1733 usque
1948 1679 2031 1729 ιτ,
2060 1670 2113 1718 et
2155 1660 2366 1717 duobus
2390 1660 2711 1717 Colbertinis
2730 1705 2745 1726 ,
2776 1675 3005 1732 quom
3042 1661 3185 1715 alter
3206 1657 3535 1715 alumnati

264 1755 451 1828 psalmi
479 1752 869 1826 quadragesimi
911 1752 1026 1809 hmc
1066 1751 1241 1809 subdit
1265 1795 1279 1820 ,
1322 1754 1454 1807 beati
1477 1752 1673 1807 Aurelii
1695 1753 1963 1825 Augustini
1988 1740 2210 1825 episcopi
2236 1754 2349 1823 ﬁnit
2372 1752 2566 1807 decedo
2594 1754 2658 1808 de
2684 1753 2810 1807 libro
2836 1754 3023 1825 primo.
3051 1752 3203 1809 Mter
3228 1766 3359 1807 vero
3386 1765 3540 1807 me

266 1846 513 1921 pendium
552 1846 719 1901 totius
747 1846 923 1916 operis
947 1843 1306 1915 complectens
1329 1885 1344 1910 ,
1373 1857 1558 1899 versus
1584 1842 1841 1914 quosdam
1872 1845 1925 1899 in
1967 1844 2141 1914 capite
2166 1845 2450 1900 voluminis
2474 1844 2691 1900 exhibet
2714 1886 2729 1908 .
2757 1844 2849 1915 qui
2879 1858 3008 1899 cum
3048 1845 3447 1915 prafatiouibus
3478 1852 3547 1902 ss

268 1942 454 2015 elogiis
472 1941 616 2001 intra
644 1942 869 2002 edendis
890 1943 1069 2000 locum
1098 1941 1364 2008 habeant,
1393 1956 1499 1997 non
1526 1941 1793 2012 indignos.
1828 1941 1885 1997 ln
1905 1940 1990 1997 his
2017 1951 2193 1997 autem
2218 1942 2391 1997 isthnc
2416 1942 2651 2012 pertinet
2670 1942 2716 1997 is
2743 1955 2974 1997 versus:

1003 2060 1099 2105 't‘er
1119 2054 1282 2120 quinis
1300 2052 1497 2105 decadis
1517 2052 1702 2119 grande
1724 2055 1923 2119 peregit
1943 2067 2084 2119 opus.

263 2152 639 2219 Verumtamen
657 2176 777 2220 cum
799 2158 1072 2217 Possidius
1091 2158 1480 2216 distributionis
1517 2159 1776 2229 ejusmodi
1821 2175 1927 2216 non
1970 2157 2305 2224 meminerit,
2333 2173 2453 2214 eam
2481 2157 2757 2229 Augustini
2798 2164 3037 2228 tempore
3056 2157 3144 2212 vel
3166 2156 3317 2228 jussu
3346 2152 3544 2215 factam

266 2251 515 2308 credibile
535 2268 644 2308 non
663 2260 765 2310 est.
790 2253 963 2324 Atque
992 2250 1132 2306 idem
1156 2251 1291 2307 forte
1320 2250 1405 2306 hic
1433 2251 1716 2318 acciderit,
1739 2251 1879 2322 quod
1900 2250 1964 2305 T.
2003 2249 2135 2305 Livii
2165 2249 2319 2314 libro,
2347 2265 2510 2321 quem,
2538 2257 2595 2304 ut
2623 2248 2908 2306 Petrarcha
2936 2246 3158 2320 epistola
3187 2248 3252 2304 ad
3278 2248 3543 2306 Joannem

265 2341 573 2398 Boccacium
594 2343 873 2409 observat,
899 2344 952 2398 in
990 2356 1158 2416 partes
1184 2360 1309 2413 quas
1334 2342 1546 2399 decades
1571 2353 1745 2398 vocant
1762 2385 1787 2411 μ
1809 2360 1909 2398 non
1940 2343 2048 2415 ipse
2071 2343 2158 2414 qui
2184 2342 2382 2413 scripsit
2407 2384 2421 2408 ,
2452 2341 2541 2396 sed
2576 2342 2841 2415 fastidiosa
2867 2336 3141 2414 legentium
3160 2341 3311 2397 scidit
3335 2341 3545 2415 ignavia

267 2432 450 2505 (Epist.
486 2436 675 2491 carior.
700 2434 777 2491 22
802 2435 879 2491 vel
913 2435 1027 2507 Ἡ).

329 2525 619 2583 Veniamus
636 2527 750 2599 jam
774 2526 842 2584 ad
869 2528 1191 2598 praecipuum
1219 2536 1405 2600 caput,
1434 2526 1644 2600 regulas
1664 2526 1910 2585 videlicet
1929 2543 2059 2599 quas
2090 2527 2140 2583 in
2176 2525 2576 2599 interpretando
2604 2526 2835 2584 servavit
2864 2524 3210 2599 Angustinus.
3241 2524 3405 2583 Multa
3433 2526 3523 2586 hic

265 2627 439 2674 essent
464 2617 750 2675 observato
771 2621 1105 2687 necessaria,
1137 2620 1238 2676 nisi
1279 2618 1380 2677 hoc
1418 2631 1787 2694 argumentum
1837 2622 2061 2692 ipsemet
2099 2622 2284 2678 beatus
2324 2623 2520 2679 Doctor
2560 2623 2610 2678 in
2656 2622 2805 2679 libris
2838 2622 2907 2679 de
2950 2622 3198 2681 Doctrina
3224 2622 3531 2679 Christiana

263 2721 656 2780 pertractasset.
698 2712 880 2769 Primo
898 2713 1160 2785 siquidem
1184 2714 1325 2785 quod
1348 2713 1419 2770 ad
1444 2714 1674 2770 litteram
1705 2722 1942 2785 spectat,
1973 2723 2029 2770 ut
2059 2731 2177 2770 eam
2200 2714 2459 2785 integram
2484 2724 2648 2786 atque
2686 2714 2942 2771 illibatam
2970 2713 3201 2783 habeat,
3245 2731 3365 2787 qum
3383 2730 3530 2786 prte-

266 2814 411 2874 cepta
440 2805 551 2862 illic
575 2805 765 2872 tradit,
796 2822 861 2863 ea
890 2823 988 2879 pro
1014 2822 1108 2864 sua
1133 2808 1274 2864 virili
1302 2806 1406 2864 hoc
1430 2809 1485 2864 in
1511 2808 1895 2864 commentario
1925 2809 2183 2879 sequitur.
2214 2806 2429 2863 Latinas
2454 2807 2717 2863 editiones
2738 2809 2878 2864 inter
2918 2823 2976 2864 se
3012 2808 3317 2878 componit,
3348 2823 3533 2864 exem-

266 2898 422 2968 plaria
446 2901 925 2972 graecaconsulit,
961 2901 1162 2974 colligit
1210 2902 1383 2957 varias
1432 2900 1727 2968 lectiones;
1775 2900 2042 2957 undenam
2083 2900 2355 2971 irrt‘pseril
2384 2900 2695 2968 diversitas,
2732 2915 2801 2956 ex
2829 2902 3177 2972 interpretum
3202 2901 3366 2966 vitio,
3391 2914 3458 2956 an
3504 2917 3539 2956 θ

266 2998 431 3049 textus
456 2994 625 3065 graeci
647 2994 994 3066 ambiguitate
1021 2996 1304 3067 investigat
1335 3015 1348 3051 ;
1378 2994 1494 3066 ejus
1518 2993 1747 3065 denique
1770 2992 1859 3049 illa
1886 2994 2159 3060 sedulitas,
2188 3010 2291 3065 qua
2322 3000 2397 3049 tot
2425 2994 2570 3049 locos
2609 3002 2717 3050 tam
2754 2995 2910 3050 anxie
2955 2994 3242 3063 discussit,
3269 2993 3376 3051 huc
3406 3008 3532 3051 eum

263 3084 466 3158 inpulit
484 3128 503 3155 ,
531 3098 591 3143 ut
615 3087 931 3146 Psalterium
955 3089 1227 3147 multoties
1254 3089 1320 3144 ad
1350 3088 1543 3144 idioma
1578 3087 1903 3144 hellenicum
1930 3096 2238 3147 recenseret
2262 3091 2673 3162 casdgaretque.
2705 3090 2817 3148 lloc
2844 3091 3112 3163 intelligas
3136 3092 3263 3148 licet
3288 3106 3356 3148 ex
3381 3091 3533 3162 eju3~

265 3179 377 3236 dem
402 3181 473 3237 ad
496 3181 771 3239 Audacem
811 3183 1035 3255 epistola
1056 3224 1071 3249 ,
1101 3183 1191 3239 ubi
1219 3198 1339 3238 cum
1381 3182 1602 3238 dixisset
1641 3181 1959 3237 Psalterium
1990 3198 2019 3236 a
2050 3181 2206 3238 beato
2235 3181 2559 3254 Hieronymo
2604 3201 2669 3241 ex
2696 3185 2911 3241 hebraeo
2938 3182 3184 3241 sermone
3205 3200 3529 3241 conversum

264 3289 365 3329 non
394 3274 596 3332 habere
621 3290 704 3341 se,
738 3276 1075 3347 prosequitur
1103 3274 1157 3331 in
1188 3275 1332 3331 hunc
1359 3274 1580 3331 modum
1604 3292 1619 3329 :
1654 3272 1767 3329 Nos
1787 3284 1953 3329 autent
1979 3292 2081 3330 non
2109 3275 2424 3348 interpretati
2442 3294 2616 3333 sumus
2634 3320 2649 3344 ,
2677 3277 2767 3332 sed
2807 3274 3037 3333 codicum
3068 3274 3368 3333 Latinorum
3394 3294 3530 3333 non-

262 3367 425 3423 nullas
448 3369 805 3425 mendositatcs
832 3385 895 3424 ea:
911 3370 1089 3442 grauis
1115 3367 1483 3440 exemplaribus
1503 3365 1905 3423 emendavimus.
1941 3364 2089 3423 Unda
2113 3368 2345 3440 fortassis
2374 3367 2640 3440 fecerimus
2668 3369 2865 3441 aliquid
2884 3369 3200 3425 commodius
3218 3384 3371 3441 quam
3398 3374 3528 3436 erat,

268 3478 363 3517 non
381 3471 549 3516 tanien
577 3462 681 3517 tale
700 3463 848 3531 quale
871 3477 976 3518 esse
996 3461 1218 3517 debebat.
1249 3461 1388 3516 Nam
1414 3461 1567 3515 etiam
1594 3477 1749 3529 nunc,
1771 3476 1884 3531 qua:
1910 3463 2043 3533 forts
2071 3477 2162 3515 nos
2192 3470 2311 3515 tunc
2337 3461 2715 3533 prieterierunt,
2756 3461 2800 3517 si
2829 3460 3045 3535 legentes
3066 3462 3338 3530 moverint,
3371 3460 3534 3517 colla~

264 3554 333 3610 at
353 3555 611 3611 codicibus
631 3555 957 3612 emendamus
984 3552 1179 3629 (Epist.
1206 3554 1331 3622 261,
1362 3572 1417 3609 η.
1444 3554 1522 3626 5).

326 3648 537 3704 Primus
559 3649 750 3704 littera:
768 3662 961 3705 sensus
985 3647 1252 3704 interdum
1290 3645 1422 3702 nihil
1448 3646 1720 3711 continet,
1752 3644 1856 3700 nisi
1888 3643 2145 3715 simplicis
2188 3659 2249 3700 ac
2275 3643 2561 3715 spiritualis
2589 3663 2604 3701 ε
2636 3653 2692 3700 at
2738 3644 2879 3702 idem
2936 3645 3131 3716 sacpius
3155 3643 3361 3701 relatus
3386 3651 3441 3701 et
3465 3640 3533 3701 d-

251 3750 475 3812 guratus
500 3749 604 3798 est.
632 3740 891 3813 Tuncque
915 3756 1040 3798 vere
1072 3740 1341 3796 affirmare
1376 3754 1697 3812 possumus,
1753 3736 1896 3809 quod
1930 3746 2011 3795 est
2038 3737 2205 3793 dictio
2233 3737 2603 3809 signiﬁcationi
2636 3753 2747 3794 suae
2785 3746 3091 3810 comparata
3119 3780 3134 3807 ,
3166 3736 3218 3792 id
3248 3745 3362 3800 est,
3389 3735 3536 3793 litte-

262 3834 426 3888 ralem
457 3847 675 3888 sensum
701 3848 823 3889 esse
845 3848 967 3889 cum
994 3832 1255 3904 spirituali
1274 3845 1640 3903 comparatum
1664 3847 1680 3885 :
1704 3838 1761 3887 et
1780 3828 2234 3902 quemadmodum
2263 3829 2376 3886 ﬁeri
2403 3847 2507 3886 non
2541 3839 2712 3903 potest
2745 3840 2801 3887 ut
2820 3830 2888 3888 ad
2926 3845 3143 3888 sensum
3171 3829 3317 3887 illum
3363 3829 3529 3901 apiri-

263 3923 454 3980 tualem
487 3925 895 3995 perveniamus,
930 3925 1035 3981 nisi
1062 3925 1208 3997 prius
1234 3923 1517 3980 litteralem
1540 3921 1707 3995 probe
1730 3931 2066 3996 perspectum
2114 3923 2492 3991 habuerimus;
2522 3926 2594 3980 ita
2643 3926 2888 3983 litteralis
2937 3941 3389 3998 supervacaneam
3416 3920 3532 3981 iure

258 4017 612 4086 cognitionem
636 4058 653 4084 ,
685 4015 728 4071 si
753 4015 1090 4086 spiritualem
1116 4016 1334 4089 assequi
1355 4016 1701 4088 negligamus.
1730 4015 1845 4073 Hoc
1872 4014 1969 4072 fuit
2006 4016 2058 4071 in
2088 4030 2248 4075 causa
2277 4033 2372 4072 cur
2403 4023 2619 4075 sanctus
2648 4016 2850 4076 Prmsul
2874 4060 2889 4087 ,
2918 4030 3080 4076 sensu
3109 4019 3325 4075 litterali
3345 4058 3362 4086 ,
3391 4033 3529 4090 quo-

260 4110 358 4166 ties
380 4124 509 4165 eum
535 4110 667 4165 satis
696 4125 791 4181 per
815 4124 873 4166 se
893 4119 1133 4181 apertum
1156 4108 1535 4182 cognitumque
1558 4108 1907 4179 existimavit,
1938 4110 2175 4175 omisso,
2219 4118 2363 4166 recta
2391 4109 2442 4165 in
2473 4111 2804 4182 spiritualcm
2832 4112 3094 4169 tenderet.
3123 4110 3276 4181 Quod
3313 4109 3529 4183 quidem

259 4205 306 4260 ei
331 4221 434 4260 non
456 4205 630 4261 solum
657 4221 761 4261 usu
786 4207 932 4262 venit
959 4207 1013 4262 in
1033 4206 1377 4262 sermonibus
1416 4205 1485 4261 ad
1522 4204 1774 4276 populum
1804 4204 1999 4262 habitis
2017 4244 2034 4274 ,
2063 4203 2118 4260 in
2147 4204 2339 4276 quibus
2376 4203 2490 4276 ejus
2529 4206 2858 4277 potissimum
2888 4204 3149 4277 profectui
3200 4205 3402 4262 servire
3439 4216 3531 4261 co-

256 4298 511 4369 gebatur;
544 4314 729 4354 verum
756 4300 917 4355 etiam
944 4300 997 4355 in
1020 4298 1442 4370 expositionibus
1464 4340 1479 4367 ,
1511 4315 1642 4370 quas
1667 4297 1719 4353 in
1748 4297 2006 4370 quosdam
2031 4296 2363 4354 Psalmorum
2391 4296 2645 4370 dictavit,
2670 4299 2761 4356 ubi
2786 4284 2853 4357 ex
2889 4299 3051 4356 animi
3089 4299 3361 4356 voluntate
3389 4292 3531 4373 stylo

259 4390 536 4463 indulgere
570 4392 673 4463 ipsi
693 4389 774 4447 fas
801 4400 935 4448 erat.

324 4483 460 4538 Cum
476 4498 606 4539 vero
620 4483 673 4538 in
693 4491 890 4539 sanctae
905 4481 1196 4555 Scriputrze
1210 4484 1429 4538 vocibus
1448 4483 1748 4552 spirituales
1769 4497 1960 4538 sensus
1985 4483 2183 4538 lateant
2204 4480 2437 4554 plurimi.
2457 4484 2548 4554 qui
2561 4498 2746 4540 omnes
2766 4498 3014 4556 peraeque
3039 4484 3133 4555 pii,
3152 4498 3399 4556 pertuque
3415 4480 3527 4541 veri

258 4575 423 4632 videri
450 4576 693 4648 possint,
724 4575 862 4631 haud
888 4591 1098 4647 semper
1127 4583 1411 4631 contentus
1443 4573 1539 4629 fuit
1569 4575 1783 4628 unicum
1814 4588 2146 4644 expromere.
2174 4572 2253 4629 Ad
2284 4574 2496 4630 tertium
2520 4590 2689 4647 usque
2707 4575 2896 4632 eruite
2918 4577 3122 4648 psalmo
3142 4577 3301 4634 tertio
3323 4620 3337 4647 ,
3364 4590 3523 4650 quem

256 4672 428 4740 primo
452 4669 667 4740 quidem
711 4668 923 4725 Christo
955 4670 1176 4725 Domino
1196 4670 1249 4724 in
1281 4669 1491 4739 propria
1521 4683 1617 4724 sua
1663 4683 1891 4741 persona
1933 4667 2273 4726 considerato
2293 4712 2308 4737 ,
2341 4684 2462 4727 mox
2510 4670 2681 4727 eidem
2703 4686 2823 4727 cum
2854 4668 3093 4729 Ecclesia
3113 4716 3128 4740 ,
3159 4688 3386 4745 quacum
3436 4670 3528 4730 ille

254 4778 419 4820 unum
445 4764 598 4836 quasi
622 4778 821 4833 corpus
844 4762 1038 4831 efﬁcit,
1068 4763 1381 4834 conjuncto;
1412 4760 1642 4833 denique
1680 4761 1914 4817 fidelium
1941 4761 2163 4833 singulis
2200 4765 2589 4820 accommodat.
2620 4763 2674 4820 In
2719 4766 2929 4821 tertium
2955 4782 3089 4822 vero
3127 4766 3300 4837 quarti
3329 4766 3527 4823 decimi

254 4857 446 4928 psalmi
470 4872 722 4925 versum,
750 4857 990 4928 exposito
1038 4854 1208 4927 primo
1235 4871 1397 4912 sensu
1442 4854 1661 4925 pulchre
1697 4856 1934 4925 sciteque
1975 4855 2160 4911 subdit
2190 4871 2203 4910 :
2239 4853 2341 4911 Iste
2364 4857 2583 4929 simplex
2609 4855 2893 4913 intellectus
2921 4860 3005 4912 cui
3028 4858 3241 4930 sufficit,
3267 4859 3484 4930 sufficiat
3507 4873 3530 4924 ;

252 4952 343 5005 sed
375 4950 625 5006 nonnulla
651 4951 798 5004 verba
825 4947 1205 5022 Scripturarum
1229 4949 1526 5004 obscuritate
1542 4965 1635 5003 sua
1659 4948 1755 5003 hoc
1777 4949 2073 5020 profuerunt
2090 4991 2106 5016 ,
2127 4949 2263 5020 quod
2286 4951 2471 5006 multas
2497 4949 2853 5023 intelligendas
2874 4964 3190 5025 pepererunt.
3219 4949 3404 5027 Itaque
3429 4952 3527 5009 hoc

255 5046 300 5100 si
340 5043 557 5116 planum
583 5051 743 5111 esset,
773 5059 929 5099 unum
951 5041 1145 5113 aliquid
1169 5041 1445 5107 audiretis;
1474 5041 1592 5112 quia
1633 5057 1748 5095 vero
1777 5039 1983 5095 obscure
2011 5041 2199 5095 dictum
2229 5050 2301 5096 est
2319 5083 2333 5108 ,
2361 5043 2519 5097 multa
2544 5042 2770 5098 audituri
2793 5046 2933 5100 estis.

324 5137 557 5208 chulas
587 5136 638 5190 in
668 5134 913 5191 habendo
936 5135 1203 5190 variorum
1250 5149 1501 5190 sensuum
1522 5174 1536 5199 ,
1564 5134 1657 5204 qui
1694 5134 1873 5188 animo
1901 5142 2220 5202 occurrunt,
2245 5134 2455 5191 delectu
2476 5179 2491 5203 ,
2514 5137 2756 5208 sequitur
2780 5138 2950 5195 errori
2993 5139 3213 5197 minime
3239 5138 3524 5196 obnoxias.

252 5230 543 5287 Enimvero
564 5237 921 5301 praeterquam
951 5227 1093 5300 quod
1124 5228 1383 5283 rationem
1406 5270 1422 5295 ,
1447 5236 1505 5283 ut
1524 5226 1833 5283 dicebamus
1852 5267 1868 5293 ,
1900 5228 2057 5299 longe
2095 5229 2381 5284 maximam
2408 5229 2568 5286 habet
2596 5231 2789 5288 littera:
2806 5275 2820 5298 ,
2847 5233 2931 5289 cui
2954 5234 3168 5305 quidem
3196 5244 3320 5293 ante
3344 5236 3525 5290 omnia

252 5337 443 5378 sensus
471 5321 540 5377 ad
567 5319 824 5376 amussim
850 5320 1073 5391 quadret
1097 5333 1318 5376 necesse
1347 5326 1465 5386 est;
1496 5330 1705 5389 semper
1737 5318 1807 5374 ob
1825 5318 2011 5373 oculos
2031 5318 2132 5375 sibi
2175 5319 2489 5376 charitatem
2527 5325 2953 5380 constituendam
2979 5327 3161 5396 ponit.
3191 5342 3347 5395 quam
3378 5327 3523 5383 Scri-

252 5427 424 5488 ptura
463 5415 627 5471 totius
654 5412 818 5471 ﬁnem
855 5428 974 5470 esse
1008 5412 1168 5469 docet
1205 5412 1257 5465 in
1289 5412 1549 5482 psalmum
1588 5412 1939 5467 centesimum
1975 5410 2436 5483 quadragesimum
2469 5432 2482 5469 :
2515 5414 2775 5484 Quidquid
2810 5419 3099 5485 salubriter,
3130 5418 3322 5490 inquit,
3362 5425 3530 5472 mente

251 5508 555 5579 concipitur,
583 5503 790 5578 quiquid
811 5522 896 5561 ore
920 5508 1195 5577 profertur,
1222 5504 1299 5558 vel
1323 5504 1383 5559 de
1417 5503 1632 5576 qualibet
1660 5504 1847 5576 pagina
1868 5504 2203 5573 exsculpitur,
2230 5521 2331 5560 non
2361 5505 2507 5562 habet
2544 5508 2698 5578 ﬁnem
2737 5510 2833 5564 nisi
2858 5512 3170 5568 comitatem.
3200 5512 3369 5583 Quam
3390 5511 3525 5568 ἀορ-

251 5601 446 5654 trinam
482 5604 792 5668 sumpserat
835 5612 953 5652 cum
984 5612 1048 5652 ex
1088 5594 1376 5667 Evangelio
1400 5637 1415 5663 ,
1444 5594 1531 5651 ubi
1577 5596 1894 5665 generaliter
1936 5612 1967 5652 a
2009 5596 2218 5654 Christo
2255 5600 2630 5669 pronuntiatur
2666 5601 2796 5658 illud
2826 5603 3080 5673 effatum,
3119 5603 3187 5660 In
3223 5606 3300 5662 his
3324 5603 3522 5662 duobus

248 5693 506 5748 mandatis
524 5689 878 5748 universam
897 5690 1077 5763 pendet
1101 5700 1147 5745 et
1176 5686 1444 5761 Prbphette
1470 5687 1679 5761 (Matth.
1703 5706 1834 5756 χχιι,
1860 5689 1984 5764 40);
2019 5700 2129 5746 tum
2154 5706 2220 5748 ex
2251 5693 2507 5767 Apostolo
2528 5738 2542 5762 ,
2574 5696 2870 5769 quojudice
2895 5701 3080 5771 prima:
3099 5699 3165 5755 ad
3182 5698 3527 5758 Timotheum

248 5788 423 5859 capite
444 5784 646 5857 primo,
675 5781 823 5839 Finis
842 5783 1077 5855 praecepti
1105 5793 1178 5838 est
1201 5782 1423 5838 charitas
1449 5781 1468 5856 (
1481 5782 1499 5837 l
1518 5781 1650 5838 Tim.
1677 5799 1715 5848 ι,
1739 5781 1817 5856 5).
1847 5782 2012 5854 Hujus
2035 5786 2232 5855 regula:
2251 5783 2519 5843 beneflcio
2539 5802 2730 5845 sensus
2748 5789 3052 5848 christianis
3078 5790 3318 5848 moribus
3332 5804 3522 5864 parum

246 5894 541 5952 Congruos,
567 5893 703 5950 quos
732 5877 970 5933 nonnulli
997 5875 1327 5933 Psalmorum
1352 5876 1451 5932 loci
1473 5876 1704 5946 objicere
1723 5875 1902 5931 animo
1930 5886 2175 5946 possent,
2206 5880 2385 5949 procul
2402 5880 2678 5938 amandat:
2695 5883 2854 5939 verba
2871 5898 2990 5954 qua
3017 5883 3085 5941 ab
3105 5883 3393 5943 ulciscendi
3408 5885 3528 5943 libi-

247 5969 374 6031 dine
395 5971 657 6045 proﬁcisci
685 5980 846 6044 atque
863 5969 1122 6042 improbis
1143 5969 1360 6027 exitium
1379 5969 1661 6041 imprecari
1674 5969 1973 6039 videantur,
1999 5969 2153 6026 docet
2175 5971 2301 6027 nihil
2323 5973 2464 6028 aliud
2485 5988 2606 6031 esse
2626 5988 2784 6048 quam
2810 5976 3072 6036 malorum
3088 5979 3281 6054 quibus
3300 5977 3394 6048 illi,
3418 5978 3525 6036 nisi

3587 5397 3603 5439 ὓ
