4042 6482
491 476 559 531 15
1937 471 2087 532 ΡΒΕ

2166 455 2326 530 i'rto.
2719 449 2731 464 '
2757 497 2760 500 ~
3691 478 3762 537 to

491 587 851 658 corrigantur,
881 587 1141 644 obruendi
1165 595 1323 654 sunt,
1357 586 1662 658 prophetias
1702 603 1765 645 ac
1803 589 2177 659 prtedictiones
2209 607 2221 643 :
2253 587 2466 644 Davidis
2501 597 2622 643 vota
2671 587 2926 646 adversus
2970 589 3212 648 inimicos
3255 605 3381 649 suos
3407 593 3683 650 meliorem
3713 596 3770 652 in

489 695 697 751 partem
731 683 1065 752 accipienda,
1093 683 1267 750 ibique
1304 697 1491 753 preces
1519 684 1709 752 quibus
1732 684 1832 738 viri
1863 686 2029 738 sancti
2074 693 2385 754 peccatores
2430 683 2539 739 Deo
2578 683 2994 750 commendant,
3037 683 3446 755 intelligendas:
3473 686 3773 743 locutiones

490 779 628 840 illas,
664 780 807 849 quiis
833 779 1165 834 3.I\Cl‘h.tlli)b
1196 793 1318 834 suos
1339 779 1586 834 confundi
1611 822 1626 846 ,
1655 780 1882 844 cadere,
1913 779 2175 849 prosterni
2205 780 2378 848 petit,
2402 778 2625 832 obscura
2671 777 2901 848 quadam
2939 777 3146 834 ratione
3177 788 3518 848 peccatorum
3540 796 3773 836 conver-

490 874 696 929 sionem
738 890 799 928 ac
830 876 1193 944 paenitentiam
1225 875 1458 930 indicare
1489 876 1571 929 :si
1610 873 1820 944 quando
1851 873 2033 928 hostes
2058 874 2274 928 vincere
2313 881 2405 927 aut
2431 872 2497 927 ab
2543 871 2745 927 eisdem
2775 872 2989 928 liberari
3015 873 3228 943 cupiat,
3259 889 3319 929 re
3348 888 3473 928 vera
3499 875 3774 932 orationes

487 980 630 1030 esse,
655 982 721 1020 ne
748 969 800 1020 in
831 967 1208 1020 tentatiouibus
1235 967 1544 1022 succumbat
1572 985 1584 1020 :
1617 966 1848 1037 denique
1879 981 1975 1037 per
2013 967 2258 1021 inimicos
2305 965 2546 1048 Davidis,
2579 981 2684 1020 non
2729 965 3000 1022 daemones
3049 975 3253 1023 tantum
3294 977 3386 1024 aut
3425 979 3772 1039 peccatores,

486 1062 580 1117 sed
612 1071 666 1116 et
691 1062 816 1116 vitia
839 1071 996 1132 atque
1015 1063 1183 1117 animi
1212 1063 1453 1131 atl'ectus,
1475 1063 1669 1133 quibus
1707 1063 1960 1118 continuo
2000 1063 2052 1116 in
2080 1063 2162 1117 via
2189 1061 2372 1116 salutis
2396 1062 2786 1132 impugnantur,
2814 1061 3104 1132 designari.

559 1153 670 1209 Hac
697 1154 883 1209 eadem
913 1155 1090 1224 regula
1117 1155 1428 1222 adducitur,
1458 1164 1516 1210 ut
1543 1155 1827 1225 petitiones
1868 1155 2358 1225 promissionesque
2393 1155 2752 1217 Psalmorum,
2783 1168 2901 1224 quae
2929 1153 2997 1208 ad
3037 1154 3216 1224 apices
3257 1155 3512 1226 expositae
3557 1155 3773 1211 nonnisi

486 1247 796 1316 temporalia
823 1247 959 1300 bona
990 1247 1312 1319 significant,
1345 1248 1558 1304 :eternis
1600 1247 1965 1302 accommodet
1994 1266 2006 1302 :
2036 1263 2154 1318 qua:
2201 1248 2267 1302 de
2291 1248 2542 1303 exteriori
2572 1248 2828 1302 virtutum
2873 1248 3126 1303 exercitio
3155 1247 3567 1319 prtecipiuntur,
3590 1250 3657 1305 ad
3688 1251 3772 1305 in-

485 1340 740 1399 teriorem
788 1339 1034 1408 pietatem
1075 1339 1399 1395 transferat:
1442 1340 1655 1394 demum
1709 1339 2028 1410 ubicumque
2074 1339 2295 1410 templi,
2345 1338 2656 1394 elevationis
2703 1340 2980 1394 oculorum
3007 1381 3022 1408 ,
3069 1340 3575 1408 clamoris,cantici
3602 1345 3767 1410 novi,

489 1429 663 1486 laudis
684 1431 883 1486 mentio
913 1431 1001 1499 fit,
1032 1446 1128 1487 nos
1154 1431 1274 1486 inde
1296 1432 1363 1487 ad
1390 1434 1583 1487 mentis
1607 1441 1661 1488 et
1680 1430 1856 1487 cordis
1884 1431 2191 1488 affectiones
2219 1447 2282 1487 ac
2310 1440 2507 1501 motus,
2530 1431 2597 1487 ad
2629 1432 2788 1488 vitam
2823 1447 3037 1503 novam,
3066 1449 3275 1490 necnon
3308 1434 3375 1490 ad
3405 1450 3624 1506 operum
3651 1453 3772 1509 quae

485 1522 628 1578 Deus
651 1523 700 1576 in
731 1539 880 1578 suam
905 1524 1125 1594 gloriam
1153 1524 1345 1580 cedere
1366 1525 1536 1594 jubet,
1565 1526 1898 1581 sanctitatem
1933 1525 2193 1581 traducat.

555 1617 628 1673 Ut
653 1617 1043 1687 expeditiorem
1086 1619 1238 1674 nobis
1265 1618 1468 1674 aditum
1518 1619 1584 1674 ad
1615 1633 1802 1674 sensus
1857 1619 1976 1674 illos
2017 1619 2348 1676 insinuanda:
2388 1619 2573 1689 pietati
2620 1619 2754 1676 adeo
2801 1619 3167 1678 conducibiles
3209 1631 3448 1692 pararet,
3488 1623 3628 1678 viam
3658 1640 3773 1681 non

483 1711 808 1783 potuitinire
834 1712 1050 1782 majoris
1092 1713 1423 1782 compendii,
1453 1728 1610 1783 quam
1649 1714 1694 1768 si
1717 1714 2019 1783 loquentem
2070 1713 2283 1768 Davidis
2317 1727 2410 1768 ore
2449 1713 2730 1767 Dominum
2773 1713 2955 1768 Jesum
3002 1713 3312 1779 induceret,
3342 1723 3499 1785 prout
3537 1716 3615 1770 illi
3645 1731 3772 1772 cum

482 1805 737 1861 Veterum
767 1821 894 1860 usus
915 1847 928 1870 ,
959 1815 1070 1860 tum
1099 1807 1182 1860 vel
1209 1807 1437 1860 maxime
1463 1806 1815 1876 quorumdam
1844 1806 2087 1861 locorum
2117 1823 2149 1862 e
2177 1806 2404 1862 Psalmis
2441 1806 2491 1860 in
2518 1805 2668 1860 Novo
2693 1806 3039 1862 Testamento
3069 1806 3202 1861 facta
3239 1807 3608 1877 interpretatio
3635 1825 3774 1879 prte-

483 1898 806 1954 scribebant.
837 1898 1194 1954 Tertullianus
1234 1900 1286 1953 in
1329 1900 1466 1954 libro
1495 1900 1750 1955 adversus
1778 1900 2036 1955 Praxeam
2061 1899 2246 1955 scribit
2277 1918 2290 1953 :
2326 1900 2432 1956 Sed
2469 1909 2516 1954 et
2545 1917 2715 1955 omnes
2761 1917 2891 1971 pene
2921 1899 3121 1956 Psalmi
3143 1899 3334 1956 Christi
3359 1918 3626 1971 personam
3651 1918 3772 1956 sus-

484 1996 674 2060 tinent,
707 1992 900 2047 Filium
926 1993 993 2047 ad
1017 1991 1247 2061 Patrem,
1279 1995 1333 2048 id
1358 2004 1432 2048 est
1461 1994 1718 2048 Christum
1741 1996 1808 2048 ad
1849 1995 2009 2050 Deum
2049 1996 2196 2051 verba
2223 1998 2488 2066 facientem
2525 2006 2882 2067 reprcesentant
2912 1998 3073 2070 (Cap.
3107 1999 3166 2054 Η
3258 1999 3616 2072 Hieronymus
3653 2001 3771 2071 epi-

484 2090 619 2143 stola
653 2088 719 2142 ad
760 2088 1035 2142 Paulinum
1068 2107 1081 2142 :
1110 2088 1276 2142 David
1315 2089 1602 2144 Simonides
1630 2099 1816 2157 noster,
1855 2089 2117 2144 Pindarus
2153 2100 2201 2144 et
2236 2091 2468 2156 Alcaeus,
2499 2090 2719 2145 Flaccus
2757 2109 2984 2163 quoque,
3029 2090 3271 2156 Catulus,
3318 2101 3465 2164 atque
3505 2094 3728 2149 Serenus
3752 2135 3770 2162 ,

486 2177 744 2234 Christum
771 2180 883 2249 lyra
928 2189 1160 2248 personat
1186 2178 1374 2251 (Epist.
1408 2178 1550 2248 105).
1581 2180 1810 2234 Ililarius
1830 2196 1956 2235 vero
2007 2182 2062 2235 in
2112 2181 2328 2251 prologo
2374 2197 2470 2236 suo
2497 2181 2561 2235 ad
2591 2182 2830 2237 Psalmos
2871 2183 2923 2237 id
2965 2183 3138 2253 ipsum
3169 2183 3350 2238 multis
3387 2186 3769 2255 prosequitur,

483 2272 664 2342 ibique
683 2273 955 2328 contendit
981 2272 1220 2328 Psalmos
1251 2274 1532 2328 universos
1553 2275 1835 2345 allegoricis
1864 2283 1908 2328 et
1938 2275 2120 2345 tgpicis
2147 2285 2404 2330 contextos
2433 2292 2538 2330 esse
2558 2276 2820 2329 virtutibus
2842 2319 2856 2343 ,
2885 2293 3003 2346 quze
3026 2276 3092 2331 ad
3117 2275 3390 2333 Christum
3414 2279 3754 2349 pertineant;

481 2364 598 2432 ejus
635 2364 948 2429 adventum,
973 2364 1390 2420 incarnationem
1415 2407 1427 2430 ,
1479 2366 1780 2435 passionem
1803 2406 1818 2432 ,
1844 2368 2289 2422 resurrectionem
2339 2367 2566 2438 denique
2613 2383 2675 2422 ac
2695 2367 2956 2438 judicium
2982 2411 2998 2436 ,
3026 2371 3302 2424 materiam
3346 2386 3557 2426 omnem
3600 2373 3770 2427 sacris

484 2454 632 2512 hisce
655 2455 890 2512 Canticis
918 2457 1287 2527 suppeditare;
1318 2457 1629 2513 eorumdcm
1663 2458 2037 2529 mysteriorum
2061 2459 2217 2514 [idem
2245 2459 2402 2514 clavis
2430 2459 2707 2530 cujusdam
2736 2461 2901 2516 veluti
2930 2462 3047 2516 vice
3075 2460 3219 2532 fungi
3245 2503 3260 2529 ,
3295 2463 3408 2518 sine
3436 2464 3584 2534 cujus
3607 2480 3771 2534 opera

479 2567 726 2608 accessus
751 2553 817 2608 ad
847 2553 1179 2608 Psalmorum
1207 2553 1609 2624 intelligentiam
1649 2553 1719 2608 sit
1745 2554 2080 2608 interclusus.
2115 2553 2171 2608 Id
2215 2555 2461 2610 similiter
2493 2555 2818 2624 Augustinus
2859 2554 2912 2609 in
2962 2555 3065 2609 illis
3108 2555 3438 2624 explicandis
3491 2573 3764 2627 nunquam

484 2661 593 2700 non
637 2647 905 2712 inculcat,
933 2654 990 2701 ut
1014 2648 1172 2702 etiam
1201 2647 1316 2716 ipse
1341 2661 1620 2702 necessum
1648 2645 1840 2700 habeat
1883 2646 2225 2716 repetitiones
2269 2661 2394 2702 suas
2435 2645 2700 2702 interdum
2746 2661 3032 2714 excusare,
3077 2647 3235 2717 hujus
3269 2647 3465 2718 regula:
3493 2649 3774 2705 utilitatem

482 2754 694 2794 necnon
739 2739 880 2794 illius
927 2739 1092 2808 probe
1135 2737 1491 2809 intelligenda:
1540 2739 1914 2793 necessitatem
1967 2737 2020 2792 in
2063 2736 2299 2792 medium
2342 2736 2639 2808 proferens.
2663 2737 2793 2808 Ejus
2817 2737 2895 2792 rei
2934 2747 3245 2807 argumenta
3272 2737 3520 2807 producit
3546 2753 3575 2792 e
3603 2738 3772 2794 sacris

480 2832 772 2888 Codicibus
800 2834 963 2903 petita
991 2851 1004 2886 :
1035 2834 1190 2903 quale
1215 2842 1316 2898 est,
1343 2832 1490 2887 verbi
1519 2832 1709 2902 gratia,
1741 2831 1871 2888 illud
1886 2830 2082 2888 Christi
2110 2832 2504 2901 pronuntiatum
2527 2874 2541 2898 ,
2567 2830 2785 2886 Necesse
2811 2839 2884 2886 est
2907 2831 3108 2901 impleri
3126 2830 3295 2884 omnia
3315 2845 3426 2900 quae
3444 2831 3631 2900 scripta
3655 2839 3775 2884 sunt

478 2927 531 2980 in
555 2927 660 2997 lege
682 2925 880 2997 Moysi,
908 2936 952 2981 et
984 2925 1275 2996 Prop/telis,
1299 2935 1344 2980 et
1369 2925 1589 2980 Psalmis
1621 2926 1684 2979 de
1723 2942 1802 2979 me
1835 2924 1981 2995 (Luc.
2012 2939 2137 2978 xxiv
2162 2967 2177 2991 ,
2210 2925 2327 2994 44).
2352 2924 2567 2994 Repetit
2597 2923 2927 2994 frequentius
2967 2923 3220 2978 Davidem
3265 2921 3463 2977 Christi
3512 2937 3576 2976 cx
3604 2921 3772 2990 ipsius

479 3019 683 3074 semine
714 3020 965 3074 nascituri
993 3019 1212 3088 figuram
1236 3033 1423 3088 gerere
1447 3057 1461 3082 ,
1492 3017 1658 3085 ipsius
1686 3031 1880 3070 nomen
1923 3016 2308 3084 significatione
2338 3031 2431 3068 sua
2456 3015 2727 3069 Christum
2772 3015 3071 3084 designare,
3102 3013 3200 3068 sub
3223 3028 3330 3084 quo
3358 3013 3518 3067 etiam
3546 3012 3767 3067 nomine

479 3112 622 3164 hunc
647 3123 676 3161 a
707 3109 889 3162 multis
917 3108 1311 3179 Prophetarum
1342 3107 1712 3162 annuntiatum
1741 3114 1984 3171 constat;
2013 3121 2121 3160 non
2163 3121 2332 3176 pauca
2363 3119 2482 3161 esse
2511 3121 2632 3175 qua:
2662 3105 2845 3160 Davidi
2881 3105 3051 3175 aptari
3091 3115 3357 3174 nequeant
3387 3105 3564 3174 :quod
3595 3105 3774 3174 ipsum

477 3199 587 3272 jam
610 3208 731 3254 ante
757 3200 969 3270 plurimi
1015 3202 1306 3270 scriptores
1352 3199 1646 3255 doctissimi
1691 3198 2175 3253 animadverterent
2197 3241 2211 3266 ,
2239 3198 2468 3252 maxime
2500 3199 2550 3251 in
2582 3198 2816 3267 psalmos
2843 3197 3290 3267 septuagesimum
3310 3206 3362 3253 et
3383 3197 3771 3268 octogesimum

479 3301 766 3356 octavum;
801 3303 958 3363 atque
1003 3293 1137 3349 adeo
1175 3294 1403 3364 ipsemet
1443 3293 1822 3363 Apostolorum
1871 3292 2126 3363 Princeps
2175 3292 2227 3346 in
2274 3291 2499 3346 Actuum
2543 3306 2592 3346 c.
2624 3292 2690 3356 2,
2737 3292 2773 3360 7
2798 3331 2810 3344 .
2835 3291 2942 3356 25,
2974 3291 3062 3346 ubi
3113 3291 3286 3345 locum
3319 3306 3482 3345 unum
3508 3305 3539 3346 e
3563 3291 3774 3360 psalmo

480 3375 668 3454 quinto
693 3384 903 3440 decimo
929 3385 1114 3442 refert.
1143 3387 1404 3443 Observat
1435 3386 1648 3441 tandem
1671 3383 1938 3441 Christum
1969 3400 2001 3440 e
2044 3400 2204 3440 cruce
2233 3384 2556 3455 pendentem
2601 3383 2731 3454 ipsis
2773 3381 3103 3438 Psalmorum
3145 3383 3366 3439 vocibus
3396 3398 3547 3438 usum
3572 3425 3586 3449 ,
3617 3383 3776 3454 quasi

481 3478 608 3533 illud
634 3493 731 3533 nos
757 3478 946 3535 docere
973 3480 1266 3547 voluisset,
1293 3480 1511 3537 eosdem
1535 3494 1691 3535 causa
1721 3494 1815 3534 sua
1841 3477 2006 3534 fuisse
2032 3479 2278 3550 scriptos.
2314 3477 2510 3532 Verum
2537 3493 2660 3533 cum
2683 3492 2786 3531 non
2810 3492 2996 3547 pauca,
3029 3493 3147 3547 qua:
3194 3478 3261 3532 ab
3288 3478 3453 3548 ipsius
3481 3480 3766 3534 sanctitate

481 3571 828 3642 abhorreant,
862 3571 932 3626 ibi
961 3571 1222 3642 legantur,
1253 3579 1435 3627 monet
1459 3571 1686 3627 subinde
1716 3571 1903 3626 beatus
1934 3570 2130 3626 Doctor
2154 3585 2220 3624 ne
2249 3568 2517 3624 Christum
2551 3577 2803 3638 tanquam
2832 3576 3140 3639 separatum
3163 3584 3192 3622 a
3215 3569 3471 3625 membris
3496 3570 3607 3626 suis
3625 3612 3641 3638 ,
3664 3570 3772 3626 hoc

487 3640 922 3718 est‘Christianis
942 3705 955 3729 ,
987 3663 1407 3730 consideremus;
1430 3663 1522 3719 sed
1553 3672 1804 3734 tanquam
1834 3661 2084 3717 universo
2107 3661 2363 3716 Ecclesia:
2393 3661 2643 3731 corpori,
2674 3661 2824 3730 cujus
2875 3669 3035 3730 caput
3077 3669 3160 3716 est
3179 3702 3194 3726 ,
3243 3661 3458 3716 vinculo
3501 3676 3775 3731 nunquam

485 3741 830 3812 dissolvendo
859 3756 1202 3824 conjunctum
1233 3776 1246 3811 :
1275 3757 1419 3813 unde
1439 3756 1498 3812 fit
1517 3799 1532 3826 ,
1561 3766 1618 3812 ut
1646 3757 1981 3811 infirmitates
2013 3763 2246 3817 nostras,
2277 3756 2415 3811 mala
2439 3767 2598 3828 atque
2626 3765 2844 3827 peccata
2865 3756 2968 3812 sibi
2993 3755 3294 3826 adscribat;
3323 3757 3776 3829 quemadmodum

487 3849 540 3903 in
570 3849 775 3920 psalmo
805 3849 1064 3918 vigesimo
1089 3848 1260 3918 primo
1280 3891 1294 3916 ,
1326 3849 1476 3920 cujus
1505 3849 1681 3905 verbis
1703 3849 1758 3904 in
1784 3849 2033 3921 passione
2065 3863 2159 3904 sua
2189 3848 2445 3920 loquitur,
2475 3849 2823 3907 advertimus.

569 3945 696 4000 Vias
725 3947 1020 4016 Augustino
1050 3947 1186 4002 mire
1213 3947 1546 4018 iugeniosas,
1577 3947 1767 4018 quibus
1791 3948 2059 4003 Christum
2094 3945 2195 4002 sub
2228 3946 2390 4001 variis
2415 3947 2709 4002 rationibus
2737 3948 2789 4002 in
2818 3945 3042 4001 Psalmis
3070 3945 3438 4002 adumbratum
3469 3944 3774 4016 deprehen-

487 4037 637 4092 deret
663 4037 1059 4110 detegcrctque,
1089 4040 1329 4110 ejusdem
1355 4040 1553 4096 Christi
1580 4041 1814 4096 eharitas
1841 4041 2176 4112 suggerebat.
2208 4039 2323 4096 Non
2358 4052 2533 4097 tamen
2560 4041 2810 4097 iverimus
2839 4041 3063 4109 inficias,
3091 4041 3217 4112 quin
3246 4040 3486 4108 Veteres,
3519 4056 3548 4095 a
3579 4037 3777 4109 quibus

486 4147 768 4187 excussum
792 4135 902 4204 jam
933 4133 1104 4190 fuerat
1132 4135 1272 4191 idem
1299 4145 1688 4206 argumentum,
1719 4136 1975 4205 plurimos
2000 4151 2062 4191 ac
2090 4129 2376 4206 praeclaros
2400 4151 2608 4200 sensus,
2636 4135 2726 4206 qui
2757 4133 2856 4190 sub
2884 4135 3169 4206 figurarum
3199 4135 3486 4189 involucris
3515 4133 3772 4198 latebant,

487 4226 542 4280 in
574 4228 743 4283 lucem
775 4229 1107 4285 extulissent.
1154 4232 1224 4284 At
1261 4231 1302 4285 si
1353 4230 1510 4300 hujus
1557 4230 1874 4300 illorumque
1917 4213 2398 4284 commentationes
2443 4229 2583 4284 inter
2625 4243 2684 4284 se
2729 4229 3108 4294 conferantur,
3142 4237 3250 4282 tum
3293 4227 3616 4297 intelligetur
3647 4241 3773 4280 eum

488 4326 783 4394 saepissime
826 4327 910 4381 vel
953 4326 1209 4396 majorem
1255 4327 1427 4382 lucem
1467 4327 1656 4382 alferre
1699 4326 1884 4382 iisdem
1916 4326 2217 4397 mysteriis,
2246 4326 2328 4380 vel
2357 4325 2516 4380 etiam
2543 4340 2714 4390 nova,
2746 4327 2865 4396 qua:
2905 4325 2978 4378 illi
3009 4339 3308 4395 quanquam
3356 4339 3459 4378 non
3507 4323 3774 4378 diversam

487 4419 798 4475 methodum
830 4422 995 4476 secuti
1026 4423 1479 4491 praetermiserant
1499 4464 1512 4487 ,
1545 4420 1811 4476 evolvere.
1850 4419 2032 4490 Neque
2059 4434 2184 4474 vero
2209 4419 2592 4491 Hieronymum
2621 4419 2673 4475 in
2699 4419 2923 4490 epistola
2947 4433 3040 4473 sua
3067 4417 3138 4473 92
3160 4459 3174 4484 ,
3205 4434 3323 4488 qua:
3355 4418 3494 4472 inter
3521 4418 3774 4487 Augusti-

488 4516 674 4568 nianas
700 4515 768 4568 72
804 4527 1144 4583 numeratur,
1177 4517 1321 4572 aliud
1356 4517 1454 4572 sibi
1493 4517 1724 4571 voluisse
1753 4515 2171 4580 crediderimus,
2205 4515 2295 4568 ubi
2336 4525 2614 4586 postquam
2656 4522 2882 4570 testatus
2919 4521 3034 4578 est,
3065 4512 3111 4567 si
3141 4512 3332 4568 dixerit
3361 4527 3466 4568 non
3497 4511 3775 4567 defuturos

489 4605 622 4663 forte
651 4610 738 4679 qui
784 4610 931 4664 libris
974 4610 1090 4676 ejus
1134 4619 1312 4665 notam
1362 4611 1565 4664 illinant
1611 4610 1944 4672 censoriam,
1990 4625 2109 4664 cum
2156 4609 2328 4678 ipsum
2376 4623 2588 4678 quoque
2639 4607 2979 4678 Evangelium
3027 4607 3189 4676 impio
3231 4605 3558 4676 perditorum
3613 4603 3776 4659 dente

492 4701 812 4767 mordeatur,
847 4703 972 4756 illud
1000 4719 1099 4755 non
1126 4718 1191 4758 eo
1215 4718 1273 4758 se
1296 4703 1512 4767 dixisse,
1540 4703 1676 4772 quod
1701 4704 1752 4755 in
1775 4702 2005 4772 operibus
2031 4703 2148 4764 tuis,
2178 4702 2365 4769 inquit,
2394 4701 2626 4770 qua'dam
2652 4699 3062 4769 reprehendenda
3077 4701 3191 4770 jam
3217 4716 3442 4755 censeant
3465 4715 3483 4752 :
3505 4698 3779 4767 subiungit

488 4792 554 4847 tle
579 4795 974 4848 commentariis
998 4794 1112 4863 ejus
1141 4795 1192 4849 in
1220 4794 1460 4850 Psalmos
1479 4836 1494 4861 ,
1523 4810 1642 4850 esse
1673 4793 1956 4849 nonnullos
1996 4792 2134 4862 apud
2165 4807 2222 4846 se
2255 4792 2441 4863 (erant
2471 4792 2506 4845 ii
2536 4790 2756 4846 forsitan
2790 4792 3060 4848 breviores
3089 4793 3366 4848 Tractatus
3396 4808 3555 4863 super
3588 4791 3778 4862 primis

490 4884 701 4954 triginta
733 4885 938 4941 duobus
969 4885 1185 4956 psalmis
1224 4887 1314 4940 diu
1354 4895 1476 4942 ante
1513 4902 1709 4940 annum
1741 4887 1843 4940 414
1863 4928 1876 4951 ,
1908 4885 1979 4938 uti
2009 4885 2118 4952 jam
2149 4884 2488 4938 observatum
2521 4884 2673 4940 nobis
2703 4895 2785 4940 est
2805 4928 2818 4951 ,
2853 4887 3171 4955 compositi,
3205 4887 3313 4941 imo
3339 4887 3498 4942 etiam
3531 4885 3778 4940 fortassis

493 4987 612 5032 ante
639 4979 774 5045 404,
807 4997 911 5050 quo
939 4981 1150 5036 circiter
1176 4997 1316 5035 anno
1349 4981 1543 5050 scripta
1577 4979 1672 5035 fuit
1701 4979 1886 5034 eadem
1930 4978 2018 5032 illa
2056 4977 2310 5047 epistola)
2332 5019 2346 5042 ,
2387 4994 2511 5049 quos
2532 5019 2546 5045 ,
2579 4979 2752 5047 pergit
2779 4978 3140 5050 Hieronymus
3162 5021 3175 5046 ,
3207 4980 3252 5034 si
3291 4979 3465 5033 vellem
3505 4979 3776 5043 discutere,

491 5088 591 5127 non
617 5074 801 5142 dicam,
833 5092 865 5128 a
889 5092 987 5140 me,
1015 5078 1097 5144 qui
1125 5076 1250 5130 nihil
1273 5093 1404 5142 sum,
1433 5075 1521 5130 sed
1545 5093 1575 5127 a
1601 5083 1816 5128 veterum
1845 5072 2134 5127 ercorum
2161 5071 2650 5141 interpretationibus
2675 5072 2900 5127 docerem
2927 5073 3230 5144 discrepare.
3259 5071 3483 5140 Quidam
3509 5070 3779 5126 recentior

491 5167 684 5222 asserit
725 5167 827 5223 hoc
869 5169 986 5224 loco
1025 5168 1404 5239 Hieronymum
1445 5167 1744 5237 improbare
1773 5180 1891 5220 eam
1921 5165 2211 5231 rationem,
2244 5180 2346 5235 qua
2375 5165 2734 5235 Augustinus,
2767 5165 2950 5220 relicta
2989 5165 3213 5220 aliorum
3253 5165 3466 5218 Patrum
3497 5161 3775 5244 methodo,

490 5260 732 5316 Psalmos
770 5273 851 5317 est
894 5263 1284 5332 interpretatus.
1327 5264 1396 5316 At
1424 5261 1778 5333 Hieronymus
1800 5302 1813 5324 ,
1845 5259 2065 5329 epistola
2099 5274 2190 5312 sua
2222 5259 2290 5312 75
2320 5258 2457 5314 inter
2483 5258 2925 5329 Augustinianas,
2958 5273 3062 5312 non
3094 5259 3264 5312 multo
3293 5265 3415 5328 post
3441 5255 3778 5326 superiorem

492 5350 633 5420 data,
666 5369 724 5408 se
749 5355 861 5424 ipse
887 5353 1218 5408 commodius
1247 5353 1474 5423 explicat
1504 5372 1516 5406 :
1547 5353 1674 5408 satis
1703 5352 1897 5422 quippe
1927 5351 2096 5405 innuit
2125 5365 2230 5404 non
2261 5349 2364 5404 alio
2391 5359 2660 5420 spectasse
2698 5359 2991 5407 memorata
3022 5350 3180 5404 verba
3203 5393 3218 5417 ,
3251 5365 3408 5420 quam
3441 5358 3496 5404 ut
3526 5347 3779 5418 Augusti-

493 5447 707 5501 nianum
734 5457 1122 5518 argumentum,
1151 5463 1255 5518 quo
1281 5456 1397 5517 post
1423 5447 1763 5517 Septuaginta
1792 5447 2137 5516 interpretum
2162 5445 2493 5510 V‘crsionem,
2523 5461 2583 5501 ea
2607 5463 2764 5517 quam
2791 5445 3030 5502 ediderat
3058 5445 3256 5499 inutilis
3284 5460 3404 5500 esse
3433 5443 3778 5514 arguebatur,

491 5539 736 5596 dilueret.
766 5542 926 5612 Igitur
952 5542 1273 5611 pr0positum
1302 5541 1550 5596 dilemma
1581 5548 1852 5610 retorquet
1890 5540 1942 5593 in
1973 5539 2115 5592 hunc
2142 5537 2355 5592 modum
2385 5556 2398 5592 ε
2431 5539 2751 5608 Respondeat
2782 5539 2905 5592 mihi
2935 5537 3203 5608 prudentia
3243 5548 3358 5601 tua,
3391 5552 3544 5606 quare
3583 5545 3633 5588 tu
3665 5543 3780 5605 post

493 5644 656 5690 tantos
681 5646 730 5691 et
756 5637 877 5691 tales
901 5638 1192 5708 interpretes
1217 5637 1270 5690 in
1296 5635 1650 5707 explanatione
1675 5633 2000 5688 Psalmorum
2029 5633 2224 5687 diversa
2249 5633 2505 5686 senseris?
2536 5632 2595 5688 Si
2621 5633 2753 5687 enim
2783 5632 2982 5686 obscuri
3010 5641 3128 5687 sunt
3162 5629 3352 5685 Psalmi
3373 5671 3387 5695 ,
3422 5639 3469 5682 te
3504 5643 3697 5698 quoque
3724 5628 3780 5681 in

494 5727 565 5778 eis
590 5727 703 5796 {alii
731 5730 949 5799 potuisse
977 5729 1279 5784 credendum
1308 5738 1380 5783 est
1407 5745 1425 5782 :
1450 5728 1495 5783 si
1519 5727 1802 5797 manifesti,
1847 5727 1961 5780 illos
1994 5727 2047 5779 in
2081 5727 2150 5780 cis
2191 5725 2302 5794 falli
2344 5729 2563 5797 potuisse
2604 5744 2705 5780 non
2745 5726 2966 5780 creditur
2989 5743 3008 5782 :
3034 5743 3094 5780 ac
3124 5742 3213 5796 per
3252 5725 3344 5777 hoc
3382 5732 3590 5794 utroque
3624 5722 3780 5776 modo

489 5823 756 5892 superﬂua
779 5826 869 5878 erit
892 5826 1230 5898 interpretatio
1256 5835 1381 5880 tua:
1406 5835 1451 5878 et
1477 5825 1572 5879 hac
1601 5824 1707 5896 lege
1733 5832 1841 5894 post
1872 5823 2061 5894 priores
2087 5839 2230 5876 nemo
2255 5822 2388 5890 loqui
2416 5822 2653 5888 audebit;
2681 5832 2727 5876 et
2753 5825 3101 5894 quodcumque
3124 5821 3256 5874 alius
3283 5817 3617 5888 occupaverit,
3643 5816 3783 5874 alius

495 5916 562 5974 de
587 5931 645 5973 eo
671 5918 916 5977 scribendi
942 5938 1044 5979 non
1073 5920 1268 5979 habebit
1293 5921 1564 5978 licentiam.
1597 5920 1667 5978 Et
1691 5929 1836 5978 certe
1863 5919 1916 5974 in
1947 5925 2132 5975 neutra
2160 5916 2502 5988 epistolartun
2545 5917 2612 5973 de
2647 5927 2904 5976 consueta
2943 5919 3150 5976 ratione
3179 5915 3478 5990 exponendi
3509 5913 3778 5989 Psalmos,
