4042 6488
236 471 298 530 l7
1110 450 1119 463 ‘
1354 477 1362 484 -
1690 458 1832 518 ΡΜ

1928 461 2071 518 ι’ῙῚΟ.
3453 474 3524 532 ιε

237 602 304 645 ue
324 585 547 644 verbum
577 582 821 656 quidem.
867 580 1019 651 Quod
1059 580 1106 636 si
1146 579 1385 637 laborem
1429 579 1705 652 Augustini
1750 579 1819 635 ad
1847 595 2069 637 examen
2100 594 2351 638 revocare
2390 580 2713 655 Hieronymo
2752 583 3026 654 libuisset,
3069 584 3192 644 huic
3217 587 3336 647 sine
3358 589 3525 649 dubio

236 681 597 738 occurrissent
621 678 659 733 ii
684 690 880 733 sensus
897 717 912 745 ,
943 690 1077 746 quos
1099 674 1238 745 apud
1266 673 1595 745 antiquiores
1623 690 1727 730 non
1757 676 2046 745 reperisset
2073 694 2085 730 :
2114 690 2447 746 nequaquam
2479 692 2605 733 vero
2632 679 2736 734 alia
2763 680 3078 749 methodus;
3109 684 3322 754 quando
3349 685 3528 743 eidem
3630 684 3643 695 ’

234 775 455 832 adhresit
480 778 702 828 sanctus
721 770 979 836 Antistes,
1008 783 1167 839 quam
1190 767 1441 836 Hilarius,
1469 767 1781 823 Ambrosius
1805 775 1858 823 et
1882 767 2061 822 caeteri
2086 783 2219 838 quos
2245 768 2423 824 laudat
2444 769 2819 841 Hieronymus,
2845 783 2996 828 erant
3019 775 3206 830 secuti.
3234 774 3328 833 Sin
3353 778 3530 849 agitur

235 872 299 926 de
326 869 484 924 modo
528 867 802 923 sermonis
846 865 1010 922 divini
1038 866 1319 937 allegorice
1348 882 1411 922 ac
1447 866 1722 921 moraliter
1761 864 2125 931 edisserendi,
2166 866 2284 936 quis
2319 875 2493 937 potest
2533 882 2655 922 eum
2703 868 2991 924 universim
3035 871 3369 942 vituperare;
3398 887 3528 930 cum

235 962 417 1017 eodem
447 968 504 1016 et
527 961 710 1016 caeteri
737 960 924 1016 Patres
951 974 1075 1015 cum
1105 960 1420 1031 Augustino,
1453 969 1507 1017 et
1533 960 1760 1031 ipsemet
1786 957 2139 1030 Hieronymus
2168 975 2274 1013 non
2303 975 2425 1016 raro
2451 976 2579 1017 usus
2608 960 2791 1027 fuerit,
2825 964 3114 1020 secundum
3140 965 3523 1036 Apostolorum

235 1057 531 1127 exemplum
559 1064 721 1125 atque
752 1054 1089 1110 doctrinam?
1117 1054 1292 1110 Testis
1320 1063 1404 1111 est
1429 1054 1613 1111 beatus
1640 1053 1836 1109 Paulus
1854 1093 1885 1133 ,ι
1914 1066 2258 1123 quaecumque
2298 1053 2351 1107 in
2382 1054 2557 1110 Veteri
2584 1054 2925 1111 Testamento
2951 1067 3104 1128 gesta
3132 1042 3545 1128 memorantur,'

236 1167 296 1207 ea
326 1150 521 1221 ﬁguras
548 1164 704 1215 esse,
738 1148 1007 1220 fuisseque
1039 1148 1106 1204 ad
1136 1158 1373 1205 nostram
1404 1147 1789 1226 institutionem
1817 1147 2015 1218 scripta
2040 1145 2095 1218 (l
2120 1146 2235 1203 Cor.
2266 1164 2298 1202 x
2320 1189 2335 1215 ,
2366 1148 2453 1220 11)
2486 1165 2497 1200 :
2526 1148 2674 1220 atqui
2702 1149 2837 1205 facta
2877 1150 2967 1206 illa
3004 1151 3260 1222 pleraque
3293 1152 3523 1210 Psalmis

235 1244 507 1300 materiam
529 1242 894 1313 suppeditant,
928 1241 1134 1313 ipsique
1157 1242 1292 1298 adeo
1318 1242 1512 1298 Psalmi
1541 1242 1996 1312 metaphorarum,
2023 1241 2385 1314 aenigmatum,
2418 1256 2623 1297 necnon
2653 1242 3083 1312 propheticarum
3106 1244 3529 1316 descriptionum

242 1337 379 1408 pleni
405 1344 533 1391 sunt
563 1354 578 1392 :
605 1349 670 1391 ac
705 1334 928 1406 proinde
957 1335 1046 1405 qui
1077 1350 1175 1391 nos
1202 1335 1339 1391 intra
1364 1336 1620 1406 simplicis
1647 1335 1841 1391 littera:
1865 1334 2135 1406 angustias
2161 1348 2411 1390 coercere
2440 1334 2634 1402 vellet,
2665 1335 2712 1390 is
2739 1336 2952 1407 quidem
2984 1352 3082 1393 nos
3108 1337 3431 1410 deprimeret
3457 1339 3528 1395 ad

237 1429 592 1486 conditionem
617 1427 925 1483 Judzcorum
943 1468 959 1496 ,
988 1442 1123 1499 quos
1146 1443 1258 1484 sua:
1280 1429 1515 1499 ipsorum
1541 1428 1765 1485 cazcitati
1792 1428 1931 1484 Deus
1963 1425 2224 1497 permisit,
2255 1435 2310 1481 ut
2334 1426 2554 1481 vidente:
2580 1443 2683 1482 non
2706 1428 2907 1483 videant
2936 1427 3086 1500 (Luc.
3115 1429 3205 1485 viti
3226 1471 3239 1497 ,
3269 1430 3380 1502 10).

301 1525 476 1594 Atque
498 1522 618 1578 hate
645 1536 674 1576 a
703 1521 860 1578 nobis
886 1520 1026 1577 dicta
1047 1520 1174 1588 sint,
1204 1529 1262 1576 ut
1283 1522 1577 1593 generatim
1599 1521 1880 1592 Augustini
1904 1518 2216 1575 methodum
2241 1517 2627 1575 defendamus:
2652 1521 2863 1575 tametsi
2892 1521 3059 1576 uestri
3084 1521 3293 1577 consilii
3323 1537 3429 1577 non
3454 1522 3527 1577 sit

237 1628 554 1689 extorquere
581 1615 652 1671 ab
678 1615 949 1683 omnibus,
981 1623 1039 1670 ut
1062 1614 1147 1670 vel
1173 1614 1477 1671 levissimas
1506 1614 1743 1686 ejusdem
1770 1613 2058 1669 allusiones
2082 1612 2292 1680 eadem,
2320 1627 2423 1684 qua
2449 1627 2547 1668 nos
2575 1613 2696 1683 ipsi,
2731 1613 3072 1669 veneratione
3100 1623 3523 1685 prosequantur:

238 1711 364 1766 satis
391 1709 526 1775 erit,
558 1707 604 1762 si
633 1721 742 1763 non
781 1707 1024 1779 indignas
1060 1707 1281 1763 materia
1320 1722 1438 1778 quae
1477 1715 1767 1775 tractatur,
1802 1706 1943 1778 aequi
1982 1721 2158 1761 rerum
2204 1706 2557 1763 aestimatores
2595 1705 2853 1777 judicent.
2896 1707 3007 1764 lmo
3038 1723 3163 1764 vero
3198 1708 3243 1763 si
3274 1708 3529 1779 temporis

235 1801 445 1873 ingenio
464 1799 671 1855 servire
691 1813 758 1855 ac
775 1813 895 1854 sese
915 1797 1088 1870 plebis
1108 1799 1286 1870 captui
1307 1798 1714 1855 accommodare
1740 1813 1846 1855 non
1868 1799 2102 1854 novisset
2128 1799 2315 1854 beatus
2333 1798 2572 1865 Prazsul;
2585 1800 2653 1856 ab
2672 1815 2733 1855 ea
2754 1801 2960 1855 ratione
2982 1801 3171 1872 agendi
3193 1800 3525 1868 descivisset,

233 1911 386 1967 quam
417 1895 648 1967 ipsemet
670 1894 809 1949 Deus
828 1893 1043 1949 adhibet
1062 1894 1118 1949 in
1140 1893 1307 1951 sacris
1326 1894 1573 1960 Litteris;
1596 1893 1688 1949 ubi
1709 1893 1937 1965 Spiritus
1957 1901 2172 1948 sanctus
2193 1893 2408 1947 humani
2430 1893 2693 1949 sermonis
2713 1909 2919 1949 morem
2941 1905 3177 1964 usurpat,
3202 1895 3529 1951 humillimas

232 2002 469 2058 quasque
493 1986 706 2046 dicendi
731 1985 933 2041 formas
958 2001 1062 2042 non
1091 1987 1410 2058 repudians;
1439 1988 1529 2043 ubi
1555 1987 1713 2043 etiam
1733 2028 1748 2053 ,
1780 2002 1886 2058 quo
1911 1987 2165 2042 veritates
2199 1986 2265 2041 ad
2307 1987 2530 2042 salutem
2572 1987 2902 2043 necessarias
2940 1987 3246 2044 hominibus
3282 1989 3521 2058 iustillet,

233 2080 540 2136 historicam
582 2080 897 2135 varietatem
935 2094 998 2135 ac
1034 2081 1297 2151 poeticam
1331 2080 1857 2146 ammnitatemcum
1907 2080 2380 2135 instrumentorum
2423 2081 2745 2135 musicorum
2792 2082 3050 2137 suavitate
3088 2082 3527 2154 Psalmorumque

230 2184 384 2230 cantu
411 2176 710 2247 conjungit.
746 2174 1017 2230 Patiamur
1042 2175 1221 2246 itaque
1250 2174 1600 2246 Augustinum
1630 2174 1899 2246 allegoriis
1937 2182 2096 2244 atque
2134 2172 2253 2230 aliis
2282 2173 2740 2229 observationibus
2767 2175 2840 2229 uti
2859 2216 2875 2241 ,
2915 2175 3106 2245 quibus
3134 2190 3239 2230 non
3266 2175 3528 2246 imparem

230 2264 515 2324 arbitratur
543 2267 801 2339 populum
831 2281 1021 2333 suum;
1052 2276 1108 2323 et
1136 2268 1250 2323 haec
1278 2275 1458 2324 nostra
1486 2283 1612 2324 cura
1638 2269 1739 2333 sit,
1770 2267 2167 2323 admirabilibus
2205 2268 2519 2339 prteceptis,
2553 2284 2671 2340 qua:
2700 2268 2824 2325 inde
2852 2277 3005 2341 capta
3044 2270 3324 2325 occasione
3352 2270 3527 2326 eidem

231 2364 415 2431 tradit,
442 2363 816 2421 adhaerescere
844 2384 858 2420 :
891 2365 1035 2437 quod
1062 2366 1236 2437 ipsum
1267 2366 1513 2422 similiter
1540 2366 1826 2421 observare
1866 2379 1966 2421 nos
1991 2363 2306 2432 conveniet,
2340 2364 2387 2421 si
2416 2364 2629 2435 quando
2656 2363 2900 2421 nonnihil
2929 2381 2961 2421 a
2988 2382 3113 2423 vera
3142 2365 3529 2437 signiﬁcatione

230 2453 596 2512 dellectentem
617 2498 632 2523 ,
661 2457 860 2526 optima
888 2464 1064 2512 tamen
1089 2458 1382 2529 prtecipere
1410 2465 1570 2529 atque
1597 2456 1664 2512 ad
1691 2456 1943 2528 pietatem
1970 2456 2201 2511 maxime
2227 2456 2568 2511 accommoda
2598 2458 2947 2526 reperiemus.

299 2549 572 2605 Caeterum
615 2549 683 2605 de
721 2551 1229 2606 commentariorum
1270 2550 1524 2606 horumce
1563 2549 1756 2605 merito
1796 2563 1903 2604 non
1946 2557 2029 2604 est
2072 2546 2520 2619 pronuntiandum
2561 2557 2867 2618 comparate
2909 2549 2976 2605 ad
3016 2549 3284 2606 hebrarum
3326 2558 3530 2607 textum

233 2640 573 2710 hodiernum,
597 2658 771 2714 nequc
792 2643 950 2699 etiam
972 2642 1039 2698 ad
1060 2642 1531 2715 Hieronymianum
1553 2658 1567 2707 ;
1595 2641 1808 2714 quando
1824 2642 2151 2713 Augustinus
2167 2639 2312 2696 LXX
2334 2641 2677 2711 lntcrpretes,
2700 2642 2789 2712 qui
2812 2642 2946 2697 forte
2966 2641 3236 2699 hebracum
3255 2645 3531 2715 exemplar

232 2750 377 2807 eque
404 2736 489 2792 vel
517 2735 679 2790 etiam
707 2734 877 2806 magis
902 2735 1243 2791 emendatum
1273 2735 1529 2801 habuere,
1560 2733 1864 2807 sequendos
1894 2733 1993 2789 sibi
2022 2733 2316 2804 proposuit.
2348 2731 2570 2788 Nescius
2596 2743 2677 2789 est
2706 2748 2863 2789 nemo
2904 2743 3157 2815 quantum
3198 2736 3530 2791 auctoritatis

233 2843 410 2884 eorum
456 2827 779 2883 traductioni
820 2827 931 2898 jam
972 2828 1094 2885 inde
1122 2844 1151 2883 a
1182 2830 1369 2900 primis
1407 2827 1734 2899 temporibus
1763 2828 1904 2883 Deus
1931 2827 2157 2881 voluerit
2193 2840 2313 2880 esse
2343 2826 2396 2879 in
2428 2825 2700 2892 Ecclesia;
2731 2834 2988 2897 quantum
3028 2827 3436 2883 existimationis
3475 2828 3529 2883 ei

234 2919 533 2991 pepererint
564 2919 843 2991 Apostoli,
876 2920 1019 2975 illam
1056 2921 1111 2975 in
1137 2919 1272 2975 Novi
1302 2919 1627 2975 Testamenti
1671 2919 1877 2989 paginis
1914 2918 2326 2989 eonsignantes;
2376 2925 2633 2987 quantum
2681 2916 2912 2989 denique
2961 2919 3386 2974 testimoniorum
3426 2920 3527 2989 ipsi

235 3012 549 3081 protulerint
592 3010 796 3066 eisdem
837 3010 1049 3079 verbis,
1097 3010 1289 3082 quibus
1332 3012 1386 3067 in
1427 3011 1738 3067 eorumdem
1777 3010 2133 3083 lnterpretum
2175 3009 2424 3082 leguntur
2460 3008 2719 3091 Psalterio
2751 3027 2764 3064 :
2795 3024 2864 3066 ex
2892 3025 2997 3082 quo
3023 3011 3237 3082 quidem
3269 3012 3529 3068 Psalterio

236 3105 522 3161 Versiones
549 3120 741 3161 omnes
769 3121 886 3176 qua:
915 3105 1173 3161 hactenus
1204 3106 1257 3161 in
1285 3104 1523 3162 Ecclesia
1553 3105 1794 3173 valuere,
1824 3104 2077 3161 tradch
2104 3112 2248 3161 sunt.
2942 3152 2949 3161 .

302 3198 406 3255 Sed
435 3198 653 3270 quando
684 3214 782 3254 nos
804 3196 910 3254 huc
936 3197 1154 3254 adduxit
1177 3198 1369 3265 oratio,
1400 3207 1549 3254 extra
1577 3198 1909 3270 propositum
1941 3214 2045 3254 non
2072 3197 2237 3255 fuerit
2262 3197 2331 3254 de
2355 3198 2516 3254 variis
2542 3199 2646 3254 illis
2673 3198 3020 3257 Vcrsionibus
3048 3216 3211 3273 pauca
3239 3202 3525 3273 subjicere.

237 3294 590 3369 Hieronymus
616 3297 674 3351 in
700 3295 925 3367 epistola
955 3296 1059 3351 l35
1078 3336 1093 3361 ,
1125 3294 1192 3349 ad
1219 3295 1477 3350 Sunniam
1507 3303 1561 3350 et
1587 3294 1882 3362 Fretelam,
1913 3294 2192 3350 occasione
2222 3292 2572 3363 quorumdam
2602 3294 2841 3349 locorum
2874 3294 3145 3361 Psalterii,
3173 3295 3240 3350 de
3269 3310 3375 3366 quo
3403 3311 3528 3351 eum

237 3390 615 3457 consulebant,
646 3404 873 3461 grzecam
898 3386 1044 3443 LXX
1071 3387 1428 3457 lnterpretum
1464 3387 1776 3443 Versionem
1809 3397 1992 3444 monet
2021 3388 2072 3441 in
2105 3385 2312 3441 duabus
2340 3384 2668 3442 circumferri
2703 3386 3057 3452 editionibus;
3090 3402 3310 3457 quarum
3337 3388 3525 3456 altera,

240 3490 290 3537 et
316 3497 377 3537 ea
403 3481 622 3553 quidem
662 3481 829 3552 ipsius
857 3479 1058 3551 judicio
1101 3479 1279 3536 minus
1307 3481 1559 3551 castigata
1582 3522 1598 3546 ,
1626 3479 1903 3536 dicebatur
1929 3478 2269 3547 Communis,
2298 3478 2518 3549 Vulgata
2540 3520 2555 3543 ,
2585 3490 2638 3533 et
2666 3478 2884 3534 Luciani
2916 3478 3080 3534 editio
3113 3497 3125 3532 :
3158 3480 3321 3534 altera
3348 3489 3527 3535 autem

239 3582 373 3640 erat,
401 3590 525 3645 qua:
543 3615 559 3640 ,
590 3581 651 3628 nt
674 3573 789 3644 ejus
815 3572 978 3628 verba
1003 3586 1344 3642 usurpemus,
1373 3571 1583 3626 habetur
1610 3572 1663 3625 in
1697 3571 1967 3642 Hexaplis,
1998 3580 2052 3626 et
2076 3586 2191 3642 qua:
2216 3574 2273 3625 in
2297 3571 2608 3625 eruditorum
2635 3570 2773 3624 libris
2798 3571 3093 3642 incorrupta
3118 3580 3163 3624 et
3196 3572 3528 3625 immaculata

240 3676 535 3719 reservatur.
572 3664 645 3720 De
670 3679 773 3735 qua
798 3664 957 3720 etiam
983 3664 1143 3734 paulo
1165 3671 1289 3718 ante
1314 3662 1556 3727 dixerat,
1590 3660 1658 3716 Et
1686 3678 1719 3715 a
1744 3663 1887 3717 nobis
1913 3663 1967 3715 in
1997 3661 2212 3716 latinum
2240 3677 2518 3716 sermonem
2548 3660 2762 3729 ﬁdeliter
2787 3676 2928 3715 versa
2955 3669 3026 3715 est
3043 3703 3058 3727 ,
3089 3670 3134 3714 et
3161 3660 3530 3734 Hierosolyma!

239 3766 379 3827 atque
404 3758 457 3811 in
492 3756 711 3811 Orientis
740 3756 980 3813 Ecclesiis
1012 3758 1326 3813 deeanlatur.
1368 3755 1517 3812 Hanc
1546 3764 1873 3827 postremam
1914 3757 2171 3811 orationis
2207 3767 2414 3827 partem
2451 3755 2657 3811 videtur
2687 3757 3037 3822 Hincmarus,
3067 3758 3288 3828 epistola
3324 3773 3419 3814 sua
3458 3758 3527 3813 ad

237 3848 557 3907 Ludovicum
583 3850 882 3907 Germaniae
904 3866 1104 3923 regem,
1125 3849 1453 3906 intellexisse
1476 3849 1544 3905 de
1565 3850 1677 3920 ipsa
1698 3849 2007 3921 Hieronymi
2038 3851 2391 3915 traductione,
2423 3865 2543 3906 cum
2572 3850 2770 3906 rectius
2803 3849 2868 3905 de
2897 3865 3066 3921 graeca
3095 3851 3328 3906 editione
3354 3850 3528 3906 Hexa-

236 3946 438 4017 plorum
475 3946 819 4018 intelligatur.
847 3944 1209 4001 Petri‘Pithaei
1235 3959 1363 4000 vero
1391 3943 1491 3999 fuit
1519 3943 1718 4014 opinio,
1749 3942 1993 3998 eamdem
2026 3959 2146 4000 esse
2172 3945 2474 4000 versionem
2504 3944 2647 3998 illam
2669 3943 2999 4015 Hieronymi,
3027 3952 3185 4014 atque
3205 3942 3525 4003 Psalterium

236 4037 372 4108 quod
410 4038 716 4093 Romanum
757 4048 984 4105 vocant;
1017 4037 1296 4108 Vulgatam
1346 4051 1508 4107 porro
1554 4044 1793 4092 nostram
1842 4050 1947 4092 non
1993 4034 2153 4092 aliam
2197 4037 2494 4094 habendam
2516 4079 2530 4102 ,
2564 4052 2722 4107 quam
2752 4045 2986 4092 veterem
3021 4035 3337 4092 Versionem
3367 4051 3430 4092 ex
3462 4051 3527 4092 ea

238 4130 465 4186 editione
491 4146 613 4202 quae
641 4128 861 4185 Luciani
894 4128 1168 4185 dicebatur
1208 4127 1308 4201 (De
1332 4127 1505 4182 Latin.
1532 4125 1747 4182 Biblior.
1774 4127 2159 4197 interpretibus,
2192 4144 2311 4199 pag.
2340 4125 2417 4201 6).
2457 4128 2655 4183 Verum
2685 4142 2790 4183 non
2822 4128 2881 4183 ﬁt
2908 4127 3193 4183 admodum
3233 4128 3526 4183 verisimile

238 4233 338 4280 tam
364 4225 468 4281 levi
498 4223 713 4295 negotio
740 4223 1057 4279 Psalterium
1097 4236 1254 4278 suum
1290 4232 1528 4279 mutasse
1558 4222 1854 4280 Ecclesiam
1882 4222 2178 4279 Romanam
2210 4241 2223 4278 :
2254 4231 2449 4294 praeter
2471 4240 2630 4295 quam
2664 4224 2804 4296 quod
2843 4227 2895 4281 in
2932 4226 3122 4283 eodem
3151 4226 3241 4282 illo
3265 4226 3526 4283 Psalterio

238 4318 488 4374 lectiones
513 4316 759 4389 quaedam
786 4315 1160 4372 desiderantur
1186 4315 1435 4371 meliores
1467 4330 1531 4369 ac
1565 4315 1990 4384 emendatiores,
2021 4331 2155 4386 quas
2196 4316 2251 4370 in
2287 4330 2464 4386 graeco
2501 4315 2859 4385 Hexaplorum
2899 4332 2958 4373 se
2998 4318 3261 4388 reperisse
3303 4327 3527 4375 testatur

235 4411 609 4482 Hieronymus.
634 4390 719 4464 Ad
741 4407 1018 4480 Vulgatam
1042 4407 1331 4464 editionem
1356 4407 1499 4478 quod
1525 4408 1736 4473 attinet,
1763 4406 1900 4460 bona
1924 4408 2027 4461 ﬁde
2050 4417 2262 4461 nostras
2286 4405 2354 4461 de
2379 4407 2466 4461 illa
2490 4407 2825 4477 conjecturas
2846 4407 2937 4463 hic
2963 4423 3339 4478 pr0ponemus.
3378 4407 3526 4462 Idem

235 4504 345 4574 ipse
371 4504 732 4574 Hieronymus
772 4500 992 4572 epistola
1032 4515 1126 4555 sua
1169 4500 1234 4554 ad
1280 4499 1497 4554 Paulam
1536 4507 1593 4553 et
1629 4498 1977 4554 Eustochium
2027 4498 2290 4567 signiﬁcat
2334 4512 2392 4551 se
2436 4498 2606 4552 semel
2642 4507 2802 4569 atque
2842 4499 3033 4554 iterum
3074 4498 3330 4556 Psalterio
3360 4500 3526 4557 latino

234 4596 297 4651 ad
320 4594 466 4651 LXX
498 4592 851 4664 lnterpretum
891 4592 1181 4648 editionem
1221 4589 1531 4660 castigando
1569 4604 1789 4659 operam
1818 4604 2077 4656 navasse;
2108 4588 2281 4657 primo
2307 4589 2494 4643 cursim
2519 4598 2565 4644 et
2594 4606 2777 4661 magna
2805 4606 2868 4645 ea:
2895 4599 3068 4663 parte,
3098 4606 3218 4646 cum
3257 4591 3431 4647 adhuc
3470 4592 3524 4647 in

234 4688 360 4743 urbe
394 4694 745 4743 versaretur:
778 4686 1013 4741 secundo
1050 4684 1347 4756 diligenter,
1382 4682 1602 4753 jamque
1638 4682 1693 4735 in
1722 4695 1938 4737 secessu
1976 4679 2186 4736 abditus
2220 4679 2681 4738 Bethlehemitico.
2727 4682 2935 4739 Ultimae
2980 4682 3139 4755 hujus
3180 4684 3526 4741 correctionis

232 4780 556 4852 exemplaria
577 4786 727 4850 optat
748 4785 806 4833 ut
829 4791 948 4832 cum
970 4791 1096 4831 cura
1120 4784 1175 4830 et
1194 4774 1463 4846 diligentia
1485 4771 1942 4840 transcribantur;
1970 4787 2179 4827 necnon
2205 4770 2377 4827 eidem
2399 4771 2592 4828 additae
2616 4774 2711 4829 abs
2733 4789 2792 4829 se
2819 4782 2957 4829 notae
2981 4774 3352 4846 appingantur,
3383 4777 3526 4831 obcli

230 4871 516 4937 videlicet,
543 4887 576 4926 a
604 4868 796 4941 quibus
835 4882 1002 4938 usque
1039 4867 1106 4921 ad
1146 4866 1424 4938 sequentia
1452 4864 1558 4920 duo
1587 4872 1815 4936 puncta,
1860 4879 1979 4935 qum
2018 4863 2330 4934 legebantur
2368 4863 2509 4934 apud
2550 4864 2694 4919 LXX
2736 4880 2858 4920 cum
2902 4866 2957 4920 in
3001 4864 3216 4923 hebraeo
3253 4867 3524 4934 deessent,

231 4963 641 5020 ineludebantur
661 4948 760 5026 ;et
782 4960 1021 5016 asterisci
1040 5001 1056 5027 ,
1085 4958 1277 5030 quibus
1301 4956 1547 5013 similiter
1571 4972 1691 5028 quae
1718 4956 1784 5011 ad
1813 4955 2054 5026 proxima
2086 4955 2193 5011 duo
2214 4964 2406 5026 puncta
2433 4956 2793 5027 sequebantur
2810 4998 2826 5024 ,
2851 4972 2918 5013 ex
2945 4957 3157 5014 hebrteo
3174 4959 3322 5030 juxta
3343 4960 3527 5018 Theo-

229 5057 463 5114 dotionis
499 5054 790 5111 editionem
824 5051 966 5108 LXX
998 5050 1377 5122 lnterpretibus
1405 5050 1700 5106 accessisse
1728 5056 1910 5104 notum
1940 5047 2114 5103 ﬁeret.
2150 5047 2313 5118 Atqui
2344 5047 2646 5119 hujusmodi
2676 5051 2823 5121 signa
2853 5052 3145 5107 etiamnum
3174 5053 3224 5108 in
3254 5055 3526 5113 veteribus

228 5150 549 5223 quibusdam
577 5147 818 5218 Vulgatze
842 5145 1247 5215 manuscriptis,
1289 5158 1395 5199 non
1429 5151 1607 5200 autem
1638 5143 1689 5198 in
1726 5143 1835 5197 alio
1870 5142 1983 5197 ullo
2018 5141 2403 5197 Psalteriorum
2435 5143 2722 5199 latinorum
2759 5146 2998 5203 invenire
3032 5156 3135 5204 est.
3176 5150 3303 5205 Hme
3331 5152 3442 5222 ipsa
3474 5152 3528 5207 in

230 5242 598 5315 compluribus
635 5239 906 5297 codicibus
940 5239 1039 5294 sibi
1077 5238 1356 5293 observata
1381 5235 1608 5291 Iacobus
1634 5234 1807 5290 Faber
1833 5233 2165 5306 Stapulensis
2191 5232 2421 5289 afﬁrmat
2460 5233 2693 5307 (Prolog.
2725 5237 2781 5292 in
2808 5236 3126 5294 Psalterium
3153 5241 3477 5313 quincuplez)
3510 5260 3526 5297 :

231 5337 437 5409 ipsique
462 5336 727 5391 habemus
751 5347 863 5404 prre
890 5330 1135 5386 manibus
1168 5328 1593 5401 antiquissimum
1632 5327 1953 5397 tripartitum
1978 5326 2298 5384 Psalterium
2325 5325 2552 5382 abbatite
2578 5327 2758 5383 Sancti
2789 5329 2934 5386 Petri
2961 5330 3309 5388 Carnutensis
3329 5376 3343 5401 ,
3385 5334 3529 5405 quod

234 5431 291 5485 in
314 5431 483 5501 prima
509 5428 760 5483 columna
783 5425 1103 5481 Psalterium
1129 5423 1440 5493 Hieronymi
1467 5438 1531 5478 ex
1558 5420 1775 5477 hebraeo
1794 5419 2053 5486 continet,
2080 5419 2134 5474 in
2160 5419 2316 5474 tertia
2342 5428 2497 5476 vetus
2520 5420 2840 5477 Psalterium
2866 5438 2897 5477 a
2924 5424 3164 5480 Romano
3188 5433 3348 5495 atque
3373 5425 3440 5480 ab
3461 5441 3528 5481 eo

233 5539 339 5593 quo
358 5537 488 5578 usus
509 5529 595 5577 est
614 5519 962 5591 Augustinus,
991 5533 1178 5589 parum
1198 5516 1541 5587 discrepans;
1570 5514 1621 5569 in
1642 5512 1875 5570 secunda
1894 5526 2023 5568 vero
2045 5510 2334 5567 editionem
2349 5511 2631 5583 Vulgatam
2651 5514 2868 5571 exhibet
2889 5530 3010 5572 cum
3032 5532 3189 5588 supra
3214 5519 3527 5575 memoratis
3599 5514 3602 5522 “

236 5614 547 5686 Hieronymi
578 5611 754 5669 obelis
782 5619 834 5666 et
858 5611 1147 5666 asteriscis.
1177 5609 1311 5665 Hinc
1337 5607 1490 5665 facile
1511 5606 1891 5679 persuademur
1916 5604 2198 5676 Vulgatam
2222 5619 2342 5661 esse
2376 5606 2544 5676 ipsam
2584 5607 2727 5663 illam
2756 5608 3071 5667 Versionem
3100 5611 3167 5665 ab
3194 5608 3524 5682 Hieronymo
3566 5602 3571 5609 ’

233 5709 481 5767 secundis
507 5707 654 5765 curis
685 5705 1025 5762 emendatam
1053 5722 1068 5759 :
1095 5720 1214 5776 quae
1239 5712 1419 5760 nostra
1446 5700 1709 5758 sententia
1734 5700 1955 5769 insuper
1980 5699 2293 5754 auctoritate
2319 5700 2666 5771 manuscripti
2691 5700 3029 5759 bibliotheca:
3051 5701 3370 5758 Colbertinae
3394 5713 3519 5760 ante
3564 5774 3571 5779 _

236 5804 604 5877 septingentos
626 5816 802 5858 annos
826 5801 1029 5856 exarati
1052 5800 1416 5866 conﬁrmatur,
1447 5798 1536 5869 qui
1558 5796 1836 5868 Vulgatam
1859 5806 1982 5848 cum
2008 5791 2195 5849 iisdem
2219 5792 2649 5867 Hieronymianis
2665 5794 2833 5861 notis,
2862 5803 2916 5851 et
2938 5796 3037 5851 sub
3063 5794 3163 5850 hac
3183 5793 3529 5866 inscriptione

237 5896 661 5972 comprehendit,
693 5893 845 5951 Liber
867 5892 1193 5950 Psalmorum
1216 5892 1279 5949 de
1304 5891 1631 5948 translatione
1650 5889 1987 5963 Septuaginta
2005 5888 2357 5960 interpretum,
2385 5882 2704 5945 emendatum
2725 5906 2758 5945 a
2783 5897 2959 5945 sancto
2979 5887 3296 5963 Hieronymo
3317 5890 3372 5947 in
3393 5906 3523 5947 noro
