4042 6482
451 436 533 501 ω,
1910 432 2292 493 ΡΒᾹΞΡΑΤΙα
3663 430 3747 489 Ὦ

451 550 637 629 (ιονιειι.Δ
657 552 722 615 de
743 553 913 627 novo).
940 552 1329 626 Comprobstur
1351 550 1580 623 denique
1599 550 1905 606 testimonio
1928 547 2182 604 Valalridi
2199 546 2503 615 Strabonis,
2523 545 2683 616 alius
2698 560 2799 602 nos
2818 544 2954 602 infra
2994 546 3167 602 locum
3206 561 3391 603 sumus
3427 546 3738 605 exbibituri.

524 642 727 703 Verum
744 644 872 705 illud
901 644 1085 703 forsan
1105 645 1280 703 minus
1300 642 1634 714 exploratum
1661 654 1764 709 est,
1796 641 1889 699 sed
1919 650 2105 697 nostro
2120 638 2323 710 judicio
2342 655 2436 696 sua
2469 654 2573 695 non
2598 648 2746 695 caret
2769 638 3259 706 verisimilitudine,
3293 641 3542 697 nimirum
3585 656 3739 696 eam-

402 764 405 767 λ
452 736 579 795 dem
603 738 745 799 banc
765 751 1001 801 nostram
1033 739 1313 812 Vulgatam
1339 738 1578 808 potuisse
1605 737 1673 793 ab
1698 737 2024 807 Hieronymo
2044 735 2268 804 epistola
2292 734 2395 791 155
2422 734 2528 793 dici
2556 732 2976 791 Traductionem
2999 748 3066 788 ex
3090 733 3345 804 Hexaplis
3370 749 3401 789 a
3427 750 3486 790 se
3513 734 3739 803 editam,

454 827 607 905 quod
629 829 771 884 illam
801 830 1003 887 eisdem
1030 829 1425 900 exemplaribus
1452 829 1875 885 consentientem
1920 826 2227 888 effecisset;
2255 825 2482 895 epistola
2509 839 2641 879 vero
2664 823 2846 879 Parthe
2871 832 2928 880 et
2966 824 3261 881 Eustochio
3284 825 3483 894 scripta
3515 824 3738 882 Versic-

454 938 580 978 nem
613 923 977 979 tantummodo
1015 931 1328 988 correctam,
1357 921 1500 995 quod
1532 922 1762 991 antiqua:
1788 919 1970 984 verba,
2012 926 2271 988 quantum
2314 918 2371 971 in
2410 917 2526 986 ipso
2562 916 2761 983 fuerat,
2782 917 3117 979 retinuisset.
3146 916 3289 975 inter
3315 919 3448 973 alias
3476 919 3736 983 rationes,

457 1027 579 1084 quae
617 1030 715 1069 nos
760 1028 824 1067 eo
852 1013 1151 1083 impellunt,
1184 1013 1299 1071 lucc
1334 1025 1438 1080 est,
1470 1013 1615 1084 quod
1644 1012 1897 1068 videlicet
1936 1012 1969 1064 ii
2013 1010 2135 1078 loci,
2163 1025 2297 1080 quos
2335 1009 2692 1080 Hieronymus
2720 1018 2844 1078 post
2887 1008 3080 1065 factam
3123 1010 3447 1067 metumetu
3481 1011 3744 1067 versionis

448 1117 571 1163 suae
596 1119 663 1160 ex
696 1104 945 1175 l‘lexaplis
968 1106 1255 1163 defendere
1281 1107 1608 1179 aggreditur,
1632 1106 1685 1159 in
1713 1105 2093 1177 manuscriptis
2114 1104 2358 1174 Vulgata:
2386 1103 2662 1159 codicibus
2688 1104 3047 1175 reperiuntur.
3086 1104 3223 1161 Nam
3244 1107 3348 1163 etsi
3381 1106 3570 1163 eadem
3607 1107 3739 1163 Vul-

452 1201 583 1268 gata
608 1194 662 1250 in
694 1195 877 1251 Bibliis
900 1199 1123 1253 excusis.
1136 1197 1350 1264 habeat,
1383 1198 1530 1253 verbi
1566 1199 1759 1270 gratia,
1788 1196 1926 1256 hanc
1968 1199 2021 1252 in
2056 1198 2261 1269 psalmo
2287 1197 2494 1269 quinto,
2538 1197 2575 1267 ﬁ
2605 1234 2619 1249 .
2649 1195 2703 1261 9,
2733 1195 3041 1263 lectionem,
3070 1196 3249 1268 Dirige
3290 1199 3346 1253 in
3366 1209 3637 1271 conspectu
3659 1209 3749 1256 tuo

470 1289 628 1354 viam,
656 1304 840 1354 meam,
868 1305 987 1364 qua:
1013 1289 1339 1363 Hieronymo
1366 1307 1474 1347 non
1490 1276 1752 1361 probatur
1776 1310 1788 1344 :
1819 1299 2056 1346 attamen
2078 1289 2137 1345 in
2162 1288 2309 1345 MSS.
2337 1288 2484 1344 illam
2520 1287 2775 1354 ostendit,
2803 1304 2962 1359 quam
2988 1290 3283 1347 secundum
3301 1290 3447 1347 LXX
3474 1291 3740 1360 Interpre-

470 1390 555 1438 tes
585 1382 863 1454 legendam
892 1385 1080 1443 astruit
1108 1385 1246 1444 idem
1274 1386 1496 1451 Doctor,
1533 1401 1747 1457 nempe,
1789 1384 1963 1457 Dirige
1987 1385 2039 1439 in
2063 1391 2337 1454 conspectu
2368 1400 2478 1439 mea
2517 1383 2650 1441 viam
2675 1392 2836 1441 tuam.
2867 1383 3021 1440 Haud
3062 1399 3217 1449 secus
3244 1385 3486 1441 existima
3514 1384 3583 1440 de
3615 1400 3751 1442 voce

459 1483 626 1542 tmte,
658 1462 816 1548 quam
842 1478 1042 1535 idcirco
1067 1479 1150 1549 ei
1176 1520 1189 1532 .
1217 1479 1251 1535 5
1282 1480 1467 1550 psalmi
1496 1495 1637 1539 stvn
1664 1489 1720 1536 et
1744 1493 1776 1534 e
1815 1480 1851 1550 ᾗ
1874 1517 1888 1533 .
1916 1494 1953 1537 tt
1983 1478 2117 1549 psal.
2152 1493 2285 1537 un
2310 1477 2408 1533 abs
2433 1491 2493 1534 se
2511 1476 2743 1535 deletam
2764 1477 2972 1542 scribit.
2996 1479 3123 1549 quia
3149 1493 3323 1549 neque
3350 1478 3409 1534 in
3432 1478 3646 1537 bebrzeo
3673 1482 3752 1536 le-

459 1569 601 1639 gitur
623 1586 796 1646 neque
831 1570 884 1625 in
912 1570 1083 1637 LXX,
1110 1586 1227 1642 quae
1255 1586 1356 1627 vox
1387 1571 1585 1643 pariter
1614 1570 1671 1626 in
1707 1570 1944 1641 Vulgata:
1971 1586 2134 1628 manu
2160 1569 2394 1628 exaratis
2418 1567 2692 1625 codicibus
2719 1582 2833 1625 non
2859 1568 3145 1637 reperitur.
3186 1568 3257 1623 Et.
3275 1575 3467 1624 contra
3488 1578 3664 1624 exstat.
3691 1571 3747 1625 in

456 1657 529 1718 iis
546 1675 646 1715 vox
676 1677 840 1727 suam,
864 1677 1023 1732 quam
1054 1662 1111 1719 in
1133 1660 1383 1737 Ilexaplis
1405 1661 1505 1719 sub
1521 1676 1654 1719 veru
1681 1659 1916 1717 additam
1966 1676 2090 1719 cum
2121 1661 2487 1734 Hieronymus
2506 1661 2797 1731 reperisset
2816 1659 2869 1715 in
2890 1661 2923 1730 ᾗ
2948 1698 2962 1713 .
2993 1660 3031 1717 6.
3048 1660 3239 1731 psalmi
3258 1674 3411 1725 svnt,
3436 1660 3755 1719 servandam

459 1749 803 1806 existimavit.

533 1842 695 1900 Forte
722 1844 881 1901 etiam
907 1845 1190 1917 contigerit
1217 1853 1275 1901 ut
1302 1860 1367 1901 ea
1395 1843 1607 1912 Versio,
1647 1845 1799 1917 cujus
1823 1846 1956 1901 certi
1981 1846 2091 1903 loci
2127 1845 2351 1904 Sunnire
2389 1853 2443 1900 et
2472 1842 2731 1911 Fretelae,
2751 1843 2845 1916 qui
2871 1842 3139 1915 degebant
3175 1842 3235 1897 in
3255 1841 3563 1911 Germania,
3591 1859 3753 1915 nego-

462 1936 596 1994 tium
627 1935 979 2004 l‘acessebant,
998 1938 1110 2015 jam
1140 1937 1263 1993 inde
1290 1938 1357 1993 ab
1374 1938 1459 1995 his
1479 1938 1811 2010 temporibus
1841 1938 1895 1993 in
1925 1938 2128 1996 Gallias
2150 1937 2457 2011 pervenerit
2483 1954 2497 1991 :
2527 1936 2789 2008 quamvis,
2812 1935 2859 1991 si
2878 1934 3197 2006 quibusdam
3224 1932 3484 1991 habeatur
3510 1935 3665 2003 ﬁdes,
3687 1939 3755 1992 eo

460 2042 570 2084 non
600 2028 700 2082 nisi
739 2037 861 2099 post
883 2045 1053 2087 annos
1078 2029 1311 2101 amplius
1338 2030 1442 2087 £50
1478 2045 1547 2087 ex
1577 2028 1719 2088 Urbe
1751 2031 1954 2101 perlata
1984 2033 2073 2089 sit.
2116 2032 2252 2087 Illud
2278 2038 2506 2086 testatur
2530 2027 2831 2085 Valalridus
2865 2027 3054 2085 Strabo
3076 2026 3146 2082 de
3173 2024 3337 2082 rebus
3362 2025 3753 2085 Ecclesiasticis

461 2136 584 2192 cap.
610 2122 681 2176 25
702 2124 753 2181 in
775 2122 890 2178 haec
910 2123 1069 2179 verba
1097 2120 1368 2178 :Psalmos
1393 2132 1561 2177 autem
1594 2139 1710 2177 cum
1737 2124 2013 2179 secundum
2033 2123 2186 2180 LXX
2212 2123 2522 2193 lnterpretes
2542 2121 2762 2178 Romani
2787 2120 2954 2177 adhuc
2974 2119 3213 2182 habeant,
3241 2117 3378 2174 Galli
3402 2129 3451 2173 et
3476 2117 3759 2175 Germano-

462 2232 580 2271 rum
614 2216 770 2286 aliqui
795 2217 1072 2277 secundum
1099 2217 1517 2281 emendationem,
1554 2234 1707 2290 quam
1738 2217 2081 2291 Hieronymus
2110 2202 2263 2291 pater.
2290 2220 2352 2275 de
2378 2218 2527 2276 LXX
2561 2220 2778 2274 editione
2808 2219 3115 2291 composuit,
3164 2218 3474 2275 Psalterth
3511 2226 3759 2273 cantant:

463 2325 621 2380 quant
643 2308 918 2381 Gregorius
950 2309 1259 2367 Turonensis
1296 2311 1563 2382 episcopus
1594 2327 1627 2366 a
1652 2312 1879 2382 partibus
1909 2311 2157 2369 Romanis
2187 2321 2491 2380 mutuatum,
2530 2314 2589 2367 in.
2615 2310 2904 2369 Galliarum
2928 2311 3116 2367 dicitur
3142 2309 3398 2367 Ecclesiae
3427 2311 3759 2366 transtulisse.

464 2400 646 2459 Hocce
682 2402 1017 2466 Psalterium,
1045 2402 1209 2473 quod,
1238 2404 1359 2474 quia
1401 2403 1494 2458 illo
1518 2402 1677 2474 primi
1702 2401 1943 2461 omnium
1967 2402 2104 2460 Galli
2133 2404 2213 2459 usi
2249 2413 2392 2469 sunt,
2426 2402 2769 2459 Gallicanum
2799 2412 3042 2468 vocatur,
3082 2403 3283 2457 sensim
3312 2403 3363 2457 in
3394 2416 3584 2457 omnes
3608 2403 3753 2458 occi-

465 2494 711 2550 dentales
738 2492 1007 2555 Ecclesias
1028 2493 1128 2549 fuit
1148 2502 1453 2567 receptum.
1476 2493 1575 2549 Vir
1603 2494 1816 2549 eximiae
1844 2494 2168 2551 eruditionis
2195 2509 2257 2549 ac
2279 2494 2376 2563 pia:
2405 2492 2697 2560 memoriae,
2728 2491 3027 2550 Cardinalis
3055 2492 3224 2557 Bona,
3253 2491 3321 2547 dc
3349 2493 3508 2548 rebus
3528 2492 3761 2562 Liturgi-

465 2585 550 2644 cis
562 2587 656 2643 lib.
684 2586 741 2652 2,
764 2600 882 2656 cap.
907 2585 962 2653 5,
988 2595 1173 2640 censet
1192 2587 1310 2656 ejus
1335 2602 1487 2641 usum
1511 2595 1637 2645 ante
1664 2601 1837 2642 annos
1868 2584 2063 2642 abhinc
2084 2594 2369 2644 sexcentos
2395 2585 2687 2641 admissum
2712 2584 2764 2641 in
2786 2581 2935 2640 Italia
2956 2582 3143 2650 fuisse,
3176 2593 3539 2655 praeterquam.
3568 2584 3623 2641 in
3647 2584 3756 2639 Nec

466 2678 768 2735 diolancnsi
801 2676 1063 2745 Ecclesia,
1094 2694 1213 2749 qure
1242 2678 1521 2757 antiquum
1560 2694 1714 2735 suum
1741 2678 2058 2736 Psalterium
2096 2678 2365 2749 hodieque
2401 2677 2631 2745 retinet;
2662 2685 3016 2751 praeterquam
3044 2676 3206 2733 etiam
3229 2675 3282 2731 in
3312 2674 3473 2731 Urbis
3497 2675 3755 2733 Ecclesiis

472 2774 529 2830 in
560 2771 751 2844 quibus
778 2770 1049 2841 proprium
1077 2785 1229 2825 suum
1256 2770 1492 2828 obtinuit
1521 2771 1595 2831 ad
1610 2780 1822 2831 aetatem
1853 2788 2017 2844 usque
2040 2772 2116 2827 Pii
2140 2772 2207 2839 V,
2239 2773 2391 2844 cujus
2411 2771 2565 2843 jussu
2588 2770 2694 2827 illae
2722 2770 3000 2843 Vulgatam
3027 2769 3317 2827 editionem
3331 2769 3591 2840 amplexa:
3612 2778 3760 2835 sunt,

482 2871 707 2934 excepta
729 2876 833 2918 una
859 2859 1130 2927 Vaticana,
1154 2863 1243 2919 ubi
1265 2863 1429 2923 etiam
1454 2878 1596 2920 nunc
1618 2862 1919 2920 Romanum
1950 2865 2159 2920 canitur
2186 2864 2525 2920 Psalterium.

449 3000 453 3004 .
549 2956 644 3013 llis
672 2954 738 3012 ad
763 2970 885 3010 eum
916 2955 1130 3010 modum
1159 2955 1418 3026 expositis
1446 2956 1555 3011 erit
1571 2952 1793 3016 forsitan
1820 2958 1907 3029 qui
1941 2972 2101 3013 nosse
2130 2957 2308 3026 cupiat
2326 2972 2485 3025 quem
2516 2957 2692 3011 locum
2717 2956 2855 3011 inter
2881 2953 2984 3011 alia
3012 2952 3269 3009 Psalteria
3308 2952 3757 3024 Augustinianum

473 3052 576 3110 sibi
598 3050 873 3114 vindicet;
902 3066 967 3103 an
998 3048 1161 3103 variae
1190 3049 1293 3102 illa;
1317 3048 1598 3115 lectiones,
1622 3052 1676 3105 in
1698 3049 1897 3118 quibus
1927 3066 1954 3102 a
1979 3049 2205 3119 Vulgata
2226 3057 2407 3103 nostra
2427 3048 2665 3112 dissidet,
2690 3048 2916 3102 aliorum
2942 3045 3195 3117 sull‘ragio
3223 3046 3549 3111 innitantur;
3579 3055 3765 3101 utrum

471 3146 687 3202 tandem
715 3162 836 3203 cum
875 3160 1052 3218 grteco
1077 3141 1223 3203 LXX
1264 3140 1641 3212 Interpretum,
1669 3142 1816 3211 quod
1855 3154 2036 3197 uestra
2080 3143 2179 3198 hac
2223 3142 2478 3198 memoria
2516 3151 2710 3207 exstat,
2740 3142 2860 3212 plus
2888 3144 3131 3196 minusve
3167 3142 3486 3198 consentiat.
3527 3142 3607 3196 Ea
3640 3153 3765 3196 sum

473 3253 597 3309 quae
627 3237 781 3295 nobis
807 3237 1069 3293 induxere
1098 3236 1150 3289 in
1183 3233 1440 3301 animum,
1470 3243 1527 3287 ut
1552 3232 1875 3303 exemplaria
1902 3233 2133 3301 diversa,
2163 3220 2282 3289 ttun.
2297 3233 2463 3303 prelo,
2487 3242 2598 3287 tum
2627 3232 2832 3291 calamo
2859 3232 2998 3288 edita
3019 3233 3407 3301 conferremus,
3438 3248 3502 3290 ac
3527 3233 3761 3289 varieta-

474 3337 557 3383 tes
586 3328 822 3384 maxime
844 3327 1094 3398 insignes,
1125 3340 1258 3398 quas
1294 3323 1764 3395 deprehendimus,
1795 3327 1976 3383 lectori
2010 3342 2447 3399 proponeretnus.
2483 3326 2583 3381 Eas
2612 3324 2771 3396 igitur
2796 3326 2931 3380 infra
2971 3324 3203 3385 habituri
3240 3327 3389 3393 estis,
3420 3342 3541 3381 cum
3583 3327 3767 3383 locum

476 3433 642 3476 unum
673 3419 1088 3492 praemiserimus
1125 3434 1157 3474 e
1184 3418 1319 3474 libro
1346 3417 1411 3474 17
1450 3416 1519 3474 de
1546 3417 1771 3474 Civitate
1807 3418 1920 3484 Dei,
1949 3418 2037 3473 ubi
2066 3418 2414 3490 Augustinus,
2446 3433 2564 3488 qute
2594 3432 2689 3473 sua
2718 3417 2786 3472 sit
2811 3417 2879 3480 de
2903 3417 3167 3475 Psalterio
3191 3417 3445 3476 Davidico
3470 3418 3763 3486 sententia,

476 3514 768 3588 expromit.

1546 3648 2704 3728 “nmmos-—

1250 3854 1369 3919 nx
1413 3855 1663 3919 ιωῃο
1690 3857 1871 3920 xvn
1902 3856 2009 3919 DE
2038 3856 2419 3921 CIVITATE
2447 3857 2608 3935 DEI,
2641 3856 2817 3922 CAP.
2853 3858 3047 3937 XIV,

1702 4066 1786 4108 DE
1819 4064 2203 4115 PSALMOBUM
2252 4062 2566 4114 AUCTORE.

552 4241 678 4298 Erat
705 4239 875 4295 David
897 4239 975 4295 vir
993 4239 1049 4296 in
1076 4238 1285 4295 canticis
1311 4238 1557 4308 eruditus,
1583 4240 1669 4309 qui
1688 4239 2000 4293 harmoniam
2024 4239 2269 4293 musicam
2298 4254 2398 4292 non
2421 4238 2620 4309 vulgari
2638 4239 2913 4307 voluptate,
2937 4238 3028 4293 sed
3054 4238 3195 4308 ﬁdeli
3221 4238 3475 4293 voluntate
3501 4239 3772 4307 dilexerit;

477 4349 637 4407 eaque
657 4333 767 4391 Deo
790 4351 902 4402 suo,
928 4333 1012 4405 qui
1037 4349 1181 4388 verus
1202 4341 1277 4387 est
1302 4330 1461 4398 Deus,
1492 4332 1704 4403 mystica
1728 4333 1801 4386 rei
1824 4347 2021 4402 magna:
2044 4332 2355 4401 figuratione
2380 4329 2625 4384 servierit.
2663 4328 2993 4386 Diversarum
3017 4331 3151 4384 enim
3182 4346 3420 4387 sonorum
3448 4332 3767 4388 rationabilis

479 4428 867 4499 moderatusque
900 4438 1190 4494 concentus,
1222 4424 1461 4481 concordi
1496 4428 1731 4481 varietate
1766 4434 2078 4497 compactam
2103 4423 2227 4480 bene
2262 4424 2510 4479 ordinatis
2538 4424 2752 4479 civitatis
2793 4425 3017 4480 insinuat
3053 4424 3312 4478 unitatem.
3344 4424 3575 4495 Denique
3601 4429 3767 4483 omnis

482 4525 590 4595 fere
615 4523 878 4593 prophetia
905 4525 1018 4595 ejus
1040 4523 1093 4576 in
1118 4521 1339 4576 Psalmis
1357 4508 1477 4575 est':
1504 4537 1629 4591 quos
1658 4531 1854 4575 centum
1882 4519 2249 4593 quinquaginta
2280 4519 2402 4573 liber
2431 4519 2670 4586 continet,
2696 4535 2843 4590 quem
2866 4517 3190 4573 Psalmorum
3214 4533 3447 4575 vocamus
3474 4536 3492 4576 :
3514 4522 3568 4575 in
3591 4522 3772 4592 quibus

478 4615 716 4672 nonnulli
744 4618 938 4683 volunt,
967 4632 1051 4670 eos
1074 4616 1207 4670 solos
1235 4620 1398 4687 factos
1424 4631 1529 4668 esse
1552 4631 1583 4667 a
1616 4614 1799 4677 David,
1826 4616 1912 4685 qui
1937 4616 2048 4685 ejus
2080 4613 2283 4667 nomine
2309 4612 2539 4684 inscripti
2563 4623 2678 4667 sunt
2701 4628 2720 4667 :
2746 4623 2863 4667 sunt
2886 4614 3034 4667 etiam
3067 4613 3153 4684 qui
3180 4623 3359 4683 putant
3389 4630 3488 4669 non
3508 4615 3570 4669 ab
3598 4632 3656 4670 eo
3683 4621 3767 4686 fa—

480 4721 608 4774 ctos,
650 4708 751 4763 nisi
786 4709 871 4779 qui
899 4716 1261 4779 praenotantur,
1294 4706 1464 4776 Ipsius
1503 4706 1695 4771 David;
1729 4708 1812 4777 qui
1849 4722 1963 4759 vero
2007 4704 2191 4757 habent
2218 4704 2271 4755 in
2308 4705 2485 4770 titulis,
2531 4704 2634 4773 Ipsi
2662 4704 2847 4768 David,
2878 4704 2939 4757 ab
2981 4705 3095 4757 aliis
3125 4709 3309 4777 factos,
3343 4721 3569 4775 personat
3598 4706 3764 4777 ipsius

484 4803 641 4876 fuisse
663 4810 944 4872 cooptatos.
975 4800 1102 4866 Qua:
1129 4800 1298 4869 opinio
1328 4815 1445 4854 voce
1472 4798 1759 4870 evangelica
1788 4796 2070 4853 Saluatoris
2095 4794 2259 4867 ipsius
2287 4795 2559 4865 refutatur,
2591 4794 2679 4848 ubi
2704 4795 2797 4861 ait,
2824 4794 2959 4866 quod
2977 4796 3085 4866 ipse
3111 4795 3278 4850 David
3303 4796 3357 4850 in
3384 4796 3585 4867 Spiritu
3612 4796 3767 4852 Chri-

482 4905 615 4949 stum
641 4894 822 4948 dixerit
843 4910 950 4948 esse
976 4909 1123 4947 suum
1148 4890 1418 4946 Dominum
1455 4889 1665 4964 (Matth.
1701 4906 1829 4957 χιιι,
1856 4888 1946 4963 45)
1983 4907 1994 4943 :
2023 4889 2263 4961 quoniam
2288 4885 2516 4959 psalmus
2540 4888 2838 4943 centesimus
2864 4905 3028 4944 nonus
3053 4891 3126 4943 sic
3154 4890 3332 4960 incipit
3356 4905 3375 4944 :
3403 4890 3545 4947 Dixit
3582 4891 3768 4948 Domi-

484 5000 590 5041 nus
616 4985 842 5041 Domino
872 5000 1012 5049 meo,
1040 4982 1180 5041 Sede
1208 4999 1236 5035 a
1279 4982 1482 5038 dextris
1511 4982 1666 5048 meis,
1700 4981 1870 5036 donec
1913 4973 2103 5050 ponam
2141 4981 2388 5039 inimicos
2419 4988 2537 5035 tuos
2574 4980 2861 5036 scabellum
2890 4980 3082 5050 pedum
3117 4990 3349 5037 tuorum.
3380 4979 3449 5037 Et
3473 4996 3604 5038 certe
3630 4985 3767 5041 idem

486 5075 716 5149 psalmus
742 5093 842 5131 non
880 5075 1027 5131 habet
1054 5076 1109 5130 in
1136 5072 1304 5142 titulo,
1336 5063 1505 5145 Ipsius
1544 5072 1740 5138 David;
1764 5072 1853 5127 sed
1883 5073 1983 5142 lpsi
2012 5072 2197 5139 David,
2230 5072 2359 5127 sicut
2391 5072 2615 5147 plurimi.
2647 5071 2779 5126 Mihi
2804 5083 2971 5128 autem
3002 5073 3290 5130 credibilius
3321 5075 3551 5130 videntur
3584 5077 3763 5133 existis

485 5185 648 5237 mare,
680 5169 766 5239 qui
791 5183 961 5224 omnes
985 5168 1101 5223 illos
1120 5175 1320 5221 centum
1345 5165 1712 5239 quinquaginta
1735 5164 1970 5220 Psalmos
1999 5168 2108 5237 ejus
2131 5167 2273 5236 operi
2302 5165 2548 5234 tribuunt,
2577 5182 2786 5237 eumque
2812 5166 3007 5237 aliquos
3033 5164 3340 5237 puertotasse
3364 5168 3517 5223 etiam
3551 5171 3772 5227 nomini-

489 5260 580 5316 bus
605 5259 841 5324 ali'orum,
867 5258 1063 5331 aliquid
1084 5258 1219 5331 quod
1250 5259 1320 5313 ad
1351 5274 1458 5313 rem
1492 5258 1735 5329 pertineat
1761 5257 2093 5332 ﬁgurantibus
2115 5273 2134 5313 :
2159 5268 2365 5313 cteteros
2408 5269 2577 5314 autent
2605 5258 2802 5313 nullius
2829 5258 3047 5314 hominis
3086 5275 3269 5315 nomen
3304 5260 3359 5316 in
3394 5260 3553 5319 titulis
3590 5263 3773 5319 habere

489 5353 748 5416 remisse;
772 5351 901 5407 sicut
926 5351 972 5406 ei
1007 5350 1264 5407 varietatis
1288 5350 1441 5422 hujus
1469 5350 1868 5423 dispositionem,
1892 5351 2117 5421 quamvis
2138 5351 2459 5416 latebrosam,
2494 5368 2595 5405 non
2626 5360 2789 5405 tamen
2816 5352 3037 5417 inanem,
3072 5351 3318 5409 Dominus
3338 5354 3623 5427 inspiravit.
3657 5355 3770 5409 Nec

489 5462 689 5501 movere
707 5444 850 5501 debet
876 5444 945 5499 ad
964 5443 1059 5500 hoc
1081 5460 1184 5500 non
1209 5444 1536 5513 credendum,
1562 5442 1697 5516 quod
1726 5444 2083 5501 nonnullorum
2113 5445 2320 5501 nomina
2344 5443 2738 5515 Prophetarum,
2764 5445 2851 5515 qui
2872 5443 3020 5517 longe
3047 5456 3160 5514 post
3184 5445 3353 5503 David
3372 5449 3504 5520 regis
3532 5458 3766 5519 tempora

491 5545 715 5615 fuerunt,
745 5539 1045 5612 quibusdam
1072 5537 1281 5611 psalmis
1303 5537 1357 5592 in
1398 5554 1456 5594 eo
1490 5536 1617 5593 libro
1637 5537 1874 5607 leguntur
1902 5531 2164 5607 inscripta,
2209 5546 2256 5590 et
2279 5553 2389 5611 qua;
2414 5537 2482 5591 ibi
2513 5537 2768 5601 dicuntur,
2796 5538 2929 5592 velut
2965 5530 3027 5591 ab
3069 5538 3141 5593 eis
3175 5539 3275 5593 dici
3298 5539 3549 5595 videntur.
3590 5538 3777 5610 Neque.

492 5633 627 5688 enim
646 5649 746 5688 non
773 5633 934 5711 potuit
957 5631 1275 5704 propheticus
1301 5630 1524 5703 Spiritus
1545 5631 1864 5704 prophetanti
1891 5631 1997 5703 regi
2021 5629 2184 5684 David
2203 5630 2309 5684 hwc
2330 5632 2479 5683 etiam
2500 5635 2789 5701 futurorum
2814 5628 3193 5704 Prophetarum
3216 5633 3421 5687 nomina
3447 5635 3686 5703 revelare,
3714 5649 3766 5689 ut

492 5727 688 5800 aliquid
712 5729 843 5800 quod
863 5744 1037 5784 eorum
1067 5742 1293 5798 personat
1321 5727 1623 5795 conveniret,
1648 5725 1935 5797 prophetiae
1959 5733 2245 5779 cantaretur
2275 5740 2292 5778 :
2314 5724 2439 5777 sicut
2465 5740 2556 5779 res;
2583 5722 2752 5779 Josias
2782 5735 3051 5780 exorturus
3076 5736 3123 5779 et
3144 5735 3440 5797 regnaturus
3472 5737 3583 5798 post
3604 5744 3766 5783 annos

493 5821 718 5900 amplius
739 5838 888 5894 quam
914 5830 1176 5890 trecentos,
1202 5820 1402 5876 cuidam
1427 5823 1705 5904 prophetat,
1735 5820 1820 5891 qui
1844 5819 1991 5901 etiam
2011 5819 2147 5890 facta
2168 5820 2279 5895 ejus
2303 5820 2477 5891 futura
2498 5818 2756 5891 prtedircit,
2785 5837 2899 5876 cum
2927 5837 3017 5877 suo
3044 5821 3243 5881 nomine
3268 5820 3514 5881 revelatus
3544 5833 3633 5879 est.
