4042 6482
225 436 291 494 ss
978 388 980 390 V
1390 431 1758 490 VARIANTIA
1798 431 1862 489 IN
1901 421 2313 491 PSALTERIIS.
3404 444 3479 501 es

290 551 382 607 rati
404 559 518 606 sunt
545 551 781 621 porcina.
809 549 874 606 G.
899 549 1129 606 Saturati
1145 556 1262 604 sunt
1279 547 1450 621 suilla.
1471 546 1538 603 Μ.
1565 547 1792 621 Saturati

289 633 398 679 sunt
421 623 515 690 ﬁlii
540 617 735 676 eorum.
763 622 1037 676 Diversam
1058 619 1543 690 interpretationem
1562 633 1628 690 ex
1650 617 1798 690 Grut-

291 709 354 748 eo
396 689 637 748 evenisse
684 701 836 746 notat
876 689 1230 760 Augustinus,
1273 705 1391 746 cum
1423 691 1474 742 in
1505 689 1620 760 aliis
1649 689 1797 743 libris

295 774 432 818 esset
459 765 566 816 υἱῶν
596 762 720 832 ﬁliis
749 779 768 817 :
798 763 850 816 in
877 758 993 817 aliis
1024 767 1154 816 ῢειων
1183 761 1420 832 porcina,
1453 760 1528 815 uti
1556 758 1712 814 hodie
1740 759 1793 814 in

294 833 385 890 Gr.
412 833 621 902 legitur.
656 833 819 889 Hebr.
849 832 1024 897 habet,
1057 833 1196 900 ﬁliis.

240 906 274 975 7
296 944 310 956 .
336 905 419 959 15.
447 900 498 956 in
519 905 724 974 justitia
749 903 998 974 apparebo
1023 903 1305 975 conspectui
1328 911 1433 956 tuo.
1456 902 1520 957 R.
1548 900 1700 958 Rom.
1720 901 1790 958 M.

293 975 357 1030 G.
385 975 447 1030 C.
479 973 594 1027 cum
611 973 812 1043 justitia
837 973 1087 1045 apparebo
1113 975 1167 1026 in
1192 981 1454 1045 conspectu
1477 983 1580 1045 tuo.

225 1045 353 1101 Item
400 1045 433 1116 7
459 1085 472 1096 .
498 1045 584 1116 I5.
625 1043 1085 1116 cumiapparueril.
1115 1045 1178 1116 Α.
1207 1043 1272 1116 R.
1292 1043 1469 1116 Rom.
1583 1043 1644 1099 G.
1674 1043 1792 1097 dum

293 1114 713 1185 manifestabitur.
744 1114 818 1170 Μ.
844 1114 964 1168 dum
990 1114 1384 1185 manifestabitttr
1403 1114 1544 1167 mihi.

797 1201 868 1241 EX
894 1200 1092 1240 PSALIO
1117 1200 1242 1238 χγιι.

239 1256 310 1327 7.
345 1257 393 1310 I.
419 1257 507 1324 qui
547 1257 743 1311 locutus
771 1266 860 1310 est.
899 1258 961 1310 A.
1005 1256 1170 1327 Rom.
1198 1255 1261 1309 G.
1293 1253 1352 1327 ς.
1381 1254 1533 1324 juxta
1560 1253 1652 1310 Gr.
1681 1272 1792 1324 qua?

293 1327 485 1380 loeutus
503 1337 596 1380 est.
630 1327 696 1380 Et
723 1329 799 1382 sic
827 1327 1034 1395 vulgata
1058 1326 1109 1379 in
1134 1325 1256 1380 Car.
1287 1324 1409 1380 Ger.

240 1397 309 1466 7.
341 1397 392 1451 5.
422 1407 469 1450 ει
495 1406 750 1465 susceptor
773 1413 928 1451 meus.
954 1396 1016 1450 R.
1050 1396 1201 1450 Rom.
1222 1395 1285 1450 G.
1310 1395 1368 1450 C.
1391 1395 1596 1464 adjutor
1619 1412 1790 1451 meus:

291 1468 490 1522 omisso
518 1475 584 1522 et.
616 1471 678 1521 Α.
701 1475 746 1521 et
776 1468 1056 1522 redemptor
1080 1483 1238 1520 meus.

238 1539 308 1608 7.
356 1539 408 1594 5.
463 1537 661 1592 dolores
705 1538 896 1592 mortis.
940 1535 1006 1593 R.
1055 1537 1210 1590 Rom.
1259 1536 1328 1590 Μ.
1371 1535 1436 1592 G.
1481 1535 1540 1591 (ὲ.
1580 1536 1790 1608 gemitus

290 1610 482 1662 mortis.

238 1680 273 1750 7
294 1717 307 1732 .
337 1679 390 1734 6.
415 1687 882 1749 praeoccupaverunt
901 1695 996 1732 me.
1027 1678 1091 1732 Δ.
1119 1677 1184 1731 R.
1203 1677 1356 1732 Rom.
1382 1677 1452 1732 Μ.
1475 1677 1540 1734 G.
1572 1677 1630 1733 C.
1658 1696 1789 1748 prte-

290 1760 522 1876 ιξηεῖιὲηι
549 1767 644 1804 nte.
675 1750 767 1806 Gr.
801 1755 1086 1822 npoépdotoa'tu
1112 1772 1190 1818 μι,
1215 1758 1272 1803 ιιι
1309 1763 1491 1804 rursus
1521 1758 1700 1820 postea
1731 1750 1784 1804 in

239 1893 273 1963 7
295 1822 628 1947 1inarsit.
659 1891 723 1946 A.
751 1889 817 1948 R.
848 1891 1003 1947 Rom.
1031 1890 1100 1945 M.
1130 1889 1194 1946 G.
1226 1890 1518 1946 exardescit.
1547 1890 1609 1944 C.
1642 1907 1786 1945 emar-

290 1963 471 2016 descet.

238 2034 306 2103 7.
339 2034 420 2088 15.
455 2034 503 2087 in
527 2041 792 2105 conspectu
821 2035 929 2105 ejus
963 2031 1114 2087 nubes
1139 2035 1459 2088 transierunt.
1489 2031 1553 2086 A.
1584 2032 1636 2085 in
1662 2048 1784 2086 eon-

289 2113 456 2170 spectu
484 2105 592 2174 ejus
619 2103 770 2156 nubes
795 2103 951 2174 ipsius
973 2106 1292 2158 transierunt.

240 2176 271 2245 7
294 2215 306 2227 .
335 2176 418 2228 14.
448 2173 642 2244 grando
668 2183 712 2226 et
730 2173 976 2245 carbones
1003 2175 1150 2245 ignis.
1195 2173 1382 2229 Istltzec
1410 2173 1569 2245 verba
1596 2173 1788 2240 absunt

290 2245 387 2298 hoc
405 2243 523 2299 loco
547 2245 613 2297 ab
642 2244 706 2297 Α.
730 2244 795 2298 R.
823 2244 978 2299 Rom.
1007 2243 1074 2298 Μ.
1108 2244 1171 2299 G.
1198 2245 1259 2299 G.
1283 2255 1336 2299 et
1363 2260 1391 2297 a
1421 2243 1512 2300 Gr.

240 2317 304 2386 7.
333 2316 415 2371 18.
445 2315 714 2387 coufortati
732 2324 867 2370 sunt.
897 2313 961 2370 G.
993 2315 1273 2385 confirmati
1296 2324 1427 2370 sunt.
1455 2314 1547 2371 Gr.
1573 2321 1790 2388 ἐστερεώ-

287 2396 445 2448 Gnaei-1.

239 2457 303 2525 7.
336 2458 418 2512 I9.
448 2465 698 2526 protector
725 2473 882 2510 meus.
908 2457 971 2510 A.
1005 2457 1373 2526 ﬁrmamentum
1397 2473 1579 2512 meum.
1612 2459 1677 2513 Et
1701 2457 1779 2514 sic

290 2527 444 2582 Hebr.
472 2527 565 2582 Gr.
592 2530 934 2598 ἀντιστήριγμά
957 2550 1066 2598 μου.

239 2599 303 2669 7.
343 2598 432 2652 20.
464 2598 657 2651 salvum
684 2614 762 2652 me
789 2596 927 2667 fecit.
955 2596 1019 2654 G.
1047 2596 1109 2652 C.
1149 2597 1344 2653 salvum
1385 2616 1463 2654 me
1499 2599 1666 2671 faciet.
1687 2599 1780 2655 Gr.

314 2679 470 2723 ὑπταὶ
495 2692 572 2734 με.

230 2694 572 2808 Inguinis:
592 2746 712 2808 post
735 2739 971 2808 quoniam
995 2739 1148 2793 uoluit
1167 2755 1264 2805 me,
1296 2739 1506 2795 additur
1526 2741 1576 2794 in
1598 2741 1782 2796 codice

287 2811 496 2882 quidem
631 2808 881 2882 Liberavit
914 2825 990 2862 me
1023 2809 1085 2862 de
1109 2809 1325 2882 inimicis
1350 2811 1784 2882 meispotentissi-

289 2879 458 2951 misﬂet
493 2880 554 2932 ab
593 2880 670 2951 Itis
704 2881 800 2951 qui
815 2880 1023 2951 oderunt
1045 2895 1123 2932 me
1146 2880 1320 2951 gratis.
1356 2879 1411 2934 In
1442 2879 1576 2935 libro
1603 2889 1780 2951 autem

287 2950 344 3006 C.
376 2950 442 3004 Et
472 2950 652 3019 eripuit
672 2949 751 3004 me
768 2950 830 3003 de
849 2950 1058 3003 inimicis
1084 2949 1204 3002 meis
1225 2951 1525 3019 fortissimis,
1558 2960 1602 3004 et
1627 2950 1687 3003 ab
1706 2951 1784 3003 his

287 3023 365 3092 qui
388 3021 600 3075 oderunt
622 3037 712 3075 me.
746 3019 928 3092 Simile
953 3019 1368 3092 additamentum
1395 3020 1640 3092 habuisse
1667 3034 1785 3076 cre-

289 3089 376 3147 das
402 3092 714 3146 Psalterium
739 3093 802 3144 A.
834 3089 963 3146 Vide
990 3089 1143 3153 infra.
1172 3091 1276 3145 col.
1305 3092 1426 3157 150,
1453 3108 1505 3145 n.
1527 3091 1618 3147 20.

239 3162 304 3234 7.
328 3162 412 3218 23.
450 3164 503 3216 in
547 3168 811 3231 conspectu
852 3176 978 3214 meo.
1016 3159 1082 3215 R.
1113 3159 1268 3215 Rom.
1310 3161 1378 3216 M.
1429 3163 1481 3216 in
1517 3169 1784 3233 conspectu

289 3250 393 3288 meo
418 3243 534 3288 sunt
561 3248 773 3303 semper.

227 3301 340 3361 Item
378 3305 449 3374 7.
475 3303 565 3359 23.
599 3301 886 3374 etjastitias
922 3302 1166 3374 ejttsnon
1205 3303 1370 3372 repuli
1403 3318 1435 3354 a
1472 3319 1568 3356 me.
1601 3302 1695 3359 Gr.
1733 3310 1784 3358 et

276 3321 340 3361 em
378 3321 409 3374 7
435 3343 449 3356 .
475 3321 565 3359 ιο.
599 3321 645 3357 ει
693 3321 886 3356 usttttas
922 3321 1029 3372 ejus
1067 3321 1166 3354 non
1205 3321 1369 3372 reputt
1403 3321 1435 3354 a
1472 3321 1568 3356 me.
1601 3321 1695 3359 ur.

276 3377 487 3446 justitia:
512 3377 619 3444 ejus
646 3321 751 3446 (ait):
775 3371 1064 3440 ἀπέστησαν)
1091 3388 1191 3425 non
1219 3382 1525 3446 recesserunt
1551 3390 1582 3426 a
1609 3389 1704 3446 nte.

236 3442 300 3516 7'.
329 3447 416 3500 27.
449 3442 758 3515 perveneris.
790 3445 854 3497 A.
886 3457 1144 3513 perversus
1172 3443 1288 3496 eris.
1329 3443 1394 3496 R.
1425 3442 1582 3499 Rom.
1615 3443 1682 3499 Μ.
1708 3442 1777 3502 G.

283 3517 594 3570 subverteris.

236 3589 300 3654 7.
325 3587 414 3641 29.
444 3597 497 3639 tu
521 3585 796 3639 illuminas.
821 3583 885 3637 Α.
915 3592 967 3635 tu
987 3583 1317 3654 illuminabis.

225 3652 337 3712 Item
379 3658 411 3727 7
438 3695 451 3706 .
479 3656 568 3711 29.
597 3655 847 3709 illuntina.
871 3655 936 3708 A.
959 3653 1282 3710 illuminabis.
1314 3652 1405 3710 Gr.
1437 3653 1539 3712 hoc
1566 3662 1620 3711 et
1637 3670 1777 3727 pra:-

284 3728 489 3798 cedenti
520 3728 656 3791 loco,
688 3740 888 3798 φωτιεϊς.

237 3799 298 3863 7.
334 3799 424 3853 '50.
455 3795 706 3864 Quoniam
723 3798 776 3850 in
803 3807 849 3848 te
875 3795 1078 3867 eripior.
1098 3795 1453 3867 _A...Quoniam
1468 3812 1506 3867 ρ
1535 3805 1582 3851 te
1605 3813 1774 3853 eruar.

235 3869 298 3937 7.
329 3869 418 3923 3i.
445 3876 679 3938 tanquam
707 3865 979 3938 cervorum.
999 3868 1063 3920 A.
1093 3865 1159 3919 R.
1186 3866 1341 3921 Rom.
1364 3867 1432 3921 Μ.
1451 3865 1516 3922 G.
1547 3867 1606 3924 C.
1628 3867 1778 3937 juxta

285 3939 378 3993 Gr.
406 3949 641 4000 tanquam
662 3937 809 3991 cervi.
1017 3951 1019 3954 ‘
1165 3959 1168 3962 ~

224 4008 362 4063 Item.
405 4010 438 4079 7
465 4047 479 4061 .
506 4010 594 4062 54.
619 4008 792 4079 statuit
818 4023 911 4079 me.
938 4007 1002 4079 Α.
1024 4015 1213 4079 statuet
1231 4023 1326 4079 me.

233 4080 296 4150 7.
325 4076 416 4134 56.
452 4078 802 4150 protectionem
827 4077 1002 4132 salutis
1040 4087 1158 4132 tuae.
1189 4078 1256 4132 A.
1290 4077 1448 4148 juxta
1470 4076 1564 4133 Gr.
1606 4088 1775 4147 prote-

279 4153 492 4204 ctionem
514 4149 690 4202 salutis
712 4164 854 4202 mete.

221 4219 337 4275 Item
383 4221 454 4291 7.
495 4220 585 4291 56.
623 4217 694 4291 Et
711 4218 992 4291 disciplina
1036 4228 1144 4291 tua_
1161 4218 1572 4291 correxitptein
1600 4219 1771 4291 finem.

281 4287 392 4345 Ista
416 4305 535 4360 pars
565 4290 599 4358 7
622 4288 1012 4360 .3670mittitur
1041 4289 1092 4343 in
1112 4288 1178 4344 R.
1197 4289 1352 4360 Rom.
1371 4287 1436 4360 G.
1462 4288 1524 4344 C.
1549 4287 1616 4343 At
1637 4290 1775 4359 apud

279 4363 343 4415 Α.
377 4359 586 4431 legitur,
611 4359 688 4431 Et
699 4359 967 4431 disciplina
986 4368 1074 4413 tua
1092 4375 1170 4412 me
1195 4359 1380 4416 direxit
1403 4359 1455 4412 in
1479 4360 1647 4426 ﬁnem.
1674 4360 1768 4415 Gr.

279 4429 513 4499 ἀνώρθῶσέ
532 4453 610 4499 με.
643 4429 710 4484 Μ.
733 4429 966 4482 stabilivit
991 4446 1086 4483 me.

279 4443 513 4557 ἀνὼὅθωσέ
532 4453 610 4499 με.
643 4443 710 4484 ut.
733 4443 966 4510 stapttwu
991 4446 1086 4483 me.

230 4503 293 4571 7.
324 4504 361 4557 5
406 4543 418 4556 .
445 4499 773 4582 ΟοηῙι-ἱηριξρι
800 4499 1015 4582 ιιιοξεμ.
1035 4499 1192 4582 Rom.
1220 4500 1354 4582 etC.
1373 4501 1582 4582 antiqua
1610 4515 1774 4582 manu

276 4568 611 4636 correctum,
641 4568 868 4640 Aﬂligam
892 4570 1024 4641 illos.
1047 4571 1113 4628 G.
1130 4568 1429 4641 confligam.
1451 4568 1541 4625 Gr.
1561 4576 1752 4639 ἐκθλίφω

229 4642 294 4710 7.
325 4643 419 4697 40.
449 4651 494 4696 et
518 4639 872 4710 supplantasti.
903 4639 970 4694 R.
998 4640 1156 4696 Rom.
1186 4639 1253 4693 M.
1278 4639 1338 4694 C.
1363 4641 1510 4708 juxta
1537 4641 1630 4696 Gr.
1653 4659 1775 4710 sup-

276 4713 519 4784 plantain
548 4725 745 4784 omnes
767 4724 784 4761 :
807 4711 1005 4784 nituisse
1050 4711 1300 4784 parti_c_ul_a
1347 4720 1414 4776 et,
1467 4727 1583 4780 quae
1623 4713 1774 4768 abest

273 4777 493 4853 duoque
514 4783 581 4853 ab
611 4777 770 4853 .A._G.
798 4779 916 4834 Car.
945 4777 1155 4853 Ger._et
1181 4781 1340 4853 Hebr.

224 4849 418 4924 7.11:
451 4851 518 4905 Et
550 4851 777 4905 inimicos
803 4865 952 4904 meos.
982 4849 1049 4904 R.
1079 4850 1233 4905 Rom.
1265 4850 1328 4906 G.
1360 4850 1428 4904 Et
1456 4852 1772 4908 inimicorum

222 4939 565 5063 Ῡῖηἶῗαὲἷίιε
588 4990 769 5062 faciem
805 4991 954 5044 venti.
992 4989 1058 5044 A.
1081 4989 1236 5060 juxta
1272 4993 1452 5062 faciem
1485 4993 1634 5048 venti.
1674 4993 1768 5050 Gr.

220 5135 286 5203 7.
327 5137 423 5190 48.
449 5134 534 5204 qui
563 5131 654 5204 das
683 5131 924 5204 vindictas
949 5131 1103 5204 mitti,
1122 5138 1168 5186 et
1201 5131 1397 5204 subdis.
1417 5134 1483 5188 R.
1516 5134 1673 5188 Rom.
1701 5134 1767 5189 Μ.

272 5207 335 5261 G.
373 5205 434 5259 C.
456 5201 539 5276 qui
569 5203 661 5255 das
686 5201 954 5255 vindictam
983 5202 1123 5266 mihi,
1147 5210 1193 5255 et
1219 5202 1501 5257 subdidisti.
1530 5204 1622 5258 Gr.
1657 5211 1770 5258 ὓπο-

289 5301 372 5339 ας.

208 5287 411 5416 ἶῗέιῗινῇ
436 5385 450 5398 .
478 5345 567 5399 48.
599 5342 833 5416 liberator
849 5358 993 5416 meus
1015 5343 1076 5396 de
1102 5343 1314 5416 inimicis
1340 5344 1460 5416 meis
1487 5344 1766 5416 iracundis.

269 5417 334 5472 R.
380 5411 541 5470 Rom.
587 5413 652 5486 Ο.
698 5412 1032 5486 GLIiberator
1055 5428 1192 5486 meus
1222 5411 1470 5486 Dominus
1513 5415 1575 5469 de
1611 5417 1769 5486 genti-

272 5489 364 5542 bus
403 5485 681 5540 iracundis.
731 5482 820 5537 Sic
859 5484 1015 5538 etiam
1053 5482 1123 5537 Μ.
1164 5482 1360 5538 omisso
1407 5482 1628 5538 tantum'
1660 5485 1767 5539 Do-

268 5574 456 5612 minus.

218 5627 250 5696 7
273 5669 287 5681 .
313 5629 404 5683 51.
448 5626 788 5698 Magniﬁcam
810 5625 1012 5698 salutes.
1046 5624 1113 5679 R.
1141 5624 1662 5698 Rom.-Magniﬁcaus
1687 5645 1768 5681 δαί

271 5699 451 5753 lutare.
478 5695 557 5754 GI
574 5698 866 5751 salutarem.
893 5695 960 5748 M.
993 5697 1254 5748 salutaria.
1286 5697 1341 5749 C.
1369 5695 1596 5750 salutem.

755 5782 822 5820 EX
849 5781 1045 5818 PSALMO
1075 5781 1223 5819 XVIII.

221 5838 256 5909 7
277 5877 291 5891 .
321 5839 376 5893 6.
395 5841 462 5893 ad
489 5835 972 5909 currendttttt_ttiant.
1002 5835 1217 5909 Vulgata
1247 5838 1296 5889 in
1321 5837 1439 5892 Gar.
1468 5839 1614 5893 Colb.
1637 5839 1759 5899 Ger.

274 5909 418 5966 addit
437 5928 602 5967 suam.
635 5907 765 5963 Vide
795 5906 1010 5961 Ilieron.
1043 5905 1196 5976 epist.
1231 5909 1351 5964 155.

1920 547 1956 617 7
1980 587 1992 600 .
2026 548 2078 602 8.
2104 547 2209 603 Lex
2231 549 2433 604 Domini
2458 552 2794 608 immaculata.
2818 554 2884 609 R.
2913 554 3069 611 Rom.
3092 554 3161 612 Μ.
3191 557 3257 614 G.
3279 557 3339 614 C.
3370 557 3474 614 Lex

1981 617 2191 692 Domini
2218 621 2682 692 irrepre/tensibilis.

1919 689 1954 758 7
1976 727 1989 740 .
2016 690 2098 744 10.
2134 689 2304 744 Timor
2320 689 2531 747 Domini
2556 705 2776 750 sanctus.
2796 696 2860 750 A.
2887 697 3036 750 timor
3055 696 3257 753 Domini
3285 710 3468 757 castus.

1973 759 2065 814 Gr.
2097 766 2248 827 ἁγνὸς.
2276 763 2432 816 lIebr.
2462 765 2696 820 mundus.

1901 828 2031 884 Item
2074 832 2110 971 ζ
2137 873 2149 885 .
2181 834 2263 885 10.
2289 850 2600 902 permanens.
2634 836 2699 891 R.
2731 836 2885 893 Rom.
2921 838 2990 892 Μ.
3015 848 3290 909 permanet.

1901 898 2030 956 Item
2134 943 2146 956 .
2176 903 2260 958 I0.
2293 905 2344 957 in
2384 907 2665 971 semetipsa.
2707 910 2774 963 A.
2812 909 2867 962 in
2908 909 3146 971 idipsum.
3178 909 3270 965 Gr.

1901 898 2030 980 Item
2074 898 2107 971 7
2134 943 2146 956 .
2176 903 2260 958 I0.
2290 898 2344 957 in
2384 907 2665 978 semetipsa.
2707 910 2774 963 A.
2812 909 2867 962 in
2908 898 3146 980 idipsum.
3178 909 3270 965 Gr.
3301 916 3382 967 ini
3414 921 3465 967 τι

1969 976 2102 1027 αὐτὸ.

1915 1042 2104 1118 7.14.
2136 1044 2208 1118 Si
2224 1046 2318 1118 mei
2343 1062 2442 1100 non
2484 1048 2672 1118 fuerint
2714 1050 2974 1105 dominati.
3014 1051 3082 1106 Δ.
3132 1050 3194 1107 Si
3236 1053 3332 1106 mei
3366 1069 3463 1109 non

1970 1115 2156 1184 fuerint
2176 1115 2450 1171 dominata.

2475 1206 2542 1244 EX
2569 1205 2767 1247 ΡεΑιιιο
2795 1208 2903 1247 XIX.

1911 1253 1948 1326 7
1970 1291 1985 1308 .
2015 1255 2067 1310 5.
2099 1264 2296 1332 tueatur
2332 1267 2396 1332 te.
2439 1260 2506 1314 M.
2540 1260 2601 1316 C.
2640 1263 2880 1332 suscipiat
2923 1270 2986 1317 te.
3032 1262 3125 1320 Gr.
3166 1265 3462 1320 ἆντιλάϐοιτό

1968 1350 2069 1381 σου.
2100 1327 2259 1382 IIebr.
2287 1329 2482 1384 roboret
2511 1341 2576 1385 te.

1911 1395 1948 1466 7
1970 1434 1985 1450 .
2014 1398 2066 1478 ξ.
2096 1396 2304 1453 Tribuat
2329 1401 2436 1454 tibi.
2467 1403 2534 1456 A.
2558 1401 2625 1458 R.
2655 1402 2813 1458 Rom.
2846 1403 2915 1460 Μ.
2941 1403 3007 1459 G.
3039 1404 3220 1460 tribuat
3247 1405 3334 1460 tibi
3354 1406 3461 1462 Do-

1967 1484 2150 1522 minus.

1893 1534 2025 1592 Item
2081 1540 2116 1610 7
2140 1581 2154 1594 .
2204 1541 2257 1596 5.
2304 1544 2566 1616 consilium
2610 1554 2750 1600 tuum
2790 1547 3065 1616 conﬁrmet.
3098 1547 3161 1600 A.
3197 1548 3462 1602 consilium

1965 1618 2103 1688 tuum
2148 1612 2412 1688 compleat.
2455 1614 2546 1670 Gr.
2585 1625 2854 1688 πληρώσαι,
2885 1612 2954 1672 ἰιι
2993 1624 3173 1686 postea
3206 1617 3260 1672 in
3303 1619 3337 1687 7
3361 1656 3376 1671 .
3405 1619 3457 1673 7.

1965 1678 2128 1753 Hebr.
2158 1678 2462 1739 voluntatem
2486 1695 2623 1738 tuam
2653 1678 2875 1753 impleat.

1907 1748 1945 1819 7
1968 1788 1982 1802 .
2018 1751 2069 1804 6.
2099 1762 2144 1804 et
2169 1754 2220 1806 in
2249 1757 2445 1817 nomine
2471 1755 2568 1810 Dei
2593 1748 2767 1812 nostri.
2798 1759 2863 1813 A.
2891 1757 2956 1813 R.
2985 1767 3030 1812 et
3056 1759 3109 1812 in
3137 1757 3336 1813 nomine
3355 1758 3461 1814 Do-

1963 1821 2086 1874 mini
2108 1820 2206 1876 Dei
2239 1827 2413 1881 nostri.
3471 1845 3478 1854 ’

1908 1889 1945 1960 7
1968 1890 2063 1972 ..7.
2097 1894 2287 1974 salvum
2322 1897 2453 2018 fecit.
2492 1897 2558 1952 R.
2601 1898 2756 1953 Rom.
2787 1898 2851 1955 G.
2883 1897 2942 1953 ϐ.
2970 1898 3162 1952 salvum
3191 1899 3358 1970 faciet.
3392 1899 3461 1956 Et

1963 1973 2040 2014 διο
2065 1963 2128 2016 Α.
2160 1979 2212 2017 In
2238 1981 2320 2018 me
2349 1966 2542 2018 toribus
2569 1967 2712 2018 MSS.

1963 1963 2040 2014 sic
2065 1963 2128 2016 A.
2160 1964 2212 2017 in
2238 1963 2542 2021 melioribus
2569 1967 2712 2022 MSS.

1907 2031 1942 2100 7
1966 2067 1981 2084 .
2012 2031 2065 2086 8.
2092 2031 2192 2086 Dei
2217 2037 2369 2089 nostri
2395 2036 2750 2093 invocabimus.
2778 2039 2843 2093 A.
2873 2037 2970 2094 Dei
2995 2038 3152 2093 nostri
3187 2039 3458 2094 exsultabi-

1963 2117 2094 2157 mus.
2125 2102 2192 2158 R.
2221 2103 2378 2159 Rom.
2406 2105 2470 2162 G.
2493 2107 2554 2161 G.
2587 2109 3039 2178 magnificabimur,
3066 2109 3216 2178 juxta
3246 2111 3338 2166 Gr.
3365 2136 3454 2179 μι-

1961 2181 2351 2248 γοξλρνθῃσόμ-ῑθα,
2379 2184 2434 2230 ut
2456 2192 2612 2248 supra
2636 2179 2687 2232 in
2733 2180 2768 2248 7
2791 2217 2804 2230 .
2830 2179 2881 2233 6.

1906 2241 1942 2312 7
1967 2279 1980 2295 .
2007 2243 2091 2298 IO.
2124 2244 2176 2298 in
2205 2241 2286 2298 die
2311 2263 2427 2316 qua.
2455 2241 2535 2301 Μ]
2553 2247 2616 2304 G.
2644 2249 2696 2302 in
2724 2241 3033 2319 auacuntque
3056 2249 3155 2304 die.

2468 2333 2541 2371 EX
2568 2333 2768 2374 ΡεΑωιο
2792 2336 2881 2373 XI.

1905 2383 1942 2453 7
1965 2421 1978 2436 .
1996 2385 2055 2460 5.
2085 2383 2406 2460 Desideriutn
2442 2388 2608 2442 cordis
2641 2390 2769 2460 ejus.
2799 2391 2866 2445 Α.
2892 2389 2959 2445 R.
2988 2389 3143 2445 Rom.
3166 2389 3226 2459 C.
3252 2390 3459 2450 Deside-

1962 2455 2091 2528 rium
2117 2459 2300 2528 anima:
2323 2459 2446 2528 ejus.

1890 2521 2018 2580 Item
2056 2526 2090 2596 7
2116 2565 2128 2578 .
2154 2527 2284 2604 5._et
2308 2521 2577 2584 voluntate.
2605 2528 2698 2585 Gr.
2731 2535 2904 2598 δέησιν,
2936 2531 3204 2602 petitione;
3247 2549 3343 2604 pro
3379 2544 3459 2591 0t-

1962 2605 2110 2661 λησιν,
2145 2596 2414 2652 voluntate.

1890 2663 2039 2744 Item“
2059 2667 2131 2744 7_.
2161 2668 2212 2722 5.
2238 2685 2341 2744 non
2367 2671 2616 2744 fraudasti
2643 2687 2776 2744 eum.
2804 2673 2870 2744 Α.
2895 2667 2995 2726 non
3023 2673 3231 2744 privasti
3255 2691 3386 2730 eum.

1905 2737 1940 2804 7
1965 2776 1978 2789 .
2009 2736 2060 2790 6.
2092 2738 2142 2790 in
2169 2736 2380 2792 salutari
2410 2748 2514 2792 tuo.
2545 2743 2608 2794 A.
2633 2741 2698 2796 G.
2729 2743 2789 2794 C.
2819 2742 2872 2796 in
2895 2736 3060 2797 salute
3084 2754 3189 2797 tua.

1904 2806 1940 2875 7
1966 2845 1978 2858 .
2093 2806 2390 2885 Dabis‘eam
2417 2811 2469 2864 in
2496 2811 2902 2867 benedictionem.
2928 2815 2992 2868 A.
3018 2815 3166 2885 juxta
3193 2813 3287 2872 Gr.
3315 2815 3457 2872 dabis

1961 2878 2005 2929 ei
2028 2878 2436 2932 benedictionem.

1888 2943 2226 3072 Itett’tltmz‘.
2247 2949 2300 3002 in
2336 2950 2521 3019 gaudio
2549 2966 2662 3006 cum
2699 2953 2839 3007 uultu
2882 2964 2989 3008 tuo.
3026 2952 3090 3010 G.
3121 2969 3236 3010 cum
3271 2957 3456 3028 gaudio

1902 3086 1976 3169 7.
2008 3087 2093 3169 10.
2138 3086 2206 3142 In
2249 3099 2469 3169 tempore
2507 3092 2672 3147 uultus
2708 3092 2800 3147 tui.
2837 3093 2902 3150 G.
2930 3093 2998 3150 In
3036 3104 3257 3169 tempore
3293 3100 3456 3156 vultus

1957 3163 2033 3212 tui
2058 3163 2423 3216 consummabis
2441 3179 2544 3217 eos.

1901 3228 1939 3300 7
1964 3267 1980 3286 .
2007 3229 2098 3285 15.
2127 3232 2454 3302 ρνωραναὺίε.
2484 3233 2550 3288 R.
2583 3250 2892 3304 prteparare.

2467 3319 2537 3358 ΒΧ
2563 3318 2762 3362 PSALIO
2785 3323 2894 3361 XII.

1900 3369 1937 3440 7
1961 3409 1975 3424 .
2004 3371 2056 3426 I.
2104 3371 2252 3426 verba
2295 3373 2590 3428 delictorum
2629 3392 2869 3430 meorum.
2914 3377 2978 3434 G.
3025 3379 3170 3434 verba
3211 3379 3454 3438 (abiaram

1955 3458 2195 3518 meorum.
2221 3443 2385 3500 Hebr.
2407 3445 2564 3518 uerba
2591 3447 2785 3518 rugitus
2809 3450 2925 3502 mei.

1899 3511 1934 3582 7
1959 3549 1974 3566 .
2021 3513 2108 3587 11.
2141 3513 2205 3566 1η
2232 3523 2277 3566 te
2301 3516 2552 3585 projectus
2579 3511 2709 3570 sum.
2740 3519 2806 3570 A.
2845 3518 3016 3587 primo
3060 3519 3254 3585 habet,
3299 3521 3365 3577 In
3407 3532 3454 3578 te

1954 3583 2278 3652 conﬁrmatus
2303 3583 2416 3638 sum
2436 3602 2456 3639 :
2481 3593 2535 3640 et
2561 3594 2677 3655 post
2701 3601 2819 3641 cum
2846 3583 2923 3642 'R.
2955 3588 3110 3643 Rom.
3138 3590 3201 3646 C.
3229 3583 3452 3662 jactatus

1953 3669 2063 3708 sum
2071 3693 2083 3708 .
2637 3701 2644 3706 .

1897 3725 1934 3795 7
1957 3763 1972 3779 .
2002 3726 2090 3782 I5.
2115 3725 2261 3782 Sicut
2283 3743 2412 3795 aqua
2438 3726 2626 3795 effusus
2653 3743 2783 3783 sum.
2809 3727 2876 3783 R.
2916 3727 3073 3786 Rom.
3101 3729 3169 3785 Μ.
3196 3731 3351 3788 Amb.
3381 3733 3447 3790 G.

1957 3763 1972 3779 .
2002 3743 2090 3782 la.
2115 3743 2261 3782 atcut
2283 3743 2314 3781 a
2349 3743 2412 3782 ua
2438 3743 2622 3795 ellusus

1955 3796 2100 3851 Sicut
2121 3815 2252 3866 aqua
2277 3743 2437 3865 eﬁttsa
2460 3808 2622 3854 sunt.‘

1897 3867 1934 3940 7
1957 3907 1970 3920 .
2000 3868 2086 3923 16.
2116 3879 2162 3924 ει
2189 3869 2241 3940 in
2270 3870 2538 3940 pulverem.
2565 3869 2625 3924 G.
2647 3879 2695 3924 et
2717 3871 2770 3924 in
2801 3871 2994 3926 limum.

1881 3936 2013 3993 Item
2065 3940 2138 4009 7.
2171 3936 2547 3994 I6.'dedu:cisti
2587 3957 2682 3994 me.
2725 3940 2882 3996 Rom.
2924 3942 2988 3998 G.
3031 3941 3092 3998 C.
3141 3943 3449 4000 deduxerunt

1951 4025 2049 4064 me.

1896 4077 1932 4148 7
1957 4117 1969 4133 .
1991 4080 2080 4135 20.
2105 4080 2352 4134 auxilium
2369 4089 2508 4155 tuum
2527 4097 2560 4134 a
2579 4097 2676 4155 me.
2700 4081 2759 4137 C.
2781 4082 3078 4155 Colb.Ger.
3107 4099 3213 4139 non
3231 4085 3446 4155 habent,

1951 4165 1984 4202 a
2011 4167 2088 4204 me
2111 4166 2256 4226 :_pro
2284 4167 2389 4226 quo
2413 4151 2626 4226 Hieron.
2650 4152 2701 4207 in
2722 4154 2876 4222 epist.
2901 4154 3024 4222 155,
3055 4155 3157 4226 legi
3184 4157 3312 4224 vult,
3342 4151 3448 4213 me;

1951 4236 2082 4274 cum.
2114 4221 2206 4276 Gr.
2240 4222 2420 4278 habet.
2447 4222 2694 4276 auxilium
2721 4221 2904 4277 meum.

1895 4289 1930 4360 7
1955 4329 1968 4343 .
1997 4292 2084 4346 2t.
2114 4290 2306 4362 Eruea
2333 4292 2524 4362 framea
2548 4291 2706 4362 Deus.
2729 4293 2839 4348 Vox
2868 4293 3004 4348 Deus
3030 4295 3179 4350 abest
3199 4297 3265 4352 ab
3289 4298 3352 4352 Α.
3382 4299 3445 4352 R.

1953 4361 2104 4414 Rom.
2137 4362 2204 4415 Μ.
2236 4361 2300 4416 G.
2332 4360 2394 4416 (ἒ.
2423 4361 2542 4418 Car.
2567 4360 2717 4417 Colb.
2739 4363 2862 4419 Ger.
2891 4364 3011 4419 Gal.
3042 4373 3097 4420 et
3124 4382 3153 4419 a
3179 4367 3271 4421 Gr.

1894 4431 1930 4500 7
1952 4470 1966 4484 .
2113 4432 2264 4504 Apud
2304 4442 2351 4485 te
2390 4433 2500 4504 lau_s
2540 4448 2666 4485 mea.
2698 4433 2762 4487 R.
2785 4434 2939 4488 Rom.
2970 4433 3036 4487 Μ.
3068 4435 3221 4504 Apud
3256 4446 3303 4491 te
3337 4439 3446 4494 laus

1949 4502 2093 4573 mihi.
2126 4500 2334 4573 ALmb.a
2363 4511 2428 4573 te.
2454 4500 2547 4573 Gr.
2577 4509 2704 4573 παρὰ
2731 4515 2832 4558 σοῦ.

1878 4569 2008 4644 Item
2112 4611 2125 4624 .
2153 4571 2241 4625 9.6.
2275 4571 2326 4625 in
2352 4570 2580 4644 Ecclesia
2607 4569 2808 4644 magna,
2829 4581 2959 4640 uota,
2985 4582 3088 4629 etc.
3113 4575 3178 4629 A.
3204 4577 3362 4635 Amb.
3393 4581 3445 4635 in

1951 4640 2173 4713 Ecclesia
2199 4659 2379 4713 magna
2407 4642 2677 4713 confitebor
2691 4640 2802 4708 tibi,
2827 4653 2960 4710 vota,
2989 4654 3091 4699 etc.

1891 4710 1926 4781 7
1953 4711 2080 4785 ζ28.
2110 4710 2353 4785 univet'ste
2389 4711 2599 4783 familiae
2637 4716 2876 4785 gentium.
2906 4716 2971 4769 A.
2999 4715 3064 4770 R.
3093 4717 3248 4773 Rom.
3282 4719 3353 4775 Μ.
3377 4720 3441 4777 G.

1947 4781 2006 4838 C.
2035 4799 2204 4837 omnes
2224 4781 2401 4852 patriai
2426 4781 2664 4852 gentium.

1891 4852 1927 4922 7
1951 4891 1964 4905 .
1995 4855 2062 4908 50
2094 4855 2301 4925 pingues
2325 4861 2486 4907 terrae.
2527 4856 2590 4908 A.
2634 4855 2701 4910 R.
2746 4855 2903 4911 Rom.
2939 4856 3009 4910 M.
3051 4857 3116 4914 G.
3165 4859 3226 4914 C.
3269 4861 3440 4917 divites

1945 4931 2110 4979 term.
3122 4969 3134 4979 ,,

1875 4991 2078 5070 Item_7
2099 5031 2114 5047 .
2153 4993 2241 5050 50.
2276 4994 2474 5070 cadent.
2509 4993 2572 5047 A.
2611 4994 2856 5070 R_._R_om.
2879 4996 3133 5070 M.AG.-C.
3161 5003 3439 5070 procident.

1891 5063 1926 5132 7
1951 5104 1964 5116 .
1998 5063 2086 5120 '52.
2111 5073 2162 5119 et
2185 5065 2548 5118 annuntiabunt
2575 5066 2704 5118 ctuti.
2742 5065 2848 5120 Vox
2885 5068 2997 5122 caeli
3023 5063 3173 5124 abesi
3197 5086 3228 5124 a
3257 5072 3350 5127 Gr.
3373 5073 3437 5128 (ἶ.

1946 5134 2222 5258 Car}???
2251 5134 2368 5189 Gal.
2402 5149 2604 5188 necnon
2630 5135 2699 5190 ab
2725 5135 2882 5190 Amb.
2910 5137 2961 5191 in
2990 5153 3095 5208 quo
3117 5139 3322 5211 legitur,
3348 5161 3436 5197 an-

1948 5221 2048 5258 nun
2074 5221 2121 5258 ta
2156 5221 2211 5258 ι.

1948 5207 2211 5259 nuntiabit.

2432 5290 2499 5330 EX
2527 5290 2723 5332 PSALIO
2751 5291 2880 5333 χω.

1890 5346 1925 5415 7
1949 5347 2044 5421 ._I.
2066 5346 2313 5400 Dominus
2337 5345 2576 5421 regitme.
2603 5351 2674 5421 _A.
2699 5346 2944 5421 Dominus
2964 5349 3119 5418 pascit
3142 5366 3221 5405 nte
3251 5367 3268 5404 :
3285 5350 3434 5421 juxta

1946 5415 2038 5471 Gr.
2063 5427 2298 5484 ποιμαίνει
2323 5414 2405 5485 με.
2431 5414 2518 5470 Sic
2546 5417 2703 5470 etiam
2729 5417 2887 5472 Hebr.

1889 5487 1925 5558 7
1949 5526 1962 5540 .
1993 5488 2046 5541 5.
2081 5503 2232 5558 super
2251 5487 2472 5540 semitas.
2506 5488 2569 5540 Α.
2601 5487 2654 5558 in
2675 5488 2882 5558 semitis.
2917 5489 3072 5544 Hebr.
3101 5507 3187 5556 per
3211 5493 3432 5547 semitas.

1889 5557 1924 5626 7
1947 5595 1962 5610 .
1993 5558 2045 5613 5.
2081 5567 2128 5612 et
2146 5557 2286 5630 calix
2318 5559 2568 5630 meus._A.
2599 5557 2668 5630 R.
2693 5557 2848 5630 Rom.
2879 5558 2947 5612 Μ.
2968 5559 3043 5630 νϐ.
3075 5560 3135 5614 C.
3159 5563 3308 5630 juxta
3339 5562 3432 5617 Gr.

1941 5637 1989 5680 et
2027 5628 2258 5698 poculum
2291 5637 2448 5681 tuum.
2487 5627 2632 5682 Ilanc
2657 5628 2933 5682 lectionem
2963 5627 3251 5698 improbat,
3288 5641 3339 5686 et
3370 5648 3433 5688 ex

1943 5698 2221 5752 Communi
2250 5713 2345 5753 seu
2373 5698 2590 5753 Luciani
2610 5698 2792 5754 Grieca
2813 5698 3040 5754 editione
3070 5715 3309 5755 nuntiasse
3334 5702 3431 5756 dos

1943 5777 2026 5823 cet
2055 5769 2268 5823 Hieron.
2297 5769 2348 5822 in
2378 5771 2532 5838 epist.
2564 5771 2683 5823 155.
3027 5809 3030 5813 .

1886 5839 1920 5902 7
1945 5873 1960 5889 .
1999 5839 2050 5891 6.
2091 5840 2410 5908 subsequetur
2445 5856 2537 5893 me.
2579 5839 2643 5894 R.
2684 5839 2749 5900 Μ.
2788 5839 3115 5906 subsequatur
3144 5855 3237 5894 me.
3273 5840 3425 5899 Rom.

1903 5967 1908 5971 ,
1941 5908 2248 5979 subsequitur
2277 5926 2370 5964 me.
