  <div class='ocr_page' id='page_1' title='image "/cluster/home/n/w/nwhite01/storage/ocr_20150623/36/hvd.32044015471469/033.png"; bbox 0 0 4042 6502; ppageno 0'>
   <div class='ocr_carea' id='block_1_1' title="bbox 500 405 3758 477">
    <p class='ocr_par' dir='ltr' id='par_1_1' title="bbox 500 405 3758 477">
     <span class='ocr_line' id='line_1_1' title="bbox 500 405 3758 477; baseline 0.004 -13"><span class='ocrx_word' id='word_1_1' title='bbox 500 405 572 464; x_wconf 71' lang='lat'><strong>55</strong></span> <span class='ocrx_word' id='word_1_2' title='bbox 1295 416 1465 474; x_wconf 83' lang='lat' dir='ltr'><strong>LOCA</strong></span> <span class='ocrx_word' id='word_1_3' title='bbox 1507 416 1601 474; x_wconf 79' lang='lat' dir='ltr'><strong>EX</strong></span> <span class='ocrx_word' id='word_1_4' title='bbox 1629 413 1914 474; x_wconf 74' lang='lat' dir='ltr'><strong>PSALMIS</strong></span> <span class='ocrx_word' id='word_1_5' title='bbox 1945 413 2314 473; x_wconf 67' lang='lat' dir='ltr'><strong>VARIANTIA</strong></span> <span class='ocrx_word' id='word_1_6' title='bbox 2357 416 2421 474; x_wconf 81' lang='lat' dir='ltr'><strong>IN</strong></span> <span class='ocrx_word' id='word_1_7' title='bbox 2461 417 2877 476; x_wconf 72' lang='lat' dir='ltr'><strong>PSAI.TERIIS.</strong></span> <span class='ocrx_word' id='word_1_8' title='bbox 3689 419 3758 477; x_wconf 81' lang='lat'><strong>56</strong></span> 
     </span>
    </p>
   </div>
   <div class='ocr_carea' id='block_1_2' title="bbox 495 526 2064 606">
    <p class='ocr_par' dir='ltr' id='par_1_2' title="bbox 495 526 2064 606">
     <span class='ocr_line' id='line_1_2' title="bbox 495 526 2064 606; baseline -0.003 -20"><span class='ocrx_word' id='word_1_9' title='bbox 495 530 570 601; x_wconf 81' lang='lat'><strong>7-.</strong></span> <span class='ocrx_word' id='word_1_10' title='bbox 593 531 626 606; x_wconf 87' lang='lat' dir='ltr'><strong>_I</strong></span> <span class='ocrx_word' id='word_1_11' title='bbox 639 529 691 606; x_wconf 66' lang='grc' dir='ltr'><strong><em>ι,</em></strong></span> <span class='ocrx_word' id='word_1_12' title='bbox 719 530 846 602; x_wconf 72' lang='lat' dir='ltr'><strong>elegi</strong></span> <span class='ocrx_word' id='word_1_13' title='bbox 873 545 1005 606; x_wconf 53' lang='lat' dir='ltr'><strong>eant.</strong></span> <span class='ocrx_word' id='word_1_14' title='bbox 1045 529 1114 606; x_wconf 36' lang='grc' dir='ltr'><strong>Α..</strong></span> <span class='ocrx_word' id='word_1_15' title='bbox 1251 527 1407 606; x_wconf 60' lang='grc' dir='ltr'><strong>Βρῖη.</strong></span> <span class='ocrx_word' id='word_1_16' title='bbox 1435 527 1505 584; x_wconf 84' lang='grc' dir='ltr'><strong>Μ.</strong></span> <span class='ocrx_word' id='word_1_17' title='bbox 1536 528 1607 586; x_wconf 81' lang='lat' dir='ltr'><strong>G.</strong></span> <span class='ocrx_word' id='word_1_18' title='bbox 1630 527 1694 588; x_wconf 76' lang='lat' dir='ltr'><strong>II.</strong></span> <span class='ocrx_word' id='word_1_19' title='bbox 1722 526 1782 582; x_wconf 90' lang='lat' dir='ltr'><strong>C.</strong></span> <span class='ocrx_word' id='word_1_20' title='bbox 1807 528 1901 584; x_wconf 91' lang='lat' dir='ltr'><strong>Gr.</strong></span> <span class='ocrx_word' id='word_1_21' title='bbox 1931 543 2064 599; x_wconf 68' lang='lat' dir='ltr'><strong>prcc—</strong></span> 
     </span>
    </p>
   </div>
   <div class='ocr_carea' id='block_1_3' title="bbox 554 599 1491 656">
    <p class='ocr_par' dir='ltr' id='par_1_3' title="bbox 554 599 1491 656">
     <span class='ocr_line' id='line_1_3' title="bbox 554 599 1491 656; baseline -0.002 -2"><span class='ocrx_word' id='word_1_22' title='bbox 554 603 684 656; x_wconf 87' lang='lat' dir='ltr'><strong>eleai</strong></span> <span class='ocrx_word' id='word_1_23' title='bbox 709 599 838 656; x_wconf 32' lang='lat' dir='ltr'><strong>eain.</strong></span> <span class='ocrx_word' id='word_1_24' title='bbox 873 601 1032 656; x_wconf 86' lang='lat' dir='ltr'><strong>Ilebr.</strong></span> <span class='ocrx_word' id='word_1_25' title='bbox 1063 599 1341 654; x_wconf 82' lang='lat' dir='ltr'><strong>desideravi</strong></span> <span class='ocrx_word' id='word_1_26' title='bbox 1361 616 1491 653; x_wconf 89' lang='lat' dir='ltr'><strong>eam.</strong></span> 
     </span>
    </p>
   </div>
   <div class='ocr_carea' id='block_1_4' title="bbox 497 668 2069 741">
    <p class='ocr_par' dir='ltr' id='par_1_4' title="bbox 497 668 2069 741">
     <span class='ocr_line' id='line_1_4' title="bbox 497 668 2069 741; baseline -0.003 -16"><span class='ocrx_word' id='word_1_27' title='bbox 497 670 570 739; x_wconf 93' lang='lat'><strong>7.</strong></span> <span class='ocrx_word' id='word_1_28' title='bbox 602 668 690 728; x_wconf 70' lang='grc'><strong>15.</strong></span> <span class='ocrx_word' id='word_1_29' title='bbox 743 671 958 726; x_wconf 83' lang='lat' dir='ltr'><strong>Viduam</strong></span> <span class='ocrx_word' id='word_1_30' title='bbox 999 671 1126 741; x_wconf 89' lang='lat' dir='ltr'><strong>ejus.</strong></span> <span class='ocrx_word' id='word_1_31' title='bbox 1164 669 1392 737; x_wconf 83' lang='lat' dir='ltr'><strong>Quidam</strong></span> <span class='ocrx_word' id='word_1_32' title='bbox 1441 671 1724 738; x_wconf 80' lang='lat' dir='ltr'><strong>interpres,</strong></span> <span class='ocrx_word' id='word_1_33' title='bbox 1773 668 2069 741; x_wconf 82' lang='lat' dir='ltr'><strong>Captionem</strong></span> 
     </span>
    </p>
   </div>
   <div class='ocr_carea' id='block_1_5' title="bbox 518 739 2071 812">
    <p class='ocr_par' dir='ltr' id='par_1_5' title="bbox 518 739 2071 812">
     <span class='ocr_line' id='line_1_5' title="bbox 518 739 2071 812; baseline -0.004 -16"><span class='ocrx_word' id='word_1_34' title='bbox 518 772 520 774; x_wconf 61' lang='grc' dir='ltr'><strong><em>τ</em></strong></span> <span class='ocrx_word' id='word_1_35' title='bbox 550 742 681 812; x_wconf 82' lang='lat' dir='ltr'><strong>ejus,</strong></span> <span class='ocrx_word' id='word_1_36' title='bbox 712 751 850 798; x_wconf 85' lang='lat' dir='ltr'><strong>teste</strong></span> <span class='ocrx_word' id='word_1_37' title='bbox 879 739 1100 805; x_wconf 78' lang='lat' dir='ltr'><strong>Hilario,</strong></span> <span class='ocrx_word' id='word_1_38' title='bbox 1130 741 1219 810; x_wconf 87' lang='lat' dir='ltr'><strong>qui</strong></span> <span class='ocrx_word' id='word_1_39' title='bbox 1247 740 1467 812; x_wconf 84' lang='lat' dir='ltr'><strong>alteram</strong></span> <span class='ocrx_word' id='word_1_40' title='bbox 1494 741 1776 812; x_wconf 71' lang='lat' dir='ltr'><strong>lectionem</strong></span> <span class='ocrx_word' id='word_1_41' title='bbox 1796 739 2071 812; x_wconf 60' lang='lat' dir='ltr'><strong>gntiguio-</strong></span> 
     </span>
    </p>
   </div>
   <div class='ocr_carea' id='block_1_6' title="bbox 556 808 2070 881">
    <p class='ocr_par' dir='ltr' id='par_1_6' title="bbox 556 808 2070 881">
     <span class='ocr_line' id='line_1_6' title="bbox 556 808 2070 881; baseline -0.001 -16"><span class='ocrx_word' id='word_1_42' title='bbox 556 808 666 866; x_wconf 77' lang='lat' dir='ltr'><strong>rem</strong></span> <span class='ocrx_word' id='word_1_43' title='bbox 715 828 836 869; x_wconf 91' lang='lat' dir='ltr'><strong>esse</strong></span> <span class='ocrx_word' id='word_1_44' title='bbox 874 822 926 865; x_wconf 81' lang='lat' dir='ltr'><strong>et</strong></span> <span class='ocrx_word' id='word_1_45' title='bbox 969 808 1188 865; x_wconf 82' lang='lat' dir='ltr'><strong>omnino</strong></span> <span class='ocrx_word' id='word_1_46' title='bbox 1215 811 1553 881; x_wconf 89' lang='lat' dir='ltr'><strong>_sequendam</strong></span> <span class='ocrx_word' id='word_1_47' title='bbox 1593 811 1737 881; x_wconf 82' lang='lat' dir='ltr'><strong>dicit.</strong></span> <span class='ocrx_word' id='word_1_48' title='bbox 1763 808 2070 881; x_wconf 12' lang='lat' dir='ltr'><strong>,Gr._habet</strong></span> 
     </span>
    </p>
   </div>
   <div class='ocr_carea' id='block_1_7' title="bbox 549 877 2071 952">
    <p class='ocr_par' dir='ltr' id='par_1_7' title="bbox 549 877 2071 952">
     <span class='ocr_line' id='line_1_7' title="bbox 549 877 2071 952; baseline 0 -18"><span class='ocrx_word' id='word_1_49' title='bbox 549 891 718 952; x_wconf 62' lang='lat' dir='ltr'><strong>cep-tv,</strong></span> <span class='ocrx_word' id='word_1_50' title='bbox 748 883 1056 937; x_wconf 69' lang='lat' dir='ltr'><strong>venationem</strong></span> <span class='ocrx_word' id='word_1_51' title='bbox 1079 896 1098 934; x_wconf 93' lang='lat'><strong><em>:</em></strong></span> <span class='ocrx_word' id='word_1_52' title='bbox 1131 879 1235 952; x_wconf 72' lang='lat' dir='ltr'><strong>sed</strong></span> <span class='ocrx_word' id='word_1_53' title='bbox 1278 877 1329 935; x_wconf 85' lang='lat' dir='ltr'><strong>in</strong></span> <span class='ocrx_word' id='word_1_54' title='bbox 1371 883 1552 952; x_wconf 77' lang='lat' dir='ltr'><strong>multis</strong></span> <span class='ocrx_word' id='word_1_55' title='bbox 1585 880 1857 952; x_wconf 69' lang='lat' dir='ltr'><strong>codicibus</strong></span> <span class='ocrx_word' id='word_1_56' title='bbox 1886 877 2071 952; x_wconf 72' lang='lat' dir='ltr'><strong>habuit</strong></span> 
     </span>
    </p>
   </div>
   <div class='ocr_carea' id='block_1_8' title="bbox 555 949 2065 1024">
    <p class='ocr_par' dir='ltr' id='par_1_8' title="bbox 555 949 2065 1024">
     <span class='ocr_line' id='line_1_8' title="bbox 555 949 2065 1024; baseline -0.001 -20"><span class='ocrx_word' id='word_1_57' title='bbox 555 949 722 1024; x_wconf 62' lang='grc' dir='ltr'><strong>χήραν,</strong></span> <span class='ocrx_word' id='word_1_58' title='bbox 747 953 970 1024; x_wconf 78' lang='lat' dir='ltr'><strong>viduam,</strong></span> <span class='ocrx_word' id='word_1_59' title='bbox 989 952 1062 1024; x_wconf 79' lang='lat' dir='ltr'><strong>uti</strong></span> <span class='ocrx_word' id='word_1_60' title='bbox 1092 950 1341 1024; x_wconf 77' lang='lat' dir='ltr'><strong>observat</strong></span> <span class='ocrx_word' id='word_1_61' title='bbox 1367 951 1582 1024; x_wconf 62' lang='lat' dir='ltr'><strong>Hieron.</strong></span> <span class='ocrx_word' id='word_1_62' title='bbox 1611 959 1811 1024; x_wconf 61' lang='grc' dir='ltr'><strong>(μείρει.</strong></span> <span class='ocrx_word' id='word_1_63' title='bbox 1834 949 2065 1024; x_wconf 80' lang='lat' dir='ltr'><strong>in_Gen.,</strong></span> 
     </span>
    </p>
   </div>
   <div class='ocr_carea' id='block_1_9' title="bbox 555 1019 2069 1094">
    <p class='ocr_par' dir='ltr' id='par_1_9' title="bbox 555 1019 2069 1094">
     <span class='ocr_line' id='line_1_9' title="bbox 555 1019 2069 1094; baseline -0.003 -17"><span class='ocrx_word' id='word_1_64' title='bbox 555 1019 717 1094; x_wconf 57' lang='grc' dir='ltr'>εςιδ,</span> <span class='ocrx_word' id='word_1_65' title='bbox 741 1039 847 1094; x_wconf 87' lang='lat' dir='ltr'><strong>quo</strong></span> <span class='ocrx_word' id='word_1_66' title='bbox 869 1023 987 1094; x_wconf 90' lang='lat' dir='ltr'><strong>loco</strong></span> <span class='ocrx_word' id='word_1_67' title='bbox 1013 1021 1171 1094; x_wconf 77' lang='lat' dir='ltr'><strong>docet</strong></span> <span class='ocrx_word' id='word_1_68' title='bbox 1195 1022 1414 1094; x_wconf 81' lang='lat' dir='ltr'><strong>verbum</strong></span> <span class='ocrx_word' id='word_1_69' title='bbox 1461 1019 1739 1094; x_wconf 71' lang='lat' dir='ltr'><strong>Hebraeum</strong></span> <span class='ocrx_word' id='word_1_70' title='bbox 1771 1019 2069 1094; x_wconf 77' lang='lat' dir='ltr'><strong>signiﬁcare</strong></span> 
     </span>
    </p>
   </div>
   <div class='ocr_carea' id='block_1_10' title="bbox 551 1091 2068 1165">
    <p class='ocr_par' dir='ltr' id='par_1_10' title="bbox 551 1091 2068 1165">
     <span class='ocr_line' id='line_1_10' title="bbox 551 1091 2068 1165; baseline -0.002 -18"><span class='ocrx_word' id='word_1_71' title='bbox 551 1093 744 1148; x_wconf 79' lang='lat' dir='ltr'><strong>cibaria</strong></span> <span class='ocrx_word' id='word_1_72' title='bbox 762 1091 790 1148; x_wconf 68' lang='grc' dir='ltr'><em>ἐ</em></span> <span class='ocrx_word' id='word_1_73' title='bbox 819 1094 942 1149; x_wconf 86' lang='lat' dir='ltr'><strong>licet</strong></span> <span class='ocrx_word' id='word_1_74' title='bbox 964 1093 1018 1147; x_wconf 92' lang='lat' dir='ltr'><strong>in</strong></span> <span class='ocrx_word' id='word_1_75' title='bbox 1048 1092 1306 1148; x_wconf 79' lang='lat' dir='ltr'><strong>Paalterio</strong></span> <span class='ocrx_word' id='word_1_76' title='bbox 1331 1092 1661 1147; x_wconf 89' lang='lat' dir='ltr'><strong>transtulerit</strong></span> <span class='ocrx_word' id='word_1_77' title='bbox 1697 1093 1810 1165; x_wconf 82' lang='lat' dir='ltr'><strong>ipse</strong></span> <span class='ocrx_word' id='word_1_78' title='bbox 1841 1091 2068 1146; x_wconf 83' lang='lat' dir='ltr'><strong>venatio-</strong></span> 
     </span>
    </p>
   </div>
   <div class='ocr_carea' id='block_1_11' title="bbox 554 1180 688 1219">
    <p class='ocr_par' dir='ltr' id='par_1_11' title="bbox 554 1180 688 1219">
     <span class='ocr_line' id='line_1_11' title="bbox 554 1180 688 1219; baseline 0.022 -3"><span class='ocrx_word' id='word_1_79' title='bbox 554 1180 688 1219; x_wconf 89' lang='lat' dir='ltr'><strong>nem.</strong></span> 
     </span>
    </p>
   </div>
   <div class='ocr_carea' id='block_1_12' title="bbox 498 1229 2069 1304">
    <p class='ocr_par' dir='ltr' id='par_1_12' title="bbox 498 1229 2069 1304">
     <span class='ocr_line' id='line_1_12' title="bbox 498 1229 2069 1304; baseline -0.001 -17"><span class='ocrx_word' id='word_1_80' title='bbox 498 1233 530 1300; x_wconf 82' lang='lat'><strong>7</strong></span> <span class='ocrx_word' id='word_1_81' title='bbox 557 1271 571 1287; x_wconf 93' lang='lat'><strong>.</strong></span> <span class='ocrx_word' id='word_1_82' title='bbox 602 1235 687 1289; x_wconf 84' lang='grc'><strong>17.</strong></span> <span class='ocrx_word' id='word_1_83' title='bbox 721 1232 855 1289; x_wconf 84' lang='lat' dir='ltr'><strong>Illuc</strong></span> <span class='ocrx_word' id='word_1_84' title='bbox 882 1233 1176 1304; x_wconf 87' lang='lat' dir='ltr'><strong>producam.</strong></span> <span class='ocrx_word' id='word_1_85' title='bbox 1204 1233 1268 1287; x_wconf 84' lang='lat' dir='ltr'><strong>A.</strong></span> <span class='ocrx_word' id='word_1_86' title='bbox 1301 1232 1382 1287; x_wconf 88' lang='lat' dir='ltr'><strong>lbi</strong></span> <span class='ocrx_word' id='word_1_87' title='bbox 1405 1232 1673 1304; x_wconf 77' lang='lat' dir='ltr'><strong>suscitabo.</strong></span> <span class='ocrx_word' id='word_1_88' title='bbox 1697 1229 1792 1304; x_wconf 61' lang='lat' dir='ltr'><strong>Gr.</strong></span> <span class='ocrx_word' id='word_1_89' title='bbox 1813 1236 1937 1304; x_wconf 71' lang='lat' dir='ltr'><strong>__iut_</strong></span> <span class='ocrx_word' id='word_1_90' title='bbox 1959 1237 2069 1304; x_wconf 63' lang='grc' dir='ltr'><strong>ἕξις-</strong></span> 
     </span>
    </p>
   </div>
   <div class='ocr_carea' id='block_1_13' title="bbox 555 1301 2067 1373">
    <p class='ocr_par' dir='ltr' id='par_1_13' title="bbox 555 1301 2067 1373">
     <span class='ocr_line' id='line_1_13' title="bbox 555 1301 2067 1373; baseline -0.001 -16"><span class='ocrx_word' id='word_1_91' title='bbox 555 1314 748 1360; x_wconf 61' lang='lat' dir='ltr'><strong>viz-reita.</strong></span> <span class='ocrx_word' id='word_1_92' title='bbox 777 1301 934 1361; x_wconf 85' lang='lat' dir='ltr'><strong>Ilebr.</strong></span> <span class='ocrx_word' id='word_1_93' title='bbox 952 1303 1033 1359; x_wconf 85' lang='lat' dir='ltr'><strong>Ibi</strong></span> <span class='ocrx_word' id='word_1_94' title='bbox 1059 1305 1181 1358; x_wconf 86' lang='lat' dir='ltr'><strong>oriri</strong></span> <span class='ocrx_word' id='word_1_95' title='bbox 1205 1304 1410 1373; x_wconf 79' lang='lat' dir='ltr'><strong>faciam.</strong></span> <span class='ocrx_word' id='word_1_96' title='bbox 1439 1304 1505 1359; x_wconf 88' lang='lat' dir='ltr'><strong>R.</strong></span> <span class='ocrx_word' id='word_1_97' title='bbox 1538 1303 1692 1358; x_wconf 93' lang='lat' dir='ltr'><strong>Rom.</strong></span> <span class='ocrx_word' id='word_1_98' title='bbox 1717 1301 1782 1358; x_wconf 91' lang='lat' dir='ltr'><strong>G.</strong></span> <span class='ocrx_word' id='word_1_99' title='bbox 1812 1302 1876 1356; x_wconf 95' lang='lat' dir='ltr'><strong>II.</strong></span> <span class='ocrx_word' id='word_1_100' title='bbox 1898 1302 1960 1356; x_wconf 84' lang='lat' dir='ltr'><strong>C.</strong></span> <span class='ocrx_word' id='word_1_101' title='bbox 1987 1301 2067 1355; x_wconf 86' lang='lat' dir='ltr'><strong>ll-</strong></span> 
     </span>
    </p>
   </div>
   <div class='ocr_carea' id='block_1_14' title="bbox 555 1375 943 1442">
    <p class='ocr_par' dir='ltr' id='par_1_14' title="bbox 555 1375 943 1442">
     <span class='ocr_line' id='line_1_14' title="bbox 555 1375 943 1442; baseline 0 -14"><span class='ocrx_word' id='word_1_102' title='bbox 555 1375 622 1428; x_wconf 87' lang='lat' dir='ltr'><strong>lic</strong></span> <span class='ocrx_word' id='word_1_103' title='bbox 652 1377 943 1442; x_wconf 82' lang='lat' dir='ltr'><strong>producam.</strong></span> 
     </span>
    </p>
   </div>
   <div class='ocr_carea' id='block_1_15' title="bbox 498 1441 2066 1516">
    <p class='ocr_par' dir='ltr' id='par_1_15' title="bbox 498 1441 2066 1516">
     <span class='ocr_line' id='line_1_15' title="bbox 498 1441 2066 1516; baseline -0.001 -20"><span class='ocrx_word' id='word_1_104' title='bbox 498 1444 532 1513; x_wconf 83' lang='lat'><strong>7</strong></span> <span class='ocrx_word' id='word_1_105' title='bbox 560 1441 684 1516; x_wconf 30' lang='lat' dir='ltr'><strong>.Ul8.</strong></span> <span class='ocrx_word' id='word_1_106' title='bbox 707 1447 958 1516; x_wconf 73' lang='lat' dir='ltr'><strong>eﬂlorebit.</strong></span> <span class='ocrx_word' id='word_1_107' title='bbox 976 1443 1056 1516; x_wconf 18' lang='lat' dir='ltr'><strong>7G.</strong></span> <span class='ocrx_word' id='word_1_108' title='bbox 1085 1445 1270 1516; x_wconf 69' lang='lat' dir='ltr'><strong>floriet.</strong></span> <span class='ocrx_word' id='word_1_109' title='bbox 1301 1444 1355 1498; x_wconf 92' lang='lat' dir='ltr'><strong>In</strong></span> <span class='ocrx_word' id='word_1_110' title='bbox 1380 1443 1526 1516; x_wconf 84' lang='lat' dir='ltr'><strong>quod</strong></span> <span class='ocrx_word' id='word_1_111' title='bbox 1553 1443 1786 1516; x_wconf 5' lang='lat' dir='ltr'><strong>Ang.gde</strong></span> <span class='ocrx_word' id='word_1_112' title='bbox 1819 1441 2066 1516; x_wconf 83' lang='lat' dir='ltr'><strong>Doctrina</strong></span> 
     </span>
    </p>
   </div>
   <div class='ocr_carea' id='block_1_16' title="bbox 555 1513 2070 1586">
    <p class='ocr_par' dir='ltr' id='par_1_16' title="bbox 555 1513 2070 1586">
     <span class='ocr_line' id='line_1_16' title="bbox 555 1513 2070 1586; baseline -0.002 -16"><span class='ocrx_word' id='word_1_113' title='bbox 555 1513 873 1579; x_wconf 79' lang='lat' dir='ltr'><strong>Christiana,</strong></span> <span class='ocrx_word' id='word_1_114' title='bbox 905 1517 940 1570; x_wconf 90' lang='lat' dir='ltr'><strong>l.</strong></span> <span class='ocrx_word' id='word_1_115' title='bbox 966 1515 1019 1579; x_wconf 73' lang='lat'><strong>2,</strong></span> <span class='ocrx_word' id='word_1_116' title='bbox 1047 1513 1095 1570; x_wconf 65' lang='lat' dir='ltr'><strong>cl</strong></span> <span class='ocrx_word' id='word_1_117' title='bbox 1127 1516 1213 1570; x_wconf 86' lang='grc'><strong>15.</strong></span> <span class='ocrx_word' id='word_1_118' title='bbox 1244 1513 1416 1578; x_wconf 61' lang='lat' dir='ltr'><strong>Illud,</strong></span> <span class='ocrx_word' id='word_1_119' title='bbox 1443 1515 1536 1578; x_wconf 87' lang='lat' dir='ltr'><strong>ait,</strong></span> <span class='ocrx_word' id='word_1_120' title='bbox 1568 1513 1702 1586; x_wconf 83' lang='lat' dir='ltr'><strong>quod</strong></span> <span class='ocrx_word' id='word_1_121' title='bbox 1724 1515 1844 1586; x_wconf 83' lang='lat' dir='ltr'><strong>jam</strong></span> <span class='ocrx_word' id='word_1_122' title='bbox 1869 1513 2070 1586; x_wconf 71' lang='lat' dir='ltr'><strong>auferre</strong></span> 
     </span>
    </p>
   </div>
   <div class='ocr_carea' id='block_1_17' title="bbox 557 1583 2065 1657">
    <p class='ocr_par' dir='ltr' id='par_1_17' title="bbox 557 1583 2065 1657">
     <span class='ocr_line' id='line_1_17' title="bbox 557 1583 2065 1657; baseline -0.002 -19"><span class='ocrx_word' id='word_1_123' title='bbox 557 1602 656 1640; x_wconf 90' lang='lat' dir='ltr'><strong>non</strong></span> <span class='ocrx_word' id='word_1_124' title='bbox 693 1602 959 1657; x_wconf 78' lang='lat' dir='ltr'><strong>possumus</strong></span> <span class='ocrx_word' id='word_1_125' title='bbox 997 1587 1060 1639; x_wconf 88' lang='lat' dir='ltr'><strong>de</strong></span> <span class='ocrx_word' id='word_1_126' title='bbox 1097 1601 1184 1639; x_wconf 91' lang='lat' dir='ltr'><strong>ore</strong></span> <span class='ocrx_word' id='word_1_127' title='bbox 1223 1586 1531 1657; x_wconf 82' lang='lat' dir='ltr'><strong>cantantium</strong></span> <span class='ocrx_word' id='word_1_128' title='bbox 1562 1583 1928 1657; x_wconf 51' lang='lat' dir='ltr'><strong>papulorutlir</strong></span> <span class='ocrx_word' id='word_1_129' title='bbox 1955 1583 2065 1638; x_wconf 62' lang='lat' dir='ltr'><strong>Suo</strong></span> 
     </span>
    </p>
   </div>
   <div class='ocr_carea' id='block_1_18' title="bbox 549 1653 2069 1728">
    <p class='ocr_par' dir='ltr' id='par_1_18' title="bbox 549 1653 2069 1728">
     <span class='ocr_line' id='line_1_18' title="bbox 549 1653 2069 1728; baseline -0.002 -19"><span class='ocrx_word' id='word_1_130' title='bbox 549 1672 647 1727; x_wconf 86' lang='lat' dir='ltr'><strong>per</strong></span> <span class='ocrx_word' id='word_1_131' title='bbox 673 1653 839 1728; x_wconf 79' lang='lat' dir='ltr'><strong>ipsum</strong></span> <span class='ocrx_word' id='word_1_132' title='bbox 884 1665 1049 1728; x_wconf 86' lang='lat' dir='ltr'><strong>autem</strong></span> <span class='ocrx_word' id='word_1_133' title='bbox 1081 1657 1246 1728; x_wconf 81' lang='lat' dir='ltr'><strong>ﬂoriet</strong></span> <span class='ocrx_word' id='word_1_134' title='bbox 1272 1653 1602 1728; x_wconf 81' lang='lat' dir='ltr'><strong>sanctiﬁcatio</strong></span> <span class='ocrx_word' id='word_1_135' title='bbox 1640 1653 1772 1719; x_wconf 84' lang='lat' dir='ltr'><strong>mea;</strong></span> <span class='ocrx_word' id='word_1_136' title='bbox 1799 1653 1928 1707; x_wconf 82' lang='lat' dir='ltr'><strong>nihil</strong></span> <span class='ocrx_word' id='word_1_137' title='bbox 1950 1670 2069 1728; x_wconf 75' lang='lat' dir='ltr'><strong>pro-</strong></span> 
     </span>
    </p>
   </div>
   <div class='ocr_carea' id='block_1_19' title="bbox 560 1725 2068 1786">
    <p class='ocr_par' dir='ltr' id='par_1_19' title="bbox 560 1725 2068 1786">
     <span class='ocr_line' id='line_1_19' title="bbox 560 1725 2068 1786; baseline -0.002 -6"><span class='ocrx_word' id='word_1_138' title='bbox 560 1725 703 1786; x_wconf 74' lang='lat' dir='ltr'><strong>fecto</strong></span> <span class='ocrx_word' id='word_1_139' title='bbox 733 1727 988 1780; x_wconf 66' lang='lat' dir='ltr'><strong>sententia!</strong></span> <span class='ocrx_word' id='word_1_140' title='bbox 1040 1727 1264 1780; x_wconf 75' lang='lat' dir='ltr'><strong>detrahit</strong></span> <span class='ocrx_word' id='word_1_141' title='bbox 1317 1742 1336 1780; x_wconf 92' lang='lat'><strong><em>:</em></strong></span> <span class='ocrx_word' id='word_1_142' title='bbox 1388 1726 1592 1780; x_wconf 83' lang='lat' dir='ltr'><strong>auditor</strong></span> <span class='ocrx_word' id='word_1_143' title='bbox 1647 1737 1814 1779; x_wconf 87' lang='lat' dir='ltr'><strong>tamen</strong></span> <span class='ocrx_word' id='word_1_144' title='bbox 1864 1725 2068 1786; x_wconf 78' lang='lat' dir='ltr'><strong>peritior</strong></span> 
     </span>
    </p>
   </div>
   <div class='ocr_carea' id='block_1_20' title="bbox 555 1793 2066 1867">
    <p class='ocr_par' dir='ltr' id='par_1_20' title="bbox 555 1793 2066 1867">
     <span class='ocr_line' id='line_1_20' title="bbox 555 1793 2066 1867; baseline 0 -20"><span class='ocrx_word' id='word_1_145' title='bbox 555 1797 726 1851; x_wconf 82' lang='lat' dir='ltr'><strong>mallet</strong></span> <span class='ocrx_word' id='word_1_146' title='bbox 753 1797 845 1852; x_wconf 86' lang='lat' dir='ltr'><strong>hoc</strong></span> <span class='ocrx_word' id='word_1_147' title='bbox 879 1797 1082 1867; x_wconf 77' lang='lat' dir='ltr'><strong>corrigi,</strong></span> <span class='ocrx_word' id='word_1_148' title='bbox 1112 1808 1167 1850; x_wconf 92' lang='lat' dir='ltr'><strong>ut</strong></span> <span class='ocrx_word' id='word_1_149' title='bbox 1200 1812 1302 1852; x_wconf 89' lang='lat' dir='ltr'><strong>non</strong></span> <span class='ocrx_word' id='word_1_150' title='bbox 1335 1796 1525 1862; x_wconf 79' lang='lat' dir='ltr'><strong>ﬂoriet,</strong></span> <span class='ocrx_word' id='word_1_151' title='bbox 1566 1797 1653 1852; x_wconf 87' lang='lat' dir='ltr'><strong>sed</strong></span> <span class='ocrx_word' id='word_1_152' title='bbox 1691 1793 1902 1851; x_wconf 83' lang='lat' dir='ltr'><strong>ﬂorebit</strong></span> <span class='ocrx_word' id='word_1_153' title='bbox 1928 1793 2066 1848; x_wconf 81' lang='lat' dir='ltr'><strong>dice-</strong></span> 
     </span>
    </p>
   </div>
   <div class='ocr_carea' id='block_1_21' title="bbox 553 1875 950 1921">
    <p class='ocr_par' dir='ltr' id='par_1_21' title="bbox 553 1875 950 1921">
     <span class='ocr_line' id='line_1_21' title="bbox 553 1875 950 1921; baseline 0.005 -1"><span class='ocrx_word' id='word_1_154' title='bbox 553 1875 711 1921; x_wconf 86' lang='lat' dir='ltr'><strong>retur.</strong></span> <span class='ocrx_word' id='word_1_155' title='bbox 947 1892 950 1896; x_wconf 50' lang='grc' dir='ltr'><em>ί</em></span> 
     </span>
    </p>
   </div>
   <div class='ocr_carea' id='block_1_22' title="bbox 996 1973 1549 2016">
    <p class='ocr_par' dir='ltr' id='par_1_22' title="bbox 996 1973 1549 2016">
     <span class='ocr_line' id='line_1_22' title="bbox 996 1973 1549 2016; baseline -0.004 0"><span class='ocrx_word' id='word_1_156' title='bbox 996 1974 1062 2016; x_wconf 72' lang='lat' dir='ltr'><strong>EX</strong></span> <span class='ocrx_word' id='word_1_157' title='bbox 1103 1973 1301 2015; x_wconf 67' lang='lat' dir='ltr'><strong>PSALIIO</strong></span> <span class='ocrx_word' id='word_1_158' title='bbox 1338 1973 1549 2016; x_wconf 82' lang='lat' dir='ltr'><strong>CXXXII.</strong></span> 
     </span>
    </p>
   </div>
   <div class='ocr_carea' id='block_1_23' title="bbox 499 2069 2068 2195">
    <p class='ocr_par' dir='ltr' id='par_1_23' title="bbox 499 2069 2068 2195">
     <span class='ocr_line' id='line_1_23' title="bbox 499 2069 2068 2195; baseline -0.001 -69"><span class='ocrx_word' id='word_1_159' title='bbox 499 2069 667 2195; x_wconf 41' lang='lat'><strong>7353.</strong></span> <span class='ocrx_word' id='word_1_160' title='bbox 711 2069 763 2123; x_wconf 89' lang='lat' dir='ltr'><strong>in</strong></span> <span class='ocrx_word' id='word_1_161' title='bbox 792 2077 1009 2125; x_wconf 80' lang='lat' dir='ltr'><strong>montem</strong></span> <span class='ocrx_word' id='word_1_162' title='bbox 1057 2069 1207 2125; x_wconf 89' lang='lat' dir='ltr'><strong>Sion.</strong></span> <span class='ocrx_word' id='word_1_163' title='bbox 1248 2069 1313 2125; x_wconf 76' lang='grc' dir='ltr'><strong>Α.</strong></span> <span class='ocrx_word' id='word_1_164' title='bbox 1353 2071 1504 2140; x_wconf 80' lang='lat' dir='ltr'><strong>juxta</strong></span> <span class='ocrx_word' id='word_1_165' title='bbox 1546 2069 1642 2126; x_wconf 87' lang='lat' dir='ltr'><strong>Gr.</strong></span> <span class='ocrx_word' id='word_1_166' title='bbox 1685 2087 1837 2140; x_wconf 86' lang='lat' dir='ltr'><strong>super</strong></span> <span class='ocrx_word' id='word_1_167' title='bbox 1876 2079 2068 2127; x_wconf 84' lang='lat' dir='ltr'><strong>montes</strong></span> 
     </span>
     <span class='ocr_line' id='line_1_24' title="bbox 621 2156 708 2195; baseline 0.011 -1"><span class='ocrx_word' id='word_1_168' title='bbox 621 2156 708 2195; x_wconf 91' lang='lat' dir='ltr'><strong>on.</strong></span> 
     </span>
    </p>
   </div>
   <div class='ocr_carea' id='block_1_24' title="bbox 621 2156 708 2196">
    <p class='ocr_par' dir='ltr' id='par_1_24' title="bbox 621 2156 708 2196">
     <span class='ocr_line' id='line_1_25' title="bbox 621 2156 708 2196; baseline 0.023 -2"><span class='ocrx_word' id='word_1_169' title='bbox 621 2156 708 2196; x_wconf 91' lang='lat' dir='ltr'><strong>on.</strong></span> 
     </span>
    </p>
   </div>
   <div class='ocr_carea' id='block_1_25' title="bbox 1005 2225 1564 2265">
    <p class='ocr_par' dir='ltr' id='par_1_25' title="bbox 1005 2225 1564 2265">
     <span class='ocr_line' id='line_1_26' title="bbox 1005 2225 1564 2265; baseline 0 -1"><span class='ocrx_word' id='word_1_170' title='bbox 1005 2225 1077 2264; x_wconf 71' lang='lat' dir='ltr'><strong>EX</strong></span> <span class='ocrx_word' id='word_1_171' title='bbox 1109 2225 1309 2265; x_wconf 72' lang='lat' dir='ltr'><strong>PSALIO</strong></span> <span class='ocrx_word' id='word_1_172' title='bbox 1338 2225 1442 2265; x_wconf 84' lang='lat' dir='ltr'><strong>CXX</strong></span> <span class='ocrx_word' id='word_1_173' title='bbox 1452 2225 1564 2264; x_wconf 75' lang='lat' dir='ltr'><strong>XIV.</strong></span> 
     </span>
    </p>
   </div>
   <div class='ocr_carea' id='block_1_26' title="bbox 499 2278 2068 2350">
    <p class='ocr_par' dir='ltr' id='par_1_26' title="bbox 499 2278 2068 2350">
     <span class='ocr_line' id='line_1_27' title="bbox 499 2278 2068 2350; baseline 0.001 -17"><span class='ocrx_word' id='word_1_174' title='bbox 499 2281 536 2350; x_wconf 78' lang='lat'><strong>7</strong></span> <span class='ocrx_word' id='word_1_175' title='bbox 561 2321 573 2333; x_wconf 92' lang='lat'><strong>.</strong></span> <span class='ocrx_word' id='word_1_176' title='bbox 602 2279 656 2335; x_wconf 87' lang='grc'><strong>5.</strong></span> <span class='ocrx_word' id='word_1_177' title='bbox 690 2279 809 2348; x_wconf 88' lang='lat' dir='ltr'><strong>quia</strong></span> <span class='ocrx_word' id='word_1_178' title='bbox 845 2278 1003 2350; x_wconf 80' lang='lat' dir='ltr'><strong>bonus</strong></span> <span class='ocrx_word' id='word_1_179' title='bbox 1033 2279 1315 2350; x_wconf 37' lang='lat' dir='ltr'><strong>Dominus:</strong></span> <span class='ocrx_word' id='word_1_180' title='bbox 1344 2282 1408 2334; x_wconf 85' lang='lat' dir='ltr'><strong>R.</strong></span> <span class='ocrx_word' id='word_1_181' title='bbox 1447 2280 1600 2334; x_wconf 91' lang='lat' dir='ltr'><strong>Rom.</strong></span> <span class='ocrx_word' id='word_1_182' title='bbox 1627 2279 1693 2336; x_wconf 91' lang='lat' dir='ltr'><strong>G.</strong></span> <span class='ocrx_word' id='word_1_183' title='bbox 1731 2279 1797 2335; x_wconf 90' lang='lat' dir='ltr'><strong>II.</strong></span> <span class='ocrx_word' id='word_1_184' title='bbox 1832 2287 2068 2350; x_wconf 81' lang='lat' dir='ltr'><strong>quoniam</strong></span> 
     </span>
    </p>
   </div>
   <div class='ocr_carea' id='block_1_27' title="bbox 553 2349 2066 2422">
    <p class='ocr_par' dir='ltr' id='par_1_27' title="bbox 553 2349 2066 2422">
     <span class='ocr_line' id='line_1_28' title="bbox 553 2349 2066 2422; baseline 0 -18"><span class='ocrx_word' id='word_1_185' title='bbox 553 2351 799 2422; x_wconf 80' lang='lat' dir='ltr'><strong>benignus</strong></span> <span class='ocrx_word' id='word_1_186' title='bbox 845 2360 916 2404; x_wconf 85' lang='lat' dir='ltr'><strong>est</strong></span> <span class='ocrx_word' id='word_1_187' title='bbox 965 2349 1233 2406; x_wconf 85' lang='lat' dir='ltr'><strong>Dominus.</strong></span> <span class='ocrx_word' id='word_1_188' title='bbox 1276 2349 1337 2405; x_wconf 85' lang='lat' dir='ltr'><strong>C.</strong></span> <span class='ocrx_word' id='word_1_189' title='bbox 1380 2352 1622 2422; x_wconf 87' lang='lat' dir='ltr'><strong>quoniam</strong></span> <span class='ocrx_word' id='word_1_190' title='bbox 1671 2352 1840 2406; x_wconf 88' lang='lat' dir='ltr'><strong>suavis</strong></span> <span class='ocrx_word' id='word_1_191' title='bbox 1887 2351 2066 2404; x_wconf 89' lang='lat' dir='ltr'><strong>Donn-</strong></span> 
     </span>
    </p>
   </div>
   <div class='ocr_carea' id='block_1_28' title="bbox 559 2437 672 2475">
    <p class='ocr_par' dir='ltr' id='par_1_28' title="bbox 559 2437 672 2475">
     <span class='ocr_line' id='line_1_29' title="bbox 559 2437 672 2475; baseline 0 -1"><span class='ocrx_word' id='word_1_192' title='bbox 559 2437 672 2475; x_wconf 68' lang='lat' dir='ltr'><strong>IIIIS.</strong></span> 
     </span>
    </p>
   </div>
   <div class='ocr_carea' id='block_1_29' title="bbox 491 2490 2069 2562">
    <p class='ocr_par' dir='ltr' id='par_1_29' title="bbox 491 2490 2069 2562">
     <span class='ocr_line' id='line_1_30' title="bbox 491 2490 2069 2562; baseline 0 -16"><span class='ocrx_word' id='word_1_193' title='bbox 491 2491 621 2546; x_wconf 84' lang='lat' dir='ltr'><strong>Item</strong></span> <span class='ocrx_word' id='word_1_194' title='bbox 665 2491 700 2561; x_wconf 99' lang='lat'><strong>7</strong></span> <span class='ocrx_word' id='word_1_195' title='bbox 726 2531 742 2544; x_wconf 94' lang='lat'><strong>.</strong></span> <span class='ocrx_word' id='word_1_196' title='bbox 773 2490 826 2546; x_wconf 84' lang='grc'><strong>5.</strong></span> <span class='ocrx_word' id='word_1_197' title='bbox 853 2491 1088 2562; x_wconf 89' lang='lat' dir='ltr'><strong>quoniam</strong></span> <span class='ocrx_word' id='word_1_198' title='bbox 1117 2507 1283 2546; x_wconf 80' lang='lat' dir='ltr'><strong>suave.</strong></span> <span class='ocrx_word' id='word_1_199' title='bbox 1327 2493 1392 2546; x_wconf 78' lang='grc' dir='ltr'><strong>Α.</strong></span> <span class='ocrx_word' id='word_1_200' title='bbox 1435 2491 1499 2562; x_wconf 84' lang='lat' dir='ltr'><strong>R.</strong></span> <span class='ocrx_word' id='word_1_201' title='bbox 1545 2492 1698 2547; x_wconf 90' lang='lat' dir='ltr'><strong>Rom.</strong></span> <span class='ocrx_word' id='word_1_202' title='bbox 1734 2490 1798 2547; x_wconf 90' lang='lat' dir='ltr'><strong>G.</strong></span> <span class='ocrx_word' id='word_1_203' title='bbox 1831 2493 2069 2560; x_wconf 88' lang='lat' dir='ltr'><strong>quoniam</strong></span> 
     </span>
    </p>
   </div>
   <div class='ocr_carea' id='block_1_30' title="bbox 559 2561 2068 2632">
    <p class='ocr_par' dir='ltr' id='par_1_30' title="bbox 559 2561 2068 2632">
     <span class='ocr_line' id='line_1_31' title="bbox 559 2561 2068 2632; baseline 0.001 -17"><span class='ocrx_word' id='word_1_204' title='bbox 559 2562 727 2616; x_wconf 88' lang='lat' dir='ltr'><strong>suavis</strong></span> <span class='ocrx_word' id='word_1_205' title='bbox 750 2571 841 2614; x_wconf 87' lang='lat' dir='ltr'><strong>est.</strong></span> <span class='ocrx_word' id='word_1_206' title='bbox 868 2561 935 2616; x_wconf 86' lang='grc' dir='ltr'><strong>Μ.</strong></span> <span class='ocrx_word' id='word_1_207' title='bbox 954 2563 1194 2632; x_wconf 81' lang='lat' dir='ltr'><strong>quoniam</strong></span> <span class='ocrx_word' id='word_1_208' title='bbox 1231 2561 1387 2616; x_wconf 88' lang='lat' dir='ltr'><strong>bonus</strong></span> <span class='ocrx_word' id='word_1_209' title='bbox 1429 2561 1522 2618; x_wconf 90' lang='lat' dir='ltr'><strong>Gr.</strong></span> <span class='ocrx_word' id='word_1_210' title='bbox 1545 2569 1621 2617; x_wconf 68' lang='grc' dir='ltr'><strong>ὅτι</strong></span> <span class='ocrx_word' id='word_1_211' title='bbox 1641 2571 1800 2630; x_wconf 74' lang='grc' dir='ltr'><strong>καλὸν,</strong></span> <span class='ocrx_word' id='word_1_212' title='bbox 1829 2566 2068 2632; x_wconf 87' lang='lat' dir='ltr'><strong>quoniam</strong></span> 
     </span>
    </p>
   </div>
   <div class='ocr_carea' id='block_1_31' title="bbox 559 2631 1126 2698">
    <p class='ocr_par' dir='ltr' id='par_1_31' title="bbox 559 2631 1126 2698">
     <span class='ocr_line' id='line_1_32' title="bbox 559 2631 1126 2698; baseline 0.002 -13"><span class='ocrx_word' id='word_1_213' title='bbox 559 2632 761 2698; x_wconf 83' lang='lat' dir='ltr'><strong>decens;</strong></span> <span class='ocrx_word' id='word_1_214' title='bbox 780 2642 835 2686; x_wconf 91' lang='lat' dir='ltr'><strong>ct</strong></span> <span class='ocrx_word' id='word_1_215' title='bbox 859 2633 934 2686; x_wconf 89' lang='lat' dir='ltr'><strong>sic</strong></span> <span class='ocrx_word' id='word_1_216' title='bbox 965 2631 1126 2686; x_wconf 90' lang='lat' dir='ltr'><strong>Ilebr.</strong></span> 
     </span>
    </p>
   </div>
   <div class='ocr_carea' id='block_1_32' title="bbox 504 2703 1817 2772">
    <p class='ocr_par' dir='ltr' id='par_1_32' title="bbox 504 2703 1817 2772">
     <span class='ocr_line' id='line_1_33' title="bbox 504 2703 1817 2772; baseline -0.001 -16"><span class='ocrx_word' id='word_1_217' title='bbox 504 2703 538 2771; x_wconf 90' lang='lat'><strong>7</strong></span> <span class='ocrx_word' id='word_1_218' title='bbox 562 2741 578 2756; x_wconf 94' lang='lat'><strong>.</strong></span> <span class='ocrx_word' id='word_1_219' title='bbox 601 2703 651 2754; x_wconf 76' lang='lat'><strong>5.</strong></span> <span class='ocrx_word' id='word_1_220' title='bbox 684 2717 790 2772; x_wconf 80' lang='lat' dir='ltr'><strong>pra:</strong></span> <span class='ocrx_word' id='word_1_221' title='bbox 813 2703 1039 2756; x_wconf 87' lang='lat' dir='ltr'><strong>omnibus</strong></span> <span class='ocrx_word' id='word_1_222' title='bbox 1062 2703 1179 2758; x_wconf 88' lang='lat' dir='ltr'><strong>diis.</strong></span> <span class='ocrx_word' id='word_1_223' title='bbox 1212 2705 1276 2756; x_wconf 80' lang='grc' dir='ltr'><strong>Α.</strong></span> <span class='ocrx_word' id='word_1_224' title='bbox 1302 2718 1456 2772; x_wconf 84' lang='lat' dir='ltr'><strong>super</strong></span> <span class='ocrx_word' id='word_1_225' title='bbox 1481 2719 1652 2757; x_wconf 90' lang='lat' dir='ltr'><strong>omnes</strong></span> <span class='ocrx_word' id='word_1_226' title='bbox 1677 2703 1817 2757; x_wconf 86' lang='lat' dir='ltr'><strong>deos.</strong></span> 
     </span>
    </p>
   </div>
   <div class='ocr_carea' id='block_1_33' title="bbox 558 2771 1772 2828">
    <p class='ocr_par' dir='ltr' id='par_1_33' title="bbox 558 2771 1772 2828">
     <span class='ocr_line' id='line_1_34' title="bbox 558 2771 1772 2828; baseline -0.003 0"><span class='ocrx_word' id='word_1_227' title='bbox 558 2811 572 2828; x_wconf 93' lang='lat'><strong>.</strong></span> <span class='ocrx_word' id='word_1_228' title='bbox 605 2773 659 2827; x_wconf 87' lang='lat'><strong>7.</strong></span> <span class='ocrx_word' id='word_1_229' title='bbox 691 2771 940 2828; x_wconf 83' lang='lat' dir='ltr'><strong>Educens.</strong></span> <span class='ocrx_word' id='word_1_230' title='bbox 971 2775 1034 2828; x_wconf 85' lang='lat' dir='ltr'><strong>A.</strong></span> <span class='ocrx_word' id='word_1_231' title='bbox 1059 2773 1342 2828; x_wconf 89' lang='lat' dir='ltr'><strong>Suscitans.</strong></span> <span class='ocrx_word' id='word_1_232' title='bbox 1368 2771 1537 2828; x_wconf 77' lang='lat' dir='ltr'><strong>I-lebr.</strong></span> <span class='ocrx_word' id='word_1_233' title='bbox 1560 2772 1772 2828; x_wconf 57' lang='lat' dir='ltr'><strong>levitas.</strong></span> 
     </span>
    </p>
   </div>
   <div class='ocr_carea' id='block_1_34' title="bbox 564 2842 1606 2916">
    <p class='ocr_par' dir='ltr' id='par_1_34' title="bbox 564 2842 1606 2916">
     <span class='ocr_line' id='line_1_35' title="bbox 564 2842 1606 2916; baseline 0 -20"><span class='ocrx_word' id='word_1_234' title='bbox 564 2842 688 2916; x_wconf 44' lang='grc' dir='ltr'><strong>ἀρ.</strong></span> <span class='ocrx_word' id='word_1_235' title='bbox 713 2860 852 2915; x_wconf 86' lang='lat' dir='ltr'><strong>reges</strong></span> <span class='ocrx_word' id='word_1_236' title='bbox 868 2844 1049 2916; x_wconf 87' lang='lat' dir='ltr'><strong>fortes.</strong></span> <span class='ocrx_word' id='word_1_237' title='bbox 1075 2843 1139 2898; x_wconf 87' lang='lat' dir='ltr'><strong>G.</strong></span> <span class='ocrx_word' id='word_1_238' title='bbox 1171 2860 1311 2916; x_wconf 75' lang='lat' dir='ltr'><strong>reges</strong></span> <span class='ocrx_word' id='word_1_239' title='bbox 1338 2843 1606 2897; x_wconf 83' lang='lat' dir='ltr'><strong>mirabiles.</strong></span> 
     </span>
    </p>
   </div>
   <div class='ocr_carea' id='block_1_35' title="bbox 502 2912 1623 2984">
    <p class='ocr_par' dir='ltr' id='par_1_35' title="bbox 502 2912 1623 2984">
     <span class='ocr_line' id='line_1_36' title="bbox 502 2912 1623 2984; baseline 0 -18"><span class='ocrx_word' id='word_1_240' title='bbox 502 2914 538 2984; x_wconf 92' lang='lat'><strong>7</strong></span> <span class='ocrx_word' id='word_1_241' title='bbox 561 2950 577 2966; x_wconf 93' lang='lat'><strong>.</strong></span> <span class='ocrx_word' id='word_1_242' title='bbox 603 2912 688 2976; x_wconf 70' lang='grc'><strong>12.</strong></span> <span class='ocrx_word' id='word_1_243' title='bbox 719 2912 906 2984; x_wconf 82' lang='lat' dir='ltr'><strong>populo</strong></span> <span class='ocrx_word' id='word_1_244' title='bbox 933 2931 1043 2968; x_wconf 87' lang='lat' dir='ltr'><strong>suo.</strong></span> <span class='ocrx_word' id='word_1_245' title='bbox 1078 2915 1141 2967; x_wconf 78' lang='grc' dir='ltr'><strong>Α.</strong></span> <span class='ocrx_word' id='word_1_246' title='bbox 1168 2912 1322 2968; x_wconf 68' lang='grc' dir='ltr'><strong>Μῖϐ.</strong></span> <span class='ocrx_word' id='word_1_247' title='bbox 1349 2929 1488 2968; x_wconf 86' lang='lat' dir='ltr'><strong>servo</strong></span> <span class='ocrx_word' id='word_1_248' title='bbox 1513 2929 1623 2967; x_wconf 89' lang='lat' dir='ltr'><strong>suo.</strong></span> 
     </span>
    </p>
   </div>
   <div class='ocr_carea' id='block_1_36' title="bbox 503 2985 1378 3055">
    <p class='ocr_par' dir='ltr' id='par_1_36' title="bbox 503 2985 1378 3055">
     <span class='ocr_line' id='line_1_37' title="bbox 503 2985 1378 3055; baseline -0.001 -16"><span class='ocrx_word' id='word_1_249' title='bbox 503 2985 539 3054; x_wconf 82' lang='lat'><strong>7</strong></span> <span class='ocrx_word' id='word_1_250' title='bbox 564 3023 578 3038; x_wconf 92' lang='lat'><strong>.</strong></span> <span class='ocrx_word' id='word_1_251' title='bbox 614 2985 698 3039; x_wconf 75' lang='grc'><strong>14.</strong></span> <span class='ocrx_word' id='word_1_252' title='bbox 720 2985 990 3055; x_wconf 87' lang='lat' dir='ltr'><strong>judicabit.</strong></span> <span class='ocrx_word' id='word_1_253' title='bbox 1023 2986 1096 3055; x_wconf 84' lang='grc' dir='ltr'><strong>Δ.</strong></span> <span class='ocrx_word' id='word_1_254' title='bbox 1110 2985 1378 3055; x_wconf 78' lang='lat' dir='ltr'><strong>judicavit.</strong></span> 
     </span>
    </p>
   </div>
   <div class='ocr_carea' id='block_1_37' title="bbox 489 3052 2070 3126">
    <p class='ocr_par' dir='ltr' id='par_1_37' title="bbox 489 3052 2070 3126">
     <span class='ocr_line' id='line_1_38' title="bbox 489 3052 2070 3126; baseline 0.001 -18"><span class='ocrx_word' id='word_1_255' title='bbox 489 3052 618 3110; x_wconf 90' lang='lat' dir='ltr'><strong>Item</strong></span> <span class='ocrx_word' id='word_1_256' title='bbox 660 3055 693 3125; x_wconf 98' lang='lat'><strong>7</strong></span> <span class='ocrx_word' id='word_1_257' title='bbox 720 3052 734 3104; x_wconf 74' lang='grc' dir='ltr'><em>ἶ</em></span> <span class='ocrx_word' id='word_1_258' title='bbox 760 3055 841 3108; x_wconf 75' lang='grc'><strong>14.</strong></span> <span class='ocrx_word' id='word_1_259' title='bbox 871 3052 1240 3126; x_wconf 45' lang='lat' dir='ltr'><strong>deprecabatur:</strong></span> <span class='ocrx_word' id='word_1_260' title='bbox 1255 3054 1683 3126; x_wconf 32' lang='lat' dir='ltr'><strong>Atadvocabitur.</strong></span> <span class='ocrx_word' id='word_1_261' title='bbox 1711 3052 1805 3110; x_wconf 86' lang='lat' dir='ltr'><strong>Gr.</strong></span> <span class='ocrx_word' id='word_1_262' title='bbox 1823 3065 2070 3126; x_wconf 75' lang='grc' dir='ltr'><strong>παρακλη-</strong></span> 
     </span>
    </p>
   </div>
   <div class='ocr_carea' id='block_1_38' title="bbox 561 3124 2069 3249">
    <p class='ocr_par' dir='ltr' id='par_1_38' title="bbox 561 3124 2069 3249">
     <span class='ocr_line' id='line_1_39' title="bbox 561 3124 2069 3185; baseline 0.001 -6"><span class='ocrx_word' id='word_1_263' title='bbox 561 3133 773 3185; x_wconf 71' lang='grc' dir='ltr'><strong>θήσεται.</strong></span> <span class='ocrx_word' id='word_1_264' title='bbox 811 3126 872 3179; x_wconf 76' lang='lat' dir='ltr'><strong>ll.</strong></span> <span class='ocrx_word' id='word_1_265' title='bbox 903 3125 1057 3179; x_wconf 89' lang='lat' dir='ltr'><strong>Rom.</strong></span> <span class='ocrx_word' id='word_1_266' title='bbox 1097 3125 1166 3179; x_wconf 93' lang='grc' dir='ltr'><strong>Μ.</strong></span> <span class='ocrx_word' id='word_1_267' title='bbox 1197 3124 1264 3180; x_wconf 85' lang='lat' dir='ltr'><strong>II.</strong></span> <span class='ocrx_word' id='word_1_268' title='bbox 1300 3124 1358 3180; x_wconf 91' lang='lat' dir='ltr'><strong>C.</strong></span> <span class='ocrx_word' id='word_1_269' title='bbox 1390 3125 1748 3180; x_wconf 79' lang='lat' dir='ltr'><strong>consolabitur.</strong></span> <span class='ocrx_word' id='word_1_270' title='bbox 1785 3124 1946 3180; x_wconf 85' lang='lat' dir='ltr'><strong>Ilebr.</strong></span> <span class='ocrx_word' id='word_1_271' title='bbox 1975 3127 2069 3180; x_wconf 90' lang='lat' dir='ltr'><strong>erit</strong></span> 
     </span>
     <span class='ocr_line' id='line_1_40' title="bbox 561 3196 841 3249; baseline -0.004 0"><span class='ocrx_word' id='word_1_272' title='bbox 561 3196 841 3249; x_wconf 75' lang='lat' dir='ltr'><strong>placabilis.</strong></span> 
     </span>
    </p>
   </div>
   <div class='ocr_carea' id='block_1_39' title="bbox 616 3212 841 3249">
    <p class='ocr_par' dir='ltr' id='par_1_39' title="bbox 616 3212 841 3249">
     <span class='ocr_line' id='line_1_41' title="bbox 616 3212 841 3249; baseline -0.004 0"><span class='ocrx_word' id='word_1_273' title='bbox 616 3212 841 3249; x_wconf 75' lang='lat' dir='ltr'><strong>acamas.</strong></span> 
     </span>
    </p>
   </div>
   <div class='ocr_carea' id='block_1_40' title="bbox 508 3214 2064 3335">
    <p class='ocr_par' dir='ltr' id='par_1_40' title="bbox 508 3214 2064 3335">
     <span class='ocr_line' id='line_1_42' title="bbox 561 3214 841 3266; baseline -0.004 -17"><span class='ocrx_word' id='word_1_274' title='bbox 561 3214 841 3266; x_wconf 79' lang='lat' dir='ltr'><strong>placamus.</strong></span> 
     </span>
     <span class='ocr_line' id='line_1_43' title="bbox 508 3264 2064 3335; baseline -0.001 -16"><span class='ocrx_word' id='word_1_275' title='bbox 508 3267 542 3335; x_wconf 93' lang='lat'><strong>7</strong></span> <span class='ocrx_word' id='word_1_276' title='bbox 566 3303 582 3319; x_wconf 92' lang='lat'><strong>.</strong></span> <span class='ocrx_word' id='word_1_277' title='bbox 616 3265 703 3321; x_wconf 86' lang='grc'><strong>17.</strong></span> <span class='ocrx_word' id='word_1_278' title='bbox 731 3273 776 3319; x_wconf 89' lang='lat' dir='ltr'><strong>et</strong></span> <span class='ocrx_word' id='word_1_279' title='bbox 806 3281 903 3319; x_wconf 87' lang='lat' dir='ltr'><strong>non</strong></span> <span class='ocrx_word' id='word_1_280' title='bbox 933 3265 1156 3320; x_wconf 86' lang='lat' dir='ltr'><strong>audient.</strong></span> <span class='ocrx_word' id='word_1_281' title='bbox 1193 3264 1286 3320; x_wconf 80' lang='lat' dir='ltr'><strong>His</strong></span> <span class='ocrx_word' id='word_1_282' title='bbox 1314 3265 1491 3320; x_wconf 84' lang='lat' dir='ltr'><strong>verbis</strong></span> <span class='ocrx_word' id='word_1_283' title='bbox 1533 3265 1812 3334; x_wconf 84' lang='lat' dir='ltr'><strong>subjicitur</strong></span> <span class='ocrx_word' id='word_1_284' title='bbox 1835 3265 1972 3335; x_wconf 87' lang='lat' dir='ltr'><strong>apud</strong></span> <span class='ocrx_word' id='word_1_285' title='bbox 2000 3267 2064 3322; x_wconf 87' lang='lat' dir='ltr'><strong>A.</strong></span> 
     </span>
    </p>
   </div>
   <div class='ocr_carea' id='block_1_41' title="bbox 564 3335 2068 3401">
    <p class='ocr_par' dir='ltr' id='par_1_41' title="bbox 564 3335 2068 3401">
     <span class='ocr_line' id='line_1_44' title="bbox 564 3335 2068 3401; baseline 0.001 -12"><span class='ocrx_word' id='word_1_286' title='bbox 564 3352 711 3390; x_wconf 84' lang='lat' dir='ltr'><strong>nares</strong></span> <span class='ocrx_word' id='word_1_287' title='bbox 734 3335 937 3401; x_wconf 89' lang='lat' dir='ltr'><strong>habent,</strong></span> <span class='ocrx_word' id='word_1_288' title='bbox 965 3346 1011 3390; x_wconf 87' lang='lat' dir='ltr'><strong>et</strong></span> <span class='ocrx_word' id='word_1_289' title='bbox 1039 3353 1138 3390; x_wconf 90' lang='lat' dir='ltr'><strong>non</strong></span> <span class='ocrx_word' id='word_1_290' title='bbox 1167 3335 1448 3390; x_wconf 86' lang='lat' dir='ltr'><strong>odorabunt</strong></span> <span class='ocrx_word' id='word_1_291' title='bbox 1464 3353 1482 3399; x_wconf 84' lang='lat'><strong>,&#39;</strong></span> <span class='ocrx_word' id='word_1_292' title='bbox 1509 3353 1566 3391; x_wconf 90' lang='lat' dir='ltr'><strong>os</strong></span> <span class='ocrx_word' id='word_1_293' title='bbox 1586 3336 1786 3401; x_wconf 79' lang='lat' dir='ltr'><strong>habent,</strong></span> <span class='ocrx_word' id='word_1_294' title='bbox 1813 3347 1857 3391; x_wconf 93' lang='lat' dir='ltr'><strong>et</strong></span> <span class='ocrx_word' id='word_1_295' title='bbox 1877 3355 1976 3392; x_wconf 91' lang='lat' dir='ltr'><strong>non</strong></span> <span class='ocrx_word' id='word_1_296' title='bbox 1993 3339 2068 3391; x_wconf 93' lang='lat' dir='ltr'><strong>lo-</strong></span> 
     </span>
    </p>
   </div>
   <div class='ocr_carea' id='block_1_42' title="bbox 558 3406 2071 3478">
    <p class='ocr_par' dir='ltr' id='par_1_42' title="bbox 558 3406 2071 3478">
     <span class='ocr_line' id='line_1_45' title="bbox 558 3406 2071 3478; baseline 0.002 -19"><span class='ocrx_word' id='word_1_297' title='bbox 558 3417 807 3478; x_wconf 84' lang='lat' dir='ltr'><strong>queatur;</strong></span> <span class='ocrx_word' id='word_1_298' title='bbox 835 3419 1034 3460; x_wconf 83' lang='lat' dir='ltr'><strong>manus</strong></span> <span class='ocrx_word' id='word_1_299' title='bbox 1058 3406 1258 3478; x_wconf 79' lang='lat' dir='ltr'><strong>habent,</strong></span> <span class='ocrx_word' id='word_1_300' title='bbox 1287 3417 1334 3461; x_wconf 89' lang='lat' dir='ltr'><strong>et</strong></span> <span class='ocrx_word' id='word_1_301' title='bbox 1361 3423 1462 3461; x_wconf 88' lang='lat' dir='ltr'><strong>non</strong></span> <span class='ocrx_word' id='word_1_302' title='bbox 1507 3409 1877 3478; x_wconf 80' lang='lat' dir='ltr'><strong>operabuntur;</strong></span> <span class='ocrx_word' id='word_1_303' title='bbox 1902 3407 2071 3478; x_wconf 77' lang='lat' dir='ltr'><strong>pedes</strong></span> 
     </span>
    </p>
   </div>
   <div class='ocr_carea' id='block_1_43' title="bbox 564 3476 2068 3547">
    <p class='ocr_par' dir='ltr' id='par_1_43' title="bbox 564 3476 2068 3547">
     <span class='ocr_line' id='line_1_46' title="bbox 564 3476 2068 3547; baseline 0.001 -18"><span class='ocrx_word' id='word_1_304' title='bbox 564 3477 765 3547; x_wconf 84' lang='lat' dir='ltr'><strong>habent,</strong></span> <span class='ocrx_word' id='word_1_305' title='bbox 793 3486 840 3530; x_wconf 87' lang='lat' dir='ltr'><strong>et</strong></span> <span class='ocrx_word' id='word_1_306' title='bbox 867 3493 966 3531; x_wconf 87' lang='lat' dir='ltr'><strong>non</strong></span> <span class='ocrx_word' id='word_1_307' title='bbox 992 3476 1338 3531; x_wconf 87' lang='lat' dir='ltr'><strong>ambulabunt.</strong></span> <span class='ocrx_word' id='word_1_308' title='bbox 1380 3476 1549 3547; x_wconf 78' lang='lat' dir='ltr'><strong>Apud</strong></span> <span class='ocrx_word' id='word_1_309' title='bbox 1583 3477 1645 3530; x_wconf 87' lang='lat' dir='ltr'><strong>R.</strong></span> <span class='ocrx_word' id='word_1_310' title='bbox 1701 3477 1855 3531; x_wconf 89' lang='lat' dir='ltr'><strong>Rom.</strong></span> <span class='ocrx_word' id='word_1_311' title='bbox 1901 3477 1969 3531; x_wconf 85' lang='lat' dir='ltr'><strong>M.</strong></span> <span class='ocrx_word' id='word_1_312' title='bbox 2002 3477 2068 3533; x_wconf 88' lang='lat' dir='ltr'><strong>G.</strong></span> 
     </span>
    </p>
   </div>
   <div class='ocr_carea' id='block_1_44' title="bbox 564 3546 2067 3614">
    <p class='ocr_par' dir='ltr' id='par_1_44' title="bbox 564 3546 2067 3614">
     <span class='ocr_line' id='line_1_47' title="bbox 564 3546 2067 3614; baseline -0.001 -12"><span class='ocrx_word' id='word_1_313' title='bbox 564 3546 631 3603; x_wconf 92' lang='lat' dir='ltr'><strong>Il.</strong></span> <span class='ocrx_word' id='word_1_314' title='bbox 659 3548 719 3602; x_wconf 85' lang='lat' dir='ltr'><strong>C.</strong></span> <span class='ocrx_word' id='word_1_315' title='bbox 747 3563 891 3602; x_wconf 87' lang='lat' dir='ltr'><strong>nares</strong></span> <span class='ocrx_word' id='word_1_316' title='bbox 915 3547 1116 3614; x_wconf 84' lang='lat' dir='ltr'><strong>habent,</strong></span> <span class='ocrx_word' id='word_1_317' title='bbox 1139 3557 1300 3602; x_wconf 90' lang='lat' dir='ltr'><strong>etnon</strong></span> <span class='ocrx_word' id='word_1_318' title='bbox 1321 3546 1636 3610; x_wconf 81' lang='lat' dir='ltr'><strong>odorabunt;</strong></span> <span class='ocrx_word' id='word_1_319' title='bbox 1667 3564 1845 3602; x_wconf 88' lang='lat' dir='ltr'><strong>manus</strong></span> <span class='ocrx_word' id='word_1_320' title='bbox 1867 3548 2067 3613; x_wconf 86' lang='lat' dir='ltr'><strong>habent,</strong></span> 
     </span>
    </p>
   </div>
   <div class='ocr_carea' id='block_1_45' title="bbox 563 3617 2071 3688">
    <p class='ocr_par' dir='ltr' id='par_1_45' title="bbox 563 3617 2071 3688">
     <span class='ocr_line' id='line_1_48' title="bbox 563 3617 2071 3688; baseline 0.001 -18"><span class='ocrx_word' id='word_1_321' title='bbox 563 3626 610 3670; x_wconf 88' lang='lat' dir='ltr'><strong>et</strong></span> <span class='ocrx_word' id='word_1_322' title='bbox 635 3633 736 3670; x_wconf 89' lang='lat' dir='ltr'><strong>non</strong></span> <span class='ocrx_word' id='word_1_323' title='bbox 763 3617 1070 3688; x_wconf 83' lang='lat' dir='ltr'><strong>palpabunt;</strong></span> <span class='ocrx_word' id='word_1_324' title='bbox 1095 3619 1243 3688; x_wconf 84' lang='lat' dir='ltr'><strong>pedes</strong></span> <span class='ocrx_word' id='word_1_325' title='bbox 1269 3619 1468 3686; x_wconf 87' lang='lat' dir='ltr'><strong>habent,</strong></span> <span class='ocrx_word' id='word_1_326' title='bbox 1497 3628 1545 3672; x_wconf 90' lang='lat' dir='ltr'><strong>et</strong></span> <span class='ocrx_word' id='word_1_327' title='bbox 1574 3635 1676 3671; x_wconf 91' lang='lat' dir='ltr'><strong>non</strong></span> <span class='ocrx_word' id='word_1_328' title='bbox 1699 3617 2022 3672; x_wconf 86' lang='lat' dir='ltr'><strong>ambulabunt</strong></span> <span class='ocrx_word' id='word_1_329' title='bbox 2051 3637 2071 3684; x_wconf 70' lang='lat'><strong>,-</strong></span> 
     </span>
    </p>
   </div>
   <div class='ocr_carea' id='block_1_46' title="bbox 563 3687 1419 3758">
    <p class='ocr_par' dir='ltr' id='par_1_46' title="bbox 563 3687 1419 3758">
     <span class='ocr_line' id='line_1_49' title="bbox 563 3687 1419 3758; baseline -0.005 -15"><span class='ocrx_word' id='word_1_330' title='bbox 563 3703 664 3743; x_wconf 72' lang='lat' dir='ltr'><strong>non</strong></span> <span class='ocrx_word' id='word_1_331' title='bbox 694 3687 977 3742; x_wconf 59' lang='lat' dir='ltr'><strong>clamabunt</strong></span> <span class='ocrx_word' id='word_1_332' title='bbox 1004 3689 1057 3742; x_wconf 84' lang='lat' dir='ltr'><strong>in</strong></span> <span class='ocrx_word' id='word_1_333' title='bbox 1082 3687 1281 3758; x_wconf 80' lang='lat' dir='ltr'><strong>gutture</strong></span> <span class='ocrx_word' id='word_1_334' title='bbox 1307 3706 1419 3744; x_wconf 89' lang='lat' dir='ltr'><strong>suo.</strong></span> 
     </span>
    </p>
   </div>
   <div class='ocr_carea' id='block_1_47' title="bbox 494 3756 2068 3829">
    <p class='ocr_par' dir='ltr' id='par_1_47' title="bbox 494 3756 2068 3829">
     <span class='ocr_line' id='line_1_50' title="bbox 494 3756 2068 3829; baseline -0.001 -16"><span class='ocrx_word' id='word_1_335' title='bbox 494 3756 637 3829; x_wconf 80' lang='lat' dir='ltr'><strong>Idem</strong></span> <span class='ocrx_word' id='word_1_336' title='bbox 683 3758 717 3826; x_wconf 91' lang='lat'><strong>7</strong></span> <span class='ocrx_word' id='word_1_337' title='bbox 742 3797 756 3811; x_wconf 93' lang='lat'><strong>.</strong></span> <span class='ocrx_word' id='word_1_338' title='bbox 788 3759 873 3829; x_wconf 81' lang='grc'><strong>17.</strong></span> <span class='ocrx_word' id='word_1_339' title='bbox 917 3756 1238 3821; x_wconf 69' lang='lat' dir='ltr'><strong>nequeenim</strong></span> <span class='ocrx_word' id='word_1_340' title='bbox 1275 3769 1346 3814; x_wconf 90' lang='lat' dir='ltr'><strong>est</strong></span> <span class='ocrx_word' id='word_1_341' title='bbox 1380 3758 1584 3829; x_wconf 85' lang='lat' dir='ltr'><strong>spiritus</strong></span> <span class='ocrx_word' id='word_1_342' title='bbox 1619 3758 1673 3811; x_wconf 85' lang='lat' dir='ltr'><strong>in</strong></span> <span class='ocrx_word' id='word_1_343' title='bbox 1713 3773 1798 3812; x_wconf 90' lang='lat' dir='ltr'><strong>ore</strong></span> <span class='ocrx_word' id='word_1_344' title='bbox 1825 3759 2068 3828; x_wconf 85' lang='lat' dir='ltr'><strong>ipsorum.</strong></span> 
     </span>
    </p>
   </div>
   <div class='ocr_carea' id='block_1_48' title="bbox 571 3827 1228 3896">
    <p class='ocr_par' dir='ltr' id='par_1_48' title="bbox 571 3827 1228 3896">
     <span class='ocr_line' id='line_1_51' title="bbox 571 3827 1228 3896; baseline 0 -16"><span class='ocrx_word' id='word_1_345' title='bbox 571 3827 692 3881; x_wconf 62' lang='lat' dir='ltr'><strong>llurc</strong></span> <span class='ocrx_word' id='word_1_346' title='bbox 720 3827 876 3881; x_wconf 73' lang='lat' dir='ltr'><strong>verba</strong></span> <span class='ocrx_word' id='word_1_347' title='bbox 910 3829 1141 3896; x_wconf 77' lang='lat' dir='ltr'><strong>prmtcrit</strong></span> <span class='ocrx_word' id='word_1_348' title='bbox 1163 3830 1228 3882; x_wconf 81' lang='grc' dir='ltr'><strong>Α.</strong></span> 
     </span>
    </p>
   </div>
   <div class='ocr_carea' id='block_1_49' title="bbox 511 3896 1547 3965">
    <p class='ocr_par' dir='ltr' id='par_1_49' title="bbox 511 3896 1547 3965">
     <span class='ocr_line' id='line_1_52' title="bbox 511 3896 1547 3965; baseline 0.005 -15"><span class='ocrx_word' id='word_1_349' title='bbox 511 3899 543 3965; x_wconf 91' lang='lat'><strong>7</strong></span> <span class='ocrx_word' id='word_1_350' title='bbox 571 3936 583 3950; x_wconf 94' lang='lat'><strong>.</strong></span> <span class='ocrx_word' id='word_1_351' title='bbox 615 3896 704 3954; x_wconf 74' lang='grc'><strong>21.</strong></span> <span class='ocrx_word' id='word_1_352' title='bbox 735 3913 798 3952; x_wconf 73' lang='lat' dir='ltr'><strong>ex</strong></span> <span class='ocrx_word' id='word_1_353' title='bbox 819 3896 962 3952; x_wconf 86' lang='lat' dir='ltr'><strong>Sion.</strong></span> <span class='ocrx_word' id='word_1_354' title='bbox 989 3897 1080 3953; x_wconf 90' lang='lat' dir='ltr'><strong>Gr.</strong></span> <span class='ocrx_word' id='word_1_355' title='bbox 1113 3907 1287 3960; x_wconf 84' lang='lat' dir='ltr'><strong>sonat,</strong></span> <span class='ocrx_word' id='word_1_356' title='bbox 1319 3899 1372 3953; x_wconf 92' lang='lat' dir='ltr'><strong>in</strong></span> <span class='ocrx_word' id='word_1_357' title='bbox 1399 3899 1547 3955; x_wconf 84' lang='lat' dir='ltr'><strong>Sion.</strong></span> 
     </span>
    </p>
   </div>
   <div class='ocr_carea' id='block_1_50' title="bbox 1015 3983 1541 4024">
    <p class='ocr_par' dir='ltr' id='par_1_50' title="bbox 1015 3983 1541 4024">
     <span class='ocr_line' id='line_1_53' title="bbox 1015 3983 1541 4024; baseline -0.002 -2"><span class='ocrx_word' id='word_1_358' title='bbox 1015 3984 1084 4022; x_wconf 73' lang='lat' dir='ltr'><strong>EX</strong></span> <span class='ocrx_word' id='word_1_359' title='bbox 1111 3983 1310 4023; x_wconf 71' lang='lat' dir='ltr'><strong>PSALIO</strong></span> <span class='ocrx_word' id='word_1_360' title='bbox 1337 3985 1405 4024; x_wconf 86' lang='lat' dir='ltr'><strong>CX</strong></span> <span class='ocrx_word' id='word_1_361' title='bbox 1417 3985 1541 4023; x_wconf 80' lang='lat' dir='ltr'><strong>XXV.</strong></span> 
     </span>
    </p>
   </div>
   <div class='ocr_carea' id='block_1_51' title="bbox 511 4037 1962 4107">
    <p class='ocr_par' dir='ltr' id='par_1_51' title="bbox 511 4037 1962 4107">
     <span class='ocr_line' id='line_1_54' title="bbox 511 4037 1962 4107; baseline 0.001 -16"><span class='ocrx_word' id='word_1_362' title='bbox 511 4038 543 4107; x_wconf 80' lang='lat'><strong>7</strong></span> <span class='ocrx_word' id='word_1_363' title='bbox 573 4079 584 4090; x_wconf 93' lang='lat'><strong>.</strong></span> <span class='ocrx_word' id='word_1_364' title='bbox 625 4038 668 4091; x_wconf 88' lang='lat' dir='ltr'><strong>l.</strong></span> <span class='ocrx_word' id='word_1_365' title='bbox 693 4038 744 4091; x_wconf 88' lang='lat' dir='ltr'><strong>in</strong></span> <span class='ocrx_word' id='word_1_366' title='bbox 773 4047 1035 4092; x_wconf 70' lang='lat' dir='ltr'><strong>a‘ternum.</strong></span> <span class='ocrx_word' id='word_1_367' title='bbox 1063 4039 1130 4094; x_wconf 88' lang='lat' dir='ltr'><strong>R.</strong></span> <span class='ocrx_word' id='word_1_368' title='bbox 1158 4039 1315 4094; x_wconf 86' lang='lat' dir='ltr'><strong>Rom.</strong></span> <span class='ocrx_word' id='word_1_369' title='bbox 1339 4039 1408 4094; x_wconf 86' lang='grc' dir='ltr'><strong>Μ.</strong></span> <span class='ocrx_word' id='word_1_370' title='bbox 1441 4037 1504 4094; x_wconf 89' lang='lat' dir='ltr'><strong>G.</strong></span> <span class='ocrx_word' id='word_1_371' title='bbox 1537 4038 1598 4094; x_wconf 91' lang='lat' dir='ltr'><strong>C.</strong></span> <span class='ocrx_word' id='word_1_372' title='bbox 1628 4040 1678 4092; x_wconf 91' lang='lat' dir='ltr'><strong>in</strong></span> <span class='ocrx_word' id='word_1_373' title='bbox 1703 4040 1962 4093; x_wconf 69' lang='lat' dir='ltr'><strong>saeculum.</strong></span> 
     </span>
    </p>
   </div>
   <div class='ocr_carea' id='block_1_52' title="bbox 513 4107 2068 4179">
    <p class='ocr_par' dir='ltr' id='par_1_52' title="bbox 513 4107 2068 4179">
     <span class='ocr_line' id='line_1_55' title="bbox 513 4107 2068 4179; baseline 0.001 -18"><span class='ocrx_word' id='word_1_374' title='bbox 513 4109 544 4176; x_wconf 78' lang='lat'><strong>7</strong></span> <span class='ocrx_word' id='word_1_375' title='bbox 573 4147 585 4161; x_wconf 94' lang='lat'><strong>.</strong></span> <span class='ocrx_word' id='word_1_376' title='bbox 615 4107 670 4166; x_wconf 71' lang='lat'><strong>2.</strong></span> <span class='ocrx_word' id='word_1_377' title='bbox 695 4109 932 4179; x_wconf 85' lang='lat' dir='ltr'><strong>quoniam</strong></span> <span class='ocrx_word' id='word_1_378' title='bbox 958 4110 1010 4162; x_wconf 89' lang='lat' dir='ltr'><strong>in</strong></span> <span class='ocrx_word' id='word_1_379' title='bbox 1035 4119 1272 4164; x_wconf 70' lang='lat' dir='ltr'><strong>internum</strong></span> <span class='ocrx_word' id='word_1_380' title='bbox 1298 4108 1640 4162; x_wconf 83' lang='lat' dir='ltr'><strong>misericordia</strong></span> <span class='ocrx_word' id='word_1_381' title='bbox 1674 4111 1801 4179; x_wconf 88' lang='lat' dir='ltr'><strong>ejus.</strong></span> <span class='ocrx_word' id='word_1_382' title='bbox 1825 4110 1976 4177; x_wconf 78' lang='lat' dir='ltr'><strong>Apud</strong></span> <span class='ocrx_word' id='word_1_383' title='bbox 1998 4108 2068 4163; x_wconf 83' lang='grc' dir='ltr'><strong>Μ.</strong></span> 
     </span>
    </p>
   </div>
   <div class='ocr_carea' id='block_1_53' title="bbox 571 4178 2074 4248">
    <p class='ocr_par' dir='ltr' id='par_1_53' title="bbox 571 4178 2074 4248">
     <span class='ocr_line' id='line_1_56' title="bbox 571 4178 2074 4248; baseline 0.003 -19"><span class='ocrx_word' id='word_1_384' title='bbox 571 4179 687 4231; x_wconf 83' lang='lat' dir='ltr'><strong>luco</strong></span> <span class='ocrx_word' id='word_1_385' title='bbox 718 4178 867 4233; x_wconf 88' lang='lat' dir='ltr'><strong>istius</strong></span> <span class='ocrx_word' id='word_1_386' title='bbox 905 4179 1176 4245; x_wconf 66' lang='lat' dir='ltr'><strong>clausulae,</strong></span> <span class='ocrx_word' id='word_1_387' title='bbox 1224 4194 1318 4248; x_wconf 88' lang='lat' dir='ltr'><strong>per</strong></span> <span class='ocrx_word' id='word_1_388' title='bbox 1353 4194 1541 4234; x_wconf 84' lang='lat' dir='ltr'><strong>omnes</strong></span> <span class='ocrx_word' id='word_1_389' title='bbox 1587 4178 1772 4235; x_wconf 50' lang='lat' dir='ltr'><strong>\‘erSus</strong></span> <span class='ocrx_word' id='word_1_390' title='bbox 1817 4180 2074 4248; x_wconf 82' lang='lat' dir='ltr'><strong>repetitur</strong></span> 
     </span>
    </p>
   </div>
   <div class='ocr_carea' id='block_1_54' title="bbox 567 4249 1250 4320">
    <p class='ocr_par' dir='ltr' id='par_1_54' title="bbox 567 4249 1250 4320">
     <span class='ocr_line' id='line_1_57' title="bbox 567 4249 1250 4320; baseline 0 -16"><span class='ocrx_word' id='word_1_391' title='bbox 567 4259 792 4320; x_wconf 82' lang='lat' dir='ltr'><strong>tantum,</strong></span> <span class='ocrx_word' id='word_1_392' title='bbox 819 4250 1055 4320; x_wconf 81' lang='lat' dir='ltr'><strong>quoniam</strong></span> <span class='ocrx_word' id='word_1_393' title='bbox 1070 4249 1250 4304; x_wconf 83' lang='lat' dir='ltr'><strong>bonus.</strong></span> 
     </span>
    </p>
   </div>
   <div class='ocr_carea' id='block_1_55' title="bbox 512 4317 2068 4392">
    <p class='ocr_par' dir='ltr' id='par_1_55' title="bbox 512 4317 2068 4392">
     <span class='ocr_line' id='line_1_58' title="bbox 512 4317 2068 4392; baseline 0.001 -21"><span class='ocrx_word' id='word_1_394' title='bbox 512 4320 543 4388; x_wconf 87' lang='lat'><strong>7</strong></span> <span class='ocrx_word' id='word_1_395' title='bbox 571 4317 966 4392; x_wconf 72' lang='lat' dir='ltr'><strong>._7.__lum_inaria</strong></span> <span class='ocrx_word' id='word_1_396' title='bbox 998 4337 1200 4392; x_wconf 73' lang='lat' dir='ltr'><strong>magna.</strong></span> <span class='ocrx_word' id='word_1_397' title='bbox 1231 4319 1455 4375; x_wconf 81' lang='lat' dir='ltr'><strong>Additur</strong></span> <span class='ocrx_word' id='word_1_398' title='bbox 1477 4319 1613 4377; x_wconf 85' lang='lat' dir='ltr'><strong>solus</strong></span> <span class='ocrx_word' id='word_1_399' title='bbox 1639 4320 1690 4374; x_wconf 90' lang='lat' dir='ltr'><strong>in</strong></span> <span class='ocrx_word' id='word_1_400' title='bbox 1721 4319 1785 4375; x_wconf 84' lang='lat' dir='ltr'><strong>A.</strong></span> <span class='ocrx_word' id='word_1_401' title='bbox 1818 4319 1884 4374; x_wconf 91' lang='lat' dir='ltr'><strong>R.</strong></span> <span class='ocrx_word' id='word_1_402' title='bbox 1915 4319 2068 4374; x_wconf 89' lang='lat' dir='ltr'><strong>Rom.</strong></span> 
     </span>
    </p>
   </div>
   <div class='ocr_carea' id='block_1_56' title="bbox 566 4389 1120 4448">
    <p class='ocr_par' dir='ltr' id='par_1_56' title="bbox 566 4389 1120 4448">
     <span class='ocr_line' id='line_1_59' title="bbox 566 4389 1120 4448; baseline -0.009 -2"><span class='ocrx_word' id='word_1_403' title='bbox 566 4389 636 4448; x_wconf 84' lang='grc' dir='ltr'><strong>Μ.</strong></span> <span class='ocrx_word' id='word_1_404' title='bbox 667 4390 732 4447; x_wconf 82' lang='lat' dir='ltr'><strong>G.</strong></span> <span class='ocrx_word' id='word_1_405' title='bbox 765 4390 834 4445; x_wconf 89' lang='lat' dir='ltr'><strong>H.</strong></span> <span class='ocrx_word' id='word_1_406' title='bbox 855 4391 914 4446; x_wconf 80' lang='grc' dir='ltr'><strong>Ο.</strong></span> <span class='ocrx_word' id='word_1_407' title='bbox 950 4398 1003 4444; x_wconf 78' lang='lat' dir='ltr'><strong>rt</strong></span> <span class='ocrx_word' id='word_1_408' title='bbox 1027 4389 1120 4446; x_wconf 72' lang='lat' dir='ltr'><strong>Gr.</strong></span> 
     </span>
    </p>
   </div>
   <div class='ocr_carea' id='block_1_57' title="bbox 513 4459 2074 4531">
    <p class='ocr_par' dir='ltr' id='par_1_57' title="bbox 513 4459 2074 4531">
     <span class='ocr_line' id='line_1_60' title="bbox 513 4459 2074 4531; baseline 0.001 -19"><span class='ocrx_word' id='word_1_409' title='bbox 513 4461 546 4530; x_wconf 87' lang='lat'><strong>7</strong></span> <span class='ocrx_word' id='word_1_410' title='bbox 573 4500 584 4512; x_wconf 92' lang='lat'><strong>.</strong></span> <span class='ocrx_word' id='word_1_411' title='bbox 619 4463 704 4517; x_wconf 81' lang='grc'><strong>15.</strong></span> <span class='ocrx_word' id='word_1_412' title='bbox 738 4471 782 4514; x_wconf 79' lang='lat' dir='ltr'><strong>et</strong></span> <span class='ocrx_word' id='word_1_413' title='bbox 809 4462 1036 4516; x_wconf 88' lang='lat' dir='ltr'><strong>virtutem</strong></span> <span class='ocrx_word' id='word_1_414' title='bbox 1066 4462 1193 4531; x_wconf 88' lang='lat' dir='ltr'><strong>ejus.</strong></span> <span class='ocrx_word' id='word_1_415' title='bbox 1226 4461 1291 4516; x_wconf 90' lang='lat' dir='ltr'><strong>R.</strong></span> <span class='ocrx_word' id='word_1_416' title='bbox 1335 4461 1490 4518; x_wconf 92' lang='lat' dir='ltr'><strong>Rom.</strong></span> <span class='ocrx_word' id='word_1_417' title='bbox 1523 4460 1588 4518; x_wconf 90' lang='lat' dir='ltr'><strong>G.</strong></span> <span class='ocrx_word' id='word_1_418' title='bbox 1625 4459 1685 4516; x_wconf 86' lang='lat' dir='ltr'><strong>C.</strong></span> <span class='ocrx_word' id='word_1_419' title='bbox 1722 4471 1769 4515; x_wconf 85' lang='lat' dir='ltr'><strong>et</strong></span> <span class='ocrx_word' id='word_1_420' title='bbox 1801 4461 2074 4515; x_wconf 74' lang='lat' dir='ltr'><strong>exercitum</strong></span> 
     </span>
    </p>
   </div>
   <div class='ocr_carea' id='block_1_58' title="bbox 567 4531 2072 4612">
    <p class='ocr_par' dir='ltr' id='par_1_58' title="bbox 567 4531 2072 4612">
     <span class='ocr_line' id='line_1_61' title="bbox 567 4531 2072 4612; baseline 0.001 -29"><span class='ocrx_word' id='word_1_421' title='bbox 567 4532 694 4612; x_wconf 73' lang='lat' dir='ltr'><strong>ejus.</strong></span> <span class='ocrx_word' id='word_1_422' title='bbox 748 4531 814 4585; x_wconf 87' lang='lat' dir='ltr'><strong>Et</strong></span> <span class='ocrx_word' id='word_1_423' title='bbox 862 4534 940 4587; x_wconf 84' lang='lat' dir='ltr'><strong>sic</strong></span> <span class='ocrx_word' id='word_1_424' title='bbox 994 4533 1154 4586; x_wconf 88' lang='lat' dir='ltr'><strong>Ilebr.</strong></span> <span class='ocrx_word' id='word_1_425' title='bbox 1210 4534 1280 4587; x_wconf 87' lang='lat' dir='ltr'><strong>At</strong></span> <span class='ocrx_word' id='word_1_426' title='bbox 1325 4532 1392 4588; x_wconf 93' lang='grc' dir='ltr'><strong>Μ.</strong></span> <span class='ocrx_word' id='word_1_427' title='bbox 1446 4542 1493 4588; x_wconf 88' lang='lat' dir='ltr'><strong>et</strong></span> <span class='ocrx_word' id='word_1_428' title='bbox 1545 4547 1742 4587; x_wconf 83' lang='lat' dir='ltr'><strong>onmem</strong></span> <span class='ocrx_word' id='word_1_429' title='bbox 1800 4533 2072 4600; x_wconf 83' lang='lat' dir='ltr'><strong>potentiam</strong></span> 
     </span>
    </p>
   </div>
   <div class='ocr_carea' id='block_1_59' title="bbox 569 4618 695 4653">
    <p class='ocr_par' dir='ltr' id='par_1_59' title="bbox 569 4618 695 4653">
     <span class='ocr_line' id='line_1_62' title="bbox 569 4618 695 4653; baseline 0.024 -3"><span class='ocrx_word' id='word_1_430' title='bbox 569 4618 695 4653; x_wconf 67' lang='lat' dir='ltr'><strong>i‘IIM.</strong></span> 
     </span>
    </p>
   </div>
   <div class='ocr_carea' id='block_1_60' title="bbox 514 4620 2070 4740">
    <p class='ocr_par' dir='ltr' id='par_1_60' title="bbox 514 4620 2070 4740">
     <span class='ocr_line' id='line_1_63' title="bbox 514 4620 2070 4740; baseline 0.001 -18"><span class='ocrx_word' id='word_1_431' title='bbox 514 4671 546 4740; x_wconf 86' lang='lat'><strong>7</strong></span> <span class='ocrx_word' id='word_1_432' title='bbox 740 4669 840 4735; x_wconf 85' lang='lat' dir='ltr'><strong>Qui</strong></span> <span class='ocrx_word' id='word_1_433' title='bbox 879 4671 1139 4740; x_wconf 85' lang='lat' dir='ltr'><strong>percussit,</strong></span> <span class='ocrx_word' id='word_1_434' title='bbox 1170 4680 1272 4726; x_wconf 91' lang='lat' dir='ltr'><strong>etc.</strong></span> <span class='ocrx_word' id='word_1_435' title='bbox 1302 4671 1434 4726; x_wconf 84' lang='lat' dir='ltr'><strong>Huic</strong></span> <span class='ocrx_word' id='word_1_436' title='bbox 1461 4670 1720 4726; x_wconf 81' lang='lat' dir='ltr'><strong>versiculo</strong></span> <span class='ocrx_word' id='word_1_437' title='bbox 1744 4672 1796 4725; x_wconf 89' lang='lat' dir='ltr'><strong>in</strong></span> <span class='ocrx_word' id='word_1_438' title='bbox 1823 4671 1889 4724; x_wconf 89' lang='lat' dir='ltr'><strong>R.</strong></span> <span class='ocrx_word' id='word_1_439' title='bbox 1915 4671 2070 4728; x_wconf 85' lang='lat' dir='ltr'><strong>Rom.</strong></span> 
     </span>
    </p>
   </div>
   <div class='ocr_carea' id='block_1_61' title="bbox 571 4739 2075 4810">
    <p class='ocr_par' dir='ltr' id='par_1_61' title="bbox 571 4739 2075 4810">
     <span class='ocr_line' id='line_1_64' title="bbox 571 4739 2075 4810; baseline -0.002 -14"><span class='ocrx_word' id='word_1_440' title='bbox 571 4739 635 4796; x_wconf 87' lang='lat' dir='ltr'><strong>G.</strong></span> <span class='ocrx_word' id='word_1_441' title='bbox 664 4741 724 4794; x_wconf 89' lang='lat' dir='ltr'><strong>C.</strong></span> <span class='ocrx_word' id='word_1_442' title='bbox 751 4740 887 4793; x_wconf 87' lang='lat' dir='ltr'><strong>alius</strong></span> <span class='ocrx_word' id='word_1_443' title='bbox 916 4741 1015 4794; x_wconf 89' lang='lat' dir='ltr'><strong>iste</strong></span> <span class='ocrx_word' id='word_1_444' title='bbox 1055 4742 1390 4809; x_wconf 62' lang='lat' dir='ltr'><strong>praemittitur</strong></span> <span class='ocrx_word' id='word_1_445' title='bbox 1415 4761 1430 4793; x_wconf 93' lang='lat'><strong>:</strong></span> <span class='ocrx_word' id='word_1_446' title='bbox 1465 4742 1562 4806; x_wconf 81' lang='lat' dir='ltr'><strong>Qui</strong></span> <span class='ocrx_word' id='word_1_447' title='bbox 1590 4741 1760 4794; x_wconf 70' lang='lat' dir='ltr'><strong>eduxit</strong></span> <span class='ocrx_word' id='word_1_448' title='bbox 1798 4757 1981 4810; x_wconf 87' lang='lat' dir='ltr'><strong>aquam</strong></span> <span class='ocrx_word' id='word_1_449' title='bbox 2011 4743 2075 4793; x_wconf 88' lang='lat' dir='ltr'><strong>de</strong></span> 
     </span>
    </p>
   </div>
   <div class='ocr_carea' id='block_1_62' title="bbox 571 4811 1636 4880">
    <p class='ocr_par' dir='ltr' id='par_1_62' title="bbox 571 4811 1636 4880">
     <span class='ocr_line' id='line_1_65' title="bbox 571 4811 1636 4880; baseline -0.001 -16"><span class='ocrx_word' id='word_1_450' title='bbox 571 4822 712 4878; x_wconf 80' lang='lat' dir='ltr'><strong>petra</strong></span> <span class='ocrx_word' id='word_1_451' title='bbox 731 4811 892 4880; x_wconf 87' lang='lat' dir='ltr'><strong>rupis,</strong></span> <span class='ocrx_word' id='word_1_452' title='bbox 916 4813 1159 4880; x_wconf 77' lang='lat' dir='ltr'><strong>quoniam.</strong></span> <span class='ocrx_word' id='word_1_453' title='bbox 1172 4811 1225 4865; x_wconf 91' lang='lat' dir='ltr'><strong>in</strong></span> <span class='ocrx_word' id='word_1_454' title='bbox 1245 4813 1504 4877; x_wconf 65' lang='lat' dir='ltr'><strong>secutum,</strong></span> <span class='ocrx_word' id='word_1_455' title='bbox 1532 4818 1636 4864; x_wconf 88' lang='lat' dir='ltr'><strong>etc.</strong></span> 
     </span>
    </p>
   </div>
   <div class='ocr_carea' id='block_1_63' title="bbox 513 4879 2070 4951">
    <p class='ocr_par' dir='ltr' id='par_1_63' title="bbox 513 4879 2070 4951">
     <span class='ocr_line' id='line_1_66' title="bbox 513 4879 2070 4951; baseline -0.001 -16"><span class='ocrx_word' id='word_1_456' title='bbox 513 4882 546 4935; x_wconf 82' lang='lat'><strong>7</strong></span> <span class='ocrx_word' id='word_1_457' title='bbox 575 4919 587 4932; x_wconf 96' lang='lat'><strong>.</strong></span> <span class='ocrx_word' id='word_1_458' title='bbox 622 4880 702 4934; x_wconf 88' lang='grc'><strong>18.</strong></span> <span class='ocrx_word' id='word_1_459' title='bbox 733 4879 874 4951; x_wconf 86' lang='lat' dir='ltr'><strong>reges</strong></span> <span class='ocrx_word' id='word_1_460' title='bbox 914 4885 1085 4950; x_wconf 76' lang='lat' dir='ltr'><strong>fortes.</strong></span> <span class='ocrx_word' id='word_1_461' title='bbox 1125 4879 1188 4934; x_wconf 87' lang='lat' dir='ltr'><strong>R.</strong></span> <span class='ocrx_word' id='word_1_462' title='bbox 1230 4881 1384 4935; x_wconf 85' lang='lat' dir='ltr'><strong>Rom.</strong></span> <span class='ocrx_word' id='word_1_463' title='bbox 1433 4881 1497 4936; x_wconf 90' lang='lat' dir='ltr'><strong>G.</strong></span> <span class='ocrx_word' id='word_1_464' title='bbox 1541 4880 1602 4934; x_wconf 89' lang='lat' dir='ltr'><strong>C.</strong></span> <span class='ocrx_word' id='word_1_465' title='bbox 1638 4895 1779 4950; x_wconf 84' lang='lat' dir='ltr'><strong>reges</strong></span> <span class='ocrx_word' id='word_1_466' title='bbox 1801 4879 2070 4935; x_wconf 82' lang='lat' dir='ltr'><strong>mirabiles.</strong></span> 
     </span>
    </p>
   </div>
   <div class='ocr_carea' id='block_1_64' title="bbox 574 4951 1230 5022">
    <p class='ocr_par' dir='ltr' id='par_1_64' title="bbox 574 4951 1230 5022">
     <span class='ocr_line' id='line_1_67' title="bbox 574 4951 1230 5022; baseline 0.002 -18"><span class='ocrx_word' id='word_1_467' title='bbox 574 4951 733 5005; x_wconf 79' lang='lat' dir='ltr'><strong>IIcIll‘.</strong></span> <span class='ocrx_word' id='word_1_468' title='bbox 758 4967 898 5022; x_wconf 88' lang='lat' dir='ltr'><strong>reges</strong></span> <span class='ocrx_word' id='word_1_469' title='bbox 919 4951 1230 5020; x_wconf 82' lang='lat' dir='ltr'><strong>magnificos.</strong></span> 
     </span>
    </p>
   </div>
   <div class='ocr_carea' id='block_1_65' title="bbox 1033 5035 1562 5078">
    <p class='ocr_par' dir='ltr' id='par_1_65' title="bbox 1033 5035 1562 5078">
     <span class='ocr_line' id='line_1_68' title="bbox 1033 5035 1562 5078; baseline -0.004 -2"><span class='ocrx_word' id='word_1_470' title='bbox 1033 5037 1100 5076; x_wconf 73' lang='lat' dir='ltr'><strong>EX</strong></span> <span class='ocrx_word' id='word_1_471' title='bbox 1123 5035 1324 5078; x_wconf 73' lang='lat' dir='ltr'><strong>PSALIO</strong></span> <span class='ocrx_word' id='word_1_472' title='bbox 1348 5037 1562 5078; x_wconf 76' lang='lat' dir='ltr'><strong>CXXXVI.</strong></span> 
     </span>
    </p>
   </div>
   <div class='ocr_carea' id='block_1_66' title="bbox 515 5089 2072 5162">
    <p class='ocr_par' dir='ltr' id='par_1_66' title="bbox 515 5089 2072 5162">
     <span class='ocr_line' id='line_1_69' title="bbox 515 5089 2072 5162; baseline 0.001 -19"><span class='ocrx_word' id='word_1_473' title='bbox 515 5093 547 5162; x_wconf 94' lang='lat'><strong>7</strong></span> <span class='ocrx_word' id='word_1_474' title='bbox 578 5091 668 5162; x_wconf 15' lang='grc' dir='ltr'><strong>εκεῖ.</strong></span> <span class='ocrx_word' id='word_1_475' title='bbox 690 5091 928 5162; x_wconf 79' lang='lat' dir='ltr'><strong>oblivioni</strong></span> <span class='ocrx_word' id='word_1_476' title='bbox 953 5089 1096 5144; x_wconf 89' lang='lat' dir='ltr'><strong>detur</strong></span> <span class='ocrx_word' id='word_1_477' title='bbox 1123 5091 1326 5145; x_wconf 73' lang='lat' dir='ltr'><strong>dextera</strong></span> <span class='ocrx_word' id='word_1_478' title='bbox 1360 5109 1488 5145; x_wconf 89' lang='lat' dir='ltr'><strong>mea.</strong></span> <span class='ocrx_word' id='word_1_479' title='bbox 1521 5094 1584 5145; x_wconf 75' lang='grc' dir='ltr'><strong>Α.</strong></span> <span class='ocrx_word' id='word_1_480' title='bbox 1617 5090 1682 5145; x_wconf 90' lang='lat' dir='ltr'><strong>R.</strong></span> <span class='ocrx_word' id='word_1_481' title='bbox 1710 5090 1866 5146; x_wconf 85' lang='lat' dir='ltr'><strong>Rom.</strong></span> <span class='ocrx_word' id='word_1_482' title='bbox 1901 5090 1968 5145; x_wconf 85' lang='grc' dir='ltr'><strong>Μ.</strong></span> <span class='ocrx_word' id='word_1_483' title='bbox 2007 5091 2072 5147; x_wconf 84' lang='lat' dir='ltr'><strong>G.</strong></span> 
     </span>
    </p>
   </div>
   <div class='ocr_carea' id='block_1_67' title="bbox 579 5160 1557 5216">
    <p class='ocr_par' dir='ltr' id='par_1_67' title="bbox 579 5160 1557 5216">
     <span class='ocr_line' id='line_1_70' title="bbox 579 5160 1557 5216; baseline 0.002 -2"><span class='ocrx_word' id='word_1_484' title='bbox 579 5161 623 5214; x_wconf 92' lang='lat' dir='ltr'><strong>II</strong></span> <span class='ocrx_word' id='word_1_485' title='bbox 675 5161 736 5215; x_wconf 90' lang='lat' dir='ltr'><strong>C.</strong></span> <span class='ocrx_word' id='word_1_486' title='bbox 764 5160 1082 5216; x_wconf 87' lang='lat' dir='ltr'><strong>obliviscatur</strong></span> <span class='ocrx_word' id='word_1_487' title='bbox 1102 5178 1179 5216; x_wconf 89' lang='lat' dir='ltr'><strong>me</strong></span> <span class='ocrx_word' id='word_1_488' title='bbox 1205 5162 1410 5215; x_wconf 76' lang='lat' dir='ltr'><strong>dextera</strong></span> <span class='ocrx_word' id='word_1_489' title='bbox 1428 5178 1557 5216; x_wconf 88' lang='lat' dir='ltr'><strong>mea.</strong></span> 
     </span>
    </p>
   </div>
   <div class='ocr_carea' id='block_1_68' title="bbox 521 5231 1915 5303">
    <p class='ocr_par' dir='ltr' id='par_1_68' title="bbox 521 5231 1915 5303">
     <span class='ocr_line' id='line_1_71' title="bbox 521 5231 1915 5303; baseline 0.001 -19"><span class='ocrx_word' id='word_1_490' title='bbox 521 5233 554 5302; x_wconf 90' lang='lat'><strong>7</strong></span> <span class='ocrx_word' id='word_1_491' title='bbox 583 5274 596 5287; x_wconf 92' lang='lat'><strong>.</strong></span> <span class='ocrx_word' id='word_1_492' title='bbox 620 5233 672 5303; x_wconf 67' lang='lat' dir='ltr'><strong>li.</strong></span> <span class='ocrx_word' id='word_1_493' title='bbox 695 5247 1018 5302; x_wconf 78' lang='lat' dir='ltr'><strong>proposuero.</strong></span> <span class='ocrx_word' id='word_1_494' title='bbox 1043 5233 1108 5284; x_wconf 81' lang='grc' dir='ltr'><strong>Α.</strong></span> <span class='ocrx_word' id='word_1_495' title='bbox 1135 5231 1200 5287; x_wconf 86' lang='lat' dir='ltr'><strong>G.</strong></span> <span class='ocrx_word' id='word_1_496' title='bbox 1222 5231 1280 5285; x_wconf 76' lang='lat' dir='ltr'><strong>G.</strong></span> <span class='ocrx_word' id='word_1_497' title='bbox 1305 5233 1424 5286; x_wconf 75' lang='lat' dir='ltr'><strong>Car.</strong></span> <span class='ocrx_word' id='word_1_498' title='bbox 1457 5231 1549 5287; x_wconf 89' lang='lat' dir='ltr'><strong>Gr.</strong></span> <span class='ocrx_word' id='word_1_499' title='bbox 1579 5247 1915 5303; x_wconf 73' lang='lat' dir='ltr'><strong>prwposuero.</strong></span> 
     </span>
    </p>
   </div>
   <div class='ocr_carea' id='block_1_69' title="bbox 515 5301 2078 5373">
    <p class='ocr_par' dir='ltr' id='par_1_69' title="bbox 515 5301 2078 5373">
     <span class='ocr_line' id='line_1_72' title="bbox 515 5301 2078 5373; baseline 0.001 -18"><span class='ocrx_word' id='word_1_500' title='bbox 515 5303 547 5372; x_wconf 83' lang='lat'><strong>7</strong></span> <span class='ocrx_word' id='word_1_501' title='bbox 576 5341 590 5355; x_wconf 90' lang='lat'><strong>.</strong></span> <span class='ocrx_word' id='word_1_502' title='bbox 620 5301 673 5356; x_wconf 89' lang='lat'><strong>7.</strong></span> <span class='ocrx_word' id='word_1_503' title='bbox 697 5301 936 5373; x_wconf 76' lang='lat' dir='ltr'><strong>usquead</strong></span> <span class='ocrx_word' id='word_1_504' title='bbox 955 5303 1356 5373; x_wconf 78' lang='lat' dir='ltr'><strong>fundamentum.</strong></span> <span class='ocrx_word' id='word_1_505' title='bbox 1382 5305 1444 5355; x_wconf 86' lang='lat' dir='ltr'><strong>A.</strong></span> <span class='ocrx_word' id='word_1_506' title='bbox 1467 5301 1621 5371; x_wconf 84' lang='lat' dir='ltr'><strong>usque</strong></span> <span class='ocrx_word' id='word_1_507' title='bbox 1639 5301 1759 5357; x_wconf 84' lang='lat' dir='ltr'><strong>dum</strong></span> <span class='ocrx_word' id='word_1_508' title='bbox 1778 5302 2078 5373; x_wconf 87' lang='lat' dir='ltr'><strong>fundamen-</strong></span> 
     </span>
    </p>
   </div>
   <div class='ocr_carea' id='block_1_70' title="bbox 571 5371 1738 5441">
    <p class='ocr_par' dir='ltr' id='par_1_70' title="bbox 571 5371 1738 5441">
     <span class='ocr_line' id='line_1_73' title="bbox 571 5371 1738 5441; baseline 0.002 -16"><span class='ocrx_word' id='word_1_509' title='bbox 571 5384 696 5426; x_wconf 84' lang='lat' dir='ltr'><strong>tum.</strong></span> <span class='ocrx_word' id='word_1_510' title='bbox 725 5371 790 5428; x_wconf 89' lang='lat' dir='ltr'><strong>G.</strong></span> <span class='ocrx_word' id='word_1_511' title='bbox 821 5372 885 5426; x_wconf 92' lang='lat' dir='ltr'><strong>II.</strong></span> <span class='ocrx_word' id='word_1_512' title='bbox 911 5373 968 5428; x_wconf 87' lang='lat' dir='ltr'><strong>C.</strong></span> <span class='ocrx_word' id='word_1_513' title='bbox 991 5372 1316 5441; x_wconf 83' lang='lat' dir='ltr'><strong>quoadusque</strong></span> <span class='ocrx_word' id='word_1_514' title='bbox 1336 5373 1738 5440; x_wconf 77' lang='lat' dir='ltr'><strong>fundamentum.</strong></span> 
     </span>
    </p>
   </div>
   <div class='ocr_carea' id='block_1_71' title="bbox 1011 5457 1581 5498">
    <p class='ocr_par' dir='ltr' id='par_1_71' title="bbox 1011 5457 1581 5498">
     <span class='ocr_line' id='line_1_74' title="bbox 1011 5457 1581 5498; baseline 0 -2"><span class='ocrx_word' id='word_1_515' title='bbox 1011 5458 1076 5496; x_wconf 75' lang='lat' dir='ltr'><strong>EX</strong></span> <span class='ocrx_word' id='word_1_516' title='bbox 1115 5457 1315 5498; x_wconf 71' lang='grc' dir='ltr'><strong>ΡεΑιΙο</strong></span> <span class='ocrx_word' id='word_1_517' title='bbox 1339 5458 1581 5498; x_wconf 76' lang='lat' dir='ltr'><strong>CXXXVII.</strong></span> 
     </span>
    </p>
   </div>
   <div class='ocr_carea' id='block_1_72' title="bbox 518 5511 1911 5583">
    <p class='ocr_par' dir='ltr' id='par_1_72' title="bbox 518 5511 1911 5583">
     <span class='ocr_line' id='line_1_75' title="bbox 518 5511 1911 5583; baseline 0 -14"><span class='ocrx_word' id='word_1_518' title='bbox 518 5517 550 5581; x_wconf 98' lang='lat'><strong>7</strong></span> <span class='ocrx_word' id='word_1_519' title='bbox 577 5556 590 5569; x_wconf 92' lang='lat'><strong>.</strong></span> <span class='ocrx_word' id='word_1_520' title='bbox 625 5514 676 5568; x_wconf 89' lang='grc'><strong>1.</strong></span> <span class='ocrx_word' id='word_1_521' title='bbox 704 5511 815 5583; x_wconf 82' lang='lat' dir='ltr'><strong>Ipsi</strong></span> <span class='ocrx_word' id='word_1_522' title='bbox 845 5511 1026 5565; x_wconf 87' lang='lat' dir='ltr'><strong>David.</strong></span> <span class='ocrx_word' id='word_1_523' title='bbox 1056 5512 1146 5568; x_wconf 89' lang='lat' dir='ltr'><strong>Gr.</strong></span> <span class='ocrx_word' id='word_1_524' title='bbox 1177 5513 1341 5580; x_wconf 89' lang='lat' dir='ltr'><strong>addit,</strong></span> <span class='ocrx_word' id='word_1_525' title='bbox 1368 5515 1540 5583; x_wconf 75' lang='lat' dir='ltr'><strong>Aggtei</strong></span> <span class='ocrx_word' id='word_1_526' title='bbox 1563 5525 1608 5567; x_wconf 90' lang='lat' dir='ltr'><strong>et</strong></span> <span class='ocrx_word' id='word_1_527' title='bbox 1627 5512 1911 5569; x_wconf 65' lang='lat' dir='ltr'><strong>Zachariae.</strong></span> 
     </span>
    </p>
   </div>
   <div class='ocr_carea' id='block_1_73' title="bbox 503 5582 2074 5709">
    <p class='ocr_par' dir='ltr' id='par_1_73' title="bbox 503 5582 2074 5709">
     <span class='ocr_line' id='line_1_76' title="bbox 503 5582 2074 5709; baseline -0.001 -71"><span class='ocrx_word' id='word_1_528' title='bbox 503 5587 631 5709; x_wconf 64' lang='grc' dir='ltr'><strong>Ιιθὲι</strong></span> <span class='ocrx_word' id='word_1_529' title='bbox 667 5583 1080 5709; x_wconf 59' lang='lat' dir='ltr'><strong>7l.Hi.bquoniam</strong></span> <span class='ocrx_word' id='word_1_530' title='bbox 1113 5582 1301 5638; x_wconf 83' lang='lat' dir='ltr'><strong>audisti</strong></span> <span class='ocrx_word' id='word_1_531' title='bbox 1329 5582 1476 5639; x_wconf 82' lang='lat' dir='ltr'><strong>verba</strong></span> <span class='ocrx_word' id='word_1_532' title='bbox 1501 5585 1602 5638; x_wconf 85' lang='lat' dir='ltr'><strong>oris</strong></span> <span class='ocrx_word' id='word_1_533' title='bbox 1641 5585 1756 5639; x_wconf 80' lang='lat' dir='ltr'><strong>mei.</strong></span> <span class='ocrx_word' id='word_1_534' title='bbox 1788 5584 1842 5639; x_wconf 85' lang='lat' dir='ltr'><strong>Id</strong></span> <span class='ocrx_word' id='word_1_535' title='bbox 1869 5586 2019 5640; x_wconf 78' lang='lat' dir='ltr'><strong>abest</strong></span> <span class='ocrx_word' id='word_1_536' title='bbox 2047 5601 2074 5636; x_wconf 91' lang='lat' dir='ltr'><strong>a</strong></span> 
     </span>
     <span class='ocr_line' id='line_1_77' title="bbox 624 5670 898 5709; baseline -0.011 -1"><span class='ocrx_word' id='word_1_537' title='bbox 624 5697 636 5708; x_wconf 96' lang='lat'><strong>.</strong></span> <span class='ocrx_word' id='word_1_538' title='bbox 665 5670 696 5709; x_wconf 78' lang='grc' dir='ltr'>θ</span> <span class='ocrx_word' id='word_1_539' title='bbox 784 5671 814 5709; x_wconf 97' lang='lat' dir='ltr'><strong>e</strong></span> <span class='ocrx_word' id='word_1_540' title='bbox 855 5671 898 5708; x_wconf 94' lang='lat' dir='ltr'><strong>r.</strong></span> 
     </span>
    </p>
   </div>
   <div class='ocr_carea' id='block_1_74' title="bbox 624 5665 898 5711">
    <p class='ocr_par' dir='ltr' id='par_1_74' title="bbox 624 5665 898 5711">
     <span class='ocr_line' id='line_1_78' title="bbox 624 5665 898 5711; baseline -0.011 -3"><span class='ocrx_word' id='word_1_541' title='bbox 624 5697 636 5708; x_wconf 96' lang='lat'><strong>.</strong></span> <span class='ocrx_word' id='word_1_542' title='bbox 665 5665 718 5711; x_wconf 88' lang='lat' dir='ltr'><strong>et</strong></span> <span class='ocrx_word' id='word_1_543' title='bbox 738 5665 898 5709; x_wconf 81' lang='lat' dir='ltr'><strong>Hebr.</strong></span> 
     </span>
    </p>
   </div>
   <div class='ocr_carea' id='block_1_75' title="bbox 517 5723 1600 5799">
    <p class='ocr_par' dir='ltr' id='par_1_75' title="bbox 517 5723 1600 5799">
     <span class='ocr_line' id='line_1_79' title="bbox 517 5723 1600 5799; baseline -0.001 -23"><span class='ocrx_word' id='word_1_544' title='bbox 517 5728 549 5799; x_wconf 57' lang='grc' dir='ltr'><em>ᾗ</em></span> <span class='ocrx_word' id='word_1_545' title='bbox 578 5766 588 5776; x_wconf 91' lang='grc'><strong>.</strong></span> <span class='ocrx_word' id='word_1_546' title='bbox 619 5725 738 5799; x_wconf 74' lang='lat' dir='ltr'><strong>2._et</strong></span> <span class='ocrx_word' id='word_1_547' title='bbox 763 5725 966 5799; x_wconf 75' lang='lat' dir='ltr'><strong>veritate</strong></span> <span class='ocrx_word' id='word_1_548' title='bbox 987 5733 1090 5776; x_wconf 87' lang='lat' dir='ltr'><strong>tua.</strong></span> <span class='ocrx_word' id='word_1_549' title='bbox 1123 5723 1188 5779; x_wconf 85' lang='lat' dir='ltr'><strong>G.</strong></span> <span class='ocrx_word' id='word_1_550' title='bbox 1221 5734 1267 5799; x_wconf 66' lang='lat' dir='ltr'><strong>et</strong></span> <span class='ocrx_word' id='word_1_551' title='bbox 1291 5725 1472 5799; x_wconf 64' lang='lat' dir='ltr'><strong>pietate</strong></span> <span class='ocrx_word' id='word_1_552' title='bbox 1495 5734 1600 5777; x_wconf 88' lang='lat' dir='ltr'><strong>tua.</strong></span> 
     </span>
    </p>
   </div>
   <div class='ocr_carea' id='block_1_76' title="bbox 497 5793 2073 5866">
    <p class='ocr_par' dir='ltr' id='par_1_76' title="bbox 497 5793 2073 5866">
     <span class='ocr_line' id='line_1_80' title="bbox 497 5793 2073 5866; baseline -0.004 -11"><span class='ocrx_word' id='word_1_553' title='bbox 497 5793 630 5866; x_wconf 53' lang='lat' dir='ltr'><strong>Itym</strong></span> <span class='ocrx_word' id='word_1_554' title='bbox 673 5795 743 5862; x_wconf 87' lang='lat'><em>7.</em></span> <span class='ocrx_word' id='word_1_555' title='bbox 770 5796 822 5848; x_wconf 71' lang='grc'><strong>2.</strong></span> <span class='ocrx_word' id='word_1_556' title='bbox 856 5811 1008 5866; x_wconf 84' lang='lat' dir='ltr'><strong>super</strong></span> <span class='ocrx_word' id='word_1_557' title='bbox 1027 5811 1192 5852; x_wconf 84' lang='lat' dir='ltr'><strong>autne.</strong></span> <span class='ocrx_word' id='word_1_558' title='bbox 1225 5793 1297 5856; x_wconf 86' lang='lat' dir='ltr'><strong>R.</strong></span> <span class='ocrx_word' id='word_1_559' title='bbox 1322 5795 1476 5850; x_wconf 89' lang='lat' dir='ltr'><strong>Rom.</strong></span> <span class='ocrx_word' id='word_1_560' title='bbox 1503 5811 1654 5866; x_wconf 82' lang='lat' dir='ltr'><strong>super</strong></span> <span class='ocrx_word' id='word_1_561' title='bbox 1679 5811 1786 5858; x_wconf 85' lang='lat' dir='ltr'><strong>nos.</strong></span> <span class='ocrx_word' id='word_1_562' title='bbox 1821 5795 1884 5850; x_wconf 87' lang='grc' dir='ltr'><strong>Μ.</strong></span> <span class='ocrx_word' id='word_1_563' title='bbox 1910 5795 1974 5853; x_wconf 76' lang='grc' dir='ltr'><strong>ϐ.</strong></span> <span class='ocrx_word' id='word_1_564' title='bbox 2007 5793 2073 5861; x_wconf 74' lang='grc' dir='ltr'><strong>Η.</strong></span> 
     </span>
    </p>
   </div>
   <div class='ocr_carea' id='block_1_77' title="bbox 569 5865 1014 5936">
    <p class='ocr_par' dir='ltr' id='par_1_77' title="bbox 569 5865 1014 5936">
     <span class='ocr_line' id='line_1_81' title="bbox 569 5865 1014 5936; baseline 0.011 -14"><span class='ocrx_word' id='word_1_565' title='bbox 569 5865 628 5923; x_wconf 75' lang='lat' dir='ltr'><strong>C.</strong></span> <span class='ocrx_word' id='word_1_566' title='bbox 651 5881 802 5936; x_wconf 78' lang='lat' dir='ltr'><strong>super</strong></span> <span class='ocrx_word' id='word_1_567' title='bbox 825 5865 1014 5926; x_wconf 76' lang='lat' dir='ltr'><strong>omnia.</strong></span> 
     </span>
    </p>
   </div>
   <div class='ocr_carea' id='block_1_78' title="bbox 2193 529 3750 598">
    <p class='ocr_par' dir='ltr' id='par_1_78' title="bbox 2193 529 3750 598">
     <span class='ocr_line' id='line_1_82' title="bbox 2193 529 3750 598; baseline 0.001 -17"><span class='ocrx_word' id='word_1_568' title='bbox 2193 532 2227 598; x_wconf 90' lang='lat'><strong>7</strong></span> <span class='ocrx_word' id='word_1_569' title='bbox 2252 569 2263 581; x_wconf 93' lang='lat'><strong>.</strong></span> <span class='ocrx_word' id='word_1_570' title='bbox 2293 531 2346 585; x_wconf 98' lang='grc'><strong>5.</strong></span> <span class='ocrx_word' id='word_1_571' title='bbox 2375 531 2558 584; x_wconf 71' lang='lat' dir='ltr'><strong>exaudi</strong></span> <span class='ocrx_word' id='word_1_572' title='bbox 2584 548 2679 585; x_wconf 85' lang='lat' dir='ltr'><strong>me.</strong></span> <span class='ocrx_word' id='word_1_573' title='bbox 2709 534 2769 586; x_wconf 69' lang='grc' dir='ltr'><strong>Δ.</strong></span> <span class='ocrx_word' id='word_1_574' title='bbox 2803 531 2867 585; x_wconf 84' lang='grc' dir='ltr'><strong>Μ.</strong></span> <span class='ocrx_word' id='word_1_575' title='bbox 2901 530 2990 587; x_wconf 86' lang='lat' dir='ltr'><strong>Cr.</strong></span> <span class='ocrx_word' id='word_1_576' title='bbox 3029 531 3126 585; x_wconf 89' lang='lat' dir='ltr'><strong>cito</strong></span> <span class='ocrx_word' id='word_1_577' title='bbox 3151 529 3335 584; x_wconf 74' lang='lat' dir='ltr'><strong>exaudi</strong></span> <span class='ocrx_word' id='word_1_578' title='bbox 3362 546 3456 586; x_wconf 86' lang='lat' dir='ltr'><strong>nte.</strong></span> <span class='ocrx_word' id='word_1_579' title='bbox 3481 529 3541 587; x_wconf 87' lang='lat' dir='ltr'><strong>C.</strong></span> <span class='ocrx_word' id='word_1_580' title='bbox 3571 531 3750 588; x_wconf 74' lang='lat' dir='ltr'><strong>veloci.</strong></span> 
     </span>
    </p>
   </div>
   <div class='ocr_carea' id='block_1_79' title="bbox 2247 609 2478 665">
    <p class='ocr_par' dir='ltr' id='par_1_79' title="bbox 2247 609 2478 665">
     <span class='ocr_line' id='line_1_83' title="bbox 2247 609 2478 665; baseline 0.004 -13"><span class='ocrx_word' id='word_1_581' title='bbox 2247 609 2340 665; x_wconf 87' lang='lat' dir='ltr'><strong>ter,</strong></span> <span class='ocrx_word' id='word_1_582' title='bbox 2375 611 2478 655; x_wconf 87' lang='lat' dir='ltr'><strong>etc.</strong></span> 
     </span>
    </p>
   </div>
   <div class='ocr_carea' id='block_1_80' title="bbox 2173 667 3755 740">
    <p class='ocr_par' dir='ltr' id='par_1_80' title="bbox 2173 667 3755 740">
     <span class='ocr_line' id='line_1_84' title="bbox 2173 667 3755 740; baseline 0.006 -19"><span class='ocrx_word' id='word_1_583' title='bbox 2173 667 2303 723; x_wconf 87' lang='lat' dir='ltr'><strong>Item</strong></span> <span class='ocrx_word' id='word_1_584' title='bbox 2349 671 2384 739; x_wconf 89' lang='lat'><strong>7</strong></span> <span class='ocrx_word' id='word_1_585' title='bbox 2409 711 2422 724; x_wconf 95' lang='lat'><strong>.</strong></span> <span class='ocrx_word' id='word_1_586' title='bbox 2461 671 2515 726; x_wconf 89' lang='grc'><strong>5.</strong></span> <span class='ocrx_word' id='word_1_587' title='bbox 2561 672 2918 740; x_wconf 82' lang='lat' dir='ltr'><strong>multiplicabis</strong></span> <span class='ocrx_word' id='word_1_588' title='bbox 2943 672 2994 726; x_wconf 90' lang='lat' dir='ltr'><strong>in</strong></span> <span class='ocrx_word' id='word_1_589' title='bbox 3024 673 3195 726; x_wconf 90' lang='lat' dir='ltr'><strong>anima</strong></span> <span class='ocrx_word' id='word_1_590' title='bbox 3236 688 3349 726; x_wconf 89' lang='lat' dir='ltr'><strong>mea</strong></span> <span class='ocrx_word' id='word_1_591' title='bbox 3395 673 3644 729; x_wconf 78' lang='lat' dir='ltr'><strong>virtutem.</strong></span> <span class='ocrx_word' id='word_1_592' title='bbox 3688 673 3755 729; x_wconf 88' lang='lat' dir='ltr'><strong>R.</strong></span> 
     </span>
    </p>
   </div>
   <div class='ocr_carea' id='block_1_81' title="bbox 2251 740 3761 812">
    <p class='ocr_par' dir='ltr' id='par_1_81' title="bbox 2251 740 3761 812">
     <span class='ocr_line' id='line_1_85' title="bbox 2251 740 3761 812; baseline 0.005 -19"><span class='ocrx_word' id='word_1_593' title='bbox 2251 740 2404 812; x_wconf 85' lang='lat' dir='ltr'><strong>Rom.</strong></span> <span class='ocrx_word' id='word_1_594' title='bbox 2432 741 2652 796; x_wconf 87' lang='lat' dir='ltr'><strong>addunt.</strong></span> <span class='ocrx_word' id='word_1_595' title='bbox 2688 753 2845 797; x_wconf 86' lang='lat' dir='ltr'><strong>tuam.</strong></span> <span class='ocrx_word' id='word_1_596' title='bbox 2878 746 2942 798; x_wconf 83' lang='lat' dir='ltr'><strong>At</strong></span> <span class='ocrx_word' id='word_1_597' title='bbox 2985 745 3049 798; x_wconf 84' lang='lat' dir='ltr'><strong>A.</strong></span> <span class='ocrx_word' id='word_1_598' title='bbox 3083 743 3262 806; x_wconf 82' lang='lat' dir='ltr'><strong>habet,</strong></span> <span class='ocrx_word' id='word_1_599' title='bbox 3294 743 3651 812; x_wconf 85' lang='lat' dir='ltr'><strong>multiplicabis</strong></span> <span class='ocrx_word' id='word_1_600' title='bbox 3679 762 3761 800; x_wconf 78' lang='lat' dir='ltr'><strong>me</strong></span> 
     </span>
    </p>
   </div>
   <div class='ocr_carea' id='block_1_82' title="bbox 2244 811 3760 882">
    <p class='ocr_par' dir='ltr' id='par_1_82' title="bbox 2244 811 3760 882">
     <span class='ocr_line' id='line_1_86' title="bbox 2244 811 3760 882; baseline 0.005 -20"><span class='ocrx_word' id='word_1_601' title='bbox 2244 811 2298 862; x_wconf 86' lang='lat' dir='ltr'><strong>in</strong></span> <span class='ocrx_word' id='word_1_602' title='bbox 2317 811 2486 864; x_wconf 87' lang='lat' dir='ltr'><strong>anima</strong></span> <span class='ocrx_word' id='word_1_603' title='bbox 2507 828 2617 866; x_wconf 85' lang='lat' dir='ltr'><strong>mea</strong></span> <span class='ocrx_word' id='word_1_604' title='bbox 2638 815 2834 867; x_wconf 86' lang='lat' dir='ltr'><strong>virtute.</strong></span> <span class='ocrx_word' id='word_1_605' title='bbox 2864 814 2929 870; x_wconf 89' lang='lat' dir='ltr'><strong>G.</strong></span> <span class='ocrx_word' id='word_1_606' title='bbox 2956 813 3017 867; x_wconf 91' lang='lat' dir='ltr'><strong>C.</strong></span> <span class='ocrx_word' id='word_1_607' title='bbox 3045 812 3394 882; x_wconf 79' lang='lat' dir='ltr'><strong>multiplicasti</strong></span> <span class='ocrx_word' id='word_1_608' title='bbox 3413 811 3491 865; x_wconf 89' lang='lat' dir='ltr'><strong>me</strong></span> <span class='ocrx_word' id='word_1_609' title='bbox 3511 815 3560 867; x_wconf 90' lang='lat' dir='ltr'><strong>in</strong></span> <span class='ocrx_word' id='word_1_610' title='bbox 3586 816 3760 869; x_wconf 86' lang='lat' dir='ltr'><strong>anima</strong></span> 
     </span>
    </p>
   </div>
   <div class='ocr_carea' id='block_1_83' title="bbox 2246 882 3755 947">
    <p class='ocr_par' dir='ltr' id='par_1_83' title="bbox 2246 882 3755 947">
     <span class='ocr_line' id='line_1_87' title="bbox 2246 882 3755 947; baseline 0.005 -14"><span class='ocrx_word' id='word_1_611' title='bbox 2246 897 2354 935; x_wconf 89' lang='lat' dir='ltr'><strong>mea</strong></span> <span class='ocrx_word' id='word_1_612' title='bbox 2382 882 2434 935; x_wconf 91' lang='lat' dir='ltr'><strong>in</strong></span> <span class='ocrx_word' id='word_1_613' title='bbox 2461 884 2640 936; x_wconf 86' lang='lat' dir='ltr'><strong>virtute</strong></span> <span class='ocrx_word' id='word_1_614' title='bbox 2669 893 2774 937; x_wconf 89' lang='lat' dir='ltr'><strong>tua.</strong></span> <span class='ocrx_word' id='word_1_615' title='bbox 2803 883 2866 947; x_wconf 82' lang='grc'><strong>11.</strong></span> <span class='ocrx_word' id='word_1_616' title='bbox 2898 893 2952 940; x_wconf 90' lang='lat' dir='ltr'><strong>et</strong></span> <span class='ocrx_word' id='word_1_617' title='bbox 2971 882 3064 939; x_wconf 89' lang='lat' dir='ltr'><strong>Gr.</strong></span> <span class='ocrx_word' id='word_1_618' title='bbox 3087 883 3413 946; x_wconf 77' lang='lat' dir='ltr'><strong>concordant</strong></span> <span class='ocrx_word' id='word_1_619' title='bbox 3435 898 3556 943; x_wconf 89' lang='lat' dir='ltr'><strong>cum</strong></span> <span class='ocrx_word' id='word_1_620' title='bbox 3575 886 3639 939; x_wconf 81' lang='grc' dir='ltr'><strong>Α.</strong></span> <span class='ocrx_word' id='word_1_621' title='bbox 3667 887 3755 941; x_wconf 80' lang='lat' dir='ltr'><strong>cui</strong></span> 
     </span>
    </p>
   </div>
   <div class='ocr_carea' id='block_1_84' title="bbox 2248 952 2819 1016">
    <p class='ocr_par' dir='ltr' id='par_1_84' title="bbox 2248 952 2819 1016">
     <span class='ocr_line' id='line_1_88' title="bbox 2248 952 2819 1016; baseline 0.007 -13"><span class='ocrx_word' id='word_1_622' title='bbox 2248 960 2447 1006; x_wconf 83' lang='lat' dir='ltr'><strong>tantum</strong></span> <span class='ocrx_word' id='word_1_623' title='bbox 2469 952 2688 1016; x_wconf 74' lang='lat' dir='ltr'><strong>addunt,</strong></span> <span class='ocrx_word' id='word_1_624' title='bbox 2713 963 2819 1007; x_wconf 87' lang='lat' dir='ltr'><strong>tua.</strong></span> 
     </span>
    </p>
   </div>
   <div class='ocr_carea' id='block_1_85' title="bbox 2191 1019 3757 1089">
    <p class='ocr_par' dir='ltr' id='par_1_85' title="bbox 2191 1019 3757 1089">
     <span class='ocr_line' id='line_1_89' title="bbox 2191 1019 3757 1089; baseline 0.003 -16"><span class='ocrx_word' id='word_1_625' title='bbox 2191 1019 2223 1089; x_wconf 88' lang='lat'><strong>7</strong></span> <span class='ocrx_word' id='word_1_626' title='bbox 2249 1060 2261 1073; x_wconf 95' lang='lat'><strong>.</strong></span> <span class='ocrx_word' id='word_1_627' title='bbox 2295 1023 2348 1076; x_wconf 82' lang='grc'><strong>5.</strong></span> <span class='ocrx_word' id='word_1_628' title='bbox 2376 1022 2428 1078; x_wconf 92' lang='lat' dir='ltr'><strong>in</strong></span> <span class='ocrx_word' id='word_1_629' title='bbox 2471 1024 2562 1077; x_wconf 89' lang='lat' dir='ltr'><strong>viis</strong></span> <span class='ocrx_word' id='word_1_630' title='bbox 2590 1021 2816 1080; x_wconf 85' lang='lat' dir='ltr'><strong>Domini.</strong></span> <span class='ocrx_word' id='word_1_631' title='bbox 2846 1023 2909 1078; x_wconf 88' lang='lat' dir='ltr'><strong>R.</strong></span> <span class='ocrx_word' id='word_1_632' title='bbox 2940 1023 3098 1078; x_wconf 88' lang='lat' dir='ltr'><strong>Rom.</strong></span> <span class='ocrx_word' id='word_1_633' title='bbox 3125 1021 3269 1079; x_wconf 90' lang='lat' dir='ltr'><strong>G.C.</strong></span> <span class='ocrx_word' id='word_1_634' title='bbox 3297 1025 3350 1079; x_wconf 89' lang='lat' dir='ltr'><strong>in</strong></span> <span class='ocrx_word' id='word_1_635' title='bbox 3379 1024 3606 1089; x_wconf 87' lang='lat' dir='ltr'><strong>canticis,</strong></span> <span class='ocrx_word' id='word_1_636' title='bbox 3625 1034 3757 1088; x_wconf 88' lang='lat' dir='ltr'><strong>etc.,</strong></span> 
     </span>
    </p>
   </div>
   <div class='ocr_carea' id='block_1_86' title="bbox 2244 1092 3758 1176">
    <p class='ocr_par' dir='ltr' id='par_1_86' title="bbox 2244 1092 3758 1176">
     <span class='ocr_line' id='line_1_90' title="bbox 2244 1092 3758 1176; baseline 0.003 -30"><span class='ocrx_word' id='word_1_637' title='bbox 2244 1092 2366 1176; x_wconf 80' lang='lat' dir='ltr'><strong>quia</strong></span> <span class='ocrx_word' id='word_1_638' title='bbox 2411 1106 2508 1163; x_wconf 89' lang='lat' dir='ltr'><strong>pro</strong></span> <span class='ocrx_word' id='word_1_639' title='bbox 2544 1098 2687 1160; x_wconf 82' lang='grc' dir='ltr'><strong>ὁδοῖς,</strong></span> <span class='ocrx_word' id='word_1_640' title='bbox 2720 1093 2992 1164; x_wconf 80' lang='lat' dir='ltr'><strong>legebatur</strong></span> <span class='ocrx_word' id='word_1_641' title='bbox 3026 1097 3189 1164; x_wconf 73' lang='grc' dir='ltr'><strong>ᾠδαῖς.</strong></span> <span class='ocrx_word' id='word_1_642' title='bbox 3227 1093 3292 1150; x_wconf 87' lang='lat' dir='ltr'><strong>R.</strong></span> <span class='ocrx_word' id='word_1_643' title='bbox 3340 1094 3497 1150; x_wconf 89' lang='lat' dir='ltr'><strong>Rom.</strong></span> <span class='ocrx_word' id='word_1_644' title='bbox 3539 1093 3600 1148; x_wconf 79' lang='grc' dir='ltr'><strong>Ο.</strong></span> <span class='ocrx_word' id='word_1_645' title='bbox 3642 1093 3758 1150; x_wconf 84' lang='lat' dir='ltr'><strong>Do-</strong></span> 
     </span>
    </p>
   </div>
   <div class='ocr_carea' id='block_1_87' title="bbox 2246 1177 2401 1216">
    <p class='ocr_par' dir='ltr' id='par_1_87' title="bbox 2246 1177 2401 1216">
     <span class='ocr_line' id='line_1_91' title="bbox 2246 1177 2401 1216; baseline 0.019 -2"><span class='ocrx_word' id='word_1_646' title='bbox 2246 1177 2401 1216; x_wconf 87' lang='lat' dir='ltr'><strong>mmo.</strong></span> 
     </span>
    </p>
   </div>
   <div class='ocr_carea' id='block_1_88' title="bbox 2188 1231 3756 1302">
    <p class='ocr_par' dir='ltr' id='par_1_88' title="bbox 2188 1231 3756 1302">
     <span class='ocr_line' id='line_1_92' title="bbox 2188 1231 3756 1302; baseline 0.007 -18"><span class='ocrx_word' id='word_1_647' title='bbox 2188 1233 2222 1301; x_wconf 83' lang='lat'><strong>7</strong></span> <span class='ocrx_word' id='word_1_648' title='bbox 2249 1272 2259 1284; x_wconf 94' lang='lat'><strong>.</strong></span> <span class='ocrx_word' id='word_1_649' title='bbox 2284 1233 2337 1287; x_wconf 85' lang='lat'><strong>8.</strong></span> <span class='ocrx_word' id='word_1_650' title='bbox 2369 1231 2613 1286; x_wconf 85' lang='lat' dir='ltr'><strong>Dominus</strong></span> <span class='ocrx_word' id='word_1_651' title='bbox 2638 1235 2890 1288; x_wconf 85' lang='lat' dir='ltr'><strong>retribuet.</strong></span> <span class='ocrx_word' id='word_1_652' title='bbox 2929 1233 2993 1288; x_wconf 79' lang='grc' dir='ltr'><strong>Α.</strong></span> <span class='ocrx_word' id='word_1_653' title='bbox 3022 1231 3087 1289; x_wconf 90' lang='lat' dir='ltr'><strong>G.</strong></span> <span class='ocrx_word' id='word_1_654' title='bbox 3113 1232 3261 1302; x_wconf 77' lang='lat' dir='ltr'><strong>juxta</strong></span> <span class='ocrx_word' id='word_1_655' title='bbox 3291 1232 3384 1290; x_wconf 87' lang='lat' dir='ltr'><strong>Gr.</strong></span> <span class='ocrx_word' id='word_1_656' title='bbox 3425 1232 3642 1294; x_wconf 77' lang='lat' dir='ltr'><strong>Domine</strong></span> <span class='ocrx_word' id='word_1_657' title='bbox 3672 1251 3756 1295; x_wconf 81' lang='lat' dir='ltr'><strong>re-</strong></span> 
     </span>
    </p>
   </div>
   <div class='ocr_carea' id='block_1_89' title="bbox 2245 1301 3256 1358">
    <p class='ocr_par' dir='ltr' id='par_1_89' title="bbox 2245 1301 3256 1358">
     <span class='ocr_line' id='line_1_93' title="bbox 2245 1301 3256 1358; baseline 0.003 -3"><span class='ocrx_word' id='word_1_658' title='bbox 2245 1301 2450 1356; x_wconf 86' lang='lat' dir='ltr'><strong>tribues.</strong></span> <span class='ocrx_word' id='word_1_659' title='bbox 2480 1303 2546 1357; x_wconf 92' lang='lat' dir='ltr'><strong>R.</strong></span> <span class='ocrx_word' id='word_1_660' title='bbox 2599 1305 2753 1358; x_wconf 80' lang='lat' dir='ltr'><strong>Rom.</strong></span> <span class='ocrx_word' id='word_1_661' title='bbox 2782 1304 2996 1358; x_wconf 88' lang='lat' dir='ltr'><strong>Domine</strong></span> <span class='ocrx_word' id='word_1_662' title='bbox 3020 1301 3256 1358; x_wconf 86' lang='lat' dir='ltr'><strong>retribue.</strong></span> 
     </span>
    </p>
   </div>
   <div class='ocr_carea' id='block_1_90' title="bbox 2175 1371 3332 1442">
    <p class='ocr_par' dir='ltr' id='par_1_90' title="bbox 2175 1371 3332 1442">
     <span class='ocr_line' id='line_1_94' title="bbox 2175 1371 3332 1442; baseline -0.002 -13"><span class='ocrx_word' id='word_1_663' title='bbox 2175 1371 2305 1429; x_wconf 88' lang='lat' dir='ltr'><strong>Item</strong></span> <span class='ocrx_word' id='word_1_664' title='bbox 2342 1374 2377 1442; x_wconf 94' lang='lat'><strong>7</strong></span> <span class='ocrx_word' id='word_1_665' title='bbox 2402 1411 2417 1426; x_wconf 95' lang='lat'><strong>.</strong></span> <span class='ocrx_word' id='word_1_666' title='bbox 2439 1374 2491 1429; x_wconf 86' lang='lat'><strong>8.</strong></span> <span class='ocrx_word' id='word_1_667' title='bbox 2530 1375 2584 1427; x_wconf 92' lang='lat' dir='ltr'><strong>in</strong></span> <span class='ocrx_word' id='word_1_668' title='bbox 2609 1377 2868 1430; x_wconf 79' lang='lat' dir='ltr'><strong>steculum.</strong></span> <span class='ocrx_word' id='word_1_669' title='bbox 2901 1380 2966 1429; x_wconf 83' lang='lat' dir='ltr'><strong>A.</strong></span> <span class='ocrx_word' id='word_1_670' title='bbox 2997 1375 3048 1427; x_wconf 89' lang='lat' dir='ltr'><strong>in</strong></span> <span class='ocrx_word' id='word_1_671' title='bbox 3069 1385 3332 1428; x_wconf 71' lang='lat' dir='ltr'><strong>aeternum.</strong></span> 
     </span>
    </p>
   </div>
   <div class='ocr_carea' id='block_1_91' title="bbox 2173 1443 3758 1512">
    <p class='ocr_par' dir='ltr' id='par_1_91' title="bbox 2173 1443 3758 1512">
     <span class='ocr_line' id='line_1_95' title="bbox 2173 1443 3758 1512; baseline 0.001 -14"><span class='ocrx_word' id='word_1_672' title='bbox 2173 1443 2301 1498; x_wconf 78' lang='lat' dir='ltr'><strong>Item</strong></span> <span class='ocrx_word' id='word_1_673' title='bbox 2341 1443 2379 1512; x_wconf 92' lang='lat'><strong>7</strong></span> <span class='ocrx_word' id='word_1_674' title='bbox 2402 1483 2417 1498; x_wconf 93' lang='lat'><strong>.</strong></span> <span class='ocrx_word' id='word_1_675' title='bbox 2447 1443 2501 1500; x_wconf 91' lang='lat'><strong>8.</strong></span> <span class='ocrx_word' id='word_1_676' title='bbox 2532 1460 2596 1498; x_wconf 92' lang='lat' dir='ltr'><strong>ne</strong></span> <span class='ocrx_word' id='word_1_677' title='bbox 2614 1445 2878 1512; x_wconf 80' lang='lat' dir='ltr'><strong>despicias.</strong></span> <span class='ocrx_word' id='word_1_678' title='bbox 2918 1444 2984 1501; x_wconf 89' lang='lat' dir='ltr'><strong>G.</strong></span> <span class='ocrx_word' id='word_1_679' title='bbox 3028 1444 3091 1504; x_wconf 81' lang='lat' dir='ltr'><strong>II.</strong></span> <span class='ocrx_word' id='word_1_680' title='bbox 3126 1461 3226 1504; x_wconf 84' lang='lat' dir='ltr'><strong>non</strong></span> <span class='ocrx_word' id='word_1_681' title='bbox 3255 1443 3481 1507; x_wconf 85' lang='lat' dir='ltr'><strong>omittas.</strong></span> <span class='ocrx_word' id='word_1_682' title='bbox 3506 1443 3670 1506; x_wconf 80' lang='lat' dir='ltr'><strong>IIebr,</strong></span> <span class='ocrx_word' id='word_1_683' title='bbox 3692 1461 3758 1503; x_wconf 78' lang='lat' dir='ltr'><strong>ne</strong></span> 
     </span>
    </p>
   </div>
   <div class='ocr_carea' id='block_1_92' title="bbox 2243 1513 2944 1587">
    <p class='ocr_par' dir='ltr' id='par_1_92' title="bbox 2243 1513 2944 1587">
     <span class='ocr_line' id='line_1_96' title="bbox 2243 1513 2944 1587; baseline 0.001 -20"><span class='ocrx_word' id='word_1_684' title='bbox 2243 1514 2485 1570; x_wconf 86' lang='lat' dir='ltr'><strong>dimittas.</strong></span> <span class='ocrx_word' id='word_1_685' title='bbox 2515 1513 2609 1570; x_wconf 79' lang='lat' dir='ltr'><strong>GI‘.</strong></span> <span class='ocrx_word' id='word_1_686' title='bbox 2636 1527 2706 1583; x_wconf 77' lang='grc' dir='ltr'><strong>μὴ</strong></span> <span class='ocrx_word' id='word_1_687' title='bbox 2729 1520 2944 1587; x_wconf 73' lang='grc' dir='ltr'><strong>παρίδῃς.</strong></span> 
     </span>
    </p>
   </div>
   <div class='ocr_carea' id='block_1_93' title="bbox 2681 1600 3256 1646">
    <p class='ocr_par' dir='ltr' id='par_1_93' title="bbox 2681 1600 3256 1646">
     <span class='ocr_line' id='line_1_97' title="bbox 2681 1600 3256 1646; baseline 0 -7"><span class='ocrx_word' id='word_1_688' title='bbox 2681 1600 2752 1645; x_wconf 75' lang='lat' dir='ltr'><strong>EX</strong></span> <span class='ocrx_word' id='word_1_689' title='bbox 2781 1600 2980 1646; x_wconf 65' lang='grc' dir='ltr'><strong>γελικο</strong></span> <span class='ocrx_word' id='word_1_690' title='bbox 3003 1600 3256 1643; x_wconf 66' lang='lat' dir='ltr'><strong>CXXXVIII.</strong></span> 
     </span>
    </p>
   </div>
   <div class='ocr_carea' id='block_1_94' title="bbox 2187 1653 3474 1724">
    <p class='ocr_par' dir='ltr' id='par_1_94' title="bbox 2187 1653 3474 1724">
     <span class='ocr_line' id='line_1_98' title="bbox 2187 1653 3474 1724; baseline 0.004 -18"><span class='ocrx_word' id='word_1_691' title='bbox 2187 1655 2220 1720; x_wconf 88' lang='lat'><strong>7</strong></span> <span class='ocrx_word' id='word_1_692' title='bbox 2247 1694 2258 1706; x_wconf 95' lang='lat'><strong>.</strong></span> <span class='ocrx_word' id='word_1_693' title='bbox 2289 1653 2344 1708; x_wconf 70' lang='grc'><strong>9.</strong></span> <span class='ocrx_word' id='word_1_694' title='bbox 2375 1655 2644 1709; x_wconf 87' lang='lat' dir='ltr'><strong>sessionem</strong></span> <span class='ocrx_word' id='word_1_695' title='bbox 2670 1672 2851 1710; x_wconf 87' lang='lat' dir='ltr'><strong>meam.</strong></span> <span class='ocrx_word' id='word_1_696' title='bbox 2877 1655 2942 1711; x_wconf 92' lang='lat' dir='ltr'><strong>G.</strong></span> <span class='ocrx_word' id='word_1_697' title='bbox 2976 1657 3256 1724; x_wconf 85' lang='lat' dir='ltr'><strong>passionem</strong></span> <span class='ocrx_word' id='word_1_698' title='bbox 3286 1671 3474 1713; x_wconf 87' lang='lat' dir='ltr'><strong>meam.</strong></span> 
     </span>
    </p>
   </div>
   <div class='ocr_carea' id='block_1_95' title="bbox 2186 1725 3756 1795">
    <p class='ocr_par' dir='ltr' id='par_1_95' title="bbox 2186 1725 3756 1795">
     <span class='ocr_line' id='line_1_99' title="bbox 2186 1725 3756 1795; baseline 0.004 -17"><span class='ocrx_word' id='word_1_699' title='bbox 2186 1726 2218 1795; x_wconf 87' lang='lat'><strong>7</strong></span> <span class='ocrx_word' id='word_1_700' title='bbox 2245 1763 2258 1778; x_wconf 94' lang='lat'><strong>.</strong></span> <span class='ocrx_word' id='word_1_701' title='bbox 2283 1725 2337 1780; x_wconf 88' lang='grc'><strong>5.</strong></span> <span class='ocrx_word' id='word_1_702' title='bbox 2364 1735 2412 1778; x_wconf 88' lang='lat' dir='ltr'><strong>et</strong></span> <span class='ocrx_word' id='word_1_703' title='bbox 2439 1726 2725 1795; x_wconf 86' lang='lat' dir='ltr'><strong>funiculum</strong></span> <span class='ocrx_word' id='word_1_704' title='bbox 2739 1743 2923 1790; x_wconf 86' lang='lat' dir='ltr'><strong>meum,</strong></span> <span class='ocrx_word' id='word_1_705' title='bbox 2949 1735 3052 1780; x_wconf 85' lang='lat' dir='ltr'><strong>etc.</strong></span> <span class='ocrx_word' id='word_1_706' title='bbox 3076 1727 3140 1779; x_wconf 82' lang='lat' dir='ltr'><strong>A.</strong></span> <span class='ocrx_word' id='word_1_707' title='bbox 3167 1735 3215 1779; x_wconf 83' lang='lat' dir='ltr'><strong>et</strong></span> <span class='ocrx_word' id='word_1_708' title='bbox 3241 1726 3449 1780; x_wconf 83' lang='lat' dir='ltr'><strong>limitem</strong></span> <span class='ocrx_word' id='word_1_709' title='bbox 3474 1741 3657 1781; x_wconf 80' lang='lat' dir='ltr'><strong>meum.</strong></span> <span class='ocrx_word' id='word_1_710' title='bbox 3685 1726 3756 1785; x_wconf 82' lang='lat' dir='ltr'><strong>R.</strong></span> 
     </span>
    </p>
   </div>
   <div class='ocr_carea' id='block_1_96' title="bbox 2246 1793 3756 1869">
    <p class='ocr_par' dir='ltr' id='par_1_96' title="bbox 2246 1793 3756 1869">
     <span class='ocr_line' id='line_1_100' title="bbox 2246 1793 3756 1869; baseline 0.003 -21"><span class='ocrx_word' id='word_1_711' title='bbox 2246 1795 2400 1849; x_wconf 91' lang='lat' dir='ltr'><strong>Rom.</strong></span> <span class='ocrx_word' id='word_1_712' title='bbox 2541 1797 2608 1869; x_wconf 19' lang='grc' dir='ltr'><strong>ΑΗ.</strong></span> <span class='ocrx_word' id='word_1_713' title='bbox 2647 1793 2707 1850; x_wconf 90' lang='lat' dir='ltr'><strong>C.</strong></span> <span class='ocrx_word' id='word_1_714' title='bbox 2739 1805 2786 1850; x_wconf 92' lang='lat' dir='ltr'><strong>et</strong></span> <span class='ocrx_word' id='word_1_715' title='bbox 2819 1797 3139 1869; x_wconf 80' lang='lat' dir='ltr'><strong>directionem</strong></span> <span class='ocrx_word' id='word_1_716' title='bbox 3177 1812 3359 1848; x_wconf 84' lang='lat' dir='ltr'><strong>nteant.</strong></span> <span class='ocrx_word' id='word_1_717' title='bbox 3391 1796 3460 1850; x_wconf 89' lang='grc' dir='ltr'><strong>Μ.</strong></span> <span class='ocrx_word' id='word_1_718' title='bbox 3492 1805 3539 1850; x_wconf 85' lang='lat' dir='ltr'><strong>et</strong></span> <span class='ocrx_word' id='word_1_719' title='bbox 3581 1799 3756 1869; x_wconf 81' lang='lat' dir='ltr'><strong>funem</strong></span> 
     </span>
    </p>
   </div>
   <div class='ocr_carea' id='block_1_97' title="bbox 2241 1867 3276 1921">
    <p class='ocr_par' dir='ltr' id='par_1_97' title="bbox 2241 1867 3276 1921">
     <span class='ocr_line' id='line_1_101' title="bbox 2241 1867 3276 1921; baseline -0.003 -2"><span class='ocrx_word' id='word_1_720' title='bbox 2241 1882 2427 1920; x_wconf 88' lang='lat' dir='ltr'><strong>meum.</strong></span> <span class='ocrx_word' id='word_1_721' title='bbox 2457 1867 2617 1921; x_wconf 85' lang='lat' dir='ltr'><strong>Hebr.</strong></span> <span class='ocrx_word' id='word_1_722' title='bbox 2647 1875 2692 1919; x_wconf 91' lang='lat' dir='ltr'><strong>et</strong></span> <span class='ocrx_word' id='word_1_723' title='bbox 2712 1868 3069 1921; x_wconf 85' lang='lat' dir='ltr'><strong>accubitionem</strong></span> <span class='ocrx_word' id='word_1_724' title='bbox 3095 1881 3276 1917; x_wconf 90' lang='lat' dir='ltr'><strong>meam.</strong></span> 
     </span>
    </p>
   </div>
   <div class='ocr_carea' id='block_1_98' title="bbox 2191 1933 3759 2005">
    <p class='ocr_par' dir='ltr' id='par_1_98' title="bbox 2191 1933 3759 2005">
     <span class='ocr_line' id='line_1_102' title="bbox 2191 1933 3759 2005; baseline 0.002 -17"><span class='ocrx_word' id='word_1_725' title='bbox 2191 1937 2222 2005; x_wconf 89' lang='lat'><strong>7</strong></span> <span class='ocrx_word' id='word_1_726' title='bbox 2248 1974 2262 1988; x_wconf 94' lang='lat'><strong>.</strong></span> <span class='ocrx_word' id='word_1_727' title='bbox 2293 1938 2345 1991; x_wconf 79' lang='grc'><strong>4.</strong></span> <span class='ocrx_word' id='word_1_728' title='bbox 2375 1953 2475 1990; x_wconf 91' lang='lat' dir='ltr'><strong>non</strong></span> <span class='ocrx_word' id='word_1_729' title='bbox 2498 1945 2570 1990; x_wconf 89' lang='lat' dir='ltr'><strong>est</strong></span> <span class='ocrx_word' id='word_1_730' title='bbox 2604 1952 2788 1991; x_wconf 88' lang='lat' dir='ltr'><strong>sermo.</strong></span> <span class='ocrx_word' id='word_1_731' title='bbox 2819 1942 2882 1991; x_wconf 80' lang='grc' dir='ltr'><strong>Α.</strong></span> <span class='ocrx_word' id='word_1_732' title='bbox 2913 1937 2975 1991; x_wconf 89' lang='lat' dir='ltr'><strong>R.</strong></span> <span class='ocrx_word' id='word_1_733' title='bbox 3009 1936 3139 1990; x_wconf 81' lang='lat' dir='ltr'><strong>llom</strong></span> <span class='ocrx_word' id='word_1_734' title='bbox 3175 1935 3244 1990; x_wconf 85' lang='grc' dir='ltr'><strong>Μ.</strong></span> <span class='ocrx_word' id='word_1_735' title='bbox 3271 1933 3336 1991; x_wconf 88' lang='lat' dir='ltr'><strong>G.</strong></span> <span class='ocrx_word' id='word_1_736' title='bbox 3366 1935 3434 1990; x_wconf 85' lang='lat' dir='ltr'><strong>II.</strong></span> <span class='ocrx_word' id='word_1_737' title='bbox 3466 1934 3529 1991; x_wconf 87' lang='lat' dir='ltr'><strong>C.</strong></span> <span class='ocrx_word' id='word_1_738' title='bbox 3560 1953 3660 1991; x_wconf 85' lang='lat' dir='ltr'><strong>non</strong></span> <span class='ocrx_word' id='word_1_739' title='bbox 3683 1946 3759 1997; x_wconf 78' lang='lat' dir='ltr'><strong>est</strong></span> 
     </span>
    </p>
   </div>
   <div class='ocr_carea' id='block_1_99' title="bbox 2239 2005 2972 2072">
    <p class='ocr_par' dir='ltr' id='par_1_99' title="bbox 2239 2005 2972 2072">
     <span class='ocr_line' id='line_1_103' title="bbox 2239 2005 2972 2072; baseline -0.001 -13"><span class='ocrx_word' id='word_1_740' title='bbox 2239 2008 2406 2061; x_wconf 87' lang='lat' dir='ltr'><strong>dolus.</strong></span> <span class='ocrx_word' id='word_1_741' title='bbox 2433 2007 2488 2060; x_wconf 88' lang='lat' dir='ltr'><strong>In</strong></span> <span class='ocrx_word' id='word_1_742' title='bbox 2519 2005 2614 2062; x_wconf 89' lang='lat' dir='ltr'><strong>Gr.</strong></span> <span class='ocrx_word' id='word_1_743' title='bbox 2638 2015 2766 2072; x_wconf 70' lang='grc' dir='ltr'><strong><em>λόγος</em></strong></span> <span class='ocrx_word' id='word_1_744' title='bbox 2789 2012 2972 2067; x_wconf 71' lang='grc' dir='ltr'><strong>ἄδικος.</strong></span> 
     </span>
    </p>
   </div>
   <div class='ocr_carea' id='block_1_100' title="bbox 2185 2075 3755 2146">
    <p class='ocr_par' dir='ltr' id='par_1_100' title="bbox 2185 2075 3755 2146">
     <span class='ocr_line' id='line_1_104' title="bbox 2185 2075 3755 2146; baseline 0.003 -16"><span class='ocrx_word' id='word_1_745' title='bbox 2185 2075 2258 2146; x_wconf 87' lang='lat'><strong>7.</strong></span> <span class='ocrx_word' id='word_1_746' title='bbox 2286 2076 2342 2132; x_wconf 86' lang='lat'><strong>9.</strong></span> <span class='ocrx_word' id='word_1_747' title='bbox 2374 2077 2713 2146; x_wconf 43' lang='lat' dir='ltr'><strong>diluculotA.</strong></span> <span class='ocrx_word' id='word_1_748' title='bbox 2755 2078 2807 2130; x_wconf 89' lang='lat' dir='ltr'><strong>in</strong></span> <span class='ocrx_word' id='word_1_749' title='bbox 2853 2077 3115 2130; x_wconf 87' lang='lat' dir='ltr'><strong>directum.</strong></span> <span class='ocrx_word' id='word_1_750' title='bbox 3155 2075 3226 2130; x_wconf 91' lang='lat' dir='ltr'><strong>R.</strong></span> <span class='ocrx_word' id='word_1_751' title='bbox 3269 2075 3423 2130; x_wconf 84' lang='lat' dir='ltr'><strong>Rom.</strong></span> <span class='ocrx_word' id='word_1_752' title='bbox 3469 2075 3535 2132; x_wconf 90' lang='lat' dir='ltr'><strong>G.</strong></span> <span class='ocrx_word' id='word_1_753' title='bbox 3578 2076 3644 2132; x_wconf 83' lang='lat' dir='ltr'><strong>II.</strong></span> <span class='ocrx_word' id='word_1_754' title='bbox 3689 2075 3755 2138; x_wconf 76' lang='grc' dir='ltr'><strong>ϐ.</strong></span> 
     </span>
    </p>
   </div>
   <div class='ocr_carea' id='block_1_101' title="bbox 2237 2145 3760 2201">
    <p class='ocr_par' dir='ltr' id='par_1_101' title="bbox 2237 2145 3760 2201">
     <span class='ocr_line' id='line_1_105' title="bbox 2237 2145 3760 2201; baseline 0.002 -3"><span class='ocrx_word' id='word_1_755' title='bbox 2237 2155 2352 2200; x_wconf 90' lang='lat' dir='ltr'><strong>ante</strong></span> <span class='ocrx_word' id='word_1_756' title='bbox 2391 2147 2572 2200; x_wconf 89' lang='lat' dir='ltr'><strong>lucem.</strong></span> <span class='ocrx_word' id='word_1_757' title='bbox 2600 2145 2668 2201; x_wconf 91' lang='lat' dir='ltr'><strong>G.</strong></span> <span class='ocrx_word' id='word_1_758' title='bbox 2704 2155 2822 2200; x_wconf 83' lang='lat' dir='ltr'><strong>ante</strong></span> <span class='ocrx_word' id='word_1_759' title='bbox 2855 2147 3014 2201; x_wconf 87' lang='lat' dir='ltr'><strong>lucem</strong></span> <span class='ocrx_word' id='word_1_760' title='bbox 3047 2147 3102 2200; x_wconf 91' lang='lat' dir='ltr'><strong>in</strong></span> <span class='ocrx_word' id='word_1_761' title='bbox 3136 2146 3399 2200; x_wconf 74' lang='lat' dir='ltr'><strong>directura.</strong></span> <span class='ocrx_word' id='word_1_762' title='bbox 3440 2146 3508 2201; x_wconf 85' lang='grc' dir='ltr'><strong>Μ.</strong></span> <span class='ocrx_word' id='word_1_763' title='bbox 3531 2163 3565 2200; x_wconf 87' lang='lat' dir='ltr'><strong>a</strong></span> <span class='ocrx_word' id='word_1_764' title='bbox 3590 2158 3760 2201; x_wconf 78' lang='lat' dir='ltr'><strong>matu-</strong></span> 
     </span>
    </p>
   </div>
   <div class='ocr_carea' id='block_1_102' title="bbox 2243 2215 3759 2288">
    <p class='ocr_par' dir='ltr' id='par_1_102' title="bbox 2243 2215 3759 2288">
     <span class='ocr_line' id='line_1_106' title="bbox 2243 2215 3759 2288; baseline 0.005 -20"><span class='ocrx_word' id='word_1_765' title='bbox 2243 2217 2366 2270; x_wconf 87' lang='lat' dir='ltr'><strong>tino.</strong></span> <span class='ocrx_word' id='word_1_766' title='bbox 2411 2215 2504 2272; x_wconf 90' lang='lat' dir='ltr'><strong>Gr.</strong></span> <span class='ocrx_word' id='word_1_767' title='bbox 2537 2215 2642 2273; x_wconf 80' lang='grc' dir='ltr'><strong>κατ’</strong></span> <span class='ocrx_word' id='word_1_768' title='bbox 2664 2220 2797 2288; x_wconf 62' lang='grc' dir='ltr'><em>ὀρθὸν</em></span> <span class='ocrx_word' id='word_1_769' title='bbox 2833 2234 2848 2272; x_wconf 90' lang='lat'><strong>:</strong></span> <span class='ocrx_word' id='word_1_770' title='bbox 2895 2232 2992 2287; x_wconf 87' lang='lat' dir='ltr'><strong>pro</strong></span> <span class='ocrx_word' id='word_1_771' title='bbox 3032 2232 3140 2288; x_wconf 87' lang='lat' dir='ltr'><strong>quo</strong></span> <span class='ocrx_word' id='word_1_772' title='bbox 3165 2216 3220 2271; x_wconf 89' lang='lat' dir='ltr'><strong>in</strong></span> <span class='ocrx_word' id='word_1_773' title='bbox 3266 2217 3384 2271; x_wconf 83' lang='lat' dir='ltr'><strong>aliis</strong></span> <span class='ocrx_word' id='word_1_774' title='bbox 3437 2217 3586 2272; x_wconf 84' lang='lat' dir='ltr'><strong>libris</strong></span> <span class='ocrx_word' id='word_1_775' title='bbox 3609 2260 3623 2284; x_wconf 89' lang='lat'><strong>,</strong></span> <span class='ocrx_word' id='word_1_776' title='bbox 3651 2217 3759 2278; x_wconf 70' lang='grc' dir='ltr'><strong>κατ’</strong></span> 
     </span>
    </p>
   </div>
   <div class='ocr_carea' id='block_1_103' title="bbox 2239 2293 2416 2357">
    <p class='ocr_par' dir='ltr' id='par_1_103' title="bbox 2239 2293 2416 2357">
     <span class='ocr_line' id='line_1_107' title="bbox 2239 2293 2416 2357; baseline -0.017 -17"><span class='ocrx_word' id='word_1_777' title='bbox 2239 2293 2416 2357; x_wconf 62' lang='grc' dir='ltr'><strong>σρθρον.</strong></span> 
     </span>
    </p>
   </div>
   <div class='ocr_carea' id='block_1_104' title="bbox 2188 2355 3753 2481">
    <p class='ocr_par' dir='ltr' id='par_1_104' title="bbox 2188 2355 3753 2481">
     <span class='ocr_line' id='line_1_108' title="bbox 2188 2355 3753 2481; baseline 0.001 -71"><span class='ocrx_word' id='word_1_778' title='bbox 2188 2372 2218 2427; x_wconf 78' lang='lat'><strong>7</strong></span> <span class='ocrx_word' id='word_1_779' title='bbox 2241 2355 2352 2481; x_wconf 55' lang='lat' dir='ltr'><strong>hil</strong></span> <span class='ocrx_word' id='word_1_780' title='bbox 2367 2397 2380 2410; x_wconf 95' lang='lat'><strong>.</strong></span> <span class='ocrx_word' id='word_1_781' title='bbox 2403 2356 2708 2416; x_wconf 89' lang='lat' dir='ltr'><strong>illuminatio</strong></span> <span class='ocrx_word' id='word_1_782' title='bbox 2723 2375 2850 2413; x_wconf 90' lang='lat' dir='ltr'><strong>mea.</strong></span> <span class='ocrx_word' id='word_1_783' title='bbox 2873 2357 2984 2413; x_wconf 80' lang='lat' dir='ltr'><strong>Vox</strong></span> <span class='ocrx_word' id='word_1_784' title='bbox 3010 2375 3120 2414; x_wconf 88' lang='lat' dir='ltr'><strong>mea</strong></span> <span class='ocrx_word' id='word_1_785' title='bbox 3134 2357 3286 2414; x_wconf 84' lang='lat' dir='ltr'><strong>abest</strong></span> <span class='ocrx_word' id='word_1_786' title='bbox 3304 2355 3372 2414; x_wconf 87' lang='lat' dir='ltr'><strong>ab</strong></span> <span class='ocrx_word' id='word_1_787' title='bbox 3393 2359 3459 2413; x_wconf 77' lang='grc' dir='ltr'><strong>Α.</strong></span> <span class='ocrx_word' id='word_1_788' title='bbox 3480 2357 3601 2413; x_wconf 82' lang='lat' dir='ltr'><strong>Car.</strong></span> <span class='ocrx_word' id='word_1_789' title='bbox 3623 2356 3753 2417; x_wconf 81' lang='lat' dir='ltr'><strong>Ger.</strong></span> 
     </span>
     <span class='ocr_line' id='line_1_109' title="bbox 2290 2443 2334 2480; baseline -0.023 0"><span class='ocrx_word' id='word_1_790' title='bbox 2290 2443 2334 2480; x_wconf 90' lang='lat' dir='ltr'><strong>r.</strong></span> 
     </span>
    </p>
   </div>
   <div class='ocr_carea' id='block_1_105' title="bbox 2290 2443 2334 2480">
    <p class='ocr_par' dir='ltr' id='par_1_105' title="bbox 2290 2443 2334 2480">
     <span class='ocr_line' id='line_1_110' title="bbox 2290 2443 2334 2480; baseline -0.023 0"><span class='ocrx_word' id='word_1_791' title='bbox 2290 2443 2334 2480; x_wconf 76' lang='grc' dir='ltr'><strong>Γ.</strong></span> 
     </span>
    </p>
   </div>
   <div class='ocr_carea' id='block_1_106' title="bbox 2189 2495 3754 2569">
    <p class='ocr_par' dir='ltr' id='par_1_106' title="bbox 2189 2495 3754 2569">
     <span class='ocr_line' id='line_1_111' title="bbox 2189 2495 3754 2569; baseline 0.006 -22"><span class='ocrx_word' id='word_1_792' title='bbox 2189 2499 2218 2566; x_wconf 74' lang='lat'><strong>7</strong></span> <span class='ocrx_word' id='word_1_793' title='bbox 2247 2537 2258 2547; x_wconf 88' lang='lat'><strong>.</strong></span> <span class='ocrx_word' id='word_1_794' title='bbox 2292 2498 2375 2554; x_wconf 76' lang='grc'><strong>14.</strong></span> <span class='ocrx_word' id='word_1_795' title='bbox 2404 2499 2754 2569; x_wconf 82' lang='lat' dir='ltr'><strong>magniﬁcatus</strong></span> <span class='ocrx_word' id='word_1_796' title='bbox 2775 2516 2844 2554; x_wconf 91' lang='lat' dir='ltr'><strong>es.</strong></span> <span class='ocrx_word' id='word_1_797' title='bbox 2878 2500 2937 2552; x_wconf 84' lang='lat' dir='ltr'><strong>A.</strong></span> <span class='ocrx_word' id='word_1_798' title='bbox 2965 2498 3029 2552; x_wconf 87' lang='lat' dir='ltr'><strong>R.</strong></span> <span class='ocrx_word' id='word_1_799' title='bbox 3055 2498 3214 2558; x_wconf 86' lang='lat' dir='ltr'><strong>Rom.</strong></span> <span class='ocrx_word' id='word_1_800' title='bbox 3233 2497 3302 2569; x_wconf 85' lang='grc' dir='ltr'><strong>Μ.</strong></span> <span class='ocrx_word' id='word_1_801' title='bbox 3321 2498 3470 2568; x_wconf 72' lang='lat' dir='ltr'><strong>juxta</strong></span> <span class='ocrx_word' id='word_1_802' title='bbox 3491 2495 3584 2553; x_wconf 87' lang='lat' dir='ltr'><strong>Gr.</strong></span> <span class='ocrx_word' id='word_1_803' title='bbox 3609 2497 3754 2569; x_wconf 46' lang='lat' dir='ltr'><strong>miri:</strong></span> 
     </span>
    </p>
   </div>
   <div class='ocr_carea' id='block_1_107' title="bbox 2243 2567 3758 2640">
    <p class='ocr_par' dir='ltr' id='par_1_107' title="bbox 2243 2567 3758 2640">
     <span class='ocr_line' id='line_1_112' title="bbox 2243 2567 3758 2640; baseline 0.001 -20"><span class='ocrx_word' id='word_1_804' title='bbox 2243 2569 2420 2640; x_wconf 75' lang='lat' dir='ltr'><strong>[iratus</strong></span> <span class='ocrx_word' id='word_1_805' title='bbox 2448 2567 2518 2624; x_wconf 76' lang='lat' dir='ltr'><strong>es.</strong></span> <span class='ocrx_word' id='word_1_806' title='bbox 2543 2568 2609 2625; x_wconf 91' lang='lat' dir='ltr'><strong>G.</strong></span> <span class='ocrx_word' id='word_1_807' title='bbox 2643 2570 2706 2624; x_wconf 94' lang='lat' dir='ltr'><strong>II.</strong></span> <span class='ocrx_word' id='word_1_808' title='bbox 2735 2570 3030 2639; x_wconf 84' lang='lat' dir='ltr'><strong>mirificalus</strong></span> <span class='ocrx_word' id='word_1_809' title='bbox 3052 2585 3182 2628; x_wconf 84' lang='lat' dir='ltr'><strong>sum.</strong></span> <span class='ocrx_word' id='word_1_810' title='bbox 3223 2567 3385 2629; x_wconf 79' lang='lat' dir='ltr'><strong>Hebr.</strong></span> <span class='ocrx_word' id='word_1_811' title='bbox 3416 2567 3758 2639; x_wconf 71' lang='lat' dir='ltr'><strong>magniﬁcam</strong></span> 
     </span>
    </p>
   </div>
   <div class='ocr_carea' id='block_1_108' title="bbox 2245 2655 2344 2691">
    <p class='ocr_par' dir='ltr' id='par_1_108' title="bbox 2245 2655 2344 2691">
     <span class='ocr_line' id='line_1_113' title="bbox 2245 2655 2344 2691; baseline 0 -1"><span class='ocrx_word' id='word_1_812' title='bbox 2245 2655 2344 2691; x_wconf 88' lang='lat' dir='ltr'><strong>me.</strong></span> 
     </span>
    </p>
   </div>
   <div class='ocr_carea' id='block_1_109' title="bbox 2189 2707 3761 2780">
    <p class='ocr_par' dir='ltr' id='par_1_109' title="bbox 2189 2707 3761 2780">
     <span class='ocr_line' id='line_1_114' title="bbox 2189 2707 3761 2780; baseline -0.001 -20"><span class='ocrx_word' id='word_1_813' title='bbox 2189 2709 2220 2778; x_wconf 87' lang='lat'><strong>7</strong></span> <span class='ocrx_word' id='word_1_814' title='bbox 2247 2749 2258 2760; x_wconf 95' lang='lat'><strong>.</strong></span> <span class='ocrx_word' id='word_1_815' title='bbox 2295 2710 2381 2780; x_wconf 73' lang='grc'><strong>15.</strong></span> <span class='ocrx_word' id='word_1_816' title='bbox 2413 2707 2552 2769; x_wconf 80' lang='lat' dir='ltr'><strong>Non.</strong></span> <span class='ocrx_word' id='word_1_817' title='bbox 2591 2721 2664 2764; x_wconf 86' lang='lat' dir='ltr'><strong>est</strong></span> <span class='ocrx_word' id='word_1_818' title='bbox 2689 2712 2995 2764; x_wconf 76' lang='lat' dir='ltr'><strong>occultatum</strong></span> <span class='ocrx_word' id='word_1_819' title='bbox 3021 2726 3077 2780; x_wconf 87' lang='lat' dir='ltr'><strong>os</strong></span> <span class='ocrx_word' id='word_1_820' title='bbox 3100 2726 3265 2763; x_wconf 90' lang='lat' dir='ltr'><strong>meum</strong></span> <span class='ocrx_word' id='word_1_821' title='bbox 3296 2725 3329 2762; x_wconf 90' lang='lat' dir='ltr'><strong>a</strong></span> <span class='ocrx_word' id='word_1_822' title='bbox 3348 2719 3415 2776; x_wconf 91' lang='lat' dir='ltr'><strong>te,</strong></span> <span class='ocrx_word' id='word_1_823' title='bbox 3443 2707 3578 2779; x_wconf 87' lang='lat' dir='ltr'><strong>quod</strong></span> <span class='ocrx_word' id='word_1_824' title='bbox 3595 2707 3761 2780; x_wconf 81' lang='lat' dir='ltr'><strong>fecisti</strong></span> 
     </span>
    </p>
   </div>
   <div class='ocr_carea' id='block_1_110' title="bbox 2243 2778 3758 2838">
    <p class='ocr_par' dir='ltr' id='par_1_110' title="bbox 2243 2778 3758 2838">
     <span class='ocr_line' id='line_1_115' title="bbox 2243 2778 3758 2838; baseline 0.003 -7"><span class='ocrx_word' id='word_1_825' title='bbox 2243 2779 2295 2832; x_wconf 84' lang='lat' dir='ltr'><strong>in</strong></span> <span class='ocrx_word' id='word_1_826' title='bbox 2323 2778 2634 2834; x_wconf 88' lang='lat' dir='ltr'><strong>abscondito.</strong></span> <span class='ocrx_word' id='word_1_827' title='bbox 2681 2781 2746 2836; x_wconf 89' lang='lat' dir='ltr'><strong>G.</strong></span> <span class='ocrx_word' id='word_1_828' title='bbox 2784 2781 2903 2835; x_wconf 86' lang='lat' dir='ltr'><strong>Non</strong></span> <span class='ocrx_word' id='word_1_829' title='bbox 2929 2779 3178 2838; x_wconf 83' lang='lat' dir='ltr'><strong>occultum</strong></span> <span class='ocrx_word' id='word_1_830' title='bbox 3217 2795 3388 2836; x_wconf 84' lang='lat' dir='ltr'><strong>assum</strong></span> <span class='ocrx_word' id='word_1_831' title='bbox 3415 2795 3582 2834; x_wconf 88' lang='lat' dir='ltr'><strong>meum</strong></span> <span class='ocrx_word' id='word_1_832' title='bbox 3599 2778 3672 2831; x_wconf 85' lang='lat' dir='ltr'><strong>ad</strong></span> <span class='ocrx_word' id='word_1_833' title='bbox 3696 2794 3758 2836; x_wconf 80' lang='lat' dir='ltr'><strong>ea</strong></span> 
     </span>
    </p>
   </div>
   <div class='ocr_carea' id='block_1_111' title="bbox 2243 2851 2849 2919">
    <p class='ocr_par' dir='ltr' id='par_1_111' title="bbox 2243 2851 2849 2919">
     <span class='ocr_line' id='line_1_116' title="bbox 2243 2851 2849 2919; baseline 0.003 -17"><span class='ocrx_word' id='word_1_834' title='bbox 2243 2866 2352 2914; x_wconf 77' lang='lat' dir='ltr'><strong>qua:</strong></span> <span class='ocrx_word' id='word_1_835' title='bbox 2381 2851 2543 2919; x_wconf 85' lang='lat' dir='ltr'><strong>fecisti</strong></span> <span class='ocrx_word' id='word_1_836' title='bbox 2563 2852 2613 2904; x_wconf 91' lang='lat' dir='ltr'><strong>in</strong></span> <span class='ocrx_word' id='word_1_837' title='bbox 2636 2852 2849 2905; x_wconf 89' lang='lat' dir='ltr'><strong>occulto.</strong></span> 
     </span>
    </p>
   </div>
   <div class='ocr_carea' id='block_1_112' title="bbox 2188 2917 3760 2993">
    <p class='ocr_par' dir='ltr' id='par_1_112' title="bbox 2188 2917 3760 2993">
     <span class='ocr_line' id='line_1_117' title="bbox 2188 2917 3760 2993; baseline 0 -23"><span class='ocrx_word' id='word_1_838' title='bbox 2188 2919 2219 2988; x_wconf 91' lang='lat'><strong>7</strong></span> <span class='ocrx_word' id='word_1_839' title='bbox 2245 2959 2258 2970; x_wconf 93' lang='lat'><strong>.</strong></span> <span class='ocrx_word' id='word_1_840' title='bbox 2291 2917 2389 2974; x_wconf 59' lang='grc'><strong>16.</strong></span> <span class='ocrx_word' id='word_1_841' title='bbox 2409 2919 2768 2993; x_wconf 76' lang='lat' dir='ltr'><strong>Imperfectum</strong></span> <span class='ocrx_word' id='word_1_842' title='bbox 2794 2938 2978 2988; x_wconf 88' lang='lat' dir='ltr'><strong>meum,</strong></span> <span class='ocrx_word' id='word_1_843' title='bbox 3003 2928 3107 2974; x_wconf 87' lang='lat' dir='ltr'><strong>etc.</strong></span> <span class='ocrx_word' id='word_1_844' title='bbox 3126 2918 3362 2993; x_wconf 58' lang='lat' dir='ltr'><strong>M.junt_a</strong></span> <span class='ocrx_word' id='word_1_845' title='bbox 3388 2919 3482 2975; x_wconf 88' lang='lat' dir='ltr'><strong>Gr.</strong></span> <span class='ocrx_word' id='word_1_846' title='bbox 3507 2917 3760 2993; x_wconf 80' lang='lat' dir='ltr'><strong>Inopera-</strong></span> 
     </span>
    </p>
   </div>
   <div class='ocr_carea' id='block_1_113' title="bbox 2246 2989 3757 3064">
    <p class='ocr_par' dir='ltr' id='par_1_113' title="bbox 2246 2989 3757 3064">
     <span class='ocr_line' id='line_1_118' title="bbox 2246 2989 3757 3064; baseline 0 -22"><span class='ocrx_word' id='word_1_847' title='bbox 2246 2999 2350 3064; x_wconf 75' lang='lat' dir='ltr'><strong>tum</strong></span> <span class='ocrx_word' id='word_1_848' title='bbox 2380 3006 2566 3064; x_wconf 82' lang='lat' dir='ltr'><strong>meum.</strong></span> <span class='ocrx_word' id='word_1_849' title='bbox 2584 2989 2662 3047; x_wconf 58' lang='lat' dir='ltr'><strong>&#39;G.</strong></span> <span class='ocrx_word' id='word_1_850' title='bbox 2698 2990 3056 3064; x_wconf 82' lang='lat' dir='ltr'><strong>Imperfectum</strong></span> <span class='ocrx_word' id='word_1_851' title='bbox 3081 2999 3222 3043; x_wconf 89' lang='lat' dir='ltr'><strong>tuum</strong></span> <span class='ocrx_word' id='word_1_852' title='bbox 3246 2989 3473 3043; x_wconf 85' lang='lat' dir='ltr'><strong>viderunt</strong></span> <span class='ocrx_word' id='word_1_853' title='bbox 3490 2989 3621 3043; x_wconf 86' lang='lat' dir='ltr'><strong>oculi</strong></span> <span class='ocrx_word' id='word_1_854' title='bbox 3635 2989 3757 3042; x_wconf 84' lang='lat' dir='ltr'><strong>moi.</strong></span> 
     </span>
    </p>
   </div>
   <div class='ocr_carea' id='block_1_114' title="bbox 2245 3060 3118 3130">
    <p class='ocr_par' dir='ltr' id='par_1_114' title="bbox 2245 3060 3118 3130">
     <span class='ocr_line' id='line_1_119' title="bbox 2245 3060 3118 3130; baseline 0 -18"><span class='ocrx_word' id='word_1_855' title='bbox 2245 3060 2407 3114; x_wconf 72' lang='lat' dir='ltr'><strong>llclir.</strong></span> <span class='ocrx_word' id='word_1_856' title='bbox 2426 3061 2691 3130; x_wconf 85' lang='lat' dir='ltr'><strong>informem</strong></span> <span class='ocrx_word' id='word_1_857' title='bbox 2702 3060 2988 3122; x_wconf 51' lang='lat' dir='ltr'><strong>adhuc&#39;me,</strong></span> <span class='ocrx_word' id='word_1_858' title='bbox 3011 3068 3118 3130; x_wconf 83' lang='lat' dir='ltr'><strong>etc.</strong></span> 
     </span>
    </p>
   </div>
   <div class='ocr_carea' id='block_1_115' title="bbox 2173 3126 3757 3200">
    <p class='ocr_par' dir='ltr' id='par_1_115' title="bbox 2173 3126 3757 3200">
     <span class='ocr_line' id='line_1_120' title="bbox 2173 3126 3757 3200; baseline -0.001 -17"><span class='ocrx_word' id='word_1_859' title='bbox 2173 3128 2300 3183; x_wconf 78' lang='lat' dir='ltr'><strong>Item</strong></span> <span class='ocrx_word' id='word_1_860' title='bbox 2337 3130 2372 3200; x_wconf 91' lang='lat'><strong>7</strong></span> <span class='ocrx_word' id='word_1_861' title='bbox 2395 3167 2410 3182; x_wconf 93' lang='lat'><strong>.</strong></span> <span class='ocrx_word' id='word_1_862' title='bbox 2442 3126 2528 3184; x_wconf 83' lang='grc'><strong>16.</strong></span> <span class='ocrx_word' id='word_1_863' title='bbox 2557 3131 2662 3183; x_wconf 87' lang='lat' dir='ltr'><strong>dies</strong></span> <span class='ocrx_word' id='word_1_864' title='bbox 2687 3129 3055 3200; x_wconf 75' lang='lat' dir='ltr'><strong>formabuntur.</strong></span> <span class='ocrx_word' id='word_1_865' title='bbox 3089 3129 3131 3182; x_wconf 82' lang='lat' dir='ltr'><strong>A</strong></span> <span class='ocrx_word' id='word_1_866' title='bbox 3171 3127 3239 3200; x_wconf 82' lang='grc' dir='ltr'><strong>Μ.</strong></span> <span class='ocrx_word' id='word_1_867' title='bbox 3263 3127 3323 3182; x_wconf 87' lang='lat' dir='ltr'><strong>C.</strong></span> <span class='ocrx_word' id='word_1_868' title='bbox 3353 3143 3443 3196; x_wconf 90' lang='lat' dir='ltr'><strong>per</strong></span> <span class='ocrx_word' id='word_1_869' title='bbox 3465 3126 3620 3191; x_wconf 83' lang='lat' dir='ltr'><strong>diem,</strong></span> <span class='ocrx_word' id='word_1_870' title='bbox 3645 3137 3757 3186; x_wconf 88' lang='lat' dir='ltr'><strong>etc.</strong></span> 
     </span>
    </p>
   </div>
   <div class='ocr_carea' id='block_1_116' title="bbox 2245 3197 3768 3270">
    <p class='ocr_par' dir='ltr' id='par_1_116' title="bbox 2245 3197 3768 3270">
     <span class='ocr_line' id='line_1_121' title="bbox 2245 3197 3768 3270; baseline 0.002 -19"><span class='ocrx_word' id='word_1_871' title='bbox 2245 3201 2310 3252; x_wconf 79' lang='grc' dir='ltr'><strong>Α.</strong></span> <span class='ocrx_word' id='word_1_872' title='bbox 2336 3197 2589 3253; x_wconf 79' lang='lat' dir='ltr'><strong>errabam.</strong></span> <span class='ocrx_word' id='word_1_873' title='bbox 2613 3197 2796 3270; x_wconf 56' lang='lat' dir='ltr'><strong>{quasi</strong></span> <span class='ocrx_word' id='word_1_874' title='bbox 2826 3199 2877 3253; x_wconf 83' lang='lat' dir='ltr'><strong>in</strong></span> <span class='ocrx_word' id='word_1_875' title='bbox 2908 3197 3001 3270; x_wconf 74' lang='lat' dir='ltr'><strong>Gr.</strong></span> <span class='ocrx_word' id='word_1_876' title='bbox 3035 3197 3215 3267; x_wconf 78' lang='lat' dir='ltr'><strong>legerit</strong></span> <span class='ocrx_word' id='word_1_877' title='bbox 3235 3205 3634 3266; x_wconf 74' lang='grc' dir='ltr'><strong>πλαγχθήσονται,</strong></span> <span class='ocrx_word' id='word_1_878' title='bbox 3657 3212 3768 3270; x_wconf 76' lang='lat' dir='ltr'><strong>pro</strong></span> 
     </span>
    </p>
   </div>
   <div class='ocr_carea' id='block_1_117' title="bbox 2245 3269 3176 3338">
    <p class='ocr_par' dir='ltr' id='par_1_117' title="bbox 2245 3269 3176 3338">
     <span class='ocr_line' id='line_1_122' title="bbox 2245 3269 3176 3338; baseline -0.003 -16"><span class='ocrx_word' id='word_1_879' title='bbox 2245 3278 2607 3330; x_wconf 72' lang='grc' dir='ltr'><strong>πλασθήσονται.</strong></span> <span class='ocrx_word' id='word_1_880' title='bbox 2636 3269 2700 3323; x_wconf 79' lang='lat' dir='ltr'><strong>II.</strong></span> <span class='ocrx_word' id='word_1_881' title='bbox 2734 3270 2814 3322; x_wconf 87' lang='lat' dir='ltr'><strong>die</strong></span> <span class='ocrx_word' id='word_1_882' title='bbox 2836 3269 3176 3338; x_wconf 74' lang='lat' dir='ltr'><strong>rapiebantur.</strong></span> 
     </span>
    </p>
   </div>
   <div class='ocr_carea' id='block_1_118' title="bbox 2188 3338 3446 3408">
    <p class='ocr_par' dir='ltr' id='par_1_118' title="bbox 2188 3338 3446 3408">
     <span class='ocr_line' id='line_1_123' title="bbox 2188 3338 3446 3408; baseline 0 -18"><span class='ocrx_word' id='word_1_883' title='bbox 2188 3341 2259 3408; x_wconf 86' lang='lat'><strong>7.</strong></span> <span class='ocrx_word' id='word_1_884' title='bbox 2293 3341 2379 3393; x_wconf 86' lang='grc'><strong>17.</strong></span> <span class='ocrx_word' id='word_1_885' title='bbox 2408 3340 2724 3407; x_wconf 80' lang='lat' dir='ltr'><strong>honorificati</strong></span> <span class='ocrx_word' id='word_1_886' title='bbox 2744 3350 2878 3392; x_wconf 90' lang='lat' dir='ltr'><strong>sunt.</strong></span> <span class='ocrx_word' id='word_1_887' title='bbox 2911 3339 2976 3391; x_wconf 86' lang='lat' dir='ltr'><strong>M.</strong></span> <span class='ocrx_word' id='word_1_888' title='bbox 3009 3338 3290 3408; x_wconf 87' lang='lat' dir='ltr'><strong>honorandi</strong></span> <span class='ocrx_word' id='word_1_889' title='bbox 3311 3345 3446 3408; x_wconf 80' lang='lat' dir='ltr'><strong>sunt.</strong></span> 
     </span>
    </p>
   </div>
   <div class='ocr_carea' id='block_1_119' title="bbox 2176 3407 3761 3481">
    <p class='ocr_par' dir='ltr' id='par_1_119' title="bbox 2176 3407 3761 3481">
     <span class='ocr_line' id='line_1_124' title="bbox 2176 3407 3761 3481; baseline 0.001 -18"><span class='ocrx_word' id='word_1_890' title='bbox 2176 3411 2301 3464; x_wconf 89' lang='lat' dir='ltr'><strong>Item</strong></span> <span class='ocrx_word' id='word_1_891' title='bbox 2348 3410 2383 3481; x_wconf 89' lang='lat'><strong>7</strong></span> <span class='ocrx_word' id='word_1_892' title='bbox 2407 3411 2543 3481; x_wconf 83' lang='lat' dir='ltr'><strong>._l7_.</strong></span> <span class='ocrx_word' id='word_1_893' title='bbox 2585 3411 2896 3481; x_wconf 87' lang='lat' dir='ltr'><strong>confortatus</strong></span> <span class='ocrx_word' id='word_1_894' title='bbox 2925 3418 3018 3462; x_wconf 90' lang='lat' dir='ltr'><strong>est.</strong></span> <span class='ocrx_word' id='word_1_895' title='bbox 3065 3409 3131 3462; x_wconf 85' lang='lat' dir='ltr'><strong>A.</strong></span> <span class='ocrx_word' id='word_1_896' title='bbox 3168 3407 3316 3478; x_wconf 82' lang='lat' dir='ltr'><strong>juxta</strong></span> <span class='ocrx_word' id='word_1_897' title='bbox 3359 3407 3454 3464; x_wconf 89' lang='lat' dir='ltr'><strong>Gr.</strong></span> <span class='ocrx_word' id='word_1_898' title='bbox 3484 3407 3761 3477; x_wconf 77' lang='lat' dir='ltr'><strong>confortats&#39;</strong></span> 
     </span>
    </p>
   </div>
   <div class='ocr_carea' id='block_1_120' title="bbox 2244 3479 3031 3548">
    <p class='ocr_par' dir='ltr' id='par_1_120' title="bbox 2244 3479 3031 3548">
     <span class='ocr_line' id='line_1_125' title="bbox 2244 3479 3031 3548; baseline -0.003 -15"><span class='ocrx_word' id='word_1_899' title='bbox 2244 3479 2380 3533; x_wconf 85' lang='lat' dir='ltr'><strong>sunt.</strong></span> <span class='ocrx_word' id='word_1_900' title='bbox 2406 3479 2470 3534; x_wconf 90' lang='lat' dir='ltr'><strong>G.</strong></span> <span class='ocrx_word' id='word_1_901' title='bbox 2497 3479 2560 3534; x_wconf 88' lang='lat' dir='ltr'><strong>C.</strong></span> <span class='ocrx_word' id='word_1_902' title='bbox 2589 3480 2870 3548; x_wconf 80' lang='lat' dir='ltr'><strong>conﬁrmati</strong></span> <span class='ocrx_word' id='word_1_903' title='bbox 2895 3488 3031 3532; x_wconf 88' lang='lat' dir='ltr'><strong>sunt.</strong></span> 
     </span>
    </p>
   </div>
   <div class='ocr_carea' id='block_1_121' title="bbox 2189 3544 3758 3620">
    <p class='ocr_par' dir='ltr' id='par_1_121' title="bbox 2189 3544 3758 3620">
     <span class='ocr_line' id='line_1_126' title="bbox 2189 3544 3758 3620; baseline 0.001 -18"><span class='ocrx_word' id='word_1_904' title='bbox 2189 3552 2221 3620; x_wconf 78' lang='lat'><strong>7</strong></span> <span class='ocrx_word' id='word_1_905' title='bbox 2249 3590 2260 3602; x_wconf 91' lang='lat'><strong>.</strong></span> <span class='ocrx_word' id='word_1_906' title='bbox 2292 3551 2380 3604; x_wconf 73' lang='grc'><strong>20.</strong></span> <span class='ocrx_word' id='word_1_907' title='bbox 2411 3550 2575 3604; x_wconf 87' lang='lat' dir='ltr'><strong>dicitis</strong></span> <span class='ocrx_word' id='word_1_908' title='bbox 2610 3551 2662 3603; x_wconf 92' lang='lat' dir='ltr'><strong>in</strong></span> <span class='ocrx_word' id='word_1_909' title='bbox 2683 3544 3009 3620; x_wconf 73' lang='lat' dir='ltr'><strong>cogitatione.</strong></span> <span class='ocrx_word' id='word_1_910' title='bbox 3045 3547 3109 3602; x_wconf 80' lang='grc' dir='ltr'><strong>Α.</strong></span> <span class='ocrx_word' id='word_1_911' title='bbox 3135 3547 3198 3601; x_wconf 87' lang='grc' dir='ltr'><strong>Η.</strong></span> <span class='ocrx_word' id='word_1_912' title='bbox 3225 3544 3285 3620; x_wconf 83' lang='lat' dir='ltr'><strong>C.</strong></span> <span class='ocrx_word' id='word_1_913' title='bbox 3312 3546 3404 3620; x_wconf 87' lang='lat' dir='ltr'><strong>Gr.</strong></span> <span class='ocrx_word' id='word_1_914' title='bbox 3428 3547 3570 3620; x_wconf 83' lang='lat' dir='ltr'><strong>dices</strong></span> <span class='ocrx_word' id='word_1_915' title='bbox 3590 3547 3644 3600; x_wconf 90' lang='lat' dir='ltr'><strong>in</strong></span> <span class='ocrx_word' id='word_1_916' title='bbox 3658 3563 3758 3620; x_wconf 65' lang='grc' dir='ltr'><strong>ρον</strong></span> 
     </span>
    </p>
   </div>
   <div class='ocr_carea' id='block_1_122' title="bbox 2247 3617 3756 3690">
    <p class='ocr_par' dir='ltr' id='par_1_122' title="bbox 2247 3617 3756 3690">
     <span class='ocr_line' id='line_1_127' title="bbox 2247 3617 3756 3690; baseline -0.003 -18"><span class='ocrx_word' id='word_1_917' title='bbox 2247 3621 2505 3690; x_wconf 88' lang='lat' dir='ltr'><strong>gitatione.</strong></span> <span class='ocrx_word' id='word_1_918' title='bbox 2535 3619 2599 3675; x_wconf 88' lang='lat' dir='ltr'><strong>G.</strong></span> <span class='ocrx_word' id='word_1_919' title='bbox 2627 3617 2776 3684; x_wconf 63' lang='lat' dir='ltr'><strong>dicis,</strong></span> <span class='ocrx_word' id='word_1_920' title='bbox 2800 3629 2904 3674; x_wconf 89' lang='lat' dir='ltr'><strong>etc.</strong></span> <span class='ocrx_word' id='word_1_921' title='bbox 2934 3619 3001 3672; x_wconf 91' lang='grc' dir='ltr'><strong>Μ.</strong></span> <span class='ocrx_word' id='word_1_922' title='bbox 3033 3618 3326 3690; x_wconf 83' lang='lat' dir='ltr'><strong>contentiosi</strong></span> <span class='ocrx_word' id='word_1_923' title='bbox 3347 3618 3462 3671; x_wconf 88' lang='lat' dir='ltr'><strong>estis</strong></span> <span class='ocrx_word' id='word_1_924' title='bbox 3479 3619 3532 3670; x_wconf 89' lang='lat' dir='ltr'><strong>in</strong></span> <span class='ocrx_word' id='word_1_925' title='bbox 3556 3617 3756 3688; x_wconf 85' lang='lat' dir='ltr'><strong>cogita-</strong></span> 
     </span>
    </p>
   </div>
   <div class='ocr_carea' id='block_1_123' title="bbox 2246 3687 3424 3745">
    <p class='ocr_par' dir='ltr' id='par_1_123' title="bbox 2246 3687 3424 3745">
     <span class='ocr_line' id='line_1_128' title="bbox 2246 3687 3424 3745; baseline -0.001 -3"><span class='ocrx_word' id='word_1_926' title='bbox 2246 3687 2480 3745; x_wconf 79' lang='lat' dir='ltr'><strong>iionibus.</strong></span> <span class='ocrx_word' id='word_1_927' title='bbox 2512 3690 2670 3745; x_wconf 85' lang='lat' dir='ltr'><strong>Ilebr.</strong></span> <span class='ocrx_word' id='word_1_928' title='bbox 2696 3691 3034 3744; x_wconf 88' lang='lat' dir='ltr'><strong>contradicent</strong></span> <span class='ocrx_word' id='word_1_929' title='bbox 3060 3689 3147 3741; x_wconf 91' lang='lat' dir='ltr'><strong>tibi</strong></span> <span class='ocrx_word' id='word_1_930' title='bbox 3168 3687 3424 3742; x_wconf 80' lang='lat' dir='ltr'><strong>scelerate.</strong></span> 
     </span>
    </p>
   </div>
   <div class='ocr_carea' id='block_1_124' title="bbox 2176 3755 3756 3830">
    <p class='ocr_par' dir='ltr' id='par_1_124' title="bbox 2176 3755 3756 3830">
     <span class='ocr_line' id='line_1_129' title="bbox 2176 3755 3756 3830; baseline 0 -16"><span class='ocrx_word' id='word_1_931' title='bbox 2176 3762 2304 3814; x_wconf 82' lang='lat' dir='ltr'><strong>IIt&#39;lll</strong></span> <span class='ocrx_word' id='word_1_932' title='bbox 2346 3761 2380 3830; x_wconf 91' lang='lat'><strong>7</strong></span> <span class='ocrx_word' id='word_1_933' title='bbox 2405 3801 2416 3814; x_wconf 91' lang='lat'><strong>.</strong></span> <span class='ocrx_word' id='word_1_934' title='bbox 2449 3761 2539 3816; x_wconf 67' lang='grc'><strong>20.</strong></span> <span class='ocrx_word' id='word_1_935' title='bbox 2572 3762 2795 3814; x_wconf 75' lang='lat' dir='ltr'><strong>civitates</strong></span> <span class='ocrx_word' id='word_1_936' title='bbox 2838 3772 2968 3813; x_wconf 88' lang='lat' dir='ltr'><strong>tuas.</strong></span> <span class='ocrx_word' id='word_1_937' title='bbox 3011 3761 3075 3813; x_wconf 85' lang='lat' dir='ltr'><strong>A.</strong></span> <span class='ocrx_word' id='word_1_938' title='bbox 3119 3759 3183 3813; x_wconf 85' lang='lat' dir='ltr'><strong>R.</strong></span> <span class='ocrx_word' id='word_1_939' title='bbox 3217 3759 3371 3812; x_wconf 88' lang='lat' dir='ltr'><strong>Rom.</strong></span> <span class='ocrx_word' id='word_1_940' title='bbox 3416 3757 3484 3812; x_wconf 80' lang='grc' dir='ltr'><strong>Μ.</strong></span> <span class='ocrx_word' id='word_1_941' title='bbox 3526 3755 3592 3813; x_wconf 84' lang='lat' dir='ltr'><strong>G.</strong></span> <span class='ocrx_word' id='word_1_942' title='bbox 3629 3755 3756 3814; x_wconf 83' lang='lat' dir='ltr'><strong>Car.</strong></span> 
     </span>
    </p>
   </div>
   <div class='ocr_carea' id='block_1_125' title="bbox 2245 3831 3100 3886">
    <p class='ocr_par' dir='ltr' id='par_1_125' title="bbox 2245 3831 3100 3886">
     <span class='ocr_line' id='line_1_130' title="bbox 2245 3831 3100 3886; baseline -0.002 -3"><span class='ocrx_word' id='word_1_943' title='bbox 2245 3832 2394 3884; x_wconf 76' lang='lat' dir='ltr'><strong>Coll).</strong></span> <span class='ocrx_word' id='word_1_944' title='bbox 2420 3831 2544 3886; x_wconf 89' lang='lat' dir='ltr'><strong>Ger.</strong></span> <span class='ocrx_word' id='word_1_945' title='bbox 2567 3831 2681 3886; x_wconf 43' lang='lat' dir='ltr'><strong>Gal.</strong></span> <span class='ocrx_word' id='word_1_946' title='bbox 2715 3831 2938 3884; x_wconf 86' lang='lat' dir='ltr'><strong>civitates</strong></span> <span class='ocrx_word' id='word_1_947' title='bbox 2963 3846 3100 3882; x_wconf 88' lang='lat' dir='ltr'><strong>suas.</strong></span> 
     </span>
    </p>
   </div>
   <div class='ocr_carea' id='block_1_126' title="bbox 2192 3898 3755 3971">
    <p class='ocr_par' dir='ltr' id='par_1_126' title="bbox 2192 3898 3755 3971">
     <span class='ocr_line' id='line_1_131' title="bbox 2192 3898 3755 3971; baseline -0.002 -18"><span class='ocrx_word' id='word_1_948' title='bbox 2192 3902 2262 3971; x_wconf 78' lang='lat'><strong>7.</strong></span> <span class='ocrx_word' id='word_1_949' title='bbox 2319 3901 2408 3957; x_wconf 71' lang='lat'><strong>25.</strong></span> <span class='ocrx_word' id='word_1_950' title='bbox 2461 3903 2716 3971; x_wconf 86' lang='lat' dir='ltr'><strong>interroga</strong></span> <span class='ocrx_word' id='word_1_951' title='bbox 2767 3917 2845 3952; x_wconf 89' lang='lat' dir='ltr'><strong>me</strong></span> <span class='ocrx_word' id='word_1_952' title='bbox 2875 3942 2889 3964; x_wconf 94' lang='lat'><strong>,</strong></span> <span class='ocrx_word' id='word_1_953' title='bbox 2944 3909 2991 3953; x_wconf 91' lang='lat' dir='ltr'><strong>et</strong></span> <span class='ocrx_word' id='word_1_954' title='bbox 3043 3913 3285 3971; x_wconf 83' lang='lat' dir='ltr'><strong>cognosce</strong></span> <span class='ocrx_word' id='word_1_955' title='bbox 3343 3898 3560 3971; x_wconf 72' lang='lat' dir='ltr'><strong>semitas</strong></span> <span class='ocrx_word' id='word_1_956' title='bbox 3592 3914 3755 3971; x_wconf 81' lang='lat' dir='ltr'><strong>meas.</strong></span> 
     </span>
    </p>
   </div>
   <div class='ocr_carea' id='block_1_127' title="bbox 2249 3968 3758 4040">
    <p class='ocr_par' dir='ltr' id='par_1_127' title="bbox 2249 3968 3758 4040">
     <span class='ocr_line' id='line_1_132' title="bbox 2249 3968 3758 4040; baseline -0.001 -16"><span class='ocrx_word' id='word_1_957' title='bbox 2249 3973 2314 4024; x_wconf 86' lang='lat' dir='ltr'><strong>A.</strong></span> <span class='ocrx_word' id='word_1_958' title='bbox 2370 3972 2614 4027; x_wconf 88' lang='lat' dir='ltr'><strong>Scrutare</strong></span> <span class='ocrx_word' id='word_1_959' title='bbox 2652 3968 2751 4037; x_wconf 76' lang='lat' dir='ltr'><strong>ine,</strong></span> <span class='ocrx_word' id='word_1_960' title='bbox 2772 3980 2872 4025; x_wconf 90' lang='lat' dir='ltr'><strong>etc.</strong></span> <span class='ocrx_word' id='word_1_961' title='bbox 2923 3971 2992 4025; x_wconf 87' lang='grc' dir='ltr'><strong>Μ.</strong></span> <span class='ocrx_word' id='word_1_962' title='bbox 3033 3969 3208 4040; x_wconf 75' lang='lat' dir='ltr'><strong>Aﬁlige</strong></span> <span class='ocrx_word' id='word_1_963' title='bbox 3251 3985 3361 4033; x_wconf 92' lang='lat' dir='ltr'><strong>me,</strong></span> <span class='ocrx_word' id='word_1_964' title='bbox 3399 3977 3445 4021; x_wconf 91' lang='lat' dir='ltr'><strong>et</strong></span> <span class='ocrx_word' id='word_1_965' title='bbox 3488 3968 3612 4022; x_wconf 87' lang='lat' dir='ltr'><strong>scito</strong></span> <span class='ocrx_word' id='word_1_966' title='bbox 3647 3969 3758 4022; x_wconf 87' lang='lat' dir='ltr'><strong>vias</strong></span> 
     </span>
    </p>
   </div>
   <div class='ocr_carea' id='block_1_128' title="bbox 2246 4058 2398 4096">
    <p class='ocr_par' dir='ltr' id='par_1_128' title="bbox 2246 4058 2398 4096">
     <span class='ocr_line' id='line_1_133' title="bbox 2246 4058 2398 4096; baseline 0.007 -3"><span class='ocrx_word' id='word_1_967' title='bbox 2246 4058 2398 4096; x_wconf 88' lang='lat' dir='ltr'><strong>meas.</strong></span> 
     </span>
    </p>
   </div>
   <div class='ocr_carea' id='block_1_129' title="bbox 2191 4106 3758 4180">
    <p class='ocr_par' dir='ltr' id='par_1_129' title="bbox 2191 4106 3758 4180">
     <span class='ocr_line' id='line_1_134' title="bbox 2191 4106 3758 4180; baseline -0.003 -17"><span class='ocrx_word' id='word_1_968' title='bbox 2191 4112 2262 4180; x_wconf 80' lang='lat'><strong>7.</strong></span> <span class='ocrx_word' id='word_1_969' title='bbox 2292 4111 2377 4166; x_wconf 54' lang='lat'><strong>2:5.</strong></span> <span class='ocrx_word' id='word_1_970' title='bbox 2423 4112 2477 4166; x_wconf 88' lang='lat' dir='ltr'><strong>in</strong></span> <span class='ocrx_word' id='word_1_971' title='bbox 2516 4111 2596 4165; x_wconf 87' lang='lat' dir='ltr'><strong>via</strong></span> <span class='ocrx_word' id='word_1_972' title='bbox 2637 4119 2843 4166; x_wconf 79' lang='lat' dir='ltr'><strong>azterna.</strong></span> <span class='ocrx_word' id='word_1_973' title='bbox 2893 4109 2959 4164; x_wconf 74' lang='grc' dir='ltr'><strong>Β.</strong></span> <span class='ocrx_word' id='word_1_974' title='bbox 3011 4108 3167 4163; x_wconf 91' lang='lat' dir='ltr'><strong>Rom.</strong></span> <span class='ocrx_word' id='word_1_975' title='bbox 3218 4106 3284 4168; x_wconf 79' lang='lat' dir='ltr'><strong>II.</strong></span> <span class='ocrx_word' id='word_1_976' title='bbox 3333 4109 3384 4162; x_wconf 88' lang='lat' dir='ltr'><strong>in</strong></span> <span class='ocrx_word' id='word_1_977' title='bbox 3430 4107 3562 4168; x_wconf 87' lang='lat' dir='ltr'><strong>viam</strong></span> <span class='ocrx_word' id='word_1_978' title='bbox 3603 4116 3758 4169; x_wconf 72' lang='lat' dir='ltr'><strong>ceter-</strong></span> 
     </span>
    </p>
   </div>
   <div class='ocr_carea' id='block_1_130' title="bbox 2245 4198 2381 4235">
    <p class='ocr_par' dir='ltr' id='par_1_130' title="bbox 2245 4198 2381 4235">
     <span class='ocr_line' id='line_1_135' title="bbox 2245 4198 2381 4235; baseline -0.007 0"><span class='ocrx_word' id='word_1_979' title='bbox 2245 4198 2381 4235; x_wconf 88' lang='lat' dir='ltr'><strong>nam.</strong></span> 
     </span>
    </p>
   </div>
   <div class='ocr_carea' id='block_1_131' title="bbox 2695 4263 3234 4305">
    <p class='ocr_par' dir='ltr' id='par_1_131' title="bbox 2695 4263 3234 4305">
     <span class='ocr_line' id='line_1_136' title="bbox 2695 4263 3234 4305; baseline -0.007 0"><span class='ocrx_word' id='word_1_980' title='bbox 2695 4267 2764 4305; x_wconf 73' lang='lat' dir='ltr'><strong>EX</strong></span> <span class='ocrx_word' id='word_1_981' title='bbox 2791 4264 2989 4305; x_wconf 69' lang='lat' dir='ltr'><strong>PSALIO</strong></span> <span class='ocrx_word' id='word_1_982' title='bbox 3016 4263 3234 4304; x_wconf 84' lang='lat' dir='ltr'><strong>CXXXIX.</strong></span> 
     </span>
    </p>
   </div>
   <div class='ocr_carea' id='block_1_132' title="bbox 2191 4316 3762 4392">
    <p class='ocr_par' dir='ltr' id='par_1_132' title="bbox 2191 4316 3762 4392">
     <span class='ocr_line' id='line_1_137' title="bbox 2191 4316 3762 4392; baseline -0.004 -19"><span class='ocrx_word' id='word_1_983' title='bbox 2191 4323 2261 4392; x_wconf 86' lang='lat'><strong>7.</strong></span> <span class='ocrx_word' id='word_1_984' title='bbox 2293 4323 2346 4376; x_wconf 68' lang='grc'><strong>4.</strong></span> <span class='ocrx_word' id='word_1_985' title='bbox 2374 4323 2504 4376; x_wconf 90' lang='lat' dir='ltr'><strong>sicut</strong></span> <span class='ocrx_word' id='word_1_986' title='bbox 2529 4322 2790 4392; x_wconf 84' lang='lat' dir='ltr'><strong>serpentis.</strong></span> <span class='ocrx_word' id='word_1_987' title='bbox 2832 4321 3008 4392; x_wconf 42' lang='grc' dir='ltr'><strong>Αηιι.</strong></span> <span class='ocrx_word' id='word_1_988' title='bbox 3054 4319 3210 4392; x_wconf 81' lang='lat' dir='ltr'><strong>Rom.</strong></span> <span class='ocrx_word' id='word_1_989' title='bbox 3366 4317 3539 4392; x_wconf 37' lang='lat' dir='ltr'><strong>CLII</strong></span> <span class='ocrx_word' id='word_1_990' title='bbox 3571 4317 3762 4392; x_wconf 73' lang='lat' dir='ltr'><strong>C._sie.</strong></span> 
     </span>
    </p>
   </div>
   <div class='ocr_carea' id='block_1_133' title="bbox 2246 4387 3759 4519">
    <p class='ocr_par' dir='ltr' id='par_1_133' title="bbox 2246 4387 3759 4519">
     <span class='ocr_line' id='line_1_138' title="bbox 2246 4387 3759 4519; baseline -0.003 -73"><span class='ocrx_word' id='word_1_991' title='bbox 2246 4387 2619 4519; x_wconf 55' lang='lat' dir='ltr'><strong>Ellserpettles;</strong></span> <span class='ocrx_word' id='word_1_992' title='bbox 2667 4392 2734 4446; x_wconf 81' lang='lat' dir='ltr'><strong>Et</strong></span> <span class='ocrx_word' id='word_1_993' title='bbox 2775 4392 2852 4446; x_wconf 88' lang='lat' dir='ltr'><strong>sic</strong></span> <span class='ocrx_word' id='word_1_994' title='bbox 2913 4390 3130 4460; x_wconf 76' lang='lat' dir='ltr'><strong>Vulgata</strong></span> <span class='ocrx_word' id='word_1_995' title='bbox 3171 4389 3224 4444; x_wconf 88' lang='lat' dir='ltr'><strong>in</strong></span> <span class='ocrx_word' id='word_1_996' title='bbox 3269 4390 3388 4444; x_wconf 74' lang='lat' dir='ltr'><strong>Car.</strong></span> <span class='ocrx_word' id='word_1_997' title='bbox 3428 4387 3580 4443; x_wconf 86' lang='lat' dir='ltr'><strong>Culb.</strong></span> <span class='ocrx_word' id='word_1_998' title='bbox 3625 4389 3759 4443; x_wconf 85' lang='lat' dir='ltr'><strong>Ger.</strong></span> 
     </span>
     <span class='ocr_line' id='line_1_139' title="bbox 2294 4479 2364 4516; baseline 0 0"><span class='ocrx_word' id='word_1_999' title='bbox 2294 4479 2321 4516; x_wconf 85' lang='lat' dir='ltr'><strong>a</strong></span> <span class='ocrx_word' id='word_1_1000' title='bbox 2352 4503 2364 4516; x_wconf 96' lang='lat'><strong>.</strong></span> 
     </span>
    </p>
   </div>
   <div class='ocr_carea' id='block_1_134' title="bbox 2294 4464 2364 4516">
    <p class='ocr_par' dir='ltr' id='par_1_134' title="bbox 2294 4464 2364 4516">
     <span class='ocr_line' id='line_1_140' title="bbox 2294 4464 2364 4516; baseline 0 0"><span class='ocrx_word' id='word_1_1001' title='bbox 2294 4464 2364 4516; x_wconf 85' lang='lat' dir='ltr'><strong>al.</strong></span> 
     </span>
    </p>
   </div>
   <div class='ocr_carea' id='block_1_135' title="bbox 2192 4527 3758 4604">
    <p class='ocr_par' dir='ltr' id='par_1_135' title="bbox 2192 4527 3758 4604">
     <span class='ocr_line' id='line_1_141' title="bbox 2192 4527 3758 4604; baseline -0.002 -18"><span class='ocrx_word' id='word_1_1002' title='bbox 2192 4535 2224 4604; x_wconf 90' lang='lat'><strong>7</strong></span> <span class='ocrx_word' id='word_1_1003' title='bbox 2252 4576 2262 4586; x_wconf 94' lang='lat'><strong>.</strong></span> <span class='ocrx_word' id='word_1_1004' title='bbox 2296 4534 2350 4589; x_wconf 83' lang='lat'><strong>6.</strong></span> <span class='ocrx_word' id='word_1_1005' title='bbox 2373 4532 2776 4604; x_wconf 77' lang='lat' dir='ltr'><strong>extenderuntin</strong></span> <span class='ocrx_word' id='word_1_1006' title='bbox 2802 4532 3054 4604; x_wconf 78' lang='lat' dir='ltr'><strong>laqueum.</strong></span> <span class='ocrx_word' id='word_1_1007' title='bbox 3100 4530 3164 4584; x_wconf 84' lang='lat' dir='ltr'><strong>A.</strong></span> <span class='ocrx_word' id='word_1_1008' title='bbox 3301 4528 3458 4583; x_wconf 89' lang='lat' dir='ltr'><strong>Rom.</strong></span> <span class='ocrx_word' id='word_1_1009' title='bbox 3486 4529 3555 4583; x_wconf 88' lang='grc' dir='ltr'><strong>Μ.</strong></span> <span class='ocrx_word' id='word_1_1010' title='bbox 3585 4527 3650 4584; x_wconf 89' lang='lat' dir='ltr'><strong>G.</strong></span> <span class='ocrx_word' id='word_1_1011' title='bbox 3688 4527 3758 4584; x_wconf 92' lang='lat' dir='ltr'><strong>II.</strong></span> 
     </span>
    </p>
   </div>
   <div class='ocr_carea' id='block_1_136' title="bbox 2247 4601 3260 4674">
    <p class='ocr_par' dir='ltr' id='par_1_136' title="bbox 2247 4601 3260 4674">
     <span class='ocr_line' id='line_1_142' title="bbox 2247 4601 3260 4674; baseline -0.006 -17"><span class='ocrx_word' id='word_1_1012' title='bbox 2247 4605 2310 4658; x_wconf 85' lang='lat' dir='ltr'><strong>C.</strong></span> <span class='ocrx_word' id='word_1_1013' title='bbox 2336 4604 2482 4674; x_wconf 79' lang='lat' dir='ltr'><strong>juxta</strong></span> <span class='ocrx_word' id='word_1_1014' title='bbox 2513 4603 2610 4674; x_wconf 90' lang='lat' dir='ltr'><strong>Gr.</strong></span> <span class='ocrx_word' id='word_1_1015' title='bbox 2627 4603 2845 4665; x_wconf 76' lang='lat' dir='ltr'><strong>addunt,</strong></span> <span class='ocrx_word' id='word_1_1016' title='bbox 2868 4601 3087 4666; x_wconf 80' lang='lat' dir='ltr'><strong>pedibus</strong></span> <span class='ocrx_word' id='word_1_1017' title='bbox 3116 4601 3260 4674; x_wconf 59' lang='lat' dir='ltr'><strong>meis.</strong></span> 
     </span>
    </p>
   </div>
   <div class='ocr_carea' id='block_1_137' title="bbox 2192 4667 3762 4743">
    <p class='ocr_par' dir='ltr' id='par_1_137' title="bbox 2192 4667 3762 4743">
     <span class='ocr_line' id='line_1_143' title="bbox 2192 4667 3762 4743; baseline -0.003 -15"><span class='ocrx_word' id='word_1_1018' title='bbox 2192 4676 2225 4743; x_wconf 81' lang='lat'><strong>7</strong></span> <span class='ocrx_word' id='word_1_1019' title='bbox 2253 4715 2265 4728; x_wconf 96' lang='lat'><strong>.</strong></span> <span class='ocrx_word' id='word_1_1020' title='bbox 2294 4667 2354 4730; x_wconf 58' lang='lat'><strong>8:</strong></span> <span class='ocrx_word' id='word_1_1021' title='bbox 2377 4673 2681 4728; x_wconf 90' lang='lat' dir='ltr'><strong>obumbrasti</strong></span> <span class='ocrx_word' id='word_1_1022' title='bbox 2712 4689 2863 4743; x_wconf 86' lang='lat' dir='ltr'><strong>super</strong></span> <span class='ocrx_word' id='word_1_1023' title='bbox 2887 4682 3056 4742; x_wconf 89' lang='lat' dir='ltr'><strong>caput,</strong></span> <span class='ocrx_word' id='word_1_1024' title='bbox 3076 4678 3179 4726; x_wconf 84' lang='lat' dir='ltr'><strong>ctc.</strong></span> <span class='ocrx_word' id='word_1_1025' title='bbox 3203 4668 3270 4723; x_wconf 89' lang='lat' dir='ltr'><strong>R.</strong></span> <span class='ocrx_word' id='word_1_1026' title='bbox 3313 4667 3552 4724; x_wconf 89' lang='lat' dir='ltr'><strong>obumbra</strong></span> <span class='ocrx_word' id='word_1_1027' title='bbox 3581 4678 3762 4739; x_wconf 84' lang='lat' dir='ltr'><strong>caput,</strong></span> 
     </span>
    </p>
   </div>
   <div class='ocr_carea' id='block_1_138' title="bbox 2247 4755 2352 4798">
    <p class='ocr_par' dir='ltr' id='par_1_138' title="bbox 2247 4755 2352 4798">
     <span class='ocr_line' id='line_1_144' title="bbox 2247 4755 2352 4798; baseline 0 0"><span class='ocrx_word' id='word_1_1028' title='bbox 2247 4755 2352 4798; x_wconf 71' lang='lat' dir='ltr'><strong>CIC.</strong></span> 
     </span>
    </p>
   </div>
   <div class='ocr_carea' id='block_1_139' title="bbox 2193 4807 3767 4883">
    <p class='ocr_par' dir='ltr' id='par_1_139' title="bbox 2193 4807 3767 4883">
     <span class='ocr_line' id='line_1_145' title="bbox 2193 4807 3767 4883; baseline 0 -19"><span class='ocrx_word' id='word_1_1029' title='bbox 2193 4814 2226 4883; x_wconf 91' lang='lat'><strong>7</strong></span> <span class='ocrx_word' id='word_1_1030' title='bbox 2252 4855 2262 4864; x_wconf 90' lang='lat'><strong>.</strong></span> <span class='ocrx_word' id='word_1_1031' title='bbox 2297 4815 2350 4868; x_wconf 89' lang='lat'><strong>9.</strong></span> <span class='ocrx_word' id='word_1_1032' title='bbox 2388 4813 2471 4867; x_wconf 84' lang='lat' dir='ltr'><strong>Ne</strong></span> <span class='ocrx_word' id='word_1_1033' title='bbox 2494 4813 2667 4867; x_wconf 88' lang='lat' dir='ltr'><strong>tradas</strong></span> <span class='ocrx_word' id='word_1_1034' title='bbox 2683 4828 2778 4875; x_wconf 87' lang='lat' dir='ltr'><strong>me,</strong></span> <span class='ocrx_word' id='word_1_1035' title='bbox 2806 4811 3033 4883; x_wconf 81' lang='lat' dir='ltr'><strong>Domine,</strong></span> <span class='ocrx_word' id='word_1_1036' title='bbox 3061 4828 3092 4864; x_wconf 92' lang='lat' dir='ltr'><strong>a</strong></span> <span class='ocrx_word' id='word_1_1037' title='bbox 3112 4809 3358 4864; x_wconf 84' lang='lat' dir='ltr'><strong>desiderio</strong></span> <span class='ocrx_word' id='word_1_1038' title='bbox 3383 4825 3510 4864; x_wconf 87' lang='lat' dir='ltr'><strong>meo.</strong></span> <span class='ocrx_word' id='word_1_1039' title='bbox 3638 4807 3767 4883; x_wconf 58' lang='lat' dir='ltr'><strong>Non</strong></span> 
     </span>
    </p>
   </div>
   <div class='ocr_carea' id='block_1_140' title="bbox 2249 4879 3765 4948">
    <p class='ocr_par' dir='ltr' id='par_1_140' title="bbox 2249 4879 3765 4948">
     <span class='ocr_line' id='line_1_146' title="bbox 2249 4879 3765 4948; baseline -0.001 -13"><span class='ocrx_word' id='word_1_1040' title='bbox 2249 4885 2440 4943; x_wconf 88' lang='lat' dir='ltr'><strong>tradas.</strong></span> <span class='ocrx_word' id='word_1_1041' title='bbox 2489 4883 2716 4944; x_wconf 84' lang='lat' dir='ltr'><strong>Domine,</strong></span> <span class='ocrx_word' id='word_1_1042' title='bbox 2767 4882 3069 4936; x_wconf 86' lang='lat' dir='ltr'><strong>desiderium</strong></span> <span class='ocrx_word' id='word_1_1043' title='bbox 3116 4897 3279 4933; x_wconf 87' lang='lat' dir='ltr'><strong>meum</strong></span> <span class='ocrx_word' id='word_1_1044' title='bbox 3323 4881 3590 4948; x_wconf 83' lang='lat' dir='ltr'><strong>peccatori.</strong></span> <span class='ocrx_word' id='word_1_1045' title='bbox 3629 4879 3765 4936; x_wconf 77' lang='lat' dir='ltr'><strong>Car.</strong></span> 
     </span>
    </p>
   </div>
   <div class='ocr_carea' id='block_1_141' title="bbox 2249 4950 3773 5020">
    <p class='ocr_par' dir='ltr' id='par_1_141' title="bbox 2249 4950 3773 5020">
     <span class='ocr_line' id='line_1_147' title="bbox 2249 4950 3773 5020; baseline -0.001 -15"><span class='ocrx_word' id='word_1_1046' title='bbox 2249 4954 2399 5007; x_wconf 66' lang='lat' dir='ltr'><strong>(Iulli.</strong></span> <span class='ocrx_word' id='word_1_1047' title='bbox 2424 4953 2486 5008; x_wconf 88' lang='lat' dir='ltr'><strong>C.</strong></span> <span class='ocrx_word' id='word_1_1048' title='bbox 2515 4953 2630 5008; x_wconf 88' lang='lat' dir='ltr'><strong>Gal.</strong></span> <span class='ocrx_word' id='word_1_1049' title='bbox 2663 4951 2782 5005; x_wconf 88' lang='lat' dir='ltr'><strong>Non</strong></span> <span class='ocrx_word' id='word_1_1050' title='bbox 2795 4952 2986 5014; x_wconf 85' lang='lat' dir='ltr'><strong>tradas,</strong></span> <span class='ocrx_word' id='word_1_1051' title='bbox 3005 4950 3234 5015; x_wconf 88' lang='lat' dir='ltr'><strong>Domine,</strong></span> <span class='ocrx_word' id='word_1_1052' title='bbox 3256 4950 3501 5004; x_wconf 84' lang='lat' dir='ltr'><strong>desiderio</strong></span> <span class='ocrx_word' id='word_1_1053' title='bbox 3517 4967 3625 5003; x_wconf 89' lang='lat' dir='ltr'><strong>meo</strong></span> <span class='ocrx_word' id='word_1_1054' title='bbox 3646 4967 3773 5020; x_wconf 79' lang='lat' dir='ltr'><strong>pec-</strong></span> 
     </span>
    </p>
   </div>
   <div class='ocr_carea' id='block_1_142' title="bbox 2250 5019 3590 5089">
    <p class='ocr_par' dir='ltr' id='par_1_142' title="bbox 2250 5019 3590 5089">
     <span class='ocr_line' id='line_1_148' title="bbox 2250 5019 3590 5089; baseline -0.004 -14"><span class='ocrx_word' id='word_1_1055' title='bbox 2250 5026 2425 5077; x_wconf 81' lang='lat' dir='ltr'><strong>calori.</strong></span> <span class='ocrx_word' id='word_1_1056' title='bbox 2451 5023 2613 5076; x_wconf 85' lang='lat' dir='ltr'><strong>IIebr.</strong></span> <span class='ocrx_word' id='word_1_1057' title='bbox 2647 5022 2729 5076; x_wconf 84' lang='lat' dir='ltr'><strong>Ne</strong></span> <span class='ocrx_word' id='word_1_1058' title='bbox 2751 5023 2859 5086; x_wconf 89' lang='lat' dir='ltr'><strong>des,</strong></span> <span class='ocrx_word' id='word_1_1059' title='bbox 2890 5021 3126 5083; x_wconf 82' lang='lat' dir='ltr'><strong>Domine,</strong></span> <span class='ocrx_word' id='word_1_1060' title='bbox 3157 5019 3406 5074; x_wconf 82' lang='lat' dir='ltr'><strong>desideria</strong></span> <span class='ocrx_word' id='word_1_1061' title='bbox 3426 5021 3590 5089; x_wconf 84' lang='lat' dir='ltr'><strong>impii.</strong></span> 
     </span>
    </p>
   </div>
   <div class='ocr_carea' id='block_1_143' title="bbox 2195 5089 3774 5165">
    <p class='ocr_par' dir='ltr' id='par_1_143' title="bbox 2195 5089 3774 5165">
     <span class='ocr_line' id='line_1_149' title="bbox 2195 5089 3774 5165; baseline -0.003 -18"><span class='ocrx_word' id='word_1_1062' title='bbox 2195 5096 2228 5165; x_wconf 90' lang='lat'><strong>7</strong></span> <span class='ocrx_word' id='word_1_1063' title='bbox 2255 5134 2267 5147; x_wconf 95' lang='lat'><strong>.</strong></span> <span class='ocrx_word' id='word_1_1064' title='bbox 2299 5095 2385 5149; x_wconf 90' lang='grc'><strong>11.</strong></span> <span class='ocrx_word' id='word_1_1065' title='bbox 2413 5093 2648 5147; x_wconf 87' lang='lat' dir='ltr'><strong>carbones</strong></span> <span class='ocrx_word' id='word_1_1066' title='bbox 2673 5094 2724 5146; x_wconf 90' lang='lat' dir='ltr'><strong>in</strong></span> <span class='ocrx_word' id='word_1_1067' title='bbox 2749 5093 2917 5162; x_wconf 84' lang='lat' dir='ltr'><strong>ignem</strong></span> <span class='ocrx_word' id='word_1_1068' title='bbox 2936 5091 3274 5165; x_wconf 25' lang='lat' dir='ltr'><strong>‘dejicies‘eos.</strong></span> <span class='ocrx_word' id='word_1_1069' title='bbox 3293 5089 3631 5165; x_wconf 72' lang='lat' dir='ltr'><strong>jttxtaGr.</strong></span> <span class='ocrx_word' id='word_1_1070' title='bbox 3655 5106 3774 5165; x_wconf 61' lang='lat' dir='ltr'><strong>ctu--</strong></span> 
     </span>
    </p>
   </div>
   <div class='ocr_carea' id='block_1_144' title="bbox 2253 5159 3766 5285">
    <p class='ocr_par' dir='ltr' id='par_1_144' title="bbox 2253 5159 3766 5285">
     <span class='ocr_line' id='line_1_150' title="bbox 2253 5159 3766 5285; baseline -0.002 -68"><span class='ocrx_word' id='word_1_1071' title='bbox 2253 5165 2402 5218; x_wconf 85' lang='lat' dir='ltr'><strong>boncs</strong></span> <span class='ocrx_word' id='word_1_1072' title='bbox 2428 5165 2556 5234; x_wconf 88' lang='lat' dir='ltr'><strong>ignis</strong></span> <span class='ocrx_word' id='word_1_1073' title='bbox 2580 5165 2633 5217; x_wconf 82' lang='lat' dir='ltr'><strong>in</strong></span> <span class='ocrx_word' id='word_1_1074' title='bbox 2661 5159 2812 5221; x_wconf 78' lang='lat' dir='ltr'><strong>terra,</strong></span> <span class='ocrx_word' id='word_1_1075' title='bbox 2837 5172 2883 5214; x_wconf 89' lang='lat' dir='ltr'><strong>et</strong></span> <span class='ocrx_word' id='word_1_1076' title='bbox 2908 5159 3261 5285; x_wconf 56' lang='lat' dir='ltr'><strong>dejicieslSvel.</strong></span> <span class='ocrx_word' id='word_1_1077' title='bbox 3282 5160 3536 5230; x_wconf 85' lang='lat' dir='ltr'><strong>dejicient)</strong></span> <span class='ocrx_word' id='word_1_1078' title='bbox 3557 5177 3658 5213; x_wconf 87' lang='lat' dir='ltr'><strong>eos.</strong></span> <span class='ocrx_word' id='word_1_1079' title='bbox 3691 5162 3766 5214; x_wconf 84' lang='lat' dir='ltr'><strong>G.</strong></span> 
     </span>
     <span class='ocr_line' id='line_1_151' title="bbox 2253 5232 3766 5285; baseline 0 0"><span class='ocrx_word' id='word_1_1080' title='bbox 2253 5238 2489 5285; x_wconf 73' lang='lat' dir='ltr'><strong>carbones</strong></span> <span class='ocrx_word' id='word_1_1081' title='bbox 2517 5235 2666 5285; x_wconf 85' lang='lat' dir='ltr'><strong>ianis.</strong></span> <span class='ocrx_word' id='word_1_1082' title='bbox 2698 5243 2745 5285; x_wconf 88' lang='lat' dir='ltr'><strong>et</strong></span> <span class='ocrx_word' id='word_1_1083' title='bbox 2767 5233 2964 5285; x_wconf 85' lang='lat' dir='ltr'><strong>deiiciet</strong></span> <span class='ocrx_word' id='word_1_1084' title='bbox 2991 5246 3097 5285; x_wconf 85' lang='lat' dir='ltr'><strong>eos.</strong></span> <span class='ocrx_word' id='word_1_1085' title='bbox 3173 5269 3186 5283; x_wconf 95' lang='lat'><strong>.</strong></span> <span class='ocrx_word' id='word_1_1086' title='bbox 3214 5232 3456 5284; x_wconf 87' lang='lat' dir='ltr'><strong>carbones</strong></span> <span class='ocrx_word' id='word_1_1087' title='bbox 3493 5232 3643 5285; x_wconf 72' lang='lat' dir='ltr'><strong>ianis.</strong></span> <span class='ocrx_word' id='word_1_1088' title='bbox 3677 5247 3766 5285; x_wconf 78' lang='lat' dir='ltr'><strong>su-</strong></span> 
     </span>
    </p>
   </div>
   <div class='ocr_carea' id='block_1_145' title="bbox 2250 5232 3775 5305">
    <p class='ocr_par' dir='ltr' id='par_1_145' title="bbox 2250 5232 3775 5305">
     <span class='ocr_line' id='line_1_152' title="bbox 2250 5232 3775 5305; baseline -0.001 -18"><span class='ocrx_word' id='word_1_1089' title='bbox 2250 5232 2489 5289; x_wconf 75' lang='lat' dir='ltr'><strong>rarbones</strong></span> <span class='ocrx_word' id='word_1_1090' title='bbox 2517 5235 2666 5305; x_wconf 87' lang='lat' dir='ltr'><strong>ignis,</strong></span> <span class='ocrx_word' id='word_1_1091' title='bbox 2698 5243 2745 5286; x_wconf 89' lang='lat' dir='ltr'><strong>et</strong></span> <span class='ocrx_word' id='word_1_1092' title='bbox 2767 5233 2964 5304; x_wconf 83' lang='lat' dir='ltr'><strong>dejiciet</strong></span> <span class='ocrx_word' id='word_1_1093' title='bbox 2991 5246 3097 5287; x_wconf 82' lang='lat' dir='ltr'><strong>eos.</strong></span> <span class='ocrx_word' id='word_1_1094' title='bbox 3120 5232 3186 5285; x_wconf 86' lang='grc'><strong>11.</strong></span> <span class='ocrx_word' id='word_1_1095' title='bbox 3214 5232 3456 5284; x_wconf 89' lang='lat' dir='ltr'><strong>carbones</strong></span> <span class='ocrx_word' id='word_1_1096' title='bbox 3480 5232 3643 5301; x_wconf 72' lang='lat' dir='ltr'><strong>ignis,</strong></span> <span class='ocrx_word' id='word_1_1097' title='bbox 3677 5247 3775 5286; x_wconf 80' lang='lat' dir='ltr'><strong>su-</strong></span> 
     </span>
    </p>
   </div>
   <div class='ocr_carea' id='block_1_146' title="bbox 2253 5305 2900 5373">
    <p class='ocr_par' dir='ltr' id='par_1_146' title="bbox 2253 5305 2900 5373">
     <span class='ocr_line' id='line_1_153' title="bbox 2253 5305 2900 5373; baseline 0 -18"><span class='ocrx_word' id='word_1_1098' title='bbox 2253 5323 2340 5373; x_wconf 82' lang='lat' dir='ltr'><strong>per</strong></span> <span class='ocrx_word' id='word_1_1099' title='bbox 2368 5315 2551 5358; x_wconf 87' lang='lat' dir='ltr'><strong>terram</strong></span> <span class='ocrx_word' id='word_1_1100' title='bbox 2573 5305 2774 5369; x_wconf 86' lang='lat' dir='ltr'><strong>dejicies</strong></span> <span class='ocrx_word' id='word_1_1101' title='bbox 2799 5319 2900 5356; x_wconf 89' lang='lat' dir='ltr'><strong>eos.</strong></span> 
     </span>
    </p>
   </div>
   <div class='ocr_carea' id='block_1_147' title="bbox 2199 5369 3769 5444">
    <p class='ocr_par' dir='ltr' id='par_1_147' title="bbox 2199 5369 3769 5444">
     <span class='ocr_line' id='line_1_154' title="bbox 2199 5369 3769 5444; baseline 0 -18"><span class='ocrx_word' id='word_1_1102' title='bbox 2199 5369 2270 5444; x_wconf 57' lang='lat'><strong>7&#39;.</strong></span> <span class='ocrx_word' id='word_1_1103' title='bbox 2307 5375 2387 5430; x_wconf 73' lang='lat' dir='ltr'><strong>l2.</strong></span> <span class='ocrx_word' id='word_1_1104' title='bbox 2411 5378 2608 5444; x_wconf 85' lang='lat' dir='ltr'><strong>capient</strong></span> <span class='ocrx_word' id='word_1_1105' title='bbox 2636 5376 2689 5427; x_wconf 89' lang='lat' dir='ltr'><strong>in</strong></span> <span class='ocrx_word' id='word_1_1106' title='bbox 2718 5374 2942 5433; x_wconf 82' lang='lat' dir='ltr'><strong>interitu.</strong></span> <span class='ocrx_word' id='word_1_1107' title='bbox 2971 5372 3037 5425; x_wconf 78' lang='grc' dir='ltr'><strong>Α.</strong></span> <span class='ocrx_word' id='word_1_1108' title='bbox 3064 5371 3214 5442; x_wconf 78' lang='lat' dir='ltr'><strong>juxta</strong></span> <span class='ocrx_word' id='word_1_1109' title='bbox 3243 5369 3336 5427; x_wconf 91' lang='lat' dir='ltr'><strong>Gr.</strong></span> <span class='ocrx_word' id='word_1_1110' title='bbox 3369 5371 3682 5424; x_wconf 74' lang='lat' dir='ltr'><strong>venabantur</strong></span> <span class='ocrx_word' id='word_1_1111' title='bbox 3709 5370 3769 5426; x_wconf 82' lang='lat' dir='ltr'><strong>in</strong></span> 
     </span>
    </p>
   </div>
   <div class='ocr_carea' id='block_1_148' title="bbox 2245 5447 2522 5499">
    <p class='ocr_par' dir='ltr' id='par_1_148' title="bbox 2245 5447 2522 5499">
     <span class='ocr_line' id='line_1_155' title="bbox 2245 5447 2522 5499; baseline 0.004 -3"><span class='ocrx_word' id='word_1_1112' title='bbox 2245 5447 2522 5499; x_wconf 85' lang='lat' dir='ltr'><strong>interitum.</strong></span> 
     </span>
    </p>
   </div>
   <div class='ocr_carea' id='block_1_149' title="bbox 2198 5511 3511 5584">
    <p class='ocr_par' dir='ltr' id='par_1_149' title="bbox 2198 5511 3511 5584">
     <span class='ocr_line' id='line_1_156' title="bbox 2198 5511 3511 5584; baseline 0.002 -20"><span class='ocrx_word' id='word_1_1113' title='bbox 2198 5518 2227 5584; x_wconf 56' lang='grc' dir='ltr'><em>ᾖ</em></span> <span class='ocrx_word' id='word_1_1114' title='bbox 2257 5559 2263 5564; x_wconf 86' lang='grc'><strong>.</strong></span> <span class='ocrx_word' id='word_1_1115' title='bbox 2301 5517 2386 5571; x_wconf 84' lang='grc'><strong>15.</strong></span> <span class='ocrx_word' id='word_1_1116' title='bbox 2422 5516 2483 5568; x_wconf 81' lang='lat' dir='ltr'><strong>Et</strong></span> <span class='ocrx_word' id='word_1_1117' title='bbox 2513 5515 2798 5569; x_wconf 82' lang='lat' dir='ltr'><strong>rindictam.</strong></span> <span class='ocrx_word' id='word_1_1118' title='bbox 2831 5514 2893 5565; x_wconf 82' lang='lat' dir='ltr'><strong>A.</strong></span> <span class='ocrx_word' id='word_1_1119' title='bbox 2919 5512 3068 5581; x_wconf 79' lang='lat' dir='ltr'><strong>juxta</strong></span> <span class='ocrx_word' id='word_1_1120' title='bbox 3097 5511 3189 5567; x_wconf 84' lang='lat' dir='ltr'><strong>Gr.</strong></span> <span class='ocrx_word' id='word_1_1121' title='bbox 3220 5523 3266 5566; x_wconf 90' lang='lat' dir='ltr'><strong>et</strong></span> <span class='ocrx_word' id='word_1_1122' title='bbox 3286 5527 3511 5566; x_wconf 86' lang='lat' dir='ltr'><strong>causam.</strong></span> 
     </span>
    </p>
   </div>
   <div class='ocr_carea' id='block_1_150' title="bbox 2749 5598 3198 5637">
    <p class='ocr_par' dir='ltr' id='par_1_150' title="bbox 2749 5598 3198 5637">
     <span class='ocr_line' id='line_1_157' title="bbox 2749 5598 3198 5637; baseline -0.004 0"><span class='ocrx_word' id='word_1_1123' title='bbox 2749 5600 2812 5637; x_wconf 78' lang='lat' dir='ltr'><strong>EX</strong></span> <span class='ocrx_word' id='word_1_1124' title='bbox 2846 5599 3048 5637; x_wconf 59' lang='grc' dir='ltr'><strong>ΡςΑιιιο</strong></span> <span class='ocrx_word' id='word_1_1125' title='bbox 3073 5598 3198 5637; x_wconf 69' lang='grc' dir='ltr'><strong>σπι..</strong></span> 
     </span>
    </p>
   </div>
   <div class='ocr_carea' id='block_1_151' title="bbox 2198 5651 3772 5724">
    <p class='ocr_par' dir='ltr' id='par_1_151' title="bbox 2198 5651 3772 5724">
     <span class='ocr_line' id='line_1_158' title="bbox 2198 5651 3772 5724; baseline -0.001 -17"><span class='ocrx_word' id='word_1_1126' title='bbox 2198 5658 2229 5724; x_wconf 66' lang='lat'><strong>7</strong></span> <span class='ocrx_word' id='word_1_1127' title='bbox 2254 5695 2266 5707; x_wconf 90' lang='lat'><strong>.</strong></span> <span class='ocrx_word' id='word_1_1128' title='bbox 2298 5657 2351 5709; x_wconf 80' lang='grc'><strong>5.</strong></span> <span class='ocrx_word' id='word_1_1129' title='bbox 2382 5666 2428 5709; x_wconf 91' lang='lat' dir='ltr'><strong>et</strong></span> <span class='ocrx_word' id='word_1_1130' title='bbox 2452 5656 2634 5708; x_wconf 88' lang='lat' dir='ltr'><strong>ostium</strong></span> <span class='ocrx_word' id='word_1_1131' title='bbox 2662 5655 3047 5707; x_wconf 76' lang='lat' dir='ltr'><strong>circumstantiae</strong></span> <span class='ocrx_word' id='word_1_1132' title='bbox 3085 5653 3230 5708; x_wconf 85' lang='lat' dir='ltr'><strong>labiis</strong></span> <span class='ocrx_word' id='word_1_1133' title='bbox 3248 5653 3399 5707; x_wconf 77' lang='lat' dir='ltr'><strong>meis.</strong></span> <span class='ocrx_word' id='word_1_1134' title='bbox 3426 5654 3491 5707; x_wconf 76' lang='grc' dir='ltr'><strong>Α.</strong></span> <span class='ocrx_word' id='word_1_1135' title='bbox 3513 5661 3560 5706; x_wconf 87' lang='lat' dir='ltr'><strong>et</strong></span> <span class='ocrx_word' id='word_1_1136' title='bbox 3581 5651 3772 5706; x_wconf 88' lang='lat' dir='ltr'><strong>ostium</strong></span> 
     </span>
    </p>
   </div>
   <div class='ocr_carea' id='block_1_152' title="bbox 2252 5724 3088 5779">
    <p class='ocr_par' dir='ltr' id='par_1_152' title="bbox 2252 5724 3088 5779">
     <span class='ocr_line' id='line_1_159' title="bbox 2252 5724 3088 5779; baseline 0 -1"><span class='ocrx_word' id='word_1_1137' title='bbox 2252 5727 2567 5779; x_wconf 73' lang='lat' dir='ltr'><strong>continentur:</strong></span> <span class='ocrx_word' id='word_1_1138' title='bbox 2591 5726 2777 5778; x_wconf 87' lang='lat' dir='ltr'><strong>circum</strong></span> <span class='ocrx_word' id='word_1_1139' title='bbox 2807 5724 2939 5777; x_wconf 87' lang='lat' dir='ltr'><strong>labia</strong></span> <span class='ocrx_word' id='word_1_1140' title='bbox 2960 5741 3088 5779; x_wconf 88' lang='lat' dir='ltr'><strong>mea.</strong></span> 
     </span>
    </p>
   </div>
   <div class='ocr_carea' id='block_1_153' title="bbox 2199 5793 3766 5867">
    <p class='ocr_par' dir='ltr' id='par_1_153' title="bbox 2199 5793 3766 5867">
     <span class='ocr_line' id='line_1_160' title="bbox 2199 5793 3766 5867; baseline 0.003 -18"><span class='ocrx_word' id='word_1_1141' title='bbox 2199 5797 2228 5865; x_wconf 81' lang='lat'><strong>7</strong></span> <span class='ocrx_word' id='word_1_1142' title='bbox 2257 5834 2268 5867; x_wconf 78' lang='lat'><strong>.</strong></span> <span class='ocrx_word' id='word_1_1143' title='bbox 2299 5797 2427 5867; x_wconf 36' lang='lat' dir='ltr'><strong>beet</strong></span> <span class='ocrx_word' id='word_1_1144' title='bbox 2451 5813 2550 5850; x_wconf 88' lang='lat' dir='ltr'><strong>non</strong></span> <span class='ocrx_word' id='word_1_1145' title='bbox 2578 5795 2974 5850; x_wconf 88' lang='lat' dir='ltr'><strong>communicabo.</strong></span> <span class='ocrx_word' id='word_1_1146' title='bbox 3017 5799 3080 5851; x_wconf 82' lang='lat' dir='ltr'><strong>A.</strong></span> <span class='ocrx_word' id='word_1_1147' title='bbox 3125 5796 3190 5852; x_wconf 80' lang='grc' dir='ltr'><strong>ϐ.</strong></span> <span class='ocrx_word' id='word_1_1148' title='bbox 3221 5805 3267 5849; x_wconf 79' lang='lat' dir='ltr'><strong>et</strong></span> <span class='ocrx_word' id='word_1_1149' title='bbox 3310 5810 3408 5850; x_wconf 86' lang='lat' dir='ltr'><strong>non</strong></span> <span class='ocrx_word' id='word_1_1150' title='bbox 3448 5793 3766 5867; x_wconf 74' lang='lat' dir='ltr'><strong>combinaba,</strong></span> 
     </span>
    </p>
   </div>
   <div class='ocr_carea' id='block_1_154' title="bbox 2255 5866 2982 5927">
    <p class='ocr_par' dir='ltr' id='par_1_154' title="bbox 2255 5866 2982 5927">
     <span class='ocr_line' id='line_1_161' title="bbox 2255 5866 2982 5927; baseline -0.006 -3"><span class='ocrx_word' id='word_1_1151' title='bbox 2255 5866 2317 5927; x_wconf 67' lang='lat' dir='ltr'><strong>Ii.</strong></span> <span class='ocrx_word' id='word_1_1152' title='bbox 2347 5866 2410 5924; x_wconf 82' lang='lat' dir='ltr'><strong>II.</strong></span> <span class='ocrx_word' id='word_1_1153' title='bbox 2445 5877 2490 5921; x_wconf 85' lang='lat' dir='ltr'><strong>et</strong></span> <span class='ocrx_word' id='word_1_1154' title='bbox 2519 5883 2617 5926; x_wconf 88' lang='lat' dir='ltr'><strong>non</strong></span> <span class='ocrx_word' id='word_1_1155' title='bbox 2644 5867 2982 5922; x_wconf 85' lang='lat' dir='ltr'><strong>combinabor.</strong></span> 
     </span>
    </p>
   </div>
  </div>
