4042 6474
559 386 674 445 ...ω
2040 369 2206 429 me

2294 368 2428 426 TIO.
3791 378 3856 436 00

590 500 877 554 emanavit.
905 500 1165 569 Quocirca
1203 514 1411 556 memor
1456 495 1778 569 inﬁrmitatis
1826 509 1998 569 mea!)
2027 507 2177 548 mare

593 570 758 641 ipsius
799 563 1148 641 quorumdam
1200 573 1523 640 psalmorum
1576 567 1821 641 fontibus
1859 563 2131 641 profusum
2159 602 2175 628 ,

590 633 768 694 divina
817 633 1218 714 'miserieordia'
1243 642 1537 714 largiente,
1593 639 1649 693 in
1691 633 1888 714 rivulos
1949 633 2178 714 νει-(12808

590 712 968 784 compendiosa
990 712 1248 784 brevitate
1272 703 1468 784 devduxi
1490 752 1505 774 ,
1522 703 1636 784 :uno
1654 707 1840 784 codice
1859 715 1967 784 iam
1988 703 2179 784 43593.3

593 775 953 852 complectens
977 823 991 845 ,
1020 797 1139 852 qua:
1164 782 1253 852 ille
1283 783 1337 836 in
1369 780 1602 852 decadas
1623 777 1928 852 quindecim
1959 775 2179 852 r_nirab_io

594 843 1175 936 liter'explicavitISed
1199 894 1215 917 ,
1234 861 1306 936 _ut
1328 852 1542 936 quidam
1571 843 1655 932 de'
1672 848 1910 936 Homero.
1930 847 2043 936 ai't',
2074 843 2182 936 tals

569 927 682 993 est
723 913 952 993 de'ejns
989 937 1150 976 sensu
1199 913 1398 993 aliquid
1445 922 1723 993 subripere
1747 917 1947 993 2Aquale
1974 913 2182 970 Herculi

591 989 804 1045 clavam
832 988 899 1046 de
929 1008 1088 1047 manu
1120 988 1306 1048 tollere
1326 994 1422 1064 (α).
1453 993 1549 1048 Est
1574 988 1719 1047 enim
1747 988 2042 1045 litterarum
2069 999 2186 1040 om-

659 1119 732 1184 (a)
755 1122 1032 1185 llaembius,
1056 1123 1142 1175 lib.
1166 1121 1444 1175 ὅδειιιωιειι.
1459 1137 1504 1175 c.
1527 1124 1580 1174 3.

2285 488 2430 544 nium
2460 487 2710 569 magister
2733 487 3098 569 egregius,et
3121 486 3264 569 (ιλιαδ
3304 488 3374 569 ἰιι
3399 489 3644 569 ubertate
3684 505 3852 550 rarum

2284 569 2365 631 est
2388 600 2404 626 ,
2435 557 2783 631 cautissimus
2801 557 3116 631 disputator.
3146 557 3384 631 Decurrit
3403 561 3597 631 quippe
3621 571 3853 631 tanquam

2285 629 2404 702 fons
2430 629 2742 698 purissimus
2763 629 2905 683 nulla
2935 629 3062 702 fagce
3083 628 3318 702 pollutus
3335 628 3470 702 ;_sed
3494 628 3546 684 in
3570 628 3856 702 integritate

2287 700 2408 772 ﬁdei
2439 713 2786 772 perseverans
2809 739 2824 764 ,
2854 699 3317 772 nescithgereticis
3344 699 3470 772 dare
3501 701 3638 772 unde
3665 699 3720 757 se
3746 719 3859 772 pos-

2285 770 2390 824 sint
2417 766 2593 838 aliqua
2615 769 2990 824 colluctatione
3007 766 3319 824 defendere.
3345 769 3513 824 Totus
3533 766 3818 828 catholicus
3843 814 3859 839 ,

2288 849 2430 894 totus
2475 839 2806 894 orthodoxus
2838 839 3105 893 invenitur
3130 881 3147 904 ,
3187 850 3242 893 et
3280 839 3332 892 in
3383 839 3620 896 Ecrlvsia
3666 843 3863 898 Domini

2287 909 2602 1035 gravissémt:
2629 909 2802 965 nitore
2825 908 3174 980 rcsplendens
3193 951 3209 978 ,
3232 911 3450 981 superni
3477 911 3687 967 luminis
3712 913 3862 969 clari-

2346 991 2398 1035 te
2429 995 2485 1034 ra
2525 996 2572 1034 ia
2600 995 2682 1034 ur.

2291 989 2398 1036 tate
2429 989 2682 1035 radiatur.

1955 1243 2344 1352 VERS
2363 1241 2547 1349 US

1041 1428 1148 1490 AD
1190 1428 1600 1490 EPITOMEN
1643 1423 2406 1489 COMMENTARIORUM
2450 1423 2876 1486 AUGUSTINI
2908 1424 3001 1486 ἸΝ
3045 1423 3428 1499 PSALMOS,

1419 1569 1838 1629 CONTENTAM
1876 1568 1942 1625 IN
1981 1567 2259 1625 VETEBE
2297 1566 2542 1623 CODICE
2579 1566 3036 1635 COLBERTINO,

671 1710 768 1767 Cui
789 1711 948 1765 codici
974 1711 1284 1781 propylwum
1305 1750 1322 1776 ,
1351 1725 1562 1781 camera:
1590 1713 1754 1781 [arma
1777 1749 1792 1774 ,
1825 1706 1893 1760 ad
1925 1705 2130 1781 Dltvidis
2149 1706 2600 1781 __c_0tn_plectendunt
2632 1707 2902 1781 imaginem
2931 1707 3195 1781 appictuut
3237 1709 3542 1778 conspicitur
3563 1751 3577 1774 ,
3628 1721 3674 1762 et
3699 1711 3864 1764 inscri-

639 1789 745 1834 tnm
774 1782 853 1834 his
879 1781 945 1833 ad
974 1775 1214 1850 fornicem
1239 1775 1399 1852 verbis
1427 1775 1757 1852 .fLandulfus
1786 1793 1952 1832 ovans
1982 1779 2120 1852 hunc
2149 1775 2384 1852 libellum
2417 1777 2527 1830 ﬁeri
2555 1777 2749 1852 jussit,
2789 1792 2885 1847 pro
2918 1775 3024 1848 quo
3071 1777 3232 1833 funde
3274 1775 3458 1850 preces
3499 1782 3741 1835 carmina
3785 1783 3868 1852 qui

622 1852 734 1921 egis
756 1892 770 1918 ,
799 1862 893 1904 etc.
923 1847 984 1905 At
1011 1865 1123 1906 vero
1143 1852 1210 1906 ad
1235 1851 1471 1922 imaginis
1503 1849 1650 1921 pedes
1673 1865 1692 1902 :
1715 1847 1876 1904 Orate
1907 1863 2002 1918 pro
2022 1849 2250 1902 Annone
2275 1887 2290 1914 ,
2320 1847 2422 1902 hoc
2449 1849 2708 1917 supplico.

659 1986 845 2044 cantica
863 1983 1082 2033 Davidico
1097 1984 1332 2044 Christum
1355 1978 1645 2044 modulantia
1665 1980 1877 2044 plectro,

719 2043 977 2107 Explanata
999 2052 1138 2094 tenet
1154 2039 1350 2093 ﬂoridus
1367 2043 1459 2094 iste
1475 2041 1629 2107 liber;

660 2103 858 2175 Manil-na
879 2107 1135 2175 succinctis
1156 2117 1384 2175 reserans
1404 2103 1632 2175 mysteria
1653 2103 1848 2163 verbis,

722 2173 775 2215 Et
799 2168 1008 2228 proﬂuos
1022 2179 1198 2215 sensus
1217 2167 1310 2214 sub
1325 2162 1567 2228 brevitate
1589 2162 1812 2228 loquens.

659 2224 1114 2302 tlulic’Angustinus,
1135 2235 1236 2302 toto
1259 2224 1690 2302 venerabilisIorbe
1704 2258 1722 2287 ,

721 2284 954 2350 Egregius
977 2284 1167 2350 prtesnl.
1195 2288 1362 2350 doctor
1385 2284 1672 2350 apostolicus

721 2303 954 2397 egregius
977 2303 1167 2360 praesin,
1195 2303 1362 2337 uector
1385 2303 1672 2358 apostoncus

661 2355 710 2397 lu
730 2363 857 2412 popu
880 2365 920 2398 :s
942 2349 1078 2412 largo
1099 2349 1374 2412 dtll‘undens
1395 2347 1594 2412 ﬂumine
1616 2345 1822 2409 linguae,

723 2408 816 2459 'i‘er
837 2412 996 2472 quinis
1011 2408 1206 2460 decadis
1223 2409 1406 2471 grande
1425 2408 1616 2470 peregit
1632 2408 1753 2472 opus
1769 2421 1784 2472 ξ

660 2477 778 2520 Dum
791 2467 923 2533 cupit
941 2480 993 2521 et
1017 2478 1194 2533 tenues
1209 2467 1373 2520 rerum
1391 2467 1745 2533 comprendere
1767 2467 1968 2528 formas,

724 2539 776 2594 Et
799 2531 1013 2580 mentem
1037 2531 1195 2594 plebis
1217 2545 1334 2581 voce
1358 2543 1558 2594 movere
1579 2531 1672 2594 pia.

660 2593 750 2641 sed
770 2595 880 2656 quia
895 2606 1000 2642 rem
1023 2589 1189 2656 miram
1207 2599 1354 2656 atque
1369 2593 1498 2641 omni
1520 2589 1708 2640 ratione
1724 2589 1969 2640 salubrem
1985 2624 2001 2650 ,

723 2654 819 2702 Non
843 2667 1014 2702 omnes
1035 2654 1174 2714 avido
1195 2654 1350 2704 cordis
1371 2666 1536 2702 amore
1560 2658 1754 2714 petunt;

661 2719 808 2762 Immo
839 2716 985 2763 etiam
1007 2713 1172 2776 plures
1191 2727 1342 2764 censu
1358 2713 1612 2776 sensuque
1635 2713 1874 2770 minores,

720 2774 1088 2838 Haudquaquam
1111 2782 1266 2825 tantas
1286 2775 1477 2838 quimus
1497 2774 1682 2824 bibere
1703 2785 1876 2836 gazas:

2353 1985 2454 2028 Uno
2474 1986 2645 2045 cuncta
2662 1978 2808 2045 simul
2825 1978 2962 2029 libuit
2985 1981 3318 2045 perstringere
3340 1981 3483 2042 libro,

2414 2046 2468 2104 Et
2488 2041 2696 2104 modicas
2713 2041 2866 2090 undas
2887 2041 3084 2090 sumere.
3105 2041 3170 2091 de
3194 2041 3396 2104 pelago;

2353 2103 2533 2162 Saepius
2552 2109 2606 2165 ut
2622 2103 2839 2165 breviter
2863 2105 3011 2164 possit
3028 2115 3112 2165 res
3133 2110 3264 2153 tanta
3287 2103 3494 2165 revolvi,

2416 2170 2510 2211 Nec
2533 2164 2680 2211 nimio
2693 2163 2884 2225 sumptu
2907 2165 3013 2213 sive
3037 2163 3203 2214 labore
3226 2173 3416 2226 gravet.

2354 2229 2488 2272 Hunc
2507 2226 2882 2289 igitur,_l.ector,
2900 2238 3048 2275 sensu
3073 2239 3303 2289 percurre
3325 2227 3483 2289 sagaci
3496 2261 3515 2287 ,

2416 2290 2602 2347 litt-ape
2622 2287 2868 2336 sidereum
2886 2294 3050 2336 nectar
3065 2287 3129 2335 ab
3151 2300 3238 2336 ore
3259 2287 3400 2337 sacro
3412 2302 3424 2336 :

2353 2345 2482 2404 Quod
2501 2345 2698 2410 recreat
2717 2355 2928 2405 mentes,
2952 2347 3081 2410 quod
3103 2360 3266 2397 mores
3287 2349 3455 2397 format
3479 2355 3528 2398 et
3551 2358 3733 2409 ornat;

2417 2407 2548 2456 Unde
2571 2408 2775 2472 trahunt
2789 2410 2919 2458 vires
2939 2407 3074 2471 spes,
3096 2421 3228 2472 amor
3251 2417 3398 2472 atque
3421 2410 3557 2459 ﬁdes.

2354 2474 2465 2517 Nam
2487 2475 2616 2532 Deus
2636 2469 2712 2532 bic
2733 2469 2954 2532 clemens
2967 2469 3264 2519 reverendae
3278 2469 3505 2532 jn‘aasidet
3526 2484 3654 2523 arcae
3675 2505 3696 2531 ι

2414 2538 2527 2587 Quae
2547 2529 2721 2592 duplici
2747 2529 2904 2580 tabula
2925 2533 3032 2591 jura
3050 2544 3261 2592 superna
3277 2529 3446 2580 ienet:

2357 2597 2604 2655 Austeram
2627 2593 2810 2654 virgam
2828 2605 3012 2640 manna:
3034 2593 3291 2641 dulcedine
3314 2593 3514 2655 sedans,

2349 2667 2352 2672 ·
2418 2652 2722 2714 Propitioque
2743 2666 2890 2714 super
2913 2655 3109 2704 numine
3129 2660 3300 2704 cuncta
3324 2652 3540 2713 tegens:

2353 2712 2652 2774 Atque’duos'
2669 2714 2796 2763 inter
2804 2712 3106 2764 Cberubinos
3119 2729 3240 2765 voce
3263 2712 3515 2767 tremenda

2418 2779 2620 2834 intonat,
2646 2781 2699 2826 et
2718 2775 2869 2840 rapidi
2890 2775 3094 2839 fulguris
3109 2778 3225 2840 igne
3247 2777 3408 2827 micat.

999 2912 1707 2992 FRANCISCUS
1744 2911 2464 3004 PETBARCHA,
2507 2914 2825 2987 JOAN.
2889 2916 3478 3020 BOCCACIO,

1255 3070 1347 3127 DE
1385 3067 1753 3126 AUGUSTINI
1793 3067 1861 3124 IN
1897 3065 2206 3124 PSALMOS
2242 3067 2473 3127 OPERE
2510 3071 2640 3128 SIBI
2677 3071 3105 3131 TRANSHISSO
3143 3075 3240 3139 (α).

673 3205 848 3262 Beasti
874 3221 960 3262 me
989 3219 1212 3260 munere
1239 3203 1519 3272 magnifico
1543 3211 1594 3258 et
1625 3201 1840 3270 insigni.
1877 3200 1993 3256 Jam
2028 3200 2186 3272 Davi-

601 3277 779 3332 dicum
809 3277 1026 3347 pelagus
1051 3275 1289 3347 securior
1317 3271 1575 3342 navigabo
1617 3291 1629 3326 :
1661 3273 1856 3347 _vitabo
1901 3271 2181 3340 scopulos;

601 3363 776 3417 neque
801 3342 1084 3402 verberum
1130 3345 1611 3417 ﬂuetilnistneqne
1655 3342 1941 3417 fractarum
1971 3349 2189 3417 senten-

605 3411 800 3472 tiarum
822 3417 1099 3472 collisione
1126 3416 1384 3470 terrebor.
1408 3411 1652 3469 Solebam
1677 3412 1808 3482 ipsis
1834 3412 1968 3465 meis
1987 3411 2189 3466 viribus

603 3487 658 3542 in
687 3487 854 3541 altum
881 3488 996 3551 niti,
1030 3495 1083 3541 et
1117 3501 1258 3540 nunc
1297 3485 1452 3539 altius
1481 3481 1709 3537 brachia
1733 3481 2003 3552 jactando,
2051 3497 2190 3552 nunc

600 3572 783 3612 assere
826 3550 1040 3612 fortuito
1065 3557 1358 3620 subnixus,
1392 3570 1487 3624 per
1511 3550 1783 3608 obstantes
1824 3550 2189 3624 ﬂuctusifesso

607 3627 824 3697 ingenio
867 3629 1155 3682 laborare:
1204 3627 1274 3680 ita
1321 3623 1537 3697 quidem
1576 3633 1649 3697 ut,
1679 3637 1984 3697 stu-pecum
2031 3623 2190 3697 Petro

608 3693 776 3767 mergi
808 3698 1064 3766 incipiens
1090 3693 1464 3755 exclamarem,
1499 3693 1734 3767 D_oinine,
1774 3693 1970 3746 salvum
2005 3709 2084 3745 me
2109 3696 2191 3767 [uc

602 3763 819 3836 (Matth.
843 3763 950 3831 m‘,
976 3767 1066 3836 '50)
1089 3785 1101 3820 :
1125 3775 1179 3820 et
1202 3781 1345 3834 saepe
1367 3779 1488 3819 cum
1510 3763 1726 3836 Qbristo
1753 3777 1967 3817 manum
1989 3763 2190 3831 suppli-

603 3833 756 3894 cibus
781 3833 1085 3907 porrigente
1110 3833 1507 3907 consprgerem.
1540 3833 1820 3907 Hos_inter
1844 3842 2026 3907 aestus.
2058 3847 2189 3907 pup-

605 3891 718 3976 pitn
759 3891 814 3961 ιῖι
861 3891 992 3961 ιηίῖιί
1038 3891 1378 3977 praevalidam
1419 3913 1476 3960 et
1515 3903 1836 3977 nauclerum
1871 3891 2188 3977 industrium

608 3972 909 4044 destinasti,
931 3972 1095 4058 divini
1119 3975 1313 4058 ingenii
1337 3975 1690 4058 Augustinum
1715 3991 1728 4028 :
1753 3973 1905 4058 cujus
1924 3987 2059 4058 opus
2080 3972 2191 4058 imo

604 4063 848 4118 mensum
874 4041 904 4112 ,⁷
934 4046 1076 4118 quod
1107 4041 1262 4117 vulgo
1291 4055 1411 4118 tres
1427 4041 1478 4100 in
1511 4053 1688 4115 partes
1707 4084 1724 4110 ,
1749 4041 2187 4118 apud‘quosdam

603 4111 932 4188 plurifariam
953 4111 1225 4181 'divisum',
1265 4115 1446 4188 multis
1491 4111 1546 4188 et
1586 4111 1804 4184 magnis
1831 4111 2191 4188 voluminibus

603 4181 929 4250 eontinetur,
960 4197 1128 4242 t0tum
1176 4200 1285 4242 uno
1327 4185 1595 4242 volumine
1614 4181 2065 4254 comprehensum
2088 4181 2190 4252 (ὁ),

606 4267 663 4315 et
694 4272 723 4313 a
753 4267 803 4313 te
843 4258 972 4313 mihi
1005 4259 1372 4313 transmissum
1402 4256 1556 4310 laetus
1596 4253 1924 4324 stupensque
1952 4253 2186 4324 suscepi.

605 4327 677 4386 Et
704 4328 812 4383 dixi
859 4343 1088 4393 mecum,
1119 4327 1232 4383 Non
1277 4334 1361 4382 est
1389 4327 1594 4381 inertia:
1638 4321 1786 4379 locus
1817 4321 1904 4378 {si
1934 4321 2060 4393 quid
2091 4323 2186 4378 otii

605 4400 891 4470 supererit,
907 4399 1008 4454 iste
1024 4399 1291 4470 discutiat.
1311 4397 1528 4470 Magnus
1544 4396 1694 4470 adest
1714 4394 1906 4470 hospes
1924 4403 1977 4449 et
1995 4409 2186 4470 magno

605 4465 874 4540 curandus
902 4470 1154 4540 impedio.
1201 4465 1443 4540 Dormire
1471 4469 1593 4540 totis
1621 4465 1867 4540 noctibus
1890 4480 1999 4540 non
2025 4465 2187 4540 sinet.

609 4539 828 4595 Frustra
851 4535 1040 4608 jacetis
1069 4539 1242 4594 adhuc
1271 4538 1570 4606 conjunctis
1593 4537 1770 4594 oculis
1803 4555 1817 4593 :
1864 4535 2190 4608 vigilandum

608 4618 718 4675 est,
745 4607 1127 4663 lucubrandum
1158 4619 1262 4677 est.
1311 4608 1528 4662 Frustra
1553 4609 1784 4677 quietem
1813 4607 2189 4677 meditemini:

609 4677 959 4736 laborandum
1007 4687 1108 4733 est.
1155 4676 1354 4731 Verum
1401 4676 1584 4731 dicam
1623 4693 1638 4730 :
1686 4676 1854 4729 Nemo
1897 4691 1961 4729 ex
2009 4676 2195 4731 amicis

608 4748 758 4805 illum
787 4749 900 4804 sine
927 4747 1282 4802 admiratione
1309 4747 1562 4814 respexit,
1585 4746 1790 4800 cunctis
1812 4761 1914 4799 una
1934 4759 2067 4799 voce
2118 4755 2196 4800 te-

610 4819 894 4886 stantibus,
928 4833 1196 4887 nunquam
1225 4831 1284 4872 se
1324 4816 1513 4871 librum
1532 4816 1661 4870 tanti
1699 4816 1940 4887 corporis
1975 4815 2192 4887 vidisse.

608 4888 769 4960 Quod,
797 4885 978 4943 deme
1009 4885 1122 4960 ipse
1152 4887 1436 4960 proﬁteor,
1454 4901 1633 4941 rerum
1676 4886 1860 4940 talium
1893 4885 2031 4940 haud
2065 4886 2194 4940 ulti-

609 4973 729 5029 mus
759 4957 1044 5029 inquisitor
1066 4976 1078 5010 :
1112 4973 1211 5012 nec
1237 4958 1377 5029 mole
1401 4957 1722 5018 litterarum,
1754 4971 1910 5029 quam
1937 4971 2197 5012 sensuum

610 5027 871 5096 ubertate,
907 5029 1076 5098 majus
1105 5044 1260 5097 opus.
1292 5027 1583 5082 Monstrum
1617 5035 1699 5082 est
1721 5028 1978 5098 cogitare,
2014 5043 2193 5098 quan-

611 5108 698 5154 tus
740 5099 827 5154 ille
865 5099 956 5154 Vir
996 5097 1230 5169 ingenio.
1274 5109 1503 5169 quantus
1537 5097 1871 5169 studiorluit;
1920 5097 2060 5152 unde
2108 5099 2196 5153 ille

610 5169 787 5225 fervor
816 5168 1150 5240 impetusque
1177 5168 1449 5240 scribendi
1491 5177 1677 5222 sancto
1717 5168 1864 5240 Viro,
1897 5169 1984 5240 illa
2013 5184 2194 5240 rerum

607 5239 908 5294 divinarum
961 5239 1148 5294 notitia
1211 5239 1440 5294 terrenis
1489 5239 1580 5293 diu
1649 5239 1876 5308 primum
1928 5239 2195 5294 illecebris

609 5320 785 5380 capto,
813 5311 898 5365 illa
924 5310 1134 5380 demum
1163 5309 1404 5380 laborum
1436 5310 1684 5380 patientia
1713 5310 1848 5374 seni,
1874 5309 1998 5362 illud
2027 5311 2193 5364 otium

613 5381 887 5450 episcopo,
919 5379 1006 5434 illa
1048 5379 1270 5434 Romani
1315 5379 1510 5448 eloquii
1542 5379 1764 5450 facultas
1791 5380 1917 5434 Afro
1955 5381 2190 5446 homini;

612 5449 680 5522 de
724 5449 828 5520 quo
872 5452 1085 5522 proprie
1106 5450 1325 5522 Mdictum
1367 5459 1539 5518 putes,
1581 5449 1721 5518 quod
1767 5449 1887 5522 ipse
1919 5450 1987 5506 de
2016 5452 2191 5505 Marco

616 5518 1032 5576 Varrone'dixit
1057 5563 1071 5585 ,
1104 5519 1486 5590 Terentianum
1528 5529 1743 5575 secutus
1776 5518 1802 5574 ἰ
1829 5518 1954 5586 Vir,
2005 5521 2188 5590 inquit,

609 5592 932 5647 doctissimus
959 5591 1304 5662 undecumque
1340 5588 1529 5655 Varro,
1573 5591 1660 5662 qui
1697 5601 1798 5644 tam
1837 5592 1997 5646 multa
2037 5588 2191 5664 legit,

671 5751 745 5870 ξπ)
771 5757 912 5813 Fptst.
939 5751 1114 5800 variar.
1140 5747 1200 5797 22
1217 5746 1390 5814 velﬁi.

697 5811 744 5870 fi)
770 5812 895 5860 Istud
933 5814 1090 5870 ipsum
1127 5823 1254 5860 nunc
1292 5824 1340 5858 tn
1377 5810 1474 5858 duo
1515 5808 1561 5858 di

697 5811 744 5874 Ι»)
770 5808 895 5860 ls'tnd
933 5814 1090 5872 ipsum
1127 5823 1254 5860 nunc
1292 5808 1340 5858 in
1377 5810 1482 5874 duo
1515 5808 1724 5874 divisum
1757 5816 2032 5874 asservatur
2051 5810 2104 5874 i_n_
2122 5809 2193 5859 bi-

611 5870 849 5926 bliotltcca
875 5870 1033 5938 Regia.
1057 5874 1240 5937 Inspice
1263 5879 1370 5924 Mss.
1395 5870 1632 5935 Syllabutn
1654 5870 1774 5922 infra
1790 5907 1805 5932 ,
1844 5870 1938 5922 Col.
1959 5870 2127 5921 65-68.

2297 3211 2352 3257 ut
2380 3203 2574 3269 aliquid
2611 3208 2659 3261 ei
2689 3205 2903 3261 scribere
2942 3206 3192 3261 vacavisse
3215 3205 3486 3272 miremur;
3515 3214 3565 3264 et
3592 3207 3882 3264 tammulti!

2299 3275 2520 3348 scripsit,
2547 3292 2700 3348 quant
2724 3277 2883 3348 multa
2908 3278 2993 3331 via:
3017 3293 3312 3348 quemquam
3340 3279 3502 3348 legere
3530 3295 3680 3348 posse
3701 3279 3879 3333 creda-

2295 3358 2408 3398 mus
2437 3345 2532 3414 (a).
2565 3346 2672 3402 Sed
2725 3355 2782 3402 ut
2816 3347 2920 3402 alia
2974 3345 3214 3402 omittam
3244 3345 3484 3416 ejusdem
3530 3345 3739 3417 ingenii
3770 3363 3882 3403 mo-

2297 3426 2578 3488 numenta,
2610 3432 2704 3472 seu
2735 3433 2853 3487 quae
2893 3417 3059 3472 multa
3097 3426 3220 3471 sunt
3248 3418 3413 3482 mihi,
3446 3433 3540 3472 seu
3565 3420 3766 3488 quibus
3791 3418 3882 3472 ad-

2296 3483 2400 3539 huc
2443 3500 2640 3551 careo;
2692 3483 2767 3541 et’
2796 3502 3046 3550 rursum.
3101 3503 3194 3543 seu
3248 3503 3367 3556 qua:
3416 3483 3878 3543 Retraetationum

2294 3569 2508 3628 suarum
2542 3557 2688 3612 libris
2719 3559 2831 3626 ipse
2857 3558 2995 3612 idem
3023 3568 3404 3628 commemorat
3430 3573 3523 3612 seu
3551 3575 3673 3628 qua!
3701 3559 3774 3612 ibi
3802 3558 3881 3611 vel

2293 3625 2457 3699 oblita
2481 3625 2634 3693 forte,
2654 3625 3022 3699 vel’neglecta,
3049 3627 3132 3699 vel
3148 3626 3380 3699 nondum
3418 3625 3611 3695 scripta
3652 3638 3878 3699 pra-ter-

2297 3696 2389 3778 iit,
2431 3704 2590 3778 atque
2640 3696 3191 3778 omnia'relegendum
3222 3698 3327 3778 vita
3361 3699 3586 3752 humana
3609 3696 3701 3778 six
3731 3697 3883 3778 sutil-

2292 3766 2368 3836 cit
2396 3785 2410 3821 :
2438 3766 2558 3836 quis
2585 3783 2731 3834 eum,
2762 3769 2808 3822 si
2837 3766 3136 3822 niliil'aliud
3163 3768 3380 3836 egisset,
3414 3785 3576 3822 unum
3609 3769 3715 3823 hoc
3743 3769 3880 3823 scri-

2295 3835 2422 3891 bere
2458 3835 2695 3906 potuisse
2735 3852 2840 3892 non
2884 3839 3130 3906 stupeat?
3173 3835 3388 3894 Nullum
3435 3854 3597 3892 unum
3627 3849 3684 3892 et
3726 3840 3883 3891 unius

2291 3920 2429 3978 opus
2459 3907 2685 3978 hominis
2707 3908 2885 3963 latinis
2909 3909 3110 3963 editum
3138 3909 3348 3974 litteris,
3375 3910 3497 3963 huic
3526 3907 3883 3978 magnitudini

2293 3970 2675 4048 genferendum
2697 3978 2830 4044 scio,
2859 3979 2960 4033 nisi
2981 3978 3124 4033 forte
3149 3979 3220 4033 sit
3244 3970 3381 4034 alter
3398 3970 3643 4048 ejusdch
3670 3980 3807 4033 liber
3831 3980 3881 4031 in

2296 4046 2560 4116 Epistolas
2591 4049 2758 4120 Pauli,
2781 4049 2944 4120 quod,
2970 4049 3074 4104 nisi
3103 4048 3238 4104 fallit
3265 4046 3609 4120 existimatio,
3650 4049 3882 4104 frustm-

2295 4124 2482 4190 turque
2519 4118 2822 4190 memoria,
2851 4135 3014 4190 prope
3041 4120 3108 4174 ad
3145 4119 3387 4174 eamdem
3417 4121 3717 4175 litterarum
3746 4134 3881 4173 con-

2293 4188 2493 4256 geriem
2521 4188 2728 4242 videtur
2753 4188 3009 4246 accedere
3038 4208 3051 4246 :
3091 4192 3174 4244 vel
3211 4191 3316 4246 Titi
3345 4191 3474 4245 Livii
3509 4191 3872 4244 Romanarum

2297 4272 2474 4311 rerum
2509 4258 2644 4313 liber
2670 4260 2891 4331 ingens,
2933 4275 3092 4331 quem
3133 4261 3186 4316 in
3215 4271 3432 4331 partes,
3462 4276 3595 4329 quas
3641 4259 3885 4315 DCCJdCS

2293 4338 2504 4403 vocant,
2536 4344 2652 4403 non
2673 4329 2793 4403 ipse
2812 4332 2900 4399 qui
2925 4329 3157 4403 scripsit,
3174 4329 3270 4403 sed
3287 4330 3559 4403 fastidiosa
3587 4331 3883 4401 legentium

2295 4399 2452 4454 scidit
2481 4399 2709 4468 ignavia.
2752 4400 2886 4455 Huic
2925 4399 3306 4456 tali—amicitia:
3351 4399 3663 4462 unedono,
3687 4409 3887 4470 pra-ter

2295 4484 2416 4524 eam
2457 4486 2614 4542 quam
2647 4470 2837 4540 loquor
2876 4472 3325 4542 magnitudinem,
3357 4483 3411 4526 et
3451 4471 3571 4526 libri
3601 4470 3788 4533 decor,
3828 4478 3889 4542 et

2295 4540 2602 4597 vetustioris
2632 4541 2822 4596 litterte
2851 4540 3122 4610 maiestas.
3151 4552 3208 4596 et
3235 4541 3411 4596 omnis
3435 4542 3648 4597 sobrius
3673 4540 3886 4595 accedit

2296 4621 2552 4683 ornatus;
2579 4621 2638 4683 ut
2658 4627 2783 4667 cum
2802 4614 2986 4666 oculos
3013 4612 3085 4667 ibi
3107 4612 3267 4683 ﬁgere
3290 4613 3567 4682 ceperim,
3591 4612 3888 4683 siticulosa:

2299 4680 2558 4752 hirudinis
2593 4682 2645 4736 in
2669 4698 2874 4737 morem
2901 4680 3166 4752 nequeam
3185 4683 3284 4736 nisi
3306 4680 3494 4752 plenos
3519 4682 3780 4738 avellere.
3815 4681 3887 4735 Ita

2299 4751 2428 4822 milii
2462 4768 2604 4822 sa-pe
2626 4752 2741 4807 dies
2772 4751 3074 4822 impransus
3100 4751 3509 4822 praeterlabitur,
3536 4768 3642 4807 nox
3675 4754 3887 4822 insom-

2299 4821 2382 4876 nis
2412 4839 2425 4874 :
2454 4823 2506 4876 in
2535 4821 2640 4891 quo
2659 4821 2873 4894 quidem
2901 4821 3238 4894 delectationi
3265 4839 3417 4886 mete,
3445 4838 3603 4894 quam
3629 4823 3747 4894 jam
3775 4821 3889 4894 fere

2299 4893 2532 4956 unicam,
2583 4908 2680 4964 nec
2725 4892 2826 4948 nisi
2872 4908 2938 4948 ex
2987 4893 3282 4948 litterarum
3330 4892 3556 4948 lectione
3599 4893 3888 4964 percipio,

2299 4972 2553 5031 quantum
2583 4963 2683 5019 hac
2723 4973 2814 5018 tua
2853 4963 3169 5019 liberalitate
3195 4965 3265 5019 sit
3291 4965 3553 5031 additum,
3587 4961 3696 5018 non
3729 4961 3892 5018 facile

2298 5033 2486 5105 vulgus
2511 5035 2798 5100 existimet,
2821 5035 2904 5089 cui
2926 5046 3073 5105 extra
3097 5049 3384 5105 corporeus
3404 5049 3594 5090 sensus
3615 5033 3774 5105 nulla,
3791 5047 3891 5105 vo:

2299 5102 2475 5176 luptas
2500 5115 2577 5176 est
2623 5123 2635 5158 :
2681 5113 2738 5160 tu
2765 5120 2892 5160 vero
2930 5102 3222 5176 perfacile;
3251 5121 3424 5176 neque
3450 5105 3723 5176 mirabere
3764 5102 3891 5158 libri

2303 5174 2458 5244 hujus
2476 5175 2764 5231 adventum
2791 5191 2876 5230 me
2897 5175 3138 5232 sitienter
3160 5184 3318 5244 atque
3338 5174 3494 5230 enxie
3515 5184 3886 5243 exspectasse.

2301 5245 2416 5300 Scis
2442 5255 2502 5316 ut
2529 5247 2806 5314 cupiditati
2835 5247 2987 5316 longa
3016 5247 3266 5312 brevitas,
3295 5245 3564 5302 festinatio
3595 5244 3751 5298 tarda
3785 5251 3892 5300 est.

2299 5315 2450 5384 Quod
2479 5317 2522 5370 si
2549 5318 2685 5386 apud
2718 5315 2978 5372 Nasonem
3006 5317 3234 5370 amantis
3263 5317 3430 5371 insani
3457 5316 3678 5371 verbum
3708 5325 3820 5382 est,

2400 5387 2654 5450 (septima
2676 5401 2771 5436 nox
2788 5388 2964 5449 agitur,
2987 5387 3194 5450 spatium
3216 5387 3330 5436 mihi
3350 5386 3542 5450 longius
3562 5396 3712 5450 anno.
3733 5401 3760 5428 ι

2298 5448 2441 5519 quod
2473 5447 2603 5503 mibi
2647 5447 3038 5522 vismn—putas,
3066 5449 3154 5504 cui
3182 5449 3320 5504 inter
3343 5447 3771 5522 exspectandum
3794 5489 3810 5516 ,
3841 5455 3902 5501 ut

2299 5518 2365 5575 ex
2394 5535 2618 5590 persona
2643 5519 2862 5574 alterius
2890 5518 2963 5572 ait
2990 5519 3153 5585 idem,

2399 5628 2423 5659 ι
2442 5617 2568 5662 Luna
2589 5617 2763 5675 quater
2788 5609 2942 5672 latuit,
2961 5616 3062 5675 toto
3077 5618 3258 5675 quater
3278 5612 3398 5675 orbe
3423 5611 3638 5675 recrevit
3655 5608 3683 5660 ?
3705 5627 3730 5654 ι

2981 5670 3138 5734 (avid.
3162 5673 3379 5735 Heroid.,
3402 5673 3540 5737 epist.
3567 5670 3638 5734 2.)

2297 5755 2444 5814 Solet
2472 5755 2694 5811 honesta
2721 5755 3049 5825 cupientium
3082 5756 3293 5813 ﬂamma
3321 5757 3562 5814 serenior
3592 5769 3742 5822 esse,
3777 5765 3898 5808 non

2360 5867 2433 5931 (tt)
2459 5867 2556 5919 tib.
2580 5866 2704 5920 vide
2725 5867 2863 5919 Civlt.
2887 5869 2990 5930 Dei,
3010 5881 3114 5931 cap.
3135 5867 3185 5919 3.
