  <div class='ocr_page' id='page_1' title='image "/cluster/home/n/w/nwhite01/storage/ocr_20150623/36/hvd.32044015471469/039.png"; bbox 0 0 4042 6472; ppageno 0'>
   <div class='ocr_carea' id='block_1_1' title="bbox 605 400 3871 467">
    <p class='ocr_par' dir='ltr' id='par_1_1' title="bbox 605 400 3871 467">
     <span class='ocr_line' id='line_1_1' title="bbox 605 400 3871 467; baseline -0.001 -1"><span class='ocrx_word' id='word_1_1' title='bbox 605 400 3871 467; x_wconf 56' lang='lat' dir='ltr'><em>W</em></span> 
     </span>
    </p>
   </div>
   <div class='ocr_carea' id='block_1_2' title="bbox 1773 519 2829 604">
    <p class='ocr_par' dir='ltr' id='par_1_2' title="bbox 1773 519 2829 604">
     <span class='ocr_line' id='line_1_2' title="bbox 1773 519 2829 604; baseline -0.007 -1"><span class='ocrx_word' id='word_1_2' title='bbox 1773 519 2185 604; x_wconf 80' lang='lat' dir='ltr'><strong>SANCTI</strong></span> <span class='ocrx_word' id='word_1_3' title='bbox 2260 521 2740 599; x_wconf 78' lang='lat' dir='ltr'><strong>AU&#39;BELII</strong></span> <span class='ocrx_word' id='word_1_4' title='bbox 2825 561 2829 564; x_wconf 55' lang='grc' dir='ltr'>ί</span> 
     </span>
    </p>
   </div>
   <div class='ocr_carea' id='block_1_3' title="bbox 1589 696 2884 886">
    <p class='ocr_par' dir='ltr' id='par_1_3' title="bbox 1589 696 2884 886">
     <span class='ocr_line' id='line_1_3' title="bbox 1589 696 2884 886; baseline -0.007 -23"><span class='ocrx_word' id='word_1_5' title='bbox 1589 696 2884 886; x_wconf 79' lang='lat' dir='ltr'><strong>AUGUSTINI</strong></span> 
     </span>
    </p>
   </div>
   <div class='ocr_carea' id='block_1_4' title="bbox 1785 967 3356 1034">
    <p class='ocr_par' dir='ltr' id='par_1_4' title="bbox 1785 967 3356 1034">
     <span class='ocr_line' id='line_1_4' title="bbox 1785 967 3356 1034; baseline -0.001 -1"><span class='ocrx_word' id='word_1_6' title='bbox 1785 967 2300 1034; x_wconf 83' lang='lat' dir='ltr'><strong>HIPPONENSIS</strong></span> <span class='ocrx_word' id='word_1_7' title='bbox 2339 967 2691 1032; x_wconf 86' lang='lat' dir='ltr'><strong>EPISCOPI</strong></span> <span class='ocrx_word' id='word_1_8' title='bbox 3353 979 3356 982; x_wconf 82' lang='grc'><strong>’</strong></span> 
     </span>
    </p>
   </div>
   <div class='ocr_carea' id='block_1_5' title="bbox 775 1116 3692 1360">
    <p class='ocr_par' dir='ltr' id='par_1_5' title="bbox 775 1116 3692 1360">
     <span class='ocr_line' id='line_1_5' title="bbox 775 1116 3692 1360; baseline -0.005 -73"><span class='ocrx_word' id='word_1_9' title='bbox 775 1116 2338 1286; x_wconf 82' lang='lat' dir='ltr'><strong>ENARRATIONES</strong></span> <span class='ocrx_word' id='word_1_10' title='bbox 2423 1123 2629 1270; x_wconf 87' lang='lat' dir='ltr'><strong>IN</strong></span> <span class='ocrx_word' id='word_1_11' title='bbox 2700 1123 3692 1360; x_wconf 84' lang='lat' dir='ltr'><strong>PSALMOS.</strong></span> 
     </span>
    </p>
   </div>
   <div class='ocr_carea' id='block_1_6' title="bbox 1691 1476 2781 1547">
    <p class='ocr_par' dir='ltr' id='par_1_6' title="bbox 1691 1476 2781 1547">
     <span class='ocr_line' id='line_1_6' title="bbox 1691 1476 2781 1547; baseline -0.006 0"><span class='ocrx_word' id='word_1_12' title='bbox 1691 1481 1984 1547; x_wconf 80' lang='lat' dir='ltr'><strong>PSALMI</strong></span> <span class='ocrx_word' id='word_1_13' title='bbox 2027 1476 2249 1542; x_wconf 81' lang='lat' dir='ltr'><strong>PRIMI</strong></span> <span class='ocrx_word' id='word_1_14' title='bbox 2291 1477 2781 1542; x_wconf 83' lang='lat' dir='ltr'><strong>ENARBATIO.</strong></span> 
     </span>
    </p>
   </div>
   <div class='ocr_carea' id='block_1_7' title="bbox 669 1622 2186 1712">
    <p class='ocr_par' dir='ltr' id='par_1_7' title="bbox 669 1622 2186 1712">
     <span class='ocr_line' id='line_1_7' title="bbox 669 1622 2186 1712; baseline -0.013 -18"><span class='ocrx_word' id='word_1_15' title='bbox 669 1639 722 1694; x_wconf 75' lang='grc'><strong>1.</strong></span> <span class='ocrx_word' id='word_1_16' title='bbox 738 1637 888 1712; x_wconf 71' lang='lat' dir='ltr'><strong>(vers.</strong></span> <span class='ocrx_word' id='word_1_17' title='bbox 912 1634 990 1709; x_wconf 73' lang='grc'><strong>1.]</strong></span> <span class='ocrx_word' id='word_1_18' title='bbox 1021 1633 1206 1690; x_wconf 88' lang='lat' dir='ltr'><strong>Beatus</strong></span> <span class='ocrx_word' id='word_1_19' title='bbox 1219 1632 1295 1688; x_wconf 77' lang='lat' dir='ltr'><strong>vir</strong></span> <span class='ocrx_word' id='word_1_20' title='bbox 1315 1631 1401 1703; x_wconf 90' lang='lat' dir='ltr'><strong>qui</strong></span> <span class='ocrx_word' id='word_1_21' title='bbox 1425 1646 1526 1685; x_wconf 89' lang='lat' dir='ltr'><strong>non</strong></span> <span class='ocrx_word' id='word_1_22' title='bbox 1553 1629 1674 1683; x_wconf 88' lang='lat' dir='ltr'><strong>abiit</strong></span> <span class='ocrx_word' id='word_1_23' title='bbox 1698 1628 1751 1682; x_wconf 91' lang='lat' dir='ltr'><strong>in</strong></span> <span class='ocrx_word' id='word_1_24' title='bbox 1771 1627 1979 1681; x_wconf 88' lang='lat' dir='ltr'><strong>consilio</strong></span> <span class='ocrx_word' id='word_1_25' title='bbox 2003 1622 2186 1693; x_wconf 86' lang='lat' dir='ltr'><strong>impio-</strong></span> 
     </span>
    </p>
   </div>
   <div class='ocr_carea' id='block_1_8' title="bbox 597 1713 2185 1785">
    <p class='ocr_par' dir='ltr' id='par_1_8' title="bbox 597 1713 2185 1785">
     <span class='ocr_line' id='line_1_8' title="bbox 597 1713 2185 1785; baseline -0.012 0"><span class='ocrx_word' id='word_1_26' title='bbox 597 1747 710 1785; x_wconf 88' lang='lat' dir='ltr'><strong>rum</strong></span> <span class='ocrx_word' id='word_1_27' title='bbox 738 1743 759 1784; x_wconf 89' lang='lat'><strong><em>:</em></strong></span> <span class='ocrx_word' id='word_1_28' title='bbox 785 1729 852 1784; x_wconf 88' lang='lat' dir='ltr'><strong>de</strong></span> <span class='ocrx_word' id='word_1_29' title='bbox 877 1727 1104 1783; x_wconf 90' lang='lat' dir='ltr'><strong>Domino</strong></span> <span class='ocrx_word' id='word_1_30' title='bbox 1131 1732 1318 1780; x_wconf 85' lang='lat' dir='ltr'><strong>nostro</strong></span> <span class='ocrx_word' id='word_1_31' title='bbox 1340 1721 1466 1778; x_wconf 85' lang='lat' dir='ltr'><strong>Jesu</strong></span> <span class='ocrx_word' id='word_1_32' title='bbox 1491 1719 1722 1784; x_wconf 78' lang='lat' dir='ltr'><strong>Christo,</strong></span> <span class='ocrx_word' id='word_1_33' title='bbox 1747 1718 1851 1774; x_wconf 92' lang='lat' dir='ltr'><strong>hoc</strong></span> <span class='ocrx_word' id='word_1_34' title='bbox 1897 1725 1982 1772; x_wconf 91' lang='lat' dir='ltr'><strong>est</strong></span> <span class='ocrx_word' id='word_1_35' title='bbox 2009 1713 2185 1768; x_wconf 90' lang='lat' dir='ltr'><strong>homi-</strong></span> 
     </span>
    </p>
   </div>
   <div class='ocr_carea' id='block_1_9' title="bbox 600 1807 2187 1892">
    <p class='ocr_par' dir='ltr' id='par_1_9' title="bbox 600 1807 2187 1892">
     <span class='ocr_line' id='line_1_9' title="bbox 600 1807 2187 1892; baseline -0.01 -16"><span class='ocrx_word' id='word_1_36' title='bbox 600 1837 670 1878; x_wconf 87' lang='lat' dir='ltr'><strong>ne</strong></span> <span class='ocrx_word' id='word_1_37' title='bbox 719 1821 999 1877; x_wconf 90' lang='lat' dir='ltr'><strong>Dominico</strong></span> <span class='ocrx_word' id='word_1_38' title='bbox 1024 1816 1120 1892; x_wconf 90' lang='lat' dir='ltr'><strong>(a),</strong></span> <span class='ocrx_word' id='word_1_39' title='bbox 1149 1813 1519 1886; x_wconf 87' lang='lat' dir='ltr'><strong>accipiendum</strong></span> <span class='ocrx_word' id='word_1_40' title='bbox 1550 1820 1652 1868; x_wconf 90' lang='lat' dir='ltr'><strong>est.</strong></span> <span class='ocrx_word' id='word_1_41' title='bbox 1682 1810 1866 1866; x_wconf 89' lang='lat' dir='ltr'><strong>Beatus</strong></span> <span class='ocrx_word' id='word_1_42' title='bbox 1885 1809 1960 1864; x_wconf 84' lang='lat' dir='ltr'><strong>vir</strong></span> <span class='ocrx_word' id='word_1_43' title='bbox 1983 1807 2067 1878; x_wconf 90' lang='lat' dir='ltr'><strong>qui</strong></span> <span class='ocrx_word' id='word_1_44' title='bbox 2084 1822 2187 1861; x_wconf 89' lang='lat' dir='ltr'><strong>non</strong></span> 
     </span>
    </p>
   </div>
   <div class='ocr_carea' id='block_1_10' title="bbox 597 1898 2186 1982">
    <p class='ocr_par' dir='ltr' id='par_1_10' title="bbox 597 1898 2186 1982">
     <span class='ocr_line' id='line_1_10' title="bbox 597 1898 2186 1982; baseline -0.01 -12"><span class='ocrx_word' id='word_1_45' title='bbox 597 1917 720 1970; x_wconf 84' lang='lat' dir='ltr'><strong>abiit</strong></span> <span class='ocrx_word' id='word_1_46' title='bbox 752 1916 806 1968; x_wconf 87' lang='lat' dir='ltr'><strong>in</strong></span> <span class='ocrx_word' id='word_1_47' title='bbox 841 1914 1052 1969; x_wconf 85' lang='lat' dir='ltr'><strong>consitio</strong></span> <span class='ocrx_word' id='word_1_48' title='bbox 1088 1911 1360 1982; x_wconf 87' lang='lat' dir='ltr'><strong>impiorum</strong></span> <span class='ocrx_word' id='word_1_49' title='bbox 1385 1925 1405 1964; x_wconf 88' lang='lat'><strong><em>:</em></strong></span> <span class='ocrx_word' id='word_1_50' title='bbox 1435 1909 1574 1964; x_wconf 89' lang='lat' dir='ltr'><strong>sicut</strong></span> <span class='ocrx_word' id='word_1_51' title='bbox 1611 1906 1771 1961; x_wconf 85' lang='lat' dir='ltr'><strong>homo</strong></span> <span class='ocrx_word' id='word_1_52' title='bbox 1814 1913 2059 1960; x_wconf 89' lang='lat' dir='ltr'><strong>terrenus</strong></span> <span class='ocrx_word' id='word_1_53' title='bbox 2095 1898 2186 1971; x_wconf 85' lang='lat' dir='ltr'><strong>qui</strong></span> 
     </span>
    </p>
   </div>
   <div class='ocr_carea' id='block_1_11' title="bbox 597 1994 2186 2073">
    <p class='ocr_par' dir='ltr' id='par_1_11' title="bbox 597 1994 2186 2073">
     <span class='ocr_line' id='line_1_11' title="bbox 597 1994 2186 2073; baseline -0.01 -10"><span class='ocrx_word' id='word_1_54' title='bbox 597 2009 750 2064; x_wconf 74' lang='lat' dir='ltr'><strong>uxori</strong></span> <span class='ocrx_word' id='word_1_55' title='bbox 777 2004 1050 2062; x_wconf 89' lang='lat' dir='ltr'><strong>consensit</strong></span> <span class='ocrx_word' id='word_1_56' title='bbox 1076 2002 1314 2073; x_wconf 70' lang='lat' dir='ltr'><strong>decepta:</strong></span> <span class='ocrx_word' id='word_1_57' title='bbox 1353 2015 1384 2055; x_wconf 92' lang='lat' dir='ltr'><strong>a</strong></span> <span class='ocrx_word' id='word_1_58' title='bbox 1415 2007 1685 2070; x_wconf 78' lang='lat' dir='ltr'><strong>serpente,</strong></span> <span class='ocrx_word' id='word_1_59' title='bbox 1714 2006 1777 2052; x_wconf 84' lang='lat' dir='ltr'><strong>ut</strong></span> <span class='ocrx_word' id='word_1_60' title='bbox 1801 1994 1895 2051; x_wconf 86' lang='lat' dir='ltr'><strong>Dei</strong></span> <span class='ocrx_word' id='word_1_61' title='bbox 1920 2001 2186 2066; x_wconf 63' lang='lat' dir='ltr'><strong>praecepta</strong></span> 
     </span>
    </p>
   </div>
   <div class='ocr_carea' id='block_1_12' title="bbox 598 2082 2190 2168">
    <p class='ocr_par' dir='ltr' id='par_1_12' title="bbox 598 2082 2190 2168">
     <span class='ocr_line' id='line_1_12' title="bbox 598 2082 2190 2168; baseline -0.009 -16"><span class='ocrx_word' id='word_1_62' title='bbox 598 2096 918 2168; x_wconf 64' lang='lat' dir='ltr'><strong>praeteriret.</strong></span> <span class='ocrx_word' id='word_1_63' title='bbox 943 2092 1012 2148; x_wconf 83' lang='lat' dir='ltr'><strong>Et</strong></span> <span class='ocrx_word' id='word_1_64' title='bbox 1038 2095 1092 2147; x_wconf 88' lang='lat' dir='ltr'><strong>in</strong></span> <span class='ocrx_word' id='word_1_65' title='bbox 1120 2093 1200 2147; x_wconf 83' lang='lat' dir='ltr'><strong>via</strong></span> <span class='ocrx_word' id='word_1_66' title='bbox 1226 2099 1544 2164; x_wconf 75' lang='lat' dir='ltr'><strong>peccatorum</strong></span> <span class='ocrx_word' id='word_1_67' title='bbox 1567 2105 1668 2144; x_wconf 88' lang='lat' dir='ltr'><strong>non</strong></span> <span class='ocrx_word' id='word_1_68' title='bbox 1689 2087 1823 2143; x_wconf 91' lang='lat' dir='ltr'><strong>stetit</strong></span> <span class='ocrx_word' id='word_1_69' title='bbox 1853 2101 1873 2142; x_wconf 91' lang='lat'><strong><em>:</em></strong></span> <span class='ocrx_word' id='word_1_70' title='bbox 1901 2087 2023 2157; x_wconf 86' lang='lat' dir='ltr'><strong>quia</strong></span> <span class='ocrx_word' id='word_1_71' title='bbox 2042 2082 2190 2140; x_wconf 80' lang='lat' dir='ltr'><strong>venit</strong></span> 
     </span>
    </p>
   </div>
   <div class='ocr_carea' id='block_1_13' title="bbox 598 2179 2186 2258">
    <p class='ocr_par' dir='ltr' id='par_1_13' title="bbox 598 2179 2186 2258">
     <span class='ocr_line' id='line_1_13' title="bbox 598 2179 2186 2258; baseline -0.006 -19"><span class='ocrx_word' id='word_1_72' title='bbox 598 2186 811 2258; x_wconf 88' lang='lat' dir='ltr'><strong>quidem</strong></span> <span class='ocrx_word' id='word_1_73' title='bbox 855 2185 907 2240; x_wconf 89' lang='lat' dir='ltr'><strong>in</strong></span> <span class='ocrx_word' id='word_1_74' title='bbox 945 2185 1028 2240; x_wconf 91' lang='lat' dir='ltr'><strong>via</strong></span> <span class='ocrx_word' id='word_1_75' title='bbox 1066 2191 1426 2254; x_wconf 84' lang='lat' dir='ltr'><strong>peccatorum,</strong></span> <span class='ocrx_word' id='word_1_76' title='bbox 1466 2179 1737 2236; x_wconf 86' lang='lat' dir='ltr'><strong>nascendo</strong></span> <span class='ocrx_word' id='word_1_77' title='bbox 1761 2179 1898 2234; x_wconf 87' lang='lat' dir='ltr'><strong>sicut</strong></span> <span class='ocrx_word' id='word_1_78' title='bbox 1935 2185 2186 2246; x_wconf 87' lang='lat' dir='ltr'><strong>peccato-</strong></span> 
     </span>
    </p>
   </div>
   <div class='ocr_carea' id='block_1_14' title="bbox 599 2267 2188 2344">
    <p class='ocr_par' dir='ltr' id='par_1_14' title="bbox 599 2267 2188 2344">
     <span class='ocr_line' id='line_1_14' title="bbox 599 2267 2188 2344; baseline -0.006 -13"><span class='ocrx_word' id='word_1_79' title='bbox 599 2291 718 2341; x_wconf 88' lang='lat' dir='ltr'><strong>res;</strong></span> <span class='ocrx_word' id='word_1_80' title='bbox 765 2275 861 2331; x_wconf 89' lang='lat' dir='ltr'><strong>scd</strong></span> <span class='ocrx_word' id='word_1_81' title='bbox 904 2291 1011 2330; x_wconf 92' lang='lat' dir='ltr'><strong>non</strong></span> <span class='ocrx_word' id='word_1_82' title='bbox 1051 2275 1217 2342; x_wconf 88' lang='lat' dir='ltr'><strong>stetit,</strong></span> <span class='ocrx_word' id='word_1_83' title='bbox 1265 2274 1389 2344; x_wconf 83' lang='lat' dir='ltr'><strong>quia</strong></span> <span class='ocrx_word' id='word_1_84' title='bbox 1436 2287 1560 2329; x_wconf 89' lang='lat' dir='ltr'><strong>cum</strong></span> <span class='ocrx_word' id='word_1_85' title='bbox 1606 2286 1712 2326; x_wconf 91' lang='lat' dir='ltr'><strong>non</strong></span> <span class='ocrx_word' id='word_1_86' title='bbox 1741 2269 1910 2325; x_wconf 85' lang='lat' dir='ltr'><strong>tenuit</strong></span> <span class='ocrx_word' id='word_1_87' title='bbox 1937 2267 2188 2324; x_wconf 88' lang='lat' dir='ltr'><strong>illecebra</strong></span> 
     </span>
    </p>
   </div>
   <div class='ocr_carea' id='block_1_15' title="bbox 599 2360 2190 2439">
    <p class='ocr_par' dir='ltr' id='par_1_15' title="bbox 599 2360 2190 2439">
     <span class='ocr_line' id='line_1_15' title="bbox 599 2360 2190 2439; baseline -0.005 -15"><span class='ocrx_word' id='word_1_88' title='bbox 599 2367 888 2424; x_wconf 68' lang='lat' dir='ltr'><strong>smenlaris.</strong></span> <span class='ocrx_word' id='word_1_89' title='bbox 924 2366 992 2421; x_wconf 86' lang='lat' dir='ltr'><strong>Et</strong></span> <span class='ocrx_word' id='word_1_90' title='bbox 1020 2367 1074 2422; x_wconf 87' lang='lat' dir='ltr'><strong>in</strong></span> <span class='ocrx_word' id='word_1_91' title='bbox 1103 2367 1346 2421; x_wconf 79' lang='lat' dir='ltr'><strong>cathedra</strong></span> <span class='ocrx_word' id='word_1_92' title='bbox 1371 2364 1667 2439; x_wconf 69' lang='lat' dir='ltr'><strong>pestilentia</strong></span> <span class='ocrx_word' id='word_1_93' title='bbox 1694 2380 1797 2418; x_wconf 90' lang='lat' dir='ltr'><strong>non</strong></span> <span class='ocrx_word' id='word_1_94' title='bbox 1819 2363 1990 2418; x_wconf 89' lang='lat' dir='ltr'><strong>sedit:</strong></span> <span class='ocrx_word' id='word_1_95' title='bbox 2018 2360 2190 2416; x_wconf 80' lang='lat' dir='ltr'><strong>noluit</strong></span> 
     </span>
    </p>
   </div>
   <div class='ocr_carea' id='block_1_16' title="bbox 600 2453 2186 2532">
    <p class='ocr_par' dir='ltr' id='par_1_16' title="bbox 600 2453 2186 2532">
     <span class='ocr_line' id='line_1_16' title="bbox 600 2453 2186 2532; baseline -0.004 -17"><span class='ocrx_word' id='word_1_96' title='bbox 600 2477 820 2532; x_wconf 78' lang='lat' dir='ltr'><strong>regnum</strong></span> <span class='ocrx_word' id='word_1_97' title='bbox 852 2470 1120 2516; x_wconf 88' lang='lat' dir='ltr'><strong>terrenum</strong></span> <span class='ocrx_word' id='word_1_98' title='bbox 1159 2475 1279 2516; x_wconf 89' lang='lat' dir='ltr'><strong>cum</strong></span> <span class='ocrx_word' id='word_1_99' title='bbox 1319 2457 1597 2529; x_wconf 86' lang='lat' dir='ltr'><strong>superbia;</strong></span> <span class='ocrx_word' id='word_1_100' title='bbox 1639 2472 1758 2528; x_wconf 77' lang='lat' dir='ltr'><strong>qua:</strong></span> <span class='ocrx_word' id='word_1_101' title='bbox 1784 2456 1905 2511; x_wconf 91' lang='lat' dir='ltr'><strong>ideo</strong></span> <span class='ocrx_word' id='word_1_102' title='bbox 1933 2453 2186 2510; x_wconf 84' lang='lat' dir='ltr'><strong>cathedra</strong></span> 
     </span>
    </p>
   </div>
   <div class='ocr_carea' id='block_1_17' title="bbox 599 2546 2188 2622">
    <p class='ocr_par' dir='ltr' id='par_1_17' title="bbox 599 2546 2188 2622">
     <span class='ocr_line' id='line_1_17' title="bbox 599 2546 2188 2622; baseline -0.004 -16"><span class='ocrx_word' id='word_1_103' title='bbox 599 2551 915 2622; x_wconf 63' lang='lat' dir='ltr'><strong>pestilentia:</strong></span> <span class='ocrx_word' id='word_1_104' title='bbox 949 2559 1094 2606; x_wconf 90' lang='lat' dir='ltr'><strong>recte</strong></span> <span class='ocrx_word' id='word_1_105' title='bbox 1127 2549 1456 2621; x_wconf 80' lang='lat' dir='ltr'><strong>intelligitur,</strong></span> <span class='ocrx_word' id='word_1_106' title='bbox 1486 2549 1608 2620; x_wconf 88' lang='lat' dir='ltr'><strong>quia</strong></span> <span class='ocrx_word' id='word_1_107' title='bbox 1636 2563 1742 2603; x_wconf 93' lang='lat' dir='ltr'><strong>non</strong></span> <span class='ocrx_word' id='word_1_108' title='bbox 1772 2546 1884 2602; x_wconf 83' lang='lat' dir='ltr'><strong>fere</strong></span> <span class='ocrx_word' id='word_1_109' title='bbox 1909 2547 2188 2617; x_wconf 83' lang='lat' dir='ltr'><strong>quisquam</strong></span> 
     </span>
    </p>
   </div>
   <div class='ocr_carea' id='block_1_18' title="bbox 598 2637 2188 2715">
    <p class='ocr_par' dir='ltr' id='par_1_18' title="bbox 598 2637 2188 2715">
     <span class='ocr_line' id='line_1_18' title="bbox 598 2637 2188 2715; baseline -0.004 -15"><span class='ocrx_word' id='word_1_110' title='bbox 598 2653 683 2700; x_wconf 90' lang='lat' dir='ltr'><strong>est</strong></span> <span class='ocrx_word' id='word_1_111' title='bbox 720 2643 808 2715; x_wconf 91' lang='lat' dir='ltr'><strong>qui</strong></span> <span class='ocrx_word' id='word_1_112' title='bbox 856 2652 1036 2698; x_wconf 88' lang='lat' dir='ltr'><strong>careat</strong></span> <span class='ocrx_word' id='word_1_113' title='bbox 1077 2657 1260 2698; x_wconf 88' lang='lat' dir='ltr'><strong>amore</strong></span> <span class='ocrx_word' id='word_1_114' title='bbox 1305 2640 1612 2698; x_wconf 86' lang='lat' dir='ltr'><strong>dominandi</strong></span> <span class='ocrx_word' id='word_1_115' title='bbox 1655 2648 1709 2696; x_wconf 90' lang='lat' dir='ltr'><strong>et</strong></span> <span class='ocrx_word' id='word_1_116' title='bbox 1745 2637 2030 2695; x_wconf 84' lang='lat' dir='ltr'><strong>humanam</strong></span> <span class='ocrx_word' id='word_1_117' title='bbox 2081 2654 2188 2694; x_wconf 90' lang='lat' dir='ltr'><strong>non</strong></span> 
     </span>
    </p>
   </div>
   <div class='ocr_carea' id='block_1_19' title="bbox 599 2731 2192 2807">
    <p class='ocr_par' dir='ltr' id='par_1_19' title="bbox 599 2731 2192 2807">
     <span class='ocr_line' id='line_1_19' title="bbox 599 2731 2192 2807; baseline -0.003 -17"><span class='ocrx_word' id='word_1_118' title='bbox 599 2743 814 2806; x_wconf 87' lang='lat' dir='ltr'><strong>appetat</strong></span> <span class='ocrx_word' id='word_1_119' title='bbox 838 2735 1095 2807; x_wconf 91' lang='lat' dir='ltr'><strong>gloriam;</strong></span> <span class='ocrx_word' id='word_1_120' title='bbox 1119 2733 1423 2805; x_wconf 82' lang='lat' dir='ltr'><strong>pestilentia</strong></span> <span class='ocrx_word' id='word_1_121' title='bbox 1439 2740 1523 2788; x_wconf 90' lang='lat' dir='ltr'><strong>est</strong></span> <span class='ocrx_word' id='word_1_122' title='bbox 1547 2732 1690 2788; x_wconf 87' lang='lat' dir='ltr'><strong>enim</strong></span> <span class='ocrx_word' id='word_1_123' title='bbox 1711 2731 1932 2786; x_wconf 90' lang='lat' dir='ltr'><strong>morbus</strong></span> <span class='ocrx_word' id='word_1_124' title='bbox 1943 2731 2051 2787; x_wconf 82' lang='lat' dir='ltr'><strong>late</strong></span> <span class='ocrx_word' id='word_1_125' title='bbox 2074 2746 2192 2804; x_wconf 85' lang='lat' dir='ltr'><strong>per-</strong></span> 
     </span>
    </p>
   </div>
   <div class='ocr_carea' id='block_1_20' title="bbox 599 2823 2191 2898">
    <p class='ocr_par' dir='ltr' id='par_1_20' title="bbox 599 2823 2191 2898">
     <span class='ocr_line' id='line_1_20' title="bbox 599 2823 2191 2898; baseline 0.001 -19"><span class='ocrx_word' id='word_1_126' title='bbox 599 2835 839 2898; x_wconf 79' lang='lat' dir='ltr'><strong>vagatus,</strong></span> <span class='ocrx_word' id='word_1_127' title='bbox 878 2835 931 2882; x_wconf 87' lang='lat' dir='ltr'><strong>ct</strong></span> <span class='ocrx_word' id='word_1_128' title='bbox 955 2841 1143 2882; x_wconf 90' lang='lat' dir='ltr'><strong>omnes</strong></span> <span class='ocrx_word' id='word_1_129' title='bbox 1179 2835 1272 2881; x_wconf 89' lang='lat' dir='ltr'><strong>aut</strong></span> <span class='ocrx_word' id='word_1_130' title='bbox 1303 2839 1442 2897; x_wconf 91' lang='lat' dir='ltr'><strong>pene</strong></span> <span class='ocrx_word' id='word_1_131' title='bbox 1476 2839 1664 2881; x_wconf 91' lang='lat' dir='ltr'><strong>omnes</strong></span> <span class='ocrx_word' id='word_1_132' title='bbox 1690 2823 1984 2880; x_wconf 73' lang='lat' dir='ltr'><strong>involvens.</strong></span> <span class='ocrx_word' id='word_1_133' title='bbox 2012 2823 2191 2893; x_wconf 87' lang='lat' dir='ltr'><strong>Quan-</strong></span> 
     </span>
    </p>
   </div>
   <div class='ocr_carea' id='block_1_21' title="bbox 600 2917 2188 2989">
    <p class='ocr_par' dir='ltr' id='par_1_21' title="bbox 600 2917 2188 2989">
     <span class='ocr_line' id='line_1_21' title="bbox 600 2917 2188 2989; baseline -0.001 -17"><span class='ocrx_word' id='word_1_134' title='bbox 600 2934 758 2989; x_wconf 92' lang='lat' dir='ltr'><strong>quam</strong></span> <span class='ocrx_word' id='word_1_135' title='bbox 782 2917 1232 2975; x_wconf 85' lang='lat' dir='ltr'><strong>accommodatius</strong></span> <span class='ocrx_word' id='word_1_136' title='bbox 1257 2918 1547 2989; x_wconf 88' lang='lat' dir='ltr'><strong>accipiatur</strong></span> <span class='ocrx_word' id='word_1_137' title='bbox 1570 2917 1822 2973; x_wconf 79' lang='lat' dir='ltr'><strong>cathedra</strong></span> <span class='ocrx_word' id='word_1_138' title='bbox 1851 2917 2188 2989; x_wconf 72' lang='lat' dir='ltr'><strong>pestilentiae,</strong></span> 
     </span>
    </p>
   </div>
   <div class='ocr_carea' id='block_1_22' title="bbox 602 3007 2192 3080">
    <p class='ocr_par' dir='ltr' id='par_1_22' title="bbox 602 3007 2192 3080">
     <span class='ocr_line' id='line_1_22' title="bbox 602 3007 2192 3080; baseline -0.001 -18"><span class='ocrx_word' id='word_1_139' title='bbox 602 3010 898 3078; x_wconf 85' lang='lat' dir='ltr'><strong>perniciosa</strong></span> <span class='ocrx_word' id='word_1_140' title='bbox 942 3009 1206 3075; x_wconf 82' lang='lat' dir='ltr'><strong>doctrina,</strong></span> <span class='ocrx_word' id='word_1_141' title='bbox 1258 3009 1411 3080; x_wconf 85' lang='lat' dir='ltr'><strong>cujus</strong></span> <span class='ocrx_word' id='word_1_142' title='bbox 1459 3023 1638 3064; x_wconf 88' lang='lat' dir='ltr'><strong>sermo</strong></span> <span class='ocrx_word' id='word_1_143' title='bbox 1683 3017 1744 3064; x_wconf 91' lang='lat' dir='ltr'><strong>ut</strong></span> <span class='ocrx_word' id='word_1_144' title='bbox 1785 3021 1980 3063; x_wconf 85' lang='lat' dir='ltr'><strong>cancer</strong></span> <span class='ocrx_word' id='word_1_145' title='bbox 2023 3007 2192 3077; x_wconf 87' lang='lat' dir='ltr'><strong>serpit</strong></span> 
     </span>
    </p>
   </div>
   <div class='ocr_carea' id='block_1_23' title="bbox 601 3099 2192 3172">
    <p class='ocr_par' dir='ltr' id='par_1_23' title="bbox 601 3099 2192 3172">
     <span class='ocr_line' id='line_1_23' title="bbox 601 3099 2192 3172; baseline 0 -18"><span class='ocrx_word' id='word_1_146' title='bbox 601 3100 670 3171; x_wconf 89' lang='lat' dir='ltr'><strong>(ll</strong></span> <span class='ocrx_word' id='word_1_147' title='bbox 707 3100 836 3154; x_wconf 86' lang='lat' dir='ltr'><strong>Tim.</strong></span> <span class='ocrx_word' id='word_1_148' title='bbox 867 3117 922 3164; x_wconf 92' lang='grc' dir='ltr'><em>ιι,</em></span> <span class='ocrx_word' id='word_1_149' title='bbox 952 3101 1061 3172; x_wconf 82' lang='lat' dir='ltr'><strong>l7).</strong></span> <span class='ocrx_word' id='word_1_150' title='bbox 1108 3100 1309 3156; x_wconf 87' lang='lat' dir='ltr'><strong>Deinde</strong></span> <span class='ocrx_word' id='word_1_151' title='bbox 1351 3100 1766 3156; x_wconf 84' lang='lat' dir='ltr'><strong>considerandus</strong></span> <span class='ocrx_word' id='word_1_152' title='bbox 1805 3108 1888 3155; x_wconf 90' lang='lat' dir='ltr'><strong>est</strong></span> <span class='ocrx_word' id='word_1_153' title='bbox 1913 3099 2044 3154; x_wconf 91' lang='lat' dir='ltr'><strong>ordo</strong></span> <span class='ocrx_word' id='word_1_154' title='bbox 2072 3114 2192 3154; x_wconf 87' lang='lat' dir='ltr'><strong>ver-</strong></span> 
     </span>
    </p>
   </div>
   <div class='ocr_carea' id='block_1_24' title="bbox 600 3191 2192 3260">
    <p class='ocr_par' dir='ltr' id='par_1_24' title="bbox 600 3191 2192 3260">
     <span class='ocr_line' id='line_1_24' title="bbox 600 3191 2192 3260; baseline -0.001 -12"><span class='ocrx_word' id='word_1_155' title='bbox 600 3192 815 3260; x_wconf 82' lang='lat' dir='ltr'><strong>borum,</strong></span> <span class='ocrx_word' id='word_1_156' title='bbox 842 3192 981 3260; x_wconf 89' lang='lat' dir='ltr'><strong>abiit,</strong></span> <span class='ocrx_word' id='word_1_157' title='bbox 1007 3193 1163 3259; x_wconf 86' lang='lat' dir='ltr'><strong>stetit,</strong></span> <span class='ocrx_word' id='word_1_158' title='bbox 1189 3193 1316 3249; x_wconf 86' lang='lat' dir='ltr'><strong>sedit</strong></span> <span class='ocrx_word' id='word_1_159' title='bbox 1339 3209 1357 3248; x_wconf 91' lang='lat'><strong><em>:</em></strong></span> <span class='ocrx_word' id='word_1_160' title='bbox 1377 3193 1506 3248; x_wconf 88' lang='lat' dir='ltr'><strong>abiit</strong></span> <span class='ocrx_word' id='word_1_161' title='bbox 1526 3193 1668 3248; x_wconf 91' lang='lat' dir='ltr'><strong>enim</strong></span> <span class='ocrx_word' id='word_1_162' title='bbox 1696 3191 1804 3253; x_wconf 90' lang='lat' dir='ltr'><strong>ille,</strong></span> <span class='ocrx_word' id='word_1_163' title='bbox 1824 3207 1942 3248; x_wconf 92' lang='lat' dir='ltr'><strong>cum</strong></span> <span class='ocrx_word' id='word_1_164' title='bbox 1971 3192 2192 3247; x_wconf 83' lang='lat' dir='ltr'><strong>recessit</strong></span> 
     </span>
    </p>
   </div>
   <div class='ocr_carea' id='block_1_25' title="bbox 601 3283 2188 3354">
    <p class='ocr_par' dir='ltr' id='par_1_25' title="bbox 601 3283 2188 3354">
     <span class='ocr_line' id='line_1_25' title="bbox 601 3283 2188 3354; baseline -0.003 -14"><span class='ocrx_word' id='word_1_165' title='bbox 601 3301 632 3340; x_wconf 93' lang='lat' dir='ltr'><strong>a</strong></span> <span class='ocrx_word' id='word_1_166' title='bbox 666 3286 809 3351; x_wconf 89' lang='lat' dir='ltr'><strong>Deo;</strong></span> <span class='ocrx_word' id='word_1_167' title='bbox 842 3287 1006 3352; x_wconf 90' lang='lat' dir='ltr'><strong>stetit,</strong></span> <span class='ocrx_word' id='word_1_168' title='bbox 1035 3301 1154 3341; x_wconf 91' lang='lat' dir='ltr'><strong>cum</strong></span> <span class='ocrx_word' id='word_1_169' title='bbox 1186 3285 1480 3340; x_wconf 87' lang='lat' dir='ltr'><strong>delectatus</strong></span> <span class='ocrx_word' id='word_1_170' title='bbox 1505 3293 1587 3340; x_wconf 91' lang='lat' dir='ltr'><strong>est</strong></span> <span class='ocrx_word' id='word_1_171' title='bbox 1609 3295 1853 3354; x_wconf 88' lang='lat' dir='ltr'><strong>peccato;</strong></span> <span class='ocrx_word' id='word_1_172' title='bbox 1882 3283 2038 3348; x_wconf 87' lang='lat' dir='ltr'><strong>sedit,</strong></span> <span class='ocrx_word' id='word_1_173' title='bbox 2067 3298 2188 3337; x_wconf 89' lang='lat' dir='ltr'><strong>cum</strong></span> 
     </span>
    </p>
   </div>
   <div class='ocr_carea' id='block_1_26' title="bbox 606 3373 2170 3447">
    <p class='ocr_par' dir='ltr' id='par_1_26' title="bbox 606 3373 2170 3447">
     <span class='ocr_line' id='line_1_26' title="bbox 606 3373 2170 3447; baseline -0.001 -15"><span class='ocrx_word' id='word_1_174' title='bbox 606 3376 660 3432; x_wconf 88' lang='lat' dir='ltr'><strong>in</strong></span> <span class='ocrx_word' id='word_1_175' title='bbox 703 3392 798 3431; x_wconf 90' lang='lat' dir='ltr'><strong>sua</strong></span> <span class='ocrx_word' id='word_1_176' title='bbox 828 3376 1077 3447; x_wconf 87' lang='lat' dir='ltr'><strong>superbia</strong></span> <span class='ocrx_word' id='word_1_177' title='bbox 1117 3375 1484 3442; x_wconf 82' lang='lat' dir='ltr'><strong>conﬁrmatus,</strong></span> <span class='ocrx_word' id='word_1_178' title='bbox 1528 3375 1704 3431; x_wconf 91' lang='lat' dir='ltr'><strong>redire</strong></span> <span class='ocrx_word' id='word_1_179' title='bbox 1730 3390 1834 3430; x_wconf 92' lang='lat' dir='ltr'><strong>non</strong></span> <span class='ocrx_word' id='word_1_180' title='bbox 1868 3376 2055 3444; x_wconf 88' lang='lat' dir='ltr'><strong>potuit,</strong></span> <span class='ocrx_word' id='word_1_181' title='bbox 2087 3373 2170 3430; x_wconf 88' lang='lat' dir='ltr'><strong>nis</strong></span> 
     </span>
    </p>
   </div>
   <div class='ocr_carea' id='block_1_27' title="bbox 604 3464 2190 3538">
    <p class='ocr_par' dir='ltr' id='par_1_27' title="bbox 604 3464 2190 3538">
     <span class='ocr_line' id='line_1_27' title="bbox 604 3464 2190 3538; baseline -0.001 -17"><span class='ocrx_word' id='word_1_182' title='bbox 604 3482 702 3538; x_wconf 90' lang='lat' dir='ltr'><strong>per</strong></span> <span class='ocrx_word' id='word_1_183' title='bbox 727 3483 848 3522; x_wconf 90' lang='lat' dir='ltr'><strong>cum</strong></span> <span class='ocrx_word' id='word_1_184' title='bbox 877 3467 1151 3534; x_wconf 89' lang='lat' dir='ltr'><strong>liberatus,</strong></span> <span class='ocrx_word' id='word_1_185' title='bbox 1182 3467 1272 3538; x_wconf 90' lang='lat' dir='ltr'><strong>qui</strong></span> <span class='ocrx_word' id='word_1_186' title='bbox 1307 3482 1479 3536; x_wconf 91' lang='lat' dir='ltr'><strong>neque</strong></span> <span class='ocrx_word' id='word_1_187' title='bbox 1505 3465 1632 3520; x_wconf 89' lang='lat' dir='ltr'><strong>abiit</strong></span> <span class='ocrx_word' id='word_1_188' title='bbox 1666 3466 1717 3520; x_wconf 91' lang='lat' dir='ltr'><strong>in</strong></span> <span class='ocrx_word' id='word_1_189' title='bbox 1748 3465 1972 3521; x_wconf 91' lang='lat' dir='ltr'><strong>consilio</strong></span> <span class='ocrx_word' id='word_1_190' title='bbox 2003 3464 2190 3535; x_wconf 86' lang='lat' dir='ltr'><strong>impio-</strong></span> 
     </span>
    </p>
   </div>
   <div class='ocr_carea' id='block_1_28' title="bbox 603 3555 2187 3628">
    <p class='ocr_par' dir='ltr' id='par_1_28' title="bbox 603 3555 2187 3628">
     <span class='ocr_line' id='line_1_28' title="bbox 603 3555 2187 3628; baseline -0.001 -16"><span class='ocrx_word' id='word_1_191' title='bbox 603 3574 743 3624; x_wconf 89' lang='lat' dir='ltr'><strong>rum,</strong></span> <span class='ocrx_word' id='word_1_192' title='bbox 775 3573 874 3614; x_wconf 89' lang='lat' dir='ltr'><strong>nec</strong></span> <span class='ocrx_word' id='word_1_193' title='bbox 901 3558 955 3614; x_wconf 91' lang='lat' dir='ltr'><strong>in</strong></span> <span class='ocrx_word' id='word_1_194' title='bbox 983 3559 1066 3613; x_wconf 85' lang='lat' dir='ltr'><strong>via</strong></span> <span class='ocrx_word' id='word_1_195' title='bbox 1112 3564 1449 3628; x_wconf 88' lang='lat' dir='ltr'><strong>peccatorum</strong></span> <span class='ocrx_word' id='word_1_196' title='bbox 1492 3559 1658 3622; x_wconf 86' lang='lat' dir='ltr'><strong>stetit,</strong></span> <span class='ocrx_word' id='word_1_197' title='bbox 1689 3571 1789 3613; x_wconf 90' lang='lat' dir='ltr'><strong>nec</strong></span> <span class='ocrx_word' id='word_1_198' title='bbox 1837 3556 1890 3611; x_wconf 92' lang='lat' dir='ltr'><strong>in</strong></span> <span class='ocrx_word' id='word_1_199' title='bbox 1937 3555 2187 3612; x_wconf 84' lang='lat' dir='ltr'><strong>cathedra</strong></span> 
     </span>
    </p>
   </div>
   <div class='ocr_carea' id='block_1_29' title="bbox 606 3649 1100 3720">
    <p class='ocr_par' dir='ltr' id='par_1_29' title="bbox 606 3649 1100 3720">
     <span class='ocr_line' id='line_1_29' title="bbox 606 3649 1100 3720; baseline 0 -17"><span class='ocrx_word' id='word_1_200' title='bbox 606 3649 918 3720; x_wconf 64' lang='lat' dir='ltr'><strong>pestilentia:</strong></span> <span class='ocrx_word' id='word_1_201' title='bbox 943 3649 1100 3705; x_wconf 89' lang='lat' dir='ltr'><strong>sedit.</strong></span> 
     </span>
    </p>
   </div>
   <div class='ocr_carea' id='block_1_30' title="bbox 673 3739 2190 3813">
    <p class='ocr_par' dir='ltr' id='par_1_30' title="bbox 673 3739 2190 3813">
     <span class='ocr_line' id='line_1_30' title="bbox 673 3739 2190 3813; baseline 0 -19"><span class='ocrx_word' id='word_1_202' title='bbox 673 3740 726 3794; x_wconf 74' lang='lat'><strong>2.</strong></span> <span class='ocrx_word' id='word_1_203' title='bbox 743 3739 891 3813; x_wconf 85' lang='lat' dir='ltr'><strong>[vers.</strong></span> <span class='ocrx_word' id='word_1_204' title='bbox 909 3739 990 3812; x_wconf 72' lang='grc'><strong>2.]</strong></span> <span class='ocrx_word' id='word_1_205' title='bbox 1013 3739 1118 3795; x_wconf 88' lang='lat' dir='ltr'><strong>Sed</strong></span> <span class='ocrx_word' id='word_1_206' title='bbox 1136 3739 1188 3794; x_wconf 88' lang='lat' dir='ltr'><strong>in</strong></span> <span class='ocrx_word' id='word_1_207' title='bbox 1211 3740 1315 3813; x_wconf 84' lang='lat' dir='ltr'><strong>lege</strong></span> <span class='ocrx_word' id='word_1_208' title='bbox 1335 3739 1540 3794; x_wconf 85' lang='lat' dir='ltr'><strong>Domini</strong></span> <span class='ocrx_word' id='word_1_209' title='bbox 1558 3741 1652 3812; x_wconf 73' lang='lat' dir='ltr'><strong>fuit</strong></span> <span class='ocrx_word' id='word_1_210' title='bbox 1674 3740 1900 3795; x_wconf 85' lang='lat' dir='ltr'><strong>voluntas</strong></span> <span class='ocrx_word' id='word_1_211' title='bbox 1919 3741 2048 3810; x_wconf 88' lang='lat' dir='ltr'><strong>ejus,</strong></span> <span class='ocrx_word' id='word_1_212' title='bbox 2065 3750 2112 3794; x_wconf 90' lang='lat' dir='ltr'><strong>et</strong></span> <span class='ocrx_word' id='word_1_213' title='bbox 2138 3739 2190 3794; x_wconf 89' lang='lat' dir='ltr'><strong>in</strong></span> 
     </span>
    </p>
   </div>
   <div class='ocr_carea' id='block_1_31' title="bbox 605 3830 2191 3903">
    <p class='ocr_par' dir='ltr' id='par_1_31' title="bbox 605 3830 2191 3903">
     <span class='ocr_line' id='line_1_31' title="bbox 605 3830 2191 3903; baseline -0.001 -17"><span class='ocrx_word' id='word_1_214' title='bbox 605 3832 712 3902; x_wconf 71' lang='lat' dir='ltr'><strong>lege</strong></span> <span class='ocrx_word' id='word_1_215' title='bbox 740 3833 847 3903; x_wconf 84' lang='lat' dir='ltr'><strong>ejus</strong></span> <span class='ocrx_word' id='word_1_216' title='bbox 889 3830 1210 3886; x_wconf 79' lang='lat' dir='ltr'><strong>meditabitur</strong></span> <span class='ocrx_word' id='word_1_217' title='bbox 1235 3832 1330 3890; x_wconf 58' lang='lat' dir='ltr'><strong>.die</strong></span> <span class='ocrx_word' id='word_1_218' title='bbox 1371 3849 1432 3885; x_wconf 87' lang='lat' dir='ltr'><strong>ac</strong></span> <span class='ocrx_word' id='word_1_219' title='bbox 1475 3840 1634 3886; x_wconf 86' lang='lat' dir='ltr'><strong>nocte.</strong></span> <span class='ocrx_word' id='word_1_220' title='bbox 1672 3831 1823 3885; x_wconf 83' lang='lat' dir='ltr'><strong>Justa</strong></span> <span class='ocrx_word' id='word_1_221' title='bbox 1862 3847 1963 3884; x_wconf 89' lang='lat' dir='ltr'><strong>non</strong></span> <span class='ocrx_word' id='word_1_222' title='bbox 2001 3841 2072 3884; x_wconf 90' lang='lat' dir='ltr'><strong>est</strong></span> <span class='ocrx_word' id='word_1_223' title='bbox 2108 3831 2191 3885; x_wconf 72' lang='lat' dir='ltr'><strong>lea</strong></span> 
     </span>
    </p>
   </div>
   <div class='ocr_carea' id='block_1_32' title="bbox 606 3922 2190 3998">
    <p class='ocr_par' dir='ltr' id='par_1_32' title="bbox 606 3922 2190 3998">
     <span class='ocr_line' id='line_1_32' title="bbox 606 3922 2190 3998; baseline 0.001 -21"><span class='ocrx_word' id='word_1_224' title='bbox 606 3925 790 3994; x_wconf 89' lang='lat' dir='ltr'><strong>posita,</strong></span> <span class='ocrx_word' id='word_1_225' title='bbox 822 3933 877 3979; x_wconf 92' lang='lat' dir='ltr'><strong>ut</strong></span> <span class='ocrx_word' id='word_1_226' title='bbox 909 3924 1036 3979; x_wconf 85' lang='lat' dir='ltr'><strong>dicit</strong></span> <span class='ocrx_word' id='word_1_227' title='bbox 1065 3925 1354 3994; x_wconf 82' lang='lat' dir='ltr'><strong>Apostolus</strong></span> <span class='ocrx_word' id='word_1_228' title='bbox 1384 3922 1427 3998; x_wconf 94' lang='lat' dir='ltr'><strong>(l</strong></span> <span class='ocrx_word' id='word_1_229' title='bbox 1456 3923 1590 3979; x_wconf 88' lang='lat' dir='ltr'><strong>Tim.</strong></span> <span class='ocrx_word' id='word_1_230' title='bbox 1625 3940 1664 3989; x_wconf 92' lang='grc' dir='ltr'><em>ι,</em></span> <span class='ocrx_word' id='word_1_231' title='bbox 1693 3925 1787 3995; x_wconf 87' lang='grc'><strong>9);</strong></span> <span class='ocrx_word' id='word_1_232' title='bbox 1819 3923 1914 3980; x_wconf 89' lang='lat' dir='ltr'><strong>sed</strong></span> <span class='ocrx_word' id='word_1_233' title='bbox 1939 3923 2081 3978; x_wconf 89' lang='lat' dir='ltr'><strong>aliud</strong></span> <span class='ocrx_word' id='word_1_234' title='bbox 2108 3933 2190 3978; x_wconf 92' lang='lat' dir='ltr'><strong>cst</strong></span> 
     </span>
    </p>
   </div>
   <div class='ocr_carea' id='block_1_33' title="bbox 603 4016 2186 4088">
    <p class='ocr_par' dir='ltr' id='par_1_33' title="bbox 603 4016 2186 4088">
     <span class='ocr_line' id='line_1_33' title="bbox 603 4016 2186 4088; baseline -0.001 -16"><span class='ocrx_word' id='word_1_235' title='bbox 603 4032 724 4072; x_wconf 91' lang='lat' dir='ltr'><strong>esse</strong></span> <span class='ocrx_word' id='word_1_236' title='bbox 745 4017 796 4072; x_wconf 91' lang='lat' dir='ltr'><strong>in</strong></span> <span class='ocrx_word' id='word_1_237' title='bbox 823 4016 958 4087; x_wconf 89' lang='lat' dir='ltr'><strong>lege,</strong></span> <span class='ocrx_word' id='word_1_238' title='bbox 982 4016 1125 4071; x_wconf 88' lang='lat' dir='ltr'><strong>aliud</strong></span> <span class='ocrx_word' id='word_1_239' title='bbox 1146 4017 1245 4072; x_wconf 88' lang='lat' dir='ltr'><strong>sub</strong></span> <span class='ocrx_word' id='word_1_240' title='bbox 1269 4017 1384 4087; x_wconf 86' lang='lat' dir='ltr'><strong>lege</strong></span> <span class='ocrx_word' id='word_1_241' title='bbox 1404 4035 1416 4070; x_wconf 90' lang='lat'><strong>:</strong></span> <span class='ocrx_word' id='word_1_242' title='bbox 1435 4017 1526 4088; x_wconf 92' lang='lat' dir='ltr'><strong>qui</strong></span> <span class='ocrx_word' id='word_1_243' title='bbox 1554 4017 1707 4072; x_wconf 90' lang='lat' dir='ltr'><strong>estin</strong></span> <span class='ocrx_word' id='word_1_244' title='bbox 1734 4017 1872 4087; x_wconf 85' lang='lat' dir='ltr'><strong>lege,</strong></span> <span class='ocrx_word' id='word_1_245' title='bbox 1897 4016 2186 4072; x_wconf 90' lang='lat' dir='ltr'><strong>secundum</strong></span> 
     </span>
    </p>
   </div>
   <div class='ocr_carea' id='block_1_34' title="bbox 605 4106 2185 4179">
    <p class='ocr_par' dir='ltr' id='par_1_34' title="bbox 605 4106 2185 4179">
     <span class='ocr_line' id='line_1_34' title="bbox 605 4106 2185 4179; baseline -0.001 -17"><span class='ocrx_word' id='word_1_246' title='bbox 605 4109 773 4178; x_wconf 84' lang='lat' dir='ltr'><strong>legem</strong></span> <span class='ocrx_word' id='word_1_247' title='bbox 804 4109 937 4179; x_wconf 85' lang='lat' dir='ltr'><strong>agit;</strong></span> <span class='ocrx_word' id='word_1_248' title='bbox 973 4107 1062 4178; x_wconf 92' lang='lat' dir='ltr'><strong>qui</strong></span> <span class='ocrx_word' id='word_1_249' title='bbox 1092 4116 1174 4162; x_wconf 92' lang='lat' dir='ltr'><strong>est</strong></span> <span class='ocrx_word' id='word_1_250' title='bbox 1194 4107 1294 4162; x_wconf 88' lang='lat' dir='ltr'><strong>sub</strong></span> <span class='ocrx_word' id='word_1_251' title='bbox 1321 4108 1458 4178; x_wconf 82' lang='lat' dir='ltr'><strong>lege,</strong></span> <span class='ocrx_word' id='word_1_252' title='bbox 1490 4106 1779 4163; x_wconf 88' lang='lat' dir='ltr'><strong>secundum</strong></span> <span class='ocrx_word' id='word_1_253' title='bbox 1806 4107 1973 4178; x_wconf 90' lang='lat' dir='ltr'><strong>legem</strong></span> <span class='ocrx_word' id='word_1_254' title='bbox 1995 4108 2185 4178; x_wconf 88' lang='lat' dir='ltr'><strong>agitur.</strong></span> 
     </span>
    </p>
   </div>
   <div class='ocr_carea' id='block_1_35' title="bbox 605 4197 2188 4269">
    <p class='ocr_par' dir='ltr' id='par_1_35' title="bbox 605 4197 2188 4269">
     <span class='ocr_line' id='line_1_35' title="bbox 605 4197 2188 4269; baseline 0 -16"><span class='ocrx_word' id='word_1_255' title='bbox 605 4199 698 4253; x_wconf 92' lang='lat' dir='ltr'><strong>llle</strong></span> <span class='ocrx_word' id='word_1_256' title='bbox 724 4214 852 4269; x_wconf 90' lang='lat' dir='ltr'><strong>ergo</strong></span> <span class='ocrx_word' id='word_1_257' title='bbox 882 4199 1016 4254; x_wconf 86' lang='lat' dir='ltr'><strong>liber</strong></span> <span class='ocrx_word' id='word_1_258' title='bbox 1038 4207 1140 4266; x_wconf 92' lang='lat' dir='ltr'><strong>est,</strong></span> <span class='ocrx_word' id='word_1_259' title='bbox 1182 4199 1282 4254; x_wconf 91' lang='lat' dir='ltr'><strong>iste</strong></span> <span class='ocrx_word' id='word_1_260' title='bbox 1317 4213 1522 4254; x_wconf 90' lang='lat' dir='ltr'><strong>servus.</strong></span> <span class='ocrx_word' id='word_1_261' title='bbox 1566 4197 1767 4253; x_wconf 89' lang='lat' dir='ltr'><strong>Deinde</strong></span> <span class='ocrx_word' id='word_1_262' title='bbox 1796 4199 1938 4253; x_wconf 83' lang='lat' dir='ltr'><strong>aliud</strong></span> <span class='ocrx_word' id='word_1_263' title='bbox 1979 4207 2062 4253; x_wconf 91' lang='lat' dir='ltr'><strong>est</strong></span> <span class='ocrx_word' id='word_1_264' title='bbox 2102 4199 2188 4253; x_wconf 78' lang='lat' dir='ltr'><strong>lex</strong></span> 
     </span>
    </p>
   </div>
   <div class='ocr_carea' id='block_1_36' title="bbox 603 4287 2188 4360">
    <p class='ocr_par' dir='ltr' id='par_1_36' title="bbox 603 4287 2188 4360">
     <span class='ocr_line' id='line_1_36' title="bbox 603 4287 2188 4360; baseline 0.002 -18"><span class='ocrx_word' id='word_1_265' title='bbox 603 4304 724 4359; x_wconf 72' lang='lat' dir='ltr'><strong>qua:</strong></span> <span class='ocrx_word' id='word_1_266' title='bbox 749 4288 1015 4354; x_wconf 87' lang='lat' dir='ltr'><strong>scribitur,</strong></span> <span class='ocrx_word' id='word_1_267' title='bbox 1055 4297 1109 4344; x_wconf 92' lang='lat' dir='ltr'><strong>et</strong></span> <span class='ocrx_word' id='word_1_268' title='bbox 1135 4287 1424 4360; x_wconf 88' lang='lat' dir='ltr'><strong>imponitur</strong></span> <span class='ocrx_word' id='word_1_269' title='bbox 1461 4289 1744 4355; x_wconf 85' lang='lat' dir='ltr'><strong>servienti;</strong></span> <span class='ocrx_word' id='word_1_270' title='bbox 1781 4289 1922 4344; x_wconf 88' lang='lat' dir='ltr'><strong>aliud</strong></span> <span class='ocrx_word' id='word_1_271' title='bbox 1957 4289 2044 4346; x_wconf 79' lang='lat' dir='ltr'><strong>lex</strong></span> <span class='ocrx_word' id='word_1_272' title='bbox 2070 4305 2188 4359; x_wconf 70' lang='lat' dir='ltr'><strong>qua:</strong></span> 
     </span>
    </p>
   </div>
   <div class='ocr_carea' id='block_1_37' title="bbox 604 4380 2188 4453">
    <p class='ocr_par' dir='ltr' id='par_1_37' title="bbox 604 4380 2188 4453">
     <span class='ocr_line' id='line_1_37' title="bbox 604 4380 2188 4453; baseline 0.003 -21"><span class='ocrx_word' id='word_1_273' title='bbox 604 4387 784 4436; x_wconf 86' lang='lat' dir='ltr'><strong>mente</strong></span> <span class='ocrx_word' id='word_1_274' title='bbox 811 4381 1155 4451; x_wconf 89' lang='lat' dir='ltr'><strong>conspicitur,</strong></span> <span class='ocrx_word' id='word_1_275' title='bbox 1178 4380 1248 4436; x_wconf 88' lang='lat' dir='ltr'><strong>ab</strong></span> <span class='ocrx_word' id='word_1_276' title='bbox 1269 4396 1335 4436; x_wconf 92' lang='lat' dir='ltr'><strong>co</strong></span> <span class='ocrx_word' id='word_1_277' title='bbox 1359 4380 1448 4453; x_wconf 91' lang='lat' dir='ltr'><strong>qui</strong></span> <span class='ocrx_word' id='word_1_278' title='bbox 1472 4396 1577 4436; x_wconf 94' lang='lat' dir='ltr'><strong>non</strong></span> <span class='ocrx_word' id='word_1_279' title='bbox 1609 4380 1808 4452; x_wconf 90' lang='lat' dir='ltr'><strong>indiget</strong></span> <span class='ocrx_word' id='word_1_280' title='bbox 1833 4380 2040 4436; x_wconf 86' lang='lat' dir='ltr'><strong>litteris.</strong></span> <span class='ocrx_word' id='word_1_281' title='bbox 2071 4381 2188 4436; x_wconf 80' lang='lat' dir='ltr'><strong>Me-</strong></span> 
     </span>
    </p>
   </div>
   <div class='ocr_carea' id='block_1_38' title="bbox 604 4473 2187 4531">
    <p class='ocr_par' dir='ltr' id='par_1_38' title="bbox 604 4473 2187 4531">
     <span class='ocr_line' id='line_1_38' title="bbox 604 4473 2187 4531; baseline 0.002 -5"><span class='ocrx_word' id='word_1_282' title='bbox 604 4474 842 4528; x_wconf 81' lang='lat' dir='ltr'><strong>ditabitur</strong></span> <span class='ocrx_word' id='word_1_283' title='bbox 864 4474 946 4528; x_wconf 88' lang='lat' dir='ltr'><strong>die</strong></span> <span class='ocrx_word' id='word_1_284' title='bbox 972 4490 1031 4528; x_wconf 90' lang='lat' dir='ltr'><strong>ac</strong></span> <span class='ocrx_word' id='word_1_285' title='bbox 1058 4482 1202 4529; x_wconf 87' lang='lat' dir='ltr'><strong>nocte</strong></span> <span class='ocrx_word' id='word_1_286' title='bbox 1237 4488 1258 4529; x_wconf 92' lang='lat'><strong><em>:</em></strong></span> <span class='ocrx_word' id='word_1_287' title='bbox 1295 4482 1386 4529; x_wconf 89' lang='lat' dir='ltr'><strong>aut</strong></span> <span class='ocrx_word' id='word_1_288' title='bbox 1420 4474 1535 4530; x_wconf 87' lang='lat' dir='ltr'><strong>sine</strong></span> <span class='ocrx_word' id='word_1_289' title='bbox 1562 4473 1954 4530; x_wconf 86' lang='lat' dir='ltr'><strong>intermissione</strong></span> <span class='ocrx_word' id='word_1_290' title='bbox 1998 4473 2187 4531; x_wconf 87' lang='lat' dir='ltr'><strong>intelli-</strong></span> 
     </span>
    </p>
   </div>
   <div class='ocr_carea' id='block_1_39' title="bbox 601 4563 2186 4633">
    <p class='ocr_par' dir='ltr' id='par_1_39' title="bbox 601 4563 2186 4633">
     <span class='ocr_line' id='line_1_39' title="bbox 601 4563 2186 4633; baseline 0.001 -15"><span class='ocrx_word' id='word_1_291' title='bbox 601 4563 834 4633; x_wconf 88' lang='lat' dir='ltr'><strong>gendum</strong></span> <span class='ocrx_word' id='word_1_292' title='bbox 872 4572 988 4629; x_wconf 84' lang='lat' dir='ltr'><strong>est;</strong></span> <span class='ocrx_word' id='word_1_293' title='bbox 1027 4572 1120 4620; x_wconf 90' lang='lat' dir='ltr'><strong>aut</strong></span> <span class='ocrx_word' id='word_1_294' title='bbox 1154 4565 1237 4619; x_wconf 86' lang='lat' dir='ltr'><strong>die</strong></span> <span class='ocrx_word' id='word_1_295' title='bbox 1276 4563 1328 4619; x_wconf 89' lang='lat' dir='ltr'><strong>in</strong></span> <span class='ocrx_word' id='word_1_296' title='bbox 1356 4564 1554 4628; x_wconf 58' lang='lat' dir='ltr'><strong>laetitia,</strong></span> <span class='ocrx_word' id='word_1_297' title='bbox 1581 4575 1724 4620; x_wconf 88' lang='lat' dir='ltr'><strong>nocte</strong></span> <span class='ocrx_word' id='word_1_298' title='bbox 1751 4565 1802 4620; x_wconf 93' lang='lat' dir='ltr'><strong>in</strong></span> <span class='ocrx_word' id='word_1_299' title='bbox 1831 4565 2186 4621; x_wconf 85' lang='lat' dir='ltr'><strong>tribulationi-</strong></span> 
     </span>
    </p>
   </div>
   <div class='ocr_carea' id='block_1_40' title="bbox 604 4654 2188 4730">
    <p class='ocr_par' dir='ltr' id='par_1_40' title="bbox 604 4654 2188 4730">
     <span class='ocr_line' id='line_1_40' title="bbox 604 4654 2188 4730; baseline 0.003 -21"><span class='ocrx_word' id='word_1_300' title='bbox 604 4654 736 4718; x_wconf 85' lang='lat' dir='ltr'><strong>bus;</strong></span> <span class='ocrx_word' id='word_1_301' title='bbox 760 4655 950 4710; x_wconf 91' lang='lat' dir='ltr'><strong>dicitur</strong></span> <span class='ocrx_word' id='word_1_302' title='bbox 973 4655 1117 4710; x_wconf 90' lang='lat' dir='ltr'><strong>enim</strong></span> <span class='ocrx_word' id='word_1_303' title='bbox 1149 4672 1164 4711; x_wconf 90' lang='lat'><strong>:</strong></span> <span class='ocrx_word' id='word_1_304' title='bbox 1189 4655 1445 4710; x_wconf 80' lang='lat' dir='ltr'><strong>Abraham</strong></span> <span class='ocrx_word' id='word_1_305' title='bbox 1468 4657 1600 4710; x_wconf 89' lang='lat' dir='ltr'><strong>diem</strong></span> <span class='ocrx_word' id='word_1_306' title='bbox 1625 4673 1790 4712; x_wconf 87' lang='lat' dir='ltr'><strong>meum</strong></span> <span class='ocrx_word' id='word_1_307' title='bbox 1817 4659 1959 4726; x_wconf 79' lang='lat' dir='ltr'><strong>vidit,</strong></span> <span class='ocrx_word' id='word_1_308' title='bbox 1983 4671 2029 4714; x_wconf 90' lang='lat' dir='ltr'><strong>et</strong></span> <span class='ocrx_word' id='word_1_309' title='bbox 2048 4659 2188 4730; x_wconf 81' lang='lat' dir='ltr'><strong>gavi-</strong></span> 
     </span>
    </p>
   </div>
   <div class='ocr_carea' id='block_1_41' title="bbox 602 4745 2184 4817">
    <p class='ocr_par' dir='ltr' id='par_1_41' title="bbox 602 4745 2184 4817">
     <span class='ocr_line' id='line_1_41' title="bbox 602 4745 2184 4817; baseline 0.004 -17"><span class='ocrx_word' id='word_1_310' title='bbox 602 4763 690 4801; x_wconf 83' lang='lat' dir='ltr'><strong>sus</strong></span> <span class='ocrx_word' id='word_1_311' title='bbox 729 4755 802 4800; x_wconf 92' lang='lat' dir='ltr'><strong>est</strong></span> <span class='ocrx_word' id='word_1_312' title='bbox 850 4745 1027 4817; x_wconf 81' lang='lat' dir='ltr'><strong>(Joan.</strong></span> <span class='ocrx_word' id='word_1_313' title='bbox 1068 4761 1197 4814; x_wconf 82' lang='lat' dir='ltr'><strong>vnl,</strong></span> <span class='ocrx_word' id='word_1_314' title='bbox 1233 4746 1358 4816; x_wconf 86' lang='lat'><strong>56);</strong></span> <span class='ocrx_word' id='word_1_315' title='bbox 1396 4755 1452 4802; x_wconf 90' lang='lat' dir='ltr'><strong>et</strong></span> <span class='ocrx_word' id='word_1_316' title='bbox 1482 4747 1552 4804; x_wconf 87' lang='lat' dir='ltr'><strong>de</strong></span> <span class='ocrx_word' id='word_1_317' title='bbox 1592 4749 1930 4804; x_wconf 89' lang='lat' dir='ltr'><strong>tribulatione</strong></span> <span class='ocrx_word' id='word_1_318' title='bbox 1954 4751 2184 4806; x_wconf 85' lang='lat' dir='ltr'><strong>dicitur:</strong></span> 
     </span>
    </p>
   </div>
   <div class='ocr_carea' id='block_1_42' title="bbox 604 4835 2189 4910">
    <p class='ocr_par' dir='ltr' id='par_1_42' title="bbox 604 4835 2189 4910">
     <span class='ocr_line' id='line_1_42' title="bbox 604 4835 2189 4910; baseline 0.006 -20"><span class='ocrx_word' id='word_1_319' title='bbox 604 4835 825 4909; x_wconf 77' lang='lat' dir='ltr'><strong>Insuper</strong></span> <span class='ocrx_word' id='word_1_320' title='bbox 859 4847 906 4893; x_wconf 91' lang='lat' dir='ltr'><strong>et</strong></span> <span class='ocrx_word' id='word_1_321' title='bbox 946 4855 1100 4910; x_wconf 85' lang='lat' dir='ltr'><strong>usque</strong></span> <span class='ocrx_word' id='word_1_322' title='bbox 1126 4837 1195 4892; x_wconf 87' lang='lat' dir='ltr'><strong>ad</strong></span> <span class='ocrx_word' id='word_1_323' title='bbox 1231 4848 1424 4894; x_wconf 89' lang='lat' dir='ltr'><strong>noctem</strong></span> <span class='ocrx_word' id='word_1_324' title='bbox 1462 4841 1848 4896; x_wconf 76' lang='lat' dir='ltr'><strong>entendauerunt</strong></span> <span class='ocrx_word' id='word_1_325' title='bbox 1887 4842 1903 4875; x_wconf 84' lang='grc'>¹</span> <span class='ocrx_word' id='word_1_326' title='bbox 1941 4859 2020 4898; x_wconf 90' lang='lat' dir='ltr'><strong>me</strong></span> <span class='ocrx_word' id='word_1_327' title='bbox 2046 4859 2189 4900; x_wconf 88' lang='lat' dir='ltr'><strong>renes</strong></span> 
     </span>
    </p>
   </div>
   <div class='ocr_carea' id='block_1_43' title="bbox 606 4927 1118 5001">
    <p class='ocr_par' dir='ltr' id='par_1_43' title="bbox 606 4927 1118 5001">
     <span class='ocr_line' id='line_1_43' title="bbox 606 4927 1118 5001; baseline -0.004 -17"><span class='ocrx_word' id='word_1_328' title='bbox 606 4929 702 4984; x_wconf 86' lang='lat' dir='ltr'><strong>mei</strong></span> <span class='ocrx_word' id='word_1_329' title='bbox 730 4927 900 5000; x_wconf 73' lang='grc' dir='ltr'><strong>(Ρεαι.</strong></span> <span class='ocrx_word' id='word_1_330' title='bbox 929 4945 1015 4995; x_wconf 80' lang='lat' dir='ltr'><strong>xv,</strong></span> <span class='ocrx_word' id='word_1_331' title='bbox 1042 4931 1118 5001; x_wconf 83' lang='lat'><strong>7).</strong></span> 
     </span>
    </p>
   </div>
   <div class='ocr_carea' id='block_1_44' title="bbox 675 5017 2187 5098">
    <p class='ocr_par' dir='ltr' id='par_1_44' title="bbox 675 5017 2187 5098">
     <span class='ocr_line' id='line_1_44' title="bbox 675 5017 2187 5098; baseline 0.003 -22"><span class='ocrx_word' id='word_1_332' title='bbox 675 5023 728 5076; x_wconf 80' lang='lat'><strong>3.</strong></span> <span class='ocrx_word' id='word_1_333' title='bbox 771 5017 922 5094; x_wconf 77' lang='grc' dir='ltr'><em>[υεη.</em></span> <span class='ocrx_word' id='word_1_334' title='bbox 950 5019 1027 5094; x_wconf 81' lang='grc'><strong>5.]</strong></span> <span class='ocrx_word' id='word_1_335' title='bbox 1056 5021 1120 5075; x_wconf 83' lang='lat' dir='ltr'><strong>Et</strong></span> <span class='ocrx_word' id='word_1_336' title='bbox 1148 5022 1240 5077; x_wconf 87' lang='lat' dir='ltr'><strong>erit</strong></span> <span class='ocrx_word' id='word_1_337' title='bbox 1265 5030 1504 5098; x_wconf 83' lang='lat' dir='ltr'><strong>tanquam</strong></span> <span class='ocrx_word' id='word_1_338' title='bbox 1528 5023 1718 5096; x_wconf 84' lang='lat' dir='ltr'><strong>lignum</strong></span> <span class='ocrx_word' id='word_1_339' title='bbox 1737 5025 1872 5095; x_wconf 78' lang='lat' dir='ltr'><strong>quod</strong></span> <span class='ocrx_word' id='word_1_340' title='bbox 1903 5026 2187 5098; x_wconf 85' lang='lat' dir='ltr'><strong>plantatum</strong></span> 
     </span>
    </p>
   </div>
   <div class='ocr_carea' id='block_1_45' title="bbox 602 5112 2186 5187">
    <p class='ocr_par' dir='ltr' id='par_1_45' title="bbox 602 5112 2186 5187">
     <span class='ocr_line' id='line_1_45' title="bbox 602 5112 2186 5187; baseline 0.005 -21"><span class='ocrx_word' id='word_1_341' title='bbox 602 5121 672 5166; x_wconf 83' lang='lat' dir='ltr'><strong>est</strong></span> <span class='ocrx_word' id='word_1_342' title='bbox 697 5112 972 5168; x_wconf 85' lang='lat' dir='ltr'><strong>secundum</strong></span> <span class='ocrx_word' id='word_1_343' title='bbox 991 5113 1230 5170; x_wconf 83' lang='lat' dir='ltr'><strong>decursus</strong></span> <span class='ocrx_word' id='word_1_344' title='bbox 1251 5131 1496 5187; x_wconf 89' lang='lat' dir='ltr'><strong>aquarum</strong></span> <span class='ocrx_word' id='word_1_345' title='bbox 1517 5134 1536 5173; x_wconf 92' lang='lat'><strong><em>:</em></strong></span> <span class='ocrx_word' id='word_1_346' title='bbox 1563 5117 1617 5174; x_wconf 90' lang='lat' dir='ltr'><strong>id</strong></span> <span class='ocrx_word' id='word_1_347' title='bbox 1641 5128 1742 5186; x_wconf 90' lang='grc' dir='ltr'><em>εει,</em></span> <span class='ocrx_word' id='word_1_348' title='bbox 1775 5129 1868 5176; x_wconf 86' lang='lat' dir='ltr'><strong>aut</strong></span> <span class='ocrx_word' id='word_1_349' title='bbox 1893 5119 2186 5175; x_wconf 86' lang='lat' dir='ltr'><strong>secundum</strong></span> 
     </span>
    </p>
   </div>
   <div class='ocr_carea' id='block_1_46' title="bbox 602 5203 2189 5278">
    <p class='ocr_par' dir='ltr' id='par_1_46' title="bbox 602 5203 2189 5278">
     <span class='ocr_line' id='line_1_46' title="bbox 602 5203 2189 5278; baseline 0.006 -22"><span class='ocrx_word' id='word_1_350' title='bbox 602 5203 772 5272; x_wconf 78' lang='lat' dir='ltr'><strong>ipsam</strong></span> <span class='ocrx_word' id='word_1_351' title='bbox 803 5203 1145 5275; x_wconf 85' lang='lat' dir='ltr'><strong>Sapientiam,</strong></span> <span class='ocrx_word' id='word_1_352' title='bbox 1172 5221 1290 5277; x_wconf 72' lang='lat' dir='ltr'><strong>qua:</strong></span> <span class='ocrx_word' id='word_1_353' title='bbox 1326 5207 1540 5278; x_wconf 85' lang='lat' dir='ltr'><strong>dignata</strong></span> <span class='ocrx_word' id='word_1_354' title='bbox 1581 5220 1664 5265; x_wconf 83' lang='lat' dir='ltr'><strong>est</strong></span> <span class='ocrx_word' id='word_1_355' title='bbox 1705 5210 1974 5266; x_wconf 90' lang='lat' dir='ltr'><strong>hominem</strong></span> <span class='ocrx_word' id='word_1_356' title='bbox 2017 5210 2189 5268; x_wconf 88' lang='lat' dir='ltr'><strong>susci-</strong></span> 
     </span>
    </p>
   </div>
   <div class='ocr_carea' id='block_1_47' title="bbox 603 5296 2183 5375">
    <p class='ocr_par' dir='ltr' id='par_1_47' title="bbox 603 5296 2183 5375">
     <span class='ocr_line' id='line_1_47' title="bbox 603 5296 2183 5375; baseline 0.004 -25"><span class='ocrx_word' id='word_1_357' title='bbox 603 5309 730 5365; x_wconf 88' lang='lat' dir='ltr'><strong>pere</strong></span> <span class='ocrx_word' id='word_1_358' title='bbox 767 5296 831 5350; x_wconf 89' lang='lat' dir='ltr'><strong>ad</strong></span> <span class='ocrx_word' id='word_1_359' title='bbox 873 5296 1094 5351; x_wconf 85' lang='lat' dir='ltr'><strong>salutem</strong></span> <span class='ocrx_word' id='word_1_360' title='bbox 1143 5308 1412 5367; x_wconf 90' lang='lat' dir='ltr'><strong>nostram;</strong></span> <span class='ocrx_word' id='word_1_361' title='bbox 1445 5308 1505 5357; x_wconf 92' lang='lat' dir='ltr'><strong>ut</strong></span> <span class='ocrx_word' id='word_1_362' title='bbox 1532 5304 1645 5374; x_wconf 91' lang='lat' dir='ltr'><strong>ipse</strong></span> <span class='ocrx_word' id='word_1_363' title='bbox 1673 5302 1832 5358; x_wconf 90' lang='lat' dir='ltr'><strong>homo</strong></span> <span class='ocrx_word' id='word_1_364' title='bbox 1871 5306 1943 5359; x_wconf 90' lang='lat' dir='ltr'><strong>sit</strong></span> <span class='ocrx_word' id='word_1_365' title='bbox 1985 5305 2183 5375; x_wconf 85' lang='lat' dir='ltr'><strong>lignum</strong></span> 
     </span>
    </p>
   </div>
   <div class='ocr_carea' id='block_1_48' title="bbox 603 5390 2183 5468">
    <p class='ocr_par' dir='ltr' id='par_1_48' title="bbox 603 5390 2183 5468">
     <span class='ocr_line' id='line_1_48' title="bbox 603 5390 2183 5468; baseline 0.005 -25"><span class='ocrx_word' id='word_1_366' title='bbox 603 5390 891 5461; x_wconf 83' lang='lat' dir='ltr'><strong>plantatum</strong></span> <span class='ocrx_word' id='word_1_367' title='bbox 914 5391 1204 5448; x_wconf 86' lang='lat' dir='ltr'><strong>secundum</strong></span> <span class='ocrx_word' id='word_1_368' title='bbox 1226 5393 1482 5452; x_wconf 89' lang='lat' dir='ltr'><strong>decursus</strong></span> <span class='ocrx_word' id='word_1_369' title='bbox 1516 5412 1773 5468; x_wconf 88' lang='lat' dir='ltr'><strong>aquarum</strong></span> <span class='ocrx_word' id='word_1_370' title='bbox 1804 5415 1818 5452; x_wconf 86' lang='lat'><strong>:</strong></span> <span class='ocrx_word' id='word_1_371' title='bbox 1850 5405 2023 5468; x_wconf 89' lang='lat' dir='ltr'><strong>potest</strong></span> <span class='ocrx_word' id='word_1_372' title='bbox 2041 5398 2183 5453; x_wconf 85' lang='lat' dir='ltr'><strong>enim</strong></span> 
     </span>
    </p>
   </div>
   <div class='ocr_carea' id='block_1_49' title="bbox 664 5524 2180 5598">
    <p class='ocr_par' dir='ltr' id='par_1_49' title="bbox 664 5524 2180 5598">
     <span class='ocr_line' id='line_1_49' title="bbox 664 5524 2180 5598; baseline 0.006 -26"><span class='ocrx_word' id='word_1_373' title='bbox 664 5525 678 5598; x_wconf 60' lang='grc' dir='ltr'><em>ξ</em></span> <span class='ocrx_word' id='word_1_374' title='bbox 707 5530 882 5598; x_wconf 71' lang='lat' dir='ltr'><strong>Novem</strong></span> <span class='ocrx_word' id='word_1_375' title='bbox 895 5530 1032 5598; x_wconf 32' lang='lat' dir='ltr'><strong>iis},</strong></span> <span class='ocrx_word' id='word_1_376' title='bbox 1057 5524 1414 5598; x_wconf 70' lang='lat' dir='ltr'><strong>increpiterunt.</strong></span> <span class='ocrx_word' id='word_1_377' title='bbox 1441 5529 1542 5591; x_wconf 92' lang='lat' dir='ltr'><strong>Alii,</strong></span> <span class='ocrx_word' id='word_1_378' title='bbox 1562 5537 1785 5595; x_wconf 89' lang='lat' dir='ltr'><strong>quatuor,</strong></span> <span class='ocrx_word' id='word_1_379' title='bbox 1801 5529 2180 5598; x_wconf 74' lang='lat' dir='ltr'><strong>increpaverunt.</strong></span> 
     </span>
    </p>
   </div>
   <div class='ocr_carea' id='block_1_50' title="bbox 599 5587 2180 5699">
    <p class='ocr_par' dir='ltr' id='par_1_50' title="bbox 599 5587 2180 5699">
     <span class='ocr_line' id='line_1_50' title="bbox 603 5587 2180 5656; baseline 0.01 -24"><span class='ocrx_word' id='word_1_380' title='bbox 603 5591 820 5636; x_wconf 78' lang='lat' dir='ltr'><strong>Attamen</strong></span> <span class='ocrx_word' id='word_1_381' title='bbox 843 5587 964 5637; x_wconf 81' lang='lat' dir='ltr'><strong>infra</strong></span> <span class='ocrx_word' id='word_1_382' title='bbox 988 5589 1034 5638; x_wconf 89' lang='lat' dir='ltr'><strong>lu</strong></span> <span class='ocrx_word' id='word_1_383' title='bbox 1060 5587 1242 5641; x_wconf 70' lang='lat' dir='ltr'><strong>Psalnio</strong></span> <span class='ocrx_word' id='word_1_384' title='bbox 1268 5593 1339 5653; x_wconf 77' lang='lat' dir='ltr'><strong>l5,</strong></span> <span class='ocrx_word' id='word_1_385' title='bbox 1375 5587 1566 5654; x_wconf 81' lang='lat' dir='ltr'><strong>omnes,</strong></span> <span class='ocrx_word' id='word_1_386' title='bbox 1581 5587 1956 5656; x_wconf 48' lang='lat' dir='ltr'><strong>&#39;prwter&#39;unum&#39;,</strong></span> <span class='ocrx_word' id='word_1_387' title='bbox 1982 5593 2180 5653; x_wconf 81' lang='lat' dir='ltr'><strong>habent.</strong></span> 
     </span>
     <span class='ocr_line' id='line_1_51' title="bbox 599 5648 983 5699; baseline 0.01 -4"><span class='ocrx_word' id='word_1_388' title='bbox 599 5648 983 5699; x_wconf 77' lang='lat' dir='ltr'><strong>emendavernnt.</strong></span> 
     </span>
    </p>
   </div>
   <div class='ocr_carea' id='block_1_51' title="bbox 661 5685 2184 5778">
    <p class='ocr_par' dir='ltr' id='par_1_51' title="bbox 661 5685 2184 5778">
     <span class='ocr_line' id='line_1_52' title="bbox 661 5685 2184 5778; baseline -0.001 -11"><span class='ocrx_word' id='word_1_389' title='bbox 661 5685 866 5778; x_wconf 48' lang='lat'><strong>(753363</strong></span> <span class='ocrx_word' id='word_1_390' title='bbox 881 5685 1183 5778; x_wconf 48' lang='lat' dir='ltr'><strong>ih&#39;lltctract.</strong></span> <span class='ocrx_word' id='word_1_391' title='bbox 1203 5727 1286 5762; x_wconf 74' lang='lat' dir='ltr'><strong>xxx</strong></span> <span class='ocrx_word' id='word_1_392' title='bbox 1306 5715 1597 5776; x_wconf 79' lang='lat' dir='ltr'><strong>Augustinus</strong></span> <span class='ocrx_word' id='word_1_393' title='bbox 1629 5714 1882 5778; x_wconf 78' lang='lat' dir='ltr'><strong>improbat,</strong></span> <span class='ocrx_word' id='word_1_394' title='bbox 1904 5715 2032 5778; x_wconf 90' lang='lat' dir='ltr'><strong>quod</strong></span> <span class='ocrx_word' id='word_1_395' title='bbox 2053 5715 2184 5766; x_wconf 85' lang='lat' dir='ltr'><strong>Chri-</strong></span> 
     </span>
    </p>
   </div>
   <div class='ocr_carea' id='block_1_52' title="bbox 600 5767 2178 5841">
    <p class='ocr_par' dir='ltr' id='par_1_52' title="bbox 600 5767 2178 5841">
     <span class='ocr_line' id='line_1_53' title="bbox 600 5767 2178 5841; baseline 0.007 -22"><span class='ocrx_word' id='word_1_396' title='bbox 600 5767 958 5841; x_wconf 28' lang='lat' dir='ltr'><strong>tum‘hominem</strong></span> <span class='ocrx_word' id='word_1_397' title='bbox 987 5773 1303 5835; x_wconf 84' lang='lat' dir='ltr'><strong>Dominicum,</strong></span> <span class='ocrx_word' id='word_1_398' title='bbox 1343 5767 1452 5838; x_wconf 68' lang='lat' dir='ltr'><strong>post</strong></span> <span class='ocrx_word' id='word_1_399' title='bbox 1491 5767 1728 5841; x_wconf 65' lang='lat' dir='ltr'><strong>quosdam</strong></span> <span class='ocrx_word' id='word_1_400' title='bbox 1766 5767 1890 5831; x_wconf 68' lang='lat' dir='ltr'><strong>licet</strong></span> <span class='ocrx_word' id='word_1_401' title='bbox 1907 5767 2178 5831; x_wconf 75' lang='lat' dir='ltr'><strong>éatbolicos</strong></span> 
     </span>
    </p>
   </div>
   <div class='ocr_carea' id='block_1_53' title="bbox 601 5833 1338 5899">
    <p class='ocr_par' dir='ltr' id='par_1_53' title="bbox 601 5833 1338 5899">
     <span class='ocr_line' id='line_1_54' title="bbox 601 5833 1338 5899; baseline 0.005 -18"><span class='ocrx_word' id='word_1_402' title='bbox 601 5837 854 5896; x_wconf 80' lang='lat' dir='ltr'><strong>mptores,</strong></span> <span class='ocrx_word' id='word_1_403' title='bbox 872 5833 1070 5886; x_wconf 77' lang='lat' dir='ltr'><strong>dixerit.</strong></span> <span class='ocrx_word' id='word_1_404' title='bbox 1291 5833 1298 5835; x_wconf 74' lang='grc'><strong><em>“</em></strong></span> <span class='ocrx_word' id='word_1_405' title='bbox 1331 5893 1338 5899; x_wconf 46' lang='grc'><strong>,</strong></span> 
     </span>
    </p>
   </div>
   <div class='ocr_carea' id='block_1_54' title="bbox 2293 1620 3875 1702">
    <p class='ocr_par' dir='ltr' id='par_1_54' title="bbox 2293 1620 3875 1702">
     <span class='ocr_line' id='line_1_55' title="bbox 2293 1620 3875 1702; baseline 0.011 -26"><span class='ocrx_word' id='word_1_406' title='bbox 2293 1628 2348 1676; x_wconf 86' lang='grc' dir='ltr'><strong>ει</strong></span> <span class='ocrx_word' id='word_1_407' title='bbox 2375 1620 2477 1677; x_wconf 90' lang='lat' dir='ltr'><strong>hoc</strong></span> <span class='ocrx_word' id='word_1_408' title='bbox 2503 1621 2770 1678; x_wconf 90' lang='lat' dir='ltr'><strong>intellectu</strong></span> <span class='ocrx_word' id='word_1_409' title='bbox 2799 1623 2986 1696; x_wconf 87' lang='lat' dir='ltr'><strong>accipi,</strong></span> <span class='ocrx_word' id='word_1_410' title='bbox 3019 1625 3159 1697; x_wconf 89' lang='lat' dir='ltr'><strong>quod</strong></span> <span class='ocrx_word' id='word_1_411' title='bbox 3190 1627 3242 1683; x_wconf 91' lang='lat' dir='ltr'><strong>in</strong></span> <span class='ocrx_word' id='word_1_412' title='bbox 3267 1629 3374 1685; x_wconf 90' lang='lat' dir='ltr'><strong>alio</strong></span> <span class='ocrx_word' id='word_1_413' title='bbox 3409 1632 3613 1702; x_wconf 87' lang='lat' dir='ltr'><strong>psalmo</strong></span> <span class='ocrx_word' id='word_1_414' title='bbox 3640 1634 3832 1692; x_wconf 88' lang='lat' dir='ltr'><strong>dicitur</strong></span> <span class='ocrx_word' id='word_1_415' title='bbox 3859 1657 3875 1695; x_wconf 90' lang='lat'><strong>:</strong></span> 
     </span>
    </p>
   </div>
   <div class='ocr_carea' id='block_1_55' title="bbox 2291 1709 3880 1795">
    <p class='ocr_par' dir='ltr' id='par_1_55' title="bbox 2291 1709 3880 1795">
     <span class='ocr_line' id='line_1_56' title="bbox 2291 1709 3880 1795; baseline 0.014 -31"><span class='ocrx_word' id='word_1_416' title='bbox 2291 1709 2504 1767; x_wconf 80' lang='lat' dir='ltr'><strong>Fluvius</strong></span> <span class='ocrx_word' id='word_1_417' title='bbox 2549 1709 2648 1768; x_wconf 91' lang='lat' dir='ltr'><strong>Dei</strong></span> <span class='ocrx_word' id='word_1_418' title='bbox 2687 1716 2904 1786; x_wconf 86' lang='lat' dir='ltr'><strong>repletus</strong></span> <span class='ocrx_word' id='word_1_419' title='bbox 2944 1726 3014 1771; x_wconf 88' lang='lat' dir='ltr'><strong>est</strong></span> <span class='ocrx_word' id='word_1_420' title='bbox 3049 1735 3182 1789; x_wconf 91' lang='lat' dir='ltr'><strong>aqua</strong></span> <span class='ocrx_word' id='word_1_421' title='bbox 3223 1721 3394 1790; x_wconf 84' lang='lat' dir='ltr'><strong>(Psal.</strong></span> <span class='ocrx_word' id='word_1_422' title='bbox 3441 1739 3582 1790; x_wconf 79' lang='lat' dir='ltr'><strong>utv,</strong></span> <span class='ocrx_word' id='word_1_423' title='bbox 3617 1727 3728 1795; x_wconf 77' lang='grc'><strong>10).</strong></span> <span class='ocrx_word' id='word_1_424' title='bbox 3775 1731 3880 1786; x_wconf 80' lang='lat' dir='ltr'><strong>Aut</strong></span> 
     </span>
    </p>
   </div>
   <div class='ocr_carea' id='block_1_56' title="bbox 2291 1805 3879 1890">
    <p class='ocr_par' dir='ltr' id='par_1_56' title="bbox 2291 1805 3879 1890">
     <span class='ocr_line' id='line_1_57' title="bbox 2291 1805 3879 1890; baseline 0.013 -31"><span class='ocrx_word' id='word_1_425' title='bbox 2291 1805 2583 1860; x_wconf 77' lang='lat' dir='ltr'><strong>secundum</strong></span> <span class='ocrx_word' id='word_1_426' title='bbox 2623 1805 2877 1877; x_wconf 90' lang='lat' dir='ltr'><strong>Spiritum</strong></span> <span class='ocrx_word' id='word_1_427' title='bbox 2909 1809 3171 1878; x_wconf 80' lang='lat' dir='ltr'><strong>sa’nctum,</strong></span> <span class='ocrx_word' id='word_1_428' title='bbox 3211 1816 3501 1872; x_wconf 89' lang='lat' dir='ltr'><strong>secundum</strong></span> <span class='ocrx_word' id='word_1_429' title='bbox 3546 1837 3706 1890; x_wconf 91' lang='lat' dir='ltr'><strong>quem</strong></span> <span class='ocrx_word' id='word_1_430' title='bbox 3745 1823 3879 1880; x_wconf 88' lang='lat' dir='ltr'><strong>dici-</strong></span> 
     </span>
    </p>
   </div>
   <div class='ocr_carea' id='block_1_57' title="bbox 2291 1895 3878 1980">
    <p class='ocr_par' dir='ltr' id='par_1_57' title="bbox 2291 1895 3878 1980">
     <span class='ocr_line' id='line_1_58' title="bbox 2291 1895 3878 1980; baseline 0.011 -30"><span class='ocrx_word' id='word_1_431' title='bbox 2291 1903 2379 1951; x_wconf 89' lang='lat' dir='ltr'><strong>tur</strong></span> <span class='ocrx_word' id='word_1_432' title='bbox 2411 1913 2424 1949; x_wconf 90' lang='lat'><strong>:</strong></span> <span class='ocrx_word' id='word_1_433' title='bbox 2458 1895 2580 1966; x_wconf 86' lang='lat' dir='ltr'><strong>Ipse</strong></span> <span class='ocrx_word' id='word_1_434' title='bbox 2612 1915 2699 1952; x_wconf 71' lang='lat' dir='ltr'><strong>vos</strong></span> <span class='ocrx_word' id='word_1_435' title='bbox 2735 1900 3006 1970; x_wconf 77' lang='lat' dir='ltr'><strong>baptizabit</strong></span> <span class='ocrx_word' id='word_1_436' title='bbox 3034 1903 3086 1956; x_wconf 91' lang='lat' dir='ltr'><strong>in</strong></span> <span class='ocrx_word' id='word_1_437' title='bbox 3126 1904 3323 1974; x_wconf 86' lang='lat' dir='ltr'><strong>Spiritu</strong></span> <span class='ocrx_word' id='word_1_438' title='bbox 3355 1918 3528 1963; x_wconf 88' lang='lat' dir='ltr'><strong>sancto</strong></span> <span class='ocrx_word' id='word_1_439' title='bbox 3556 1910 3769 1980; x_wconf 80' lang='lat' dir='ltr'><strong>(Matth.</strong></span> <span class='ocrx_word' id='word_1_440' title='bbox 3802 1929 3878 1978; x_wconf 92' lang='grc' dir='ltr'>ιιι,</span> 
     </span>
    </p>
   </div>
   <div class='ocr_carea' id='block_1_58' title="bbox 2291 1985 3881 2076">
    <p class='ocr_par' dir='ltr' id='par_1_58' title="bbox 2291 1985 3881 2076">
     <span class='ocr_line' id='line_1_59' title="bbox 2291 1985 3881 2076; baseline 0.01 -34"><span class='ocrx_word' id='word_1_441' title='bbox 2291 1985 2416 2059; x_wconf 70' lang='lat' dir='ltr'><strong>il);</strong></span> <span class='ocrx_word' id='word_1_442' title='bbox 2449 1995 2502 2041; x_wconf 91' lang='lat' dir='ltr'><strong>et</strong></span> <span class='ocrx_word' id='word_1_443' title='bbox 2530 1985 2659 2042; x_wconf 88' lang='lat' dir='ltr'><strong>illud</strong></span> <span class='ocrx_word' id='word_1_444' title='bbox 2684 2004 2697 2040; x_wconf 89' lang='lat'><strong>:</strong></span> <span class='ocrx_word' id='word_1_445' title='bbox 2732 1988 2834 2056; x_wconf 83' lang='lat' dir='ltr'><strong>Qui</strong></span> <span class='ocrx_word' id='word_1_446' title='bbox 2857 1991 2980 2058; x_wconf 86' lang='lat' dir='ltr'><strong>sitit,</strong></span> <span class='ocrx_word' id='word_1_447' title='bbox 3002 1993 3185 2058; x_wconf 81' lang='lat' dir='ltr'><strong>veniat,</strong></span> <span class='ocrx_word' id='word_1_448' title='bbox 3206 2005 3255 2048; x_wconf 88' lang='lat' dir='ltr'><strong>et</strong></span> <span class='ocrx_word' id='word_1_449' title='bbox 3275 1995 3409 2051; x_wconf 80' lang='lat' dir='ltr'><strong>bibat</strong></span> <span class='ocrx_word' id='word_1_450' title='bbox 3428 1999 3606 2069; x_wconf 83' lang='lat' dir='ltr'><strong>(Joan.</strong></span> <span class='ocrx_word' id='word_1_451' title='bbox 3634 2018 3729 2069; x_wconf 76' lang='lat' dir='ltr'><strong>vn,</strong></span> <span class='ocrx_word' id='word_1_452' title='bbox 3755 2005 3881 2076; x_wconf 77' lang='lat'><strong>57);</strong></span> 
     </span>
    </p>
   </div>
   <div class='ocr_carea' id='block_1_59' title="bbox 2290 2077 3888 2162">
    <p class='ocr_par' dir='ltr' id='par_1_59' title="bbox 2290 2077 3888 2162">
     <span class='ocr_line' id='line_1_60' title="bbox 2290 2077 3888 2162; baseline 0.011 -29"><span class='ocrx_word' id='word_1_453' title='bbox 2290 2086 2344 2133; x_wconf 88' lang='lat' dir='ltr'><strong>et</strong></span> <span class='ocrx_word' id='word_1_454' title='bbox 2388 2077 2519 2134; x_wconf 89' lang='lat' dir='ltr'><strong>illud</strong></span> <span class='ocrx_word' id='word_1_455' title='bbox 2557 2097 2571 2132; x_wconf 89' lang='lat'>:</span> <span class='ocrx_word' id='word_1_456' title='bbox 2604 2080 2666 2135; x_wconf 90' lang='lat' dir='ltr'><strong>Si</strong></span> <span class='ocrx_word' id='word_1_457' title='bbox 2699 2082 2853 2136; x_wconf 85' lang='lat' dir='ltr'><strong>scires</strong></span> <span class='ocrx_word' id='word_1_458' title='bbox 2893 2083 3082 2138; x_wconf 85' lang='lat' dir='ltr'><strong>donum</strong></span> <span class='ocrx_word' id='word_1_459' title='bbox 3123 2085 3237 2150; x_wconf 87' lang='lat' dir='ltr'><strong>Dei,</strong></span> <span class='ocrx_word' id='word_1_460' title='bbox 3274 2098 3324 2144; x_wconf 85' lang='lat' dir='ltr'><strong>et</strong></span> <span class='ocrx_word' id='word_1_461' title='bbox 3361 2091 3476 2157; x_wconf 86' lang='lat' dir='ltr'><strong>quis</strong></span> <span class='ocrx_word' id='word_1_462' title='bbox 3519 2102 3594 2146; x_wconf 89' lang='lat' dir='ltr'><strong>est</strong></span> <span class='ocrx_word' id='word_1_463' title='bbox 3635 2097 3724 2162; x_wconf 88' lang='lat' dir='ltr'><strong>qui</strong></span> <span class='ocrx_word' id='word_1_464' title='bbox 3758 2113 3792 2148; x_wconf 94' lang='lat' dir='ltr'><strong>a</strong></span> <span class='ocrx_word' id='word_1_465' title='bbox 3839 2107 3888 2152; x_wconf 88' lang='lat' dir='ltr'><strong>te</strong></span> 
     </span>
    </p>
   </div>
   <div class='ocr_carea' id='block_1_60' title="bbox 2290 2172 3884 2255">
    <p class='ocr_par' dir='ltr' id='par_1_60' title="bbox 2290 2172 3884 2255">
     <span class='ocr_line' id='line_1_61' title="bbox 2290 2172 3884 2255; baseline 0.012 -33"><span class='ocrx_word' id='word_1_466' title='bbox 2290 2185 2474 2242; x_wconf 88' lang='lat' dir='ltr'><strong>aquam</strong></span> <span class='ocrx_word' id='word_1_467' title='bbox 2508 2172 2665 2241; x_wconf 87' lang='lat' dir='ltr'><strong>petit;</strong></span> <span class='ocrx_word' id='word_1_468' title='bbox 2691 2175 2896 2243; x_wconf 84' lang='lat' dir='ltr'><strong>petisses</strong></span> <span class='ocrx_word' id='word_1_469' title='bbox 2919 2177 2982 2231; x_wconf 74' lang='lat' dir='ltr'><strong>ab</strong></span> <span class='ocrx_word' id='word_1_470' title='bbox 3009 2193 3087 2243; x_wconf 88' lang='lat' dir='ltr'><strong>eo,</strong></span> <span class='ocrx_word' id='word_1_471' title='bbox 3115 2187 3161 2231; x_wconf 87' lang='lat' dir='ltr'><strong>et</strong></span> <span class='ocrx_word' id='word_1_472' title='bbox 3189 2179 3329 2233; x_wconf 89' lang='lat' dir='ltr'><strong>daret</strong></span> <span class='ocrx_word' id='word_1_473' title='bbox 3357 2180 3446 2235; x_wconf 87' lang='lat' dir='ltr'><strong>tibi</strong></span> <span class='ocrx_word' id='word_1_474' title='bbox 3476 2199 3662 2251; x_wconf 88' lang='lat' dir='ltr'><strong>aquam</strong></span> <span class='ocrx_word' id='word_1_475' title='bbox 3695 2186 3884 2255; x_wconf 75' lang='lat' dir='ltr'><strong>vivam,</strong></span> 
     </span>
    </p>
   </div>
   <div class='ocr_carea' id='block_1_61' title="bbox 2291 2261 3885 2346">
    <p class='ocr_par' dir='ltr' id='par_1_61' title="bbox 2291 2261 3885 2346">
     <span class='ocr_line' id='line_1_62' title="bbox 2291 2261 3885 2346; baseline 0.011 -30"><span class='ocrx_word' id='word_1_476' title='bbox 2291 2261 2426 2316; x_wconf 88' lang='lat' dir='ltr'><strong>unde</strong></span> <span class='ocrx_word' id='word_1_477' title='bbox 2447 2263 2533 2334; x_wconf 87' lang='lat' dir='ltr'><strong>qui</strong></span> <span class='ocrx_word' id='word_1_478' title='bbox 2559 2263 2733 2320; x_wconf 88' lang='lat' dir='ltr'><strong>biberit</strong></span> <span class='ocrx_word' id='word_1_479' title='bbox 2764 2281 2866 2342; x_wconf 84' lang='lat' dir='ltr'><strong>non</strong></span> <span class='ocrx_word' id='word_1_480' title='bbox 2892 2267 3026 2322; x_wconf 89' lang='lat' dir='ltr'><strong>sitiet</strong></span> <span class='ocrx_word' id='word_1_481' title='bbox 3051 2269 3103 2322; x_wconf 89' lang='lat' dir='ltr'><strong>in</strong></span> <span class='ocrx_word' id='word_1_482' title='bbox 3135 2279 3416 2339; x_wconf 68' lang='lat' dir='ltr'><strong>internum;</strong></span> <span class='ocrx_word' id='word_1_483' title='bbox 3448 2273 3537 2329; x_wconf 86' lang='lat' dir='ltr'><strong>sed</strong></span> <span class='ocrx_word' id='word_1_484' title='bbox 3560 2275 3804 2346; x_wconf 59' lang='lat' dir='ltr'><strong>enicietur</strong></span> <span class='ocrx_word' id='word_1_485' title='bbox 3832 2279 3885 2333; x_wconf 81' lang='lat' dir='ltr'><strong>in</strong></span> 
     </span>
    </p>
   </div>
   <div class='ocr_carea' id='block_1_62' title="bbox 2291 2356 3884 2438">
    <p class='ocr_par' dir='ltr' id='par_1_62' title="bbox 2291 2356 3884 2438">
     <span class='ocr_line' id='line_1_63' title="bbox 2291 2356 3884 2438; baseline 0.011 -28"><span class='ocrx_word' id='word_1_486' title='bbox 2291 2371 2350 2412; x_wconf 85' lang='lat' dir='ltr'><strong>ea</strong></span> <span class='ocrx_word' id='word_1_487' title='bbox 2377 2356 2494 2427; x_wconf 77' lang='lat' dir='ltr'><strong>fons</strong></span> <span class='ocrx_word' id='word_1_488' title='bbox 2521 2374 2665 2428; x_wconf 69' lang='lat' dir='ltr'><strong>aqua</strong></span> <span class='ocrx_word' id='word_1_489' title='bbox 2697 2359 2922 2415; x_wconf 84' lang='lat' dir='ltr'><strong>salientis</strong></span> <span class='ocrx_word' id='word_1_490' title='bbox 2953 2361 3005 2416; x_wconf 91' lang='lat' dir='ltr'><strong>in</strong></span> <span class='ocrx_word' id='word_1_491' title='bbox 3031 2362 3181 2416; x_wconf 85' lang='lat' dir='ltr'><strong>vitam</strong></span> <span class='ocrx_word' id='word_1_492' title='bbox 3221 2372 3462 2419; x_wconf 71' lang='lat' dir='ltr'><strong>reternam</strong></span> <span class='ocrx_word' id='word_1_493' title='bbox 3486 2366 3505 2436; x_wconf 94' lang='lat'><strong>(</strong></span> <span class='ocrx_word' id='word_1_494' title='bbox 3533 2365 3650 2435; x_wconf 89' lang='lat' dir='ltr'><strong>Id.,</strong></span> <span class='ocrx_word' id='word_1_495' title='bbox 3684 2384 3759 2436; x_wconf 82' lang='lat' dir='ltr'><strong>tv,</strong></span> <span class='ocrx_word' id='word_1_496' title='bbox 3795 2371 3884 2438; x_wconf 71' lang='lat'><strong>10,</strong></span> 
     </span>
    </p>
   </div>
   <div class='ocr_carea' id='block_1_63' title="bbox 2293 2449 3885 2524">
    <p class='ocr_par' dir='ltr' id='par_1_63' title="bbox 2293 2449 3885 2524">
     <span class='ocr_line' id='line_1_64' title="bbox 2293 2449 3885 2524; baseline 0.009 -20"><span class='ocrx_word' id='word_1_497' title='bbox 2293 2449 2384 2517; x_wconf 76' lang='grc'><strong>13,</strong></span> <span class='ocrx_word' id='word_1_498' title='bbox 2414 2449 2523 2522; x_wconf 74' lang='grc'><strong>14).</strong></span> <span class='ocrx_word' id='word_1_499' title='bbox 2555 2452 2663 2507; x_wconf 82' lang='lat' dir='ltr'><strong>Aut</strong></span> <span class='ocrx_word' id='word_1_500' title='bbox 2698 2453 2977 2508; x_wconf 79' lang='lat' dir='ltr'><strong>secundum</strong></span> <span class='ocrx_word' id='word_1_501' title='bbox 3010 2455 3250 2511; x_wconf 82' lang='lat' dir='ltr'><strong>decursus</strong></span> <span class='ocrx_word' id='word_1_502' title='bbox 3285 2474 3552 2524; x_wconf 88' lang='lat' dir='ltr'><strong>aquarum,</strong></span> <span class='ocrx_word' id='word_1_503' title='bbox 3585 2462 3885 2518; x_wconf 87' lang='lat' dir='ltr'><strong>secundum</strong></span> 
     </span>
    </p>
   </div>
   <div class='ocr_carea' id='block_1_64' title="bbox 2293 2543 3889 2627">
    <p class='ocr_par' dir='ltr' id='par_1_64' title="bbox 2293 2543 3889 2627">
     <span class='ocr_line' id='line_1_65' title="bbox 2293 2543 3889 2627; baseline 0.011 -31"><span class='ocrx_word' id='word_1_504' title='bbox 2293 2543 2606 2613; x_wconf 89' lang='lat' dir='ltr'><strong>populorum</strong></span> <span class='ocrx_word' id='word_1_505' title='bbox 2633 2553 2870 2615; x_wconf 88' lang='lat' dir='ltr'><strong>peccata,</strong></span> <span class='ocrx_word' id='word_1_506' title='bbox 2901 2547 3022 2618; x_wconf 91' lang='lat' dir='ltr'><strong>quia</strong></span> <span class='ocrx_word' id='word_1_507' title='bbox 3050 2557 3104 2604; x_wconf 92' lang='lat' dir='ltr'><strong>et</strong></span> <span class='ocrx_word' id='word_1_508' title='bbox 3136 2563 3288 2620; x_wconf 73' lang='lat' dir='ltr'><strong>aqua:</strong></span> <span class='ocrx_word' id='word_1_509' title='bbox 3316 2551 3494 2621; x_wconf 91' lang='lat' dir='ltr'><strong>populi</strong></span> <span class='ocrx_word' id='word_1_510' title='bbox 3527 2553 3889 2627; x_wconf 83' lang='lat' dir='ltr'><strong>interpretan-</strong></span> 
     </span>
    </p>
   </div>
   <div class='ocr_carea' id='block_1_65' title="bbox 2292 2635 3887 2711">
    <p class='ocr_par' dir='ltr' id='par_1_65' title="bbox 2292 2635 3887 2711">
     <span class='ocr_line' id='line_1_66' title="bbox 2292 2635 3887 2711; baseline 0.009 -21"><span class='ocrx_word' id='word_1_511' title='bbox 2292 2641 2381 2691; x_wconf 88' lang='lat' dir='ltr'><strong>tur</strong></span> <span class='ocrx_word' id='word_1_512' title='bbox 2408 2635 2462 2690; x_wconf 90' lang='lat' dir='ltr'><strong>in</strong></span> <span class='ocrx_word' id='word_1_513' title='bbox 2503 2637 2823 2708; x_wconf 80' lang='lat' dir='ltr'><strong>Apocalypsi</strong></span> <span class='ocrx_word' id='word_1_514' title='bbox 2848 2637 3029 2709; x_wconf 86' lang='lat' dir='ltr'><strong>(Apoc.</strong></span> <span class='ocrx_word' id='word_1_515' title='bbox 3058 2656 3184 2707; x_wconf 78' lang='lat' dir='ltr'><strong>xvn,</strong></span> <span class='ocrx_word' id='word_1_516' title='bbox 3220 2642 3346 2711; x_wconf 82' lang='lat' dir='ltr'><strong>i5);</strong></span> <span class='ocrx_word' id='word_1_517' title='bbox 3383 2652 3439 2698; x_wconf 91' lang='lat' dir='ltr'><strong>et</strong></span> <span class='ocrx_word' id='word_1_518' title='bbox 3475 2643 3742 2703; x_wconf 84' lang='lat' dir='ltr'><strong>decursus</strong></span> <span class='ocrx_word' id='word_1_519' title='bbox 3781 2663 3887 2704; x_wconf 84' lang='lat' dir='ltr'><strong>non</strong></span> 
     </span>
    </p>
   </div>
   <div class='ocr_carea' id='block_1_66' title="bbox 2291 2725 3888 2803">
    <p class='ocr_par' dir='ltr' id='par_1_66' title="bbox 2291 2725 3888 2803">
     <span class='ocr_line' id='line_1_67' title="bbox 2291 2725 3888 2803; baseline 0.009 -23"><span class='ocrx_word' id='word_1_520' title='bbox 2291 2725 2523 2781; x_wconf 82' lang='lat' dir='ltr'><strong>absurde</strong></span> <span class='ocrx_word' id='word_1_521' title='bbox 2565 2726 2875 2798; x_wconf 89' lang='lat' dir='ltr'><strong>intelligitur</strong></span> <span class='ocrx_word' id='word_1_522' title='bbox 2921 2729 3121 2798; x_wconf 85' lang='lat' dir='ltr'><strong>lapsus,</strong></span> <span class='ocrx_word' id='word_1_523' title='bbox 3167 2731 3309 2801; x_wconf 90' lang='lat' dir='ltr'><strong>quod</strong></span> <span class='ocrx_word' id='word_1_524' title='bbox 3361 2735 3595 2803; x_wconf 84' lang='lat' dir='ltr'><strong>pertinet</strong></span> <span class='ocrx_word' id='word_1_525' title='bbox 3637 2737 3707 2791; x_wconf 87' lang='lat' dir='ltr'><strong>ad</strong></span> <span class='ocrx_word' id='word_1_526' title='bbox 3755 2738 3888 2796; x_wconf 80' lang='lat' dir='ltr'><strong>deli-</strong></span> 
     </span>
    </p>
   </div>
   <div class='ocr_carea' id='block_1_67' title="bbox 2293 2815 3888 2894">
    <p class='ocr_par' dir='ltr' id='par_1_67' title="bbox 2293 2815 3888 2894">
     <span class='ocr_line' id='line_1_68' title="bbox 2293 2815 3888 2894; baseline 0.009 -24"><span class='ocrx_word' id='word_1_527' title='bbox 2293 2825 2460 2870; x_wconf 73' lang='lat' dir='ltr'><strong>Ctum.</strong></span> <span class='ocrx_word' id='word_1_528' title='bbox 2489 2815 2714 2888; x_wconf 88' lang='lat' dir='ltr'><strong>Lignum</strong></span> <span class='ocrx_word' id='word_1_529' title='bbox 2743 2832 2872 2890; x_wconf 85' lang='lat' dir='ltr'><strong>ergo</strong></span> <span class='ocrx_word' id='word_1_530' title='bbox 2907 2817 3054 2885; x_wconf 88' lang='lat' dir='ltr'><strong>illud,</strong></span> <span class='ocrx_word' id='word_1_531' title='bbox 3097 2819 3151 2875; x_wconf 92' lang='lat' dir='ltr'><strong>id</strong></span> <span class='ocrx_word' id='word_1_532' title='bbox 3177 2829 3258 2877; x_wconf 89' lang='lat' dir='ltr'><strong>est</strong></span> <span class='ocrx_word' id='word_1_533' title='bbox 3298 2821 3553 2881; x_wconf 87' lang='lat' dir='ltr'><strong>Dominus</strong></span> <span class='ocrx_word' id='word_1_534' title='bbox 3577 2840 3788 2894; x_wconf 60' lang='lat' dir='ltr'><strong>noster,</strong></span> <span class='ocrx_word' id='word_1_535' title='bbox 3820 2827 3888 2886; x_wconf 86' lang='lat' dir='ltr'><strong>de</strong></span> 
     </span>
    </p>
   </div>
   <div class='ocr_carea' id='block_1_68' title="bbox 2293 2909 3887 2987">
    <p class='ocr_par' dir='ltr' id='par_1_68' title="bbox 2293 2909 3887 2987">
     <span class='ocr_line' id='line_1_69' title="bbox 2293 2909 3887 2987; baseline 0.008 -24"><span class='ocrx_word' id='word_1_536' title='bbox 2293 2910 2444 2980; x_wconf 88' lang='lat' dir='ltr'><strong>aquis</strong></span> <span class='ocrx_word' id='word_1_537' title='bbox 2485 2909 2924 2980; x_wconf 89' lang='lat' dir='ltr'><strong>decurrentibus,</strong></span> <span class='ocrx_word' id='word_1_538' title='bbox 2970 2911 3022 2967; x_wconf 91' lang='lat' dir='ltr'><strong>id</strong></span> <span class='ocrx_word' id='word_1_539' title='bbox 3069 2920 3153 2968; x_wconf 91' lang='lat' dir='ltr'><strong>est</strong></span> <span class='ocrx_word' id='word_1_540' title='bbox 3205 2914 3416 2984; x_wconf 91' lang='lat' dir='ltr'><strong>populis</strong></span> <span class='ocrx_word' id='word_1_541' title='bbox 3465 2919 3887 2987; x_wconf 84' lang='lat' dir='ltr'><strong>peccatoribus,</strong></span> 
     </span>
    </p>
   </div>
   <div class='ocr_carea' id='block_1_69' title="bbox 2295 3003 3893 3081">
    <p class='ocr_par' dir='ltr' id='par_1_69' title="bbox 2295 3003 3893 3081">
     <span class='ocr_line' id='line_1_70' title="bbox 2295 3003 3893 3081; baseline 0.007 -24"><span class='ocrx_word' id='word_1_542' title='bbox 2295 3003 2512 3058; x_wconf 86' lang='lat' dir='ltr'><strong>trahens</strong></span> <span class='ocrx_word' id='word_1_543' title='bbox 2537 3018 2631 3058; x_wconf 91' lang='lat' dir='ltr'><strong>eos</strong></span> <span class='ocrx_word' id='word_1_544' title='bbox 2665 3004 2719 3058; x_wconf 93' lang='lat' dir='ltr'><strong>in</strong></span> <span class='ocrx_word' id='word_1_545' title='bbox 2747 3005 2829 3058; x_wconf 86' lang='lat' dir='ltr'><strong>via</strong></span> <span class='ocrx_word' id='word_1_546' title='bbox 2858 3004 2911 3059; x_wconf 92' lang='lat' dir='ltr'><strong>iu</strong></span> <span class='ocrx_word' id='word_1_547' title='bbox 2954 3005 3161 3061; x_wconf 88' lang='lat' dir='ltr'><strong>radices</strong></span> <span class='ocrx_word' id='word_1_548' title='bbox 3184 3007 3477 3078; x_wconf 67' lang='lat' dir='ltr'><strong>disciplina:</strong></span> <span class='ocrx_word' id='word_1_549' title='bbox 3500 3024 3640 3078; x_wconf 68' lang='lat' dir='ltr'><strong>suae,</strong></span> <span class='ocrx_word' id='word_1_550' title='bbox 3667 3013 3893 3081; x_wconf 61' lang='lat' dir='ltr'><strong>[rue-La</strong></span> 
     </span>
    </p>
   </div>
   <div class='ocr_carea' id='block_1_70' title="bbox 2293 3092 3886 3175">
    <p class='ocr_par' dir='ltr' id='par_1_70' title="bbox 2293 3092 3886 3175">
     <span class='ocr_line' id='line_1_71' title="bbox 2293 3092 3886 3175; baseline 0.009 -29"><span class='ocrx_word' id='word_1_551' title='bbox 2293 3092 2452 3158; x_wconf 81' lang='lat' dir='ltr'><strong>dabit,</strong></span> <span class='ocrx_word' id='word_1_552' title='bbox 2485 3093 2585 3149; x_wconf 90' lang='lat' dir='ltr'><strong>hoc</strong></span> <span class='ocrx_word' id='word_1_553' title='bbox 2628 3103 2732 3173; x_wconf 86' lang='lat' dir='ltr'><strong>est,</strong></span> <span class='ocrx_word' id='word_1_554' title='bbox 2777 3095 3064 3150; x_wconf 90' lang='lat' dir='ltr'><strong>constituet</strong></span> <span class='ocrx_word' id='word_1_555' title='bbox 3108 3095 3406 3165; x_wconf 74' lang='lat' dir='ltr'><strong>Ecclesiae;</strong></span> <span class='ocrx_word' id='word_1_556' title='bbox 3433 3099 3486 3154; x_wconf 87' lang='lat' dir='ltr'><strong>in</strong></span> <span class='ocrx_word' id='word_1_557' title='bbox 3515 3109 3748 3175; x_wconf 87' lang='lat' dir='ltr'><strong>tempore</strong></span> <span class='ocrx_word' id='word_1_558' title='bbox 3774 3121 3886 3166; x_wconf 76' lang='lat' dir='ltr'><strong>sua.</strong></span> 
     </span>
    </p>
   </div>
   <div class='ocr_carea' id='block_1_71' title="bbox 2295 3183 3894 3255">
    <p class='ocr_par' dir='ltr' id='par_1_71' title="bbox 2295 3183 3894 3255">
     <span class='ocr_line' id='line_1_72' title="bbox 2295 3183 3894 3255; baseline 0.011 -18"><span class='ocrx_word' id='word_1_559' title='bbox 2295 3183 2348 3238; x_wconf 88' lang='lat' dir='ltr'><strong>id</strong></span> <span class='ocrx_word' id='word_1_560' title='bbox 2395 3193 2494 3250; x_wconf 90' lang='lat' dir='ltr'><strong>est,</strong></span> <span class='ocrx_word' id='word_1_561' title='bbox 2547 3193 2824 3255; x_wconf 89' lang='lat' dir='ltr'><strong>postquam</strong></span> <span class='ocrx_word' id='word_1_562' title='bbox 2879 3185 3197 3243; x_wconf 81' lang='lat' dir='ltr'><strong>clariﬁcatus</strong></span> <span class='ocrx_word' id='word_1_563' title='bbox 3252 3197 3333 3244; x_wconf 91' lang='lat' dir='ltr'><strong>est</strong></span> <span class='ocrx_word' id='word_1_564' title='bbox 3385 3193 3789 3252; x_wconf 86' lang='lat' dir='ltr'><strong>resurrectione</strong></span> <span class='ocrx_word' id='word_1_565' title='bbox 3838 3204 3894 3254; x_wconf 84' lang='lat' dir='ltr'><strong>et</strong></span> 
     </span>
    </p>
   </div>
   <div class='ocr_carea' id='block_1_72' title="bbox 2293 3275 3894 3352">
    <p class='ocr_par' dir='ltr' id='par_1_72' title="bbox 2293 3275 3894 3352">
     <span class='ocr_line' id='line_1_73' title="bbox 2293 3275 3894 3352; baseline 0.01 -22"><span class='ocrx_word' id='word_1_566' title='bbox 2293 3275 2605 3333; x_wconf 87' lang='lat' dir='ltr'><strong>ascensione</strong></span> <span class='ocrx_word' id='word_1_567' title='bbox 2626 3277 2678 3332; x_wconf 92' lang='lat' dir='ltr'><strong>in</strong></span> <span class='ocrx_word' id='word_1_568' title='bbox 2704 3277 2922 3334; x_wconf 77' lang='lat' dir='ltr'><strong>ctelnm.</strong></span> <span class='ocrx_word' id='word_1_569' title='bbox 2953 3279 3101 3335; x_wconf 89' lang='lat' dir='ltr'><strong>Tunc</strong></span> <span class='ocrx_word' id='word_1_570' title='bbox 3120 3279 3262 3336; x_wconf 88' lang='lat' dir='ltr'><strong>enim</strong></span> <span class='ocrx_word' id='word_1_571' title='bbox 3283 3280 3481 3352; x_wconf 86' lang='lat' dir='ltr'><strong>Spiritu</strong></span> <span class='ocrx_word' id='word_1_572' title='bbox 3506 3297 3706 3343; x_wconf 87' lang='lat' dir='ltr'><strong>sancto</strong></span> <span class='ocrx_word' id='word_1_573' title='bbox 3726 3289 3894 3346; x_wconf 83' lang='lat' dir='ltr'><strong>misso</strong></span> 
     </span>
    </p>
   </div>
   <div class='ocr_carea' id='block_1_73' title="bbox 2293 3367 3895 3438">
    <p class='ocr_par' dir='ltr' id='par_1_73' title="bbox 2293 3367 3895 3438">
     <span class='ocr_line' id='line_1_74' title="bbox 2293 3367 3895 3438; baseline 0.008 -16"><span class='ocrx_word' id='word_1_574' title='bbox 2293 3367 2581 3438; x_wconf 83' lang='lat' dir='ltr'><strong>Apostolis,</strong></span> <span class='ocrx_word' id='word_1_575' title='bbox 2609 3377 2666 3424; x_wconf 91' lang='lat' dir='ltr'><strong>et</strong></span> <span class='ocrx_word' id='word_1_576' title='bbox 2691 3369 2769 3424; x_wconf 91' lang='lat' dir='ltr'><strong>eis</strong></span> <span class='ocrx_word' id='word_1_577' title='bbox 2798 3369 2850 3424; x_wconf 91' lang='lat' dir='ltr'><strong>in</strong></span> <span class='ocrx_word' id='word_1_578' title='bbox 2891 3369 3080 3426; x_wconf 84' lang='lat' dir='ltr'><strong>liducia</strong></span> <span class='ocrx_word' id='word_1_579' title='bbox 3107 3372 3188 3427; x_wconf 93' lang='lat' dir='ltr'><strong>sui</strong></span> <span class='ocrx_word' id='word_1_580' title='bbox 3225 3373 3558 3432; x_wconf 80' lang='lat' dir='ltr'><strong>continuatis</strong></span> <span class='ocrx_word' id='word_1_581' title='bbox 3587 3387 3643 3433; x_wconf 92' lang='lat' dir='ltr'><strong>et</strong></span> <span class='ocrx_word' id='word_1_582' title='bbox 3670 3378 3895 3434; x_wconf 89' lang='lat' dir='ltr'><strong>directis</strong></span> 
     </span>
    </p>
   </div>
   <div class='ocr_carea' id='block_1_74' title="bbox 2294 3461 3894 3543">
    <p class='ocr_par' dir='ltr' id='par_1_74' title="bbox 2294 3461 3894 3543">
     <span class='ocr_line' id='line_1_75' title="bbox 2294 3461 3894 3543; baseline 0.009 -29"><span class='ocrx_word' id='word_1_583' title='bbox 2294 3461 2346 3515; x_wconf 89' lang='lat' dir='ltr'><strong>in</strong></span> <span class='ocrx_word' id='word_1_584' title='bbox 2375 3462 2616 3532; x_wconf 90' lang='lat' dir='ltr'><strong>populos.</strong></span> <span class='ocrx_word' id='word_1_585' title='bbox 2648 3461 2981 3518; x_wconf 76' lang='lat' dir='ltr'><strong>fructiﬁcavit</strong></span> <span class='ocrx_word' id='word_1_586' title='bbox 3002 3464 3313 3520; x_wconf 77' lang='lat' dir='ltr'><strong>Ecclesias‘.</strong></span> <span class='ocrx_word' id='word_1_587' title='bbox 3345 3465 3413 3520; x_wconf 86' lang='lat' dir='ltr'><strong>Et</strong></span> <span class='ocrx_word' id='word_1_588' title='bbox 3441 3469 3630 3539; x_wconf 79' lang='lat' dir='ltr'><strong>folium</strong></span> <span class='ocrx_word' id='word_1_589' title='bbox 3656 3473 3771 3543; x_wconf 85' lang='lat' dir='ltr'><strong>ejus</strong></span> <span class='ocrx_word' id='word_1_590' title='bbox 3791 3489 3894 3528; x_wconf 89' lang='lat' dir='ltr'><strong>non</strong></span> 
     </span>
    </p>
   </div>
   <div class='ocr_carea' id='block_1_75' title="bbox 2291 3551 3894 3636">
    <p class='ocr_par' dir='ltr' id='par_1_75' title="bbox 2291 3551 3894 3636">
     <span class='ocr_line' id='line_1_76' title="bbox 2291 3551 3894 3636; baseline 0.008 -30"><span class='ocrx_word' id='word_1_591' title='bbox 2291 3552 2529 3608; x_wconf 87' lang='lat' dir='ltr'><strong>decidet:</strong></span> <span class='ocrx_word' id='word_1_592' title='bbox 2559 3551 2609 3608; x_wconf 89' lang='lat' dir='ltr'><strong>id</strong></span> <span class='ocrx_word' id='word_1_593' title='bbox 2637 3562 2742 3618; x_wconf 88' lang='lat' dir='ltr'><strong>est,</strong></span> <span class='ocrx_word' id='word_1_594' title='bbox 2783 3555 3002 3610; x_wconf 87' lang='lat' dir='ltr'><strong>verbum</strong></span> <span class='ocrx_word' id='word_1_595' title='bbox 3030 3556 3145 3624; x_wconf 83' lang='lat' dir='ltr'><strong>ejus</strong></span> <span class='ocrx_word' id='word_1_596' title='bbox 3185 3574 3289 3612; x_wconf 91' lang='lat' dir='ltr'><strong>non</strong></span> <span class='ocrx_word' id='word_1_597' title='bbox 3332 3559 3434 3614; x_wconf 90' lang='lat' dir='ltr'><strong>erit</strong></span> <span class='ocrx_word' id='word_1_598' title='bbox 3481 3559 3736 3630; x_wconf 91' lang='lat' dir='ltr'><strong>irritum;</strong></span> <span class='ocrx_word' id='word_1_599' title='bbox 3769 3565 3894 3636; x_wconf 84' lang='lat' dir='ltr'><strong>quia</strong></span> 
     </span>
    </p>
   </div>
   <div class='ocr_carea' id='block_1_76' title="bbox 2293 3648 3895 3728">
    <p class='ocr_par' dir='ltr' id='par_1_76' title="bbox 2293 3648 3895 3728">
     <span class='ocr_line' id='line_1_77' title="bbox 2293 3648 3895 3728; baseline 0.007 -28"><span class='ocrx_word' id='word_1_600' title='bbox 2293 3648 2455 3702; x_wconf 83' lang='lat' dir='ltr'><strong>omnis</strong></span> <span class='ocrx_word' id='word_1_601' title='bbox 2475 3664 2590 3701; x_wconf 89' lang='lat' dir='ltr'><strong>caro</strong></span> <span class='ocrx_word' id='word_1_602' title='bbox 2618 3649 2830 3717; x_wconf 65' lang='lat' dir='ltr'><strong>frenum,</strong></span> <span class='ocrx_word' id='word_1_603' title='bbox 2863 3657 2908 3702; x_wconf 88' lang='lat' dir='ltr'><strong>et</strong></span> <span class='ocrx_word' id='word_1_604' title='bbox 2931 3648 3136 3704; x_wconf 84' lang='lat' dir='ltr'><strong>claritas</strong></span> <span class='ocrx_word' id='word_1_605' title='bbox 3156 3649 3372 3706; x_wconf 81' lang='lat' dir='ltr'><strong>hominis</strong></span> <span class='ocrx_word' id='word_1_606' title='bbox 3401 3661 3453 3705; x_wconf 88' lang='lat' dir='ltr'><strong>ut</strong></span> <span class='ocrx_word' id='word_1_607' title='bbox 3473 3653 3575 3722; x_wconf 82' lang='lat' dir='ltr'><strong>flos</strong></span> <span class='ocrx_word' id='word_1_608' title='bbox 3602 3657 3732 3724; x_wconf 75' lang='lat' dir='ltr'><strong>[teni</strong></span> <span class='ocrx_word' id='word_1_609' title='bbox 3751 3673 3770 3710; x_wconf 91' lang='lat'><strong><em>:</em></strong></span> <span class='ocrx_word' id='word_1_610' title='bbox 3799 3661 3895 3728; x_wconf 71' lang='grc' dir='ltr'><strong>ίω·</strong></span> 
     </span>
    </p>
   </div>
   <div class='ocr_carea' id='block_1_77' title="bbox 2292 3739 3897 3809">
    <p class='ocr_par' dir='ltr' id='par_1_77' title="bbox 2292 3739 3897 3809">
     <span class='ocr_line' id='line_1_78' title="bbox 2292 3739 3897 3809; baseline 0.006 -18"><span class='ocrx_word' id='word_1_611' title='bbox 2292 3754 2413 3792; x_wconf 85' lang='lat' dir='ltr'><strong>num</strong></span> <span class='ocrx_word' id='word_1_612' title='bbox 2441 3740 2594 3805; x_wconf 89' lang='lat' dir='ltr'><strong>aruit,</strong></span> <span class='ocrx_word' id='word_1_613' title='bbox 2637 3748 2684 3792; x_wconf 86' lang='lat' dir='ltr'><strong>et</strong></span> <span class='ocrx_word' id='word_1_614' title='bbox 2714 3739 2810 3809; x_wconf 79' lang='lat' dir='ltr'><strong>ﬂos</strong></span> <span class='ocrx_word' id='word_1_615' title='bbox 2830 3739 3032 3806; x_wconf 87' lang='lat' dir='ltr'><strong>decidit,</strong></span> <span class='ocrx_word' id='word_1_616' title='bbox 3061 3740 3260 3794; x_wconf 83' lang='lat' dir='ltr'><strong>verbum</strong></span> <span class='ocrx_word' id='word_1_617' title='bbox 3289 3751 3454 3796; x_wconf 89' lang='lat' dir='ltr'><strong>autem</strong></span> <span class='ocrx_word' id='word_1_618' title='bbox 3482 3741 3700 3799; x_wconf 84' lang='lat' dir='ltr'><strong>Domini</strong></span> <span class='ocrx_word' id='word_1_619' title='bbox 3725 3755 3897 3801; x_wconf 86' lang='lat' dir='ltr'><strong>manet</strong></span> 
     </span>
    </p>
   </div>
   <div class='ocr_carea' id='block_1_78' title="bbox 2291 3829 3898 3910">
    <p class='ocr_par' dir='ltr' id='par_1_78' title="bbox 2291 3829 3898 3910">
     <span class='ocr_line' id='line_1_79' title="bbox 2291 3829 3898 3910; baseline 0.006 -26"><span class='ocrx_word' id='word_1_620' title='bbox 2291 3830 2344 3884; x_wconf 86' lang='lat' dir='ltr'><strong>in</strong></span> <span class='ocrx_word' id='word_1_621' title='bbox 2369 3840 2611 3884; x_wconf 67' lang='lat' dir='ltr'><strong>arternum</strong></span> <span class='ocrx_word' id='word_1_622' title='bbox 2634 3829 2784 3903; x_wconf 89' lang='lat' dir='ltr'><strong>(Isai.</strong></span> <span class='ocrx_word' id='word_1_623' title='bbox 2812 3847 2899 3897; x_wconf 74' lang='grc' dir='ltr'>ιιι,</span> <span class='ocrx_word' id='word_1_624' title='bbox 2933 3829 3077 3901; x_wconf 82' lang='lat'><strong>6-8).</strong></span> <span class='ocrx_word' id='word_1_625' title='bbox 3103 3829 3168 3884; x_wconf 84' lang='lat' dir='ltr'><strong>Et</strong></span> <span class='ocrx_word' id='word_1_626' title='bbox 3203 3832 3370 3885; x_wconf 85' lang='lat' dir='ltr'><strong>omnia</strong></span> <span class='ocrx_word' id='word_1_627' title='bbox 3395 3849 3731 3906; x_wconf 66' lang='lat' dir='ltr'><strong>quacumque</strong></span> <span class='ocrx_word' id='word_1_628' title='bbox 3762 3841 3898 3910; x_wconf 83' lang='lat' dir='ltr'><strong>fece-</strong></span> 
     </span>
    </p>
   </div>
   <div class='ocr_carea' id='block_1_79' title="bbox 2291 3921 3897 4000">
    <p class='ocr_par' dir='ltr' id='par_1_79' title="bbox 2291 3921 3897 4000">
     <span class='ocr_line' id='line_1_80' title="bbox 2291 3921 3897 4000; baseline 0.006 -24"><span class='ocrx_word' id='word_1_629' title='bbox 2291 3923 2356 3976; x_wconf 89' lang='lat' dir='ltr'><strong>rit</strong></span> <span class='ocrx_word' id='word_1_630' title='bbox 2399 3921 2827 3994; x_wconf 82' lang='lat' dir='ltr'><strong>prosperabuntur</strong></span> <span class='ocrx_word' id='word_1_631' title='bbox 2858 3937 2877 3975; x_wconf 92' lang='lat'><strong><em>:</em></strong></span> <span class='ocrx_word' id='word_1_632' title='bbox 2902 3921 2953 3976; x_wconf 91' lang='lat' dir='ltr'><strong>id</strong></span> <span class='ocrx_word' id='word_1_633' title='bbox 2983 3930 3086 3989; x_wconf 90' lang='lat' dir='ltr'><strong>est,</strong></span> <span class='ocrx_word' id='word_1_634' title='bbox 3112 3937 3461 3994; x_wconf 58' lang='lat' dir='ltr'><strong>quaecumque</strong></span> <span class='ocrx_word' id='word_1_635' title='bbox 3504 3924 3639 3982; x_wconf 90' lang='lat' dir='ltr'><strong>illud</strong></span> <span class='ocrx_word' id='word_1_636' title='bbox 3687 3927 3897 4000; x_wconf 90' lang='lat' dir='ltr'><strong>lignum</strong></span> 
     </span>
    </p>
   </div>
   <div class='ocr_carea' id='block_1_80' title="bbox 2291 4011 3898 4084">
    <p class='ocr_par' dir='ltr' id='par_1_80' title="bbox 2291 4011 3898 4084">
     <span class='ocr_line' id='line_1_81' title="bbox 2291 4011 3898 4084; baseline 0.007 -17"><span class='ocrx_word' id='word_1_637' title='bbox 2291 4014 2560 4079; x_wconf 90' lang='lat' dir='ltr'><strong>attulerit;</strong></span> <span class='ocrx_word' id='word_1_638' title='bbox 2583 4029 2701 4082; x_wconf 74' lang='lat' dir='ltr'><strong>qua:</strong></span> <span class='ocrx_word' id='word_1_639' title='bbox 2721 4011 2897 4068; x_wconf 88' lang='lat' dir='ltr'><strong>omnia</strong></span> <span class='ocrx_word' id='word_1_640' title='bbox 2923 4012 3169 4068; x_wconf 87' lang='lat' dir='ltr'><strong>videlicet</strong></span> <span class='ocrx_word' id='word_1_641' title='bbox 3192 4013 3500 4084; x_wconf 90' lang='lat' dir='ltr'><strong>accipienda</strong></span> <span class='ocrx_word' id='word_1_642' title='bbox 3527 4028 3660 4073; x_wconf 87' lang='lat' dir='ltr'><strong>sunt</strong></span> <span class='ocrx_word' id='word_1_643' title='bbox 3683 4019 3898 4077; x_wconf 80' lang='lat' dir='ltr'><strong>fructus</strong></span> 
     </span>
    </p>
   </div>
   <div class='ocr_carea' id='block_1_81' title="bbox 2292 4103 3129 4172">
    <p class='ocr_par' dir='ltr' id='par_1_81' title="bbox 2292 4103 3129 4172">
     <span class='ocr_line' id='line_1_82' title="bbox 2292 4103 3129 4172; baseline -0.005 -11"><span class='ocrx_word' id='word_1_644' title='bbox 2292 4115 2344 4161; x_wconf 90' lang='lat' dir='ltr'><strong>et</strong></span> <span class='ocrx_word' id='word_1_645' title='bbox 2375 4104 2522 4172; x_wconf 78' lang='lat' dir='ltr'><strong>folia,</strong></span> <span class='ocrx_word' id='word_1_646' title='bbox 2545 4104 2597 4159; x_wconf 89' lang='lat' dir='ltr'><strong>id</strong></span> <span class='ocrx_word' id='word_1_647' title='bbox 2623 4113 2704 4160; x_wconf 91' lang='lat' dir='ltr'><strong>est</strong></span> <span class='ocrx_word' id='word_1_648' title='bbox 2730 4103 2864 4158; x_wconf 82' lang='lat' dir='ltr'><strong>facta</strong></span> <span class='ocrx_word' id='word_1_649' title='bbox 2891 4111 2944 4159; x_wconf 93' lang='lat' dir='ltr'><strong>et</strong></span> <span class='ocrx_word' id='word_1_650' title='bbox 2969 4103 3129 4158; x_wconf 90' lang='lat' dir='ltr'><strong>dicta.</strong></span> 
     </span>
    </p>
   </div>
   <div class='ocr_carea' id='block_1_82' title="bbox 2361 4193 3898 4274">
    <p class='ocr_par' dir='ltr' id='par_1_82' title="bbox 2361 4193 3898 4274">
     <span class='ocr_line' id='line_1_83' title="bbox 2361 4193 3898 4274; baseline 0.003 -23"><span class='ocrx_word' id='word_1_651' title='bbox 2361 4197 2415 4251; x_wconf 76' lang='grc'><strong>4.</strong></span> <span class='ocrx_word' id='word_1_652' title='bbox 2445 4193 2597 4269; x_wconf 80' lang='lat' dir='ltr'><strong>[vers.</strong></span> <span class='ocrx_word' id='word_1_653' title='bbox 2625 4194 2706 4268; x_wconf 69' lang='grc'><strong>4.]</strong></span> <span class='ocrx_word' id='word_1_654' title='bbox 2735 4193 2856 4248; x_wconf 84' lang='lat' dir='ltr'><strong>Non</strong></span> <span class='ocrx_word' id='word_1_655' title='bbox 2881 4195 2954 4250; x_wconf 89' lang='lat' dir='ltr'><strong>sic</strong></span> <span class='ocrx_word' id='word_1_656' title='bbox 2973 4195 3135 4266; x_wconf 89' lang='lat' dir='ltr'><strong>impii,</strong></span> <span class='ocrx_word' id='word_1_657' title='bbox 3155 4211 3254 4250; x_wconf 88' lang='lat' dir='ltr'><strong>non</strong></span> <span class='ocrx_word' id='word_1_658' title='bbox 3284 4196 3487 4252; x_wconf 87' lang='lat' dir='ltr'><strong>sic:sed</strong></span> <span class='ocrx_word' id='word_1_659' title='bbox 3502 4207 3756 4269; x_wconf 79' lang='lat' dir='ltr'><strong>tanquam</strong></span> <span class='ocrx_word' id='word_1_660' title='bbox 3773 4204 3898 4274; x_wconf 85' lang='lat' dir='ltr'><strong>pul-</strong></span> 
     </span>
    </p>
   </div>
   <div class='ocr_carea' id='block_1_83' title="bbox 2291 4287 3902 4360">
    <p class='ocr_par' dir='ltr' id='par_1_83' title="bbox 2291 4287 3902 4360">
     <span class='ocr_line' id='line_1_84' title="bbox 2291 4287 3902 4360; baseline 0.006 -17"><span class='ocrx_word' id='word_1_661' title='bbox 2291 4289 2366 4344; x_wconf 79' lang='lat' dir='ltr'><strong>uis</strong></span> <span class='ocrx_word' id='word_1_662' title='bbox 2387 4303 2531 4358; x_wconf 85' lang='lat' dir='ltr'><strong>quem</strong></span> <span class='ocrx_word' id='word_1_663' title='bbox 2565 4287 2765 4358; x_wconf 84' lang='lat' dir='ltr'><strong>projicit</strong></span> <span class='ocrx_word' id='word_1_664' title='bbox 2788 4296 2962 4341; x_wconf 80' lang='lat' dir='ltr'><strong>ventus</strong></span> <span class='ocrx_word' id='word_1_665' title='bbox 2996 4304 3029 4341; x_wconf 90' lang='lat' dir='ltr'><strong>a</strong></span> <span class='ocrx_word' id='word_1_666' title='bbox 3053 4288 3182 4360; x_wconf 80' lang='lat' dir='ltr'><strong>facie</strong></span> <span class='ocrx_word' id='word_1_667' title='bbox 3222 4296 3386 4344; x_wconf 82' lang='lat' dir='ltr'><strong>teme.</strong></span> <span class='ocrx_word' id='word_1_668' title='bbox 3416 4287 3583 4345; x_wconf 83' lang='lat' dir='ltr'><strong>Terra</strong></span> <span class='ocrx_word' id='word_1_669' title='bbox 3631 4291 3724 4350; x_wconf 83' lang='lat' dir='ltr'><strong>hic</strong></span> <span class='ocrx_word' id='word_1_670' title='bbox 3755 4295 3902 4352; x_wconf 82' lang='lat' dir='ltr'><strong>acci-</strong></span> 
     </span>
    </p>
   </div>
   <div class='ocr_carea' id='block_1_84' title="bbox 2293 4378 3900 4454">
    <p class='ocr_par' dir='ltr' id='par_1_84' title="bbox 2293 4378 3900 4454">
     <span class='ocr_line' id='line_1_85' title="bbox 2293 4378 3900 4454; baseline 0.006 -20"><span class='ocrx_word' id='word_1_671' title='bbox 2293 4379 2480 4450; x_wconf 87' lang='lat' dir='ltr'><strong>pienda</strong></span> <span class='ocrx_word' id='word_1_672' title='bbox 2507 4387 2587 4434; x_wconf 87' lang='lat' dir='ltr'><strong>est</strong></span> <span class='ocrx_word' id='word_1_673' title='bbox 2611 4378 2722 4448; x_wconf 90' lang='lat' dir='ltr'><strong>ipsa</strong></span> <span class='ocrx_word' id='word_1_674' title='bbox 2751 4378 3012 4434; x_wconf 89' lang='lat' dir='ltr'><strong>stabilitas</strong></span> <span class='ocrx_word' id='word_1_675' title='bbox 3039 4380 3091 4434; x_wconf 91' lang='lat' dir='ltr'><strong>in</strong></span> <span class='ocrx_word' id='word_1_676' title='bbox 3120 4380 3249 4448; x_wconf 88' lang='lat' dir='ltr'><strong>Deo,</strong></span> <span class='ocrx_word' id='word_1_677' title='bbox 3277 4380 3568 4436; x_wconf 89' lang='lat' dir='ltr'><strong>secundum</strong></span> <span class='ocrx_word' id='word_1_678' title='bbox 3605 4399 3779 4454; x_wconf 77' lang='lat' dir='ltr'><strong>quam</strong></span> <span class='ocrx_word' id='word_1_679' title='bbox 3811 4388 3900 4443; x_wconf 87' lang='lat' dir='ltr'><strong>di-</strong></span> 
     </span>
    </p>
   </div>
   <div class='ocr_carea' id='block_1_85' title="bbox 2291 4469 3902 4540">
    <p class='ocr_par' dir='ltr' id='par_1_85' title="bbox 2291 4469 3902 4540">
     <span class='ocr_line' id='line_1_86' title="bbox 2291 4469 3902 4540; baseline 0.005 -14"><span class='ocrx_word' id='word_1_680' title='bbox 2291 4472 2430 4526; x_wconf 91' lang='lat' dir='ltr'><strong>citur</strong></span> <span class='ocrx_word' id='word_1_681' title='bbox 2457 4487 2472 4521; x_wconf 89' lang='lat'><strong>:</strong></span> <span class='ocrx_word' id='word_1_682' title='bbox 2499 4469 2746 4524; x_wconf 88' lang='lat' dir='ltr'><strong>Dominus</strong></span> <span class='ocrx_word' id='word_1_683' title='bbox 2772 4486 2891 4540; x_wconf 89' lang='lat' dir='ltr'><strong>pars</strong></span> <span class='ocrx_word' id='word_1_684' title='bbox 2919 4469 3226 4526; x_wconf 69' lang='lat' dir='ltr'><strong>haereditatis</strong></span> <span class='ocrx_word' id='word_1_685' title='bbox 3247 4487 3388 4538; x_wconf 83' lang='lat' dir='ltr'><strong>mete,</strong></span> <span class='ocrx_word' id='word_1_686' title='bbox 3411 4473 3593 4527; x_wconf 85' lang='lat' dir='ltr'><strong>etenim</strong></span> <span class='ocrx_word' id='word_1_687' title='bbox 3617 4474 3902 4534; x_wconf 60' lang='lat' dir='ltr'><strong>haereditas</strong></span> 
     </span>
    </p>
   </div>
   <div class='ocr_carea' id='block_1_86' title="bbox 2293 4563 3901 4637">
    <p class='ocr_par' dir='ltr' id='par_1_86' title="bbox 2293 4563 3901 4637">
     <span class='ocr_line' id='line_1_87' title="bbox 2293 4563 3901 4637; baseline 0.005 -19"><span class='ocrx_word' id='word_1_688' title='bbox 2293 4581 2404 4619; x_wconf 89' lang='lat' dir='ltr'><strong>mea</strong></span> <span class='ocrx_word' id='word_1_689' title='bbox 2432 4565 2678 4637; x_wconf 70' lang='lat' dir='ltr'><strong>praetura</strong></span> <span class='ocrx_word' id='word_1_690' title='bbox 2724 4574 2797 4620; x_wconf 88' lang='lat' dir='ltr'><strong>est</strong></span> <span class='ocrx_word' id='word_1_691' title='bbox 2837 4565 2962 4619; x_wconf 89' lang='lat' dir='ltr'><strong>mihi</strong></span> <span class='ocrx_word' id='word_1_692' title='bbox 3007 4563 3176 4633; x_wconf 85' lang='lat' dir='ltr'><strong>(Psal.</strong></span> <span class='ocrx_word' id='word_1_693' title='bbox 3221 4581 3311 4632; x_wconf 75' lang='lat' dir='ltr'><strong>xv,</strong></span> <span class='ocrx_word' id='word_1_694' title='bbox 3361 4565 3416 4631; x_wconf 85' lang='lat'><strong>5,</strong></span> <span class='ocrx_word' id='word_1_695' title='bbox 3463 4564 3552 4635; x_wconf 89' lang='lat'><strong>6);</strong></span> <span class='ocrx_word' id='word_1_696' title='bbox 3587 4569 3901 4626; x_wconf 87' lang='lat' dir='ltr'><strong>secundum</strong></span> 
     </span>
    </p>
   </div>
   <div class='ocr_carea' id='block_1_87' title="bbox 2293 4654 3902 4732">
    <p class='ocr_par' dir='ltr' id='par_1_87' title="bbox 2293 4654 3902 4732">
     <span class='ocr_line' id='line_1_88' title="bbox 2293 4654 3902 4732; baseline 0.004 -21"><span class='ocrx_word' id='word_1_697' title='bbox 2293 4655 2432 4713; x_wconf 89' lang='lat' dir='ltr'><strong>hanc</strong></span> <span class='ocrx_word' id='word_1_698' title='bbox 2461 4655 2653 4712; x_wconf 85' lang='lat' dir='ltr'><strong>dicitur</strong></span> <span class='ocrx_word' id='word_1_699' title='bbox 2693 4675 2707 4713; x_wconf 92' lang='lat'><strong>:</strong></span> <span class='ocrx_word' id='word_1_700' title='bbox 2741 4657 2947 4714; x_wconf 86' lang='lat' dir='ltr'><strong>Sustine</strong></span> <span class='ocrx_word' id='word_1_701' title='bbox 2974 4655 3268 4720; x_wconf 84' lang='lat' dir='ltr'><strong>Dominum,</strong></span> <span class='ocrx_word' id='word_1_702' title='bbox 3296 4663 3342 4708; x_wconf 86' lang='lat' dir='ltr'><strong>et</strong></span> <span class='ocrx_word' id='word_1_703' title='bbox 3369 4654 3579 4710; x_wconf 75' lang='lat' dir='ltr'><strong>observa</strong></span> <span class='ocrx_word' id='word_1_704' title='bbox 3617 4659 3734 4715; x_wconf 73' lang='lat' dir='ltr'><strong>vias</strong></span> <span class='ocrx_word' id='word_1_705' title='bbox 3765 4661 3902 4732; x_wconf 85' lang='lat' dir='ltr'><strong>ejus,</strong></span> 
     </span>
    </p>
   </div>
   <div class='ocr_carea' id='block_1_88' title="bbox 2292 4744 3901 4825">
    <p class='ocr_par' dir='ltr' id='par_1_88' title="bbox 2292 4744 3901 4825">
     <span class='ocr_line' id='line_1_89' title="bbox 2292 4744 3901 4825; baseline -0.002 -23"><span class='ocrx_word' id='word_1_706' title='bbox 2292 4757 2339 4802; x_wconf 89' lang='lat' dir='ltr'><strong>et</strong></span> <span class='ocrx_word' id='word_1_707' title='bbox 2362 4747 2602 4802; x_wconf 78' lang='lat' dir='ltr'><strong>exaltabit</strong></span> <span class='ocrx_word' id='word_1_708' title='bbox 2627 4757 2695 4812; x_wconf 89' lang='lat' dir='ltr'><strong>te,</strong></span> <span class='ocrx_word' id='word_1_709' title='bbox 2724 4757 2779 4800; x_wconf 86' lang='lat' dir='ltr'><strong>ut</strong></span> <span class='ocrx_word' id='word_1_710' title='bbox 2817 4748 3072 4817; x_wconf 87' lang='lat' dir='ltr'><strong>possideas</strong></span> <span class='ocrx_word' id='word_1_711' title='bbox 3095 4757 3278 4801; x_wconf 88' lang='lat' dir='ltr'><strong>terram</strong></span> <span class='ocrx_word' id='word_1_712' title='bbox 3316 4744 3484 4819; x_wconf 86' lang='lat' dir='ltr'><strong>(Psal.</strong></span> <span class='ocrx_word' id='word_1_713' title='bbox 3527 4765 3736 4819; x_wconf 63' lang='lat' dir='ltr'><strong>xxx&quot;,</strong></span> <span class='ocrx_word' id='word_1_714' title='bbox 3781 4753 3901 4825; x_wconf 67' lang='lat'><strong>34);</strong></span> 
     </span>
    </p>
   </div>
   <div class='ocr_carea' id='block_1_89' title="bbox 2292 4836 3887 4914">
    <p class='ocr_par' dir='ltr' id='par_1_89' title="bbox 2292 4836 3887 4914">
     <span class='ocr_line' id='line_1_90' title="bbox 2292 4836 3887 4914; baseline 0.005 -21"><span class='ocrx_word' id='word_1_715' title='bbox 2292 4837 2582 4893; x_wconf 85' lang='lat' dir='ltr'><strong>secundum</strong></span> <span class='ocrx_word' id='word_1_716' title='bbox 2610 4836 2745 4892; x_wconf 89' lang='lat' dir='ltr'><strong>hanc</strong></span> <span class='ocrx_word' id='word_1_717' title='bbox 2769 4837 2964 4892; x_wconf 89' lang='lat' dir='ltr'><strong>dicitur</strong></span> <span class='ocrx_word' id='word_1_718' title='bbox 2995 4855 3012 4892; x_wconf 86' lang='lat'><strong>:</strong></span> <span class='ocrx_word' id='word_1_719' title='bbox 3037 4837 3182 4893; x_wconf 87' lang='lat' dir='ltr'><strong>Beati</strong></span> <span class='ocrx_word' id='word_1_720' title='bbox 3210 4839 3374 4905; x_wconf 90' lang='lat' dir='ltr'><strong>mites,</strong></span> <span class='ocrx_word' id='word_1_721' title='bbox 3402 4839 3522 4909; x_wconf 88' lang='lat' dir='ltr'><strong>quia</strong></span> <span class='ocrx_word' id='word_1_722' title='bbox 3547 4841 3655 4914; x_wconf 85' lang='lat' dir='ltr'><strong>ipsi</strong></span> <span class='ocrx_word' id='word_1_723' title='bbox 3684 4845 3887 4901; x_wconf 65' lang='lat' dir='ltr'><strong>heredi</strong></span> 
     </span>
    </p>
   </div>
   <div class='ocr_carea' id='block_1_90' title="bbox 2289 4929 3907 5002">
    <p class='ocr_par' dir='ltr' id='par_1_90' title="bbox 2289 4929 3907 5002">
     <span class='ocr_line' id='line_1_91' title="bbox 2289 4929 3907 5002; baseline 0.006 -19"><span class='ocrx_word' id='word_1_724' title='bbox 2289 4938 2394 4984; x_wconf 87' lang='lat' dir='ltr'><strong>tate</strong></span> <span class='ocrx_word' id='word_1_725' title='bbox 2435 4929 2756 5000; x_wconf 86' lang='lat' dir='ltr'><strong>possidebunt</strong></span> <span class='ocrx_word' id='word_1_726' title='bbox 2797 4939 2983 4984; x_wconf 85' lang='lat' dir='ltr'><strong>terram</strong></span> <span class='ocrx_word' id='word_1_727' title='bbox 3022 4931 3234 5002; x_wconf 79' lang='lat' dir='ltr'><strong>(Matth.</strong></span> <span class='ocrx_word' id='word_1_728' title='bbox 3258 4946 3310 4998; x_wconf 87' lang='lat' dir='ltr'><strong>v,</strong></span> <span class='ocrx_word' id='word_1_729' title='bbox 3346 4931 3423 5002; x_wconf 72' lang='grc'><strong>4).</strong></span> <span class='ocrx_word' id='word_1_730' title='bbox 3453 4930 3779 4992; x_wconf 88' lang='lat' dir='ltr'><strong>Similitudo</strong></span> <span class='ocrx_word' id='word_1_731' title='bbox 3805 4953 3907 4998; x_wconf 84' lang='lat' dir='ltr'><strong>au-</strong></span> 
     </span>
    </p>
   </div>
   <div class='ocr_carea' id='block_1_91' title="bbox 2293 5019 3909 5092">
    <p class='ocr_par' dir='ltr' id='par_1_91' title="bbox 2293 5019 3909 5092">
     <span class='ocr_line' id='line_1_92' title="bbox 2293 5019 3909 5092; baseline 0.006 -17"><span class='ocrx_word' id='word_1_732' title='bbox 2293 5029 2399 5076; x_wconf 90' lang='lat' dir='ltr'><strong>tem</strong></span> <span class='ocrx_word' id='word_1_733' title='bbox 2441 5019 2563 5077; x_wconf 90' lang='lat' dir='ltr'><strong>hinc</strong></span> <span class='ocrx_word' id='word_1_734' title='bbox 2588 5020 2744 5076; x_wconf 92' lang='lat' dir='ltr'><strong>ducta</strong></span> <span class='ocrx_word' id='word_1_735' title='bbox 2773 5030 2894 5088; x_wconf 90' lang='lat' dir='ltr'><strong>est;</strong></span> <span class='ocrx_word' id='word_1_736' title='bbox 2921 5021 3042 5090; x_wconf 90' lang='lat' dir='ltr'><strong>quia</strong></span> <span class='ocrx_word' id='word_1_737' title='bbox 3081 5029 3140 5076; x_wconf 91' lang='lat' dir='ltr'><strong>ut</strong></span> <span class='ocrx_word' id='word_1_738' title='bbox 3174 5020 3288 5076; x_wconf 68' lang='lat' dir='ltr'><strong>hfec</strong></span> <span class='ocrx_word' id='word_1_739' title='bbox 3313 5030 3453 5077; x_wconf 89' lang='lat' dir='ltr'><strong>terra</strong></span> <span class='ocrx_word' id='word_1_740' title='bbox 3480 5023 3720 5082; x_wconf 80' lang='lat' dir='ltr'><strong>visibilis</strong></span> <span class='ocrx_word' id='word_1_741' title='bbox 3751 5038 3909 5092; x_wconf 78' lang='lat' dir='ltr'><strong>exte-</strong></span> 
     </span>
    </p>
   </div>
   <div class='ocr_carea' id='block_1_92' title="bbox 2291 5113 3906 5181">
    <p class='ocr_par' dir='ltr' id='par_1_92' title="bbox 2291 5113 3906 5181">
     <span class='ocr_line' id='line_1_93' title="bbox 2291 5113 3906 5181; baseline 0.006 -13"><span class='ocrx_word' id='word_1_742' title='bbox 2291 5113 2492 5169; x_wconf 86' lang='lat' dir='ltr'><strong>riorem</strong></span> <span class='ocrx_word' id='word_1_743' title='bbox 2520 5113 2788 5169; x_wconf 88' lang='lat' dir='ltr'><strong>hominem</strong></span> <span class='ocrx_word' id='word_1_744' title='bbox 2821 5115 2988 5168; x_wconf 91' lang='lat' dir='ltr'><strong>nutrit</strong></span> <span class='ocrx_word' id='word_1_745' title='bbox 3027 5123 3084 5168; x_wconf 91' lang='grc' dir='ltr'><strong>ει</strong></span> <span class='ocrx_word' id='word_1_746' title='bbox 3109 5114 3368 5181; x_wconf 90' lang='lat' dir='ltr'><strong>continet,</strong></span> <span class='ocrx_word' id='word_1_747' title='bbox 3403 5115 3474 5170; x_wconf 91' lang='lat' dir='ltr'><strong>ita</strong></span> <span class='ocrx_word' id='word_1_748' title='bbox 3503 5117 3601 5174; x_wconf 85' lang='lat' dir='ltr'><strong>illa</strong></span> <span class='ocrx_word' id='word_1_749' title='bbox 3631 5129 3781 5177; x_wconf 86' lang='lat' dir='ltr'><strong>terra</strong></span> <span class='ocrx_word' id='word_1_750' title='bbox 3815 5123 3906 5179; x_wconf 85' lang='lat' dir='ltr'><strong>in-</strong></span> 
     </span>
    </p>
   </div>
   <div class='ocr_carea' id='block_1_93' title="bbox 2294 5205 3909 5278">
    <p class='ocr_par' dir='ltr' id='par_1_93' title="bbox 2294 5205 3909 5278">
     <span class='ocr_line' id='line_1_94' title="bbox 2294 5205 3909 5278; baseline 0.008 -19"><span class='ocrx_word' id='word_1_751' title='bbox 2294 5206 2516 5262; x_wconf 89' lang='lat' dir='ltr'><strong>visibilis</strong></span> <span class='ocrx_word' id='word_1_752' title='bbox 2561 5205 2866 5263; x_wconf 90' lang='lat' dir='ltr'><strong>interiorem</strong></span> <span class='ocrx_word' id='word_1_753' title='bbox 2916 5205 3206 5262; x_wconf 89' lang='lat' dir='ltr'><strong>hominem.</strong></span> <span class='ocrx_word' id='word_1_754' title='bbox 3253 5211 3301 5262; x_wconf 84' lang='lat' dir='ltr'><strong>A</strong></span> <span class='ocrx_word' id='word_1_755' title='bbox 3343 5207 3496 5278; x_wconf 81' lang='lat' dir='ltr'><strong>cujus</strong></span> <span class='ocrx_word' id='word_1_756' title='bbox 3545 5217 3718 5268; x_wconf 75' lang='lat' dir='ltr'><strong>terra:</strong></span> <span class='ocrx_word' id='word_1_757' title='bbox 3765 5214 3909 5272; x_wconf 77' lang='lat' dir='ltr'><strong>facie</strong></span> 
     </span>
    </p>
   </div>
   <div class='ocr_carea' id='block_1_94' title="bbox 2293 5297 3905 5371">
    <p class='ocr_par' dir='ltr' id='par_1_94' title="bbox 2293 5297 3905 5371">
     <span class='ocr_line' id='line_1_95' title="bbox 2293 5297 3905 5371; baseline 0.004 -17"><span class='ocrx_word' id='word_1_758' title='bbox 2293 5298 2503 5370; x_wconf 87' lang='lat' dir='ltr'><strong>projicit</strong></span> <span class='ocrx_word' id='word_1_759' title='bbox 2525 5307 2717 5354; x_wconf 86' lang='lat' dir='ltr'><strong>ventus</strong></span> <span class='ocrx_word' id='word_1_760' title='bbox 2743 5299 2983 5368; x_wconf 89' lang='lat' dir='ltr'><strong>impium,</strong></span> <span class='ocrx_word' id='word_1_761' title='bbox 3016 5297 3067 5352; x_wconf 93' lang='lat' dir='ltr'><strong>id</strong></span> <span class='ocrx_word' id='word_1_762' title='bbox 3095 5307 3178 5353; x_wconf 91' lang='lat' dir='ltr'><strong>est</strong></span> <span class='ocrx_word' id='word_1_763' title='bbox 3202 5299 3469 5368; x_wconf 89' lang='lat' dir='ltr'><strong>superbia,</strong></span> <span class='ocrx_word' id='word_1_764' title='bbox 3515 5301 3652 5371; x_wconf 88' lang='lat' dir='ltr'><strong>quia</strong></span> <span class='ocrx_word' id='word_1_765' title='bbox 3678 5306 3699 5336; x_wconf 78' lang='grc'><strong><em>⁸</em></strong></span> <span class='ocrx_word' id='word_1_766' title='bbox 3725 5305 3905 5361; x_wconf 80' lang='lat' dir='ltr'><strong>inﬂat.</strong></span> 
     </span>
    </p>
   </div>
   <div class='ocr_carea' id='block_1_95' title="bbox 2291 5389 3908 5462">
    <p class='ocr_par' dir='ltr' id='par_1_95' title="bbox 2291 5389 3908 5462">
     <span class='ocr_line' id='line_1_96' title="bbox 2291 5389 3908 5462; baseline 0.006 -17"><span class='ocrx_word' id='word_1_767' title='bbox 2291 5391 2459 5460; x_wconf 86' lang='lat' dir='ltr'><strong>Quam</strong></span> <span class='ocrx_word' id='word_1_768' title='bbox 2482 5406 2682 5446; x_wconf 86' lang='lat' dir='ltr'><strong>cavens</strong></span> <span class='ocrx_word' id='word_1_769' title='bbox 2706 5392 2795 5446; x_wconf 89' lang='lat' dir='ltr'><strong>ille</strong></span> <span class='ocrx_word' id='word_1_770' title='bbox 2817 5389 2908 5462; x_wconf 86' lang='lat' dir='ltr'><strong>qui</strong></span> <span class='ocrx_word' id='word_1_771' title='bbox 2937 5389 3299 5446; x_wconf 88' lang='lat' dir='ltr'><strong>inebriabatur</strong></span> <span class='ocrx_word' id='word_1_772' title='bbox 3326 5390 3393 5445; x_wconf 87' lang='lat' dir='ltr'><strong>ab</strong></span> <span class='ocrx_word' id='word_1_773' title='bbox 3421 5391 3679 5450; x_wconf 89' lang='lat' dir='ltr'><strong>ubertate</strong></span> <span class='ocrx_word' id='word_1_774' title='bbox 3701 5395 3908 5453; x_wconf 86' lang='lat' dir='ltr'><strong>domus</strong></span> 
     </span>
    </p>
   </div>
   <div class='ocr_carea' id='block_1_96' title="bbox 2293 5482 3908 5552">
    <p class='ocr_par' dir='ltr' id='par_1_96' title="bbox 2293 5482 3908 5552">
     <span class='ocr_line' id='line_1_97' title="bbox 2293 5482 3908 5552; baseline 0.006 -15"><span class='ocrx_word' id='word_1_775' title='bbox 2293 5482 2407 5545; x_wconf 88' lang='lat' dir='ltr'><strong>Dei,</strong></span> <span class='ocrx_word' id='word_1_776' title='bbox 2436 5490 2492 5537; x_wconf 93' lang='lat' dir='ltr'><strong>ct</strong></span> <span class='ocrx_word' id='word_1_777' title='bbox 2520 5490 2753 5538; x_wconf 84' lang='lat' dir='ltr'><strong>torrente</strong></span> <span class='ocrx_word' id='word_1_778' title='bbox 2773 5483 3056 5551; x_wconf 84' lang='lat' dir='ltr'><strong>voluptatis</strong></span> <span class='ocrx_word' id='word_1_779' title='bbox 3081 5482 3197 5552; x_wconf 86' lang='lat' dir='ltr'><strong>ejus</strong></span> <span class='ocrx_word' id='word_1_780' title='bbox 3223 5483 3526 5552; x_wconf 82' lang='lat' dir='ltr'><strong>putabatur,</strong></span> <span class='ocrx_word' id='word_1_781' title='bbox 3558 5485 3700 5542; x_wconf 90' lang='lat' dir='ltr'><strong>dicit</strong></span> <span class='ocrx_word' id='word_1_782' title='bbox 3717 5507 3742 5544; x_wconf 67' lang='grc' dir='ltr'>ς</span> <span class='ocrx_word' id='word_1_783' title='bbox 3776 5489 3908 5546; x_wconf 81' lang='lat' dir='ltr'><strong>Non</strong></span> 
     </span>
    </p>
   </div>
   <div class='ocr_carea' id='block_1_97' title="bbox 2290 5570 3908 5643">
    <p class='ocr_par' dir='ltr' id='par_1_97' title="bbox 2290 5570 3908 5643">
     <span class='ocr_line' id='line_1_98' title="bbox 2290 5570 3908 5643; baseline 0.007 -17"><span class='ocrx_word' id='word_1_784' title='bbox 2290 5571 2454 5626; x_wconf 77' lang='lat' dir='ltr'><strong>ueniat</strong></span> <span class='ocrx_word' id='word_1_785' title='bbox 2482 5573 2606 5626; x_wconf 90' lang='lat' dir='ltr'><strong>mihi</strong></span> <span class='ocrx_word' id='word_1_786' title='bbox 2639 5588 2723 5642; x_wconf 90' lang='lat' dir='ltr'><strong>pes</strong></span> <span class='ocrx_word' id='word_1_787' title='bbox 2751 5570 2996 5642; x_wconf 70' lang='lat' dir='ltr'><strong>superbia:</strong></span> <span class='ocrx_word' id='word_1_788' title='bbox 3033 5570 3206 5643; x_wconf 87' lang='lat' dir='ltr'><strong>(Psal.</strong></span> <span class='ocrx_word' id='word_1_789' title='bbox 3245 5589 3407 5638; x_wconf 80' lang='lat' dir='ltr'><strong>xxxv,</strong></span> <span class='ocrx_word' id='word_1_790' title='bbox 3438 5573 3492 5640; x_wconf 89' lang='lat'><strong>9,</strong></span> <span class='ocrx_word' id='word_1_791' title='bbox 3524 5573 3645 5640; x_wconf 66' lang='grc' dir='ltr'><strong>ιε).</strong></span> <span class='ocrx_word' id='word_1_792' title='bbox 3680 5579 3770 5635; x_wconf 81' lang='lat' dir='ltr'><strong>Ab</strong></span> <span class='ocrx_word' id='word_1_793' title='bbox 3804 5583 3908 5637; x_wconf 85' lang='lat' dir='ltr'><strong>hac</strong></span> 
     </span>
    </p>
   </div>
   <div class='ocr_carea' id='block_1_98' title="bbox 2291 5661 3909 5736">
    <p class='ocr_par' dir='ltr' id='par_1_98' title="bbox 2291 5661 3909 5736">
     <span class='ocr_line' id='line_1_99' title="bbox 2291 5661 3909 5736; baseline 0.007 -18"><span class='ocrx_word' id='word_1_794' title='bbox 2291 5673 2431 5718; x_wconf 89' lang='lat' dir='ltr'><strong>terra</strong></span> <span class='ocrx_word' id='word_1_795' title='bbox 2460 5662 2683 5733; x_wconf 73' lang='lat' dir='ltr'><strong>proiecit</strong></span> <span class='ocrx_word' id='word_1_796' title='bbox 2708 5662 2956 5733; x_wconf 90' lang='lat' dir='ltr'><strong>superbia</strong></span> <span class='ocrx_word' id='word_1_797' title='bbox 2996 5677 3120 5720; x_wconf 86' lang='lat' dir='ltr'><strong>cum</strong></span> <span class='ocrx_word' id='word_1_798' title='bbox 3156 5663 3248 5736; x_wconf 89' lang='lat' dir='ltr'><strong>qui</strong></span> <span class='ocrx_word' id='word_1_799' title='bbox 3273 5661 3407 5720; x_wconf 79' lang='lat' dir='ltr'><strong>dixit</strong></span> <span class='ocrx_word' id='word_1_800' title='bbox 3437 5681 3451 5719; x_wconf 89' lang='lat'>:</span> <span class='ocrx_word' id='word_1_801' title='bbox 3482 5661 3701 5724; x_wconf 78' lang='lat' dir='ltr'><strong>Ponant</strong></span> <span class='ocrx_word' id='word_1_802' title='bbox 3731 5673 3909 5730; x_wconf 77' lang='lat' dir='ltr'><strong>sedem</strong></span> 
     </span>
    </p>
   </div>
   <div class='ocr_carea' id='block_1_99' title="bbox 2355 5776 2972 5835">
    <p class='ocr_par' dir='ltr' id='par_1_99' title="bbox 2355 5776 2972 5835">
     <span class='ocr_line' id='line_1_100' title="bbox 2355 5776 2972 5835; baseline 0.002 -9"><span class='ocrx_word' id='word_1_803' title='bbox 2355 5777 2372 5808; x_wconf 78' lang='grc' dir='ltr'><em>ι</em></span> <span class='ocrx_word' id='word_1_804' title='bbox 2397 5783 2575 5826; x_wconf 87' lang='lat' dir='ltr'><strong>Decem</strong></span> <span class='ocrx_word' id='word_1_805' title='bbox 2590 5783 2716 5835; x_wconf 64' lang='lat' dir='ltr'><strong>Mss,</strong></span> <span class='ocrx_word' id='word_1_806' title='bbox 2743 5776 2972 5830; x_wconf 73' lang='lat' dir='ltr'><strong>Ecclesia.</strong></span> 
     </span>
    </p>
   </div>
   <div class='ocr_carea' id='block_1_100' title="bbox 2352 5837 2876 5903">
    <p class='ocr_par' dir='ltr' id='par_1_100' title="bbox 2352 5837 2876 5903">
     <span class='ocr_line' id='line_1_101' title="bbox 2352 5837 2876 5903; baseline 0.008 -16"><span class='ocrx_word' id='word_1_807' title='bbox 2352 5839 2374 5870; x_wconf 84' lang='grc'>¹</span> <span class='ocrx_word' id='word_1_808' title='bbox 2396 5837 2584 5902; x_wconf 75' lang='lat' dir='ltr'><strong>Aliquot</strong></span> <span class='ocrx_word' id='word_1_809' title='bbox 2599 5845 2724 5901; x_wconf 70' lang='lat' dir='ltr'><strong>Mss,</strong></span> <span class='ocrx_word' id='word_1_810' title='bbox 2748 5852 2876 5903; x_wconf 63' lang='lat' dir='ltr'><strong>quae.</strong></span> 
     </span>
    </p>
   </div>
  </div>
