4042 6472
154 398 221 455 69
845 393 904 451 S.
942 389 1309 450 AUGUSTINI
1351 389 1652 448 EPISCOPI
1694 387 2091 448 ENARRATIO
2128 392 2194 448 ΙΝ
2238 393 2557 454 PSALMUM
2598 395 2663 453 ll.
3378 405 3456 462 τοι

156 527 310 567 meam
334 510 404 564 ad
433 509 770 581 Aquilonem,
794 521 843 567 et
862 528 946 566 ero
973 511 1153 567 similis
1182 510 1440 565 Altissimo
1462 508 1613 581 (lsai.
1641 522 1751 572 stv,

156 606 235 667 15.
264 604 377 673 Η).
402 603 487 658 Ab
507 602 674 674 hujus
700 612 863 659 terra:
894 603 1031 660 facie
1058 603 1283 674 projccit
1304 602 1464 657 etiam
1492 616 1613 656 eum
1641 598 1756 670 qui,

154 712 267 753 cum
298 696 677 752 consensisset
709 705 768 753 et
802 704 1073 768 gustasset
1102 695 1170 750 de
1213 693 1481 765 prohibito
1506 692 1669 764 ligno,
1700 699 1762 745 ut

154 798 289 845 esset
314 789 460 843 sicut
484 789 652 854 Deus,
675 789 957 845 abscondit
981 803 1041 845 se
1067 804 1100 844 a
1130 787 1265 844 facie
1296 786 1386 842 Dei
1413 783 1564 859 (Gen.
1599 787 1678 849 ni,
1702 783 1757 848 6,

157 881 231 951 8).
260 880 416 937 lianc
453 888 665 936 terram
705 880 772 936 ad
806 881 1115 937 interiorem
1156 879 1427 935 hominem
1468 877 1759 948 pertinere,

159 980 207 1026 et
244 970 376 1027 inde
412 972 669 1043 superbia
715 972 987 1028 hominem
1037 972 1246 1044 projici,
1279 970 1508 1025 maxime
1542 968 1762 1039 intelligi

158 1072 333 1132 potest
375 1062 428 1117 in
460 1078 529 1118 eo
570 1063 719 1134 quod
748 1065 1006 1134 scriptum
1042 1072 1125 1118 est
1162 1080 1179 1118 :
1214 1061 1349 1129 Quid
1376 1061 1601 1131 superbit
1628 1069 1764 1113 terra

160 1164 201 1207 et
232 1154 405 1208 cinis?
430 1154 675 1224 quoniam
696 1155 750 1209 in
779 1155 881 1208 vita
904 1170 999 1207 sua
1028 1153 1238 1225 projecit
1263 1152 1440 1206 intima
1463 1168 1554 1205 sua
1577 1149 1761 1222 (Eccli.

158 1261 211 1311 ι,
245 1244 300 1311 9,
348 1245 479 1315 ιο);
510 1244 657 1299 unde
686 1244 831 1301 enim
876 1247 1149 1315 projectus
1171 1251 1272 1311 est,
1308 1259 1412 1298 non
1438 1241 1670 1298 absurde
1705 1254 1766 1296 sc

162 1335 361 1390 dicitur
384 1334 706 1405 projecisse.

224 1425 279 1481 5.
310 1423 469 1497 [vers.
497 1423 577 1499 5.]
596 1425 723 1480 Ideo
743 1442 844 1480 non
866 1434 1132 1498 resurgunt
1157 1426 1300 1496 impii
1326 1424 1379 1479 in
1394 1424 1593 1495 judicio
1610 1440 1628 1478 :
1647 1422 1766 1479 ideo

166 1516 385 1580 scilicet,
411 1517 539 1586 quia
568 1528 818 1588 tanquam
847 1517 1023 1588 pulvis
1051 1516 1407 1588 projiciuntur
1433 1532 1463 1569 a
1496 1516 1631 1571 facie
1661 1523 1769 1571 ter-

168 1622 254 1662 rae.
286 1608 361 1662 Et
388 1608 524 1663 bene
555 1608 659 1664 hoc
684 1608 765 1664 eis
793 1608 925 1663 dixit
952 1608 1150 1664 auferri
1191 1607 1336 1680 quod
1383 1607 1601 1677 superbi
1638 1620 1757 1661 am-

166 1697 334 1765 biunt,
367 1698 419 1753 id
444 1707 531 1754 est
551 1710 609 1754 ut
626 1699 890 1770 judicent,
922 1709 979 1754 ut
1005 1701 1106 1755 hoc
1127 1700 1297 1771 ipsum
1324 1699 1531 1768 planius
1560 1698 1759 1753 dictum

170 1790 501 1861 intelligatur
542 1791 789 1862 sequenti
830 1791 1094 1847 sententia
1128 1809 1142 1845 :
1181 1789 1360 1859 Neque
1402 1798 1686 1862 peccatores
1715 1788 1768 1843 in

171 1882 384 1935 coasilio
397 1885 675 1951 justorttm.
704 1881 854 1937 Solet
877 1882 1018 1938 enim
1047 1880 1149 1937 hoc
1174 1880 1335 1936 modo
1362 1880 1532 1951 repeti
1561 1879 1770 1949 planius

166 1972 312 2044 quod
340 1975 587 2043 superius
611 1973 830 2040 dicitur,
861 1982 918 2029 ut
944 1983 1253 2044 peccatores
1276 1973 1639 2043 intelligantur
1665 1972 1769 2027 im-

169 2063 265 2133 pii;
319 2071 379 2118 et
425 2063 568 2133 quod
607 2078 768 2133 supra
799 2063 997 2118 dictum
1026 2072 1109 2119 est
1132 2064 1185 2117 in
1200 2064 1419 2134 judicio,
1453 2063 1540 2118 hic
1568 2062 1768 2118 dictum

174 2154 239 2209 sit
262 2155 317 2208 in
346 2155 565 2209 consilio
582 2156 864 2226 justorum.
895 2156 1004 2211 Aut
1030 2165 1177 2212 certe
1205 2156 1248 2212 si
1276 2156 1423 2211 aliud
1443 2165 1567 2211 sunt
1592 2155 1765 2232 impii,

174 2246 310 2300 aliud
342 2255 695 2317 peccatores;
724 2254 786 2302 ut
819 2262 1125 2318 quanquam
1153 2248 1328 2303 omnis
1357 2247 1551 2317 impius
1578 2262 1767 2318 pecca-

174 2347 251 2392 tor
271 2339 365 2404 sit,
393 2353 505 2393 non
554 2347 735 2395 tamen
777 2340 952 2394 omnis
978 2349 1224 2410 peccator
1262 2340 1332 2395 sit
1370 2339 1583 2409 impius.
1612 2337 1770 2410 [mpii

175 2446 268 2483 m
300 2440 580 2502 resurgunt
608 2432 662 2485 in
683 2432 882 2502 judicio
913 2448 932 2487 :
971 2432 1024 2488 id
1062 2441 1181 2501 est,
1222 2442 1505 2504 resurgent
1528 2432 1767 2503 quidem,

174 2520 259 2575 sed
301 2538 410 2576 non
461 2530 524 2576 ut
560 2522 889 2591 judicentur,
915 2524 1037 2595 quia
1077 2524 1185 2594 jam
1236 2524 1410 2595 panis
1456 2522 1769 2580 certissimis

177 2611 415 2671 destinati
471 2624 632 2681 sunt;
686 2626 970 2686 peccatores
1014 2624 1192 2672 autem
1242 2632 1349 2672 non
1393 2625 1676 2686 resurgunt
1716 2616 1770 2670 in

178 2707 376 2759 consilio
400 2706 688 2777 justorum,
717 2707 773 2762 id
796 2715 956 2763 estut
976 2708 1238 2778 judicent,
1265 2709 1358 2765 sed
1385 2707 1524 2765 forte
1551 2708 1768 2778 utjudi-

177 2809 368 2862 ocntnr,
421 2808 487 2854 ut
530 2799 601 2855 de
637 2800 724 2856 his
763 2800 963 2856 dictum
1008 2802 1078 2857 sit
1125 2820 1140 2857 :
1199 2802 1603 2874 Uniuscujusque
1639 2816 1771 2871 opus

176 2889 313 2955 quale
330 2891 419 2955 sit,
441 2891 581 2962 ignis
602 2892 833 2961 probabit
854 2908 873 2946 :
899 2894 944 2947 si
968 2894 1114 2962 cuius
1138 2910 1266 2963 opus
1290 2895 1552 2960 manserit,
1575 2909 1768 2947 merce-

177 2980 280 3033 dem
295 2982 558 3052 accipiet:
582 2984 627 3037 si
650 2985 800 3055 cujus
820 2994 988 3039 autem
1006 3002 1133 3057 opus
1157 2995 1387 3041 exustum
1405 2987 1579 3056 fuerit,
1608 2986 1768 3040 detri-

178 3083 389 3127 mentum
420 3076 646 3145 patietur
665 3092 683 3139 ;
707 3078 818 3146 ipse
836 3086 1004 3131 autem
1022 3078 1191 3133 salvus
1218 3078 1333 3146 erit,
1348 3078 1420 3133 sic
1440 3087 1605 3133 tamen
1625 3077 1771 3149 quasi

177 3165 449 3235 perignem
470 3165 511 3236 (l
539 3165 659 3221 Cor.
690 3183 770 3232 ιιι,
802 3168 1007 3239 13-15).

241 3254 274 3308 6
299 3251 454 3326 [vers.
484 3254 565 3328 6.]
595 3255 852 3321 Quoniam
903 3260 1037 3313 novit
1068 3258 1311 3314 Dentium
1338 3260 1471 3314 viam
1505 3260 1766 3333 justorunt

180 3342 271 3415 (α).
297 3345 770 3414 Quemadmodum
794 3349 1009 3417 dicitur,
1037 3351 1193 3406 Novit
1222 3352 1451 3407 salutem
1481 3351 1764 3417 medicina,

178 3437 389 3493 morbos
411 3448 595 3494 autem
629 3455 737 3495 non
766 3443 940 3505 novit;
964 3451 1019 3498 et
1050 3454 1226 3499 tamen
1260 3443 1421 3498 etiam
1453 3444 1623 3499 morbi
1656 3452 1771 3499 arte

176 3527 451 3584 medicina:
488 3540 888 3601 agnoscuntur;
925 3526 1005 3589 sic
1039 3534 1142 3589 dici
1182 3542 1377 3604 potest,
1406 3548 1564 3591 nosse
1590 3534 1772 3590 Domi-

178 3634 299 3673 num
320 3620 467 3675 viam
494 3621 784 3690 justorum,
816 3624 951 3678 viam
975 3638 1104 3681 vero
1130 3625 1414 3696 impiorum
1441 3640 1546 3681 non
1577 3640 1765 3693 nemo;

177 3724 278 3765 non
305 3711 431 3781 quia
462 3711 661 3782 aliquid
694 3714 953 3769 Dominus
986 3716 1180 3783 nescit,
1209 3723 1267 3771 et
1292 3724 1469 3771 tamen
1494 3716 1622 3771 dicit
1644 3731 1771 3787 pec-

176 3803 442 3858 catoribus
485 3821 500 3858 :
538 3802 663 3858 Non
692 3806 808 3860 novi
845 3822 930 3860 vos
958 3805 1171 3874 (Matth.
1200 3824 1292 3870 vn,
1316 3806 1433 3879 25).
1456 3806 1565 3862 Iter
1590 3818 1769 3863 autem

176 3893 447 3963 impiorum
475 3895 679 3965 peribit,
708 3910 806 3965 pro
830 3911 897 3952 eo
926 3898 1155 3968 positum
1183 3907 1285 3965 est,
1304 3913 1369 3953 ac
1392 3899 1436 3953 si
1462 3899 1766 3954 diceretur:

174 3983 276 4039 iter
293 3995 481 4040 autem
505 3986 790 4056 impiorum
823 4003 927 4043 non
954 3988 1103 4043 novit
1122 3989 1400 4045 Dominus.
1424 3989 1530 4045 Sed
1563 3989 1771 4060 planius

173 4074 372 4130 dictum
415 4086 524 4144 est,
553 4088 613 4131 ut
640 4078 744 4133 hoc
783 4079 853 4133 sit
897 4080 1090 4135 nesciri
1135 4095 1168 4135 ιι
1212 4081 1455 4147 Domino,
1501 4080 1644 4152 quod
1689 4088 1773 4137 est

174 4168 368 4236 perire,
394 4178 454 4223 et
488 4168 593 4224 hoc
622 4170 692 4224 sit
730 4171 853 4226 sciri
878 4187 910 4227 a
938 4172 1185 4240 Domino,
1215 4172 1358 4245 quod
1397 4181 1481 4228 est
1508 4187 1726 4229 manere
1751 4189 1766 4227 :

173 4259 323 4314 atad
363 4260 648 4317 scientiam
691 4262 788 4319 Dei
827 4279 948 4319 esse
986 4266 1268 4335 pertineat,
1312 4265 1381 4321 ad
1418 4265 1769 4337 ignorantiam

171 4364 299 4404 vero
343 4367 453 4406 non
505 4368 663 4420 esse;
706 4355 829 4424 quia
873 4357 1131 4412 Dominus
1173 4356 1301 4412 dicit
1334 4375 1347 4411 :
1380 4358 1491 4429 Ego
1527 4374 1639 4413 sum
1684 4358 1772 4429 qui

170 4454 318 4507 sunt;
342 4451 399 4496 et
430 4458 447 4495 :
484 4441 587 4507 Qui
611 4451 683 4497 est
703 4484 717 4509 ,
747 4445 881 4498 misit
904 4462 981 4499 me
1005 4446 1202 4517 (Exod.
1231 4462 1307 4513 ιιι,
1334 4446 1444 4519 id).

664 4653 746 4714 IN
787 4653 1168 4717 PSALMUM
1209 4656 1269 4718 Il

762 4772 1181 4831 ENARRATIO.

236 4885 295 4940 i.
317 4883 341 4960 [
362 4901 499 4941 vers.
528 4885 583 4953 1,
602 4884 683 4960 2.]
718 4886 910 4959 thuid
946 4891 1258 4961 fremuerunt
1285 4901 1478 4965 gentes,
1510 4902 1557 4949 et
1596 4894 1771 4965 populi

163 4977 401 5030 meditati
430 4986 553 5030 sunt
576 4977 747 5031 inania
763 4979 789 5032 ?
814 4977 1089 5034 Astitcrunt
1113 4997 1252 5052 reges
1273 4992 1439 5050 teme,
1457 4993 1502 5038 et
1520 4985 1772 5057 principes

160 5078 515 5123 convenerunt
544 5070 598 5124 in
645 5086 823 5136 unum,
853 5072 1094 5128 adversus
1114 5072 1410 5145 Dominum,
1453 5086 1501 5131 et
1533 5078 1773 5133 adversus

161 5161 432 5217 Christum
460 5163 591 5233 ejus.
633 5164 737 5219 Pro
763 5179 828 5219 eo
853 5164 1051 5220 dictum
1075 5174 1157 5222 est
1183 5169 1380 5238 utquid,
1419 5185 1482 5224 ac
1501 5169 1544 5224 si
1567 5169 1775 5226 dicere-

163 5262 273 5321 tur,
308 5252 554 5308 frustra:
584 5269 690 5309 non
720 5255 863 5311 enim
896 5256 1247 5327 impleverunt
1285 5258 1427 5329 quod
1467 5261 1769 5329 voluerunt,

1863 523 1972 561 nius
1997 525 2029 561 a
2055 509 2197 563 nobis
2211 511 2397 581 jugum
2422 512 2665 582 ipsorum.
2687 511 3000 585 Quanquam
3020 524 3076 571 et
3103 518 3269 586 possit
3290 519 3446 575 aliter

1863 597 2105 669 intelligi.
2144 609 2320 656 tamen
2361 604 2535 672 aptius
2577 618 2643 659 ex
2678 619 2865 660 eorum
2909 621 3134 676 persona
3167 610 3445 681 accipitur,

1863 705 1997 759 quos
2017 690 2147 745 dixit
2173 692 2350 747 inania
2377 693 2697 761 meditatos;
2731 704 2789 750 ut
2812 696 2913 752 hoc
2941 697 3032 767 sit,
3058 697 3448 769 Disrumpaums

1864 783 2064 837 vincula
2098 801 2291 853 eorum,
2347 795 2393 841 et
2432 787 2731 859 abjiciamus
2768 806 2799 843 α
2827 790 2969 845 nobis
2988 793 3174 863 jugum
3201 793 3453 863 ipsorum,

1864 871 2053 928 demus
2086 889 2304 944 operam
2331 886 2388 931 ut
2418 893 2523 932 nou
2556 893 2655 933 nos
2696 880 2895 951 alliget,
2936 896 3110 952 neque
3151 882 3454 953 imponatur

1867 964 2021 1020 nobis
2048 966 2337 1024 christiana
2362 970 2569 1040 religio.

1938 1058 1991 1113 5.
2019 1056 2039 1130 [
2070 1075 2199 1113 vers.
2224 1059 2303 1133 4.]
2328 1061 2427 1129 Qui
2451 1062 2645 1117 habitat
2670 1063 2724 1117 in
2750 1065 2888 1119 coriis
2913 1065 3138 1121 irridebit
3159 1083 3261 1130 eos,
3284 1078 3329 1121 et
3354 1066 3463 1125 υυο.

1867 1148 2034 1204 minus
2076 1150 2401 1205 subsannabit
2440 1168 2543 1207 eos.
2599 1153 2840 1223 Repetita
2877 1156 3139 1211 sententia
3178 1168 3260 1212 est
3288 1174 3301 1209 :
3334 1173 3456 1210 nant

1868 1253 1964 1309 pro
1990 1255 2055 1295 eo
2087 1240 2228 1312 quod
2257 1250 2360 1310 est,
2398 1243 2498 1311 Qui
2542 1243 2735 1298 habitat
2778 1246 2832 1299 iu
2872 1246 3030 1312 ctelis,
3072 1246 3461 1316 subsequenter

1870 1330 2097 1400 positum
2133 1339 2235 1400 est,
2276 1332 2560 1401 Dominus;
2599 1343 2654 1391 et
2680 1350 2778 1406 pro
2806 1351 2871 1391 eo
2893 1337 3034 1407 quod
3070 1346 3173 1402 est,
3202 1338 3457 1402 irridebit,

1868 1422 2255 1493 subsequenter
2288 1424 2517 1494 positum
2558 1434 2659 1491 est,
2705 1426 3049 1481 subsannabit.
3085 1427 3224 1483 Nihil
3265 1430 3455 1482 horum

1869 1518 2047 1567 tamen
2097 1528 2285 1584 sapere
2333 1523 2546 1586 oportet
2586 1518 2890 1583 carnaliter,
2946 1519 3094 1589 quasi
3140 1529 3232 1573 aut
3274 1519 3457 1575 buccis

1870 1604 2013 1660 Deus
2039 1604 2276 1674 irrideat,
2318 1617 2410 1663 aut
2454 1623 2585 1665 naso
2610 1609 2901 1667 subsannet
2934 1628 2948 1664 :
2990 1611 3083 1666 sed
3110 1626 3171 1667 ea
3212 1613 3292 1667 vis
3316 1614 3459 1667 acci-

1870 1694 2061 1765 pienda
2087 1705 2188 1762 est,
2211 1712 2369 1768 quam
2393 1698 2484 1754 dat
2503 1700 2702 1755 sanctis
2724 1701 2855 1767 suis,
2885 1710 2942 1755 ut
2961 1701 3132 1757 futura
3150 1712 3454 1768 cernentes,

1871 1786 1925 1842 id
1952 1797 2035 1843 est
2067 1802 2262 1845 nomen
2288 1790 2487 1847 Christi
2513 1800 2567 1847 et
2608 1792 3029 1849 dominationem
3055 1804 3457 1865 pcrvagaturam

1872 1877 1925 1933 in
1980 1888 2225 1949 posteros
2272 1889 2324 1936 et
2375 1884 2651 1939 universas
2689 1892 2875 1954 gentes
2922 1886 3280 1951 obtenturam,
3339 1889 3459 1943 illos

1870 1968 2046 2025 inania
2073 1972 2355 2027 meditatos
2382 1989 2501 2031 esse
2540 1976 2868 2046 intelligant;
2911 1976 3025 2033 haec
3060 1980 3202 2033 enim
3233 1980 3312 2035 vis
3354 1995 3457 2049 qua

1872 2062 1971 2117 ista
2003 2066 2243 2133 przescita
2267 2076 2410 2135 sunt,
2439 2068 2616 2124 irrisio
2648 2070 2740 2126 Dei
2762 2080 2844 2126 est
2870 2078 2924 2127 et
2952 2072 3321 2128 subsannatio.
3354 2072 3457 2141 Qui

1871 2154 2063 2210 habitat
2084 2157 2136 2210 in
2162 2158 2320 2225 (telis,
2345 2159 2573 2214 irridebit
2596 2177 2678 2215 eos
2706 2178 2726 2217 :
2752 2162 2918 2218 cmlos
2944 2163 2986 2217 si
3011 2164 3221 2219 animas
3249 2174 3462 2221 sanctas

1870 2246 2214 2314 accipiamus,
2259 2262 2353 2318 per
2375 2246 2472 2303 has
2493 2264 2608 2315 eos,
2642 2251 2825 2321 utique
2855 2253 3141 2321 praesciens
3161 2253 3287 2324 quid
3315 2253 3461 2309 intu-

1871 2347 1989 2388 rum
2021 2336 2110 2402 sit,
2144 2336 2412 2392 deridebit
2441 2339 2582 2395 Deus
2609 2349 2663 2395 et
2686 2341 3053 2397 subsannabit.

1940 2425 1993 2481 4.
2037 2425 2057 2499 [
2088 2442 2217 2481 vers.
2247 2427 2326 2501 5.]
2358 2428 2499 2483 Tunc
2524 2430 2755 2498 loquetur
2778 2432 2846 2485 ad
2870 2448 2953 2486 eos
2987 2434 3039 2486 in
3067 2434 3144 2487 ira
3172 2450 3284 2500 sua,
3323 2444 3369 2489 et
3407 2436 3462 2489 in

1871 2516 2043 2587 furore
2083 2535 2175 2573 suo
2210 2520 2525 2575 conturbabit
2573 2537 2697 2577 eos:
2745 2523 2953 2593 planius
2988 2525 3130 2578 enim
3174 2525 3464 2582 ostendens

1871 2610 2141 2680 quomodo
2164 2612 2229 2665 ad
2261 2627 2356 2667 eos
2394 2613 2659 2684 loquetur,
2701 2614 2853 2679 dixit,
2893 2614 3208 2669 conturbabit
3247 2632 3368 2681 eos;
3406 2627 3465 2672 ut

1871 2700 1924 2753 in
1949 2701 2027 2753 ira
2056 2718 2177 2765 sua,
2209 2701 2308 2756 hoc
2338 2704 2429 2769 sit,
2461 2704 2514 2756 in
2545 2708 2719 2774 furore
2759 2720 2873 2758 suo.
2909 2705 3045 2759 Iram
3093 2715 3270 2761 autem
3298 2717 3351 2761 et
3376 2706 3463 2761 fu-

1872 2806 2047 2845 rorem
2082 2793 2289 2847 Domini
2327 2794 2415 2847 Dei
2458 2811 2560 2848 non
2601 2796 3052 2864 perturbationem
3084 2801 3277 2853 mentis
3297 2813 3463 2868 opor-

1873 2891 1946 2938 tet
1974 2884 2211 2954 intelligi,
2242 2885 2334 2939 scd
2366 2887 2469 2939 vim
2496 2903 2595 2957 qna
2621 2888 2917 2956 justissime
2935 2891 3185 2955 vindicat,
3218 2892 3460 2961 subjecta

1872 2972 1974 3027 sibi
2022 2974 2087 3028 ad
2137 2975 2486 3031 ministerium
2532 2978 2777 3035 universa
2832 2984 3136 3035 creatura‘.
3188 2983 3459 3053 Prtecipnc

1873 3078 2105 3135 namque
2160 3067 2557 3141 pervidendum,
2586 3081 2747 3127 estet
2790 3074 3075 3129 tenendum
3136 3076 3265 3130 illud
3322 3077 3462 3147 quod

1874 3156 2129 3226 scriptum
2154 3167 2237 3213 est
2263 3160 2313 3213 in
2340 3159 2651 3218 Salomone:
2684 3163 2759 3218 Tu
2779 3175 2965 3231 autem,
2994 3165 3212 3222 Domine
3236 3169 3455 3235 virtutis,

1873 3263 1987 3302 cum
2036 3252 2402 3321 tranquillitate
2448 3254 2674 3325 judicas,
2726 3266 2770 3311 et
2809 3273 2925 3311 cum
2964 3276 3148 3331 magna
3181 3263 3459 3315 reverentia

1873 3339 2099 3410 disponis
2127 3358 2218 3396 nos
2236 3342 2388 3414 (Sap.
2408 3361 2501 3409 sn,
2527 3348 2635 3418 18).
2680 3348 2757 3403 Ira
2782 3364 2909 3420 ergo
2942 3351 3031 3405 Dei
3059 3362 3141 3407 est
3167 3362 3340 3407 motus
3370 3354 3459 3423 qui

1873 3430 1933 3485 lit
1962 3432 2013 3485 in
2036 3431 2210 3486 anima
2240 3448 2361 3504 qum
2396 3435 2567 3505 legem
2598 3439 2686 3493 Dei
2736 3442 2903 3508 novit,
2948 3457 3067 3496 cum
3112 3444 3352 3499 eamdem
3384 3444 3461 3499 Ic-

1871 3537 1993 3592 gem
2024 3523 2167 3579 videt
2199 3540 2229 3579 a
2258 3535 2538 3596 peccatore
2557 3532 2850 3598 pneteriri;
2878 3548 2973 3602 per
3005 3534 3143 3588 hunc
3179 3536 3320 3589 enim
3350 3551 3467 3589 mn-

1875 3621 1984 3667 lum
2029 3613 2293 3685 justarum
2336 3618 2633 3673 animarum
2676 3622 2838 3676 multa
2889 3624 3241 3682 vindicantur.
3285 3625 3465 3693 Quan-

1872 3720 2028 3775 quam
2074 3707 2242 3776 possit
2287 3708 2365 3764 ira
2394 3709 2484 3765 Dei
2517 3721 2660 3767 recte
2695 3713 2913 3785 intelligi
2936 3717 3093 3770 etiam
3125 3716 3235 3786 ipsa
3271 3719 3464 3774 mentis

1873 3797 2195 3867 obscuratio,
2219 3816 2340 3872 qua:
2363 3805 2705 3875 consequitur
2723 3821 2819 3861 eos
2846 3809 2932 3878 qui
2963 3809 3132 3880 legem
3164 3811 3253 3866 Dei
3285 3820 3461 3867 trans-

1871 3888 2205 3959 grediuutur.

1943 3980 1998 4035 5.
2036 3978 2211 4053 [vers.
2251 3982 2333 4057 6.]
2370 3983 2479 4057 Ego
2509 3995 2676 4041 autent
2710 3989 3011 4044 constitutus
3045 4007 3157 4046 sum
3188 4010 3279 4048 rea:
3315 3996 3377 4048 ab
3409 4012 3467 4051 eo

1873 4086 2025 4140 super
2053 4071 2182 4127 Sion
2211 4083 2426 4129 montem
2447 4085 2677 4131 sanctum
2695 4079 2825 4149 ejus,
2852 4082 3135 4152 prazdicans
3160 4095 3465 4155 praeoptarit

1873 4158 2118 4215 Domini’
2145 4162 2258 4236 (a):
2308 4179 2374 4220 ex
2414 4180 2635 4235 persona
2668 4169 2833 4239 ipsius
2874 4171 3085 4227 Domini
3125 4176 3293 4229 nostri
3337 4176 3466 4231 Jesu

1872 4250 2069 4309 Christi
2094 4256 2195 4310 ista
2224 4256 2503 4314 maniiesta
2525 4268 2669 4315 sunt.
2699 4261 2828 4317 Sion
2851 4272 3052 4330 autem,
3075 4265 3120 4319 si
3142 4267 3464 4335 speculatio-

1872 4358 2019 4410 nem,
2049 4353 2106 4400 ut
2133 4346 2345 4416 quidam
2364 4349 2797 4419 interpretantur,
2823 4353 3102 4424 significat,
3134 4357 3265 4410 nihil
3297 4359 3466 4427 magis

1874 4448 2034 4504 quam
2063 4435 2357 4494 Ecclesium
2396 4440 2654 4497 debemus
2686 4444 2953 4513 accipere,
2990 4446 3084 4500 ubi
3114 4448 3351 4517 quotidie
3382 4449 3466 4503 in-

1878 4525 2047 4580 tentio
2086 4528 2309 4597 erigitur
2337 4531 2676 4599 speculanda:
2702 4533 2959 4590 claritatis
2992 4536 3111 4603 Dei,
3152 4537 3289 4593 sicut
3320 4540 3469 4607 Apo.

1875 4616 2043 4672 stolus
2071 4616 2198 4673 dicit
2234 4637 2247 4674 :
2292 4619 2404 4676 Nos
2430 4632 2598 4677 autem
2618 4625 2834 4681 revelata
2866 4628 2998 4698 [acie
3020 4626 3234 4700 gloriam
3262 4628 3469 4686 Domini

1875 4711 2193 4781 speculantes
2232 4714 2299 4786 (ll
2324 4715 2444 4773 Cor.
2502 4733 2579 4782 ιιι,
2614 4719 2727 4790 18).
2776 4720 3060 4793 Ergoistc
3112 4738 3303 4779 sensus
3341 4734 3465 4780 est:

1877 4805 1990 4877 Ego
2008 4816 2185 4863 autem
2209 4809 2529 4866 constitutus
2552 4826 2668 4866 smn
2692 4828 2787 4867 rex
2819 4814 2887 4868 ab
2908 4829 2973 4869 eo
2992 4830 3153 4885 super
3172 4815 3468 4874 Ecclesiam

1876 4908 2112 4954 sanctam
2157 4901 2292 4973 ejus,
2342 4920 2501 4975 quam
2536 4917 2772 4961 montem
2816 4909 3046 4979 appellat
3085 4918 3303 4981 propter
3328 4912 3470 4966 emi-

1876 4993 2108 5047 nentiam
2128 5004 2180 5048 et
2208 4993 2533 5053 ﬁrmitatem.
2576 4997 2687 5068 Ego
2720 5008 2888 5053 autem
2925 5001 3224 5056 constitutus
3246 5019 3357 5056 sum
3382 5018 3477 5056 rea:

1876 5083 1939 5137 ab
1960 5099 2017 5137 eo
2038 5100 2057 5137 :
2091 5100 2189 5154 ego
2217 5087 2449 5156 scilicet,
2499 5089 2651 5159 cujus
2687 5090 2892 5145 vincula
2931 5091 3005 5146 illi
3040 5091 3371 5163 disrumpere
3419 5102 3472 5150 ct

1874 5172 2056 5243 jngum
2106 5175 2499 5233 meditabantur
2544 5178 2791 5250 abjicere.
2833 5182 3128 5237 I’rwdicans
3166 5193 3472 5255 priet-cptum

1877 5264 2086 5332 ipsius:
2137 5267 2254 5337 quis
2301 5270 2401 5324 hoc
2451 5284 2556 5325 non
2604 5273 2828 5341 sentiat,
2878 5289 2998 5329 cum
3037 5276 3274 5345 quotidie
3321 5274 3470 5329 factio

160 5355 220 5399 ut
246 5345 507 5400 Christus
532 5346 996 5418 exstinguerctur;
1040 5346 1234 5405 dicitur
1258 5349 1361 5405 hoc
1389 5351 1529 5406 enim
1561 5351 1627 5407 de
1655 5368 1778 5422 per-
1881 5357 2064 5412 tetur?

158 5436 514 5491 secutoribus
562 5437 793 5503 Domini,
837 5437 926 5508 qui
964 5448 1017 5493 et
1056 5439 1109 5495 in
1152 5440 1371 5497 Actibus
1398 5440 1771 5513 Apostolorum

158 5536 674 5583 commemorantur
701 5528 835 5595 (Aet.
859 5544 934 5594 iv,
965 5527 1080 5601 26).

234 5620 297 5674 2.
345 5617 369 5691 [
396 5636 525 5676 vers.
550 5618 629 5693 5.]
657 5618 1045 5691 Disrumpamus
1064 5623 1264 5678 vincula
1284 5639 1472 5690 eorum,
1495 5632 1539 5678 et
1558 5624 1773 5695 abjiciao

256 5793 313 5907 ς)
355 5793 483 5907 tilum
509 5792 701 5906 νενεέί
725 5798 953 5845 tractatur
976 5795 1100 5844 m‘ra
1118 5796 1167 5846 iu
1202 5802 1386 5850 tEuarr
1431 5796 1551 5847 Orat.
1592 5811 1774 5861 xxxvi,

287 5871 303 5907 :
338 5872 365 5906 ,ε
407 5871 533 5907 esu.
561 5869 613 5905 ιι.

163 5870 215 5908 ts.
237 5869 303 5920 υς
338 5869 388 5907 ,ει
407 5871 533 5915 om,
561 5869 613 5905 ιι.

1950 5451 2002 5507 6.
2045 5450 2195 5525 [υενε.
2227 5453 2306 5527 7.]
2334 5453 2582 5513 Dominus
2625 5459 2753 5514 dixit
2794 5461 2860 5514 ad
2900 5477 2979 5516 me
3006 5478 3027 5516 :
3061 5460 3106 5515 F
3107 5464 3222 5517 ilius
3256 5476 3395 5514 incus
3419 5476 3472 5513 es

1945 5613 1962 5645 ι
1981 5611 2053 5658 sic
2074 5615 2180 5661 Mss.
2207 5618 2263 5663 At
2286 5612 2418 5673 edd.,
2439 5614 2701 5674 subjectum
2728 5616 2999 5668 universam
3021 5625 3311 5669 creaturam.

1911 5675 2091 5746 .’_Sic._
2116 5676 2399 5739 hoc'primo
2436 5677 2560 5737 loco,
2590 5678 2805 5729 melioris
2844 5688 2972 5729 noue
3010 5687 3113 5728 Mss.
3158 5680 3295 5739 juxta
3337 5684 3467 5739 LXX,

1881 5737 2119 5912 misémiie
2144 5799 2318 5851 eodem
2351 5812 2482 5851 vers.
2508 5800 2541 5850 6
2564 5807 2613 5852 ct
2636 5814 2743 5866 seq.
2778 5801 2889 5852 vide
2922 5807 3056 5850 Enat‘.
3086 5801 3131 5851 in
3158 5800 3276 5851 I‘sul.
3314 5816 3441 5867 nvo
3472 5842 3483 5855 .

1884 5874 1935 5911 ιι.

1884 5874 1935 5911 ιι.
