4042 6480
559 401 624 458 τι
1796 387 1835 444 S
1895 383 2166 445 AUGUST

2287 379 2589 441 EPISCOPI
3751 381 3821 441 ⁸12

558 525 632 580 ta,
663 529 756 588 ego
783 511 936 568 hodie
959 510 1110 584 genui
1133 518 1179 564 te
1207 508 1306 579 (a).
1332 506 1644 574 Quanquam
1673 503 1834 558 etiam
1864 501 2031 570 possit
2051 499 2141 554 ille

559 605 675 663 dies
693 606 745 660 in
776 602 1049 675 preplictia
1073 601 1249 656 dictus
1277 596 1461 659 videri,
1501 611 1607 665 quo
1625 593 1781 649 Jesus
1799 593 2042 647 Christus
2061 606 2148 642 se-

557 697 788 758 wndutn
833 695 1101 750 hominem
1133 699 1286 747 natus
1310 699 1431 749 est;
1463 699 1640 742 tamen
1683 687 1830 740 hodie
1855 685 1976 755 quia
2012 697 2147 752 pra:-

563 791 790 847 sentiam
818 787 1101 858 signiﬁcat,
1123 785 1349 854 atquein
1369 782 1666 836 mternitate
1695 793 1794 833 nec
1822 776 2146 847 prmteritum

562 881 848 954 quidquam
874 889 976 942 est,
1007 877 1156 946 quasi
1178 891 1298 930 esse
1319 875 1570 937 desierit;
1597 887 1697 927 nec
1717 870 1972 934 futurum,
1999 866 2149 938 quasi

567 971 804 1028 nondum
822 969 924 1034 sit;
951 966 1043 1022 sed
1071 981 1303 1036 praesens
1325 973 1549 1028 tantum,
1578 962 1700 1032 quia
1721 957 1977 1030 quidquid
1996 964 2151 1011 teter—

565 1078 691 1118 num
721 1069 825 1126 est,
853 1073 1062 1128 semper
1084 1067 1195 1122 est;
1217 1055 1471 1111 divinitus
1496 1052 1752 1122 accipitur
1779 1049 2070 1106 secundum
2099 1046 2150 1101 id

565 1154 789 1220 dictum,
819 1151 930 1223 Ego
953 1151 1104 1204 hodie
1123 1149 1271 1220 genui
1299 1157 1363 1211 te,
1395 1161 1500 1214 quo
1521 1145 1898 1212 sempiternam
1925 1153 2152 1209 genera-

567 1247 770 1301 tionem
808 1243 1015 1297 virtutis
1056 1249 1112 1296 et
1136 1238 1411 1308 sapientia:
1441 1235 1558 1298 Dei.
1599 1234 1687 1304 qui
1733 1243 1813 1287 εει
1853 1229 2155 1300 unigenitus

569 1338 758 1404 Filius,
787 1335 919 1390 lides
937 1331 1298 1388 sincerissima
1325 1335 1384 1384 et
1405 1327 1663 1382 catholica
1695 1322 1963 1393 prmdicat.

640 1428 695 1484 7.
737 1425 760 1500 [
785 1440 914 1480 vers.
945 1421 1024 1495 8.]
1052 1417 1269 1477 Postulo
1296 1436 1328 1472 a
1345 1433 1442 1480 me,
1471 1425 1517 1470 et
1539 1414 1669 1469 dabo
1689 1414 1778 1468 tibi
1798 1421 1966 1482 gentes
1993 1411 2158 1464 hatre-

571 1499 780 1573 ditatent
823 1525 960 1569 tuam
986 1512 1084 1585 (b).
1142 1511 1254 1566 [loc
1300 1509 1410 1579 jam
1459 1504 1822 1574 temporaliter
1865 1499 2157 1556 secundum

572 1616 875 1678 susceptum
901 1603 1189 1665 hominem,
1221 1601 1308 1670 qui
1345 1597 1664 1652 sacriﬁcium
1695 1608 1816 1650 sese
1841 1591 2034 1646 obtulit
2063 1604 2160 1659 pro

573 1695 820 1753 omnibus
862 1692 1154 1757 sacriﬁciis,
1206 1690 1295 1760 qui
1339 1689 1498 1743 etiam
1543 1685 1837 1754 interpellat
1866 1697 1964 1754 pro
2005 1680 2159 1734 nobis

576 1789 755 1863 (Rom.
790 1803 902 1853 vni,
940 1783 1068 1857 34);
1113 1793 1172 1838 ut
1196 1782 1262 1838 ad
1293 1790 1455 1836 totam
1498 1780 1664 1851 ipsam
1713 1774 2160 1842 dispensationem

576 1877 945 1948 temporalem,
987 1889 1107 1944 qua:
1136 1887 1234 1943 pro
1257 1885 1453 1940 genere
1481 1869 1712 1923 humano
1737 1865 1873 1921 facta
1900 1873 2000 1927 est,
2028 1863 2163 1916 rele-

577 1980 725 2024 ratur
759 1967 901 2039 quod
927 1966 1126 2021 dictum
1152 1972 1253 2027 est,
1287 1961 1500 2016 Postulo
1519 1978 1550 2014 ο
1576 1975 1684 2024 me;
1714 1967 1774 2012 ut
1800 1956 2006 2012 scilicet
2031 1969 2160 2024 gen-

581 2071 664 2115 tes
707 2057 909 2115 nomini
939 2055 1229 2111 chrisuano
1265 2052 1598 2122 copulentur,
1632 2057 1792 2119 atque
1817 2047 1890 2101 ita
1927 2062 1958 2098 a
1993 2053 2164 2098 morte

581 2153 930 2215 redimantur,
974 2157 1030 2203 et
1063 2146 1431 2216 possideantur
1467 2157 1498 2196 a
1541 2142 1668 2195 Deo.
1718 2138 1858 2192 Dabo
1883 2137 1971 2190 tibi
1996 2147 2166 2206 gentes

582 2239 924 2295 Iucreditatem
951 2249 1109 2299 tuam,
1135 2249 1267 2303 quas
1296 2230 1568 2302 possideas
1599 2228 1665 2283 ad
1696 2242 1878 2283 earum
1902 2225 2162 2291 salutem,

581 2341 636 2386 et
676 2344 796 2400 qua:
836 2327 926 2382 tibi
969 2325 1287 2382 fructiﬁcent
1323 2321 1638 2392 spiritualia.
1696 2319 1762 2372 Et
1806 2317 2167 2388 possessionem

583 2435 721 2479 tuam
760 2419 997 2474 terminos
1027 2427 1192 2471 terras.
1235 2415 1378 2470 Idem
1426 2412 1708 2480 repetitum
1750 2419 1834 2464 est
1874 2425 1887 2462 :
1931 2408 2167 2461 terminos

581 2526 748 2577 terre,
793 2524 892 2581 pro
921 2523 988 2564 eo
1016 2507 1244 2578 positum
1274 2502 1414 2574 quod
1440 2502 1639 2557 dictum
1665 2509 1768 2566 est,
1817 2507 2026 2570 gentes;
2074 2496 2166 2551 sed

584 2604 687 2658 hoc
710 2601 936 2671 planius,
965 2607 1026 2654 ut
1051 2611 1241 2653 omnes
1267 2605 1452 2665 gentes
1473 2593 1828 2662 intelligamus
1856 2607 1869 2643 :
1896 2589 2170 2658 possessio-

585 2709 696 2746 nem
725 2699 904 2746 autem
932 2700 1090 2766 tuam,
1115 2702 1213 2759 pro
1233 2701 1301 2742 eo
1319 2683 1461 2756 quod
1474 2683 1672 2738 dictum
1700 2689 1802 2748 est,
1830 2679 2171 2734 hereditatem

659 2875 713 2931 8.
741 2873 762 2948 [
790 2889 921 2928 vers.
943 2871 999 2938 9.
1019 2869 1132 2945 ιιι]
1151 2871 1312 2941 Reges
1328 2884 1414 2923 eos
1437 2867 1489 2922 in
1509 2866 1650 2938 uirga
1667 2867 1827 2936 ferrea
1847 2879 1866 2920 :
1887 2863 1939 2917 in
1962 2861 2172 2916 inﬂexi-

585 2965 676 3021 bili
698 2963 921 3035 justitia.
951 2961 1020 3017 Et
1039 2971 1278 3032 tanquam
1303 2975 1390 3014 cas
1416 2958 1561 3030 ﬁguli
1588 2966 1812 3011 conteres
1838 2969 1924 3009 eos
1953 2951 2030 3023 (c)
2061 2969 2078 3014 ;
2120 2951 2172 3006 id

586 3067 692 3126 est,
712 3066 958 3113 conteres
979 3056 1033 3110 in
1061 3055 1141 3110 eis
1167 3064 1409 3109 terrenas
1425 3049 1764 3120 cupiditates,
1789 3056 1844 3102 et
1863 3044 2058 3100 veteris
2075 3043 2174 3098 bo-

587 3149 748 3206 rninis
763 3147 1019 3204 lutulenta
1038 3145 1266 3215 negotia,
1287 3152 1344 3199 et
1362 3139 1616 3212 quidquid
1627 3139 1696 3195 de
1716 3146 1994 3209 peccatore
2014 3135 2142 3189 limo
2155 3134 2172 3167 ι

587 3247 920 3296 contractum
939 3244 1097 3307 atque
1121 3234 1361 3290 inclitum
1387 3239 1488 3288 est.
1511 3230 1580 3289 Et
1609 3245 1765 3293 nunc,
1797 3243 1958 3298 reges,
1985 3225 2176 3279 intelli-

588 3334 689 3404 gite
712 3346 732 3387 :
750 3340 798 3387 et
819 3345 973 3396 nunc,
1002 3327 1055 3384 id
1081 3335 1166 3384 est
1181 3327 1292 3397 jam
1320 3323 1577 3386 innovati,
1610 3321 1720 3392 jam
1752 3319 1995 3374 contritis
2021 3317 2179 3372 luteis

592 3421 934 3494 tegumentis,
982 3420 1037 3477 id
1088 3426 1171 3475 est
1206 3415 1508 3474 carnalibus
1552 3411 1694 3467 vasis
1735 3409 1936 3465 erroris
1964 3423 2083 3478 quae
2108 3406 2176 3460 ad

589 3513 916 3587 preteritam
937 3511 1099 3568 vitam
1124 3508 1388 3582 pertinent
1412 3523 1426 3560 :
1449 3520 1584 3560 nunc
1603 3500 1867 3572 iutelligite
1877 3499 1986 3568 jam
2003 3510 2176 3567 reges,

592 3605 648 3662 id
675 3613 778 3670 est,
802 3603 912 3675 jam
943 3602 1180 3658 valentes
1205 3612 1392 3669 regere
1420 3593 1674 3666 quidquid
1705 3592 1758 3647 in
1796 3591 1947 3646 vobis
1980 3587 2178 3644 servile

594 3708 755 3771 ιιιιιιιε
793 3697 1015 3754 bestiale
1063 3702 1175 3759 est;
1224 3701 1279 3746 et
1318 3691 1430 3760 jam
1482 3688 1722 3742 valentes
1767 3697 2021 3755 pugnare,
2072 3695 2178 3735 non

596 3789 750 3864 quasi
768 3806 946 3846 acrem
971 3786 1260 3851 caedentes,
1283 3782 1377 3839 sed
1397 3779 1716 3851 castigantes
1737 3787 1912 3833 vestra
1938 3787 2180 3844 corpora,

597 3892 654 3940 ct
680 3881 920 3938 servituti
949 3878 1291 3948 subjicientes
1317 3874 1361 3945 (l
1379 3871 1497 3927 Cor.
1526 3887 1600 3937 ιιι,
1623 3869 1716 3934 26,
1733 3869 1843 3937 ‘27).
1870 3864 2181 3928 Erudimini,

597 3988 775 4029 omnes
799 3973 884 4041 qui
915 3968 1162 4045 judicatis
1200 3974 1404 4019 terram.
1455 3961 1568 4018 Hoc
1594 3960 1732 4016 idem
1760 3956 2042 4027 repetitum
2063 3964 2181 4009 est:

601 4061 892 4124 erudimiui,
918 4073 1016 4131 pro
1043 4072 1109 4113 eo
1128 4056 1266 4127 quod
1292 4055 1492 4111 dictum
1521 4061 1624 4120 est,
1654 4049 1955 4121 intelligite;
1991 4046 2075 4116 qui
2091 4046 2186 4115 ju-

604 4155 787 4209 dicatis
811 4160 985 4207 autem
1008 4157 1215 4212 terram,
1257 4161 1354 4216 pro
1381 4160 1447 4201 eo
1470 4143 1613 4215 quod
1647 4135 1848 4198 dictum
1872 4146 1984 4204 est,
2025 4150 2185 4206 reges.

603 4243 914 4318 Spirituales
937 4241 1081 4297 enim
1111 4236 1371 4309 signiﬁcat
1399 4235 1488 4305 qui
1509 4233 1752 4304 judicent
1779 4239 1974 4286 terram
2009 4243 2022 4280 :
2052 4223 2188 4280 iule-

604 4312 719 4393 rius
751 4335 894 4392 enim
937 4333 1089 4389 nobis
1127 4337 1228 4394 est,
1269 4325 1522 4399 quidquid
1565 4321 1897 4394 iudicamus;
1936 4312 2188 4387 quidquid

604 4439 785 4485 autem
828 4426 962 4483 infra
999 4421 1328 4496 spiritualem
1368 4417 1640 4474 hominem
1679 4424 1782 4481 est,
1821 4410 2015 4468 merito
2048 4417 2190 4464 terra

607 4520 930 4581 nominatur,
960 4516 1080 4586 quia
1113 4522 1326 4569 terrena
1353 4508 1472 4564 labe
1497 4509 1788 4563 sauciatum
1814 4512 1916 4560 est.

681 4610 735 4665 9.
777 4606 946 4680 [verm
978 4602 1090 4676 1L]
1121 4602 1318 4660 Servite
1342 4599 1560 4654 Domino
1599 4597 1654 4650 in
1681 4597 1854 4650 timore
1881 4591 1962 4664 (tl)
1987 4607 2006 4647 :
2035 4606 2104 4648 ne
2139 4590 2192 4646 in

611 4699 914 4770 superbiam
939 4695 1152 4749 vertat’
1183 4691 1324 4762 quod
1355 4689 1556 4745 dictum
1584 4695 1686 4750 est,
1725 4700 1865 4759 reges
1889 4684 1975 4754 qui
1985 4683 2194 4754 judica-

611 4794 678 4848 tis
708 4801 911 4846 terram.
943 4784 1013 4841 Et
1039 4783 1282 4840 multata
1301 4780 1346 4836 ei
1371 4794 1484 4834 cum
1512 4787 1724 4831 tremore
1747 4789 1765 4828 :
1789 4773 1988 4842 optime
2014 4771 2196 4841 subje-

614 4894 758 4942 ctum
786 4890 868 4938 est
896 4877 1163 4943 multata,
1215 4889 1285 4930 ιιε
1316 4871 1384 4928 ad
1415 4869 1688 4926 miseriam
1720 4865 1901 4921 valere
1930 4863 2167 4922 videretu

615 4983 760 5051 quod
809 4973 1008 5031 dictum
1071 4978 1173 5035 est,
1234 4966 1412 5022 servile
1450 4961 1666 5018 Domino
1716 4958 1772 5014 in
1825 4957 2028 5010 timore.
2093 4951 2200 5010 Sed

618 5045 806 5124 rursus
835 5079 902 5120 ne
927 5063 1154 5133 idipsum
1182 5064 1428 5129 pergeret
1447 5053 1500 5110 in
1527 5049 1837 5108 etl'usionem
1867 5045 2199 5108 temeritatis,

617 5157 858 5216 additum
892 5163 994 5220 est,
1026 5168 1144 5208 cum
1185 5159 1433 5210 tremore;
1469 5153 1528 5200 ut
1565 5142 1630 5198 ad
1664 5141 1965 5196 cautionem
2003 5136 2206 5192 valeret

618 5250 1166 5318 circumspechanue
1202 5233 1634 5295 sanctiltcationis
1677 5229 1997 5288 custodiam.
2031 5225 2202 5283 Etiam

621 5343 700 5400 sic
729 5347 904 5414 pitest
929 5337 1118 5407 accipi,
1169 5332 1235 5388 Et
1261 5348 1393 5387 nunc
1427 5344 1567 5402 reges
1593 5326 1875 5398 intelligite,
1911 5323 1965 5379 id
2005 5331 2108 5386 est,
2143 5320 2208 5374 Et

688 5496 703 5526 ¹
737 5499 851 5541 πει
870 5495 998 5546 uss"
1021 5486 1082 5537 de
1099 5483 1280 5550 peccati
1296 5483 1432 5550 luna.

688 5557 709 5587 ’
729 5553 864 5612 ξω,
887 5541 1359 5612 vertant.'jtredecim
1381 5551 1508 5612 uss,
1531 5547 1699 5592 vertat.
1721 5547 1864 5612 unus,
1888 5541 2111 5612 vertatur.

713 5598 1080 5678 {fidem
1103 5611 1133 5659 'l
1153 5615 1383 5678 tractatur
1408 5609 1459 5678 in
1486 5598 1622 5678 liuor.
1649 5601 1768 5678 [:sal.
1794 5615 1875 5657 ιχ,
1900 5612 1949 5646 ιι.
1974 5598 2020 5673 8:

713 5658 762 5800 ΒΞ
798 5658 931 5725 Ve};
965 5658 1005 5722 δή
1020 5658 1252 5722 tractatur
1273 5670 1393 5719 item
1425 5670 1474 5717 iu
1493 5673 1629 5715 Etiar.
1655 5662 1772 5714 Psal.
1800 5676 1902 5717 xxx,
1928 5673 1978 5708 ιι.
2007 5658 2085 5708 50.

715 5752 739 5800 c
799 5737 928 5786 Idem
947 5747 1076 5800 vers.
1095 5733 1128 5784 9
1151 5732 1418 5796 explicatur
1441 5731 1491 5780 in
1515 5735 1650 5777 Euar.
1678 5725 1793 5775 P311.
1823 5737 1949 5782 xuv,
1973 5735 2022 5770 ιι.
2054 5720 2085 5767 ll

715 5752 739 5787 C

629 5797 753 5851 ml;
783 5811 977 5856 t.vttt,tt.
1008 5797 1051 5846 l.
1262 5855 1265 5856 ν
1294 5855 1299 5856 γ
1359 5851 1400 5856 Α
1465 5825 1467 5828 ⁴

693 5843 1072 5925 (innatam
1097 5868 1225 5908 vers.
1253 5855 1304 5905 ll
1325 5851 1436 5904 vide
1458 5857 1594 5902 mar.
1615 5849 1665 5899 in
1688 5846 1808 5899 Psal.
1832 5859 1943 5906 ιιι,
1961 5857 2010 5893 ιι.
2039 5843 2086 5895 5.

2171 4878 2198 4916 ι.
2302 4812 2666 4904 accipiendum
2749 4821 3033 4894 persuadet
3103 4813 3242 4886 quod
3301 4812 3501 4866 dictum
3563 4819 3650 4862 est
3705 4821 3720 4859 :

2248 498 2357 568 jam
2379 513 2520 553 nunc
2553 513 2641 554 me
2681 504 2804 568 rege
2829 496 3140 563 constituto,
3171 495 3335 551 nolite
3373 491 3551 552 tristes
3577 500 3716 563 esse,
3742 506 3825 556 res

2250 607 2345 662 ges
2385 604 2559 657 terrae,
2597 592 2748 662 quasi
2778 591 2976 648 bonum
2999 598 3233 645 vestrum
3255 587 3430 643 vobis
3450 588 3683 643 ablatum
3722 591 3822 654 sit;

2253 683 2346 738 sed
2369 683 2648 752 intelligite
2675 683 2869 752 potius,
2898 687 2956 736 et
2980 679 3286 736 erudimini.
3321 678 3377 734 ld
3401 677 3546 734 enim
3569 679 3715 734 vobis
3738 695 3830 735 es-

2253 775 2399 846 pedit
2431 784 2489 831 ut
2510 777 2607 831 sub
2630 776 2722 830 illo
2749 775 2883 840 sitis,
2910 789 2939 828 a
2961 789 3066 844 quo
3087 773 3386 828 intellectus
3412 781 3471 827 et
3493 771 3720 827 eruditio
3738 787 3832 826 vo-

2254 869 2336 924 bis
2363 869 2538 925 datur.
2568 869 2635 922 Et
2665 869 2766 922 hoc
2789 867 2939 922 vobis
2961 866 3195 936 expedit,
3219 874 3277 919 ut
3305 878 3412 919 non
3439 872 3643 918 temere
3661 863 3833 918 domi-

2256 962 2488 1028 nemini;
2512 960 2605 1016 sed
2631 960 2857 1014 Domino
2877 958 3111 1013 omnium
3133 971 3255 1012 cum
3283 957 3474 1010 timore
3491 953 3754 1018 servistis,
3783 963 3836 1008 et

2256 1051 2530 1107 exsultetis
2573 1051 2628 1106 in
2663 1049 2989 1105 beatitudine
3019 1048 3317 1104 certissima
3361 1054 3417 1102 et
3457 1045 3834 1110 sincerissima,

2257 1144 2397 1199 cauti
2433 1153 2488 1199 et
2509 1141 2996 1212 circumspicientes
3016 1154 3085 1194 ne
3109 1139 3177 1194 ab
3201 1153 3263 1195 ea
3292 1153 3388 1210 per
3406 1136 3712 1208 superbiam
3739 1136 3836 1192 de-

2257 1235 2464 1290 cidatis.

2331 1325 2417 1380 l0.
2458 1323 2480 1399 [
2506 1342 2634 1380 vers.
2667 1323 2779 1399 12.]
2810 1319 3184 1395 Apprehendite
3208 1318 3550 1389 disciplinam,
3576 1317 3840 1386 nequando

2258 1418 2507 1472 irascatur
2551 1416 2821 1482 Dominus,
2865 1425 2912 1471 et
2941 1415 3158 1487 pereatis
3199 1413 3266 1469 de
3289 1413 3370 1467 uia
3390 1413 3534 1485 justo
3567 1427 3588 1466 :
3633 1411 3734 1464 hoc
3759 1418 3840 1462 est

2259 1511 2398 1583 quod
2425 1512 2516 1577 sit,
2562 1511 2844 1582 intelligite,
2884 1518 2932 1564 et
2972 1507 3272 1572 erudimini;
3311 1520 3432 1560 nam
3465 1503 3759 1574 intelligere
3787 1510 3842 1556 et

2261 1604 2478 1670 erudiri,
2515 1605 2616 1659 hoc
2637 1613 2718 1659 est
2751 1602 3152 1673 apprehendere
3174 1601 3527 1670 disciplinam.
3557 1598 3842 1653 Verumta-

2262 1711 2385 1750 men
2409 1696 2462 1750 in
2478 1710 2544 1750 eo
2559 1694 2700 1765 quod
2719 1693 2931 1760 dicitur,
2958 1691 3338 1764 apprehendite,
3367 1690 3498 1744 satis
3516 1687 3844 1759 signiﬁcatur

2262 1787 2570 1859 praesidium
2598 1784 2867 1856 quoddam
2905 1793 3066 1855 atque
3090 1783 3476 1837 munimentum
3503 1793 3623 1834 esse
3650 1777 3845 1832 adver-

2263 1893 2355 1934 sus
2373 1878 2550 1933 omnia
2577 1892 2695 1947 quae
2715 1876 2907 1932 obesse
2927 1881 3164 1944 possent,
3193 1872 3293 1927 nisi
3323 1880 3468 1926 tanta
3493 1884 3619 1925 cura
3648 1881 3845 1937 appre-

2267 1969 2608 2026 lienderetur.
2637 1965 2918 2036 Nequando
2956 1975 3134 2021 autem
3154 1966 3404 2018 irascatur
3425 1961 3694 2023 Dominus,
3721 1971 3846 2014 eum

2265 2058 2594 2113 dubitatione
2637 2056 2862 2126 positum
2911 2064 3033 2121 est;
3089 2068 3196 2107 non
3242 2050 3532 2106 secundum
3580 2049 3847 2102 visionem

2269 2148 2566 2218 Ριυοριιειιε,
2584 2147 2669 2202 cui
2689 2155 2891 2203 certum
2912 2152 3015 2210 est,
3036 2143 3130 2198 sed
3155 2141 3445 2197 secundum
3472 2154 3567 2194 eos
3587 2139 3736 2208 ipsos
3755 2137 3848 2207 qui

2269 2249 2585 2303 monentur;
2615 2239 2736 2310 quia
2765 2253 2886 2293 cum
2901 2236 3236 2292 dubitatione
3258 2233 3431 2289 solent
3455 2231 3689 2301 cogitare
3714 2230 3851 2285 iram

2271 2335 2385 2399 Dei,
2431 2333 2622 2404 quibus
2650 2346 2756 2388 non
2781 2339 2962 2402 aperte
2989 2327 3279 2384 reveletur.
3325 2325 3438 2380 Hoc
3465 2337 3593 2391 ergo
3621 2320 3725 2377 sibi
3752 2320 3852 2391 ipsi

2268 2425 2468 2482 debent
2515 2425 2695 2480 dicere
2739 2441 2753 2478 :
2809 2419 3286 2493 Apprebendamus
3343 2414 3705 2486 disciplinam,
3756 2429 3887 2468 neo-

2271 2519 2481 2588 quando
2507 2519 2764 2573 irascatur
2793 2515 3068 2580 Dominus,
3110 2518 3166 2568 et
3190 2524 3467 2580 pereamus
3491 2507 3559 2562 de
3583 2507 3666 2560 via
3686 2505 3853 2576 justa.

2271 2611 2389 2666 Jam
2427 2623 2574 2674 vero,
2623 2610 2872 2662 irascatur
2915 2605 3168 2659 Dominus
3197 2643 3211 2667 ,
3264 2602 3533 2670 quomodo
3585 2597 3857 2667 accipien-

2272 2702 2398 2756 dum
2423 2702 2490 2755 sit
2515 2713 2672 2770 supra
2699 2699 2896 2754 dictum
2924 2705 3008 2752 est
3039 2695 3136 2768 (a).
3169 2692 3236 2748 Et
3261 2692 3472 2762 pereatis
3500 2691 3562 2743 de
3581 2690 3665 2742 eia
3683 2690 3860 2759 justa:

2275 2793 2392 2848 lucc
2417 2807 2606 2863 magna
2637 2805 2791 2862 paena
2823 2798 2925 2854 est,
2967 2802 3086 2858 quae
3115 2788 3182 2841 ab
3211 2786 3276 2840 iis
3300 2781 3614 2838 formidatur
3634 2780 3727 2850 qui
3759 2778 3860 2832 ali-

2274 2884 2398 2955 quid
2426 2882 2723 2939 dulcedinis
2742 2881 2962 2951 iustitiae
2991 2883 3373 2950 perceperunt;
3413 2873 3500 2943 qui
3533 2871 3682 2928 enim
3723 2867 3864 2939 perit

2275 2976 2345 3031 de
2366 2975 2450 3030 via
2470 2974 2706 3043 iustitiae,
2732 2987 2852 3028 cum
2877 2984 3067 3042 magna
3090 2966 3304 3022 miseria
3339 2980 3434 3035 per
3455 2963 3575 3018 vias
3607 2960 3862 3032 iniquita-

2277 3067 2346 3121 tis
2371 3064 2586 3120 errabit.

2351 3156 2436 3210 ll.
2480 3153 2501 3228 [
2529 3171 2654 3210 vers.
2686 3153 2795 3227 l3.]
2823 3152 2947 3209 Cum
2981 3150 3220 3207 exarserit
3245 3149 3297 3203 in
3319 3146 3451 3202 breui
3473 3146 3549 3199 ira
3573 3145 3710 3215 ejus,
3738 3142 3868 3198 beati

2278 3262 2448 3302 omnes
2475 3247 2562 3318 qui
2584 3245 2843 3314 conﬁdunt
2868 3245 2921 3297 in
2949 3259 3006 3297 eo
3034 3258 3056 3296 :
3081 3242 3132 3296 id
3158 3248 3260 3306 est,
3288 3254 3409 3294 cum
3435 3236 3669 3291 vindicta
3701 3249 3869 3290 vene-

2282 3339 2369 3405 rit,
2401 3353 2522 3408 quai
2550 3337 2726 3407 impiis
2758 3346 2814 3391 et
2845 3333 3213 3405 peccatoribus
3255 3338 3606 3402 prmparalur,
3640 3343 3748 3383 non
3775 3342 3870 3381 so-

2279 3432 2389 3487 lum
2431 3446 2529 3487 eos
2553 3447 2678 3486 non
2708 3431 2930 3498 attinget
2955 3427 3044 3497 qui
3073 3424 3348 3481 conﬁdunt
3377 3423 3428 3476 in
3460 3421 3716 3488 Domino,
3773 3417 3871 3474 sed

2279 3525 2441 3579 etiam
2488 3522 2555 3578 ad
2587 3535 2808 3592 regnum
2853 3519 2957 3574 illis
2991 3515 3359 3572 instruendum
3387 3522 3442 3568 et
3466 3509 3872 3567 sublimandum

2281 3615 2547 3685 proficiet.
2587 3612 2705 3668 Non
2747 3611 2891 3666 enim
2920 3608 3055 3664 dixit
3079 3624 3094 3661 :
3133 3605 3260 3662 Cum
3279 3603 3520 3659 exarserit
3547 3602 3605 3655 iu
3629 3601 3770 3655 breui
3796 3601 3878 3654 ira

2283 3707 2415 3778 ejus,
2463 3703 2638 3760 securi
2678 3718 2850 3756 omnes
2874 3699 2961 3770 qui
2987 3696 3248 3766 conﬁdunt
3286 3694 3340 3747 in
3368 3709 3448 3758 eo,
3487 3698 3747 3761 tanquam
3773 3689 3880 3743 hoc

2286 3798 2458 3853 solum
2500 3795 2624 3850 inde
2663 3792 2911 3858 habeant,
2953 3789 3092 3859 quod
3120 3802 3226 3842 non
3258 3786 3570 3855 puniantur;
3621 3781 3722 3835 sed
3750 3779 3882 3834 beati

2287 3888 2440 3952 dixit,
2485 3885 2573 3941 ubi
2609 3893 2692 3941 est
2720 3884 2981 3938 bonorum
3011 3878 3249 3933 omnium
3277 3887 3483 3931 summa
3523 3883 3578 3927 et
3604 3870 3882 3926 cumulus.

2287 3978 2441 4049 Quod
2463 3986 2642 4034 autem
2668 3975 2895 4046 positum
2924 3979 3027 4036 est,
3056 3970 3110 4024 in
3138 3968 3292 4034 brevi,
3323 3967 3428 4021 hoc
3459 3963 3768 4034 signiﬁcare
3795 3975 3885 4012 ar-

2289 4073 2477 4140 bitror,
2519 4071 2642 4142 quia
2671 4066 3008 4139 repentinum
3031 4061 3232 4133 aliquid
3256 4061 3382 4123 erit,
3408 4057 3535 4114 dum
3563 4055 3674 4110 hoc
3701 4065 3888 4109 remo-

2291 4176 2404 4220 tum
2427 4171 2484 4219 et
2512 4161 2668 4233 longe
2693 4159 2931 4216 futurum
2959 4164 3272 4228 peccatores
3296 4146 3704 4206 existimabunt.

2313 4275 3884 4309 __________________———————-—-

2785 4363 2866 4427 IN
2908 4357 3286 4424 PSALMUM
3329 4353 3416 4416 III

2873 4497 3290 4561 ENARRATIO.

2303 4631 2543 4688 Psalmus
2573 4625 2754 4690 David,
2783 4639 2897 4677 cum
2924 4624 3117 4693 fugeret
3143 4633 3176 4668 a
3195 4612 3329 4686 facie
3341 4607 3648 4664 Abessalon‘
3676 4605 3780 4676 ﬁlii
3798 4603 3903 4660 sui.

2373 4745 2427 4799 l.
2469 4741 2640 4815 [vers.
2684 4734 2762 4808 1.]
2812 4734 2964 4788 Hunc
3013 4726 3275 4800 psalmum
3315 4739 3380 4777 ex
3426 4733 3659 4789 persona
3699 4715 3904 4772 Christi

3795 4803 3909 4875 Ego

2305 4924 2536 4989 dormivi,
2566 4932 2612 4976 et
2634 4933 2866 4976 somnum
2891 4913 3001 4984 cepi
3025 4927 3041 4964 :
3063 4919 3106 4964 et
3135 4905 3415 4965 exsurrexi,
3441 4900 3684 4974 quoniam
3718 4898 3905 4953 Domi-

2309 5035 2402 5072 nus
2432 5014 2668 5086 suscipiet
2696 5027 2792 5064 me.
2826 5006 2991 5076 Magis
3017 5001 3159 5057 enim
3189 4999 3289 5052 hoc
3311 4994 3377 5050 ad
3408 4993 3721 5064 passionem
3746 4998 3803 5044 ει
3829 5003 3915 5042 re-

2309 5106 2693 5164 surrectionem
2717 5098 2928 5158 Domini
2956 5101 3316 5164 congruenter
3343 5093 3518 5151 sonat,
3545 5099 3713 5152 quam
3753 5081 3821 5134 ad
3855 5078 3920 5133 il—

2311 5202 2415 5255 lam
2444 5196 2721 5252 historiam
2765 5193 2819 5247 in
2858 5205 2960 5262 qua
2993 5183 3158 5241 David
3203 5181 3452 5238 scribitur
3482 5175 3683 5242 fugisse
3716 5187 3747 5226 a
3782 5170 3921 5226 faeie

2314 5291 2564 5349 bellantis
2593 5289 2871 5342 adversum
2899 5298 2960 5339 se
2987 5279 3080 5336 lilii
3100 5279 3180 5334 sui
3202 5277 3268 5349 (ll
3295 5276 3422 5343 Reg.
3445 5287 3534 5333 xv,
3559 5267 3672 5339 l7).
3701 5265 3925 5336 thuo-

2317 5363 2456 5440 niam
2486 5381 2741 5450 scriptum
2761 5386 2844 5432 εει
2866 5375 2934 5431 de
2957 5369 3230 5440 discipulis
3255 5364 3484 5420 Christi:
3513 5359 3782 5450 Quamdiu
3809 5372 3926 5410 cum

2316 5477 2387 5530 eis
2415 5484 2488 5529 est
2517 5447 2754 5543 sponsus,
2787 5482 2888 5521 non
2907 5465 3148 5535 jejunant
3169 5460 3190 5490 ⁸
3222 5457 3316 5527 ﬁlii
3357 5451 3530 5526 sponsi
3581 5447 3810 5520 (Matth.
3850 5462 3927 5506 Ix,

2385 5652 2400 5683 ι
2430 5656 2480 5698 ιιι
2504 5655 2620 5697 ante
2657 5643 2868 5697 excusis,
2884 5637 3090 5689 tbsalon.
3129 5639 3184 5684 At
3206 5633 3253 5681 in
3277 5627 3496 5698 melioris
3517 5631 3650 5673 noue
3675 5627 3787 5670 Mss.
3817 5619 3932 5668 ub:-

799 5690 931 5725 vers.
965 5690 998 5722 δ
1020 5690 1252 5722 ιε’ἰιυωιυι·
1275 5690 1393 5719 Item
1427 5690 1474 5717 ιιι
1493 5690 1629 5715 nitur.
1656 5690 1772 5714 mn.
1802 5690 1902 5717 ιω,
1929 5690 1978 5708 ιι.
2007 5690 2085 5708 νυ.

799 5737 928 5786 Idem
947 5747 1076 5785 vers.
1095 5733 1128 5784 9
1151 5732 1418 5796 explicatur
1441 5731 1491 5780 in
1515 5735 1650 5777 Euar.
1678 5725 1793 5775 P311.
1823 5737 1949 5782 xuv,
1973 5735 2022 5770 ιι.
2054 5719 2134 5780 l8;
2161 5732 2171 5766 ι

2319 5690 2829 5778 (ιιιεῖεξῖιῖιεεεεὶοὴ.
2857 5690 2906 5750 in
2928 5708 3089 5750 Graaeo
3107 5703 3236 5767 utx,
3264 5690 3521 5741 ,.rbcsolom.

2387 5777 2407 5796 ι
2432 5772 2526 5796 eum
2600 5766 2876 5796 έηειηηιιιηηι
2920 5771 2965 5796 ιι
3004 5769 3095 5796 Mue
3120 5795 3129 5796 ,
3156 5759 3388 5796 animum.

2387 5757 2416 5807 ἶ
2591 5766 2894 5831 jejunabunt.
2915 5771 2971 5812 At
3004 5769 3132 5820 Mss,
3147 5757 3388 5820 jejunum.

2386 5835 2463 5899 (a)
2496 5828 2660 5897 supra,
2681 5844 2728 5878 ιι.
2755 5828 2802 5876 4.
