4042 6496
187 414 249 471 73
1321 397 1716 453 ENARRATIO
1756 397 1818 453 IN
1859 396 2180 455 PSALMUM
2221 398 2306 455 Ill.
3375 406 3453 473 η

188 524 265 592 t5)
326 533 429 575 non
457 517 658 571 mirum
694 516 744 571 si
773 515 908 570 filius
932 512 1045 583 ejus
1069 511 1282 581 impius,
1311 511 1637 581 significatur
1666 509 1757 563 di-

188 609 401 682 scipulus
434 600 635 678 impius
680 593 776 677 Qui
807 614 926 661 eum
971 602 1201 658 tradidit.
1235 603 1280 656 Α
1319 604 1470 671 cujus
1501 598 1633 655 facie
1675 595 1759 653 fu-

190 702 312 776 gisse
336 715 647 771 quanquam
688 698 941 752 historice
984 696 1149 765 possit
1194 694 1381 766 accipi,
1420 690 1629 762 quando
1670 690 1760 745 illo

190 794 481 851 discedente
505 790 736 845 secessit
775 804 895 844 cum
937 787 1144 841 caeteris
1188 787 1239 839 in
1282 788 1550 849 montem;
1585 794 1760 839 tamen

189 884 545 954 Spiritualiter,
574 878 793 950 quando
824 882 1051 933 mentem
1082 874 1231 930 Judae
1258 866 1423 929 Filius
1459 875 1572 940 Dei,
1600 874 1650 928 id
1682 882 1763 927 est

192 977 343 1029 virtus
374 980 430 1026 et
458 968 720 1040 sapientia
762 968 877 1035 Dei,
926 967 1181 1031 deseruit,
1210 980 1329 1020 cum
1372 980 1490 1019 eum
1522 962 1763 1018 diabolus

198 1065 387 1133 penitus
416 1050 638 1125 invasit,
671 1058 726 1111 in
757 1073 821 1111 eo
851 1054 987 1126 quod
1031 1054 1284 1123 scriptum
1330 1061 1431 1118 est,
1469 1052 1529 1105 Et
1566 1053 1766 1104 intravit

196 1148 409 1207 diabolus
438 1151 493 1203 in
525 1166 612 1203 cor
637 1149 745 1218 ejus
772 1146 950 1219 (loan.
996 1162 1108 1211 xm,
1152 1143 1231 1215 2),
1270 1145 1405 1198 bene
1443 1143 1699 1212 accipitur
1733 1159 1763 1197 a

196 1245 313 1297 facie
338 1242 456 1309 ejus
476 1240 747 1293 Christum
773 1237 996 1307 fugisse;
1020 1252 1123 1290 non
1145 1235 1263 1305 quia
1281 1236 1521 1289 Christus
1547 1233 1761 1289 diabolo

196 1334 357 1396 cessit,
380 1332 483 1386 sed
504 1330 717 1385 Christo
734 1327 1037 1382 discedente
1057 1326 1297 1381 diabolus
1316 1320 1564 1395 possedit.
1582 1323 1750 1390 Quem

195 1424 475 1477 discessum
505 1422 680 1491 fugam
710 1434 831 1474 esse
852 1418 903 1472 in
935 1418 1035 1472 hoc
1059 1417 1259 1484 pSalmo
1281 1414 1599 1484 appellatum
1626 1415 1763 1468 cele-

197 1513 352 1568 ritatis
382 1518 546 1565 eauSa
574 1509 833 1571 arbitror;
862 1507 999 1577 quod
1053 1506 1217 1561 verbo
1259 1502 1417 1559 etiam
1468 1504 1670 1558 Domini
1698 1504 1770 1557 si-

198 1602 467 1672 gniﬁcatur
515 1598 776 1653 dicentis:
805 1596 950 1662 Quod
979 1596 1128 1667 facis,
1173 1595 1271 1648 cito
1318 1598 1399 1665 fac
1440 1586 1765 1664 (Ibid.,27).

198 1692 477 1761 Loquimur
502 1690 663 1743 etiam
690 1688 766 1741 sic
792 1688 846 1740 in
872 1685 1273 1747 consuetudine,
1298 1692 1353 1738 ιιι
1374 1683 1609 1737 dicamus
1631 1701 1642 1736 :
1666 1682 1769 1736 Fu-

198 1783 263 1851 git
296 1796 401 1844 me,
436 1778 579 1848 quod
623 1778 675 1830 in
718 1782 947 1831 mentem
979 1790 1083 1829 non
1115 1775 1289 1839 venit;
1343 1780 1397 1827 et
1442 1773 1509 1826 de
1556 1772 1770 1826 homine

199 1870 497 1923 doctissimo
523 1865 785 1920 dicimus:
813 1864 949 1917 Nihil
976 1879 1094 1917 eum
1127 1862 1277 1932 fugit.
1308 1861 1593 1931 Propterea
1634 1860 1772 1914 veri-

202 1970 275 2011 tas
303 1958 437 2026 fugit
460 1966 685 2010 mentem
725 1954 896 2016 Judze,
941 1968 1060 2006 cum
1100 1967 1221 2006 eum
1253 1951 1516 2005 illustrare
1545 1950 1769 2005 destitit.

199 2050 496 2103 Abessalon
525 2056 720 2111 autem,
745 2044 881 2098 sicut
910 2044 1122 2114 quidam
1149 2042 1576 2111 interpretantur,
1609 2040 1661 2093 in
1690 2040 1771 2093 la-

205 2142 299 2192 tina
330 2137 506 2206 lingua
533 2136 727 2190 dicitur
754 2135 926 2189 Patris
950 2150 1082 2203 pax:
1108 2133 1248 2204 quod
1278 2134 1467 2187 mirum
1498 2132 1660 2186 videri
1680 2144 1774 2201 po-

202 2237 310 2291 test,
334 2227 449 2280 sive
477 2226 527 2278 in
556 2225 774 2278 historia
804 2224 1125 2293 Regnorum,
1153 2235 1272 2277 cum
1297 2222 1492 2277 belliin)
1519 2221 1772 2277 adversus

203 2330 392 2387 patrem
425 2318 720 2372 Abessalon
750 2316 1003 2385 gesserit:
1031 2314 1145 2369 sive
1171 2315 1225 2367 in
1250 2312 1466 2367 historia
1493 2311 1625 2366 Novi
1664 2308 1771 2367 Te-

204 2408 462 2471 stamenti,
496 2418 615 2459 cum
644 2405 867 2459 traditor
894 2403 1103 2458 Domini
1130 2401 1291 2457 Judas
1318 2401 1493 2468 fuerit,
1518 2400 1771 2471 quemad-

202 2498 401 2551 modum
436 2497 616 2551 Patris
647 2511 747 2564 pax
775 2495 941 2565 possit
964 2493 1201 2564 intelligi.
1226 2492 1329 2549 Sed
1358 2501 1410 2547 et.
1431 2493 1501 2547 ibi
1532 2494 1621 2563 qui
1651 2493 1774 2546 dili-

202 2598 371 2657 genter
402 2588 607 2656 legunt,
630 2587 811 2641 vident
837 2588 886 2639 in
906 2585 993 2639 illo
1008 2586 1149 2640 bello
1169 2583 1331 2639 David
1355 2593 1594 2654 pacatum
1613 2583 1774 2639 fuisse

204 2680 317 2743 lilio,
342 2680 431 2748 qui
451 2679 613 2733 etiam
636 2686 828 2747 magno
851 2693 969 2731 cum
993 2677 1174 2731 dolore
1196 2674 1400 2746 planxit
1426 2676 1766 2741 exstinctum,

203 2770 371 2823 dicens
396 2788 409 2823 :
445 2770 721 2823 Abessalon
749 2764 885 2837 ﬁlius
907 2784 1060 2831 meus,
1085 2768 1195 2837 quis
1222 2767 1360 2820 dabit
1381 2764 1503 2819 mihi
1534 2767 1661 2819 mori
1681 2781 1773 2836 pro

206 2864 243 2911 te
268 2859 329 2929 (ll
360 2859 489 2929 Reg.
518 2876 670 2923 svnt,
692 2859 821 2929 35)?
851 2867 904 2913 et
933 2859 983 2913 in
1016 2858 1235 2913 historia
1262 2858 1394 2911 Novi
1418 2857 1769 2925 Testamenti,

203 2949 303 3017 ipsa
345 2950 557 3003 Domini
592 2950 756 3004 nostri
800 2960 938 3003 tanta
985 2957 1037 3002 et
1082 2956 1187 3002 tam
1218 2948 1456 3003 miranda
1498 2948 1769 3019 patientia,

204 3039 331 3108 quod
356 3055 479 3092 eum
505 3038 705 3092 tamdiu
734 3036 948 3107 pertulit
974 3047 1219 3106 tanquam
1251 3037 1467 3103 bonum,
1500 3052 1620 3092 cum
1656 3038 1773 3107 ejus

204 3129 541 3195 cogitationes
564 3142 667 3181 non
688 3129 968 3196 ignoraret,
991 3138 1109 3181 cum
1130 3126 1369 3181 adhibuit
1388 3127 1452 3181 ad
1476 3127 1773 3182 convivium

204 3220 379 3285 inquo
404 3216 646 3283 corporis
689 3224 742 3269 et
786 3216 1053 3284 sanguinis
1099 3216 1177 3269 sui
1220 3214 1474 3285 figuram1
1502 3217 1776 3286 discipulis

202 3304 589 3358 commendavit
608 3312 663 3359 et
689 3303 900 3358 tradidit
929 3304 1102 3375 (Joan.
1130 3303 1269 3376 xm),
1294 3304 1435 3374 quod
1464 3306 1691 3375 denique
1720 3307 1771 3361 in

204 3395 307 3462 ipsa
339 3395 626 3449 tradilione
673 3394 910 3448 osculum
958 3395 1162 3464 aecepit
1212 3387 1425 3465 (Matth.
1470 3402 1618 3462 xm,
1658 3395 1771 3466 49),

203 3482 330 3537 bene
359 3483 677 3551 intelligitur
704 3498 886 3553 pacem
911 3477 1178 3537 Christum
1209 3483 1513 3538 exhibuisse
1536 3483 1774 3539 traditori

202 3585 321 3635 suo;
350 3574 601 3642 quamvis
625 3573 714 3627 ille
742 3582 847 3626 tam
884 3573 1157 3627 scelerata:
1195 3573 1528 3641 cogitationis
1566 3574 1776 3627 interno

205 3660 339 3713 bello
366 3669 692 3714 vastaretur.
724 3661 792 3715 Et
820 3660 939 3715 ideo
969 3661 1261 3715 Abessalon
1306 3661 1475 3715 Patris
1502 3676 1602 3731 pax
1638 3661 1775 3716 dici-

205 3758 305 3813 tur,
334 3750 458 3818 quia
488 3759 642 3818 pater
668 3750 846 3804 habuit
872 3756 1074 3819 pacem,
1120 3765 1276 3819 quam
1307 3750 1394 3804 ille
1418 3766 1525 3804 non
1570 3749 1773 3806 habuit.

266 3838 321 3891 2.
363 3836 516 3909 [νει-ε.
541 3839 599 3903 2,
642 3836 723 3910 3.]
762 3838 992 3903 Domine,
1040 3839 1162 3907 quid
1198 3836 1512 3909 multiplicati
1538 3850 1656 3893 sunt
1691 3840 1777 3909 qui

204 3926 439 3980 tribulam
469 3928 589 3980 me?
626 3935 734 3980 tam
761 3927 960 3982 sciliCet
987 3925 1316 3996 multiplicati
1358 3936 1499 3994 sunt,
1526 3937 1584 3981 ut
1608 3929 1767 3983 etiam

204 4018 268 4071 de
286 4033 516 4072 numero
542 4018 920 4086 discipulorum
951 4032 1055 4072 non
1082 4017 1307 4072 defuerit
1330 4019 1418 4087 qui
1442 4030 1662 4073 numero
1687 4033 1775 4073 ac-

204 4108 423 4160 cesserit
466 4106 920 4174 persequentium.
968 4104 1123 4159 Hulti
1161 4106 1426 4175 insurgunt
1474 4122 1621 4176 super
1659 4120 1778 4160 me:

204 4195 346 4247 inulti
365 4196 542 4248 dicunt
566 4195 751 4249 animae
771 4208 893 4249 mete
909 4211 927 4248 :
950 4194 1071 4249 Non
1094 4204 1164 4249 est
1182 4196 1327 4249 salus
1347 4196 1424 4249 illi
1443 4197 1495 4248 in
1517 4196 1622 4249 Deo
1642 4195 1769 4267 ejus.

205 4283 540 4338 lanifestum
566 4291 654 4337 est
674 4284 812 4351 quod
840 4284 938 4338 nisi
959 4283 1305 4353 desperarent
1331 4292 1772 4349 resurrecturum,

206 4389 310 4429 non
339 4376 525 4444 utique
546 4374 868 4429 occiderent.
893 4375 971 4429 Ad
998 4374 1100 4429 hoc
1126 4375 1305 4429 valent
1327 4374 1432 4428 illa:
1457 4386 1646 4429 voces:
1673 4373 1776 4428 De-

208 4466 411 4519 scendat
435 4466 502 4518 de
523 4480 691 4529 cruce,
721 4466 765 4518 si
791 4463 956 4519 Filius
997 4465 1092 4518 Dei
1120 4475 1224 4529 est;
1250 4474 1306 4519 et
1328 4482 1340 4517 :
1367 4464 1504 4519 Alios
1548 4466 1776 4528 saluauit,

206 4554 426 4620 scipsum
446 4569 550 4607 non
572 4562 731 4622 potest
752 4552 864 4621 (Id.
887 4564 1049 4616 xxvtt,
1067 4554 1176 4622 42).
1208 4549 1345 4622 Ergo
1361 4565 1459 4626 nec
1486 4554 1646 4608 ludas
1657 4563 1778 4608 eum

206 4644 543 4707 tradidisset,
575 4643 676 4698 nisi
706 4658 772 4698 ex
797 4656 978 4698 eorum
1008 4653 1149 4699 esset
1169 4658 1390 4698 numero
1404 4646 1490 4712 qui
1513 4645 1781 4699 Chrzstum

203 4742 629 4796 contemnerent,
653 4732 923 4787 dicentes:
960 4732 1006 4785 Ν
1010 4750 1075 4786 οη
1103 4742 1173 4787 est
1199 4736 1336 4787 salus
1362 4734 1438 4787 illi
1461 4735 1513 4787 in
1533 4734 1633 4787 Deo
1653 4736 1779 4804 ejus.

269 4823 325 4875 5.
370 4819 529 4893 [ινα-ε.
581 4820 658 4893 4.]
698 4820 778 4874 Τιι
796 4830 980 4884 autem,
1009 4820 1241 4886 Domine,
1270 4833 1524 4891 susceptor
1538 4836 1676 4876 meus
1691 4841 1741 4876 es
1764 4838 1783 4877 :

199 4910 501 4963 secundum
526 4909 820 4963 hominem
864 4911 1055 4964 dicitur
1078 4912 1212 4975 Deo;
1255 4913 1374 4980 quia
1405 4912 1633 4966 hominis
1659 4922 1782 4968 sus-

200 5000 382 5067 ceptio
410 5008 496 5053 est
526 4999 755 5053 Verbum
805 5014 929 5053 caro
951 5000 1160 5054 factum.
1187 4999 1362 5055 Gloria
1388 5018 1499 5055 utea
1518 5018 1538 5056 :
1562 5002 1781 5071 gloriam

198 5102 352 5143 suam
389 5089 558 5143 Deum
588 5089 715 5143 dicit
757 5090 914 5143 etiam
966 5090 1074 5153 ille,
1106 5106 1261 5159 quem
1302 5092 1380 5146 sic
1418 5093 1649 5162 suscepit
1693 5095 1783 5148 Dei

200 5177 466 5239 Verbum,
497 5187 553 5231 ut
578 5178 735 5232 simul
758 5192 879 5232 cum
909 5192 974 5233 eo
999 5180 1139 5234 Deus
1160 5181 1326 5235 fieret.
1358 5183 1572 5237 Discant
1594 5188 1783 5251 super-

198 5266 273 5329 bi,
329 5268 424 5336 qui
475 5282 581 5320 non
624 5268 850 5322 libenter
895 5269 1114 5323 audiunt
1142 5285 1261 5325 cum
1291 5273 1370 5327 eis
1392 5273 1620 5328 dicitur:
1650 5275 1788 5342 Quid

198 5368 376 5410 autem
408 5358 560 5411 habes
597 5359 733 5427 quod
768 5376 870 5413 non
917 5362 1193 5429 accepisti?
1235 5362 1294 5416 Si
1322 5375 1486 5419 autem
1529 5368 1781 5434 accepisti,

198 5449 323 5511 quid
376 5448 613 5516 gloriaris
640 5449 787 5518 quasi
828 5465 928 5502 non
954 5453 1201 5520 acceperis
1234 5452 1278 5523 (1
1316 5454 1433 5509 Cor.
1468 5472 1539 5520 tv,
1587 5457 1676 5525 7)?
1721 5458 1787 5512 Et

196 5537 440 5587 exultans
482 5546 637 5604 caput
676 5553 877 5592 meum:
903 5549 1130 5594 mentem
1178 5541 1343 5611 ipsam
1388 5542 1669 5599 humanam
1704 5546 1788 5601 hic

265 5675 280 5703 ι
310 5680 523 5739 Quatuor
560 5682 689 5735 Mss,
707 5673 894 5739 scilicet
939 5680 1273 5739 Beniguianus,
1302 5682 1697 5733 ’rheodericeusrs
1732 5698 1788 5736 ac

197 5738 498 5783 reoentioris
519 5739 678 5785 aetatis
701 5750 761 5783 ex
788 5738 1157 5790 Corbeiensibus
1178 5755 1302 5791 unus
1320 5751 1370 5793 et
1389 5742 1511 5793 alius
1541 5757 1601 5794 ex
1630 5748 1787 5795 nemi-

198 5795 479 5852 giensibus,
509 5797 805 5857 mysterium.

450 5878 677 5937 SANCT.
718 5883 759 5937 Α
774 5898 987 5941 ueusr.
1022 5886 1122 5945 IV.

1871 510 2230 578 accipiendam
2280 519 2431 581 puto,
2480 512 2621 582 quod
2663 526 2821 586 caput
2860 517 3049 574 animm
3077 534 3182 575 non
3210 521 3457 589 absurde,

1868 600 2181 669 appellatur,
2208 617 2331 671 quae
2371 603 2443 657 ita
2486 594 2695 659 inluesit
2735 616 2789 661 et
2824 606 3213 675 quodammodo
3238 613 3450 675 coaluit

1869 688 2150 743 excellenti
2179 692 2642 759 supereminentize
2666 690 2826 750 Verbi
2857 696 3123 753 hominem
3150 703 3434 774 suscipien-

1872 778 1959 845 tis,
1990 788 2046 833 ut
2068 788 2208 833 tanta
2234 782 2495 849 passi‘Onis
2526 779 2819 840 humilitate
2846 802 2948 840 non
2974 787 3350 858 deponeretur.
3452 786 3453 789 “

1942 866 1994 921 4.
2036 865 2184 940 [vers
2244 864 2323 942 5.]
2370 869 2501 924 Voce
2538 879 2651 925 mea
2687 866 2755 926 ad
2798 862 3074 929 Dominum
3119 873 3444 937 clamavi:id

1870 963 1974 1023 est,
2015 968 2119 1011 non
2162 960 2399 1028 corpOris
2430 972 2582 1027 voce,
2612 978 2733 1031 qua:
2770 979 2889 1018 cum
2930 966 3151 1036 strepitu
3180 959 3443 1028 verberati

1870 1047 2009 1100 aeris
2038 1048 2322 1116 promitdr;
2354 1050 2447 1104 sed
2474 1060 2602 1106 voce
2621 1052 2814 1119 cerdis,
2836 1071 2951 1124 quae
2970 1056 3273 1113 hominibus
3298 1060 3442 1128 silet,

1872 1136 1982 1191 Deo
2011 1142 2185 1192 autem
2225 1140 2362 1194 sicut
2403 1140 2604 1196 clamor
2648 1148 2821 1198 sonat.
2873 1144 2985 1211 Qua
3030 1152 3159 1203 Voce
3199 1149 3444 1208 Susanna

1871 1227 2113 1282 exaudita
2143 1238 2223 1283 est
2249 1229 2409 1301 (Dan.
2434 1241 2546 1299 xm,
2572 1235 2695 1304 44):
2728 1245 2782 1289 et
2815 1236 2881 1292 dc
2908 1244 3010 1307 qua
3040 1248 3170 1295 voce
3200 1241 3311 1311 ipse
3341 1239 3445 1297 Do-

1873 1318 2048 1371 minus
2075 1320 2335 1389 prmcipit,
2368 1331 2425 1376 ut
2449 1322 2501 1376 in
2530 1318 2785 1380 cubiculis
2826 1324 3039 1396 clausis,
3064 1328 3115 1383 id
3143 1338 3243 1398 est,
3272 1331 3324 1386 in
3350 1335 3443 1388 se-

1870 1408 2031 1461 cretis
2060 1408 2236 1464 cordis
2262 1411 2375 1465 sine
2405 1414 2626 1483 strepitu
2654 1426 2833 1470 oretur
2872 1408 3086 1486 (Matth.
3129 1436 3201 1487 vt,
3229 1421 3307 1494 6).
3335 1400 3453 1480 Nec.

1872 1497 2025 1551 facile
2051 1500 2329 1568 quisquam
2361 1498 2560 1557 dixerit
2581 1504 2678 1558 hac
2711 1521 2842 1562 voce
2869 1509 3044 1565 minus
3068 1511 3229 1578 orari,
3258 1513 3302 1566 si
3326 1505 3450 1569 nul.

1872 1583 1955 1637 ius
1980 1586 2258 1642 verberum
2287 1598 2450 1645 sonus
2481 1592 2730 1647 reddatur
2752 1610 2818 1649 ex
2846 1611 3096 1669 corpore;
3125 1600 3371 1670 quoniam
3393 1608 3448 1657 et
3460 1644 3467 1651 -ν

1873 1672 2091 1729 silentes
2118 1687 2237 1730 cum
2266 1677 2318 1730 in
2347 1673 2595 1734 cordibus
2620 1696 2856 1749 oramus,
2884 1688 2926 1739 si
2952 1686 3138 1742 aliena:
3163 1689 3231 1743 ab
3255 1688 3448 1748 all'eetu

1873 1764 2076 1818 arantis
2100 1766 2445 1836 cogitationes
2471 1770 2848 1839 intercurrant,
2878 1776 3108 1831 nondum
3126 1778 3227 1834 dici
3242 1790 3449 1849 potest:

1883 1852 2015 1908 Voce
2040 1872 2149 1908 mea
2170 1856 2239 1909 ad
2264 1857 2536 1912 Dominum
2562 1862 2793 1916 clamavi.
2818 1864 2997 1934 Neque
3026 1864 3127 1922 hoc
3152 1880 3294 1925 recte
3319 1867 3452 1926 dici-

1877 1954 1979 2009 tur,
2013 1945 2113 1999 nisi
2142 1957 2263 1999 cunt
2295 1948 2406 2002 sola
2436 1950 2630 2015 anima,
2663 1950 2792 2007 nihil
2831 1956 3007 2010 carnis
3049 1957 3288 2029 nihilque
3332 1966 3453 2031 σοι’-η

1876 2032 2072 2117 nalium
2117 2033 2465 2089 intentionum
2496 2038 2546 2090 in
2574 2040 2814 2095 oratione
2841 2043 2856 2073 ²
2885 2043 3178 2114 attrahens,
3218 2046 3451 2117 loquitur

1877 2116 2125 2188 Domino,
2175 2121 2262 2177 ubi
2306 2126 2451 2179 solus
2492 2120 2668 2193 audit;
2715 2129 2917 2185 clamor
2957 2142 3130 2188 autem
3162 2116 3320 2191 etiam
3352 2138 3453 2192 ista

1877 2210 2091 2279 dicitur,
2124 2222 2339 2282 propter
2366 2215 2471 2268 vim
2504 2216 2669 2286 ipsius
2713 2219 3041 2277 intentionis.
3088 2223 3156 2277 Et
3195 2216 3459 2281 exaudivit

1876 2316 1955 2354 me
1979 2300 2041 2353 de
2066 2311 2230 2355 monte
2271 2314 2441 2358 sancto
2482 2318 2572 2359 suo
2605 2307 2676 2378 (a)
2704 2325 2717 2362 :
2748 2320 2980 2365 mentem
3027 2311 3239 2383 quidem
3280 2302 3452 2387 ipsum

1877 2389 2157 2445 Dominum
2189 2408 2283 2462 per
2326 2394 2641 2465 Prophetam
2683 2399 2880 2454 dictum
2912 2403 3185 2469 habemus,
3218 2416 3276 2459 ut
3317 2409 3453 2461 scri-

1877 2486 2023 2550 ptum
2051 2493 2155 2549 est,
2188 2484 2412 2552 lapidem
2442 2488 2719 2555 przecisum
2734 2491 2847 2544 sine
2870 2492 3112 2548 manibus
3139 2497 3371 2553 crevisse
3398 2500 3450 2554 in

1878 2572 2290 2641 magnitudinem
2318 2577 2512 2630 mentis
2537 2576 2695 2648 (Dan.
2720 2596 2775 2644 ιι,
2802 2570 2913 2651 35).
2944 2581 3049 2637 Sed
3076 2584 3176 2639 hoc
3201 2581 3267 2641 ab
3288 2582 3463 2659 ipsius,

1877 2676 2101 2730 persona
2120 2665 2139 2695 ’
2164 2671 2268 2718 non
2300 2672 2475 2734 potest
2501 2669 2688 2738 accipi,
2738 2671 2838 2726 nisi
2878 2672 3013 2729 forte
3051 2675 3120 2729 ita
3149 2675 3325 2734 dicere
3354 2672 3465 2735 tto?

1878 2753 2004 2807 luit:
2031 2756 2104 2807 De
2146 2756 2481 2825 memetipso,
2526 2768 2771 2830 Iamnam
2814 2756 2878 2817 de
2908 2770 3091 2819 monte
3118 2778 3302 2822 sancto
3328 2752 3461 2834 suo,

1877 2850 1963 2900 me
2001 2847 2285 2913 exoudiVit,
2327 2863 2445 2903 cum
2476 2849 2737 2907 habitaret
2768 2852 2817 2906 in
2863 2870 2968 2921 me,
3020 2855 3194 2921 idest,
3240 2858 3292 2912 in
3334 2850 3450 2929 ipso

1877 2946 2075 2991 monte.
2108 2937 2317 2992 Planius
2339 2947 2513 2993 autem
2543 2949 2624 2994 est
2652 2950 2706 2995 et
2726 2942 3040 3010 expeditius,
3064 2945 3107 3001 si
3129 2947 3450 3017 accipianmS

1877 3024 2159 3082 exaudisse
2187 3028 2351 3083 Deum
2382 3028 2450 3084 de
2481 3029 2682 3100 iustitia
2712 3038 2803 3087 sua
2826 3051 2838 3085 :
2858 3033 3057 3102 justum
3088 3036 3225 3090 enim
3252 3038 3367 3091 erat
3394 3039 3452 3093 ut

1878 3114 2211 3169 innocentem
2245 3118 2498 3181 occisum,
2528 3126 2576 3172 et
2608 3120 2693 3174 cui
2736 3122 2992 3176 retributa
3024 3134 3145 3178 sunt
3172 3124 3307 3179 mala
3352 3142 3450 3196 pro

1877 3205 2051 3268 bonis,
2077 3208 2416 3260 resuscitaret
2436 3221 2465 3260 a
2497 3210 2738 3273 mortuis,
2762 3219 2815 3263 et
2834 3211 2991 3281 digna
3013 3216 3453 3285 persequentibus

1879 3298 2219 3363 retribueret;
2254 3298 2475 3368 legimus
2505 3301 2682 3354 enim:
2710 3300 2919 3358 Iustitia
2958 3315 3046 3359 tua
3087 3307 3218 3363 sicut
3260 3318 3451 3364 montes

1879 3385 1975 3439 Dei
2000 3387 2171 3457 (Psal.
2204 3396 2366 3453 xttxv,
2397 3383 2475 3459 7).

1949 3469 2003 3531 5.
2045 3475 2194 3548 [tters.
2246 3470 2324 3551 6.]
2366 3477 2472 3548 Ego
2503 3471 2731 3546 dormivi,
2763 3491 2808 3535 et
2828 3490 3055 3537 somnum
3083 3474 3194 3556 cepi
3219 3486 3314 3557 (b).
3334 3468 3469 3544 Non"

1878 3566 2309 3621 inconvenienter
2334 3566 2682 3624 animadverti
2710 3580 2883 3640 potest
2918 3574 3056 3644 quod
3098 3576 3324 3644 positum
3346 3579 3459 3642 cst,’

1880 3653 2013 3725 Ego,
2046 3654 2110 3709 ad
2141 3655 2540 3725 significandum
2588 3660 2727 3728 quod
2770 3674 2866 3715 sua
2907 3662 3178 3720 voluntate
3223 3672 3446 3723 mortem

1880 3744 2151 3811 sustinuit,
2181 3746 2468 3800 secundum
2502 3748 2663 3803 illttd:
2690 3747 2965 3819 Propterea
2985 3766 3065 3807 me
3089 3753 3243 3809 Pater
3263 3746 3448 3829 diligit,

1879 3838 2119 3905 quoniam
2150 3853 2238 3907 ego
2268 3846 2398 3907 pono
2438 3837 2666 3892 animum
2709 3850 2893 3909 meam,
2943 3848 2995 3896 ut
3034 3834 3213 3899 ilertvu
3253 3855 3452 3902 sumam

1879 3924 2007 3977 eam.
2039 3920 2202 3978 Nemo
2226 3941 2335 3978 eam
2362 3922 2491 3979 tollit
2518 3944 2550 3979 a
2588 3929 2775 3998 meipso
2797 3945 2817 3984 :
2839 3939 3129 4001 potestatem
3165 3930 3321 3991 habeo
3362 3942 3452 4006 ρο.

1880 4014 2033 4067 nandi
2055 4030 2186 4079 eam,
2230 4024 2277 4068 et
2315 4023 2607 4084 patestatcm
2651 4018 2806 4073 habeo
2848 4020 3026 4075 iterum
3068 4022 3299 4079 sumendi
3339 4035 3448 4081 eam

1885 4102 2061 4173 (locis.
2087 4119 2142 4171 κ,
2169 4104 2256 4169 17,
2284 4104 2409 4176 18)ἐ
2438 4122 2541 4161 non
2567 4114 2714 4177 ergo,
2743 4108 2931 4180 inquit,
2968 4120 3062 4167 ros
3088 4130 3172 4169 me
3201 4121 3447 4186 unauana

1881 4192 2101 4247 invitum
2130 4194 2344 4265 cepistis
2367 4204 2416 4250 et
2446 4196 2733 4263 occidistis,
2755 4200 2847 4254 sed
2876 4217 2965 4272 ego
2990 4201 3221 4272 dormivi,
3248 4217 3293 4261 et
3318 4219 3455 4262 som-

1881 4296 2001 4335 num
2025 4284 2166 4353 cepi;
2192 4292 2238 4338 et
2266 4287 2541 4351 exsurrexi,
2565 4290 2800 4355 quoniam
2830 4289 3077 4348 Dominus
3100 4299 3337 4371 suscipiet
3354 4308 3451 4356 me.

1882 4371 2138 4426 Somnum
2180 4380 2355 4428 autem
2399 4383 2498 4444 pro
2538 4376 2709 4431 morte
2740 4382 2966 4448 positum
2998 4380 3453 4443 innumerabiliter

1884 4462 2171 4530 Scriptura:
2196 4464 2490 4529 continent,
2523 4467 2661 4522 sicut
2686 4469 2969 4537 Apostolus
3000 4472 3159 4528 dicitf
3195 4469 3333 4531 Nolo
3364 4488 3450 4535 uos

1883 4550 2133 4619 ignorare,
2179 4551 2389 4620 fratres,
2436 4555 2499 4606 de
2532 4555 2597 4609 iis
2640 4557 2725 4626 qui
2772 4556 3117 4617 dormitioncm
3159 4578 3457 4637 acceperunt

1888 4640 1930 4712 (l
1967 4640 2140 4696 Thess.
2174 4642 2401 4719 "3.12).
2444 4644 2555 4701 Nec
2599 4650 2939 4717 quaerendum
2984 4664 3065 4709 est
3093 4663 3190 4711 chr
3219 4646 3455 4718 additum

1884 4731 1972 4796 sit,
1993 4740 2223 4786 somnum
2251 4734 2515 4804 cepi,cum
2524 4736 2631 4805 jam
2661 4730 2858 4794 dictum
2883 4744 3044 4811 esset,
3076 4746 3288 4803 dat-mibi
3302 4768 3320 4817 ;
3342 4754 3457 4806 usi-

1887 4828 2023 4875 tatas
2051 4823 2191 4876 enim
2221 4822 2417 4881 habent
2444 4827 2731 4897 Seriptttra:
2776 4826 3138 4900 hujuscemodi
3182 4842 3454 4911 repetitio-

1886 4923 2001 4973 nes,
2030 4912 2167 4966 sicut
2191 4912 2243 4966 in
2268 4916 2500 4970 secundo
2526 4919 2729 4986 psalmo
2745 4922 2935 4976 multas
2951 4926 3297 4984 ostendimus.
3318 4931 3459 4988 Non-

1887 4999 2014 5053 nulli
2039 5009 2213 5054 autem
2230 5002 2441 5058 codices
2466 5005 2682 5070 habent,
2713 5008 2945 5076 dormivi,
2965 5023 3010 5066 et
3032 5022 3297 5085 sopofatus
3320 5035 3453 5084 sum,

1887 5096 1943 5142 et
1969 5090 2055 5142 alii
2095 5090 2277 5156 aliter;
2318 5094 2584 5161 quomodo
2614 5097 2945 5167 interpretari
2991 5100 3457 5179 potueruntquod

1886 5182 2321 5247 gnecepositum
2358 5193 2458 5250 est,
2500 5190 2590 5248 ἐγὼ
2624 5189 2672 5239 δι
2709 5184 2960 5257 ἐκοιμήθην
2996 5200 3076 5247 και
3114 5201 3317 5254 omam.
3348 5199 3461 5257 Nisi

1891 5267 2030 5322 forte
2051 5268 2301 5325 dormitio
2318 5273 2609 5338 morientis,
2629 5290 2846 5333 somnus
2875 5290 3050 5339 antem
3077 5290 3269 5343 mortui
3295 5292 3460 5361 accipi

1891 5366 2097 5427 potest;
2124 5367 2182 5412 ut
2206 5359 2455 5415 dormitio
2476 5364 2546 5416 sit
2570 5380 2670 5434 qua
2705 5368 2958 5424 transitur
2984 5373 3052 5427 ad
3076 5391 3342 5444 somnum,
3370 5359 3460 5433 res

1954 5484 1970 5519 ί
1998 5480 2181 5550 Aliquot
2202 5496 2305 5539 Mss.
2320 5527 2334 5550 ,
2358 5491 2630 5546 orationem.

1955 5550 1976 5581 ’
1998 5551 2215 5611 Quinque
2246 5560 2365 5602 Mssa
2388 5555 2477 5603 Sed
2501 5555 2587 5605 hoc
2610 5557 2675 5607 ad
2694 5558 2843 5621 ipsius
2867 5570 3133 5624 perseuerat.

1892 5630 2031 5745 "$111).
2058 5633 2326 5740 geaeodem
2348 5648 2477 5686 vers.
2500 5639 2534 5687 5
2556 5630 2666 5689 vide
2705 5648 2840 5693 Enar.
2886 5647 3004 5696 Psal.
3031 5663 3156 5707 κων,
3198 5662 3244 5697 n.
3276 5638 3366 5712 33;
3408 5662 3459 5706 et

1954 5748 2027 5860 (b2
2053 5752 2180 5801 Idem
2204 5768 2333 5806 vers.
2351 5756 2383 5805 6
2405 5765 2633 5808 tractatur
2654 5764 2704 5811 in
2728 5770 2863 5815 Enar.
2898 5769 3015 5818 Psal.
3042 5784 3120 5831 ιι,
3154 5785 3203 5819 u.
3249 5773 3328 5833 l0;
3370 5789 3460 5835 ιη,

1969 5813 1989 5859 1
2039 5826 2053 5860 :
2078 5826 2141 5860 οι.
2166 5828 2213 5860 n.
2241 5816 2300 5860 8:
2326 5827 2377 5860 et
2397 5833 2627 5860 cunnum
2650 5837 2695 5860 η.
2724 5825 2754 5860 9

1895 5825 1943 5858 n.
1969 5813 2053 5875 ll;
2078 5826 2141 5875 cr,
2166 5828 2213 5862 u.
2241 5816 2301 5877 8;
2326 5827 2377 5868 et
2397 5833 2627 5882 cxxxvm,
2650 5837 2697 5871 ιι.
2724 5825 2770 5873 2.

2825 5911 3043 5984 (Trois
3069 5915 3110 5987 λ

3437 5998 3463 6010 Δ
