4042 6490
515 419 592 474 75‘
1737 417 1797 473 8.
1839 412 2206 472 AUGUSTINI
2247 414 2546 471 EPISCOI‘I
2641 408 2644 412 ’
3699 422 3770 478 76

515 533 611 587 luti
636 539 720 587 est
747 531 1135 601 expergefactio
1164 545 1264 600 qua
1311 530 1563 584 transitur
1601 530 1667 584 ad
1697 530 2082 600 vigilationem.

516 621 594 678 Nc
642 638 735 692 pro
767 622 1009 676 inanibus
1037 623 1298 677 sermonis
1341 621 1692 687 ornamentis,
1744 619 2088 688 repetitiones

517 721 645 770 istas
673 714 722 768 in
751 713 940 768 divinis
967 714 1114 766 libris
1136 727 1252 767 esse
1277 713 1612 766 arbitremur.
1643 711 1781 765 Bene
1803 727 1929 780 ergo
1949 710 2089 763 acci-

518 809 679 874 pitur,
715 805 820 877 Ego
861 805 1088 866 dormivi,
1120 814 1167 856 et
1195 819 1423 857 somnum
1449 806 1588 870 cepi;
1617 803 1726 871 Ego
1747 818 1831 855 me
1859 799 2090 870 passioni

520 895 756 966 permisi,
781 904 834 949 et
854 910 995 948 mors
1020 906 1300 948 consecuta
1330 903 1428 947 est.
1462 889 1527 946 Et
1554 893 1833 957 exsurrexi,
1856 891 2092 954 quoniant

520 977 766 1040 Dominus
803 987 1038 1055 suscipiet
1081 1002 1177 1040 me.
1226 984 1336 1040 lloc
1361 985 1527 1053 magis
1571 981 2091 1036 animadvertendum

521 1087 622 1143 est,
653 1076 1096 1147 quemadmodum
1126 1076 1177 1130 in
1197 1092 1296 1130 una
1327 1077 1586 1130 sententia
1609 1083 1662 1130 et
1685 1075 1935 1144 praeteriti
1959 1085 2092 1127 tem-

522 1168 666 1236 poris
693 1168 910 1220 verbum
932 1167 1124 1235 posoit,
1149 1177 1200 1220 et
1217 1166 1374 1220 l'uturi
1398 1184 1408 1218 :
1432 1173 1486 1220 et
1502 1166 1758 1218 exsurrexi
1775 1165 1914 1218 enim
1937 1163 2088 1227 dixit,

519 1259 660 1331 quod
692 1269 771 1312 est
801 1258 867 1314 de
899 1259 1196 1328 prmterito;
1227 1267 1278 1313 et
1305 1258 1556 1327 suscipiet,
1585 1255 1724 1326 quod
1752 1256 1919 1310 estde
1947 1255 2091 1307 lutu-

521 1364 616 1412 ro;
655 1364 772 1401 eum
805 1363 1081 1416 resurgere
1120 1348 1298 1416 utique
1336 1347 1435 1401 nisi
1483 1347 1569 1400 illa
1609 1346 1945 1414 susceptione
1986 1361 2090 1399 non

521 1447 720 1508 posset.
749 1436 853 1490 Sed
881 1438 932 1489 in
960 1436 1232 1505 prophetia
1277 1436 1409 1490 bene
1435 1436 1724 1488 miscentur
1751 1434 1924 1488 futura
1951 1449 2091 1502 pra:-

522 1527 711 1591 teritis,
743 1542 848 1596 quo
877 1537 1156 1595 utrumque
1183 1526 1540 1594 signiﬁcetur:
1571 1525 1691 1593 quia
1717 1539 1778 1578 ea
1805 1539 1923 1593 qua:
1961 1538 2087 1577 ven-

520 1627 636 1672 tura
686 1616 1082 1686 propltetantur,
1132 1615 1423 1670 secundqu
1473 1625 1678 1684 tempus
1722 1615 1896 1669 futura
1934 1623 2090 1676 sunt;

519 1706 810 1762 secundant
861 1707 1133 1761 scientiam
1179 1721 1306 1760 vero
1357 1703 1805 1774 prophetautium,
1847 1703 1954 1773 jam
1998 1715 2094 1771 pro

520 1797 670 1852 factis
729 1796 988 1852 habenda.
1039 1795 1324 1850 Miscentur
1370 1809 1578 1864 quoque
1629 1793 1904 1860 prmscntis
1955 1801 2092 1846 tem-

519 1889 665 1958 poris
695 1887 875 1953 verba,
905 1903 1021 1956 qua:
1061 1900 1157 1940 suo
1189 1885 1324 1948 loco,
1353 1900 1473 1938 eum
1503 1883 1850 1946 occurrerint,
1893 1889 2101 1936 tractas

520 1979 736 2033 buntur.

585 2070 643 2144 ,6.
685 2069 833 2143 [vers.
883 2066 962 2140 7.]
997 2067 1114 2121 Non
1145 2066 1324 2121 timebo
1349 2065 1511 2119 millia
1532 2065 1707 2135 populi
1735 2064 2096 2120 circumdanda

517 2178 597 2216 me
618 2178 636 2216 :
659 2163 912 2230 scriptum
935 2169 1014 2230 est
1040 2158 1092 2212 in
1118 2156 1424 2227 Evangelio,
1452 2166 1644 2226 quanta
1671 2171 1790 2209 eum
1815 2155 2094 2208 multitudo

517 2253 802 2320 patientem
834 2258 886 2303 et
907 2248 1216 2304 crucifixum
1243 2245 1649 2301 circumsteterit
1677 2241 1894 2315 (Matth.
1928 2259 2091 2310 xxvii,

515 2342 607 2408 39,
627 2342 766 2411 etc.).
793 2338 1046 2408 Exsurge,
1074 2338 1305 2403 Domine,
1328 2337 1518 2390 salvum
1541 2352 1619 2389 me
1640 2337 1746 2407 fac,
1778 2334 1911 2388 Deus
1933 2348 2095 2387 meus:

518 2446 622 2484 non
649 2429 930 2483 dormienti
957 2437 1048 2482 aut
1071 2427 1268 2496 iacenti
1315 2425 1508 2480 dicitur
1551 2425 1682 2488 Deo,
1728 2438 1968 2492 exsurge;
1998 2421 2094 2475 sed

516 2522 681 2575 moris
706 2531 787 2575 est
815 2519 1108 2572 divinarum
1140 2517 1532 2585 Scripturarum
1585 2529 1826 2582 persona:
1872 2514 1961 2567 Dei
1996 2512 2092 2566 tri-

516 2609 682 2663 buere
711 2607 848 2677 quod
884 2607 933 2660 in
965 2606 1117 2660 nobis
1143 2605 1294 2670 facit;
1340 2620 1444 2658 non
1475 2601 1688 2672 quidem
1736 2603 1949 2669 ubique,
1995 2603 2093 2654 sed

517 2699 605 2754 ubi
635 2708 990 2768 congruenter
1018 2696 1118 2751 dici
1165 2704 1359 2766 potest,
1412 2695 1573 2748 veluti
1618 2709 1739 2748 eum
1784 2692 1901 2761 ipse
1946 2693 2090 2763 loqui

516 2789 728 2856 dicitur,
767 2788 978 2858 quando
1025 2786 1142 2856 ejus
1188 2787 1328 2840 dono
1368 2785 1652 2854 loquuntur
1681 2783 1960 2854 Propheta:
2007 2785 2094 2839 vel

514 2880 774 2950 Apostoli,
807 2880 888 2934 vel
920 2878 1115 2948 quique
1145 2877 1312 2932 nuntii
1341 2876 1599 2931 veritatis.
1633 2873 1784 2929 Unde
1815 2874 1941 2928 illud
1972 2883 2088 2928 est:

512 2970 590 3023 An
617 2971 766 3023 vultis
799 2971 1196 3038 experimentum
1220 2967 1446 3035 accipere
1474 2966 1583 3035 ejus
1619 2965 1704 3036 qui
1734 2965 1786 3018 in
1816 2981 1898 3018 me
1925 2965 2092 3033 loqui-

513 3071 594 3114 tur
618 3053 938 3132 Cliristusi(ll
981 3058 1098 3112 Cor.
1139 3073 1254 3119 xm,
1296 3055 1386 3128 3)?
1417 3041 1534 3108 non‘
1561 3056 1702 3108 enim
1727 3056 1820 3120 ait,
1847 3055 1962 3122 ejus
1987 3069 2092 3124 quo

513 3150 840 3204 illuminante
879 3157 969 3202 aut
992 3145 1212 3216 jubente
1253 3145 1478 3218 loquor;
1517 3143 1608 3198 sed
1656 3157 1874 3212 prorsus
1920 3144 2087 3212 ipsam

513 3238 836 3292 locutionem
863 3236 938 3290 illi
965 3236 1148 3289 tribuit
1173 3234 1323 3303 cujus
1343 3248 1563 3288 munere
1593 3232 1927 3302 loquebatur.

579 3329 633 3383 7.
675 3325 826 3400 (vers.
877 3323 958 3400 8.]
997 3325 1245 3393 Quoniam
1284 3334 1337 3377 tu
1378 3325 1669 3395 percussisti
1704 3338 1875 3378 omnes
1913 3324 2093 3378 adver-

509 3429 675 3473 santes
716 3418 839 3472 mihi
880 3419 988 3471 sine
1024 3430 1224 3470 causa:
1261 3430 1363 3468 non
1397 3415 1469 3469 ita
1511 3413 1939 3483 distinguendum
1983 3423 2084 3480 est,

509 3511 656 3580 quasi
686 3525 788 3564 uua
817 3507 1077 3564 sententia
1120 3507 1210 3574 sit,
1241 3501 1492 3577 Exsurge,
1522 3504 1765 3571 Domine;
1791 3506 1984 3560 salvum
2011 3521 2090 3560 me

515 3603 617 3670 fac,
650 3599 787 3654 Deus
831 3617 991 3665 meus,
1018 3599 1252 3669 quoniam
1298 3605 1352 3650 tu
1399 3595 1685 3665 percussisti
1713 3613 1884 3651 omnes
1907 3595 2086 3651 adver-

509 3701 679 3747 sanlrs
701 3692 823 3746 mihi
846 3693 954 3745 sine
993 3703 1188 3742 causa:
1215 3702 1319 3742 non
1368 3686 1511 3741 enim
1560 3695 1837 3756 propterea
1883 3687 2084 3740 salvum

511 3781 654 3844 facit,
683 3782 806 3850 quia
836 3780 1098 3852 percussit
1140 3778 1560 3846 inimicos-ejus;
1606 3777 1699 3831 sed
1751 3777 1922 3846 potius
1967 3778 2084 3847 ipso

508 3873 657 3926 salvo
687 3871 844 3935 facto,
873 3870 996 3924 illos
1025 3869 1303 3939 pereussit.
1343 3869 1485 3936 Ergo
1511 3866 1578 3920 ad
1607 3867 1658 3920 id
1684 3868 1824 3936 quod
1850 3868 2086 3936 sequitur

507 3964 766 4033 pertinet;
797 3974 855 4017 ut
901 3963 1001 4016 istc
1042 3962 1112 4016 sit
1153 3976 1363 4026 sensus,
1393 3961 1648 4026 Quoniam
1691 3970 1747 4013 tn
1795 3960 2084 4030 percussisti

507 4071 678 4110 omnes
707 4055 1025 4108 adversantes
1055 4053 1175 4106 mihi
1203 4052 1312 4107 sine
1347 4067 1524 4117 causa,
1571 4050 1743 4104 dentes
1768 4058 2086 4118 peccatorum

505 4144 818 4208 contrivisti;
850 4141 899 4198 id
923 4150 1027 4207 est,
1047 4141 1170 4196 inde
1197 4139 1490 4195 contrivisti
1514 4138 1701 4194 dentes
1723 4146 2081 4208 peccatorum,

505 4234 754 4306 quoniam
782 4231 1091 4303 percussisti
1137 4245 1324 4286 omnes
1354 4230 1696 4284 adversantes
1724 4229 1873 4282 mibi.
1919 4228 2083 4284 Pceua

503 4326 698 4396 quippe
725 4323 1116 4378 adversantium
1153 4330 1254 4385 est,
1286 4336 1388 4391 qua
1429 4321 1620 4374 dentes
1662 4334 1842 4376 eorum
1871 4319 2084 4374 contriti

508 4429 653 4485 sunt,
691 4419 741 4474 id
771 4428 874 4484 est,
916 4419 968 4474 in
1010 4419 1218 4474 irritum
1257 4416 1407 4487 quasi
1445 4417 1498 4470 in
1531 4415 1800 4484 pulverem
1830 4414 2083 4484 perducta

501 4508 662 4562 verba
711 4517 1050 4576 peccatorqu
1094 4504 1500 4571 dilacerantium
1545 4503 1842 4558 maledictis
1889 4503 1929 4556 F
1935 4503 2083 4557 ilium

503 4597 628 4662 Dei;
659 4605 720 4650 ut
743 4597 818 4652 sic
844 4596 1166 4664 accipiamus
1193 4594 1404 4660 dentes,
1432 4591 1596 4649 verba
1641 4593 1926 4658 maledica,
1959 4594 2074 4662 qui-

504 4686 603 4740 bus
655 4684 902 4740 dentibus
958 4682 1090 4738 dicit
1150 4682 1440 4752 Apostolus
1491 4699 1507 4734 :
1559 4682 1622 4736 Si
1670 4691 1838 4736 autem
1884 4685 2088 4740 ηιοικιθο,

504 4787 567 4830 tts
586 4777 814 4842 invicem,
841 4775 1002 4830 videte
1025 4791 1087 4832 ne
1125 4773 1489 4828 eorumnemini
1518 4771 1580 4824 ab
1605 4772 1813 4826 invicem
1856 4772 1996 4842 (Gal.
2027 4789 2078 4839 v,

503 4869 620 4940 £5).
661 4869 888 4924 Possunt
931 4876 986 4922 et
1031 4867 1219 4923 dentes
1247 4874 1592 4936 peccatorum
1620 4865 1787 4934 accipi
1819 4866 2100 4935 principes-

505 4968 1110 5030 poecatorum,_quorum
1137 4955 1451 5016 auctoritate
1479 4956 1708 5024 quisque
1736 4954 1804 5010 de
1825 4955 2102 5011 societate

504 5059 652 5109 seete
694 5048 979 5103 viventium
1033 5045 1370 5115 prmciditur,
1414 5053 1470 5100 et
1511 5045 1660 5113 quasi
1711 5044 2080 5112 incorporatur

473 5142 642 5196 -ma|e
669 5139 988 5198 viventibus.
1034 5136 1128 5192 His
1156 5135 1404 5192 dentibus
1444 5134 1699 5190 contrarii
1741 5143 1865 5188 sunt
1890 5134 2079 5192 dentes

503 5231 775 5296 Eeclcsite,
803 5244 1026 5300 quorum
1053 5227 1366 5283 auctoritate
1390 5225 1459 5282 ab
1481 5240 1666 5281 errore
1691 5226 1965 5295 gentilium
1985 5241 2076 5280 va-

499 5322 812 5390 riorumque
840 5321 1142 5389 dogmatum
1172 5317 1532 5388 praecidantur
1571 5317 1869 5384 credentes,
1918 5327 1973 5374 et
2023 5319 2077 5374 in

498 5428 617 5467 eam
647 5427 764 5480 qua:
789 5410 984 5464 Christi
1015 5423 1210 5476 corpus
1238 5416 1320 5461 est
1352 5406 1738 5461 transferuntur
1763 5424 1776 5460 :
1809 5407 1893 5462 his
1938 5407 2076 5464 den-

502 5505 644 5558 tibus
669 5503 866 5558 dictum
884 5510 977 5562 ,est
997 5501 1154 5556 Petro
1179 5507 1236 5554 ut
1261 5497 1602 5552 manducarct
1630 5507 1853 5552 mactata
1873 5499 2078 5552 anima-

499 5594 567 5649 lia
597 5594 730 5670 (Act.
761 5609 818 5657 ι,
850 5591 973 5661 13);
1021 5590 1070 5644 id
1111 5601 1214 5656 est,
1259 5589 1550 5644 occidendo
1576 5590 1634 5644 in
1655 5588 1912 5646 Gentibus
1934 5591 2073 5658 quod

501 5695 670 5747 erant.
694 5695 748 5740 et
777 5681 1174 5739 transmutando
1203 5683 1254 5735 in
1292 5681 1342 5736 id
1370 5681 1510 5752 quod
1553 5682 1666 5750 ipse
1695 5689 1855 5736 esset.
1898 5680 1964 5734 Et
2007 5680 2074 5735 de

501 5775 585 5830 liis
630 5776 871 5831 dentibus
916 5773 1167 5832 Ecclesia:
1198 5772 1419 5828 dicitur:
1449 5770 1635 5828 Dentes
1679 5773 1752 5827 tui
1799 5774 1925 5828 sicut
1948 5789 2072 5843 grex

2197 529 2514 582 detonsarum
2543 529 2812 584 ascendens
2837 529 2900 584 de
2943 531 3161 595 lavacro,
3203 546 3315 598 qua:
3352 548 3521 586 omnes
3546 534 3770 602 geminos

2197 618 2418 686 pariunt,
2441 627 2486 671 et
2511 619 2692 672 sterilis
2719 636 2817 672 non
2842 629 2915 673 est
2943 620 2994 672 in
3019 620 3120 674 illis
3147 621 3316 688 (Cant.
3345 637 3414 687 tv,
3436 621 3492 685 2,
3523 634 3566 676 et
3594 640 3665 688 v1,
3685 624 3763 696 5).

2195 707 2258 762 lli
2288 717 2411 762 sunt
2441 708 2527 777 qui
2552 719 2692 763 recte
2722 710 3048 780 praecipiunt,
3075 722 3127 765 et
3155 712 3596 782 quemadmodum
3632 731 3769 784 pra:-

2195 796 2394 865 cipiuut
2419 797 2486 850 ita
2523 798 2729 864 vivunt;
2759 799 2846 868 qui
2886 800 3081 854 faciunt
3107 801 3245 870 quod
3275 801 3470 856 dictum
3513 803 3764 858 estzLu-

2195 896 2335 940 erant
2359 904 2512 956 opera
2537 899 2696 942 vestra
2722 906 2889 943 coram
2918 891 3216 958 hominibus,
3246 903 3298 945 ut
3329 893 3614 948 benedicant
3655 895 3767 949 Pa-

2195 990 2318 1034 trem
2361 991 2572 1035 vestrum
2613 983 2698 1052 qui
2726 983 2776 1034 in
2805 983 2937 1036 cretis
2965 993 3034 1036 est
3067 982 3284 1052 (Matth.
3327 1000 3382 1048 ν,
3424 985 3547 1054 16);
3577 986 3767 1041 horum

2197 1069 2338 1122 enim
2386 1070 2700 1124 auctoritate
2727 1071 2998 1136 commoti,
3047 1073 3152 1126 Deo
3182 1089 3275 1140 per
3306 1075 3424 1128 illos
3452 1075 3684 1145 loquenti
3710 1086 3768 1132 et

2197 1161 2436 1229 Operanti
2465 1159 2707 1215 homines
2752 1162 2990 1224 credunt,
3031 1159 3088 1216 'et
3124 1165 3353 1232 separati
3387 1180 3416 1218 a
3461 1167 3658 1221 saeculo
3681 1168 3767 1222 cui

2197 1250 2511 1306 conformati
2538 1261 2714 1316 erant,
2749 1253 2797 1306 in
2833 1254 3080 1308 Ecclesia:
3108 1257 3340 1309 membra
3370 1266 3660 1312 transeunt.
3702 1259 3772 1313 Et

2198 1339 2318 1396 ideo
2343 1351 2485 1396 recte
2514 1343 2620 1407 isti,
2656 1359 2749 1412 per
2788 1358 2920 1408 quos
2962 1343 3074 1397 lucc
3106 1345 3272 1411 limit,
3309 1346 3494 1402 dentes
3519 1347 3773 1403 dicuntur

2196 1429 2436 1485 detonsis
2479 1431 2665 1492 ovibus
2709 1432 2940 1496 similes,
2988 1433 3107 1501 quia
3149 1441 3480 1489 terrenarum
3521 1451 3770 1491 curarum

2197 1534 2357 1575 onera
2388 1520 2777 1591 deposuerunt,
2820 1530 2875 1576 et
2910 1523 3261 1578 ascendentes
3301 1525 3368 1580 de
3407 1527 3650 1592 lavacro,
3700 1527 3772 1583 de

2196 1611 2432 1667 sordium
2476 1614 2658 1668 saeculi
2697 1613 2966 1668 ablutionc
2994 1615 3010 1646 ¹
3045 1625 3137 1684 per
3176 1627 3564 1672 sacramentum
3593 1619 3771 1688 bapti-

2195 1705 2401 1770 smatis,
2436 1718 2622 1760 omnes
2647 1709 2885 1776 geminos
2913 1709 3138 1778 pariunt.
3169 1709 3470 1778 Operantur
3495 1713 3635 1766 enim
3664 1712 3772 1767 duo

2198 1804 2481 1864 praecepta,
2509 1795 2576 1851 de
2603 1797 2794 1866 quibus
2820 1797 3014 1852 dictum
3043 1808 3126 1852 est
3147 1815 3173 1852 .:
3205 1795 3270 1852 In
3301 1799 3378 1852 Iu's
3409 1799 3605 1854 duobus
3633 1817 3768 1871 prte-

2197 1884 2351 1951 ceptis
2377 1893 2479 1937 tota
2529 1884 2636 1939 Lex
2674 1886 2856 1955 pendet
2911 1897 2955 1940 et
3007 1885 3277 1956 Propheta:
3305 1887 3438 1960 (Id.
3480 1905 3608 1957 xxu,
3636 1889 3726 1962 40)
3751 1932 3770 1958 ,

2197 1971 2475 2041 diligentes
2503 1973 2664 2027 Deum
2695 1989 2759 2028 ex
2793 1983 2904 2028 toto
2937 1974 3120 2041 corde,
3156 1985 3209 2030 et
3247 1992 3310 2031 ex
3354 1987 3458 2030 tota
3488 1979 3684 2046 anima,
3713 1987 3773 2033 et

2193 2076 2262 2116 ex
2294 2070 2404 2116 tota
2447 2071 2658 2126 mente;
2707 2071 2761 2117 et
2805 2064 3107 2131 proximum
3139 2071 3390 2133 tanquam
3438 2067 3657 2135 seipsos.
3708 2068 3774 2122 lu

2196 2150 2391 2220 quibus
2432 2151 2631 2206 sterilis
2662 2167 2766 2206 non
2793 2161 2876 2208 est
2897 2193 2912 2219 ,
2955 2154 3204 2223 quoniam
3250 2155 3379 2208 tales
3409 2154 3611 2210 fructus
3643 2157 3774 2212 red-

2197 2241 2328 2296 dunt
2357 2242 2482 2296 Deo.
2515 2241 2814 2296 Secundum
2841 2256 2968 2312 ergo
2995 2243 3148 2296 istum
3175 2243 3496 2298 intellectum
3520 2246 3598 2299 sic
3627 2247 3774 2301 acci-

2197 2331 2446 2400 piendum
2478 2341 2579 2397 est,
2611 2333 2781 2388 dentes
2809 2343 3126 2401 peccatorum
3153 2335 3470 2398 contrivisti;
3495 2333 3546 2387 id
3577 2344 3676 2394 est.
3713 2335 3775 2391 in

2197 2421 2402 2476 irritum
2432 2421 2700 2478 adduxisti
2729 2422 2994 2492 principes
3025 2433 3382 2492 peccatorum,
3423 2426 3772 2493 percutienda

2195 2528 2386 2571 omnes
2423 2517 2768 2570 adversantes
2802 2509 2931 2569 mibi
2959 2516 3074 2571 sine
3098 2532 3256 2570 causa
3288 2534 3301 2571 :
3327 2517 3598 2587 principes
3623 2520 3771 2574 enim

2195 2619 2318 2658 eum
2341 2604 2631 2660 secundum
2654 2604 3014 2672 cvsngelicam
3041 2604 3316 2658 historiam
3340 2606 3598 2674 persecuti
3619 2617 3769 2674 sunt,

2196 2708 2316 2748 eum
2349 2694 2627 2748 multitudo
2654 2693 2870 2748 iul'erior
2899 2693 3212 2747 bonorarct.

2266 2785 2318 2838 8.
2367 2783 2518 2855 (vers.
2561 2781 2638 2856 9.]
2679 2782 2882 2836 Domini
2933 2793 3004 2838 est
3042 2785 3209 2850 salus,
3251 2795 3297 2838 et
3337 2801 3490 2851 super
3525 2787 3772 2858 populum

2198 2883 2336 2927 tuum
2355 2873 2625 2926 benedictio
2641 2883 2725 2925 tua
2743 2871 2840 2944 (a).
2861 2872 2917 2927 ln
2949 2889 3049 2927 una
3065 2874 3324 2929 sententia
3342 2883 3395 2928 et
3413 2876 3657 2944 praaccpit
3672 2875 3780 2932 bos.

2195 2964 2429 3018 minibus
2455 2963 2578 3034 quid
2609 2964 2922 3030 crederent,
2965 2974 3017 3020 et
3059 2981 3153 3034 pro
3179 2967 3512 3022 credentibus
3550 2970 3720 3024 oravit
3750 2987 3770 3026 :

2195 3071 2338 3122 nam,
2357 3053 2563 3109 Domini
2591 3065 2662 3110 est
2681 3057 2819 3110 salus
2847 3072 2966 3110 cum
2989 3057 3202 3123 dicitur,
3231 3059 3296 3112 ad
3323 3058 3564 3114 homines
3593 3076 3776 3114 sermo

2194 3147 2476 3217 dirigitur;
2518 3161 2615 3200 nec
2641 3147 2710 3200 ita
2740 3149 2978 3216 sequitur
3001 3189 3015 3212 ,
3058 3148 3125 3202 Et
3150 3165 3311 3218 super
3337 3151 3582 3220 p0pulum
3611 3166 3780 3206 suum-

2193 3236 2492 3292 benedictio
2516 3237 2631 3306 ejus
2651 3277 2667 3301 ,
2699 3246 2756 3291 ut
2783 3246 2950 3292 totum
2977 3237 3278 3296 hominibus
3307 3241 3505 3296 dictum
3535 3242 3639 3306 sit;
3668 3242 3778 3298 sed

2192 3325 2257 3381 ad
2286 3327 2458 3396 ipsum
2503 3321 2669 3382 Deum
2710 3327 2883 3380 oratio
2908 3330 3261 3395 convertitur,
3309 3346 3403 3400 pro
3434 3332 3548 3400 ipso
3575 3332 3774 3402 populo

2192 3417 2274 3471 cui
2299 3417 2498 3471 dictum
2531 3425 2614 3471 est
2643 3435 2655 3470 :
2686 3415 2892 3470 Domini
2926 3427 2998 3471 est
3025 3420 3186 3473 satus.
3232 3422 3366 3486 Quid
3393 3436 3519 3491 ergo
3545 3422 3635 3487 ait,
3663 3423 3773 3478 nisi

2191 3508 2334 3563 hoc?
2384 3508 2550 3563 Nemo
2576 3508 2645 3564 de
2685 3524 2743 3562 se
2779 3520 3101 3578 praasumat,
3145 3513 3390 3580 quoniam
3436 3513 3640 3566 Domini
3679 3524 3778 3569 est.

2189 3602 2365 3655 salvos
2391 3601 2562 3655 facere
2580 3601 2647 3655 de
2674 3609 2843 3655 morte
2872 3602 3100 3669 peccati;
3131 3619 3250 3656 nam
3275 3601 3464 3672 Infelix
3481 3619 3571 3672 ego
3592 3605 3767 3671 homo,

2188 3693 2296 3761 quis
2331 3707 2410 3744 me
2439 3688 2664 3744 liberabit
2689 3689 2750 3744 de
2778 3706 2989 3759 corpore
3016 3693 3190 3746 mortis
3215 3695 3402 3762 hujus?
3447 3692 3624 3746 Gratia
3646 3693 3766 3759 Dei,

2190 3797 2277 3848 per
2297 3779 2471 3834 Iesum
2497 3779 2752 3833 Christum
2775 3774 3051 3832 Dominum
3074 3791 3296 3834 nostrum
3323 3763 3604 3849 (Rennuit
3627 3824 3640 3848 ,
3669 3784 3765 3848 24,

2187 3871 2282 3939 25)
2306 3887 2321 3935 ;
2350 3880 2404 3924 ιιι
2433 3880 2608 3926 autem
2633 3912 2648 3936 ,
2691 3871 2910 3925 Domine
2933 3910 2948 3936 ,
2989 3871 3211 3926 benedic
3246 3873 3494 3941 populum
3523 3883 3670 3930 tuum
3693 3875 3781 3932 de

2188 3969 2240 4016 te
2269 3961 2488 4016 salutem
2517 3970 2835 4030 sperantem.

2257 4053 2310 4108 9.
2345 4053 2524 4107 Potest
2551 4063 2606 4108 et
2629 4054 2728 4108 iste
2757 4051 2990 4122 psalmus
3014 4053 3183 4122 accipi
3207 4053 3272 4108 ad
3303 4070 3581 4122 personam
3608 4057 3770 4113 Libri-

2187 4143 2385 4200 stialio
2409 4143 2567 4200 modo
2591 4185 2606 4209 ,
2653 4143 2704 4198 id
2733 4154 2816 4199 est
2836 4186 2853 4209 ,
2886 4155 2944 4198 ut
2965 4153 3107 4199 totus
3134 4145 3396 4216 loquatur.
3430 4148 3591 4203 Totus
3615 4150 3764 4216 dico,

2186 4248 2305 4288 cum
2334 4248 2563 4302 corpore
2586 4249 2683 4287 suo
2711 4233 2800 4288 cui
2822 4245 2982 4304 caput
3009 4245 3114 4300 est,
3141 4238 3430 4292 secundum
3449 4241 3768 4309 Apostolum

2185 4324 2272 4393 qui
2303 4323 2432 4379 dicit
2463 4341 2476 4376 :
2516 4322 2616 4377 Vos
2659 4334 2825 4378 autem
2859 4326 2974 4379 estis
3007 4341 3191 4395 corpus
3230 4328 3416 4383 Clu-isti
3456 4340 3502 4382 et
3543 4331 3768 4384 membra

2187 4416 2230 4483 (Ι
2257 4415 2376 4471 Cor.
2402 4431 2473 4470 xu
2493 4456 2509 4481 ,
2534 4415 2626 4487 27)
2655 4433 2670 4480 ;
2713 4432 2842 4486 ergo
2885 4417 2973 4472 ille
2998 4429 3156 4488 caput
3183 4431 3266 4475 est
3307 4422 3463 4491 hujus
3497 4424 3764 4490 corporis.

2187 4508 2412 4577 Propter
2437 4508 2578 4578 quod
2605 4509 2710 4563 alio
2739 4509 2854 4564 loco
2879 4511 3006 4564 dicit
3033 4529 3048 4565 :
3091 4511 3356 4566 Veritatem
3379 4525 3542 4568 autem
3563 4517 3768 4586 facien-

2186 4607 2257 4654 tes
2282 4600 2337 4652 in
2361 4601 2637 4666 elraritate,
2689 4617 2962 4671 augeantur
2994 4605 3046 4656 in
3075 4605 3164 4658 illo
3202 4621 3292 4675 per
3328 4607 3529 4675 omnia,
3571 4610 3660 4678 qui
3687 4621 3770 4665 est

2185 4699 2338 4759 caput
2365 4687 2592 4744 Christus
2611 4730 2626 4754 ,
2655 4705 2718 4744 es
2739 4705 2838 4759 quo
2867 4701 3024 4745 totum
3050 4710 3233 4764 corpus
3251 4712 3527 4750 mutatum
3547 4707 3596 4751 et
3615 4713 3763 4751 com-

2186 4787 2390 4844 pactum
2415 4787 2488 4830 est
2526 4775 2742 4847 (Epltes.
2777 4793 2858 4844 ιν,
2888 4779 2954 4833 15
2978 4821 2993 4845 ,
3025 4780 3134 4851 l6).
3183 4781 3439 4852 Loquitur
3460 4799 3585 4854 ergo
3617 4786 3762 4854 apud

2185 4864 2506 4934 Prophetam
2533 4865 2690 4921 simul
2713 4867 2951 4924 Ecclesia
2981 4880 3035 4926 et
3059 4881 3215 4940 caput
3249 4873 3364 4942 ejus
3388 4914 3401 4933 .
3453 4873 3590 4928 inter
3628 4889 3750 4944 pto-

2183 4955 2345 5009 cellas
2397 4957 2828 5025 persecutionum
2872 4962 3155 5016 constituta
3197 4977 3292 5030 per
3329 4963 3632 5018 universum
3663 4979 3762 5020 or-

2188 5047 2306 5101 bem
2338 5056 2620 5112 terrarum,
2647 5051 2786 5120 quod
2811 5051 2918 5118 jam
2945 5053 3230 5121 contigisse
3256 5052 3456 5107 scimus
3483 5070 3497 5106 :
3524 5054 3758 5122 Domine,

2181 5138 2302 5209 quid
2326 5139 2646 5208 multiplicati
2681 5141 2900 5210 suntqui
2925 5143 3159 5194 tribulunt
3180 5159 3256 5195 me
3273 5143 3300 5196 7
3323 5143 3470 5196 multi
3489 5144 3764 5215 insurgunt

2181 5233 2443 5286 adversum
2486 5249 2598 5295 me,
2642 5232 2989 5287 christianum
3029 5248 3221 5287 nomen
3270 5235 3622 5289 exterminare
3658 5251 3760 5289 cu-

2181 5323 2410 5392 pientes.
2458 5323 2609 5377 Multi
2636 5325 2807 5378 dicunt
2847 5326 3029 5376 anima:
3062 5339 3184 5378 mete
3215 5341 3234 5379 :
3265 5321 3384 5380 Non
3409 5335 3484 5380 est
3506 5327 3644 5381 salus
3679 5328 3760 5382 illi

2181 5416 2233 5466 in
2260 5412 2369 5468 Deo
2398 5414 2507 5486 ejus
2531 5430 2550 5469 :
2577 5430 2682 5469 non
2708 5416 2846 5469 enim
2873 5414 3031 5468 aliter
3059 5426 3334 5483 sperarent
3359 5433 3516 5487 posse
3545 5434 3604 5473 se
3633 5435 3760 5488 per-

2180 5503 2308 5560 dere
2353 5505 2646 5562 Ecclesiam
2699 5505 2949 5558 latissime
2989 5505 3330 5574 pullulantem
3356 5547 3370 5573 ,
3414 5508 3514 5562 nisi
3549 5509 3613 5562 ad
3659 5509 3756 5565 Dei

2244 5665 2263 5691 ι
2284 5665 2502 5717 Quinque
2525 5661 2651 5717 Mss,
2679 5653 2740 5703 de
2756 5653 2976 5705 sordibus
2997 5655 3165 5706 swculi
3180 5655 3344 5706 abluti.

2242 5717 2315 5778 (a)
2351 5716 2533 5765 De'lioc
2564 5716 2736 5766 eodem
2754 5730 2882 5766 vers.
2899 5718 2931 5769 9
2953 5719 3062 5770 vide
3087 5725 3221 5768 Enar.
3248 5721 3296 5769 in
3317 5717 3434 5768 Psal.
3461 5731 3578 5780 axx,
3597 5733 3623 5768 I-
3678 5722 3754 5783 its

2181 5787 2233 5828 et
2253 5791 2391 5838 cxcv,
2417 5791 2465 5825 n.
2489 5777 2538 5826 9.
