4042 6496
181 449 244 505 ’Π
1325 431 1717 492 ENARRATIO
1755 429 1818 486 IN
1859 429 2176 487 PS.\LMUM
2217 430 2301 487 ιν.
3389 443 3458 499 7g

191 574 358 619 suum
386 553 667 627 pertinere
701 560 816 611 non
839 552 1135 610 crederent.
1181 547 1261 604 Tu
1299 555 1465 603 autem
1489 586 1506 614 ,
1539 545 1775 608 Domine,

187 656 440 716 susceptor
481 664 626 702 meus
674 663 779 702 es:
809 648 864 700 in
903 645 1111 700 Christo
1149 642 1370 710 utique;
1422 647 1544 693 nam
1589 637 1642 691 in
1684 636 1777 690 illo

192 726 398 795 bootine
428 746 484 792 ct
525 738 771 793 Ecclesia
797 741 1038 805 suscepta
1065 742 1146 788 est
1171 747 1202 784 a
1227 730 1400 786 Verbo
1423 770 1437 796 ,
1482 727 1620 800 quod
1649 740 1779 782 caro

194 839 386 888 tactum
414 841 503 886 est
526 871 541 892 ,
588 839 643 883 et
673 828 932 883 habitavit
959 827 1010 880 in
1033 825 1185 880 nobis
1213 816 1389 894 (Joan.
1421 836 1474 886 t,
1503 821 1625 892 lt);
1655 818 1779 889 quia

195 928 315 980 etin
345 923 664 980 cmlestihus
691 937 792 976 nos
814 920 1002 975 sedere
1029 917 1153 973 fecit
1173 931 1273 970 una
1301 930 1422 970 cum
1453 914 1544 969 illo
1562 911 1778 982 (Ephes.

195 1033 249 1083 ιι,
276 1014 332 1087 6)
363 1032 376 1068 :
411 1013 754 1085 prtecedcnte
779 1011 920 1067 enim
947 1010 1139 1079 capite,
1169 1007 1404 1062 membra
1429 1013 1622 1059 caetera
1650 1016 1782 1057 con—

197 1116 526 1177 sequentur;
601 1105 728 1175 quis
779 1103 922 1159 enim
973 1113 1070 1154 nos
1117 1097 1384 1168 separabit
1431 1111 1462 1150 a
1517 1095 1778 1149 charitate

197 1193 388 1254 Christi
418 1197 599 1268 (Rom.
627 1207 717 1249 vnt
737 1235 753 1258 ,
787 1193 880 1264 δῦ)
901 1193 928 1247 l
968 1191 1133 1246 [tecte
1169 1202 1296 1258 ergo
1331 1187 1458 1241 dicit
1487 1186 1646 1240 etiam
1677 1184 1784 1238 Ec-

201 1291 354 1346 clesia
389 1308 404 1344 :
433 1267 724 1358 Susceptor
753 1300 898 1340 meus
923 1300 1002 1350 es,
1027 1282 1190 1354 gloria
1209 1296 1354 1345 nica;
1384 1285 1488 1332 non
1509 1279 1652 1332 enim
1682 1267 1784 1330 sibi

202 1381 378 1436 tribuit
421 1378 566 1450 quod
598 1377 852 1442 excellit,
881 1389 1001 1430 cum
1045 1372 1286 1443 intelligit
1329 1369 1478 1440 cujus
1518 1367 1688 1438 gratia
1731 1373 1787 1420 ct

202 1471 564 1528 misericordia
597 1471 716 1524 talis
745 1473 847 1524 est.
880 1467 946 1521 Et
973 1465 1202 1521 exultans
1225 1471 1380 1534 caput
1403 1473 1584 1526 meum,
1611 1461 1786 1530 ipsum

202 1563 400 1619 scilicet
441 1561 536 1631 qui
580 1558 964 1630 primogenitus
987 1571 1017 1610 a
1058 1554 1284 1610 mortuis
1312 1551 1554 1609 ascendit
1584 1551 1636 1606 in
1671 1563 1788 1604 cm-

204 1654 327 1708 lum.
379 1651 514 1706 Voce
546 1666 659 1704 mea
681 1646 750 1702 ad
782 1647 1053 1702 Dominum
1086 1645 1327 1709 clamosi,
1364 1653 1410 1698 et
1434 1640 1685 1697 exaudiuit
1707 1648 1790 1693 me

205 1747 264 1800 de
288 1753 463 1798 monte
498 1752 674 1797 sancto
698 1757 811 1795 suo.
869 1739 994 1793 lltec
1018 1746 1100 1793 est
1120 1737 1290 1792 oratio
1317 1734 1552 1789 omnium
1577 1738 1791 1788 sancto-

207 1850 353 1897 rum,
403 1831 540 1886 odor
579 1830 859 1885 suavitatis
895 1828 984 1898 qui
1026 1825 1266 1881 ascendit
1289 1826 1343 1879 in
1368 1832 1657 1890 conspectu
1684 1820 1790 1875 Do-

206 1923 337 1979 mini
363 1941 379 1977 :
402 1923 510 1990 jam
539 1921 681 1976 enim
726 1918 1012 1974 exauditur
1038 1915 1275 1970 Ecclesia
1314 1915 1383 1968 de
1429 1914 1545 1983 ipso
1585 1919 1784 1975 monte,

203 2012 349 2084 quod
394 2013 551 2066 etiam
583 2018 745 2079 caput
781 2008 897 2079 ejus
933 2017 1053 2072 est;
1096 2007 1176 2060 rel
1203 2005 1271 2060 de
1310 2005 1396 2059 illa
1431 2004 1632 2074 justitia
1669 2002 1786 2068 Dei,

206 2115 304 2175 qua
337 2111 393 2158 et
433 2100 727 2158 liberantur
766 2100 920 2156 electi
951 2100 1097 2168 ejus,
1125 2107 1178 2152 et
1208 2107 1574 2168 persecutores
1599 2109 1786 2149 eorum

208 2197 512 2266 puniuntur.
559 2195 710 2249 Dicat
751 2192 975 2263 pupulas
1007 2191 1100 2245 Dei
1127 2190 1285 2245 etiam
1326 2188 1450 2243 illud
1484 2205 1497 2241 :
1528 2186 1637 2258 Ego
1665 2186 1788 2240 ἀοι-ι·

214 2287 322 2338 miri
338 2326 354 2351 ,
383 2295 433 2338 et
460 2301 692 2338 somnum
721 2284 868 2353 cepi;
895 2293 942 2336 et
960 2282 1222 2335 eccsurrexi
1243 2321 1256 2346 ,
1278 2281 1517 2351 quoniam
1545 2273 1790 2365 Dominus

208 2377 434 2446 suscipiet
473 2391 587 2440 me,
634 2384 694 2428 ut
720 2373 1036 2443 adjungatur
1078 2379 1134 2426 et
1161 2371 1429 2426 colnereat
1455 2371 1614 2441 capiti
1659 2385 1786 2436 suo;

211 2465 325 2523 huic
358 2469 506 2523 enim
538 2467 737 2537 p0pulo
779 2465 975 2520 dictum
1007 2473 1089 2519 cst
1122 2481 1135 2517 :
1166 2464 1332 2534 Surge
1361 2463 1446 2533 qui
1488 2463 1675 2516 dormis
1697 2498 1714 2531 ,
1745 2471 1791 2516 et

210 2573 416 2628 exsurge
453 2574 487 2610 a
525 2558 766 2620 mortuis,
808 2565 854 2609 et
891 2555 1189 2625 continget‘
1219 2563 1266 2607 te
1302 2552 1531 2608 Christus
1573 2551 1787 2625 (Ephes.

210 2664 266 2712 ν,
296 2648 383 2720 Η)
407 2665 424 2713 ;
475 2647 733 2717 quoniam
756 2646 823 2700 de
853 2645 1214 2714 peccatoribus
1242 2649 1543 2713 assumptus
1570 2654 1692 2710 est,
1723 2643 1790 2698 de

210 2738 392 2808 quibus
420 2737 750 2807 generaliter
773 2735 971 2790 dictum
1004 2742 1087 2789 est
1117 2748 1130 2790 ε
1166 2733 1266 2801 Qui
1302 2743 1470 2788 autent
1512 2735 1786 2801 dormiunt,

211 2831 628 2884 nocte‘dermiant
656 2828 697 2899 (l
727 2827 906 2882 Thess.
935 2843 968 2881 ν
987 2867 1002 2892 ,
1034 2829 1110 2896 7).
1158 2828 1308 2881 Dicat
1331 2827 1490 2882 etiam
1518 2845 1532 2880 :
1569 2827 1687 2880 Non
1722 2827 1789 2879 ti—

211 2920 342 2974 mebo
367 2920 533 2973 millia
555 2920 732 2990 populi
751 2919 1110 2972 circumdantis
1135 2933 1252 2981 me;
1279 2918 1786 2972 circuntvallantium

213 3013 407 3066 scilicet
431 3011 711 3081 gentium,
753 3010 820 3065 ad
857 3011 1296 3080 exstinguendum
1324 3027 1544 3075 nomen,
1588 3013 1631 3065 si
1663 3025 1788 3080 pos-

214 3109 342 3170 sent,
370 3103 697 3170 ubicumque
722 3101 1089 3156 christianum.
1121 3100 1226 3156 Sed
1254 3101 1518 3171 quomodo
1540 3103 1790 3156 timerem

214 3199 310 3256 tur,
339 3207 462 3245 cum
485 3202 736 3261 tanquam
765 3193 883 3247 oleo
904 3193 1157 3263 sanguine
1185 3203 1475 3264 martyrum
1503 3195 1553 3249 in
1576 3194 1790 3248 Christo

212 3281 362 3336 ardor
400 3281 680 3336 charitatis
726 3281 1176 3337 inﬂammarctur?
1224 3282 1490 3354 Exsurge,
1542 3283 1786 3346 Domine,

214 3372 397 3425 ulvam
420 3389 502 3426 me
523 3375 607 3443 {ac
625 3414 639 3436 ,
667 3370 808 3427 Deus
836 3389 978 3427 meus
1008 3386 1027 3427 :
1057 3381 1231 3443 potest
1253 3374 1352 3428 hoc
1375 3375 1472 3444 ipsi
1499 3376 1654 3444 capiti
1693 3389 1790 3430 suo

214 3475 399 3531 corpus
423 3463 643 3526 dicere;
694 3462 786 3516 illo
821 3462 963 3517 enim
1007 3473 1325 3533 exsurgente
1361 3463 1562 3518 salvum
1592 3463 1788 3520 factum

213 3561 308 3613 est,
331 3551 420 3620 qui
446 3551 760 3607 ascenditin
787 3552 973 3617 altum,
998 3554 1258 3622 captivam
1280 3555 1389 3624 egit
1406 3555 1783 3624 captivitatem,

215 3639 350 3694 dedit
386 3641 532 3696 dona
581 3640 884 3696 hominibus
926 3640 1097 3712 (Psal.
1126 3655 1297 3709 vatt,
1340 3643 1432 3715 l9)
1463 3661 1476 3696 :
1509 3644 1609 3699 hoc
1643 3645 1784 3700 enim

217 3728 267 3782 in
285 3731 751 3798 przedcstinatione
781 3746 809 3784 a
833 3729 1093 3802 Pmpltcta
1121 3733 1314 3787 dicitur
1335 3775 1350 3800 ,
1396 3750 1501 3804 quo
1523 3747 1691 3804 usque
1719 3735 1786 3790 ad

215 3827 376 3874 terras
415 3822 703 3876 Dominum
734 3832 972 3877 nostrum
997 3864 1011 3888 ,
1057 3819 1144 3878 illa
1182 3823 1249 3878 de
1280 3840 1382 3894 qua
1414 3825 1464 3878 in
1497 3825 1780 3897 Evangelia

214 3909 417 3974 dicitur,
446 3913 641 3966 messis
665 3922 874 3967 matura
904 3913 1112 3985 (Matth.
1148 3930 1201 3975 ιι
1227 3954 1243 3980 ,
1271 3909 1361 3986 '57)
1383 3915 1644 3986 deposuit,
1687 3932 1785 3972 cus

212 3996 291 4064 ius
336 4000 483 4054 salus
527 4008 615 4054 est
665 4002 717 4055 in
761 4002 877 4070 ejus
913 4004 1336 4070 resurrectione,
1377 4006 1463 4075 qui
1499 4022 1595 4075 pro
1632 4007 1786 4063 nobis

212 4088 452 4158 dignatus
477 4100 560 4145 est
588 4094 745 4146 muri.
793 4092 1044 4158 Quoniam
1087 4105 1138 4148 tu
1171 4097 1456 4165 percussisti
1496 4114 1665 4152 omnes
1687 4099 1786 4152 ad-

211 4189 456 4234 versantes
476 4182 604 4234 mihi
621 4183 729 4235 sine
747 4198 919 4249 causa,
946 4185 1116 4238 dentes
1137 4197 1454 4255 peccatorum
1477 4189 1783 4246 contrivisti:

208 4270 310 4336 jam
358 4281 618 4340 regnante
663 4266 942 4340 Ecclesia,
990 4276 1188 4332 inimici
1237 4279 1466 4333 nominis
1509 4279 1784 4336 christiani

211 4360 521 4417 confusione
571 4364 810 4432 percussi
854 4375 1013 4429 sunt,
1071 4375 1128 4420 et
1169 4367 1281 4421 sive
1325 4365 1581 4423 maledica
1627 4371 1782 4425 verba

210 4465 388 4506 eorum
408 4493 424 4517 ,
453 4453 573 4508 sive
603 4455 924 4523 principatus
947 4497 960 4517 ,
993 4456 1045 4509 in
1075 4456 1280 4510 irritum
1311 4457 1542 4513 deducti.
1569 4459 1784 4516 Credite

210 4556 349 4611 ergo,
379 4543 648 4609 homines,
678 4545 817 4614 quod
838 4539 1044 4600 Domini
1062 4558 1134 4602 est
1157 4550 1295 4602 salus
1313 4557 1412 4616 .‘et,
1434 4557 1509 4615 tu,
1538 4551 1780 4620 Domine,

209 4631 270 4682 sit
295 4648 452 4699 super
479 4634 726 4702 populum
750 4643 887 4687 tuum
909 4635 1182 4692 benedictio
1211 4648 1320 4692 tua.

281 4722 368 4775 lo.
401 4723 591 4778 Potest
615 4717 774 4778 etlam
798 4727 1157 4796 unusquisque
1179 4739 1414 4784 nostrum
1437 4729 1633 4797 dicere,
1661 4741 1781 4787 cum

205 4811 449 4865 vitiorum
479 4822 534 4867 et
557 4814 903 4882 cupiditatum
947 4819 1231 4873 multitudo
1261 4820 1592 4876 resistentem
1632 4839 1781 4877 meno

207 4909 306 4954 lem
335 4901 488 4956 ducit
527 4902 580 4956 in
608 4903 722 4974 lege
749 4907 948 4974 peccati
979 4923 992 4960 :
1025 4906 1238 4962 Domine
1259 4951 1273 4974 ,
1315 4911 1437 4978 quid
1464 4913 1783 4984 multiplicati

202 5002 313 5044 sunt
337 4993 428 5062 qui
451 4992 694 5048 tribulant
720 5011 798 5048 me
819 5031 834 5061 ,
878 4997 1024 5051 multi
1057 4999 1324 5070 insurgunt
1363 4999 1627 5057 adversum
1659 5019 1738 5058 me
1757 5004 1785 5058 2

203 5079 266 5134 Et
306 5083 564 5151 quoniam
602 5083 913 5155 plerumque
961 5091 1360 5146 coacervatione
1384 5091 1629 5147 vitiorum
1651 5091 1780 5148 sub.

202 5174 333 5240 repit
387 5173 692 5243 desperatio
715 5176 954 5232 sanitatis
977 5218 992 5243 ,
1021 5187 1270 5248 tanquam
1294 5180 1422 5251 ipsis
1447 5183 1590 5237 vitiis
1617 5184 1782 5239 insul-

202 5265 438 5318 tantibus
460 5265 673 5330 animus,
701 5265 786 5320 Vel
815 5267 976 5322 etiam
1003 5268 1215 5324 diabolo
1234 5281 1288 5325 et
1313 5272 1516 5341 angelis
1542 5273 1656 5343 ejus
1683 5290 1780 5345 per

199 5355 387 5409 noxias
412 5358 780 5426 suggestiones
809 5366 867 5412 ut
894 5359 1240 5429 desperemus
1273 5365 1618 5432 aperantibus
1641 5409 1656 5433 ,
1690 5383 1780 5423 ve-

198 5444 410 5498 rissime
446 5446 638 5502 dicitur
668 5466 683 5501 :
717 5447 872 5502 Multi
911 5450 1080 5504 dicunt
1124 5454 1307 5508 animo:
1350 5468 1476 5510 mete
1499 5471 1519 5510 :
1547 5456 1668 5512 Non
1707 5467 1780 5514 est

195 5534 334 5588 salus
372 5534 452 5588 illi
485 5537 536 5590 in
565 5531 675 5592 Deo
703 5538 834 5608 ejus.
879 5535 958 5592 Tu
985 5550 1150 5594 autem
1170 5584 1185 5606 ,
1228 5542 1444 5599 Domine
1463 5587 1477 5610 ,
1523 5558 1780 5619 susceptor

197 5639 336 5681 usus
356 5644 446 5694 es;
473 5631 583 5686 haec
604 5631 752 5686 enim
781 5645 903 5701 spes
923 5621 1023 5701 ὧι,
1053 5635 1194 5704 quod
1223 5648 1464 5694 naturam
1491 5641 1774 5699 humanam

193 5742 272 5898 ἐξ
301 5785 385 5828 pro
401 5746 699 5846 ερὶρῂάιιδεί,
723 5779 1028 5848 illwninabit,
1047 5785 1264 5852 legebat,
1281 5791 1569 5860 ephupsetai,
1599 5798 1775 5852 contin-

1889 542 1940 595 in
1965 541 2177 598 Christo
2203 545 2220 576 ⁸
2246 543 2522 615 suscipere
2563 545 2808 618 dignatus
2843 558 2945 604 est.
2997 551 3170 607 Gloria
3213 572 3322 610 inea
3353 573 3374 612 ε
3397 573 3467 614 ει

1886 631 1974 687 illa
2003 633 2217 704 regula,
2248 650 2316 690 ne
2344 637 2465 706 quis
2487 638 2588 693 sibi
2628 639 2827 710 aliquid
2871 641 3083 697 tribuat.
3129 642 3199 697 Et
3236 648 3468 702 exultans

1886 732 2036 792 caput
2063 741 2227 778 meum
2258 740 2278 779 :
2305 726 2420 781 sive
2447 727 2616 797 ipsum
2651 730 2738 798 qui
2764 731 3001 785 omnium
3032 742 3271 789 nostrum
3299 749 3462 806 caput

1885 822 1967 867 est
1986 855 2000 876 ,
2029 815 2139 869 sive
2169 816 2580 887 uniuscujusque
2624 826 2859 874 nostrum
2890 823 3132 891 spiritum
3152 864 3168 889 ,
3212 826 3351 895 quod
3378 842 3471 882 ca.

1887 913 1982 974 put
2015 915 2100 960 est
2125 907 2316 961 animae
2347 915 2402 963 et
2427 910 2638 975 carnis;
2681 923 2832 981 caput
2860 914 3000 968 enim
3032 915 3257 972 mulieris
3280 918 3355 972 vir
3376 959 3391 983 ,
3424 929 3472 974 et

1885 1006 2038 1064 caput
2079 997 2174 1050 viri
2218 996 2450 1052 Christus
2497 989 2546 1070 (l
2571 999 2686 1055 Cor.
2717 1009 2771 1056 tu
2794 1044 2809 1067 ,
2848 1003 2928 1072 5).
2981 1004 3253 1062 Exaltstur
3289 1017 3471 1064 autem

1885 1101 2060 1150 mens,
2085 1103 2204 1141 cum
2227 1088 2332 1157 jam
2355 1090 2458 1144 dici
2483 1099 2674 1158 potest,
2693 1092 2861 1147 Mente
2877 1098 3036 1150 servio
3049 1097 3148 1168 legi
3169 1098 3267 1153 Dei
3290 1099 3468 1171 (Rom.

1885 1191 1985 1237 vn,
2015 1175 2146 1248 25);
2178 1187 2236 1232 ut
2259 1190 2451 1235 ctetera
2478 1180 2708 1238 hominis
2739 1194 2921 1253 pacata
2956 1187 2977 1220 '
2998 1189 3312 1257 subdantur,
3346 1207 3470 1248 cum

1881 1264 1992 1334 jam
2029 1269 2206 1322 carnis
2241 1273 2632 1328 resurrectione
2669 1275 2988 1333 absorbetur
3028 1294 3174 1335 mors
3213 1283 3264 1337 in
3295 1285 3472 1339 victo-

1887 1357 2018 1411 riam
2048 1357 2090 1429 (Ι
2123 1358 2240 1413 Cor.
2268 1376 2363 1424 xv,
2391 1361 2507 1432 54).
2546 1361 2681 1418 Voce
2703 1381 2814 1419 mea
2831 1367 2900 1420 ad
2920 1357 3192 1425 Dominum
3221 1367 3434 1429 clamavi
3453 1389 3475 1430 :

1887 1463 2022 1504 voce
2060 1449 2145 1504 illa
2177 1450 2360 1506 intima
2396 1463 2451 1508 et
2489 1454 2860 1512 intentissima.
2909 1456 2979 1513 Et
3013 1460 3266 1519 exaudiuit
3305 1483 3384 1522 me
3409 1469 3474 1522 de

1889 1547 2058 1593 monte
2082 1549 2258 1595 sancto
2286 1555 2380 1596 suo
2409 1558 2428 1597 :
2455 1542 2523 1599 de
2547 1544 2668 1614 ipso
2706 1561 2802 1615 per
2826 1563 2985 1619 quem
3022 1553 3174 1608 nobis
3200 1556 3469 1627 suthnit,

1887 1635 2061 1698 etquo
2080 1630 2375 1688 mediatore
2400 1648 2500 1688 nos
2525 1637 2760 1691 exauditi
2788 1639 2895 1710 Ego
2918 1639 3149 1709 dormivi,
3173 1655 3219 1700 et
3237 1663 3470 1702 somnum

1887 1720 2034 1790 cepi;
2072 1730 2121 1775 et
2171 1726 2470 1791 exsurrexi,
2512 1729 2751 1796 quoniam
2790 1729 3039 1787 Dominus
3074 1737 3310 1806 suscipiet
3340 1755 3419 1794 me
3448 1757 3469 1796 :

1890 1811 2009 1880 quis
2039 1811 2144 1868 hoc
2169 1829 2273 1868 non
2318 1824 2494 1885 potest
2525 1808 2762 1876 fidelium
2794 1823 3010 1892 dicere,
3059 1831 3300 1885 recolens
3330 1844 3474 1888 mor-

1893 1909 2000 1957 tem
2029 1914 2367 1974 peccatorum
2392 1921 2610 1964 suorum
2635 1953 2650 1976 ,
2698 1922 2750 1966 et
2777 1913 2977 1969 donum
3015 1923 3474 1987 regenerationis?

1893 1990 2016 2046 Non
2057 1993 2237 2048 timebo
2274 1995 2435 2049 millia
2477 2001 2654 2068 populi
2684 2001 3043 2060 circumdantis
3072 2024 3168 2062 me.
3221 2008 3472 2082 Exceptis

1908 2079 1994 2137 his
2029 2094 2148 2153 qua:
2188 2085 2555 2142 universaliter
2591 2091 2824 2147 Ecclesia
2867 2097 3114 2152 sustinuit
3140 2109 3194 2154 et
3223 2079 3470 2170 sustinet,

1911 2171 2068 2228 habet
2093 2175 2252 2229 etiam
2285 2179 2648 2249 unusquisque
2687 2185 3002 2240 tentationes
3030 2188 3218 2257 quibus
3246 2193 3476 2249 circum-

1888 2265 2110 2320 VaIIaIus
2130 2267 2244 2322 huic
2269 2269 2412 2323 dicat
2443 2288 2456 2324 :
2491 2263 2742 2344 Exsurge,
2774 2275 3018 2342 Domine,
3051 2282 3245 2335 salvum
3270 2297 3348 2338 me
3366 2289 3471 2357 fac,

1889 2355 2031 2411 Deus
2058 2375 2198 2412 meus
2221 2375 2243 2424 ξ
2280 2361 2381 2415 Ιιοε
2408 2371 2509 2426 est,
2539 2358 2647 2418 Fac
2675 2381 2759 2421 me
2787 2379 3092 2439 exsurgere.
3143 2355 3393 2441 Quoniam
3420 2389 3474 2434 tn

1893 2451 2184 2520 percussisti
2226 2463 2398 2506 omnes
2427 2455 2748 2511 adversantes
2790 2460 2914 2513 mihi
2957 2463 3065 2516 sine
3101 2479 3255 2519 causa
3283 2483 3304 2522 :
3332 2480 3475 2525 recte

1892 2539 1944 2592 in
1977 2539 2448 2609 praedestinationc
2488 2545 2680 2600 dicitur
2707 2547 2773 2602 de
2798 2548 3008 2605 diabolo
3033 2561 3085 2607 et
3110 2559 3310 2626 angelis
3334 2560 3471 2628 ejus,

1893 2629 1983 2698 qui
2019 2644 2126 2683 non
2147 2632 2318 2686 solum
2347 2633 2400 2686 in
2429 2642 2596 2688 totum
2622 2634 2818 2691 Christi
2847 2652 3072 2709 corpus,
3117 2645 3208 2699 sed
3235 2649 3392 2702 etiam
3420 2651 3474 2706 in

1893 2718 2130 2787 singulos
2167 2734 2406 2789 quosque
2436 2725 2681 2793 privatim
2721 2729 2966 2784 szeviunt.
3015 2732 3200 2790 Dentes
3247 2753 3478 2807 peccato-

1890 2823 2003 2860 rum
2028 2810 2302 2863 contrivisti
2329 2824 2350 2864 :
2379 2813 2539 2866 habet
2557 2819 2919 2889 unusquisque
2937 2824 3321 2885 maledicentes
3337 2833 3471 2898 sibi;

1894 2897 2051 2952 habet
2077 2901 2235 2954 etiam
2261 2901 2508 2957 vitiortnn
2532 2916 2780 2962 auctores
2805 2923 3058 2968 conantes
3078 2933 3198 2972 cum
3227 2936 3255 2974 a
3275 2897 3472 2981 Christi

1889 3003 2112 3056 corpore
2134 2988 2441 3058 praecidere.
2464 2995 2568 3051 Sed
2596 2997 2801 3054 Domini
2825 3011 2896 3056 est
2923 3006 3061 3060 salus
3077 3025 3095 3070 ;
3123 3013 3355 3068 cavenda
3383 3031 3471 3070 su-

1891 3080 2071 3146 perbia
2096 3089 2209 3148 est,
2234 3091 2291 3137 ει
2316 3083 2596 3142 dicendum
2629 3106 2645 3141 :
2678 3091 2900 3148 Adhaesit
2933 3098 3103 3152 anima
3140 3117 3251 3155 mea
3290 3115 3401 3174 post
3426 3116 3474 3162 te

1890 3167 2062 3270 lPsal.
2096 3183 2221 3237 uti,
2253 3173 2332 3244 9).
2359 3171 2429 3229 Et
2453 3193 2605 3248 super
2625 3185 2865 3254 populum
2889 3195 3030 3243 tuum
3060 3167 3332 3251 benedictio
3362 3201 3469 3270 tua,

1889 3256 1992 3312 hoc
2018 3269 2101 3316 est
2126 3277 2288 3333 super
2313 3279 2738 3342 unumquemque
2767 3285 3029 3332 nostrum.

2371 3488 2448 3550 IN
2491 3491 2747 3556 PSALM
2758 3497 2871 3558 UM
2898 3495 2986 3560 IV

2451 3609 2864 3670 ENARRATIO.

2155 3708 2222 3768 In
2242 3717 2394 3786 ﬁnem
2417 3750 2433 3786 ,
2468 3719 2703 3778 Psalmus
2729 3723 2990 3784 Canticum
3015 3722 3200 3788 David.

1959 3822 2024 3921 1.⁸
2060 3825 2227 3921 [verm
2412 3831 2558 3889 Finis
2603 3835 2750 3910 Legis
2792 3838 3020 3898 Christus
3087 3847 3156 3900 ad
3213 3849 3466 3921 justitiam

1887 3917 2026 3970 omni
2051 3919 2274 3972 credenti
2302 3920 2479 3989 (Rern.
2509 3937 2562 3990 ι,
2593 3924 2649 3998 4)
2685 3945 2697 3980 :
2731 3928 2814 3984 hic
2853 3932 2992 3986 enim
3036 3935 3154 3991 linis
3180 3917 3464 4007 perfectio-

1887 4019 2006 4060 nem
2045 4008 2345 4078 signiﬁcat,
2379 4026 2485 4067 non
2525 4021 3009 4088 consumptionem.
3063 4024 3249 4083 Utrum
3289 4042 3465 4088 autem

1886 4106 2044 4152 omne
2065 4100 2327 4156 canticum
2356 4105 2593 4172 psalmus
2617 4109 2704 4175 sit,
2736 4125 2802 4164 au
2833 4114 3008 4180 potius
3033 4119 3207 4174 omnis
3231 4124 3467 4190 psalmus

1885 4189 2178 4255 canticum;
2224 4207 2290 4247 an
2329 4195 2438 4249 sint
2464 4199 2704 4265 quaadam
2731 4203 2934 4258 cantica
2967 4221 3084 4276 qua:
3110 4189 3467 4282 nonpossint

1885 4277 1987 4332 dici
2030 4281 2253 4348 psalmi,
2301 4292 2356 4339 et
2384 4287 2598 4355 qttidam
2643 4293 2829 4359 psalmi
2859 4295 2948 4366 qui
2997 4314 3098 4352 non
3131 4277 3334 4370 possint
3362 4306 3467 4361 dict

1886 4370 2121 4438 cantica,
2154 4373 2318 4441 quteri
2347 4385 2543 4445 potest.
2592 4377 2696 4434 Sed
2723 4383 3203 4444 animadvertenda.-
3229 4391 3466 4462 Scriptu-

1886 4471 1963 4512 rte
1987 4469 2142 4524 sunt,
2173 4477 2240 4517 ne
2277 4463 2412 4520 forte
2435 4466 2712 4524 Canticum
2743 4471 2978 4529 laetitiam
3006 4477 3238 4534 iudicet:
3266 4481 3464 4542 Psalmi

1885 4557 2061 4604 autem
2092 4553 2376 4623 dicuntur,
2427 4559 2514 4627 qui
2544 4571 2825 4619 cantantur
2864 4568 2930 4622 ad
2977 4573 3317 4643 psalterium;
3360 4586 3465 4649 quo

1886 4655 2039 4694 usum
2067 4657 2186 4698 esse
2215 4643 2374 4701 David
2403 4649 2714 4718 prophetam
2746 4655 2795 4709 in
2824 4671 3015 4729 magno
3038 4666 3311 4735 mysterio,
3343 4643 3466 4738 pro-

1886 4730 1964 4785 dlt
1989 4732 2209 4789 historia
2245 4737 2287 4806 (Ι
2319 4734 2445 4792 Par.
2479 4752 2594 4808 xm,
2623 4743 2676 4810 8,
2706 4753 2753 4798 et
2781 4763 2889 4813 xvr,
2919 4751 2994 4820 5).
3046 4730 3118 4809 De
3142 4744 3242 4825 qua
3274 4730 3465 4817 tie-non

1889 4832 1971 4878 est
1999 4825 2083 4879 hic
2121 4827 2417 4884 disserendi
2460 4833 2642 4899 locus;
2684 4839 2804 4906 quia
2831 4839 3129 4900 diuturnam
3164 4848 3463 4920 inquisitio-

1887 4928 2009 4996 nctn
2037 4926 2091 4970 et
2120 4915 2334 4988 longam
2365 4922 2774 4990 disputationem
2803 4930 3085 4988 desiderat.
3135 4915 3282 4993 Nunc
3323 4942 3464 4996 intc-

1885 4994 1986 5059 rim
2013 5017 2104 5060 aut
2130 5011 2290 5064 verba
2317 5011 2576 5067 Doniinici
2606 5014 2840 5073 hominis
2871 5032 2989 5090 post
3017 5031 3460 5090 resurrectionem

1885 5107 2196 5165 exspectare
2217 5097 2489 5168 debemus,
2524 5115 2614 5160 aut
2645 5106 2873 5164 hominis
2896 5112 2946 5166 in
2975 5113 3210 5180 Ecclesia
3237 5122 3458 5178 creden-

1885 5185 1953 5238 tis
1977 5193 2030 5239 et
2049 5190 2311 5256 sperantis
2337 5193 2388 5244 in
2417 5208 2558 5247 eum.

1970 5274 2024 5328 2.
2069 5275 2217 5348 [vers.
2251 5278 2330 5352 2.]
2374 5279 2500 5336 Cum
2542 5284 2856 5358 invocarem,
2903 5297 3156 5351 exaudivit
3197 5318 3274 5354 me
3318 5303 3463 5364 Dens

1877 5367 2091 5436 iustitia:
2120 5386 2245 5424 ntere
2270 5387 2289 5425 :
2318 5387 2438 5428 cum
2483 5376 2780 5434 invocarem
2802 5423 2816 5446 ,
2857 5387 3122 5442 exaudivit
3165 5369 3266 5445 me
3295 5393 3453 5459 Deus,

1885 5457 2056 5530 inquit
2075 5502 2089 5527 ,
2114 5473 2142 5514 a
2167 5477 2272 5531 quo
2299 5474 2381 5518 est
2403 5467 2604 5534 justilia
2636 5486 2771 5526 mea.
2801 5472 2865 5528 In
2892 5477 3209 5536 tribulatione
3235 5457 3456 5538 dilatusti

1880 5549 2045 5603 mihi:
2073 5550 2141 5603 ab
2166 5555 2424 5621 angustiis
2463 5557 2689 5613 tristitia:
2714 5603 2728 5626 ,
2776 5564 2827 5616 in
2869 5565 3194 5624 latitudinem
3237 5573 3455 5640 gaudio-

1880 5653 1996 5693 rum
2020 5654 2106 5696 me
2126 5639 2350 5707 duxisti;
2381 5645 2646 5702 tribulatio
2669 5651 2809 5705 enim
2831 5664 2883 5708 et
2912 5659 3145 5725 angustia
3168 5661 3216 5712 in
3240 5639 3451 5716 omnem

1943 5746 1960 5816 ξ
1985 5744 2117 5816 add?
2211 5747 2465 5816 Christum.
2496 5759 2556 5816 _At
2580 5754 2795 5816 nonnulli
2825 5763 2950 5816 Mss,
2984 5761 3032 5808 in
3055 5761 3258 5813 Christo.

1873 5807 1961 5916 ω’
1986 5806 2386 5914 ιωῳοοΙιιειιὶιιιιε
2420 5812 2592 5863 codex.
2641 5815 2727 5864 Alii
2759 5806 3445 5888 veroiu'ss.ievtwedd:vfet-uut,

1944 5881 2030 5916 ccu
