4042 6506
539 414 611 470 79
1718 464 1719 467 γ
1772 410 1827 464 s.
1868 405 2232 466 AUGUSTINt
2272 405 2571 463 EPISCOPI
3723 411 3794 470 ω

472 559 477 564 ν
537 531 769 589 animam
810 528 1041 585 hominis
1067 526 1339 599 operantis
1365 525 1558 581 malum
1589 524 1762 596 (Rom.
1784 539 1857 591 ιι,
1885 523 1962 594 9).
2002 520 2105 591 Qui

539 627 717 679 autem
769 618 899 677 dicit
936 635 950 673 :
983 617 1273 673 Gaudemus
1319 617 1373 671 in
1416 613 1817 670 tribulationibus
1838 652 1856 679 ,
1901 612 2112 667 scientes

541 710 782 778 quoniam
809 708 1064 763 tribulatio
1081 708 1381 779 patientiam
1404 716 1662 774 operatur,
1695 720 1862 775 usque
1886 704 1953 759 ad
1982 701 2110 758 illud

541 800 631 861 ubi
656 799 731 861 ait
754 817 775 854 »ξ
808 799 1057 865 Quoniam
1091 799 1314 853 citat-itas
1340 797 1433 851 Dei
1461 796 1651 865 cli/fusa
1685 806 1756 850 est
1796 796 1849 849 in
1876 794 2112 849 cordibus

539 888 725 945 nostris
748 905 838 958 per
863 887 1113 958 Spiritum
1139 897 1386 952 sanctum,
1413 887 1500 958 qui
1540 888 1690 940 datus
1731 894 1803 940 est
1836 883 2108 954 nobis-(Id.

539 995 593 1043 v,
620 981 676 1043 3,
704 979 760 1047 5)
787 1018 804 1044 ,
851 993 957 1033 non
977 977 1148 1034 liabet
1173 978 1351 1034 cordis
1373 979 1640 1047 angustias
1662 1016 1680 1042 ,
1725 976 1966 1046 quamvis
2002 991 2100 1031 ex-

543 1069 855 1135 trinsecusa
880 1070 1319 1139 persequentibus
1348 1069 1671 1139 ingerantur.
1694 1069 1911 1123 Mutatio
1928 1076 2106 1121 autem

538 1176 821 1231 personat,
862 1160 1004 1231 quod
1033 1175 1062 1214 ιι
1091 1161 1271 1226 tertia,
1318 1159 1407 1213 ubi
1441 1160 1551 1222 ait,
1591 1159 1885 1222 exaudivit,
1933 1157 2111 1211 statim

540 1252 749 1319 transiit
770 1250 838 1315 ad
864 1250 1189 1316 secundam,
1232 1250 1319 1305 ubi
1344 1250 1454 1313 ait,
1498 1248 1725 1304 dilatasti
1747 1248 1906 1312 mihi,
1935 1247 1979 1302 si
2005 1262 2111 1301 non

539 1341 816 1411 varietatis
845 1355 909 1395 ac
936 1341 1213 1397 suavitatis
1254 1354 1413 1394 causa
1464 1340 1598 1394 taeta
1637 1347 1752 1403 est,
1793 1338 1985 1391 mirum
2014 1351 2112 1392 cur

537 1432 767 1502 primum
797 1441 1046 1502 tanquam
1074 1432 1310 1486 indicare
1346 1430 1512 1484 voluit
1551 1429 1854 1484 hominibus
1890 1427 2111 1484 exaudi-

542 1532 653 1599 tum
681 1537 740 1577 se
759 1537 898 1587 esse,
928 1531 983 1578 et
1010 1532 1187 1592 postea
1205 1520 1526 1590 compellare
1552 1520 1912 1576 exauditorem
1933 1534 2108 1574 suum.

539 1611 653 1666 Nisi
691 1611 829 1667 forte
864 1627 985 1666 cum
1025 1611 1310 1666 indicasset
1348 1610 1794 1679 quemadmodum
1834 1609 2112 1665 exauditus

541 1700 611 1755 sit
630 1699 684 1754 in
713 1700 825 1770 ipsa
853 1699 1162 1754 dilatatioue
1180 1698 1362 1753 cordis
1384 1738 1400 1764 ,
1434 1699 1617 1753 maluit
1643 1712 1764 1752 cum
1790 1698 1901 1752 Deo
1931 1697 2108 1765 loqui;

540 1800 596 1845 ut
625 1791 785 1845 etiam
824 1789 926 1845 hoc
964 1789 1124 1844 modo
1152 1788 1458 1844 ostenderet
1493 1787 1620 1857 quid
1658 1788 1728 1842 sit
1767 1788 1931 1842 corde
1975 1786 2110 1841 dila-

541 1881 662 1958 tari,
694 1879 748 1934 id
780 1886 900 1947 est,
939 1879 1057 1949 jam
1097 1878 1241 1933 cordi
1270 1878 1465 1932 habere
1493 1877 1724 1932 infusum
1763 1877 1963 1961 Deum»,
1989 1889 2111 1931 cum

537 1953 644 2041 quo
684 1970 1007 2025 intrinsecus
1036 1969 1392 2038 colloquatur.
1444 1967 1598 2034 Quod
1636 1967 1691 2021 in
1720 1953 1955 2038 persona
1995 1966 2111 2035 ejus

538 2063 628 2132 qui
657 2063 882 2117 credens
909 2062 961 2116 in
988 2062 1260 2116 Christum
1288 2060 1618 2114 illuminatus
1641 2068 1762 2126 est,
1804 2068 1948 2114 recte
1970 2057 2114 2113 accit-

543 2138 685 2221 pitur
716 2169 730 2204 ε
762 2152 814 2205 in
844 2151 1010 2218 ipsius
1045 2160 1221 2206 autem
1252 2149 1508 2205 Dominiei
1537 2149 1962 2219 hominis,qu
1987 2164 2109 2204 sust-

543 2242 685 2312 cepit
723 2242 818 2297 Dei
865 2236 1170 2311 Sapieutia,
1209 2256 1319 2296 non
1355 2240 1510 2296 video
1540 2240 1981 2311 quemadmodum
2008 2240 2114 2296 hoc

540 2329 711 2400 possit
749 2346 1076 2402 congruere;
1120 2345 1223 2385 uou
1264 2330 1405 2385 enim
1430 2330 1503 2383 ab
1529 2346 1591 2385 ea
1618 2331 1899 2400 aliquando
1922 2331 2112 2385 deser-

540 2429 628 2474 tus
651 2431 748 2475 est.
775 2419 879 2477 Sed
905 2418 1349 2490 quemadmodum
1378 2419 1489 2487 ipsa
1509 2418 1627 2488 ejus
1650 2418 1952 2489 deprecatio
1972 2461 1987 2481 .
2010 2433 2114 2473 no-

540 2519 668 2566 stra:
713 2511 889 2581 potius
930 2510 1252 2564 infirmitatis
1295 2509 1548 2566 iudicium
1589 2518 1709 2575 est;
1757 2510 1837 2565 sic
1862 2510 2022 2565 etiam
2048 2510 2114 2565 de

541 2590 644 2659 ista
672 2604 947 2674 repentina
991 2602 1300 2657 dilatatione
1332 2601 1511 2657 cordis
1546 2609 1729 2670 potest
1765 2601 1905 2657 idem
1934 2601 2115 2656 Domi-

540 2709 641 2751 nus
667 2708 763 2765 pro
806 2692 1052 2750 ﬁdelibus
1074 2692 1187 2750 suis
1233 2690 1375 2763 loqui
1394 2731 1410 2759 ,
1452 2705 1676 2762 quorum
1707 2704 1988 2762 personam
2014 2689 2115 2749 sibi

540 2776 791 2856 imposuil
818 2786 977 2842 etiam
1005 2801 1126 2841 cum
1162 2786 1236 2839 ait
1269 2803 1283 2839 :
1313 2785 1516 2839 Esurioi
1540 2825 1555 2847 ,
1591 2794 1638 2838 et
1658 2797 1757 2838 non
1781 2785 1983 2838 cibastis
2004 2801 2081 2838 me
2092 2801 2115 2851 ;

541 2880 674 2934 sitivi
695 2920 710 2943 ,
741 2887 790 2933 et
814 2886 987 2950 potum
1014 2894 1115 2931 non
1143 2872 1351 2931 dedistis
1376 2876 1502 2930 mihi
1532 2874 1743 2946 (Matth.
1776 2891 1898 2939 xxv,
1927 2876 2042 2944 55),
2060 2883 2118 2931 et

539 2979 753 3026 caetera.
781 2972 955 3036 Quare
984 2970 1072 3024 hic
1095 2983 1303 3038 quoque
1322 2975 1495 3036 potest
1514 2967 1951 3031 dicere,‘dilatasti
1970 2967 2113 3032 mihi,

542 3076 639 3129 pro
666 3074 772 3114 uno
795 3076 858 3114 ex
887 3059 1125 3123 minimis,
1140 3058 1251 3111 suis
1271 3057 1612 3125 colloquente
1638 3072 1758 3112 eum
1787 3057 1897 3111 Deo
1921 3098 1936 3121 ,
1964 3057 2115 3126 cujus

541 3148 855 3204 cbaritatem
909 3147 1155 3202 dilfusam
1201 3146 1363 3201 habet
1405 3147 1460 3200 in
1504 3146 1666 3203 corde
1720 3161 1815 3215 per
1857 3144 2113 3216 Spiritum

542 3251 807 3302 sanetum,
838 3238 925 3309 qui
952 3237 1110 3293 datus
1134 3245 1216 3291 est
1242 3236 1414 3291 nobis.
1445 3234 1686 3290 Miserere
1713 3235 1844 3303 mei,
1865 3237 2119 3291 et‘exautli

543 3330 824 3383 srationem
855 3345 1018 3382 meant
1050 3342 1071 3381 :
1094 3342 1189 3381 cur
1206 3328 1396 3380 iterum
1422 3334 1595 3396 rogat,
1623 3341 1741 3380 cum
1759 3325 1867 3395 jam
1885 3343 1943 3381 se
1958 3343 2119 3387 exaue

544 3420 712 3475 ditum
741 3428 795 3475 et
822 3419 1097 3473 dilatatum
1130 3416 1486 3472 indicaverit?
1536 3417 1617 3470 An
1646 3426 1860 3486 propter
1889 3432 2017 3482 nos,
2052 3420 2119 3474 de

543 3512 734 3580 quibus
774 3510 969 3564 dicitur
1000 3526 1013 3562 :
1048 3506 1110 3563 Si
1157 3515 1323 3561 autem
1358 3506 1495 3578 quod
1531 3523 1633 3560 non
1676 3507 1899 3562 videmus
1941 3524 2118 3578 spera-

544 3616 659 3653 mus
682 3640 696 3664 ,
734 3616 823 3668 per
852 3598 1141 3668 patientiam
1171 3604 1515 3666 exspectamus
1539 3595 1709 3666 (Rom.
1731 3612 1850 3662 vui,
1875 3596 2002 3667 25);
2029 3602 2121 3651 aut

546 3699 605 3745 ιιι
628 3692 679 3745 in
702 3691 793 3745 illo
809 3690 895 3761 qui
917 3689 1139 3744 credidit
1167 3688 1468 3757 perliciatur
1495 3686 1634 3757 quod
1663 3685 1968 3746 inchoatum
1995 3686 2119 3742 est?

616 3784 669 3838 ὃ.
693 3781 855 3855 [υειε.
879 3780 968 3853 5.]
996 3780 1119 3834 Filii
1155 3781 1432 3846 hominum,
1459 3795 1713 3848 usquequo
1732 3777 1908 3849 graves
1933 3779 2121 3833 corde?

547 3874 738 3928 saltem
781 3887 949 3941 usque
992 3870 1043 3925 in
1074 3871 1396 3937 adventum,
1438 3871 1638 3940 inquit,
1666 3870 1786 3925 Filii
1820 3871 1915 3925 Dei
1944 3880 2120 3926 vester

550 3978 704 4018 error
731 3962 1033 4027 duraverit;
1073 3959 1196 4031 quid
1224 3976 1350 4030 ergo
1374 3950 1513 4015 ultra
1539 3974 1727 4032 graves
1750 3962 1911 4017 corde
1947 3962 2119 4018 estis?

549 4053 773 4123 Quando
799 4052 1027 4106 habituri
1060 4052 1215 4106 ﬁnem
1247 4050 1607 4117 fallaciarum,
1645 4052 1691 4106 si
1722 4053 1942 4106 veritate
1980 4068 2120 4123 prae-

548 4152 700 4201 sente
739 4144 756 4176 ¹
796 4159 900 4199 non
947 4142 1192 4197 habetis?
1240 4139 1429 4212 thuid
1472 4141 1680 4212 diligitis
1723 4142 2026 4208 vanitatem,
2070 4151 2119 4196 et

547 4235 773 4304 quwritis
802 4234 1115 4290 mendacium
1136 4233 1162 4285 ?
1204 4231 1385 4302 utquid
1415 4231 1572 4285 vultis
1616 4231 1751 4286 beati
1781 4246 1899 4286 esse
1927 4232 1994 4287 de
2032 4233 2117 4286 in-

550 4326 733 4383 limis?
777 4325 901 4380 Sola
939 4324 1132 4378 veritas
1178 4322 1300 4378 facit
1342 4320 1558 4386 beatos,
1590 4336 1652 4375 ex
1695 4336 1796 4389 qua
1833 4337 1956 4375 vera
1994 4329 2118 4375 sunt

546 4415 745 4474 Omnia.
764 4416 893 4471 Nam
911 4416 1115 4470 vanitas
1128 4424 1208 4470 est
1223 4412 1619 4477 vanitantium’,
1634 4420 1686 4467 et
1702 4412 1878 4467 omnia
1893 4400 2114 4479 vanitas,

548 4511 679 4577 Quae
726 4507 1043 4583 abundantia
1099 4507 1297 4561 homini
1352 4506 1403 4560 in
1445 4503 1590 4559 omni
1630 4504 1811 4559 labore
1851 4518 1983 4571 suo,
2013 4519 2118 4574 quo

548 4594 663 4666 ipse
702 4597 908 4652 laborat
947 4598 1047 4651 sub
1091 4596 1204 4650 sole
1231 4592 1438 4667 (Eccle.
1472 4611 1523 4658 ι,
1546 4593 1600 4656 2.
1627 4595 1736 4662 '5)?
1767 4594 1961 4665 thuid
1991 4610 2119 4665 ergo

547 4685 916 4754 temporalium
952 4698 1126 4740 rerum
1170 4698 1355 4738 amore
1392 4682 1742 4737 detiuemiui?
1784 4684 1966 4753 utquid
1999 4694 2118 4739 tan-

547 4786 707 4846 quam
732 4775 925 4845 prima,
952 4784 1186 4827 extrema
1213 4769 1489 4827 sectamini
1514 4787 1529 4836 ;
1562 4771 1700 4839 quod
1729 4781 1811 4826 est
1836 4774 2039 4827 vanitas
2063 4782 2121 4828 et

550 4863 925 4921 mendacium?
953 4862 1156 4934 Cupitis
1182 4864 1324 4918 enim
1352 4876 1660 4932 permanere
1681 4863 1975 4932 vobiscum,
1995 4879 2116 4935 quae

550 4954 726 5009 omnia
758 4962 1031 5008 transerunt
1068 4961 1312 5023 tanquam
1342 4950 1551 5005 umbra.

562 5040 565 5043 ’
620 5046 672 5099 4.
707 5042 868 5115 [νει-ε.
899 5038 994 5114 4.]
1040 5041 1103 5095 Et
1146 5037 1319 5095 scitote
1358 5041 1598 5110 quoniam
1625 5035 1971 5095 admirabilem
1999 5042 2116 5113 fecit

549 5136 798 5191 Dominus
827 5141 1054 5187 sanctum
1075 5144 1224 5186 suum
1248 5146 1266 5184 :
1289 5146 1468 5201 quem,
1494 5128 1594 5185 nisi
1619 5146 1739 5185 eum
1768 5148 1922 5201 quem
1948 5135 2116 5188 susci-

553 5227 682 5281 tavit
707 5222 775 5281 ab
804 5224 1017 5290 inferis,
1043 5231 1098 5278 et
1122 5222 1174 5277 in
1203 5222 1339 5277 ctelo
1377 5221 1442 5275 ad
1471 5221 1749 5277 dexteram
1792 5222 2115 5279 collocavit?

544 5316 851 5386 Increpatur
879 5328 1007 5384 ergo
1034 5328 1200 5384 genus
1229 5306 1514 5366 humanum
1532 5350 1550 5377 ,
1583 5320 1638 5366 ut
1666 5311 1731 5367 ad
1761 5327 1880 5367 eum
1912 5327 1971 5369 se
2000 5322 2116 5369 tan-

543 5408 667 5463 dem
697 5406 763 5460 ab
791 5403 947 5472 hujus
987 5402 1169 5457 mundi
1215 5417 1396 5456 amore
1423 5409 1718 5456 convertat.
1749 5394 1851 5457 Sed
1881 5403 1925 5456 si
1957 5420 2111 5474 quem

548 5504 725 5552 movet
764 5493 1068 5562 conjunctio
1105 5490 1471 5562 superaddita,
1516 5491 1654 5560 quod
1685 5493 1786 5554 ait,
1817 5490 1881 5545 Et
1920 5494 2112 5559 scitote,

548 5587 705 5642 facile
734 5595 817 5641 est
844 5592 904 5639 ut
931 5586 983 5638 in
1013 5582 1297 5652 Scripturis
1339 5579 1724 5638 animadvertat
1767 5582 1923 5652 hujus
1966 5584 2111 5641 locu-

607 5702 622 5731 ί
648 5700 905 5761 Duodecim
927 5706 1055 5753 Mss,
1078 5698 1120 5746 si
1143 5695 1349 5761 veritatis
1372 5697 1641 5761 prtescntia.

607 5761 630 5790 θ
648 5761 719 5807 sic
746 5759 959 5810 legimus
979 5772 1086 5810 eum
1118 5757 1387 5808 sanioribus
1411 5766 1517 5808 Mss.
1553 5766 1620 5809 Dc
1655 5757 1743 5808 hac
1769 5758 1978 5810 lectione
2004 5760 2112 5809 vide

544 5825 746 5870 Wet.
770 5818 854 5869 lib.
882 5823 929 5883 1,
947 5833 1050 5883 cap.
1071 5818 1189 5882 7,11.
1211 5821 1256 5870 5.
1350 5824 1407 5868 II.
1700 5842 1704 5847 -

2221 523 2383 579 tionis
2411 534 2576 593 genus
2607 522 2862 581 familiare
2891 537 3011 580 esse
3035 524 3113 580 illi
3142 523 3333 595 lingua:
3367 539 3472 595 qua
3509 525 3788 595 Prophetas

2220 614 2381 669 locuti
2409 622 2550 669 sunt.
2581 612 2712 667 Nam
2742 629 2885 684 smpe
2923 615 3126 670 invenis
3154 616 3224 670 ita
3251 625 3483 684 emptum
3517 634 3529 669 :
3565 616 3632 670 Et
3657 617 3785 672 dixit

2221 703 2474 758 Dominus
2497 702 2564 756 ad
2593 702 2741 757 illum
2760 742 2776 767 ,
2807 703 2875 758 Et
2913 702 3108 759 factum
3135 714 3217 760 est
3242 704 3458 759 verbum
3490 705 3697 761 Domini
3721 721 3791 763 ac

2218 795 2387 854 illum.
2432 796 2560 863 Qua:
2599 795 2843 864 junctura
2890 796 3311 865 conjunctionis,
3363 811 3484 852 cum
3526 799 3789 853 sententia

2217 902 2326 943 non
2358 886 2690 957 prmcesserit
2716 886 2800 941 cui
2830 901 3057 956 sequens
3085 895 3433 952 annectatur,
3475 886 3790 942 mirabiliter

2224 976 2460 1030 fortassis
2488 976 2721 1029 insinuat
2758 976 3105 1045 prolationem
3134 976 3374 1031 veritatis
3412 976 3465 1030 in
3494 991 3625 1032 voce
3662 991 3788 1031 cum

2219 1081 2280 1121 ea
2308 1067 2510 1122 visione
2533 1080 2652 1135 qum
2676 1068 2734 1120 ﬁt
2773 1066 2827 1121 in
2855 1066 3017 1121 corde
3041 1081 3159 1123 esse
3205 1066 3561 1137 conjunctam.
3602 1066 3787 1135 Quan-

2218 1171 2374 1224 quam
2398 1156 2484 1210 hic
2508 1156 2609 1211 dici
2636 1157 2822 1226 possit,
2850 1156 2992 1226 quod
3020 1158 3262 1227 superior
3287 1159 3567 1224 sententia,
3596 1158 3791 1228 thuid

2217 1246 2430 1318 diligitis
2454 1247 2754 1314 vanitatem,
2781 1258 2829 1302 et
2865 1249 3084 1316 qumn'tis
3111 1249 3475 1304 mendacium?
3517 1250 3587 1304 ita
3618 1251 3790 1319 posita

2217 1348 2299 1395 est
2321 1356 2384 1396 ae
2404 1341 2450 1395 si
2476 1340 2761 1406 diceretur,
2785 1339 2960 1395 Nolite
2990 1340 3208 1410 diligere
3228 1342 3534 1409 vanitatem,
3561 1350 3616 1397 et
3638 1356 3786 1413 quite-

2217 1446 2337 1486 rere
2362 1431 2693 1488 mendacium
2717 1450 2731 1498 ;
2762 1447 2867 1501 quo
2892 1432 2960 1487 ita
2976 1432 3178 1502 posito,
3202 1433 3499 1489 rectissima
3521 1432 3792 1488 locutione

2215 1521 2455 1589 sequitur
2485 1521 2594 1575 :-Et
2626 1522 2799 1576 scitote
2820 1523 3061 1592 quoniam
3087 1521 3436 1576 admirabilem
3463 1522 3578 1594 fecit
3604 1521 3789 1576 Domi-

2216 1627 2314 1666 nus
2343 1622 2573 1666 sanctum
2599 1629 2766 1666 suum.
2799 1610 2903 1668 Sed
2934 1612 3301 1682 interpositum
3330 1613 3616 1687 diapsalma
3646 1619 3794 1681 vetat

2216 1702 2371 1757 istam
2410 1717 2531 1757 cum
2567 1702 2842 1772 superiore
2858 1702 3114 1772 conjungi
3148 1720 3161 1756 :
3193 1705 3305 1757 sive
3332 1702 3473 1757 enim
3519 1702 3792 1757 hebraeum

2215 1788 2436 1846 verbum
2485 1790 2573 1855 sit,
2617 1792 2757 1847 sicut
2792 1792 3009 1862 quidam
3061 1792 3261 1869 volunt,
3313 1808 3419 1863 quo
3466 1790 3795 1869 signiﬁcatur

2215 1879 2370 1946 Fiat;
2401 1880 2512 1935 sive
2533 1897 2786 1952 graecum,
2815 1897 2920 1952 quo
2943 1868 3267 1952 signiﬁcatur
3292 1882 3623 1937 intervallum
3654 1868 3797 1951 psal-

2217 1968 2358 2025 lendi
2380 2010 2393 2035 ,
2429 1979 2482 2024 ut
2504 1970 2712 2040 psalma
2743 1972 2813 2026 sit
2854 1971 2995 2041 quod
3038 1973 3279 2041 psallitur
3299 2012 3316 2038 ,
3347 1972 3635 2041 diapsalma
3662 1985 3796 2025 vero

2218 2059 2583 2129 interpositum
2610 2060 2667 2115 in
2696 2061 2973 2129 psallendo
2999 2061 3265 2116 silentium
3292 2078 3306 2128 ;
3352 2071 3409 2116 ut
3440 2060 3796 2137 quemadmo-

2217 2147 2343 2204 dum
2365 2148 2685 2220 sympsalma
2711 2136 2905 2205 dicitur
2925 2166 3110 2206 vocum
3137 2151 3404 2221 00pulatio
3428 2152 3479 2206 in
3505 2150 3794 2215 cantando,

2218 2239 2289 2294 ita
2317 2240 2608 2310 diapsalma
2636 2241 2921 2311 disjunctio
2946 2257 3125 2297 earum
3146 2283 3162 2308 ,
3194 2241 3284 2295 ubi
3310 2242 3552 2311 qumdam
3578 2241 3800 2309 requies

2217 2330 2495 2401 disjtmctae
2533 2333 2944 2389 continuationis
2972 2333 3269 2388 ostenditur
3297 2351 3310 2387 :
3341 2334 3459 2399 sive
3485 2348 3612 2404 ergo
3640 2316 3797 2407 illud,

2218 2420 2330 2475 sive
2357 2421 2457 2476 hoc
2476 2462 2491 2485 ,
2522 2421 2632 2477 sive
2656 2422 2798 2477 aliud
2816 2422 3021 2491 aliquid
3057 2422 3159 2488 sit,
3187 2429 3333 2476 certe
3362 2421 3489 2476 illud
3518 2420 3800 2499 probabile

2217 2517 2331 2583 est,
2365 2526 2469 2565 non
2508 2521 2657 2566 recte
2678 2511 2983 2566 continuari
3025 2519 3080 2566 et
3116 2511 3368 2583 conjungi
3411 2525 3661 2579 sensum,
3702 2509 3800 2565 ubi

2218 2597 2507 2667 diapsalma
2538 2601 2905 2669 interponitur.

2288 2690 2342 2748 5.
2374 2689 2619 2747 Dominus
2646 2691 2878 2747 exaudiet
2910 2708 3020 2760 me,
3046 2691 3168 2748 dum
3207 2691 3487 2749 clamatum
3526 2690 3597 2747 ad
3631 2711 3742 2749 eum
3778 2710 3801 2749 :

2221 2783 2308 2838 hic
2335 2799 2432 2839 nos
2459 2784 2731 2840 admoneri
2759 2784 2961 2853 credo,
2978 2793 3037 2838 ut
3063 2800 3250 2855 magna
3281 2785 3571 2839 intentione
3594 2783 3797 2851 cordis,

2223 2875 2275 2930 id
2297 2886 2397 2942 est,
2426 2877 2638 2932 interno
2659 2885 2707 2933 et
2740 2878 3054 2948 incorporeo
3074 2877 3305 2931 clamore
3325 2876 3577 2931 auxilium
3606 2874 3801 2942 implo-

2221 2980 2400 3019 remus
2432 2965 2522 3020 Dei
2550 2983 2563 3031 ;
2597 2968 2844 3036 quoniam
2874 2968 3012 3021 sicut
3045 2965 3416 3036 gratulandum
3455 2974 3537 3020 est
3565 2964 3632 3019 de
3671 2964 3797 3018 illu-

2222 3055 2512 3110 tuiuatioue
2557 3056 2609 3110 iu
2639 3055 2738 3112 bac
2767 3056 2873 3109 vita
2894 3097 2909 3122 ,
2942 3056 3011 3110 ita
3040 3056 3298 3111 orandum
3332 3071 3426 3124 pro
3454 3055 3633 3124 requie
3666 3062 3805 3126 post

2224 3145 2359 3199 hanc
2391 3144 2570 3199 vitam.
2615 3144 2947 3215 Quapropter
2974 3152 3064 3198 aut
3091 3160 3156 3197 ex
3187 3158 3411 3213 persona
3440 3142 3609 3198 ﬁdelis
3631 3157 3803 3198 evan-

2221 3238 2633 3315 gelizantis,laut
2662 3253 2725 3291 ex
2764 3237 2933 3306 ipsius
2968 3236 3199 3300 Domini,
3216 3236 3301 3290 sic
3326 3235 3688 3309 accipiendum
3713 3242 3805 3289 est

2222 3344 2285 3383 ac
2308 3330 2352 3383 si
2383 3328 2580 3383 dictum
2608 3330 2713 3383 sit:
2744 3330 2997 3385 Dominus
3024 3325 3279 3385 exaudiet
3305 3343 3419 3395 vos,
3446 3327 3572 3383 dum
3600 3326 3805 3382 clama-

2222 3420 2403 3474 vcritis
2431 3418 2497 3473 ad
2524 3434 2668 3474 eum.

2295 3513 2346 3567 6.
2367 3510 2530 3585 luere.
2549 3509 2641 3584 5.]
2665 3508 2973 3574 Irascimini,
2994 3518 3041 3563 et
3066 3506 3220 3563 nolite
3249 3523 3452 3578 peccare
3475 3507 3548 3579 (a)
3574 3524 3590 3556 :
3611 3521 3806 3561 occur-

2221 3604 2371 3657 rebat
2408 3602 2549 3657 enim
2584 3620 2596 3653 :
2630 3601 2759 3668 Quis
2787 3610 2869 3655 est
2895 3599 3085 3671 dignus
3113 3598 3382 3665 exaudiri,
3413 3607 3500 3652 aut
3529 3596 3804 3667 quomodo

2224 3707 2329 3744 non
2360 3690 2553 3747 frustra
2581 3691 2629 3744 cl
2648 3698 2776 3743 tmat
2801 3697 3048 3758 peccator
3074 3687 3140 3742 ad
3165 3686 3485 3741 Dominum?
3515 3687 3651 3756 Ergo
3677 3683 3805 3739 Ira-

2217 3782 2451 3846 scimini,
2485 3781 2670 3849 inquit,
2698 3790 2745 3833 et
2774 3778 2930 3832 nolite
2953 3793 3198 3851 peccare;
3228 3777 3367 3849 quod
3391 3778 3596 3832 duobus
3625 3777 3805 3832 modis

2224 3866 2440 3937 intelligi
2471 3878 2644 3939 potest
2672 3886 2685 3921 :
2714 3877 2838 3933 aut,
2867 3868 3035 3921 Etiam
3063 3866 3108 3921 si
3139 3866 3445 3932 irascimini,
3474 3866 3642 3922 nolite
3668 3880 3803 3935 pec-

2223 3974 2383 4024 care;
2433 3958 2484 4012 id
2512 3966 2627 4023 est,
2657 3956 2826 4011 Etiam
2854 3956 2896 4009 si
2935 3956 3103 4026 surgit
3140 3965 3314 4011 motus
3338 3955 3501 4009 animi
3525 3996 3542 4023 ,
3569 3956 3658 4025 qui
3682 3955 3802 4024 jam

2225 4058 2440 4119 propter
2468 4062 2678 4117 poenam
2703 4048 2902 4117 peccati
2936 4063 3039 4101 non
3073 4056 3157 4103 est
3184 4046 3235 4103 in
3267 4053 3561 4118 potestate,
3604 4047 3805 4101 saltem

2224 4142 2271 4197 ci
2304 4155 2408 4194 non
2431 4140 2727 4195 consentiat
2748 4139 2883 4194 ratio
2903 4146 2959 4195 et
2983 4153 3154 4205 mens,
3179 4154 3296 4208 qum
3324 4137 3463 4192 intus
3486 4147 3804 4207 regenerata

2222 4240 2306 4287 est
2334 4233 2624 4287 secundum
2657 4233 2820 4289 Deum
2842 4275 2857 4299 ,
2888 4243 2947 4287 ut
2990 4240 3168 4287 mente
3211 4232 3501 4286 serviamus
3544 4231 3644 4300 legi
3678 4230 3802 4298 Dei,

2223 4323 2266 4378 si
2299 4322 2471 4377 adhuc
2493 4337 2654 4396 carne
2688 4322 2949 4377 servimus
2978 4321 3077 4391 legi
3102 4322 3308 4390 peccati
3336 4321 3510 4390 (Rom.
3538 4336 3631 4385 vu,
3662 4318 3756 4388 35)
3784 4337 3802 4374 :

2222 4423 2335 4477 aut,
2363 4410 2515 4481 Agite
2538 4410 2936 4480 pmniteutiam;
2966 4411 3017 4465 id
3042 4419 3144 4473 est,
3178 4409 3463 4464 irascimini
3492 4409 3646 4463 vobis
3668 4409 3805 4479 ipsis

2221 4505 2287 4559 de
2330 4503 2611 4572 pncteritis
2656 4503 2916 4573 peccatis,
2953 4511 3009 4557 et
3038 4501 3257 4557 ulterius
3301 4514 3522 4571 peccare
3548 4500 3803 4556 desinite.

2226 4582 2354 4659 Ome
2381 4584 2546 4649 dicitis
2570 4588 2626 4647 in
2648 4592 2880 4649 cordibus
2909 4593 3081 4646 uestris
3103 4607 3124 4646 :
3151 4590 3481 4657 subauditur,
3509 4591 3705 4656 dicite;
3737 4602 3805 4649 ut

2222 4689 2291 4743 sit
2322 4688 2477 4755 plena
2517 4686 2776 4741 sententia
2807 4702 2822 4739 :
2853 4685 2981 4751 Qua:
3009 4684 3216 4751 dicitis,
3249 4684 3303 4740 in
3327 4684 3577 4740 cordibus
3603 4685 3800 4742 vestris

2221 4776 2414 4840 dicite;
2449 4776 2498 4828 id
2520 4783 2622 4839 est,
2654 4775 2814 4829 nolite
2835 4790 2955 4830 esse
2982 4776 3203 4845 populus
3227 4775 3294 4830 de
3320 4790 3428 4845 quo
3452 4774 3649 4831 dictum
3674 4783 3765 4831 est
3782 4794 3801 4832 :

2222 4862 2393 4918 Labiis
2431 4879 2509 4917 me
2537 4863 2820 4929 honorant,
2849 4879 2936 4917 cor
2970 4875 3136 4919 autent
3173 4881 3347 4920 eorum
3372 4867 3520 4937 longe
3556 4873 3629 4919 est
3656 4881 3689 4917 a
3716 4878 3801 4922 me

2225 4951 2375 5022 (Isai.
2403 4968 2566 5018 XXIX,
2597 4952 2715 5023 l5).
2754 4952 2822 5008 In
2865 4954 3110 5010 cubilibus
3146 4956 3321 5010 uestris
3356 4956 3755 5026 compungimini
3782 4973 3801 5012 :

2222 5044 2325 5099 hoc
2350 5054 2433 5100 est
2455 5045 2598 5115 quod
2617 5045 2728 5114 jam
2757 5045 2952 5102 dictum
2980 5055 3062 5103 est
3080 5089 3095 5112 ,
3131 5047 3183 5101 in
3207 5048 3481 5114 cordibus;
3510 5048 3625 5105 haec
3647 5049 3802 5105 enim

2220 5145 2341 5190 sunt
2384 5135 2573 5191 cubilia
2603 5135 2676 5199 de.
2699 5137 2890 5207 quibus
2930 5148 2985 5193 et
3011 5138 3509 5206 Dominusmonet,
3554 5148 3612 5193 ut
3652 5139 3804 5195 intus

2219 5240 2434 5282 oremus
2479 5226 2672 5281 clausis
2714 5226 2864 5281 ostiis
2905 5226 3112 5296 (Matth.
3141 5243 3222 5294 vt,
3254 5228 3341 5298 6).
3386 5226 3801 5298 Compungintini

2219 5328 2431 5385 autem,
2466 5327 2556 5373 aut
2583 5317 2652 5373 ad
2696 5319 3018 5386 paenitentia:
3062 5319 3301 5375 dolorem
3346 5320 3577 5376 refertur
3600 5362 3616 5387 ,
3648 5330 3802 5381 utse

2220 5408 2386 5480 ipsam
2414 5409 2588 5461 anima
2618 5398 2841 5477 puniens
2867 5419 3222 5479 compungat,
3262 5426 3337 5475 ne.
3372 5411 3423 5465 in
3465 5411 3559 5466 Dei
3591 5411 3800 5480 judicio

2218 5501 2466 5557 damnata
2496 5507 2836 5568 torqueatur;
2864 5506 2956 5553 aut
2982 5498 3047 5553 ad
3075 5500 3470 5567 excitationem,
3500 5511 3557 5557 ut
3578 5502 3803 5573 evigila-

2219 5608 2338 5647 mus
2379 5592 2445 5646 ad
2485 5589 2762 5645 videndam
2802 5590 2971 5643 lucem
3001 5588 3229 5657 Christi,
3271 5602 3519 5663 tanquam
3563 5596 3801 5652 stimulis

2216 5680 2488 5753 adhibitis.
2543 5679 2793 5733 Nonnulli
2840 5690 3019 5735 autem
3063 5697 3171 5737 non
3217 5685 3652 5755 compungimini,
3698 5687 3800 5744 sed

2288 5813 2362 5877 (α)
2396 5820 2463 5863 De
2489 5811 2667 5862 eodem
2691 5824 2821 5866 vers.
2843 5813 2875 5864 5
2891 5814 3001 5865 vide
3026 5821 3058 5863 tt
3082 5822 3213 5866 Enar.
3239 5819 3287 5866 in
3308 5819 3429 5869 rsal.
3451 5831 3545 5871 xxv
3591 5833 3639 5870 ιι.
3665 5820 3715 5871 '5.
