4042 6496
200 454 256 513 81
1321 435 1714 495 ΕΝΑΚΠΑΊἹΟ
1742 432 1803 489 ΙΝ

1909 433 2166 490 εΑιιιιιΜ
2205 435 2295 490 ιν.
3390 436 3451 491 89

206 562 499 637 aperimini,
549 561 739 616 dicunt
784 558 972 613 melius
1015 554 1156 624 legi;
1210 553 1458 623 quoniam
1508 551 1560 605 in
1610 563 1782 620 ενι-ει·εο

209 654 461 715 Psalterio
487 661 573 709 est
598 656 924 716 muro-mu,
965 646 1117 721 quod
1132 642 1360 700 refertur
1382 641 1448 697 ad
1475 641 1617 697 illam
1646 639 1783 694 dila-

209 751 459 805 tationem
485 743 669 801 cordis
689 784 705 807 ,
738 737 797 797 ut
839 739 1135 809 excipiatur
1159 735 1369 792 diffusio
1393 733 1665 795 charitatis
1690 747 1785 805 per

208 839 458 909 Spiritum
491 841 773 890 sanctum:

272 930 327 983 'i.
354 926 525 1001 lucra.
553 923 621 991 ϐ,
648 920 745 996 7.]
784 920 1081 990 Sacri/itote
1112 916 1430 984 sacri/icium:
1446 914 1661 985 iustitia:
1682 954 1697 978 ,
1739 923 1787 968 et

212 1029 402 1089 sperate
432 1018 488 1072 in
514 1015 755 1070 Domino.
789 1012 930 1067 Idem
960 1010 1088 1066 dicit
1115 1010 1166 1064 in
1197 1008 1300 1069 alio
1330 1006 1532 1078 psalmo
1557 1022 1572 1059 :
1607 1005 1784 1060 Sacri-

213 1111 380 1180 ﬁcium
405 1108 516 1163 Deo
549 1105 758 1176 spiritus
786 1101 1144 1160 contribulatum
1172 1097 1352 1169 (Paul.
1382 1113 1446 1165 ιι,
1469 1095 1584 1167 19).
1613 1094 1787 1164 Quare

215 1217 314 1259 non
342 1198 581 1256 absurde
606 1195 693 1251 hic
715 1194 972 1267 accipitur
999 1193 1170 1265 ipsum
1199 1204 1319 1245 esse
1356 1186 1672 1243 sacriﬁcium
1699 1185 1788 1252 ju-

222 1291 385 1350 stitim,
419 1287 565 1358 quod
597 1286 655 1340 ﬁt
691 1300 790 1355 per
815 1281 1178 1353 paenitentiam
1211 1297 1225 1334 :
1257 1276 1381 1349 quid
1408 1278 1549 1333 enim
1572 1276 1785 1345 justius,

114 1434 135 1451 ,
214 1400 367 1454 quam
394 1391 455 1436 ut
482 1381 596 1436 suis
622 1377 987 1447 unusquisque
1016 1372 1263 1443 peccatis,
1291 1384 1448 1441 quam
1474 1367 1662 1422 alienis
1693 1381 1790 1435 po.

214 1475 314 1529 tius
342 1474 625 1531 irascatur,
655 1481 820 1536 seque
846 1465 1013 1535 ipsum
1041 1476 1267 1533 puniens
1296 1467 1491 1514 mactet
1520 1458 1667 1513 Deo?
1708 1457 1787 1510 An

214 1562 529 1618 sacriﬁcium
566 1557 785 1628 iustitia:
826 1569 986 1625 Opera
1028 1552 1169 1621 iusta
1200 1558 1323 1605 sunt
1365 1556 1485 1621 post
1529 1545 1789 1617 pmniteno

216 1653 383 1709 tiam?
420 1651 555 1705 Nam
593 1658 650 1704 et
683 1645 1050 1716 interpositum
1079 1642 1396 1712 diapsalma,
1428 1654 1532 1697 non
1565 1637 1793 1695 absurde

216 1736 457 1798 tortassis
492 1739 726 1795 insinuat
769 1735 929 1791 etiam
959 1732 1235 1788 transitum
1265 1729 1334 1784 de
1372 1729 1480 1787 vita
1520 1726 1684 1781 veteri
1727 1723 1793 1777 ad

218 1835 376 1888 vitam
406 1845 601 1885 novam
631 1847 647 1884 :
677 1836 738 1882 ut
774 1825 1038 1882 exstincto
1060 1822 1147 1878 vel
1184 1821 1449 1876 inlirmato
1483 1833 1581 1890 per
1621 1816 1792 1886 posui-

222 1923 445 1977 tcntiam
463 1928 644 1974 vetere
670 1915 905 1978 homine,
928 1911 1241 1977 sacrificium
1265 1908 1482 1978 iustitia:
1505 1903 1796 1961 secundum

217 2010 678 2084 regenerationem
718 2005 843 2061 novi
878 2003 1108 2059 hominis
1136 2000 1386 2056 offeratur
1414 1998 1551 2061 Deo,
1582 2010 1701 2049 cum
1739 2008 1799 2049 se

215 2100 371 2158 oﬁ'ei't
418 2103 528 2170 ipsa
571 2097 749 2153 anima
785 2094 898 2166 jam
925 2094 1125 2157 abluta,
1165 2098 1219 2146 et
1261 2089 1488 2159 imponit
1532 2088 1583 2141 in
1624 2086 1793 2140 altare

218 2193 358 2255 ﬁdei,
392 2190 578 2246 divino
602 2189 754 2258 igne,
782 2185 833 2240 id
861 2193 943 2240 cst
963 2226 978 2250 ,
1003 2182 1203 2251 Spiritu
1233 2190 1417 2235 sancto
1445 2176 1799 2246 comprehen-

217 2281 383 2337 denda
409 2298 426 2345 ;
475 2291 535 2334 ut
560 2279 663 2333 istc
699 2278 770 2332 sit
806 2289 1024 2337 sensus,
1055 2272 1351 2338 Sacri/ictuc
1375 2269 1683 2336 sacri/icium
1706 2268 1795 2337 ju-

213 2374 391 2437 stitiw,
420 2381 473 2425 ct
499 2381 703 2440 sperate
738 2369 790 2421 in
822 2365 1041 2419 Domino
1062 2406 1077 2428 ,
1106 2364 1157 2417 id
1188 2372 1269 2417 cst
1292 2404 1308 2428 ,
1339 2361 1499 2415 Recte
1529 2359 1687 2413 vivite
1708 2401 1721 2423 ,
1749 2362 1802 2411 et

212 2469 419 2532 sperate
464 2459 666 2514 donum
697 2455 925 2525 Spiritus
966 2452 1168 2516 sancti,
1211 2461 1269 2506 ut
1308 2465 1404 2505 vos
1431 2448 1660 2513 veritas,
1702 2448 1789 2508 cui

217 2551 542 2627 credidistis,
576 2551 823 2605 illustret.

278 2638 334 2697 8.
375 2640 488 2697 Sed
533 2650 710 2695 tamen
750 2636 967 2707 Sperate
1012 2636 1064 2688 in
1109 2631 1363 2696 Domino,
1408 2630 1587 2687 clause
1629 2628 1801 2691 adhuc

217 2734 413 2789 dictum
450 2740 556 2787 est.
605 2730 897 2799 Sperantur
936 2734 1112 2781 autem
1151 2739 1303 2794 quae,
1331 2722 1433 2777 nisi
1476 2721 1655 2775 bona?
1697 2717 1802 2773 Sed

217 2825 333 2893 quia
381 2821 755 2891 unusquisque
800 2818 859 2873 id
901 2817 1096 2871 bonum
1138 2815 1250 2869 vult
1287 2829 1316 2868 a
1360 2813 1470 2868 Deo
1517 2813 1802 2880 impetrare

220 2914 355 2982 quod
381 2913 583 2982 diligit,
608 2925 711 2965 nec
745 2907 904 2963 facile
932 2906 1275 2962 inveniuntur
1297 2903 1386 2973 qui
1418 2900 1638 2971 diligant
1664 2898 1803 2962 bona

222 3006 491 3068 interiora,
524 3002 578 3057 id
605 3008 710 3067 est,
736 2999 809 3055 ad
833 2998 1134 3054 interiorem
1167 2995 1432 3050 hominem
1462 2989 1802 3061 pertinentia,

221 3111 334 3167 qua:
360 3095 481 3150 sola
505 3090 780 3163 diligenda
804 3098 946 3154 sunt,
981 3087 1190 3143 caeteris
1216 3093 1392 3139 autem
1424 3082 1490 3137 ad
1519 3080 1805 3136 necessita-

223 3196 329 3242 tem”
353 3184 636 3249 utendum,
667 3197 775 3236 non
799 3179 870 3235 ad
893 3177 1139 3250 gaudium
1169 3174 1546 3246 perfruendum
1572 3189 1588 3238 ;
1630 3170 1802 3225 admi-

230 3278 469 3334 rabiliter
488 3289 611 3330 eum
654 3273 898 3337 dixisset,
932 3259 1145 3340 Sperate
1184 3268 1236 3321 in
1266 3265 1504 3329 Domino,
1536 3261 1761 3331 subjecit
1788 3277 1802 3315 :

226 3368 374 3421 Multi
415 3367 596 3421 dicunt
625 3379 644 3418 :
674 3363 798 3430 Quis
826 3360 1039 3415 ostendit
1077 3358 1219 3412 nobis
1247 3355 1419 3410 bona?
1460 3352 1559 3420 Qui
1604 3354 1804 3417 sermo,

225 3468 277 3514 et
300 3475 420 3528 qua:
448 3454 801 3525 interrogatio
823 3450 1126 3522 quotidiana
1154 3455 1237 3503 est
1264 3445 1498 3502 omnium
1525 3443 1805 3498 stultorum

227 3559 278 3606 et
317 3550 666 3618 iniquorum;
715 3544 830 3598 sive
875 3555 1056 3611 pacem
1105 3547 1161 3594 et
1203 3535 1637 3618 tranquillitatem
1685 3530 1808 3585 vitae

227 3614 496 3695 saecula-ris
548 3632 965 3690 desiderantium
986 3671 1002 3696 ,
1050 3618 1111 3684 et,
1150 3635 1366 3699 propter
1409 3614 1806 3695 perversitatem

231 3731 434 3799 generis
480 3726 702 3781 humani
751 3738 856 3777 non
904 3718 1304 3781 invenientium,
1344 3716 1433 3787 qui
1479 3715 1640 3769 etiam
1680 3711 1807 3766 caeci

230 3833 478 3875 accusare
501 3816 702 3871 audent
724 3812 965 3868 ordinem
991 3824 1192 3873 rerum,
1214 3822 1335 3863 eum
1359 3804 1578 3860 involuti
1606 3802 1809 3857 meritis

230 3910 335 3964 suis
361 3918 555 3979 putant
585 3917 822 3974 tempora
848 3916 969 3957 esse
1006 3901 1187 3972 pejora
1214 3911 1372 3968 quam
1400 3894 1667 3965 prmterita
1692 3891 1810 3947 fue-

232 4006 351 4052 runt
369 3997 536 4062 ;'sive
560 3994 632 4049 de
659 3995 771 4062 ipsa
802 3990 977 4045 futura
996 3991 1118 4054 vita,
1144 4002 1271 4057 quas
1288 3985 1441 4039 nobis
1466 3981 1808 4052 promittitur,

232 4088 585 4143 dobitantium
606 4086 689 4139 vel
714 4076 1238 4151 dcsperantium,'qui
1264 4089 1406 4144 saepe
1428 4074 1613 4128 dicunt
1635 4090 1649 4128 :
1678 4072 1812 4138 Quis

233 4181 374 4233 novit
415 4178 463 4231 si
498 4190 623 4231 vera
669 4181 831 4238 sunt,
862 4181 954 4225 aut
992 4170 1113 4239 quis
1138 4167 1283 4223 venit
1309 4165 1379 4220 ab
1405 4163 1588 4219 inferis
1627 4171 1685 4216 ut
1713 4163 1813 4216 ista

234 4266 543 4322 nuntiaret?
594 4263 879 4334 Magniﬁce
913 4260 1068 4332 igitur
1094 4267 1150 4314 et
1193 4258 1458 4321 breviter,
1487 4254 1581 4309 sed
1622 4254 1811 4308 intrin-

233 4372 387 4414 sccus
410 4355 751 4420 videntibus,
783 4350 1014 4407 ostendit
1037 4364 1158 4420 quas
1195 4348 1333 4402 bona
1371 4345 1655 4416 qumrenda
1683 4345 1809 4410 sint,

233 4447 563 4518 respondens
606 4445 816 4498 illorum
865 4436 1265 4511 interrogationi
1296 4437 1385 4508 qui
1424 4436 1608 4490 dicunt
1643 4432 1657 4490 ἑ
1689 4432 1814 4499 Quis

234 4540 449 4594 ostendit
477 4536 624 4591 nobis
650 4536 780 4589 bona
797 4535 824 4588 2’
851 4531 1118 4602 Signatam
1142 4537 1233 4594 est,
1270 4528 1457 4598 inquit,
1487 4528 1541 4580 in
1566 4526 1706 4579 nobis
1736 4526 1815 4579 («4

236 4646 341 4684 mea
369 4629 545 4683 uultus
570 4627 665 4690 tui,
707 4624 942 4679 Domine.
973 4622 1084 4676 lloc
1114 4620 1292 4676 lumen
1323 4628 1405 4673 est
1444 4626 1610 4671 totum
1640 4616 1806 4671 homi-

235 4721 312 4774 nis
355 4728 413 4775 et
452 4733 644 4773 verum
700 4715 918 4778 bonum,
949 4711 1091 4782 quod
1140 4725 1245 4764 non
1292 4708 1480 4773 oculis,
1512 4706 1605 4762 sed
1635 4708 1816 4765 mente

232 4809 581 4879 conspicitur.
617 4806 889 4876 Signinum
912 4812 1092 4857 autem
1117 4800 1253 4855 dixit
1285 4800 1338 4854 in
1373 4799 1539 4864 nobis,
1571 4806 1815 4869 tanquam

233 4899 490 4954 denarius
518 4895 761 4967 signatur
783 4893 927 4963 regis
962 4891 1189 4961 imagine
1223 4906 1237 4943 :
1271 4888 1611 4944 homoenim
1648 4886 1818 4942 factus

233 4999 312 5044 est
341 4987 412 5043 ad
452 4987 737 5055 imaginem
769 4992 826 5040 et
853 4981 1251 5049 similitudinem
1276 4979 1371 5035 Dei
1414 4977 1578 5050 (Gen.
1606 4995 1653 5045 ι,
1682 4977 1753 5033 26
1774 4979 1815 5050 ),

232 5096 393 5150 quam
417 5077 691 5150 peccando
712 5076 984 5145 corrupit:
1014 5076 1211 5129 bonum
1236 5087 1363 5143 ergo
1389 5072 1508 5142 ejus
1528 5082 1611 5127 est
1630 5074 1815 5127 verum

233 5183 395 5243 atque
424 5180 683 5225 mternum
705 5180 737 5234 ,'
763 5166 810 5221 si
854 5164 1187 5222 renasecndu
1209 5164 1465 5233 signetur.
1514 5162 1584 5217 Et
1618 5161 1684 5217 ad
1716 5161 1821 5219 hoc

234 5262 399 5317 credo
426 5260 727 5330 pertinere,
761 5256 903 5326 quod
930 5253 1143 5324 quidam
1173 5252 1460 5323 prudenter
1486 5251 1815 5319 intelligunt,

236 5352 365 5407 illud
391 5349 535 5421 quod
559 5348 817 5404 Dominus
833 5346 949 5400 viso
972 5344 1202 5401 Caesaris
1223 5344 1442 5398 nummo
1467 5342 1541 5397 ait
1568 5360 1581 5396 :
1605 5341 1821 5397 Reddite

237 5443 426 5497 Casini
451 5441 588 5510 quod
616 5438 833 5494 Cwsaris
856 5446 958 5503 est,
987 5446 1035 5490 et
1063 5435 1169 5489 Deo
1194 5433 1331 5505 quod
1358 5432 1451 5487 Dei
1478 5443 1551 5488 est
1603 5433 1816 5505 (Matth.

241 5549 375 5598 xxn,
394 5531 490 5603 21)
513 5548 529 5598 ;
563 5541 813 5600 tanquam
839 5527 883 5579 si
908 5526 1144 5581 diceret:
1168 5523 1623 5593 Quemadmodum
1644 5523 1820 5579 Caesar

237 5640 269 5683 ιι
309 5622 462 5678 vobis
507 5622 670 5693 exigit
717 5617 1124 5689 impressionem
1172 5616 1412 5686 imaginis
1454 5630 1597 5680 sure,
1648 5616 1726 5672 sic
1767 5625 1825 5671 et

242 5714 420 5780 Deus;
459 5722 517 5769 ut
552 5707 1007 5784 quemadmodum
1051 5707 1126 5762 illi
1164 5706 1405 5762 redditur
1432 5723 1714 5776 nummus,
1742 5708 1846 5763 sic.
1931 5722 1935 5727 ·

249 5805 357 5862 Deo
376 5805 552 5862 anima
574 5802 782 5862 lumine
805 5799 980 5854 vultus
1000 5796 1113 5869 eius
1135 5799 1388 5856 illustrata
1412 5808 1571 5869 atque
1590 5800 1817 5871 signata.

1891 546 2083 601 Dedisti
2109 550 2335 603 la'titiam
2363 547 2412 603 in
2440 565 2524 602 cor
2548 566 2729 603 meum.
2758 548 2871 605 Non
2901 563 3026 620 ergo
3053 549 3183 605 foris
3209 565 3455 622 cunerem

1886 640 1953 695 da
1982 650 2065 696 est
2088 640 2295 708 laetitia,
2316 641 2386 697 ab
2410 639 2493 695 his
2519 642 2605 710 qui
2634 641 2806 700 adhuc
2833 657 3020 710 graves
3045 641 3204 698 corde
3228 642 3451 713 diligunt

1889 730 2173 791 vanitatem
2224 741 2279 787 et
2323 741 2569 802 quaerunt
2617 732 2947 789 mendacium
2972 772 2995 801 ι
3038 732 3133 797 sed
3180 733 3320 789 intus
3368 733 3455 790 ubi

1889 821 2149 891 signatum
2198 832 2281 877 est
2324 808 2505 877 lumen
2535 822 2719 879 vultus.
2744 823 2836 877 Dei
2874 841 2889 878 :
2928 823 2980 877 in
3024 825 3276 879 interiore
3314 824 3458 878 enim

1892 910 2107 969 homine
2132 911 2337 967 habitat
2361 910 2607 968 Christus
2638 911 2850 984 (Ephes.
2879 928 2955 979 ιιι,
2985 913 3193 985 17),,ιιι
3216 914 3289 969 ait
3315 914 3460 984 Apo-

1891 1001 2091 1067 stolus;
2135 1001 2201 1055 ad
2247 1003 2422 1072 ipsum
2467 1004 2610 1057 enim
2660 1004 2888 1072 pertinet
2934 1002 3115 1061 videre
3160 1006 3459 1067 veritatem.

1892 1107 2010 1147 cum
2043 1093 2132 1147 ille
2160 1093 2354 1148 dixerit
2382 1111 2398 1152 :
2447 1092 2560 1165 Ego
2590 1111 2702 1151 sunt
2726 1094 2905 1149 veritas
2930 1092 3110 1164 (Joan.
3136 1111 3247 1162 xtv,
3274 1094 3351 1166 6).
3396 1094 3463 1152 Et

1892 1197 2014 1235 cum
2053 1182 2362 1251 loquebatur
2393 1184 2444 1238 in
2474 1184 2727 1252 Apostolo
2752 1184 2959 1239 dicente
2986 1202 2999 1235 :
3028 1184 3107 1239 An
3136 1185 3282 1239 vultis
3314 1201 3465 1255 exrc-

1892 1273 2159 1327 rimentum
2201 1275 2313 1345 ejus
2355 1276 2585 1345 accipere
2626 1276 2714 1346 qui
2761 1277 2814 1330 in
2860 1293 2939 1332 me
2979 1277 3197 1348 loquitur
3238 1274 3465 1332 Christus

1895 1362 1973 1433 (11
1999 1362 2116 1417 Cor.
2147 1380 2276 1429 xui,
2308 1364 2418 1432 5)?
2460 1380 2563 1419 non
2596 1364 2643 1420 ei
2692 1366 2820 1421 toris
2867 1367 3086 1439 utique;
3130 1367 3224 1421 sed
3267 1367 3319 1421 in
3349 1367 3468 1435 ipso

1895 1452 2055 1507 corde
2076 1495 2092 1518 ,
2120 1453 2169 1507 id
2200 1462 2300 1519 est,
2332 1454 2388 1515 in
2420 1455 2513 1509 illo
2538 1455 2693 1511 cubili
2725 1456 2815 1510 ubi
2854 1456 3111 1512 orandum
3137 1465 3222 1511 εει
3248 1454 3462 1525 (Matth.

1896 1559 1947 1597 Vl
1967 1584 1982 1609 ,
2013 1542 2101 1616 6),
2133 1543 2467 1614 loquebatur.

1969 1635 2020 1690 9.
2052 1632 2198 1706 [vers.
2234 1634 2287 1698 8,
2315 1631 2401 1708 9.]
2434 1633 2537 1690 Sed
2561 1634 2803 1690 homines
2831 1637 3139 1705 temporalia
3166 1646 3455 1702 sectantes,

1898 1722 1985 1795 qui
2002 1731 2145 1777 certe
2172 1723 2321 1777 multi
2348 1734 2507 1788 sunt,
2537 1725 2667 1778 nihil
2692 1726 2832 1785 aliud
2853 1736 3110 1780 noverunt
3135 1727 3335 1792 dicere,
3364 1728 3464 1781 nisi

1904 1815 2033 1882 Quis
2056 1819 2268 1870 ostendit
2293 1818 2436 1874 nobis
2462 1820 2590 1871 bona
2610 1820 2634 1873 ?
2658 1835 2775 1873 cum
2807 1836 2929 1875 vera
2957 1830 3011 1875 et
3034 1831 3177 1875 certa
3207 1808 3344 1878 bona
3386 1822 3473 1877 in-

1902 1911 1980 1957 tra
2009 1907 2321 1975 semctipsos
2341 1906 2524 1961 videre
2551 1923 2653 1961 non
2680 1910 2905 1980 possint.
2938 1909 3117 1979 Itaque
3145 1924 3475 1980 consequen-
3508 1969 3515 1974 ,

1904 2001 1983 2047 ter
2015 1994 2182 2048 dehis
2220 1996 2517 2050 rectissime
2545 1996 2756 2063 dicitur,
2800 1998 2940 2068 quod
2967 1999 3203 2069 adiungit
3230 2018 3242 2052 :
3273 2001 3314 2053 Α
3344 2011 3471 2054 tem-

1905 2103 2025 2159 pore
2053 2088 2069 2119 ¹
2092 2088 2346 2158 frumenti,
2386 2088 2490 2142 uini
2515 2099 2561 2141 et
2605 2090 2701 2143 olei
2734 2091 2812 2144 sui
2849 2090 3167 2161 multiplicati
3191 2100 3326 2146 sunt.
3356 2091 3472 2146 Non

1912 2176 2051 2231 enim
2079 2184 2249 2242 vacat,
2279 2176 2419 2247 quod
2447 2177 2682 2236 additum
2713 2190 2827 2245 εει,
2855 2180 2935 2232 sui
2960 2196 2977 2233 :
3004 2189 3084 2235 εει
3112 2181 3250 2235 enim
3283 2189 3334 2236 et
3364 2164 3477 2235 frn-~

1911 2278 2146 2322 mentum
2190 2268 2306 2334 Dei,
2352 2268 2614 2338 siquidem
2654 2279 2736 2324 est
2781 2270 2930 2339 panis
2958 2271 3107 2326 vivus
3133 2272 3219 2340 qui
3247 2273 3311 2325 de
3338 2273 3478 2327 caelo

1904 2358 2177 2414 descendit
2203 2358 2377 2429 (Joan.
2407 2374 2485 2424 Vl,
2515 2360 2637 2431 5i);
2691 2370 2775 2416 est
2798 2370 2852 2415 et
2874 2361 3054 2416 vinum
3085 2362 3197 2427 Dei,
3226 2376 3345 2415 nam
3378 2361 3474 2415 In;

1906 2449 2244 2515 ebriabuutnr,
2300 2449 2490 2518 inquit,
2528 2450 2592 2503 ab
2637 2450 2861 2505 ubertate
2907 2452 3089 2507 damus
3139 2462 3241 2507 tua:
3278 2451 3467 2524 (Psal.

1908 2552 2075 2601 xxxv,
2100 2538 2156 2610 9)
2182 2546 2265 2593 est
2286 2548 2342 2594 et
2358 2539 2534 2595 oleum
2556 2540 2672 2608 Dei,
2700 2540 2768 2596 de
2791 2556 2896 2612 quo
2915 2543 3109 2598 dictum
3136 2552 3252 2598 est:
3281 2543 3481 2614 Impin-

1908 2629 2074 2701 guast
2115 2632 2167 2683 in
2207 2631 2317 2684 oleo
2344 2640 2497 2701 caput
2528 2648 2689 2685 meum
2719 2633 2889 2701 (Psal.
2915 2649 3048 2697 xxu,
3073 2632 3153 2705 ὅ).
3183 2634 3269 2689 Isti
3298 2642 3476 2689 autem

1878 2790 1883 2799 .
1908 2720 2062 2773 multi
2094 2721 2181 2790 qui
2213 2720 2413 2786 dicunt,
2440 2720 2567 2787 Quis
2591 2724 2804 2778 ostendit
2829 2726 2969 2778 nobis
2984 2724 3112 2777 bona
3132 2725 3158 2778 ?
3184 2733 3238 2779 et
3257 2739 3483 2799 regnum

1910 2812 2166 2867 caelorum
2214 2813 2347 2866 intra
2388 2827 2446 2866 se
2488 2827 2608 2868 csse
2659 2829 2763 2867 non
2794 2814 2973 2869 vident
3004 2811 3151 2885 (Luc.
3185 2829 3317 2879 xvu,
3360 2814 3476 2884 2|),

1909 2918 1941 2954 ι
1964 2911 2183 2977 (corpore
2208 2902 2467 2971 fmuwnti,
2518 2904 2620 2957 uini
2663 2913 2709 2958 et
2737 2904 2832 2957 olei
2856 2905 2934 2957 sui
2976 2902 3294 2974 multiplicati
3334 2916 3473 2959 sunt.

1909 2992 2024 3048 Non
2050 2994 2191 3048 enim
2228 2994 2594 3063 multiplicatio
2625 3009 2839 3063 semper
2861 2993 3156 3049 ubertatem
3184 2994 3479 3065 signiﬁcat,

1909 3091 1964 3139 et
2006 3097 2109 3139 non
2158 3083 2468 3154 plerumque
2512 3085 2855 3157 exiguitatem
2899 3103 2915 3141 :
2965 3101 3083 3140 eum
3117 3086 3294 3143 dedita
3342 3096 3480 3140 tem-

1911 3174 2185 3246 poralibus
2246 3174 2605 3244 voluptatibus
2670 3176 2844 3230 anima
2912 3190 3122 3245 semper
3186 3175 3485 3231 exardescit

1909 3264 2229 3335 cupiditate,
2285 3280 2383 3320 nec
2424 3264 2603 3319 satiari
2657 3274 2850 3336 potest,
2902 3272 2956 3321 et
3000 3266 3273 3336 multiplici
3321 3276 3480 3336 atque
3580 3258 3583 3261 Α

1911 3371 2207 3411 ωιιιιιιιιοεε
2253 3356 2570 3427 cogitatione
2613 3356 2875 3424 distenta,
2908 3356 3128 3428 simplex
3173 3359 3366 3413 bonum
3405 3359 3485 3412 vi-

1912 3446 2040 3502 dere
2070 3462 2174 3501 non
2212 3448 2422 3513 sinitur;
2451 3447 2620 3518 qualis
2648 3457 2730 3502 est
2763 3449 2849 3502 illa
2873 3448 2939 3502 de
2964 3463 3065 3518 qua
3092 3448 3284 3503 dicitur
3312 3467 3325 3502 :
3355 3448 3487 3521 Cor-ﬂ

1913 3555 2006 3609 pus
2031 3539 2180 3602 enim,
2211 3537 2346 3610 quod
2372 3538 2729 3609 corrumpitur,
2755 3550 2995 3610 aggravet
3023 3540 3280 3608 animam,
3323 3550 3369 3594 et
3395 3541 3492 3611 deo;

1914 3630 2084 3700 primit
2122 3639 2320 3684 terrena
2374 3629 2671 3686 inltabitatio
2729 3647 2930 3685 sensum
2982 3631 3144 3684 multa
3183 3632 3483 3702 cogitantem

1919 3719 2071 3793 (ευρ.
2124 3736 2203 3783 ις,
2255 3718 2362 3791 15).
2396 3719 2540 3774 Talis
2590 3720 2762 3775 anima
2810 3720 3178 3791 temporalium
3226 3721 3487 3779 bonorum

1918 3810 2228 3865 deceswionc
2278 3819 2331 3865 et
2380 3810 2743 3875 successione,
2776 3810 2829 3865 id
2867 3820 2979 3877 εει,
3023 3826 3053 3865 a
3096 3822 3332 3881 tempore
3374 3811 3491 3887 [ιιι-δ

1915 3903 2115 3968 menti,
2148 3900 2253 3957 viui
2307 3909 2363 3955 et
2410 3900 2512 3957 olei
2564 3901 2668 3967 sui,
2722 3899 3194 3957 innumerabilibus
3223 3901 3485 3971 completa

1916 3992 2368 4063 phantasmatibus
2415 3993 2492 4048 sic
2541 3993 2883 4063 multiplicata
2927 4002 3042 4061 est,
3087 4002 3147 4047 ut
3180 4009 3285 4049 non
3322 3978 3491 4064 possit

1914 4097 2072 4153 agere
2099 4082 2237 4152 quod
2270 4090 2588 4152 praeceptum
2614 4092 2697 4161 est
2724 4098 2744 4138 :
2768 4083 2961 4139 Sentite
2988 4083 3052 4139 de
3085 4083 3303 4139 Domino
3332 4084 3383 4138 in
3403 4085 3490 4138 bo-

1915 4173 2087 4237 nitate,
2118 4181 2166 4225 et
2184 4172 2573 4240 insimplicitate
2596 4173 2764 4229 cordis
2790 4174 2996 4243 querito
3044 4173 3191 4229 illum
3230 4166 3492 4245 (litui);

1917 4263 2017 4319 ista
2066 4263 2206 4319 enim
2252 4263 2612 4332 multiplicitas
2659 4264 2731 4318 illi
2780 4265 3098 4334 simplicitati
3144 4264 3487 4319 vehementer

1917 4354 2138 4413 adversa
2167 4361 2267 4408 est.
2298 4352 2368 4407 Et
2393 4353 2512 4408 ideo
2542 4353 2655 4407 istis
2680 4354 2877 4408 relictis
2904 4353 2992 4423 qui
3014 4353 3161 4406 multi
3187 4361 3330 4418 sunt,
3354 4352 3490 4407 mul-

1918 4446 2135 4514 tiplicati
2186 4444 2388 4499 scilicet
2431 4443 2798 4512 temporalium
2851 4444 3134 4512 cupiditate
3176 4451 3230 4497 et
3271 4442 3484 4508 dicunt,

1921 4536 2046 4599 Quis
2072 4533 2284 4588 ostendit
2329 4533 2469 4588 nobis
2516 4533 2644 4588 bona
2665 4574 2680 4597 ,
2727 4548 2846 4604 quae
2888 4549 2992 4588 non
3022 4534 3189 4588 oculis
3219 4532 3365 4600 foris,
3394 4522 3493 4590 scd

1919 4625 2059 4679 intus
2104 4623 2281 4681 cordis
2327 4623 2662 4694 simplicitate
2704 4623 2986 4694 quaerenda
3013 4634 3166 4691 sunt,
3208 4624 3289 4679 vir
3318 4616 3491 4680 ﬁdelis

1919 4715 2148 4777 exsultat
2197 4724 2247 4769 et
2289 4714 2417 4777 dicit
2453 4732 2467 4769 :
2501 4713 2565 4768 In
2597 4731 2739 4784 pace,
2794 4715 2846 4769 in
2874 4715 3093 4785 idipsum
3136 4716 3445 4769 obdormiam
3472 4761 3489 4782 ,

1920 4792 1967 4860 et
2017 4824 2245 4866 caninum
2289 4808 2506 4880 capiam.
2564 4807 2725 4862 Recte
2764 4806 2904 4862 enim
2958 4817 3201 4876 speratur
3236 4822 3265 4863 a
3299 4807 3493 4863 talibus

1921 4889 2221 4951 omnimoda
2257 4898 2449 4952 mentis
2470 4897 2783 4967 abalienatio
2819 4911 2849 4951 a
2878 4897 3188 4952 mortalibus
3223 4899 3381 4953 rebus
3433 4912 3491 4956 et

1924 4989 2259 5044 miseriarum
2283 4991 2462 5047 szeculi
2490 4989 2643 5060 hujus
2669 4988 2886 5059 oblivio,
2912 5007 3033 5062 qua:
3062 4993 3275 5048 nomine
3301 4986 3497 5048 obdor;

1924 5081 2159 5142 mitionis
2185 5089 2239 5134 et
2262 5081 2433 5135 somni
2462 5080 2714 5137 decenter
2741 5090 2794 5136 ει
2817 5082 3122 5152 prophetico
3149 5074 3489 5154 signiﬁcatur,

1923 5168 2010 5222 ubi
2042 5183 2245 5223 summa
2279 5184 2375 5239 pax
2406 5168 2551 5225 nullo
2576 5170 2799 5225 tumultu
2830 5171 3151 5241 interpellari
3176 5177 3367 5241 potest.
3386 5172 3492 5227 Sed

1925 5258 2024 5313 hoc
2043 5258 2151 5328 jam
2180 5275 2284 5313 non
2317 5267 2527 5314 tenetur
2550 5260 2601 5314 in
2632 5259 2730 5315 hac
2755 5261 2881 5329 vita,
2909 5262 3001 5316 sed
3027 5271 3144 5332 post
3172 5261 3310 5318 hanc
3331 5263 3488 5320 vitam

1928 5350 2245 5429 sperandum
2294 5359 2396 5405 est.
2438 5349 2551 5413 Hoc
2599 5350 2757 5405 etiam
2802 5353 2915 5421 ipsa
2962 5351 3123 5409 verba
3176 5354 3493 5414 ostendunt,

1924 5456 2041 5511 qua:
2073 5440 2231 5505 futuri
2255 5450 2379 5496 sunt
2406 5442 2664 5512 temporis
2691 5460 2705 5496 :
2736 5457 2842 5498 non
2869 5443 3007 5499 enim
3036 5443 3232 5498 dictum
3253 5452 3354 5507 est,
3382 5450 3493 5506 aut,

1925 5531 2227 5586 Obdormivi
2266 5541 2321 5593 et
2351 5549 2595 5587 somnum
2621 5533 2774 5605 cepi;
2806 5543 2914 5600 aut,
2949 5533 3235 5588 Obdormio
3261 5541 3314 5586 et
3342 5545 3488 5583 som-

1926 5637 2051 5691 num
2077 5622 2258 5699 cnpio;
2292 5621 2383 5677 sed
2402 5665 2416 5690 ,
2443 5622 2769 5677 Obdorminm
2793 5633 2838 5677 et
2860 5640 3086 5678 somnum
3113 5622 3328 5685 capiant.
3347 5620 3496 5675 Tunc

1991 5750 2010 5824 ἶ
2034 5756 2123 5824 “'9
2138 5750 2509 5824 ρρὸιεανρραηα
2531 5754 2708 5824 (ructu,
2738 5750 2955 5815 legebat,
2979 5749 3071 5815 apo
3101 5748 3283 5809 kairod,
3312 5763 3341 5799 α
3378 5755 3497 5799 tem.

1927 5822 2041 5873 pore
2070 5824 2086 5862 :
2110 5818 2178 5862 sic
2202 5818 2344 5862 etiam
2359 5818 2675 5863 Cassiodorus.
