4042 6480
563 402 634 458 εδ
776 347 779 354 “
1081 397 1084 402 -
1794 380 1851 434 s.
1891 371 2251 435 AUGUSTINI
2293 370 2590 434 EPISCOPI
3752 373 3824 431 ss

563 507 906 581 corruptibile
944 507 1048 569 hoc
1090 489 1335 560 induetu‘r
1367 496 1756 566 incorruptione
1780 534 1794 557 ,
1825 500 1880 581 et
1918 485 2143 546 mortale

562 601 667 656 hoc
694 580 940 654 induetur
967 591 1396 654 immortalitate;
1431 599 1554 642 tunc
1598 580 1970 639 absorbehitur
1997 592 2140 632 mors

566 691 620 747 in
651 689 926 744 victoriam
957 685 998 756 (ι
1033 683 1150 740 Cor.
1180 698 1279 747 xv,
1315 680 1428 750 54).
1460 677 1570 734 Hoc
1613 683 1694 729 est
1720 669 1862 725 unde
1903 669 2098 723 dicitur
2126 683 2140 720 :

562 781 624 835 Si
653 789 815 832 autem
844 776 978 849 quod
1021 792 1122 829 non
1152 772 1375 826 videmus
1394 782 1675 841 speramus,
1721 778 1807 833 per
1848 757 2143 832 patientiam

560 857 906 940 exspectamus
933 868 1110 940 (Rom.
1143 882 1256 928 vtu,
1288 864 1404 932 25).

633 962 721 1017 10.
776 959 928 1034 [vers.
976 954 1096 1031 10.]
1138 955 1472 1025 Quapropter
1517 954 1872 1019 congruenter
1901 941 2142 1034 ultimum

565 1029 798 1106 annectil
823 1090 837 1116 ,
877 1057 930 1104 et
959 1029 1091 1102 dicit
1113 1063 1125 1098 :
1163 1042 1412 1112 Quoniam
1440 1049 1513 1108 tu,
1540 1037 1755 1094 Domine
1777 1076 1792 1102 ,
1822 1029 2145 1102 singulariter

565 1141 616 1197 in
646 1158 734 1214 spe
760 1140 986 1202 habitare
1007 1136 1171 1209 fecisti
1195 1151 1292 1189 me.
1323 1133 1419 1187 llic
1438 1145 1542 1190 non
1570 1127 1732 1191 dixit,
1773 1123 1987 1189 Facies;
2011 1120 2139 1214 sed,

566 1210 777 1289 Fecisti.
807 1230 865 1296 ln
895 1245 1000 1299 quo
1028 1243 1154 1299 ergo
1191 1227 1300 1295 jam
1332 1223 1430 1278 ista
1478 1234 1600 1292 spes
1629 1227 1744 1283 est,
1775 1216 1876 1270 erit
1904 1210 2142 1290 profecto

563 1323 720 1377 etiam
751 1319 889 1394 quod
922 1327 1184 1391 Speratur.
1206 1315 1271 1368 Et
1294 1314 1429 1370 bene
1454 1310 1543 1374 ait,
1574 1305 1895 1383 singulariter
1921 1319 1942 1358 .'
1972 1306 2143 1370 potest

564 1416 706 1469 enim
731 1391 917 1471 referri
947 1411 1201 1465 adversus
1231 1407 1348 1461 illos
1379 1403 1574 1458 multos
1603 1400 1714 1470 qui,
1757 1391 2088 1464 multiplicati
2110 1405 2142 1446 a

563 1517 804 1578 tempere
832 1502 1080 1558 frumenti
1107 1499 1213 1556 vini
1239 1506 1293 1553 et
1319 1495 1424 1554 olei
1450 1493 1553 1558 sui,
1577 1492 1759 1545 dicunt
1789 1507 1800 1540 :
1833 1486 1955 1561 Quis
1977 1492 2142 1578 osten-

564 1599 637 1652 dit
658 1574 797 1658 nobis
839 1594 1008 1650 bona?
1037 1593 1175 1670 perit
1199 1589 1342 1646 enim
1378 1587 1492 1641 hmc
1522 1580 1910 1650 multiplicitas,
1950 1583 2005 1670 et
2027 1574 2142 1670 sin--

565 1690 819 1761 gularitas
840 1666 1054 1747 tenetur.
1079 1685 1130 1738 in
1162 1681 1382 1746 sanctis,
1410 1679 1477 1733 de
1499 1675 1689 1746 quibus
1727 1671 1919 1729 dicitur
1943 1666 2003 1761 in
2033 1666 2142 1761 ac-

563 1757 703 1834 tibus
741 1778 1111 1853 Apostolorum
1153 1791 1166 1829 :
1217 1769 1562 1826 Multitudinis
1610 1773 1778 1818 autem
1835 1757 2143 1816 credentium

561 1881 668 1925 erat
693 1851 863 1923 animo
896 1884 997 1922 una
1022 1875 1067 1922 et
1103 1882 1189 1924 cor
1222 1878 1380 1922 unum
1425 1859 1557 1933 (Act.
1588 1871 1665 1922 tv,
1689 1853 1803 1922 32).
1836 1851 2143 1921 Singulares

562 1976 689 2032 ergo
731 1970 785 2014 et
837 1957 1137 2028 simplices,
1170 1954 1222 2010 id
1271 1961 1390 2018 est,
1438 1949 1631 2005 secreti
1662 1962 1690 2002 a
1719 1942 2056 2012 multitudine
2080 1954 2144 1996 ac

561 2054 711 2110 turba
765 2051 1094 2122 nascentium
1143 2061 1321 2102 rerum
1366 2059 1430 2104 ac
1466 2039 1804 2104 morientium
1829 2078 1845 2107 ,
1876 2041 2143 2090 amatores

561 2145 874 2200 aeternitatis
903 2152 957 2197 et
987 2139 1200 2194 unitatis
1245 2150 1366 2191 esse
1392 2133 1684 2199 debemus,
1718 2128 1764 2184 si
1794 2125 1886 2182 uni
1929 2124 2043 2179 Deo
2089 2129 2144 2178 et

565 2233 793 2294 Domino
820 2242 1002 2286 nostro
1028 2227 1271 2297 cupimus
1296 2224 1575 2282 inhzcrcre.

1033 2441 1115 2503 ΙΝ
1158 2436 1538 2501 PSALMUM
1580 2435 1637 2496 V

1160 2555 1581 2616 ENARRATIO.

637 2679 690 2733 1.
717 2674 879 2749 [vers.
907 2671 989 2746 1.]
1023 2672 1229 2728 Titulus
1259 2669 1452 2726 Psalmi
1488 2677 1570 2724 est
1595 2686 1610 2724 :
1637 2665 1740 2721 Pro
1767 2681 1825 2718 ea
1844 2678 1957 2735 qua
1985 2661 2146 2714 Iacere-

565 2767 771 2828 ditatem
800 2765 1001 2836 accipit.
1029 2763 1344 2831 Intelligitur
1375 2776 1502 2830 ergo
1525 2757 1784 2827 Ecclesia,
1814 2771 1931 2826 qua:
1951 2750 2146 2821 accipit

565 2855 931 2917 ltzcreditatcm
963 2853 1125 2907 vitam
1157 2861 1408 2905 aeternam
1454 2865 1548 2918 per
1590 2845 1870 2901 Dominum
1901 2849 2145 2896 nostrum

563 2945 747 3006 Jesum
785 2944 1052 2999 Christum
1076 2983 1090 3007 ,
1123 2950 1179 2995 ut
1211 2939 1479 3012 possideat
1510 2937 1679 3006 ipsum
1712 2935 1901 2999 Deum,
1928 2930 2016 2986 cui
2044 2929 2144 2985 ad-

564 3037 775 3102 haarens
812 3034 964 3095 beata
993 3033 1062 3087 sit
1105 3031 1394 3089 secundum
1425 3028 1554 3082 illud
1587 3046 1599 3081 :
1628 3025 1771 3079 Beati
1815 3025 1960 3076 mites
1983 3064 1998 3090 ,
2029 3021 2148 3091 quia

565 3128 666 3200 ipsi
691 3125 980 3182 luereditate
1009 3121 1329 3194 possidebunt
1352 3130 1534 3174 terram
1565 3115 1774 3188 (Matth,
1804 3131 1857 3178 ν,
1888 3114 1966 3185 4);
1988 3128 2147 3183 quam

567 3214 806 3272 terram?
833 3213 931 3269 nisi
971 3213 1037 3267 de
1062 3227 1162 3282 qua
1191 3211 1386 3265 dicitur
1418 3227 1431 3264 :
1463 3209 1593 3278 Spes
1635 3223 1745 3260 mea
1774 3222 1824 3260 es
1867 3214 1941 3269 tu,
1983 3203 2148 3274 portio

569 3323 682 3366 mea,
711 3306 763 3360 in
793 3315 923 3362 terra
951 3304 1215 3365 viventium
1251 3300 1437 3373 (Psal.
1466 3315 1604 3362 ωειλ,
1639 3297 1718 3368 6);
1745 3305 1798 3350 et
1823 3293 1948 3349 illud
1975 3293 2149 3347 mani-

571 3393 758 3452 festiue
791 3413 804 3448 :
836 3394 1083 3453 Dominus
1123 3409 1241 3464 pars
1282 3389 1590 3445 hwreditatis
1617 3401 1741 3446 mete
1766 3394 1815 3439 et
1856 3383 2026 3439 colicis
2053 3382 2151 3437 mei

573 3485 746 3560 (Psal.
787 3503 879 3554 xv,
921 3485 1002 3556 5).
1030 3485 1234 3538 Dicitur
1269 3491 1324 3538 et
1347 3479 1631 3536 haereditas
1656 3477 1748 3533 Dei
1777 3475 2010 3539 vicissim
2045 3475 2150 3529 Ee-

570 3577 731 3638 clesia
776 3574 1064 3630 secundum
1104 3571 1236 3635 illud
1284 3571 1546 3625 :Postula
1573 3585 1604 3622 a
1634 3585 1740 3633 me,
1795 3575 1843 3620 et
1889 3564 2016 3619 dabo
2064 3562 2154 3617 tibi

572 3678 740 3738 gentes
761 3666 1101 3730 ltwreditatem
1130 3673 1266 3720 tuam
1292 3657 1464 3731 (Psal.
1494 3674 1555 3720 ιι,
1585 3656 1666 3728 8).
1698 3657 1836 3726 Ergo
1867 3653 2154 3710 hzcreditas

572 3769 755 3813 nostra
786 3757 923 3810 Deus
953 3755 1166 3817 dicitur,
1195 3752 1317 3822 quia
1344 3749 1456 3820 ipse
1478 3762 1575 3805 nos
1603 3746 1769 3817 pascit
1794 3755 1848 3800 et
1875 3745 2150 3800 continet:

576 3860 628 3908 et
660 3846 944 3907 hat-editas
976 3844 1071 3904 Dei
1098 3843 1344 3912 dicimur,
1376 3839 1498 3908 quia
1543 3838 1656 3907 ipse
1701 3851 1797 3889 nos
1825 3833 2156 3914 administrat

580 3949 634 3996 et
660 3940 813 4010 regit.
843 3938 1176 4006 Quapmpter
1211 3947 1310 3986 vox
1343 3930 1597 3986 Ecclesia:
1626 3939 1708 3984 est
1734 3927 1786 3984 in
1820 3927 1921 3982 hoc
1951 3925 2157 3998 psalmo

577 4043 781 4089 vocata:
819 4032 884 4086 ad
917 4027 1305 4096 harreditatem,
1331 4032 1466 4093 utet
1493 4023 1604 4096 ipsa
1634 4020 1725 4076 ﬁat
1747 4017 2028 4075 hzcreditas
2053 4019 2160 4074 υοτ

575 4125 730 4184 mini.

649 4215 705 4270 2.
756 4212 904 4287 [vers.
953 4208 1031 4284 2].
1093 4207 1257 4266 Verba
1296 4223 1407 4260 mea
1432 4204 1655 4270 exaudi,
1683 4201 1940 4260 Domine:
1971 4206 2158 4255 vocata

580 4309 788 4367 invocat
821 4306 1125 4368 Dominum,
1170 4310 1226 4355 ut
1272 4298 1462 4355 eodem
1506 4295 1798 4366 Opitulante
1830 4296 2160 4362 pertranseat

579 4389 871 4468 nequitiam
897 4394 1074 4462 smculi
1096 4392 1274 4462 hujus,
1306 4399 1358 4444 et
1377 4389 1441 4444 ad
1471 4402 1591 4442 eum
1611 4384 1906 4457 perveniat.
1929 4381 2162 4455 Intelligo

583 4489 852 4545 clamorem
881 4502 1048 4540 meum
1078 4499 1097 4537 :
1125 4483 1259 4537 bene
1300 4477 1533 4535 ostendit
1562 4477 1679 4546 quis
1706 4475 1806 4530 iste
1845 4475 1913 4528 sit
1937 4474 2158 4545 clamor,

585 4595 744 4650 quam
777 4579 997 4632 interior
1022 4575 1089 4629 de
1117 4573 1293 4628 cordis
1319 4570 1475 4629 cubili
1517 4569 1635 4627 sine
1664 4567 1886 4636 strepitu
1921 4565 2161 4634 corporis

587 4669 864 4740 perveniat
883 4665 950 4722 ad
967 4666 1152 4725 Deum;
1177 4659 1603 4732 quandoquidem
1625 4672 1728 4712 vox
1752 4656 2043 4725 corporalis
2068 4669 2162 4708 au.

587 4763 751 4824 ditur,
801 4754 1090 4827 Spiritualis
1133 4761 1308 4806 autem
1358 4748 1689 4818 intelligitur.
1719 4747 2029 4816 Quanquam
2061 4743 2163 4800 hoc

586 4851 655 4904 sit
683 4848 841 4907 etiam
871 4844 1120 4902 exaudire
1149 4842 1262 4910 Dei,
1295 4854 1399 4895 non
1425 4853 1555 4893 aure
1583 4835 1808 4908 carnali,
1861 4834 1955 4899 sed
1995 4834 2163 4905 majey

591 4939 744 4995 statis
768 4935 1072 5008 praesentia.

657 5033 708 5086 3.
743 5029 895 5104 [vers.
933 5023 1015 5099 3.]
1039 5022 1254 5078 Intende
1275 5021 1384 5076 voci
1407 5018 1763 5078 obsecrationis
1790 5033 1912 5073 mea:
1935 5032 1954 5071 :
1985 5015 2033 5070 id
2060 5025 2162 5084 est,

592 5128 660 5183 illi
692 5126 830 5190 voci,
858 5138 1013 5193 quam
1038 5129 1093 5178 ut
1114 5120 1254 5174 Deus
1275 5115 1531 5184 intelligat
1562 5113 1729 5184 petit;
1753 5127 1870 5182 qua:
1896 5110 2066 5181 qualis
2095 5111 2166 5166 sit

589 5221 695 5289 jam
728 5215 1031 5279 insinuavit,
1054 5229 1172 5269 cum
1202 5210 1333 5265 dixit
1357 5228 1369 5263 :
1396 5206 1632 5276 Intelligo
1659 5205 1930 5260 clamorem
1971 5220 2161 5257 meum.

590 5310 802 5372 Intende
824 5308 931 5361 voci
953 5303 1304 5360 obsecrationis
1321 5317 1463 5367 mete,
1491 5298 1603 5353 Rea:
1620 5315 1757 5353 meus
1775 5307 1820 5351 et
1846 5296 1981 5351 Deus
2004 5314 2163 5352 meus.

589 5399 842 5471 Quamvis
867 5407 920 5452 et
948 5395 1110 5450 Filius
1137 5395 1293 5459 Deus,
1322 5401 1376 5448 et
1401 5392 1556 5446 Pater
1579 5390 1737 5456 Deus,
1759 5397 1811 5444 et
1833 5387 1990 5443 simul
2009 5389 2169 5444 Pater

593 5503 645 5548 et
671 5493 836 5552 Filius
886 5501 1021 5543 unus
1054 5487 1224 5551 Deus;
1255 5493 1309 5540 et
1355 5485 1396 5538 si
1427 5484 1815 5551 interrogemur
1857 5479 1924 5535 de
1969 5478 2167 5548 Spiritu

595 5592 796 5650 sancto,
825 5578 956 5634 nihil
985 5575 1125 5630 aliud
1157 5573 1579 5643 respondendum
1605 5580 1705 5635 est,
1742 5569 1843 5628 nisi
1865 5569 2002 5638 quod
2033 5570 2170 5625 Deus

599 5679 699 5739 sit;
729 5685 781 5732 et
805 5691 926 5732 cum
953 5671 1110 5728 simul
1147 5670 1392 5724 dicuntur
1421 5669 1573 5722 Pater
1605 5673 1656 5718 ct
1679 5663 1844 5718 Filius
1872 5673 1926 5716 et
1945 5662 2170 5733 Spiritus

601 5778 811 5825 sanctus
838 5810 851 5836 ,
911 5765 1044 5822 nihil
1085 5761 1228 5820 aliud
1265 5759 1659 5832 intelligendum
1706 5766 1788 5814 est
1835 5772 1992 5828 quam
2035 5773 2170 5816 unus

2251 484 2423 549 Deus;
2467 495 2640 540 tamen
2679 501 2852 556 regem
2903 485 3094 540 Filium
3143 485 3312 542 solent
3361 486 3629 556 appellare
3672 486 3824 545 Scri-

2248 587 2438 648 ptume.
2460 577 2761 640 Secundum
2789 594 2914 653 ergo
2940 578 3066 637 illud
3089 579 3227 650 quod
3253 579 3453 635 dictum
3483 591 3584 646 est,
3613 579 3716 635 Per
3742 599 3824 638 me

2247 669 2350 727 itur
2374 669 2440 722 ad
2471 667 2674 722 Patrem
2699 669 2878 740 (Joan.
2899 680 3014 736 XIV,
3042 670 3117 740 6),
3136 680 3279 726 recte
3303 671 3495 739 primo,
3520 671 3630 730 Rea:
3655 689 3818 737 meus,

2248 771 2302 814 et
2327 760 2537 825 deinde,
2573 759 2706 815 Deus
2735 778 2888 815 meus.
2935 760 3043 816 Nec
3093 771 3267 816 tamen
3315 760 3476 828 dixit,
3523 760 3836 832 intendite;

2247 848 2361 912 sed,
2393 848 2609 904 Intende
2639 867 2657 904 :
2683 868 2786 908 non
2813 853 2953 906 enim
2981 851 3114 906 duos
3142 861 3238 906 aut
3266 860 3373 906 tres
3402 850 3534 907 deos
3575 851 3707 906 ﬁdes
3733 868 3826 907 ca-

2248 939 2440 1002 tltoiica
2467 940 2747 1010 praedicat,
2775 939 2870 997 sed
2899 941 3064 1011 ipsam
3087 941 3397 998 Trinitatem
3424 957 3587 996 unum
3619 942 3782 998 Deum
3807 959 3822 997 :

2246 1046 2353 1087 non
2382 1040 2437 1084 ut
2461 1031 2646 1086 eadem
2675 1031 2909 1087 Trinitas
2944 1033 3098 1092 simul
3126 1033 3290 1102 possit
3334 1033 3616 1103 aliquando
3641 1034 3825 1103 Pater,

2245 1119 2526 1190 aliquando
2552 1120 2737 1189 Filius,
2761 1121 3040 1192 aliquando
3065 1121 3289 1192 Spiritus
3317 1132 3532 1185 sanctus
3560 1123 3682 1191 dici,
3708 1125 3824 1184 sic-

2245 1221 2304 1265 ut
2347 1211 2608 1266 Sabellius
2649 1212 2868 1268 credidit
2896 1229 2910 1278 ;
2941 1213 3032 1267 sed
3062 1223 3120 1268 ut
3145 1214 3302 1268 Pater
3328 1215 3536 1269 nonnisi
3569 1215 3745 1283 Pater,
3770 1224 3826 1271 et

2245 1300 2411 1357 Filius
2437 1304 2644 1366 nonnisi
2675 1303 2860 1371 Filius,
2887 1313 2938 1359 et
2960 1303 3187 1374 Spiritus
3224 1315 3440 1363 sanctus
3468 1308 3676 1362 nonnisi
3702 1307 3824 1377 Spi-

2244 1395 2379 1449 ritus
2429 1405 2677 1462 sanctus,
2723 1403 2778 1451 et
2821 1395 2932 1451 haec
2972 1397 3204 1452 Trinitas
3234 1399 3443 1454 nonnisi
3475 1414 3613 1455 unus
3657 1401 3819 1463 Deus.

2245 1483 2377 1552 Quia
2401 1492 2455 1559 et
2488 1499 2610 1541 cum
2645 1485 2867 1541 dixisset
2913 1487 3236 1556 Apostolus:
3271 1487 3354 1542 Ea:
3393 1506 3490 1558 quo
3517 1490 3704 1557 omnia,
3732 1507 3824 1561 per

2243 1591 2388 1645 quem
2412 1576 2611 1642 omnia,
2651 1576 2704 1630 in
2727 1593 2824 1646 quo
2851 1577 3019 1635 omnia
3046 1575 3220 1657 (Rom.
3251 1593 3327 1647 XI,
3358 1578 3475 1649 '56),
3504 1580 3818 1636 Trinitatem

2244 1665 2412 1735 ipsam
2437 1665 2732 1722 insinuasse
2752 1668 3026 1736 creditur;
3056 1685 3155 1726 nec
3195 1680 3373 1735 tamen
3401 1671 3662 1744 subjecit,
3688 1672 3820 1744 Ipsis

2244 1755 2409 1827 gloria
2434 1773 2448 1821 ;
2479 1755 2570 1811 sed
2591 1797 2606 1823 ,
2640 1756 2751 1828 Ipsi
2773 1758 2958 1829 gloria.

2316 1845 2368 1900 4.
2399 1842 2421 1918 [
2447 1861 2573 1899 vers.
2601 1845 2683 1918 4.]
2725 1845 2974 1912 Quoniam
3003 1848 3071 1907 ad
3115 1859 3162 1902 te
3184 1849 3335 1905 orabo
3355 1891 3368 1915 ,
3403 1850 3635 1918 Domine,
3675 1868 3824 1912 mane

2245 1937 2482 1999 exaudies
2521 1952 2686 1992 vocem
2715 1955 2874 1998 meam
2906 1939 3074 2009 :quid
3116 1941 3219 1995 sibi
3247 1942 3359 1996 vult
3396 1943 3536 2011 quod
3575 1944 3820 2012 superius

2245 2025 2410 2092 dixit,
2437 2028 2657 2093 exaudi,
2690 2028 2838 2097 quasi
2868 2029 2921 2084 in
2951 2028 3273 2098 praesentise
3298 2031 3532 2086 exaudiri
3560 2043 3776 2101 cuperet
3803 2072 3822 2100 ,

2245 2132 2385 2172 nunc
2413 2133 2541 2173 vero
2565 2117 2726 2184 dicit,
2755 2136 2901 2173 mane
2928 2121 3188 2187 modios,
3213 2136 3339 2188 non,
3367 2123 3556 2179 exaudi
3583 2141 3597 2189 ;
3628 2132 3717 2187 et,
3749 2125 3822 2184 ad

2246 2215 2294 2262 te
2317 2207 2471 2264 orabo
2493 2249 2509 2273 ,
2541 2224 2647 2264 non
2667 2249 2682 2276 ,
2727 2210 2795 2264 ad
2823 2219 2872 2265 te
2901 2225 3032 2277 oro;
3064 2221 3119 2266 et
3149 2211 3401 2283 deinceps
3423 2254 3438 2277 ,
3470 2230 3620 2268 mane
3643 2216 3821 2269 astabo

2247 2299 2334 2354 tibi
2354 2310 2400 2353 et
2425 2299 2618 2365 videbo,
2649 2315 2776 2367 non,
2799 2309 2914 2355 asto
2956 2311 3010 2356 et
3041 2301 3233 2358 video?
3263 2302 3374 2357 Nisi
3412 2303 3548 2359 forte
3577 2304 3825 2374 superior

2246 2389 2362 2458 ejus
2386 2391 2556 2444 oratio
2604 2391 2772 2460 ipsam
2819 2391 3211 2453 invocationem
3240 2393 3257 2424 ⁸
3289 2391 3523 2454 ostendit
3551 2411 3564 2447 :
3590 2393 3824 2464 caligans

2247 2487 2424 2534 autem
2451 2480 2588 2534 inter
2614 2480 2874 2549 procellas
2900 2480 3057 2549 hujus
3093 2481 3306 2548 saeculi,
3326 2483 3485 2538 sentit
3512 2497 3570 2538 se
3599 2498 3705 2539 non
3746 2481 3826 2540 vi~

2248 2569 2374 2627 dere
2395 2568 2531 2640 quod
2558 2571 2719 2640 cupit,
2751 2580 2805 2625 et
2830 2581 3008 2626 tamen:
3053 2587 3275 2642 sperare
3309 2589 3415 2626 non
3442 2572 3669 2630 desinit:
3698 2588 3825 2646 spes

2248 2657 2389 2724 enim
2430 2675 2548 2731 qua:
2573 2661 2800 2727 videtur,
2826 2676 2931 2720 non
2966 2669 3050 2718 est
3085 2677 3208 2732 spes
3239 2662 3422 2736 (Rom.
3452 2680 3560 2721 vut.
3591 2665 3706 2734 24).
3735 2665 3824 2720 ln-

2249 2751 2438 2820 telligit
2477 2761 2654 2806 tamen
2683 2767 2850 2821 quare
2880 2769 2984 2808 non
3029 2752 3248 2821 videat,
3294 2755 3416 2824 quia
3457 2755 3690 2812 nondum
3718 2772 3826 2822 nox

2249 2850 2464 2911 peracta
2509 2851 2611 2906 est,
2643 2841 2694 2895 id
2726 2851 2808 2896 est
2833 2844 3064 2899 tenebra:
3092 2858 3224 2914 quas
3251 2853 3468 2914 peccata
3495 2856 3826 2903 meruerunt.

2251 2933 2388 2989 Dicit
2412 2949 2556 3004 ergo,
2589 2933 2842 3002 Quoniam
2860 2935 2927 2988 ad
2955 2943 3002 2990 te
3029 2936 3203 3003 orabo,
3227 2936 3458 3002 Domine,
3488 2938 3538 2992 id
3568 2947 3670 3005 est,
3695 2955 3820 3010 qtto-

2252 3028 2393 3082 niam
2436 3035 2613 3083 tantus
2637 3041 2698 3084 es
2721 3027 2786 3082 ad
2811 3042 2968 3099 quem
2996 3029 3182 3092 orabo,
3213 3045 3361 3088 mane
3384 3030 3621 3086 exaudies
3660 3048 3831 3092 vocem

2249 3133 2434 3170 meam.
2479 3115 2598 3180 Non
2647 3117 2736 3171 ille
2764 3131 2846 3183 es,
2875 3119 3078 3188 inquit,
3112 3118 3202 3188 qui
3247 3120 3419 3188 possis
3464 3121 3631 3176 videri
3654 3122 3722 3176 ab
3750 3123 3832 3180 eis

2251 3222 2478 3276 quorum
2503 3207 2568 3262 ab
2588 3207 2760 3264 oculis
2789 3223 2894 3262 nox
2925 3216 3264 3278 peccatorum
3305 3210 3536 3268 nondum
3566 3213 3787 3268 recessit
3811 3229 3828 3268 :

2253 3309 2467 3370 peracta
2493 3314 2620 3370 ergo
2645 3300 2844 3354 erroris
2878 3301 2984 3356 mei
3016 3311 3205 3366 nocte,
3245 3309 3300 3355 et
3325 3301 3720 3360 discedentibus
3753 3315 3836 3360 te-

2253 3390 2433 3445 nebris
2461 3404 2594 3460 quas
2640 3389 2772 3445 mihi
2817 3391 3048 3461 peccatis
3077 3392 3208 3448 meis
3257 3390 3356 3447 feci
3382 3432 3397 3457 ,
3429 3393 3677 3448 exaudies
3733 3409 3834 3448 νοτ

2253 3497 2370 3541 cem
2389 3497 2582 3537 meam.
2610 3479 2716 3538 Cur
2741 3496 2870 3552 ergo
2888 3483 3132 3552 superius
3156 3498 3260 3538 non
3283 3483 3376 3548 ait,
3401 3485 3684 3550 exaudies;
3711 3484 3830 3551 sed,

2254 3580 2480 3636 exaudi?
2506 3581 2586 3635 An
2619 3588 2895 3651 postquam
2917 3579 3179 3645 clamavit,
3208 3580 3414 3644 exaudi,
3445 3589 3499 3635 et
3527 3597 3631 3636 non
3668 3596 3836 3637 exau-

2255 3671 2366 3729 dita
2413 3678 2530 3737 est,
2562 3671 2731 3727 sensit
2775 3670 2899 3741 quid
2927 3671 2948 3703 '
2982 3678 3225 3740 oporteat
3270 3670 3500 3726 transire
3557 3680 3614 3727 ut
3667 3672 3836 3742 possit

2256 3761 2535 3824 exaudiri?
2575 3763 2655 3816 An
2681 3771 2737 3817 et
2763 3762 3008 3830 superius
3035 3761 3282 3816 exaudita
3313 3770 3431 3829 est,
3472 3761 3566 3818 sed
3597 3762 3835 3817 nondum

2261 3869 2322 3910 se
2369 3854 2617 3925 intelligit
2658 3853 2958 3909 exauditam
2983 3893 2999 3920 ,
3053 3854 3174 3922 quia
3226 3853 3460 3908 nondum
3492 3853 3638 3909 videt
3672 3867 3702 3906 ι
3727 3867 3839 3922 quo

2259 3947 2506 4006 exaudita
2534 3955 2650 4008 est;
2679 3956 2734 4001 et
2779 3945 2920 4016 quod
2951 3959 3092 4000 nunc
3122 3945 3216 4011 ait,
3245 3961 3391 3999 mane
3429 3945 3685 4009 canities,
3731 3943 3840 4001 hoc

2259 4037 2483 4107 intelligi
2519 4036 2702 4099 voluit,
2742 4051 2898 4090 mane
2926 4035 3216 4104 intelligam
3240 4049 3324 4089 me
3348 4049 3468 4090 esse
3491 4034 3841 4091 exauditam?

2260 4127 2434 4198 qualis
2458 4135 2541 4183 est
2563 4126 2663 4182 ista
2690 4125 2907 4192 locutio,
2936 4127 3192 4196 Exsurge.
3213 4125 3430 4180 Domine
3451 4123 3618 4197 (Psat.
3643 4139 3722 4188 tu,
3752 4124 3840 4194 7),

2262 4219 2314 4274 id
2341 4226 2445 4286 est,
2479 4218 2563 4274 fac
2587 4232 2675 4274 me
2701 4232 2989 4286 exsurgere
3013 4234 3028 4282 ;
3059 4217 3155 4273 sed
3185 4216 3286 4272 hoc
3308 4216 3376 4272 de
3402 4217 3790 4272 resurrectione
3816 4214 3844 4248 ⁸

2261 4309 2456 4368 Christi
2507 4309 2783 4378 accipitur.
2818 4307 2951 4363 Illud
2979 4316 3131 4364 certe
3163 4321 3270 4362 non
3319 4315 3492 4376 potest
3519 4315 3666 4362 recte
3684 4305 3850 4362 aliter

2263 4402 2454 4473 accipi,
2486 4401 2666 4456 Tentat
2693 4417 2780 4456 vos
2805 4399 3055 4455 Dominus
3082 4398 3216 4454 Deus
3241 4408 3416 4464 vester,
3451 4408 3506 4452 ut
3527 4398 3654 4452 sciat
3681 4397 3726 4450 si
3751 4396 3847 4450 di-

2263 4493 2419 4565 ligitis
2438 4510 2552 4548 eum
2576 4492 2750 4563 (Deut.
2780 4493 2998 4561 xtu,.3),
3023 4491 3123 4546 nisi
3150 4499 3208 4544 ut
3232 4504 3327 4544 vos
3354 4504 3450 4559 per
3469 4489 3613 4544 illum
3631 4487 3847 4554 sciatis,

2265 4596 2322 4642 et
2345 4585 2736 4655 vobismetipsis
2763 4585 3126 4643 maniiestetur
3149 4591 3402 4654 quantum
3431 4582 3482 4638 in
3513 4582 3630 4654 ejus
3655 4596 3849 4637 amore

2264 4677 2618 4749 proieceritis.

2339 4771 2393 4825 5.
2423 4766 2569 4840 [vers.
2617 4767 2764 4839 5-8.]
2785 4767 2939 4820 Mane
2957 4765 3130 4821 astabo
3145 4765 3252 4833 tibi,
3277 4775 3326 4820 et
3344 4766 3517 4821 videbo
3538 4765 3618 4836 (α)
3637 4779 3656 4818 :
3673 4763 3856 4819 astabo

2266 4859 2392 4930 quid
2419 4867 2522 4922 est,
2546 4857 2648 4913 nisi
2671 4873 2776 4931 non
2789 4857 3013 4927 jaeeboi
3038 4857 3162 4928 quid
3183 4866 3266 4913 est
3284 4865 3464 4911 autem
3483 4856 3622 4910 aliud
3644 4856 3855 4924 jacere,

2269 4952 2370 5006 nisi
2399 4951 2450 5005 in
2480 4959 2616 5005 terra
2643 4951 2937 5021 quiescere,
2969 4949 3110 5020 quod
3140 4957 3224 5003 est
3252 4949 3302 5002 in
3350 4958 3575 5003 terrenis
3602 4947 3859 5014 volupta-

2270 5045 2410 5100 tibus
2432 5043 2810 5099 beatitudinem
2828 5059 3067 5114 quatrere
3089 5043 3112 5097 ?
3133 5043 3338 5106 Astabo,
3365 5042 3562 5111 inquit,
3587 5049 3631 5094 et
3651 5039 3866 5095 videbo:

2270 5150 2374 5191 non
2403 5135 3011 5203 cstergoinhmrendum
3043 5134 3287 5198 terrenis,
3315 5133 3358 5187 si
3396 5133 3642 5186 volumus
3683 5131 3862 5185 Deum

2271 5225 2475 5290 videre,
2524 5224 2613 5295 qui
2661 5225 2859 5278 mundo
2887 5223 3049 5278 corde
3077 5222 3422 5290 conspicitur.
3464 5221 3718 5289 Quoniam
3746 5236 3862 5274 non

2273 5319 2410 5388 Deus
2439 5316 2608 5373 volens
2653 5316 2963 5387 iniquitatem
2992 5326 3046 5369 tu
3090 5331 3160 5368 es.
3197 5313 3316 5368 Non
3367 5314 3604 5368 habitabit
3623 5314 3780 5382 juxta
3818 5319 3879 5365 te

2337 5518 2354 5549 ί
2380 5513 2511 5572 ald,
2536 5511 2836 5582 mentionem.
2866 5508 3234 5566 AtColbertinus
3263 5508 3418 5558 codex
3437 5508 3615 5569 aliique
3645 5505 3876 5559 ntehoris

2275 5585 2402 5629 ιιοιω
2426 5583 2529 5624 ωδε.
2537 5609 2551 5632 ,
2574 5579 2927 5622 invocationem.

2341 5641 2360 5669 ²
2387 5637 2551 5684 Plures
2573 5635 2872 5696 Mss.,iquod.

2341 5701 2362 5732 ³
2385 5698 2514 5752 Fitth
2536 5696 2620 5746 sed
2643 5693 2684 5743 si
2692 5689 2790 5742 hoc
2807 5693 2866 5742 de
2879 5693 3238 5744 resurrectione.
3254 5689 3482 5743 Particula
3498 5689 3539 5739 si
3555 5690 3693 5739 ahcst
3706 5701 3732 5736 a
3753 5695 3869 5740 non.

2345 5761 2419 5824 (ιι)
2453 5759 2580 5810 Idem
2596 5769 2726 5813 vers.
2751 5757 2782 5812 5
2807 5765 3035 5813 tractatur
3051 5758 3100 5807 io
3119 5763 3149 5804 ιι
3173 5764 3309 5806 Enar.
3331 5753 3454 5804 Psal.
3482 5765 3620 5814 xxvn.
3642 5764 3694 5804 ιι.
3717 5755 3770 5802 8.
