4042 6486
219 438 285 494 85
1371 442 1764 498 ENARRATIO

1909 447 2230 506 PSALMUM
2272 453 2332 506 v.
2976 426 2984 434 ’
3435 471 3508 528 so

218 546 470 618 maiiguus
496 589 512 612 ,
545 564 712 612 neque
743 550 1101 619 permanebunt
1128 550 1304 620 injuin
1329 562 1447 607 ante
1475 553 1647 607 oculos
1683 561 1812 609 tuos.

222 638 383 692 Odisti
422 653 611 692 omnes
634 640 725 709 qui
755 651 1032 709 operantur
1064 641 1377 712 iniquitatem
1399 685 1414 707 ,
1447 645 1624 714 perdes
1647 662 1818 702 omnes

218 731 298 799 qui
325 729 617 794 loquuntur
643 732 985 786 mendacium.
1024 730 1199 787 Virum
1238 736 1544 804 sanguinum
1586 747 1634 790 ct
1667 738 1816 792 dolo-

217 835 328 872 ssns
377 819 764 874 abominabitur
821 822 1071 876 Dominus
1091 839 1111 878 :
1142 823 1388 894 iniquitas
1410 867 1425 890 ,
1485 828 1813 896 malignitas,

218 911 560 966 mendacium
588 954 604 979 ,
636 913 1001 982 homicidium,
1049 915 1225 983 dolus,
1265 926 1318 972 et
1339 917 1594 988 quidquid
1625 919 1816 989 hujus-

218 1000 368 1057 modi
391 1012 498 1068 est,
527 1003 644 1072 ipsa
677 1020 783 1059 nox
805 1014 911 1072 est,
943 1021 1046 1076 qua
1075 1016 1382 1064 transeunte
1405 1008 1461 1062 ιιι
1477 1023 1634 1064 mane
1655 1021 1713 1064 ut
1739 1011 1814 1064 vi-

215 1093 420 1147 deatur.
430 1093 600 1148 Deus.
625 1093 860 1151 Causam
885 1111 1012 1167 ergo
1029 1099 1278 1167 exposuit
1299 1113 1465 1169 quare
1491 1115 1647 1156 mane
1672 1110 1815 1156 asta-

218 1186 314 1247 bit,
344 1192 402 1239 et
428 1185 664 1253 videbit;
691 1189 935 1258 quoniam
955 1205 1056 1242 non
1087 1189 1224 1244 Deus
1247 1192 1420 1246 volens
1457 1193 1772 1264 iniquitatem
1795 1235 1810 1259 ,

216 1279 412 1348 inquit,
439 1289 497 1332 tu
522 1296 596 1332 es.
625 1280 682 1334 Si
716 1281 860 1336 enim
898 1281 1038 1336 Deus
1067 1292 1212 1337 esset
1237 1283 1327 1352 qui
1360 1284 1519 1339 vellet
1559 1283 1810 1354 iniquita-

216 1379 360 1435 tem,
397 1380 582 1439 posset
601 1371 763 1426 etiam
783 1373 852 1426 ab
878 1372 1070 1442 iniquis
1097 1373 1303 1436 videri;
1337 1382 1393 1428 ut
1415 1387 1519 1427 non
1547 1389 1704 1430 mane
1729 1373 1810 1428 vi-

215 1459 463 1525 deretur,
493 1461 546 1515 id
583 1471 686 1525 est,
717 1476 842 1516 cum
875 1461 1166 1532 iniquitatis
1194 1477 1295 1517 nox
1326 1464 1710 1532 pertransierit.

285 1554 343 1606 6.
389 1551 514 1606 Non
541 1551 783 1606 habitabit
795 1554 948 1622 juxta
975 1564 1023 1608 te
1047 1553 1298 1624 malignus
1318 1568 1338 1606 :
1366 1554 1418 1608 id
1439 1562 1522 1609 est
1542 1594 1559 1618 ,
1606 1569 1709 1608 non
1729 1554 1811 1610 sic

219 1644 426 1698 videbit
454 1654 512 1697 ut
540 1643 764 1698 htereat.
813 1644 938 1698 Ideo
963 1645 1202 1714 sequitur
1225 1685 1239 1710 ,
1265 1659 1425 1715 neque
1452 1646 1808 1715 permanebunt

216 1736 399 1806 injuin
423 1745 543 1790 ante
583 1737 757 1789 oculos
801 1745 954 1800 tuos;
997 1737 1122 1806 quia
1164 1737 1307 1791 oculi
1351 1751 1534 1792 eorum
1560 1779 1575 1802 ,
1628 1737 1680 1790 id
1727 1746 1811 1791 est

217 1841 376 1880 mens
393 1841 582 1880 eorum
614 1825 990 1881 reverberatur
1007 1828 1124 1882 luce
1151 1827 1390 1881 veritatis
1411 1838 1628 1897 propter
1654 1836 1806 1882 tene-

216 1919 352 1973 bras
398 1907 776 1990 piscatorum,
831 1935 1056 1989 quorum
1105 1919 1492 1974 consuetudine
1549 1918 1805 1988 fulgorem

213 2021 389 2064 rectae
438 2010 800 2079 intelligentize
852 2010 1116 2066 sustinere
1159 2027 1264 2064 non
1305 2019 1545 2080 possunt.
1583 2012 1724 2081 Ergo
1752 2019 1818 2070 et,

213 2100 303 2168 qui
335 2098 520 2154 vident
543 2099 862 2170 aliquando,
891 2099 942 2154 id
969 2108 1080 2164 est,
1128 2100 1219 2170 qui
1245 2115 1428 2156 verum
1467 2101 1762 2171 intelligunt
1787 2143 1802 2168 ,

216 2199 390 2245 tamen
421 2190 599 2246 adhuc
625 2191 807 2260 injusti
837 2203 977 2258 sunt,
1011 2207 1114 2246 non
1141 2193 1210 2246 ibi
1232 2203 1549 2264 permanent
1578 2193 1805 2248 amando

215 2298 278 2336 ει
301 2299 424 2353 quae
467 2292 716 2338 avertunt
744 2298 968 2350 avero;
1017 2273 1209 2354 gerunt
1253 2286 1394 2340 enim
1440 2299 1619 2340 secum
1653 2299 1802 2339 suam

213 2381 420 2426 noctem
438 2413 454 2436 ,
490 2371 542 2426 id
569 2382 672 2439 est,
704 2389 808 2428 non
841 2374 1010 2427 solum
1039 2373 1498 2440 consuetudinem,
1519 2374 1612 2428 sed
1641 2375 1801 2430 etiam

214 2477 447 2517 amorem
484 2464 756 2533 peccandi.
803 2464 930 2532 Quae
958 2481 1064 2520 nox
1094 2465 1139 2520 si
1181 2466 1483 2533 transierit,
1535 2466 1584 2520 id
1614 2475 1724 2533 est,
1757 2468 1802 2522 si

213 2568 432 2621 peccare
461 2553 804 2620 destiterint,
853 2564 903 2610 et
934 2556 1050 2626 ipse
1089 2570 1241 2610 amor
1276 2566 1436 2626 atque
1473 2557 1802 2612 consuetudo

215 2646 376 2714 fugata
406 2644 603 2709 fuerit,
638 2645 698 2699 ﬁt
721 2661 916 2711 mane;
951 2647 1019 2700 ita
1053 2654 1238 2702 utnon
1265 2646 1436 2705 solum
1467 2647 1796 2717 intelligant,

212 2735 297 2789 sed
322 2736 489 2789 etiam
517 2734 816 2790 inhaereant
840 2736 1068 2791 veritati.

275 2825 324 2876 7.
367 2823 546 2883 Odisti
576 2826 593 2857 ¹
622 2842 796 2880 omnes
822 2827 907 2892 qui
936 2836 1208 2896 oipcrantur
1230 2827 1540 2898 iniquitatem
1571 2842 1590 2880 :
1616 2826 1799 2884 odium

212 2915 380 2970 Deiex
414 2916 510 2975 illa
539 2915 810 2972 locutione
840 2917 1238 2987 intelligendum
1266 2928 1368 2984 est,
1399 2933 1502 2988 qua
1529 2919 1638 2973 odit
1671 2933 1797 2986 pec-

211 3017 349 3062 cator
388 3009 952 3079 quisqueveritatem.
986 3009 1210 3065 Videtur
1237 3011 1378 3064 enim
1423 3009 1561 3079 quod
1609 3019 1662 3066 et
1707 3010 1795 3065 illa

211 3097 308 3151 odit
335 3114 477 3169 quos
500 3099 642 3159 inse
669 3115 887 3154 manere
912 3115 1015 3154 non
1041 3100 1199 3154 sinit:
1225 3115 1329 3154 non
1355 3111 1532 3155 autem
1557 3112 1793 3166 manent,

204 3189 286 3256 qui
308 3203 431 3243 eam
460 3190 726 3249 sustinere
765 3206 872 3244 non
923 3190 1120 3244 valent.
1172 3189 1365 3245 Pcrdes
1395 3207 1564 3245 omnes
1597 3192 1684 3261 qui
1713 3192 1794 3245 lo-

201 3289 420 3347 quuntur
473 3279 956 3334 mendacium:hoc
996 3281 1137 3334 enim
1187 3291 1270 3336 est
1317 3282 1528 3336 veritati
1576 3291 1793 3338 contra-

202 3370 354 3422 rium.
387 3369 500 3425 Sed
529 3385 598 3424 ne
627 3371 746 3439 quis
775 3379 923 3441 putet
947 3371 1177 3442 aliquam
1203 3371 1552 3426 substantiam
1583 3373 1668 3428 vel
1699 3387 1793 3426 na-

203 3469 370 3515 turam
397 3461 611 3516 veritati
634 3477 754 3516 esse
780 3465 1098 3517 contrariam
1121 3504 1136 3528 ,
1180 3463 1434 3536 intelligat
1462 3464 1529 3519 ad
1570 3464 1620 3518 id
1650 3465 1793 3535 quod

209 3567 309 3605 non
349 3561 433 3606 est
480 3552 748 3621 pertinere
777 3552 1110 3607 mendacium
1131 3595 1146 3620 ,
1178 3569 1285 3607 non
1313 3555 1379 3607 ad
1411 3553 1464 3609 id
1509 3555 1652 3624 quod
1688 3563 1789 3612 est.

206 3643 259 3699 Si
305 3647 451 3700 enim
493 3645 598 3700 hoc
647 3647 842 3702 dicitur
885 3647 1026 3717 quod
1075 3656 1190 3713 est,
1239 3636 1422 3702 verum
1474 3647 1701 3713 dicitur;
1745 3648 1791 3702 si

206 3744 382 3790 autem
444 3735 549 3790 hoc
591 3735 785 3793 dicitur
826 3737 964 3807 quod
1000 3753 1104 3791 non
1148 3745 1260 3805 est,
1316 3736 1646 3792 mendacium
1685 3746 1787 3794 est.

203 3825 350 3890 Ideo,
413 3827 622 3896 inquit,
690 3826 884 3881 Perdes
942 3845 1114 3882 omnes
1159 3829 1245 3898 qui
1281 3828 1556 3899 loquuntur
1585 3830 1792 3882 menda-

203 3917 369 3982 cium;
447 3919 574 3988 quia
632 3919 942 3974 recedentes
1007 3919 1074 3974 ab
1127 3934 1192 3973 eo
1243 3920 1381 3989 quod
1438 3928 1563 3987 est,
1619 3919 1685 3975 ad
1739 3920 1790 3974 id

199 4010 330 4077 quod
372 4027 482 4065 non
525 4020 611 4068 est
655 4011 1029 4074 declinantur'
1055 4051 1067 4065 .
1096 4010 1254 4066 Multa
1288 4011 1501 4082 quidem
1544 4011 1791 4066 videntur

198 4117 287 4169 pro
347 4103 526 4159 salute
590 4113 681 4158 aut
735 4104 1017 4158 commodo
1066 4105 1337 4175 alicujus,
1389 4119 1496 4159 non
1547 4105 1786 4172 malitia,

196 4195 284 4246 sed
327 4195 662 4266 benignitate
692 4197 994 4262 mendacia,
1043 4198 1198 4268 quale
1250 4197 1459 4254 illarum
1513 4198 1563 4252 in
1604 4199 1788 4255 Exodo

194 4283 542 4338 obstetricum
598 4302 716 4355 quae
767 4286 1032 4342 Pharaoni
1096 4287 1286 4343 falsum
1351 4290 1789 4347 renuntiaverunt

197 4371 396 4444 (Exod.
431 4391 448 4428 ι
475 4416 490 4439 ,
524 4376 654 4446 l9),
679 4385 735 4431 ut
777 4376 1006 4433 infantes
1054 4379 1278 4433 filiorum
1309 4378 1468 4434 Israel
1497 4396 1602 4434 non
1631 4395 1788 4436 neca~

195 4475 393 4519 rentur.
426 4465 533 4520 Sed
557 4467 716 4520 etiam
749 4476 845 4521 ista
868 4484 970 4521 non
1001 4485 1076 4535 re,
1108 4469 1200 4524 sed
1228 4470 1404 4524 indole
1425 4469 1446 4502 ⁸
1468 4471 1784 4539 laudantur;

195 4560 442 4628 quoniam
472 4559 563 4629 qui
589 4568 792 4614 tantum
819 4561 916 4615 hoc
939 4563 1096 4616 modo
1115 4558 1476 4629 mentiuntur,
1503 4563 1810 4617 ιιιειειιιιιι-Δ

200 4661 280 4704 tur
305 4651 599 4722 aliquando
627 4652 695 4706 ab
725 4653 870 4707 omni
910 4653 1187 4708 mendacio
1219 4654 1452 4708 liberari.
1479 4653 1608 4708 Nam
1641 4653 1692 4707 in
1721 4653 1788 4709 iis

194 4745 279 4813 qui
334 4742 560 4813 perfecti
609 4755 768 4809 sunt,
815 4760 913 4799 nec
957 4745 1052 4799 ista
1091 4746 1362 4800 mendacia
1416 4746 1783 4813 inveniuntur;

193 4835 380 4903 quibus
402 4834 601 4888 dictum
625 4843 707 4890 est
727 4853 738 4887 :
763 4833 843 4890 Sit
856 4835 907 4888 in
925 4851 1009 4889 ore
1028 4845 1186 4890 vestro
1204 4879 1219 4902 ,
1244 4834 1358 4900 Est,
1385 4845 1497 4903 est;
1515 4853 1632 4902 non,
1654 4852 1786 4891 non:

191 4925 437 4994 quidquid
461 4925 679 4996 amplius
705 4934 777 4980 est
801 4969 816 4992 ,
841 4943 873 4978 α
902 4925 1036 4980 malo
1076 4927 1190 4997 εει(
1215 4926 1399 4980 Matth.
1429 4943 1494 4992 ν,
1525 4929 1590 4982 37
1677 4927 1786 4984 Nec

196 5015 467 5072 immerito
491 5016 598 5070 alio
625 5016 743 5071 loco
767 5017 1019 5086 scriptum
1043 5025 1125 5072 est
1154 5036 1166 5071 :
1201 5016 1270 5072 Οε
1296 5018 1431 5086 quod
1450 5019 1682 5072 mentitur
1702 5035 1786 5073 oc-

192 5109 545 5161 ciditanimam
572 5107 727 5179 (Sap.
751 5124 788 5171 ι,
813 5107 896 5178 ll)
919 5125 933 5174 ;
961 5123 1026 5162 ne
1046 5108 1164 5178 quis
1188 5108 1472 5163 arbitretur
1495 5107 1786 5178 perfectum

193 5208 245 5252 et
272 5197 608 5268 spiritualcm
654 5198 925 5252 hominem
955 5213 1049 5267 pro
1091 5199 1190 5252 ista
1224 5199 1504 5268 temporali
1533 5199 1638 5252 vita
1666 5240 1680 5262 ,
1727 5199 1780 5254 in

193 5289 343 5358 cujus
365 5298 539 5346 morte
566 5303 671 5344 non
697 5289 955 5344 occiditur
977 5290 1181 5353 anima,
1213 5290 1324 5345 sive
1351 5305 1442 5344 sua
1465 5332 1480 5356 ,
1507 5290 1618 5345 sive
1648 5290 1783 5345 alte-

195 5385 335 5449 rius,
367 5383 564 5437 debere
591 5382 825 5437 mentiri.
857 5381 960 5436 Sed
983 5381 1232 5454 quoniam
1258 5382 1399 5437 aliud
1422 5392 1504 5437 est
1533 5383 1780 5449 mentiri,

193 5473 334 5528 aliud
366 5490 548 5529 verum
578 5473 878 5536 occultare;
909 5458 1165 5544 siquidem
1194 5473 1337 5527 aliud
1363 5482 1444 5528 est
1486 5472 1672 5541 falsum
1703 5471 1784 5528 di-

194 5579 348 5632 cere,
378 5565 520 5619 aliud
550 5578 737 5648 verum
784 5571 994 5631 tacere;
1025 5557 1068 5618 si
1093 5563 1210 5634 quis
1243 5563 1376 5619 forte
1404 5564 1485 5618 vel
1530 5561 1595 5618 ad
1627 5563 1780 5618 istam

257 5681 271 5710 '
297 5687 348 5728 tn
372 5678 550 5730 editis:
578 5674 756 5734 Odisti,
777 5673 1108 5738 Domine.At_a
1121 5681 1227 5727 Mss.
1241 5674 1382 5726 abest
1403 5687 1516 5737 vox,
1535 5672 1749 5736 Domine,
1767 5734 1772 5738 .

252 5741 430 5808 ξιτλιῑιῖο
455 5734 1292 5808 tudinem-cl.mendatium":
1340 5797 1399 5808 ..
1495 5734 1519 5808 ζ
1588 5796 1609 5808 .
1695 5795 1724 5808 ..

254 5802 275 5832 ⁸
298 5795 432 5858 Editi,
469 5801 520 5853 in
543 5801 677 5852 dolo.
720 5800 892 5863 verius
918 5799 1102 5863 aliquot
1115 5805 1244 5861 Mss,
1265 5797 1444 5850 indole.
1487 5796 1660 5849 confer
1694 5795 1779 5847 lib.

195 5859 252 5910 de
274 5866 532 5927 lendacio,
552 5877 627 5914 cc.
651 5863 684 5913 5
707 5868 758 5911 ει
784 5859 858 5909 17.

1931 558 2190 614 visibilem
2222 573 2444 619 mortem
2475 581 2580 621 non
2609 569 2718 624 vult
2743 569 3013 628 hominem
3053 577 3276 646 prodere
3297 622 3314 647 ,
3345 596 3505 652 par-av

1928 656 2010 701 tus
2035 664 2155 707 esse
2191 653 2558 710 debetvernm
2584 660 2881 727 occultare,
2923 678 3028 719 non
3060 666 3248 723 falsum
3285 669 3502 736 dicere.

1910 751 1980 795 -ιιι
1996 755 2174 814 neque
2199 746 2384 814 prodat
2409 765 2586 819 neque
2605 754 2910 821 mentiatur,
2946 772 3013 812 ne
3038 760 3499 820 occidatanimam

1921 845 2072 886 suam
2100 851 2194 903 pro
2221 852 2447 907 corpore
2469 841 2704 897 alterius.
2733 842 2794 899 Si
2820 855 2999 902 autem
3029 851 3129 905 hoe
3153 853 3501 926 nondum—pe-

1921 932 2058 990 test;
2093 928 2172 981 vel
2199 930 2310 983 sola
2343 931 2498 1002 hujus
2519 937 2849 992 necessitatis
2877 940 3069 996 habent
3093 945 3368 1001 mendacia
3395 989 3412 1013 ,
3447 959 3502 1005 ut

1907 1015 2082 1070 etiam
2118 1018 2188 1072 ab
2231 1021 2380 1086 istis,
2409 1025 2452 1077 si
2493 1027 2604 1080 sola
2631 1032 3020 1099 remanserint,
3053 1034 3261 1090 liberari
3291 1051 3500 1094 merea-

1921 1113 2035 1171 tur,
2061 1117 2116 1161 et
2145 1108 2377 1178 Spiritus.
2413 1116 2775 1172 sanctirobur
2798 1121 3042 1191 accipere
3065 1164 3080 1189 ,
3111 1137 3218 1194 quo
3245 1127 3497 1198 quidquid

1920 1198 2320 1265 perpetiendum
2363 1213 2446 1258 est
2469 1215 2569 1274 pro
2608 1211 2832 1265 veritate
2860 1222 3186 1271 contemnat.
3232 1217 3345 1272 Duo
3373 1231 3497 1275 sum

1900 1287 2136 1340 omnino
2164 1304 2357 1359 genera
2403 1295 2798 1353 mendaciorum
2831 1301 2882 1354 in
2921 1304 3110 1372 quibus
3153 1321 3259 1362 non
3308 1321 3498 1380 magna

1918 1377 2069 1446 culpa
2099 1389 2213 1443 est,
2254 1383 2345 1436 sed
2385 1391 2562 1439 tamen
2606 1403 2710 1443 non
2750 1404 2875 1446 sunt
2898 1393 3014 1448 sine
3045 1397 3228 1465 culpa,
3259 1377 3498 1456 cumnam

1911 1465 2193 1560 jocamur,
2233 1481 2320 1526 aut
2359 1484 2418 1552 ut
2458 1479 2720 1545 prosimus
2761 1485 3066 1539 mentimur.
3097 1486 3227 1542 Illud
3265 1491 3494 1560 primum

1900 1558 2255 1650 ‘ht‘jocando,
2287 1564 2406 1618 ideo
2440 1581 2542 1620 non
2579 1577 2662 1623 est
2691 1573 3194 1646 perniciosissimum
3223 1558 3348 1650 quia
3382 1596 3493 1637 non

1916 1646 2045 1700 fallit
2069 1665 2084 1714 ;
2111 1655 2252 1705 novit
2281 1655 2421 1708 enim
2449 1657 2541 1712 ille
2563 1659 2647 1712 cui
2675 1659 2872 1716 dicitur
2893 1665 3043 1734 ,-joci
3061 1646 3395 1726 causa'esse'
3415 1671 3496 1726 di-

1913 1749 2076 1794 ctum.
2110 1742 2413 1802 Secundum
2444 1760 2620 1806 autem
2648 1752 2768 1808 ideo
2794 1756 2974 1812 mitius
2996 1769 3077 1813 est
3099 1800 3116 1827 ,
3141 1762 3261 1831 quia
3302 1763 3495 1820 retinet

1913 1836 2218 1890 nonnullam
2242 1838 2683 1898 benevolentiam.
2713 1845 2845 1901 Illud
2875 1865 3001 1904 vero
3027 1852 3166 1921 quod
3195 1843 3492 1911 non'babet

1911 1922 2106 1992 duplex
2143 1941 2267 1992 cur,
2318 1933 2776 1989 nec-mendacium
2801 1938 3014 2006 quidem
3041 1940 3325 1996 dicendum”
3363 1953 3445 2000 est
3474 1963 3488 1998 :

1889 2019 2157 2084 tanquam
2178 2059 2192 2082 ,
2222 2019 2365 2074 verbi
2389 2023 2585 2091 gmtis,
2613 2024 2658 2078 si
2685 2025 2784 2079 cui
2826 2027 3032 2096 gladius
3052 2032 3454 2101 commendetur
3472 2076 3487 2100 ,

1911 2115 1960 2160 et
1995 2108 2264 2175 promittat
2289 2125 2348 2165 se
2373 2112 2700 2169 redditurum
2721 2131 2844 2170 cum
2869 2118 2958 2173 ille
2981 2120 3071 2190 qui
3091 2122 3486 2180 commendavit

1910 2199 2248 2266 poposcerit;
2278 2201 2322 2255 si
2369 2201 2504 2258 forte
2551 2205 2784 2275 gladium
2822 2225 2977 2264 suum
3021 2220 3237 2282 repetat
3270 2213 3487 2282 furens,

1909 2288 2244 2348 manifestum
2282 2301 2363 2346 est
2391 2301 2514 2348 tunc
2539 2310 2642 2351 non
2681 2312 2801 2352 esse
2824 2298 3187 2368 reddendum,
3220 2318 3286 2358 ne
3313 2304 3397 2358 vel
3426 2317 3487 2360 se

1909 2380 2114 2437 occidat
2141 2383 2224 2437 vel
2266 2383 2428 2451 alios,
2475 2386 2647 2443 donec
2683 2390 2732 2443 ei
2779 2390 2978 2446 sanitas
3019 2393 3346 2449 restituatur.
3377 2393 3490 2451 llic

1887 2469 2028 2525 ideo
2057 2487 2162 2527 non
2197 2473 2358 2530 habet
2383 2476 2576 2546 duplex
2602 2492 2727 2544 cor,
2753 2479 2876 2551 quia
2917 2481 3004 2538 ille
3038 2484 3120 2538 cui
3147 2485 3489 2541 commenda-

1906 2568 1990 2616 tus
2016 2571 2098 2618 est
2125 2564 2330 2634 gladius
2352 2609 2368 2634 ,
2411 2583 2530 2622 cum
2577 2570 2916 2638 promittebat
2943 2587 3002 2628 se
3029 2571 3356 2630 reddi-turum
3389 2591 3486 2645 po-

1904 2653 2094 2722 sccnti,
2123 2669 2226 2709 non
2247 2657 2792 2728 cogitabatl‘urcntem
2819 2676 2978 2732 posse
2997 2671 3262 2733 repetere.
3288 2664 3485 2721 Verum

1903 2756 2082 2802 autem
2125 2750 2409 2805 occultavit
2449 2761 2504 2806 et
2532 2751 2821 2818 Dominus,
2864 2771 2983 2810 cum
3031 2755 3302 2826 discipulis
3347 2773 3484 2813 non-

1903 2834 2027 2889 dum
2055 2828 2259 2892 idoneis
2285 2839 2455 2895 dixit:
2486 2840 2655 2896 Multa
2681 2841 2839 2897 habeo
2859 2845 2996 2898 vobis
3015 2844 3209 2912 dicere,
3239 2847 3329 2900 sed
3348 2863 3484 2900 nunc

1902 2943 2003 2980 non
2047 2930 2253 2998 potestis
2277 2941 2480 3000 portare
2506 2930 2597 2985 illa
2627 2931 2814 3005 (Joan.
2843 2951 2965 3002 xvt,
2999 2935 3129 3006 12);
3173 2945 3486 3006 etapesto-

1901 3017 1985 3073 lus
2015 3019 2207 3076 Paulus
2236 3035 2356 3076 cum
2382 3022 2457 3080 ait
2481 3040 2494 3077 :
2526 3021 2649 3077 Non
2678 3025 2820 3094 potui
2846 3025 2985 3094 loqui
3007 3026 3142 3080 uobis
3165 3029 3308 3098 quasi
3331 3029 3485 3098 spiri-

1901 3113 2152 3180 tualibus,
2198 3116 2286 3170 sed
2325 3117 2470 3182 quasi
2510 3119 2794 3173 carnalibus
2834 3119 3030 3191 (lCor.
3060 3136 3147 3186 ιιι,
3195 3122 3283 3192 l).
3329 3119 3484 3178 Unde

1898 3204 2242 3262 manifestum
2282 3218 2365 3262 est
2407 3223 2514 3264 non
2544 3225 2662 3265 esse
2687 3210 3005 3280 culpandum
3030 3252 3045 3278 ,
3077 3212 3362 3282 aliquando
3392 3229 3482 3268 ve-

1899 3309 2017 3348 rum
2066 3304 2262 3353 tacere.
2315 3297 2528 3353 Falsum
2579 3309 2754 3356 autem
2801 3300 3020 3368 dicere,
3066 3316 3172 3356 non
3216 3301 3480 3356 invenitur

1897 3401 2208 3444 concessum
2242 3405 2360 3445 esse
2389 3391 2652 3459 perfectis.
3220 3419 3222 3422 ·
3341 3416 3343 3418 ·

1969 3478 2024 3533 8.
2063 3477 2237 3532 Virum
2259 3481 2561 3551 sanguinum
2587 3493 2634 3538 ct
2661 3483 2890 3537 dolorum
2919 3484 3285 3538 abominabitur
3309 3481 3480 3538 Domi-

1896 3583 2012 3622 nus.
2055 3567 2235 3622 Potest
2260 3567 2346 3624 hic
2371 3580 2516 3625 recte
2545 3571 2708 3626 videri
2741 3574 3020 3642 repetitum
3052 3575 3192 3642 quod
3223 3576 3296 3629 ait
3321 3590 3479 3646 supe-

1895 3657 2004 3712 rius
2037 3673 2051 3710 :
2087 3657 2252 3712 Odisti
2280 3662 2579 3731 omnesqui
2614 3671 2888 3730 operantur
2911 3664 3219 3735 iniquitatem
3240 3706 3255 3731 ,
3301 3666 3480 3736 perdes

1895 3764 2066 3803 omnes
2086 3749 2172 3819 qui
2198 3749 2471 3819 loquuntur
2496 3751 2808 3805 mendacium
2831 3767 2850 3816 ,°
2876 3761 2933 3806 ut
2975 3754 3138 3807 virum
3175 3755 3480 3826 sanguinum

1895 3838 1961 3892 ad
1987 3848 2293 3908 operantem
2324 3841 2651 3912 iniquitatem
2677 3839 2878 3897 releras
2895 3884 2911 3910 ,
2938 3843 3168 3897 dolosam
3206 3853 3383 3919 autem
3410 3845 3478 3901 ad

1893 3929 2228 3984 mendacium
2254 3948 2268 3985 :
2293 3930 2448 3985 dolus
2476 3931 2618 3986 enim
2645 3939 2724 3986 cst
2742 3973 2757 3997 ,
2789 3946 2909 3988 cum
2931 3933 3072 3988 aliud
3097 3935 3270 4004 agitur
3289 3977 3302 3999 ,
3332 3935 3479 3991 aliud

1894 4019 2192 4074 simulatur.
2224 4020 2290 4075 Et
2315 4030 2441 4091 apto
2464 4021 2626 4076 verbo
2653 4036 2778 4075 usus
2805 4032 2885 4077 est
2910 4024 3050 4094 quod
3080 4025 3184 4091 ait,
3219 4010 3480 4080 abomina-

1893 4110 2064 4176 bitur;
2107 4113 2280 4166 solent
2304 4112 2446 4167 enim
2484 4112 2772 4167 abominati
2812 4113 2950 4179 dici,
2992 4113 3312 4170 exhaeredati
3344 4133 3356 4171 :
3391 4116 3478 4172 hic

1892 4211 2070 4257 autem
2113 4203 2348 4274 psalmus
2387 4220 2478 4273 pro
2520 4221 2578 4258 ea
2606 4212 2688 4258 est
2729 4220 2844 4272 qua:
2879 4205 3220 4259 facunditatem
3256 4207 3474 4277 accipit,

1893 4307 2011 4362 qua:
2057 4293 2267 4362 subjicit
2311 4292 2717 4349 exsultationem
2760 4294 2873 4364 spei
2918 4308 3059 4360 suae,
3100 4294 3283 4349 dicens
3316 4295 3477 4367 :‘Ego

1892 4395 2059 4439 autem
2085 4386 2137 4438 in
2174 4385 2494 4441 multitudine
2520 4384 2852 4440 miserationis
2884 4395 2986 4437 tua:
3005 4424 3019 4448 ,
3060 4385 3273 4439 introibo
3302 4390 3354 4438 in
3379 4387 3476 4438 do-

1859 4475 2029 4530 'mum
2072 4486 2232 4529 tuam.
2278 4473 2344 4528 In
2385 4473 2700 4528 multitudine
2729 4473 3101 4541 miserationis,
3143 4473 3369 4529 fortasse
3420 4475 3474 4530 in

1892 4565 2229 4621 multitudine
2253 4549 2529 4617 hominum
2559 4561 2911 4632 perfecturum
2940 4571 2994 4617 et
3019 4563 3292 4642 beatorum
3323 4553 3472 4630 dicit,

1891 4655 2080 4728 quibus
2109 4655 2298 4710 civitas
2339 4653 2431 4709 illa
2459 4653 2754 4719 constabit,
2799 4668 2956 4724 quam
2987 4665 3127 4708 nunc
3154 4655 3383 4725 parturit
3408 4665 3477 4713 et

1889 4747 2141 4820 paulatim
2183 4747 2320 4819 parit
2358 4746 2612 4802 Ecclesia.
2655 4747 2907 4801 Homines
2945 4756 3120 4802 autem
3151 4748 3344 4803 multos
3382 4765 3473 4805 re-

1889 4849 2170 4912 generalos
2212 4849 2372 4910 atque
2417 4839 2708 4909 perfectos,
2741 4845 2886 4894 recte
2932 4839 3034 4894 dici
3081 4840 3474 4897 multitudinem

1890 4930 2244 4986 miserationis
2283 4929 2374 4984 Dei
2413 4930 2532 5000 quis
2570 4937 2761 4998 negat,
2793 4943 2914 4982 cum
2963 4929 3236 4984 verissime
3273 4929 3472 5005 dictum

1888 5021 1959 5077 sit
1989 5038 2002 5073 :
2039 5020 2174 5088 Quid
2196 5029 2268 5074 est
2305 5020 2482 5087 hante,
2531 5019 2665 5090 quod
2706 5036 2895 5073 memor
2932 5037 2983 5074 cs
3021 5022 3167 5090 ejus;
3211 5031 3299 5075 aut
3336 5023 3476 5091 ﬁlius

1891 5113 2107 5166 hominis
2127 5153 2142 5179 ,
2169 5112 2286 5183 quin
2311 5112 2482 5166 visitas
2505 5127 2614 5163 eum
2684 5109 2828 5165 Psal.
2872 5128 2963 5166 vm
2983 5154 2999 5181 ,
3027 5112 3059 5166 5
3079 5115 3140 5183 )2
3164 5112 3391 5169 Introibo
3419 5116 3473 5170 εει

1890 5203 2094 5260 domum
2125 5213 2262 5257 luant
2289 5221 2302 5256 :
2333 5213 2577 5271 tanquam
2606 5201 2739 5272 lapis
2758 5245 2774 5271 ,
2816 5203 2976 5259 credo
2999 5246 3013 5271 ,
3055 5205 3110 5259 in
3147 5205 3428 5262 aedilicium
3453 5247 3471 5275 ,

1847 5299 1850 5306 ’
1889 5295 2086 5350 dictum
2127 5302 2226 5348 est.
2258 5293 2393 5359 Quid
2421 5293 2560 5347 enim
2601 5292 2741 5348 aliud
2781 5294 2972 5350 domus
3013 5295 3104 5349 Dei
3143 5314 3300 5368 quam
3333 5309 3468 5352 tem-

1887 5387 2029 5460 plum
2063 5388 2151 5442 Dei
2179 5397 2259 5442 est
2281 5430 2294 5453 ,
2326 5389 2392 5442 de
2420 5404 2524 5459 quo
2552 5388 2748 5443 dictum
2781 5398 2862 5444 est
2885 5409 2898 5443 :
2925 5390 3184 5462 Templum
3213 5394 3343 5446 enim
3370 5389 3466 5444 Dei

1887 5488 2114 5532 sanctum
2141 5488 2233 5545 εει,
2259 5478 2393 5550 quod
2412 5481 2529 5533 estis
2554 5495 2639 5533 vos
2660 5481 2677 5550 (
2699 5479 2718 5532 l
2739 5478 2856 5534 Cor.
2886 5497 2939 5535 ιιι
2962 5523 2978 5550 ,
3004 5481 3100 5553 17)
3121 5481 3145 5533 ‘l
3168 5482 3316 5551 cujus
3343 5479 3472 5533 mdi-

1890 5570 1991 5626 ficii
2020 5572 2153 5642 lapis
2192 5571 2460 5643 angularis
2489 5582 2570 5627 est
2600 5573 2687 5627 ille
2731 5570 2958 5645 (Ephes.
3005 5591 3076 5642 ιι,
3120 5572 3220 5644 20)
3247 5615 3260 5639 ,
3295 5589 3467 5644 quem

1887 5663 2118 5734 suscepit
2141 5674 2401 5737 coaeterna
2431 5661 2574 5717 Patri
2605 5661 2785 5718 Virtus
2812 5672 2865 5717 et
2889 5663 3142 5733 sapientia
3174 5652 3288 5737 Dei.

1957 5756 2010 5811 9.
2052 5756 2285 5810 Adorabo
2327 5755 2397 5808 ad
2433 5755 2673 5826 templum
2711 5765 2938 5810 sanctum
2982 5766 3118 5806 tuum
3141 5753 3164 5820 ,‘
3201 5755 3252 5808 in
3288 5755 3464 5810 timore

1888 5857 2010 5902 tuo:
2050 5847 2116 5902 ad
2154 5848 2390 5919 templum
2418 5847 2552 5902 sicut
2581 5863 2745 5919 prope
2795 5844 3046 5914 templum
3088 5845 3464 5917 intelligimus;
