4042 6484
611 430 679 486 87
1103 391 1106 396 ’
1824 419 1881 476 s.
1921 411 2282 480 AUGUSTINI
2318 411 2620 471 EPISCGP!
3773 420 3842 478 αθ

609 557 719 597 ιιοιι
743 539 884 596 enim
925 540 1032 608 ait,
1061 536 1306 594 Adorabo
1333 536 1386 591 in
1431 533 1624 603 templo
1665 541 1850 588 saneto
1889 539 2012 596 tuo,
2055 525 2173 593 sed,

608 629 844 686 Adarabo
889 629 957 683 ad
1003 626 1246 698 templum
1294 633 1522 680 sanctum
1572 633 1731 676 tuum.
1778 617 2176 688 Intelligendum

609 718 770 776 etiam
799 727 882 774 est
907 733 1016 774 non
1055 717 1123 772 de
1168 715 1521 786 perfectione,
1559 711 1655 770 sed
1695 710 1764 765 de
1801 721 2084 778 progressu
2110 703 2178 766 ad

613 810 992 880 perfectionem
1014 808 1211 864 dictum
1237 821 1394 872 esse;
1438 813 1497 859 ut
1535 801 1664 859 illud
1698 799 2077 871 perfectionem
2102 795 2178 850 si-

612 898 828 968 gniticet
845 937 862 962 ,
890 895 1116 952 Introibo
1143 897 1195 950 in
1221 896 1425 954 domum
1451 902 1608 949 tuam.
1637 888 1743 950 Sed
1781 896 1839 944 ut
1863 888 1964 944 hoc
1990 897 2180 953 prove-

615 991 747 1053 niat,
776 990 921 1059 prius
939 988 1180 1054 adorabo,
1203 985 1388 1056 inquit.
1413 985 1482 1043 ad
1509 982 1748 1052 templum
1765 988 1989 1039 sanctum
2009 987 2148 1032 tuum
2160 990 2182 1040 ;

616 1087 673 1134 et
697 1078 925 1134 fortasse
953 1077 1024 1132 ob
1049 1076 1152 1132 hoc
1174 1074 1409 1140 addidit,
1449 1072 1502 1133 in
1527 1072 1706 1128 timore.
1736 1079 1822 1126 tuo
1839 1109 1856 1134 ,
1901 1065 2042 1136 quod
2071 1079 2182 1125 nia-

616 1179 778 1239 gnum
807 1177 889 1224 est
912 1167 1216 1239 praesidium
1240 1161 1644 1235 procedentibus
1687 1158 1752 1214 ad
1781 1158 2024 1220 salutem.
2052 1155 2182 1209 Cum

617 1268 796 1314 autem
815 1257 1037 1328 quisque
1061 1253 1378 1326 pervenerit,
1404 1251 1496 1310 (let
1515 1251 1570 1312 in
1596 1263 1666 1309 eo
1681 1247 1822 1319 quod
1842 1245 2042 1312 dictum
2063 1251 2144 1300 est
2167 1260 2183 1298 :

619 1349 976 1407 Consumntata
998 1344 1196 1411 dilectio
1222 1345 1360 1415 [oras
1397 1340 1546 1406 mittit
1573 1339 1801 1394 timorem
1827 1335 1884 1409 (l
1906 1334 2063 1395 lacn.
2093 1348 2186 1398 ιιι,

619 1436 689 1499 18
713 1437 732 1506 )
754 1477 770 1502 ,
798 1451 902 1494 non
927 1435 1070 1500 enim
1097 1434 1282 1500 timent
1299 1433 1410 1503 jam
1436 1430 1664 1487 amicum
1689 1430 1708 1480 ι
1731 1468 1748 1494 ,
1776 1427 1964 1498 quibus
1986 1424 2185 1486 dictum

621 1536 704 1588 οει
734 1544 750 1592 ξ
781 1525 902 1590 Jam
937 1541 1037 1582 non
1083 1524 1250 1591 dicam
1285 1538 1371 1586 uos
1411 1536 1605 1586 servos,
1648 1519 1736 1583 sed
1778 1518 1964 1582 amicos
1992 1514 2183 1585 (Joan.

624 1631 731 1681 xv,
777 1616 924 1688 l5),
952 1630 1076 1680 cum
1114 1613 1263 1680 adid
1289 1611 1428 1684 quod
1470 1610 1787 1682 promissum
1827 1616 1910 1671 est
1949 1604 2188 1690 perducti

623 1705 838 1769 fuerint.

697 1797 785 1853 lo.
827 1794 990 1868 [νοτε.
1017 1795 1090 1868 9,
1141 1791 1272 1866 10.]
1300 1793 1513 1850 Domine
1532 1831 1547 1855 ,
1572 1791 1732 1860 deduc
1756 1805 1836 1844 me
1854 1788 1908 1843 in
1935 1796 2023 1842 tua
2036 1788 2190 1859 justi-

629 1886 698 1942 tia
724 1893 927 1956 prqpter
951 1884 1176 1950 inimicos
1205 1897 1339 1940 meos
1366 1897 1384 1936 :
1411 1881 1540 1936 satis
1564 1880 1650 1935 hic
1675 1878 1959 1938 declaravit
1981 1877 2033 1932 in
2059 1891 2190 1947 pro-

625 1974 856 2043 factione
879 1989 938 2036 se
961 1988 1106 2040 esse,
1153 1973 1205 2030 id
1233 1979 1315 2040 est
1339 1973 1392 2035 in
1419 1979 1666 2041 provectu
1689 1968 1758 2036 ad
1782 1967 2158 2038 perfectionem
2173 2006 2190 2032 ,

627 2065 868 2135 nondum
883 2063 935 2118 in
961 2063 1068 2133 ipsa
1095 2061 1420 2132 perfectione
1437 2100 1452 2128 ,
1482 2058 1693 2130 quando
1713 2067 1770 2112 ut
1793 2057 2082 2124 deducatur
2100 2071 2194 2116 ex-

629 2161 795 2224 optat.
825 2152 892 2223 In
920 2162 1006 2206 tua
1023 2150 1226 2221 justitia
1253 2158 1426 2218 autem
1447 2189 1462 2214 ,
1492 2163 1598 2213 non
1641 2147 1694 2202 in
1723 2162 1786 2206 ea
1829 2162 1947 2215 qua:
1989 2144 2196 2202 videtur

629 2240 948 2312 hominibus.
975 2239 1106 2312 Nam
1137 2246 1191 2299 et
1216 2238 1412 2311 malum
1455 2251 1551 2306 pro
1578 2235 1718 2290 malo
1743 2234 1968 2293 reddere
1989 2273 2006 2298 ,
2043 2233 2197 2304 justi-

629 2332 703 2406 tia
727 2331 964 2412 videtur,
989 2329 1083 2396 sed
1107 2345 1214 2393 non
1243 2336 1324 2384 est
1350 2327 1465 2397 ejus
1490 2326 1556 2386 de
1584 2341 1689 2402 quo
1716 2325 1914 2384 dictum
1943 2332 2026 2395 est
2051 2341 2065 2378 :
2097 2323 2196 2390 Qui

632 2423 752 2494 facit
778 2423 900 2488 oriri
916 2422 1072 2496 solem
1094 2436 1241 2491 suum
1265 2436 1416 2496 super
1441 2418 1594 2473 bonos
1616 2426 1661 2472 et
1689 2418 1848 2471 malos
1871 2418 1889 2486 (
1909 2415 2094 2482 Hattlt.
2127 2432 2159 2468 v
2175 2456 2190 2480 ,

629 2493 743 2588 λεὶ
766 2528 786 2588 ί
811 2512 932 2587 quia
956 2493 1148 2580 etcum
1179 2509 1324 2579 punit
1347 2493 1487 2564 Deus
1512 2516 1835 2577 peccatores,
1868 2521 1970 2560 non
2001 2506 2196 2572 malum

630 2617 784 2670 suum
814 2602 894 2661 eis
919 2601 1098 2667 infert,
1129 2601 1221 2656 sed
1248 2600 1400 2658 malis
1435 2613 1618 2655 eorum
1642 2612 1734 2654 eos
1759 2597 1973 2668 dimittit
2001 2615 2014 2651 :
2043 2596 2194 2662 Ecce,

629 2691 825 2767 inquit,
857 2693 1091 2760 parturiit
1116 2690 1411 2766 iniustitiam
1430 2729 1445 2754 ,
1486 2689 1710 2758 concepit
1737 2689 1954 2743 laborem
1977 2729 1992 2754 ,
2023 2697 2068 2742 et
2105 2703 2195 2757 pe-

631 2783 761 2859 perit
779 2782 1089 2867 iniquitatem
1114 2797 1134 2836 :
1162 2782 1328 2842 lacum
1363 2781 1560 2850 aperuit
1585 2788 1631 2835 et
1659 2778 1833 2848 effodit
1860 2795 1974 2848 eum
1997 2819 2012 2844 ,
2040 2787 2086 2832 et
2113 2779 2198 2844 in-

631 2872 755 2942 cidit
795 2872 850 2925 in
883 2876 1077 2944 foueam
1113 2888 1264 2950 quam
1306 2880 1540 2944 operatus
1576 2881 1647 2938 est
1669 2887 1688 2925 :
1710 2880 2019 2936 convertatur
2051 2870 2201 2932 dolor

766 2963 819 3036 in
847 2973 998 3035 caput
1017 2965 1127 3039 ejus
1149 3008 1164 3032 ,
1191 2973 1236 3021 et
1265 2964 1316 3021 in
1336 2965 1563 3026 terticem
1589 2964 1698 3036 ejus
1722 2963 1958 3040 iniquitas
1978 2963 2085 3037 ciu:
2109 2961 2204 3036 de-

631 3056 830 3130 scendet
857 3057 876 3127 (
903 3057 1045 3132 Psal.
1077 3073 1185 3124 vn,
1233 3059 1396 3130 l5,-l'l
1418 3057 1458 3129 ).
1497 3057 1630 3130 Cum
1668 3073 1798 3132 ergo
1842 3059 1990 3132 punit
2017 3059 2157 3112 Deus
2181 3099 2196 3124 ,

633 3154 694 3211 ut
711 3145 873 3220 inde;
902 3147 1052 3218 punit
1075 3161 1167 3210 eos
1191 3147 1280 3216 qui
1307 3147 1476 3218 legem
1505 3156 1852 3216 praetereunt,
1886 3162 1989 3201 non
2014 3147 2093 3202 eis
2119 3147 2202 3214 in-

633 3230 817 3304 ferens
849 3234 916 3304 de
953 3235 1128 3314 seipso
1177 3235 1408 3311 malum,
1432 3235 1525 3291 sed
1554 3235 1607 3290 in
1649 3235 1700 3289 id
1741 3220 1881 3304 quod
1929 3235 2203 3303 elegerunt

633 3336 730 3393 eos
766 3324 1035 3396 expellens
1062 3324 1128 3379 ad
1153 3325 1516 3394 complendam
1555 3340 1813 3383 summam
1843 3324 2197 3378 miseriarum.

633 3411 806 3486 ῌοωο
850 3421 1025 3488 autem
1069 3427 1196 3480 cum,
1235 3413 1432 3468 malum
1472 3428 1569 3484 pro
1619 3414 1759 3468 malo
1802 3413 2010 3479 reddit,
2061 3414 2202 3468 malo

633 3510 760 3566 voto
801 3501 852 3564 id
883 3501 1032 3570 facit;
1072 3510 1128 3568 et
1165 3502 1235 3568 ob
1263 3501 1365 3578 hoc
1403 3503 1547 3572 prior
1574 3502 1688 3575 ipse
1713 3502 1882 3573 malus
1910 3511 2025 3570 est,
2074 3501 2197 3565 dum

640 3590 828 3678 punire
854 3591 961 3661 vult
991 3591 1208 3666 malum.

707 3683 795 3737 il.
839 3681 1014 3754 Dirige
1047 3683 1099 3735 in
1127 3692 1386 3752 conspectu
1415 3691 1500 3737 tuo
1521 3683 1616 3736 iter
1655 3699 1835 3736 meum.
1865 3681 2010 3736 Nihil
2038 3682 2206 3753 mani-

636 3769 822 3835 festius
848 3779 955 3833 est,
1002 3785 1158 3841 quam
1201 3772 1254 3826 in
1299 3780 1506 3840 tempus
1549 3786 1669 3826 eum
1699 3771 2072 3826 commendare
2101 3787 2204 3840 quo

637 3858 885 3942 proficit;
916 3858 1015 3914 hoc
1058 3868 1140 3925 est
1163 3861 1304 3914 enim
1332 3862 1432 3914 iter
1455 3860 1596 3931 quod
1627 3875 1732 3914 non
1776 3870 2035 3915 terrarum
2077 3862 2206 3916 locis

638 3950 941 4028 peragitur,
981 3949 1077 4018 sed
1119 3950 1392 4025 affectibus
1439 3952 1754 4012 animorum.
1805 3951 1873 4008 In
1910 3962 2203 4024 conspectu,

641 4039 810 4112 inquit
837 4079 853 4106 ,
883 4048 968 4102 tuo
1003 4039 1162 4110 dirige
1188 4041 1282 4095 iter
1318 4057 1481 4105 meum
1506 4057 1523 4094 :
1550 4041 1598 4094 id
1629 4051 1710 4094 est
1732 4081 1747 4104 ,
1775 4042 1866 4100 ubi
1897 4043 2071 4106 nullus
2111 4042 2208 4095 ho-

639 4129 840 4202 minum
869 4127 1035 4208 videt,
1052 4130 1240 4198 quibus
1265 4129 1584 4200 credendum
1613 4146 1718 4200 non
1745 4140 1828 4186 est
1853 4132 2204 4200 laudantibus,

641 4229 733 4292 aut
757 4221 1210 4290 vituperantibus;
1241 4237 1344 4274 non
1375 4221 1515 4293 enim
1560 4221 1668 4275 ullo
1709 4221 1867 4274 modo
1896 4231 2116 4290 possunt
2141 4221 2207 4276 de

639 4309 811 4383 aliena
833 4309 1155 4364 conscientia
1178 4308 1450 4378 judicare,
1498 4309 1550 4377 in
1594 4324 1696 4380 qua
1725 4310 1827 4365 iter
1853 4309 2096 4380 dirigitur
2137 4311 2204 4364 ad

639 4399 831 4472 Deum.
881 4399 1007 4475 Ideo
1046 4399 1288 4468 subjecit,
1325 4398 1575 4472 Quoniam
1595 4416 1695 4465 non
1741 4400 1893 4468 estin
1927 4415 2014 4453 ore
2035 4416 2209 4469 eorum.

636 4493 858 4562 peritas,
902 4494 1091 4562 quibus
1121 4493 1302 4564 utique
1339 4493 1695 4563 iudicantibus
1735 4510 1840 4550 non
1865 4503 1947 4559 est
1990 4494 2212 4550 creden-

637 4580 769 4650 dum
787 4622 800 4650 ,
843 4592 897 4651 et
925 4582 1044 4649 ideo
1082 4583 1221 4638 intro
1246 4583 1310 4636 ad
1337 4585 1712 4654 conscientiam
1751 4595 1805 4641 et
1830 4585 1896 4640 ad
1938 4586 2033 4641 Dei
2076 4602 2209 4640 con-

638 4681 880 4742 spectum
925 4671 1332 4742 confugiendum
1374 4683 1474 4732 est.
1522 4674 1622 4735 Car
1671 4692 1841 4729 eorum
1879 4692 2061 4735 vanum
2099 4687 2207 4748 est:

637 4759 906 4847 quomodo
950 4774 1079 4832 ergo
1123 4771 1296 4831 potest
1337 4776 1456 4817 esse
1500 4763 1556 4826 in
1604 4778 1700 4818 ore
1746 4778 1927 4830 eorum
1978 4766 2210 4831 veritas,

639 4867 865 4942 quorum
907 4867 1003 4907 cor
1047 4853 1244 4908 fallitur
1283 4853 1351 4917 de
1399 4862 1615 4923 peccato
1663 4861 1717 4908 et
1756 4870 1912 4924 pmna
1964 4857 2213 4926 peccati?

637 4943 790 5008 Unde
819 4953 1132 5016 revocantur
1161 4945 1400 5014 homines
1428 4945 1513 5008 illa
1560 4959 1689 5000 voce
1721 4964 1734 5000 :
1771 4945 1958 5017 thuid
2006 4948 2214 5019 diligitis

639 5037 936 5108 vanitatem,
965 5045 1012 5090 et
1036 5037 1258 5108 quwritis
1285 5037 1597 5108 mendacium
1629 5035 1810 5108 (Psal.
1842 5055 1892 5092 tv
1914 5081 1928 5103 ,
1963 5040 2024 5109 5)
2049 5042 2072 5092 ?

711 5127 798 5197 ιζ.
840 5124 1003 5200 [verm
1055 5124 1179 5200 ll.]
1234 5126 1538 5198 Sepulcrum
1577 5138 1758 5198 patens
1801 5137 1874 5181 est
1911 5139 2083 5199 guttur
2128 5147 2214 5185 eo-

645 5204 890 5289 rumtad
933 5219 1233 5289 voracitatis
1284 5218 1722 5288 signiﬁcationem
1775 5219 1964 5286 referri
2006 5230 2210 5290 potest,

639 5315 858 5390 propter
893 5323 1050 5376 quam
1097 5309 1405 5382 plerumque
1441 5309 1680 5371 homines
1721 5311 2022 5378 adulatione
2068 5330 2214 5369 men-

641 5396 860 5468 tiuntur.
890 5397 956 5452 Et
979 5397 1287 5453 mirabiliter
1309 5399 1439 5459 dixit
1464 5441 1479 5465 ,
1508 5409 1682 5470 patens
1722 5403 2048 5476 sepulcrum;
2077 5419 2212 5474 quo-
2276 5401 2278 5404 ’

641 5487 780 5541 niam
809 5501 1021 5555 semper
1057 5486 1223 5541 inhiat
1259 5489 1344 5543 illa
1391 5491 1684 5558 voracitas,
1733 5506 1838 5564 non
1871 5502 1927 5547 ut
1971 5494 2212 5563 sepulcra

640 5593 760 5646 quae
795 5577 1022 5649 receptis
1049 5577 1391 5646 cadaveribus
1420 5582 1746 5652 muniuntur.
1789 5583 1972 5641 Potest
2001 5593 2054 5638 et
2083 5585 2210 5653 illud

639 5669 893 5742 intelligi,
938 5669 1078 5742 quod
1118 5670 1394 5726 mendacio
1439 5683 1491 5729 et
1528 5674 1715 5736 blanda
1759 5675 2061 5737 adulatione
2107 5685 2214 5737 tra-

701 5779 717 5806 ⁶
739 5781 1036 5844 Gatiaqepsis
1057 5781 1229 5847 codex,
1253 5781 1412 5849 amici.

2283 521 2416 580 bunt
2449 523 2503 578 in
2529 539 2587 579 se
2613 537 2746 594 quos
2768 525 2834 580 ad
2864 534 3076 595 peccata
3102 526 3366 590 illectant,
3393 535 3447 583 et
3471 540 3565 582 eos
3594 537 3840 600 tanquam

2281 615 2534 672 devorant
2557 631 2676 672 cum
2715 617 2767 670 in
2812 632 2960 671 suam
2997 617 3154 672 vitam
3181 626 3517 673 convertunt.
3546 617 3698 685 Quod
3720 623 3841 690 qui-

2282 705 2383 762 bus
2409 707 2662 775 contingit
2685 706 2932 775 quoniam
2959 716 3175 776 peccato
3201 708 3499 763 moriuntur
3523 710 3541 741 ¹
3557 750 3572 774 ,
3604 719 3748 765 recte
3770 711 3843 766 illi

2282 809 2314 850 a
2359 796 2549 864 quibus
2582 795 2934 863 inducuntur,
2974 799 3215 868 sepulcra
3253 799 3484 868 patentia
3518 799 3645 854 dicti
3689 810 3841 868 sunt;

2283 887 2406 954 quia
2434 895 2489 942 et
2515 887 2612 956 ipsi
2641 887 3028 957 quodammodo
3067 891 3336 946 exanimes
3363 899 3487 948 sunt
3533 891 3694 947 vitam
3738 907 3844 949 non

2285 977 2529 1036 habendo
2568 979 2828 1044 veritatis,
2857 987 2912 1037 et
2953 989 3188 1039 mortuos
3231 982 3284 1037 in
3322 996 3382 1038 se
3420 981 3678 1051 recipiunt
3714 997 3848 1052 quos

2285 1069 2462 1124 verbis
2491 1069 2832 1127 mendacibus
2865 1081 2920 1126 et
2955 1087 3091 1129 vano
3123 1073 3282 1129 corde
3312 1075 3656 1143 interemptos
3695 1076 3746 1130 in
3790 1091 3848 1132 se

2286 1169 2619 1217 convertunt.
2651 1160 2859 1232 Linguis
2881 1162 2985 1218 suis
3010 1163 3182 1220 dolose
3208 1164 3449 1233 agebant,
3478 1164 3528 1219 id
3556 1175 3638 1218 est
3662 1165 3851 1234 linguis

2287 1250 2479 1306 malis:
2506 1266 2626 1306 nam
2653 1251 2758 1307 hoc
2781 1252 2986 1307 videtur
3011 1253 3342 1322 significare,
3386 1270 3506 1312 cum
3549 1255 3675 1310 dicit
3713 1259 3848 1321 suis,

2287 1340 2410 1396 mali
2435 1342 2576 1396 enim
2597 1343 2762 1396 malas
2788 1342 2981 1396 habent
3002 1343 3223 1413 linguas;
3257 1344 3308 1398 id
3337 1354 3438 1410 est,
3471 1345 3605 1399 mala
3633 1345 3856 1415 loquuno

2289 1438 2406 1498 tur,
2438 1446 2556 1486 cum
2593 1431 2877 1502 loquuntur
2908 1433 3110 1488 dolum.
3153 1434 3354 1502 Quibus
3401 1436 3652 1491 Dominus
3689 1436 3853 1490 dicit:

2292 1521 2552 1588 Quomodo
2592 1524 2794 1593 potestis
2816 1523 2945 1582 bona
2987 1526 3158 1595 loqui,
3190 1542 3302 1597 cum
3335 1528 3445 1585 sitis
3487 1528 3608 1585 ntali
3632 1527 3853 1604 (Matth.

2290 1624 2362 1665 xu
2376 1649 2393 1676 ,
2417 1611 2484 1668 5i
2503 1610 2542 1680 ).
3062 1611 3064 1614 ’

2361 1699 2449 1762 15.
2487 1698 2676 1764 ludica
2716 1701 2864 1768 illos,
2904 1701 3041 1759 Deus
3074 1718 3094 1759 :
3129 1704 3364 1758 decidant
3403 1721 3436 1759 a
3476 1707 3860 1778 cogitationibus

2291 1787 2416 1850 suis.
2461 1787 2743 1858 Prophetia
2772 1799 2884 1857 est,
2915 1806 3019 1846 non
3048 1793 3346 1848 maledictio
3374 1811 3388 1848 :
3415 1810 3521 1849 non
3547 1795 3688 1850 enim
3715 1806 3861 1864 Optat

2293 1885 2354 1933 ut
2388 1877 2626 1946 eveniat,
2655 1879 2748 1934 sed
2793 1881 2963 1936 cernit
2988 1881 3112 1952 quid
3138 1893 3447 1946 eventurum
3475 1884 3576 1939 sit:
3604 1885 3862 1953 contingit

2294 1981 2521 2037 namque
2543 1967 2666 2036 illis,
2694 1983 2798 2028 non
2824 1969 2944 2038 quia
2966 1969 3172 2030 videtur
3196 1980 3443 2045 Optasse,
3469 1972 3563 2036 sed
3586 1973 3710 2042 quia
3733 1974 3864 2030 tales

2295 2065 2418 2111 sunt
2432 2066 2486 2112 ut
2507 2058 2695 2113 merito
2715 2059 2999 2128 contingat.
3014 2057 3103 2127 Sic
3117 2060 3256 2114 enim
3277 2070 3331 2115 et
3350 2061 3489 2130 quod
3513 2072 3692 2130 postea
3707 2061 3863 2128 dicit,

2296 2143 2552 2201 Letentur
2600 2163 2768 2201 omnes
2832 2149 2917 2218 qui
2964 2158 3168 2218 sperant
3196 2149 3249 2202 in
3287 2158 3360 2214 te,
3394 2165 3488 2218 per
3527 2150 3864 2220 prophetiam

2296 2238 2454 2303 dicit;
2478 2240 2725 2308 quoniam
2745 2240 2919 2294 cernit
2941 2253 3063 2294 esse
3088 2240 3376 2295 ltetaturos.
3400 2239 3488 2295 Sic
3512 2255 3604 2310 per
3631 2241 3864 2309 propher

2297 2329 2422 2384 tiam
2451 2328 2647 2384 dictum
2677 2338 2758 2385 est
2776 2371 2789 2394 ,
2814 2329 2992 2384 Eccita
3017 2332 3288 2400 potentiam
3324 2339 3459 2383 tuam
3483 2340 3529 2384 et
3553 2331 3663 2383 veni
3690 2327 3860 2399 (Psal.

2299 2434 2484 2483 Lxxtx,
2512 2422 2604 2490 3);
2645 2422 2891 2489 quoniam
2920 2420 3131 2476 videbat
3176 2435 3294 2476 cssc
3339 2429 3638 2475 venturum.
3689 2420 3865 2486 Quan-

2297 2525 2455 2580 quam
2477 2510 2639 2578 possit
2665 2511 2822 2574 etiam
2853 2510 2958 2564 hoc
2983 2509 3142 2568 modo
3165 2511 3330 2578 accipi
3356 2509 3496 2579 quod
3525 2510 3724 2564 dictum
3750 2519 3861 2575 est,

2298 2597 2529 2652 decidant
2554 2615 2586 2652 a
2613 2599 2989 2668 cogitationibus
3034 2599 3137 2654 suis
3161 2640 3175 2664 ,
3209 2607 3266 2652 ut
3313 2598 3481 2672 magis
3515 2598 3653 2654 bene
3689 2598 3757 2652 ab
3803 2612 3866 2651 eo

2298 2697 2533 2757 Optatum
2572 2688 2852 2767 credatur,
2880 2689 3005 2757 dum
3033 2688 3228 2746 cadunt
3254 2704 3284 2753 a
3315 2689 3721 2758 cogitationibus
3761 2688 3864 2748 suis

2299 2780 2470 2844 malis,
2502 2778 2553 2834 id
2580 2787 2680 2846 est,
2705 2787 2762 2835 ut
2783 2779 2891 2848 jam
2922 2794 3026 2834 non
3053 2780 3284 2848 cogitent
3309 2779 3468 2833 mala.
3499 2778 3605 2833 Sed
3633 2787 3769 2838 vetat
3791 2777 3864 2832 sic

2301 2873 2518 2942 intelligi
2556 2871 2696 2942 quod
2721 2873 2978 2942 sequitur,
2999 2872 3194 2941 expelle
3217 2885 3341 2934 eos;
3368 2870 3513 2925 nullo
3538 2871 3684 2925 enim
3714 2868 3867 2924 modo

2301 2969 2472 3036 potest
2498 2962 2550 3020 in
2579 2962 2770 3017 bonam
2797 2969 2996 3036 partem
3024 2961 3189 3034 accipi
3215 3001 3229 3032 ,
3261 2975 3378 3015 cum
3405 2959 3632 3029 quisque
3657 2959 3868 3030 expelli-

2302 3063 2389 3112 tur
2416 3071 2446 3109 a
2475 3056 2605 3111 Deo.
2637 3056 2968 3124 Quapropter
2995 3069 3088 3124 per
3115 3050 3443 3124 prophetiam
3483 3049 3684 3104 dictum
3709 3092 3724 3120 ,
3764 3065 3865 3108 non

2301 3161 2397 3216 per
2442 3145 2862 3208 malevolentiam
2893 3145 3232 3214 intelligitur;
3271 3159 3390 3198 cum
3418 3144 3518 3198 hoc
3545 3143 3746 3198 dictum
3772 3143 3864 3205 sit,

2301 3235 2442 3305 quod
2471 3235 2769 3296 necessario
2795 3233 2985 3296 talibus
3005 3243 3318 3288 eventurum
3347 3241 3428 3287 est
3446 3274 3462 3299 ,
3488 3232 3575 3301 qui
3606 3234 3660 3286 in
3687 3245 3868 3301 pecca-

2304 3326 2372 3378 tis
2393 3339 2510 3393 quze
2535 3332 2822 3376 memorata
2850 3331 2975 3391 sunt
3015 3337 3357 3392 perseverare
3402 3323 3688 3377 voluerint.
3729 3320 3870 3374 Decio

2303 3414 2425 3466 dant
2451 3426 2577 3482 ergo
2617 3429 2648 3464 a
2676 3412 3052 3482 cogitationibus
3075 3413 3207 3476 suis,
3241 3399 3436 3479 dictum
3480 3422 3594 3477 est;
3633 3413 3870 3474 decidant

2303 3501 2669 3556 accusantibus
2694 3517 2752 3556 se
2778 3501 3180 3571 cogitationibus
3209 3502 3338 3567 suis,
3367 3502 3729 3562 testimonium
3758 3516 3870 3574 per-

2307 3591 2522 3662 hibente
2561 3591 2884 3646 conscientia
2927 3605 3053 3657 sua,
3099 3591 3234 3644 sicut
3281 3591 3561 3658 Apostolus
3599 3591 3764 3644 dicit:
3811 3588 3869 3656 Et

2305 3681 2664 3750 cagitationum
2711 3681 3054 3734 accusantium
3103 3696 3190 3733 seu
3219 3679 3588 3748 defendentium
3614 3720 3630 3743 ,
3667 3680 3719 3732 in
3745 3693 3871 3731 rere-

2307 3769 2491 3826 latione
2503 3770 2634 3838 justi
2643 3769 2828 3839 judicii
2849 3768 2942 3821 Dei
2970 3767 3162 3840 (Rom.
3193 3784 3258 3834 tt,
3293 3769 3388 3832 15,
3419 3769 3484 3822 16
3504 3767 3548 3838 ).

2379 3860 2464 3928 ll.
2495 3859 2783 3916 Secundum
2826 3859 3194 3920 multitudinem
3231 3859 3538 3926 impietatum
3565 3875 3740 3912 eorum
3785 3874 3867 3912 ea:-

2310 3953 2438 4020 pelle
2457 3968 2540 4009 eos
2564 3967 2583 4006 :
2613 3951 2661 4004 id
2687 3960 2788 4012 est,
2807 3950 2961 4019 longe
2987 3965 3080 4012 eos
3108 3950 3349 4018 expelle;
3379 3949 3479 4008 hoc
3504 3958 3586 4003 est
3627 3951 3765 4003 enim
3792 3965 3868 4002 se-

2308 4043 2526 4095 cundum
2563 4042 2930 4095 multitudinem
2971 4041 3496 4111 impietatumeorum,
3551 4050 3613 4094 ut
3658 4041 3871 4093 multum

2308 4133 2655 4202 expellantur.
2687 4131 3043 4203 Expelluntur
3088 4146 3218 4204 ergo
3248 4131 3394 4200 impii
3437 4130 3505 4184 ab
3532 4130 3622 4184 illa
3657 4128 3872 4183 haeredi-

2312 4232 2418 4277 tate
2444 4238 2562 4293 qua:
2601 4221 2940 4292 intelligendo
2979 4231 3034 4275 et
3069 4221 3299 4275 videndo
3329 4221 3494 4274 Deum
3539 4219 3870 4288 possidetur;

2311 4314 2446 4369 sicut
2469 4304 2807 4383 expelluntur
2823 4313 3047 4368 morbidi
3068 4312 3205 4367 oculi
3224 4311 3424 4382 fulgore
3447 4312 3601 4377 lucis,
3632 4327 3748 4366 cum
3777 4311 3874 4364 illis

2311 4419 2372 4467 ea
2401 4420 2556 4475 poena
2583 4415 2664 4462 est
2705 4421 2823 4476 qua:
2866 4406 2984 4460 aliis
3009 4406 3208 4472 laetitia.
3238 4404 3353 4460 Non
3403 4419 3528 4475 ergo
3576 4405 3678 4474 ipsi
3725 4417 3873 4456 mane

2312 4501 2577 4565 astabunt,
2606 4511 2660 4558 et
2685 4501 2957 4554 videbunt.
2983 4499 3048 4554 Et
3085 4508 3189 4556 tam
3232 4513 3418 4567 magna
3465 4513 3624 4565 poena
3666 4506 3745 4551 est
3782 4496 3874 4548 ista

2313 4591 2570 4660 expulsio,
2599 4606 2754 4660 quam
2787 4605 3030 4659 magnum
3062 4590 3331 4658 prmmium
3361 4597 3443 4643 est
3469 4587 3594 4641 illud
3627 4586 3762 4657 quod
3797 4584 3870 4637 di-

2313 4682 2488 4744 citur:
2523 4680 2652 4740 Milli
2702 4690 2865 4747 autem
2915 4679 3173 4746 adlucrere
3220 4679 3328 4732 Deo
3361 4677 3544 4731 bonum
3587 4688 3661 4730 cst
3690 4678 3707 4747 (
3738 4675 3858 4728 Psal

2315 4786 2476 4833 uxu,
2506 4771 2620 4840 28)..
2646 4770 2777 4823 lluic
2800 4784 2972 4839 pmnte
3000 4771 3322 4824 contrarium
3349 4778 3431 4835 est
3459 4785 3473 4820 :
3504 4767 3652 4826 Intra
3689 4768 3740 4819 in
3761 4781 3875 4835 gau~

2316 4860 2454 4912 dium
2482 4858 2685 4928 Domini
2715 4859 2805 4911 tui.
2857 4857 2988 4925 Quia
3033 4858 3165 4912 huic"
3200 4859 3503 4931 expulsioni
3547 4858 3720 4917 simile
3761 4862 3876 4908 est:

2316 4951 2559 5020 Projicitc
2593 4951 2738 5014 illum
2786 4951 2840 5004 in
2895 4950 3120 5015 tenebras
3175 4952 3441 5006 exteriores
3494 4947 3725 5022 (Matt/1.
3760 4959 3878 5011 xxv,

2315 5043 2404 5106 21.
2435 5043 2546 5106 30)-

2389 5136 2474 5190 15.
2506 5135 2757 5199 Quoniam
2776 5137 3225 5200 inamaricaverunt
3253 5145 3318 5198 te,
3346 5134 3574 5188 Domine.
3613 5131 3723 5203 Ego
3753 5144 3877 5190 sum,

2313 5220 2505 5296 inquit,
2535 5226 2682 5294 panis
2706 5227 2792 5288 qui
2823 5226 2884 5278 de
2903 5227 3028 5290 ctelo
3053 5225 3286 5279 descendi
3317 5223 3492 5293 (Joan.
3519 5240 3588 5288 vt,
3613 5223 3699 5290 5|)
3755 5237 3767 5272 :
3797 5227 3846 5271 cl
3864 5257 3879 5282 9

2321 5315 2615 5385 Operamini
2641 5333 2805 5370 escam
2833 5333 2944 5386 qua:
2968 5333 3068 5370 non
3087 5317 3426 5386 corrumpitur
3455 5314 3640 5384 (Ibid,
3658 5310 3769 5381 27):
3802 5318 3879 5370 et,

2319 5405 2544 5469 Gustata,
2571 5416 2616 5460 et
2645 5407 2804 5461 uidete
2830 5407 3065 5476 quoniam
3093 5407 3260 5473 suavis
3299 5416 3370 5460 est
3417 5405 3666 5458 Dominus
3715 5397 3878 5470 (Psal.

2317 5515 2500 5566 χχχιιι,
2531 5500 2608 5569 9).
2633 5499 3004 5554 Peccatoribus
3043 5507 3221 5564 autem
3253 5499 3405 5568 panis
3447 5493 3686 5550 veritatis
3735 5502 3874 5543 ama-

2317 5605 2408 5644 rus
2436 5599 2552 5654 est;
2580 5589 2720 5643 unde
2759 5603 2820 5654 os
2867 5603 2993 5643 vera
3039 5587 3266 5643 dicentis
3313 5587 3556 5642 oderunt.
3601 5581 3704 5650 ipsi
3759 5589 3878 5644 ergo

2318 5679 2792 5735 inamaricaverunt
2836 5679 3024 5745 Deum,
3063 5680 3150 5749 qui
3193 5677 3460 5748 peccando
3489 5676 3539 5730 in
3569 5688 3684 5727 eam
3721 5667 3874 5738 aegris

2385 5791 2398 5821 ³
2425 5797 2626 5847 quatuor
2649 5795 2772 5849 Mss,
2797 5797 2990 5853 peccato
3008 5803 3092 5840 suo
3113 5792 3429 5851 consummalo
3449 5784 3731 5834 moriuntur.
