4042 6478
185 441 249 501 θ
1317 419 1710 482 ENARRATIO
1739 415 1804 471 ΕΝ
1842 414 2160 473 I'SALMUM
2200 418 2289 473 Vl.
3385 420 3457 478 9o

184 550 410 609 tudinem
451 546 821 607 devenerunt,
863 550 920 597 ut
963 540 1139 598 cibum
1196 536 1453 601 veritatis,
1481 548 1588 605 quo
1627 543 1771 586 sanat

186 644 372 699 animat
424 639 693 710 gaudent,
766 644 1013 705 tanquam
1072 630 1283 687 felicum
1345 626 1605 681 sustinere
1663 635 1772 675 non

186 732 408 806 ιιοεείπιο
1072 732 1075 737 ·

261 824 351 880 16.
378 820 396 893 [
418 835 554 875 vers.
579 816 709 892 ιιι]
735 817 799 871 Et
826 811 1055 870 listentur
1070 825 1238 865 omnes
1264 824 1351 878 qui
1373 810 1579 877 sperant
1604 802 1657 856 in
1679 810 1725 855 te
1752 816 1768 855 :

189 915 372 985 utique
424 911 504 965 illi
547 910 745 979 quibus
789 903 1121 976 gustantibus
1165 901 1452 955 suavis'est
1496 894 1770 950 Dominus.

195 1006 261 1060 lu
280 1013 528 1059 stemma
552 1000 894 1063 arsultabunt,
921 1004 968 1051 et
984 992 1284 1049 inhabitabis
1309 991 1363 1043 in
1380 989 1453 1044 eis
1472 1004 1491 1042 :
1509 987 1619 1057 ipsa
1645 999 1775 1055 ergo

194 1095 299 1151 erit
324 1100 528 1147 aeterna
549 1088 864 1154 exsultatio,
890 1100 1009 1140 cum
1035 1082 1288 1150 templum
1319 1079 1413 1134 Dei
1439 1078 1571 1132 ilum
1609 1075 1773 1143 justi;

195 1183 372 1242 derit
389 1180 651 1253 gaudium
680 1179 937 1248 ipsorum,
969 1175 1083 1243 ipse
1104 1171 1276 1227 incola
1298 1171 1317 1204 ί
1344 1183 1548 1224 eorum.
1576 1164 1645 1219 Et
1663 1165 1775 1236 glo-

198 1276 535 1331 riabunturits
579 1282 629 1327 te
669 1285 840 1325 omnes
858 1269 941 1337 qui
964 1266 1179 1335 diligunt
1232 1277 1413 1317 nomen
1449 1270 1591 1313 tuum
1617 1273 1637 1312 :
1657 1265 1776 1311 tan-

195 1382 355 1439 quam
383 1380 510 1421 eum
536 1363 691 1419 adest
718 1362 799 1417 eis
822 1360 889 1414 ad
918 1356 1196 1413 fruendum
1245 1353 1385 1424 quod
1432 1351 1675 1421 diligunt.
1712 1349 1778 1402 Et

194 1458 332 1513 bene
350 1457 406 1510 in
436 1465 507 1519 te,
537 1462 788 1524 tanquam
807 1448 1141 1521 possidentes
1172 1442 1534 1499 Itmreditatem
1573 1439 1641 1493 de
1666 1451 1776 1519 ‘qua

197 1549 379 1602 titulus
410 1546 600 1616 psalmi
642 1551 745 1610 est,
794 1556 916 1598 cum
940 1548 996 1593 et
1042 1538 1141 1606 ipsi
1171 1535 1277 1591 sint
1314 1533 1433 1603 ejus
1473 1528 1776 1593 bmreditas,

196 1640 336 1709 quod
366 1637 655 1709 significat,
682 1632 989 1688 inhabitabis
1011 1631 1067 1684 in
1093 1629 1183 1683 eis.
1210 1630 1253 1681 A
1283 1641 1388 1696 quo
1428 1624 1570 1678 bono
1593 1619 1776 1690 prohi-

196 1731 389 1787 bentur
435 1742 577 1801 quos
645 1725 941 1783 secundum
1012 1718 1403 1776 multitudinem
1448 1714 1778 1785 impietatum

196 1834 380 1876 somn
403 1818 621 1889 expellit
645 1817 804 1872 Deus.

263 1911 361 1965 17.
387 1907 415 1982 [
440 1925 567 1963 vers.
600 1905 720 1979 ιιι]
754 1905 1004 1971 Quoniam
1040 1912 1093 1957 tu
1120 1900 1376 1957 benedices
1391 1899 1587 1969 justum
1617 1910 1636 1949 :
1666 1894 1780 1949 haec

198 2006 286 2056 est
314 1997 634 2061 benedictio,
678 1995 899 2066 gloriari
939 1994 992 2048 in
1015 1993 1146 2058 Deo,
1198 1998 1252 2046 et
1279 1985 1561 2044 inhabitari
1589 2000 1617 2038 ιι
1646 1984 1776 2039 Deo.

200 2088 302 2143 ista
329 2086 684 2143 sanctiﬁcatio
710 2084 1021 2141 conceditur
1043 2081 1231 2152 justis;
1262 2078 1355 2135 sed
1402 2085 1457 2132 ut
1483 2072 1781 2146 justilicen-

199 2185 301 2244 tur,
326 2176 589 2247 pmeedit
630 2175 861 2239 vocatio,
906 2170 1024 2244 qua:
1053 2186 1157 2227 non
1212 2178 1296 2225 est
1320 2168 1653 2232 meritorum,
1684 2163 1778 2218 sed

201 2266 379 2336 gratia:
405 2266 546 2322 Dei:
574 2280 763 2321 omnes
783 2264 925 2319 enim
955 2268 1331 2332 peccaverunt,
1363 2266 1418 2311 et
1457 2264 1617 2329 egent
1659 2256 1777 2323 glo-

202 2358 271 2411 ria
314 2356 411 2411 Dei
470 2353 647 2429 (Rom.
675 2369 755 2419 ιιι,
780 2353 894 2424 23).
933 2352 1078 2420 Quos
1116 2350 1258 2404 enim
1300 2348 1524 2412 vocavit,
1585 2345 1779 2413 hoset

199 2448 534 2517 justiﬁeavit;
565 2461 705 2516 quos
729 2438 906 2501 autem
938 2442 1266 2514 justiﬁeavit,
1295 2440 1394 2495 hos
1417 2447 1471 2493 et.
1513 2436 1777 2508 gloriﬁca-

203 2540 268 2592 vit
296 2538 409 2609 (Id.
437 2554 559 2601 rm,
586 2538 703 2607 50).
731 2537 864 2605 Quia
890 2550 1017 2605 ergo
1059 2534 1266 2589 vocatio
1315 2547 1422 2586 non
1465 2524 1774 2584 meritorum

204 2638 519 2692 nostrorum,
593 2626 689 2682 sed
736 2625 1118 2682 benevolentia:
1168 2630 1223 2678 et
1267 2619 1643 2676 misericordia:
1684 2618 1775 2673 Dei

203 2732 295 2790 est,
320 2719 555 2791 subjecit
570 2718 759 2774 dicens
782 2736 795 2773 :
821 2717 1054 2783 Domine,
1085 2724 1142 2769 ut
1169 2724 1309 2769 scuto
1339 2715 1482 2767 bona:
1504 2710 1778 2766 voluntatis

208 2824 294 2869 tua
327 2811 594 2866 mansti
628 2825 759 2875 nos;
803 2808 945 2863 bona
969 2807 1110 2861 enim
1138 2806 1384 2860 voluntas
1410 2803 1504 2857 Dei
1527 2800 1778 2872 praecedit

207 2901 386 2955 bonam
426 2900 763 2954 voluntatem
789 2905 1045 2960 nostram,
1092 2903 1149 2949 ut
1177 2903 1483 2964 peccatores
1533 2899 1686 2945 vocet
1723 2891 1776 2943 in

206 2993 588 3063 penitentiam.
637 2991 705 3046 Et
740 2990 854 3059 ipsa
881 2996 1007 3043 sunt
1029 3001 1174 3041 arma
1211 2983 1402 3055 quibus
1447 2990 1781 3052 expugnatur

206 3084 468 3149 inimicus,
498 3090 691 3137 contra
710 3093 869 3150 quem
898 3077 1090 3132 dicitur
1119 3094 1133 3131 :
1169 3076 1296 3142 Quis
1323 3073 1574 3128 accusabit
1595 3072 1776 3125 adver-

203 3191 281 3229 sus
298 3175 483 3229 eiectos
506 3172 648 3226 Dei?
665 3178 741 3235 et,
762 3169 826 3225 Si
846 3168 984 3223 Deus
1012 3182 1105 3238 pro
1125 3166 1286 3232 nobis,
1307 3167 1423 3236 quis
1441 3173 1617 3218 contra
1643 3177 1734 3216 nos
1750 3162 1779 3214 .9

208 3266 296 3332 Qui
322 3267 477 3320 unico
504 3263 647 3319 Filio
674 3279 769 3317 suo
797 3278 897 3315 non
941 3260 1180 3330 pepercit,
1207 3258 1296 3312 sed
1322 3274 1415 3327 pro
1441 3256 1583 3311 nobis
1610 3255 1778 3309 omni.

206 3357 287 3411 bss
308 3355 691 3410 tradiditillum
728 3351 913 3421 (Ibid,
939 3352 1030 3411 3i,
1062 3350 1175 3420 55).
1210 3349 1271 3404 Si
1289 3348 1617 3404 enim‘adhue
1665 3360 1779 3399 cum

206 3449 383 3503 init-tisi
404 3463 653 3511 manus,
677 3445 906 3501 Christus
928 3459 1022 3514 pro
1045 3443 1189 3497 nobis
1226 3451 1453 3496 mortuus
1471 3449 1544 3494 est
1558 3455 1579 3504 ;
1619 3437 1778 3492 multo

204 3542 357 3612 magis
381 3538 719 3604 reconciliati,
747 3538 877 3591 salui
919 3538 1103 3591 erimus
1127 3535 1191 3589 ab
1208 3536 1289 3589 ira
1316 3550 1406 3604 per
1445 3535 1615 3603 ipsum
1666 3529 1775 3602 (Id.

204 3645 254 3694 v,
277 3632 331 3696 9,
354 3629 469 3700 l0).
503 3629 621 3684 Hoc
664 3624 1181 3683 est'invictissimum
1209 3632 1437 3687 scutum,
1464 3637 1569 3691 quo
1595 3622 1774 3690 repei-

208 3719 324 3774 litur
350 3719 604 3775 inimicus
627 3718 1054 3788 desperationem
1093 3716 1280 3771 salutis
1310 3727 1601 3785 suggerens
1643 3711 1778 3766 mulo

204 3812 427 3867 titodine
455 3810 862 3866 tribulationum
877 3817 933 3863 et
957 3808 1330 3863 tentationum.

268 3904 357 3959 18.
387 3903 563 3958 Totus
590 3915 720 3971 ergo
740 3908 918 3955 textus
938 3899 1132 3953 Psaimi
1157 3906 1240 3951 est
1267 3896 1437 3950 oratio
1454 3902 1514 3951 ut
1532 3893 1783 3949 exaudia-

204 4001 317 4057 tur;
348 3992 421 4047 ab
444 4006 515 4047 eo
531 3992 675 4061 quod
702 3990 959 4059 scriptum
980 3997 1081 4053 est,
1120 3987 1279 4042 Verba
1300 4002 1410 4040 mea
1436 3984 1641 4050 exaudi,
1674 3984 1781 4038 Do-

203 4083 353 4145 mine,
387 4081 670 4151 usquead,
701 4081 814 4136 Rea:
835 4096 974 4134 meus
1014 4087 1063 4133 et
1093 4078 1228 4133 Deus
1248 4094 1406 4131 meus.
1452 4075 1657 4132 Deinde
1700 4077 1789 4129 in~-

201 4176 450 4232 tenacius
465 4188 656 4229 eorum
682 4187 801 4244 qua:
840 4171 1132 4241 impediunt
1169 4170 1235 4224 ad
1268 4169 1550 4224 videndum
1593 4169 1780 4231 Deum,

201 4265 255 4321 id
281 4270 399 4330 est,
420 4273 483 4320 ut
530 4280 593 4320 se
619 4264 921 4319 exauditam
949 4277 1068 4317 esse
1108 4268 1421 4332 cognoscat;
1448 4261 1522 4315 ab
1549 4274 1615 4314 co
1642 4257 1784 4328 quod

198 4357 461 4425 scriptum
514 4363 618 4420 est,
667 4352 920 4419 Quoniam
964 4352 1033 4405 ad
1076 4361 1123 4405 te
1155 4350 1325 4414 orabo,
1372 4348 1605 4416 Domine,
1638 4363 1787 4402 mane

198 4447 439 4502 medias
458 4460 630 4499 vocem
652 4459 835 4509 meam,
864 4457 1033 4512 usque
1072 4442 1159 4509 ad,
1195 4439 1371 4493 Virum
1398 4439 1699 4510 sanguinum
1737 4448 1785 4493 et

200 4538 439 4595 dolosam
463 4534 843 4589 abominabitur
879 4533 1143 4586 Dominus.
1171 4532 1372 4595 Tertio,
1400 4538 1579 4601 sperat
1605 4544 1664 4584 se
1688 4530 1785 4584 do-

195 4645 343 4684 mum
398 4628 494 4683 Dei
548 4627 801 4688 futuram,
845 4633 900 4681 et
945 4640 1083 4680 nunc
1108 4625 1157 4679 ei
1188 4623 1610 4694 appropinquare
1636 4622 1689 4676 in
1721 4622 1787 4676 ti-

196 4735 351 4775 more
384 4726 517 4773 ante
543 4717 1056 4772 consummationem
1086 4730 1205 4785 qua:
1252 4715 1466 4784 expellit
1501 4714 1783 4779 timorem;

194 4810 360 4865 abeo
402 4806 548 4878 quod
588 4807 844 4877 scriptum
889 4813 992 4871 est,
1038 4805 1148 4876 Ego
1175 4813 1341 4859 autem
1391 4806 1443 4858 in
1474 4804 1789 4857 multitudine

191 4898 546 4955 miserationis
574 4906 694 4962 tute,
725 4912 890 4967 usque
915 4897 1001 4960 ad,
1030 4897 1263 4950 Adorabo
1288 4896 1355 4950 ad
1401 4895 1643 4967 templum
1666 4913 1779 4949 san-

191 5000 339 5045 ctum
362 5000 515 5045 tuum
540 4991 592 5043 in
617 4990 795 5042 timore
809 4998 912 5041 tuo.
931 4988 1150 5055 Quarto,
1166 4986 1528 5056 proﬁcientem
1551 5002 1609 5042 se
1629 4996 1789 5055 atque

191 5086 613 5151 promoventem
636 5079 777 5133 inter
802 5078 887 5132 illa
909 5078 1017 5147 ipsa
1040 5078 1231 5147 quibus
1256 5077 1497 5146 impediri
1524 5091 1581 5131 se
1607 5077 1786 5142 sentit,

191 5180 313 5226 oras
362 5179 432 5224 nt
457 5169 743 5239 adjuvetur
783 5168 1122 5231 intrinsecus,
1176 5168 1261 5223 ubi
1311 5183 1469 5224 nemo
1515 5168 1788 5223 hominum

187 5264 367 5341 videt,
397 5276 475 5317 ne
488 5268 763 5317 avertatur
774 5260 928 5315 malis
944 5259 1136 5330 linguis
1158 5274 1171 5325 ;
1196 5259 1263 5314 ab
1288 5273 1352 5314 eo
1373 5259 1512 5330 quod
1535 5260 1788 5329 scriptum

188 5362 294 5416 est,
333 5351 582 5417 Domine,
611 5351 775 5404 deduc
833 5366 913 5403 me
934 5351 989 5404 in
1019 5360 1105 5404 tua
1124 5351 1326 5421 justitia
1373 5361 1579 5421 propter
1623 5352 1790 5405 inimi-

184 5457 276 5498 cos
328 5452 503 5507 auos,
541 5455 714 5510 usque
775 5438 864 5505 ad,
910 5440 1119 5509 Linguis
1172 5442 1280 5494 suis
1333 5441 1505 5494 dolose
1555 5442 1786 5511 agebant.

186 5534 432 5601 Quinto,
486 5531 772 5602 prophetia
817 5539 901 5585 est
945 5546 1063 5599 quae
1104 5544 1261 5601 pmna
1318 5542 1531 5586 maneat
1576 5533 1788 5603 impios,

184 5623 428 5695 quando
440 5620 620 5693 justus
644 5622 731 5675 vix
758 5622 937 5675 salvus
959 5623 1081 5687 erit,
1121 5630 1174 5675 et
1194 5623 1333 5692 quod
1356 5623 1628 5692 premium
1659 5623 1791 5693 justi

187 5713 459 5795 adepturi
485 5713 614 5778 sint,
644 5711 735 5782 qui
767 5710 943 5766 vocati
968 5721 1229 5766 venerunt
1252 5722 1306 5768 et
1334 5714 1503 5770 donec
1529 5714 1789 5786 perduce-

250 5829 269 5856 ι
297 5823 387 5875 sic
408 5806 772 5885 prastanliores
792 5826 901 5871 uss.
924 5826 975 5871 At
997 5822 1152 5885 editi,
1174 5820 1418 5879 incolam.

1876 536 2077 581 rentur-
2123 527 2343 583 viriliter
2393 529 2569 583 omnia
2614 529 3011 595 sustinuerunt;
3080 531 3147 587 ab
3193 545 3259 585 eo
3311 530 3455 601 quod

1876 619 2131 764 i’criptum
2185 628 2289 686 est,
2345 619 2533 679 Indica
2586 621 2722 688 illos,
2757 621 2917 691 Deus,
2962 635 3129 692 usque
3188 639 3239 679 tn
3288 622 3449 680 linem

1921 709 2093 764 saimi.

1921 709 2093 764 saimi.

3032 843 3449 860 ———.O——_

2346 918 2429 978 IN
2470 870 2848 980 PSALMUM
2879 920 2966 980 VI

2438 1036 2857 1093 ENARRATIO.

1970 1148 2037 1203 In
2067 1151 2239 1216 tinent,
2264 1152 2317 1205 in
2354 1152 2551 1222 hymnis
2575 1151 2641 1208 de
2666 1161 2861 1218 octavo,
2894 1152 3131 1208 Psalmus
3167 1150 3356 1206 Dauid.

1953 1262 2198 1336 i.[oers.
2232 1263 2310 1336 i.)
2355 1264 2432 1319 De
2473 1275 2661 1331 octavo,
2726 1265 2813 1321 hic
2870 1267 3083 1322 videtur
3131 1267 3454 1332 obscurum;

1879 1369 2002 1409 nam
2037 1363 2226 1409 cmtera
2274 1356 2330 1410 in
2375 1356 2479 1411 hoc
2510 1358 2663 1411 titulo
2684 1357 3064 1413 manifestiora
3094 1368 3237 1413 sunt.
3269 1357 3456 1412 Visum

1880 1456 1964 1502 est
1991 1455 2169 1501 autem
2218 1448 2487 1502 nonnullis
2516 1447 2655 1502 diem
2701 1448 2883 1519 judicii
2913 1449 3231 1519 signiﬁcare,
3279 1449 3329 1502 id
3375 1457 3459 1503 est

1881 1547 2089 1608 tempus
2113 1538 2372 1594 adventus
2414 1539 2626 1594 Domini
2677 1540 2863 1605 nostri,
2905 1554 3012 1609 quo
3066 1549 3322 1594 venturus
3377 1548 3461 1594 est

1875 1628 2115 1700 judicare
2145 1631 2294 1684 vivos
2323 1638 2377 1685 et
2405 1634 2665 1684 mortuos.
2694 1629 2794 1697 Qui
2824 1629 3103 1693 adventus,
3133 1628 3459 1698 computatis

1880 1719 2035 1773 annis
2063 1720 2131 1774 ab
2159 1719 2347 1785 Adam,
2372 1729 2491 1790 post
2516 1728 2719 1789 septem
2750 1734 3008 1773 annorum
3050 1717 3213 1772 millia
3255 1718 3461 1772 iuturus

1882 1810 2152 1875 creditur;
2180 1818 2238 1863 ut
2264 1819 2465 1880 septem
2494 1824 2753 1864 annorum
2785 1809 2949 1864 millia
2977 1820 3226 1878 tanquam
3252 1814 3459 1876 septem

1881 1901 1995 1956 dies
2026 1909 2316 1966 transeant,
2348 1901 2538 1955 deinde
2560 1900 2689 1955 illud
2711 1908 2917 1969 tempus
2949 1904 3196 1969 tanquam
3226 1900 3341 1954 dies
3367 1912 3460 1953 oc—

1885 2001 2036 2049 tavus
2064 1993 2332 2047 adveniat.
2363 1992 2467 2049 Sed
2490 1993 2738 2062 quoniam
2765 1992 2967 2047 dictum
3007 2001 3089 2046 est
3131 2007 3159 2045 a
3188 1991 3413 2045 Domino
3442 2007 3456 2043 :

1886 2083 2007 2138 Non
2036 2093 2107 2138 est
2125 2093 2339 2138 vestrum
2363 2084 2490 2138 scire
2510 2068 2734 2152 tempora
2758 2099 2868 2151 quae
2895 2081 3052 2136 Pater
3086 2082 3250 2151 posuit
3286 2081 3339 2134 in
3367 2096 3462 2135 sua

1885 2183 2125 2244 potestate
2152 2174 2287 2242 (Act.
2319 2189 2357 2240 l,
2380 2172 2461 2244 7),
2489 2182 2543 2229 et
2573 2191 2585 2227 :
2617 2172 2695 2227 De
2720 2173 2801 2227 die
2836 2189 2948 2226 vero
2978 2182 3025 2225 et
3047 2172 3138 2226 illa
3162 2172 3287 2225 hora
3317 2187 3460 2224 nemo

1883 2266 1996 2333 scit,
2040 2282 2194 2336 neque
2250 2267 2478 2336 angelus,
2526 2282 2684 2335 neque
2733 2267 2908 2329 virtus,
2942 2281 3099 2334 neque
3143 2263 3333 2329 Filius,
3364 2263 3463 2317 nisi

1883 2357 2020 2412 solus
2046 2356 2202 2411 Pater
2224 2356 2437 2427 (Matth.
2475 2372 2624 2422 χχιιι,
2654 2356 2767 2428 56),
2799 2365 2853 2411 et
2876 2355 3006 2410 illud
3032 2355 3171 2425 quod
3201 2355 3461 2424 scriptum

1885 2456 1985 2513 est,
2012 2459 2259 2518 tanquam
2287 2448 2455 2504 furem
2479 2450 2662 2504 venire
2705 2449 2844 2503 diem
2890 2446 3101 2503 Domini
3127 2447 3166 2520 (1
3198 2447 3374 2501 Thess.
3405 2462 3457 2516 v,

1879 2537 1959 2612 2),
1989 2541 2121 2594 satis
2150 2550 2334 2609 aperte
2360 2542 2593 2595 ostendit
2624 2542 2889 2596 neminem
2915 2542 3015 2596 sibi
3043 2550 3291 2612 oportere
3312 2555 3464 2593 arro-

1881 2645 2009 2701 gare
2038 2631 2313 2686 scientiam
2358 2632 2497 2685 illius
2541 2632 2814 2702 temporis,
2844 2633 3241 2701 computatione
3284 2631 3460 2700 aliqua

1880 2738 2163 2778 annorum.
2222 2723 2281 2777 Si
2319 2725 2459 2778 enim
2501 2732 2623 2797 post
2643 2734 2845 2793 septem
2876 2725 3037 2779 millia
3085 2721 3463 2779 annorum-ille

1881 2812 1996 2867 dies
2021 2823 2278 2869 venturus
2307 2824 2406 2879 est,
2436 2816 2609 2868 omnis
2636 2814 2798 2869 homo
2829 2823 3004 2883 potest
3036 2815 3191 2869 annis
3237 2828 3462 2882 compu-

1881 2904 2002 2957 tatis
2023 2904 2308 2957 adventum
2341 2904 2459 2974 ejus
2497 2904 2773 2959 addiscere
2807 2904 2934 2958 :ubi
2986 2906 3088 2959 erit
3129 2918 3278 2972 ergo,
3319 2901 3461 2973 quod

1881 3008 1979 3047 nec
2006 2993 2172 3048 Filius
2212 2995 2311 3049 hoc
2353 2994 2533 3049 novit?
2576 2994 2727 3063 Quod
2754 2995 2937 3064 utique
2967 2992 3088 3048 ideo
3111 2993 3310 3048 dictum
3354 3000 3459 3054 est,

1881 3084 2002 3153 quia
2026 3099 2119 3154 per
2140 3085 2331 3139 Filium
2360 3085 2607 3140 homines
2646 3085 2748 3139 hoc
2772 3101 2876 3139 non
2899 3085 3129 3149 discunt,
3172 3099 3275 3137 non
3320 3082 3461 3153 quod

1881 3175 2021 3244 apud
2070 3191 2128 3230 se
2170 3176 2283 3245 ipse
2313 3191 2419 3231 non
2475 3177 2702 3240 noverit,
2733 3176 3025 3235 secundum
3064 3175 3204 3229 illam
3238 3173 3464 3228 locutio-

1881 3281 2026 3333 nem,
2057 3265 2234 3321 Tentat
2260 3283 2345 3321 vos
2368 3266 2616 3321 Dominus
2642 3266 2783 3321 Deus
2806 3277 2980 3334 vester,
3013 3275 3067 3321 ut
3109 3267 3235 3320 sciat
3283 3262 3456 3337 (Deut.

1882 3376 1995 3423 xm,
2017 3360 2096 3428 5),
2124 3358 2173 3413 id
2205 3367 2306 3423 est,
2333 3362 2470 3415 scire
2500 3361 2656 3415 faciat
2675 3375 2799 3425 vos;
2845 3368 2919 3426 et,
2953 3359 3202 3433 Exsurge,
3246 3355 3463 3411 Domine

1888 3449 2057 3520 (Psal.
2088 3465 2166 3513 ιιι,
2188 3447 2263 3522 7),
2292 3449 2340 3504 id
2369 3458 2470 3516 est,
2502 3448 2584 3503 ibe
2611 3465 2709 3504 nos
2734 3465 3038 3520 exsurgere.
3072 3449 3204 3503 Cum
3234 3463 3361 3518 ergo
3390 3447 3460 3500 ita

1881 3540 2089 3595 dicatur
2109 3541 2317 3594 nescire
2347 3539 2514 3594 Filius
2540 3540 2681 3595 hunc
2716 3540 2879 3605 diem,
2913 3556 3019 3594 non
3058 3539 3197 3609 quod
3238 3538 3457 3601 nesciat,

1885 3631 1978 3686 sed
2015 3631 2155 3701 quod
2190 3632 2396 3686 nescire
2420 3631 2580 3686 faciat
2605 3649 2696 3687 eos
2725 3631 2916 3702 quibus
2962 3630 3065 3685 hoc
3096 3647 3199 3683 non
3244 3616 3461 3698 expedit

1884 3724 2040 3788 scire,
2070 3722 2120 3776 id
2152 3732 2254 3787 est,
2288 3737 2393 3777 non
2421 3723 2499 3778 eis
2523 3725 2622 3777 hoc
2645 3722 2926 3785 ostendat;
2953 3721 3078 3792 quid
3102 3721 3201 3774 sibi
3225 3718 3339 3773 vuil
3371 3734 3462 3773 nc-

1882 3814 1995 3867 scio
2025 3830 2141 3882 quin
2166 3816 2529 3885 praesumptio,
2554 3828 2673 3882 qua)
2696 3813 2850 3867 annis
2876 3810 3199 3879 computatis
3220 3808 3460 3864 certissi-

1882 3918 2027 3958 mum
2058 3904 2237 3975 sperat
2261 3915 2381 3976 post
2423 3915 2627 3975 septem
2674 3918 2933 3958 annorum
2981 3902 3143 3956 millia
3174 3900 3313 3955 diem
3362 3899 3465 3953 Do-

1884 3993 2053 4048 mini?
2856 3982 2868 4003 ‘

1952 4084 2007 4138 2.
2042 4084 2148 4139 Nos
2170 4084 2351 4154 igitur,
2384 4084 2526 4156 quod
2553 4084 2762 4140 nescire
2784 4099 2883 4138 nos
2905 4083 3161 4137 Dominus
3188 4080 3373 4141 voluit,
3399 4080 3466 4134 li-

1884 4178 2073 4232 benter
2102 4178 2420 4244 nesciamus,
2452 4186 2506 4232 et
2530 4191 2830 4247 quaeramus
2858 4176 2980 4244 quid
3010 4174 3133 4229 velit
3154 4174 3253 4227 sibi
3270 4174 3368 4226 iste
3398 4170 3465 4225 ti-

1887 4266 2050 4331 tulus,
2078 4266 2167 4335 qui
2213 4266 2463 4321 scribitur
2490 4265 2565 4319 De
2602 4276 2793 4319 octavo.
2824 4264 3004 4318 Potest
3030 4262 3265 4332 quidem,
3304 4263 3465 4315 etiam

1886 4360 2029 4413 nulla
2060 4372 2319 4412 annorum
2377 4357 2656 4411 temeraria
2699 4355 3094 4423 supputatione,
3143 4353 3256 4406 dies
3282 4349 3463 4419 judicii

1887 4459 2103 4505 octavus
2141 4448 2381 4516 intelligi,
2410 4447 2550 4516 quod
2586 4446 2694 4513 jam
2725 4451 2845 4513 post
2867 4464 2873 4469 ο
2899 4444 3058 4496 linem
3104 4441 3258 4510 hujus
3284 4439 3462 4495 smcuii

1887 4550 2102 4609 accepta
2131 4548 2330 4595 tetcrns
2357 4538 2483 4603 vita,
2513 4546 2638 4591 tunc
2673 4551 2776 4589 non
2804 4542 2960 4588 erunt
2988 4534 3177 4587 animm
3200 4531 3465 4601 justorum

1888 4632 2133 4686 obnoxim
2183 4629 2636 4701 temporibuszet
2697 4626 2945 4696 quoniam
2997 4623 3174 4678 omnia
3228 4626 3465 4690 tempora

1889 4732 2092 4791 septem
2121 4721 2325 4775 dierum
2356 4721 2574 4774 istorum
2623 4717 2935 4786 repetitione
2965 4715 3267 4778 volvuntur,
3322 4720 3469 4765 oeta‘

1889 4830 1988 4868 vus
2019 4813 2151 4867 forte
2177 4812 2265 4866 ille
2289 4812 2458 4866 dictus
2482 4819 2582 4875 est,
2612 4808 2697 4879 qui
2730 4806 3034 4861 varietatem
3057 4804 3209 4858 istam
3239 4816 3341 4856 non
3374 4800 3466 4855 ha-

1893 4906 2055 4961 bebit.
2088 4905 2184 4959 Est
2212 4903 2353 4957 aliud
2381 4902 2521 4973 quod
2548 4903 2754 4955 ιιίοιιοιι
2792 4897 3024 4952 absurde
3062 4895 3227 4963 accipi
3270 4900 3466 4962 potest,

1892 5011 1987 5050 cur
2007 5005 2248 5050 octavum
2272 4995 2474 5049 dicatur
2497 4991 2772 5061 judicium,
2796 4989 2934 5059 quod
2978 4994 3097 5058 post
3137 4986 3267 5040 duas
3303 4999 3466 5054 gene-

1892 5089 2129 5141 rationes
2153 5085 2382 5139 luturum
2413 5092 2513 5147 est,
2549 5096 2704 5134 unam
2736 5096 2853 5149 qum
2889 5079 2954 5133 ad
3000 5090 3215 5146 corpus,
3246 5074 3467 5129 alteram

1894 5193 2011 5246 qum.
2052 5177 2117 5229 ad
2154 5176 2382 5229 animam
2432 5173 2679 5242 pertinet.
2719 5171 2799 5225 Ab
2828 5170 2996 5224 Adam
3040 5168 3179 5223 enim
3211 5182 3376 5237 usque
3402 5165 3470 5220 ad

1895 5268 2112 5338 Moysen
2139 5280 2307 5333 gctms
2336 5265 2628 5318 humanum
2673 5262 2802 5315 vixit
2842 5276 2904 5315 ex
2936 5273 3180 5329 corpore,
3204 5255 3257 5311 id
3282 5268 3362 5311 est
3382 5270 3483 5309 se--

1894 5358 2123 5413 cundum
2166 5371 2379 5410 carnem
2415 5372 2429 5408 :
2461 5355 2547 5424 qui
2579 5353 2737 5408 etiam
2777 5353 3012 5407 exterior
3052 5360 3282 5407 etvetus
3313 5347 3470 5400 homo

1894 5448 2091 5503 dicitur
2135 5446 2452 5517 (Ephes.1v,
2481 5444 2595 5515 22),
2641 5453 2695 5497 et
2737 5444 2821 5497 cui
2862 5441 3028 5496 Vetus
3073 5441 3466 5496 Testamentum

1896 5540 2075 5595 datum
2107 5548 2208 5603 est,
2239 5548 2294 5593 ut
2340 5539 2579 5608 quamvis
2620 5536 2902 5606 religiosis,
2955 5542 3130 5587 tamen
3170 5525 3468 5585 carnalibus

1896 5631 2069 5685 adhuc
2111 5628 2506 5699 Operationibus
2543 5626 2713 5680 futura
2761 5624 3055 5694 Spiritualia
3105 5619 3468 5689 prmsiguarct.

1895 5723 2009 5779 lioc
2040 5731 2149 5776 toto
2179 5732 2416 5790 tempore
2455 5734 2560 5789 quo
2608 5716 2896 5771 secundum
2937 5725 3131 5781 corpus
3174 5706 3470 5771 vivebatur,

1894 5814 2118 5885 regnavit
2146 5828 2297 5880 mors,
2346 5807 2480 5867 sient
2533 5810 2813 5880 Apostolus
2857 5807 2963 5870 ait,
2991 5802 3217 5857 etiamin
3253 5815 3337 5856 eos
3381 5796 3469 5869 qui
