4042 6482
569 401 624 458 ω
1407 427 1412 433 .
1801 392 1858 448 S.
1901 387 2263 449 AUGUSTINI
2305 389 2602 448 EPISCOPI
3757 408 3826 464 92

568 531 669 568 non
705 519 1047 582 peccaverunt.
1072 505 1329 580 Regnavit
1356 515 1530 561 autem
1553 522 1615 560 ea:
1639 491 1967 560 similitudine
2006 519 2136 574 prte-

570 603 890 658 mricationis
917 602 1059 665 Αάιε,
1089 603 1226 656 sicut
1248 600 1385 655 idem
1407 598 1561 665 dicit;
1591 600 1841 670 quoniam
1883 613 2038 667 usque
2076 598 2145 649 ad

576 694 789 765 Moysen
831 693 1010 761 (Rom.
1038 709 1090 761 v,
1138 692 1226 762 14)
1267 690 1628 759 accipiendum
1676 700 1777 754 est,
1831 707 1936 758 quo
1979 703 2145 758 usque

575 785 728 856 Logis
757 801 939 854 opera,
971 785 1020 838 id
1047 795 1129 839 est
1171 783 1453 838 carnaliter
1499 784 1777 838 observata
1829 782 1917 837 illa
1961 797 2144 836 sacra-

572 887 774 942 menta,
798 877 954 930 etiam
996 891 1087 929 eos
1113 875 1398 928 obstrictos
1437 883 1716 926 tenuerunt
1746 874 1873 926 certi
1908 873 2143 942 mysterii

572 967 756 1036 gratia,
784 966 870 1034 qui
899 967 987 1019 uni
1016 966 1122 1018 Deo
1146 963 1340 1018 subditi
1373 973 1542 1017 erant.
1587 964 1669 1017 Ab
1705 963 1932 1017 adventu
1968 970 2144 1016 autem

573 1055 806 1120 Domini,
837 1071 902 1109 ex
943 1069 1047 1124 quo
1085 1053 1151 1106 ad
1195 1051 1652 1107 circumcisionem
1687 1052 1863 1106 cordis
1913 1067 1943 1105 a
1973 1051 2148 1105 carnis

571 1145 978 1201 circumcisione
1005 1143 1280 1198 transitmn
1315 1152 1418 1208 est,
1450 1142 1584 1198 facta
1613 1142 1818 1197 vocatio
1847 1151 1949 1208 est,
1981 1151 2038 1195 ut
2060 1156 2148 1196 se-

573 1233 804 1289 cundum
836 1233 1065 1286 animam
1094 1233 1381 1296 viveretur,
1412 1231 1462 1286 id
1491 1241 1573 1287 est
1601 1231 1893 1286 secundum
1925 1231 2145 1285 interio-

578 1340 692 1380 rcm
721 1324 1012 1389 hominem,
1047 1324 1132 1392 qui
1157 1324 1314 1377 etiam
1338 1337 1506 1376 novus
1533 1322 1692 1377 homo
1716 1319 1930 1391 (Coloss.
1959 1338 2035 1384 ιιι,
2057 1319 2146 1392 10)

578 1425 798 1486 propter
845 1417 1297 1486 regenerationem
1327 1416 1520 1470 dicitur
1556 1429 1868 1484 morumque
1899 1414 2152 1482 spiritua-

578 1505 706 1560 lium
741 1507 1151 1560 innovationem.
1187 1505 1518 1560 Manifestum
1556 1513 1637 1559 est
1665 1513 1839 1558 autem
1865 1505 1930 1558 ad
1959 1518 2154 1572 corpus

579 1597 972 1667 qualernarium
1006 1612 1282 1649 nmnerum
1306 1595 1592 1665 pertinere,
1627 1605 1843 1663 propter
1880 1595 2153 1648 notissima

579 1688 843 1742 elementa
865 1694 1088 1756 quatuor
1113 1685 1304 1755 quibus
1332 1693 1560 1748 constat,
1597 1693 1652 1737 et
1681 1693 1908 1752 quatuor
1931 1684 2156 1752 qualita-

583 1789 682 1842 tes,
715 1779 934 1843 siccam,
965 1777 1254 1840 hutnidam,
1281 1777 1529 1841 calidam,
1557 1776 1818 1845 frigidam.
1847 1775 1999 1831 Unde
2021 1790 2154 1845 qua-

581 1881 702 1925 tuor
725 1871 882 1924 etiam
917 1869 1243 1938 temporibus
1264 1867 1684 1930 administratur,
1715 1882 1902 1932 verno,
1946 1873 2154 1932 testate,

579 1971 854 2023 autumno,
891 1958 1083 2012 hieme.
1117 1958 1239 2012 llaec
1261 1967 1383 2011 sunt
1412 1957 1708 2011 notissima.
1735 1955 1864 2011 Nam
1912 1957 1979 2010 de
2025 1969 2159 2024 qua.-

582 2052 817 2106 ternario
843 2065 1065 2104 numero
1086 2049 1324 2118 corporis
1347 2055 1602 2102 tractatur
1633 2047 1790 2102 etiam
1814 2046 1944 2122 alibi
1984 2045 2156 2100 subti-

585 2139 706 2204 lius,
739 2141 830 2194 sed
860 2140 1136 2193 obscurius
1171 2157 1182 2191 :
1212 2137 1352 2207 quod
1381 2139 1430 2191 in
1471 2137 1572 2191 hoc
1607 2153 1852 2191 sermone
1886 2136 2157 2190 vitandum

582 2241 684 2295 est,
715 2245 870 2300 quem
897 2231 1055 2284 etiam
1091 2231 1266 2284 minus
1289 2229 1510 2284 eruditis
1553 2228 2009 2282 aeconunodatum
2039 2242 2160 2283 esse

582 2323 847 2376 volumus.
874 2321 954 2374 Ad
980 2321 1214 2374 animum
1255 2336 1382 2374 vero
1411 2319 1699 2375 tcrnarimn
1731 2335 2006 2374 numerum
2034 2335 2162 2389 per—.

589 2413 759 2467 tinerc
787 2421 963 2482 potest
1005 2412 1246 2482 intelligi,
1281 2428 1346 2467 ex
1394 2427 1458 2466 eo
1490 2412 1630 2481 quod
1673 2412 1950 2481 tripliciter
1996 2412 2160 2466 Deum

584 2503 804 2572 diligere
838 2501 1106 2572 jubemur,
1147 2517 1209 2556 ex
1253 2510 1362 2555 toto
1401 2501 1584 2567 corde,
1624 2517 1690 2555 ex
1735 2509 1841 2554 tota
1876 2501 2071 2564 anima,
2097 2517 2162 2557 ex

583 2605 692 2650 tota
723 2603 899 2651 mente
927 2595 1099 2667 (Deut.
1133 2611 1206 2660 vt,
1237 2595 1309 2659 5;
1345 2595 1528 2646 Matth.
1564 2610 1696 2660 χχιι,
1725 2595 1813 2664 57)
1845 2612 1857 2648 :
1883 2595 1948 2648 de
1973 2595 2164 2666 quibus

585 2686 807 2756 singulis
835 2704 937 2741 non
969 2687 1019 2740 in
1051 2685 1329 2751 Psalterio,
1362 2685 1452 2740 sed
1480 2686 1533 2740 in
1573 2683 1859 2754 Evangelio
1888 2685 2162 2754 disputan-

584 2778 708 2831 dmn
736 2789 835 2831 est.
881 2777 1030 2831 Nunc
1075 2776 1140 2830 ad
1187 2777 1546 2830 testimonium
1592 2776 1807 2830 ternarii
1846 2777 2051 2830 numeri
2097 2775 2163 2830 ad

589 2871 824 2924 animum
858 2869 1190 2938 pertinentis,
1215 2869 1346 2922 satis
1369 2877 1494 2936 puto
1523 2883 1644 2923 esse
1667 2867 1808 2938 quod
1838 2868 2034 2922 dictum
2061 2877 2162 2924 est.

585 2959 821 3014 Peractis
845 2960 999 3028 igitur
1021 2959 1260 3013 numeris
1286 2959 1526 3028 cerporis
1547 2957 1612 3013 ad
1638 2969 1871 3013 Veterem
1896 2958 2166 3014 hominem

588 3059 642 3105 ct
694 3050 757 3102 ad
810 3049 968 3102 Vetus
1011 3049 1409 3102 Testamentum
1468 3047 1874 3116 pertinentibus,
1937 3049 2166 3117 peractis

587 3142 745 3194 etiam
778 3141 1012 3193 numeris
1033 3140 1194 3194 animi
1225 3139 1291 3193 ad
1320 3154 1514 3193 novum
1539 3139 1811 3194 hominem
1858 3149 1913 3194 ct
1953 3139 2019 3192 ad
2057 3139 2165 3194 No-

587 3246 708 3283 vum
741 3230 1135 3284 Testamentum
1167 3229 1368 3294 relatis,
1412 3229 1549 3283 sicut
1592 3230 1892 3298 septenario
1943 3243 2174 3291 numero,

588 3330 885 3384 trztnsacto,
931 3320 1052 3388 quia
1105 3318 1517 3388 unumquodque
1571 3321 1932 3389 tetnporaliter
1970 3321 2164 3391 agitur,

589 3411 927 3481 quaternario
955 3410 1004 3462 in
1024 3425 1237 3478 corpus,
1265 3411 1496 3466 ternario
1523 3410 1575 3464 in
1605 3410 1838 3466 animum
1857 3411 2177 3482 distributo,“

589 3502 764 3555 veniet
786 3511 1002 3555 octavus
1027 3489 1210 3570 judicii
1240 3502 1370 3567 dies,
1401 3503 1492 3572 qui
1524 3504 1728 3558 meritis
1758 3505 1996 3560 tribuens
2025 3505 2168 3575 quod

587 3591 832 3658 debetur,
853 3593 960 3661 jam
994 3609 1097 3646 non
1125 3593 1186 3645 ad
1213 3608 1375 3662 Opera
1409 3595 1742 3664 temporalia,
1769 3594 1862 3650 sed
1909 3597 1976 3651 ad
2007 3598 2165 3652 vitam

587 3690 841 3735 {Elel‘nalll
872 3692 1086 3737 sanctos
1115 3685 1414 3748 transferet,
1441 3685 1633 3755 impios
1658 3700 1785 3742 vero
1814 3686 2086 3742 damnabit
2111 3687 2165 3752 in

585 3785 747 3828 tetern
758 3790 841 3828 ιιιιι
851 3813 864 3828 .

659 3867 710 3920 5.
757 3865 902 3938 [υιτνε.
934 3864 1014 3938 2.]
1063 3866 1231 3932 Quam
1280 3866 1675 3923 damnationem
1729 3876 1992 3936 metuens,
2046 3878 2177 3925 orat

591 3957 824 4014 Ecclesia
868 3959 920 4011 in
972 3957 1072 4012 hoc
1118 3958 1341 4026 psalmo,
1371 3958 1596 4014 dicens:
1628 3958 1862 4027 Domine,
1906 3978 1968 4015 ne
1996 3962 2048 4015 in
2090 3965 2169 4016 ira

591 4059 678 4102 tua
707 4067 891 4119 arguas
919 4067 1014 4103 me.
1059 4049 1191 4102 Dicit
1229 4050 1388 4103 etiam
1432 4051 1721 4120 Apostolus
1769 4052 1899 4106 iram
1941 4052 2166 4122 judicii:

588 4139 925 4194 Tltesaurizas
967 4140 1074 4204 tibi,
1120 4139 1307 4210 inquit,
1350 4141 1478 4194 iram
1506 4141 1558 4194 in
1589 4142 1670 4194 die
1697 4142 1788 4196 irae
1819 4143 1949 4212 justi
1982 4143 2170 4212 judicit'

593 4232 690 4287 Dei
717 4232 888 4303 (llam.
921 4249 977 4299 ιι,
1009 4234 1094 4302 5);
1124 4233 1173 4286 in
1217 4249 1320 4303 qua
1347 4249 1407 4288 se
1432 4247 1539 4287 non
1571 4233 1686 4288 vult
1725 4235 1898 4304 argui,
1929 4236 2171 4304 quisquis

590 4323 643 4380 in
679 4328 776 4379 hac
802 4327 904 4379 vita
931 4325 1106 4379 sanari
1134 4325 1420 4379 desiderat.
1448 4324 1556 4379 Nec
1581 4326 1635 4379 in
1668 4327 1840 4396 furore
1884 4335 1970 4380 tuo
2013 4327 2172 4380 corri-

588 4416 701 4485 pias
726 4433 803 4469 me
829 4433 847 4470 :
878 4416 1144 4484 corripias,
1172 4417 1349 4471 mitius
1374 4417 1616 4482 videtur;
1648 4417 1713 4472 ad
1743 4417 2169 4476 emendationem

590 4507 732 4561 enim
757 4506 912 4560 valet.
951 4505 1081 4559 Nam
1108 4510 1197 4574 qui
1238 4507 1494 4576 arguitur,
1519 4506 1569 4562 id
1599 4517 1680 4562 est
1712 4516 2009 4572 accusatur,
2053 4525 2170 4564 me.

589 4595 842 4649 tuendmn
899 4605 980 4648 est
1017 4611 1084 4650 ne
1110 4596 1316 4650 ‘finem
1361 4597 1553 4652 habeat
1598 4597 2015 4654 damnationem.
2066 4598 2170 4654 Sed

590 4687 840 4756 quonian;
894 4685 1042 4739 furor
1072 4687 1190 4754 plus
1234 4687 1442 4740 videtur
1481 4702 1600 4742 esse
1643 4705 1800 4758 quam
1851 4691 1946 4754 ira,
1999 4699 2173 4759 potest

593 4791 813 4832 movere
861 4790 957 4829 cur
981 4775 1106 4829 illud
1147 4775 1287 4845 quod
1332 4784 1414 4831 est
1440 4777 1638 4843 mitius,
1679 4777 1731 4832 id
1776 4787 1858 4832 est
1885 4781 2168 4848 correptio,

595 4882 717 4922 cum
749 4881 814 4920 eo
838 4867 1064 4935 positum
1095 4866 1338 4938 estquod
1364 4876 1446 4922 est
1485 4867 1704 4936 durius,
1735 4868 1785 4922 id
1821 4876 1905 4925 est
1931 4885 2051 4924 cum
2093 4872 2172 4926 fu-

598 4973 742 5012 rore.
786 4956 888 5012 Sed
918 4973 1016 5026 ego
1048 4968 1172 5026 puto
1202 4973 1358 5012 unam
1392 4974 1502 5013 rem
1530 4958 1736 5013 duobus
1765 4961 1941 5016 verbis
1969 4962 2173 5032 signifi-

593 5059 764 5104 catam
795 5066 808 5102 :
843 5065 962 5104 nam
987 5049 1038 5102 in
1065 5067 1236 5119 graeco
1266 5059 1428 5119 θυμός,
1456 5051 1594 5121 quod
1619 5062 1700 5106 est
1721 5053 1770 5106 in
1799 5053 1968 5123 primo
1993 5071 2172 5122 versu,

599 5141 701 5193 hoc
722 5140 979 5210 significat
1012 5141 1150 5210 quod
1179 5147 1314 5212 ὀργή,
1340 5142 1480 5212 quod
1519 5153 1599 5198 est
1636 5144 1687 5198 in
1715 5145 1951 5200 secundo
1982 5161 2172 5214 versu;

599 5234 694 5289 sed
724 5250 842 5286 cum
875 5234 1043 5287 Latini
1072 5235 1266 5289 vellent
1288 5235 1446 5288 etiam
1477 5237 1573 5305 ipsi
1599 5239 1619 5269 ³
1649 5237 1754 5292 duo
1775 5237 1932 5292 verba
1957 5253 2173 5306 ponere,

603 5325 884 5396 quarsitnm
907 5334 990 5379 est
1011 5325 1134 5394 quid
1163 5333 1304 5379 esset
1334 5326 1562 5379 vicinum
1592 5327 1683 5382 ira:
1705 5369 1719 5393 ,
1752 5336 1805 5381 et
1837 5327 2062 5397 positmn
2095 5337 2177 5382 cst

601 5415 771 5470 furor.
805 5415 930 5469 ideo
958 5416 1100 5470 varie
1129 5415 1340 5470 Codices
1372 5415 1604 5470 habent:
1631 5433 1749 5471 nam
1791 5418 1844 5471 in
1885 5418 2002 5470 aliis
2033 5418 2178 5486 prius

601 5505 868 5561 invenitur
889 5506 985 5572 ira,
1004 5506 1196 5561 deinde
1218 5505 1382 5572 furor;
1413 5507 1464 5562 in
1479 5507 1614 5574 aliis,
1639 5509 1781 5578 prius
1799 5508 1962 5575 furor,
1985 5507 2181 5565 deinde

603 5747 639 5788 ῃ
667 5683 681 5712 ¹
711 5681 844 5742 ιλιι,
881 5694 939 5731 ne
976 5679 1025 5730 in
1063 5678 1227 5742 ﬁnem.
1264 5682 1537 5744 I‘raepositio
1577 5682 1625 5732 in
1663 5683 1802 5732 abest
1831 5694 1859 5730 a
1900 5678 2183 5732 melioribus

669 5807 686 5834 ³
714 5811 802 5854 Mss
824 5837 839 5863 ,
864 5803 1030 5856 Mitem
1053 5810 1196 5856 etiam
1220 5801 1339 5866 ipsa.

2251 503 2362 568 ira;
2387 506 2437 560 in
2458 506 2578 563 aliis
2604 522 2700 577 pro
2719 507 2898 565 furore
2928 510 3214 582 indignatio
3259 515 3490 584 ponitur,
3539 528 3632 574 aut
3671 520 3825 577 bilis-

2250 593 2357 652 Sed
2383 597 2636 666 quidquid
2665 597 2795 654 illud
2820 608 2922 664 est,
2953 611 3128 660 motus
3148 614 3230 659 est
3247 605 3408 662 animi
3441 622 3736 676 provocans
3757 611 3827 666 ad

2249 699 2465 755 patriam
2496 687 2821 743 inferendam
2853 708 2866 742 :
2896 691 2983 760 qui
3013 701 3186 748 tamen
3217 705 3409 762 motus,
3438 713 3543 753 non
3576 708 3828 770 tanquam

2251 778 2443 832 animat
2468 777 2580 832 Deo
2624 779 2932 836 tribuendus
2960 793 3061 850 est,
3111 784 3181 840 de
3218 802 3324 856 quo
3365 787 3566 844 dictum
3599 800 3718 846 est:
3747 791 3830 846 Tit

2250 879 2435 933 autent,
2494 870 2710 926 Domine
2760 873 3015 941 virtutum,
3075 893 3188 931 cum
3235 881 3594 947 tranquillitate
3625 884 3832 953 judico:

2254 958 2407 1028 (Sap.
2442 976 2535 1025 su,
2569 961 2690 1030 l8);
2719 963 2860 1030 quod
2898 973 3075 1045 autem
3115 969 3452 1037 tranquillum
3482 980 3584 1038 est,
3612 987 3720 1028 non
3746 984 3830 1029 est

2252 1047 2637 1117 perturbatum.
2667 1050 2782 1106 Non
2815 1067 2941 1122 ergo
2961 1054 3101 1108 mdit
3143 1056 3194 1110 in
3240 1058 3410 1113 Deum
3450 1060 3681 1128 iudicem
3706 1059 3862 1138 per-3

2255 1138 2485 1192 turbatio
2508 1156 2523 1204 ;
2557 1139 2650 1194 sed
2678 1140 2817 1210 quod
2841 1141 2892 1196 in
2919 1142 3038 1212 ejus
3059 1145 3314 1203 ministris
3337 1149 3410 1213 fit,
3432 1150 3552 1219 quia
3571 1166 3666 1220 per
3687 1143 3856 1222 leges?

2253 1230 2368 1298 ejus
2389 1229 2466 1294 fit,
2499 1232 2574 1285 ira
2603 1231 2717 1300 ejus
2737 1231 2950 1288 dicitur.
2986 1235 3044 1289 In
3069 1252 3171 1306 qua
3199 1239 3274 1292 ira
3293 1281 3310 1307 ,
3339 1255 3444 1296 non
3474 1241 3647 1297 solum
3682 1245 3833 1313 argui

2254 1333 2313 1374 se
2338 1335 2443 1374 non
2469 1322 2581 1375 vult
2595 1324 2771 1378 anima
2797 1339 2916 1394 qua:
2945 1343 3087 1383 nunc
3109 1338 3248 1396 orat,
3274 1330 3368 1385 sed
3395 1347 3494 1387 nec
3537 1334 3755 1402 corripi,
3777 1333 3835 1390 id

2256 1421 2339 1467 est
2367 1413 2640 1468 emendari
2688 1415 2770 1470 vel
2810 1417 3009 1472 erudiri
3049 1435 3062 1471 :
3113 1435 3234 1474 nam
3280 1422 3331 1476 in
3379 1437 3554 1490 graeco
3582 1429 3836 1495 παιδεύσῃς

2255 1501 2485 1572 positum
2515 1512 2616 1570 est,
2645 1504 2696 1559 id
2721 1515 2802 1560 est
2826 1547 2840 1571 ,
2869 1507 3102 1563 erudias.
3134 1511 3442 1580 Arguuntur
3465 1525 3639 1568 autem
3669 1514 3723 1568 in
3745 1513 3837 1569 die

2251 1593 2433 1664 judicii
2458 1611 2647 1652 omnes
2677 1598 2766 1667 qui
2799 1613 2904 1653 non
2932 1599 3127 1656 habent
3154 1601 3556 1660 fundamentum
3586 1604 3728 1674 quod
3752 1613 3838 1668 est

2257 1685 2498 1741 Christus
2529 1687 2918 1744 :emendantur
2941 1698 3140 1756 autem,
3188 1691 3242 1746 id
3284 1702 3367 1746 est
3398 1701 3709 1762 purgantur,
3739 1692 3835 1762 qui

2259 1778 2384 1838 huic
2421 1777 2764 1835 fundamento
2795 1781 3220 1850 supertedilicant
3239 1782 3460 1852 lignum.
3487 1783 3715 1850 fanum,
3735 1784 3840 1838 διες

2259 1868 2470 1938 pulam;
2499 1868 2877 1924 detrimentum
2903 1872 3046 1926 enim
3075 1873 3360 1942 patientur,
3395 1874 3486 1928 sed
3511 1874 3641 1928 salvi
3682 1881 3844 1929 erunt

2259 1964 2507 2025 tanquam
2531 1972 2625 2026 per
2643 1958 2875 2029 ignem(l
2905 1959 3020 2015 Cor.
3051 1978 3126 2026 tu,
3152 1961 3264 2034 11).
3285 1963 3421 2028 Quid
3433 1977 3563 2033 ergo
3581 1964 3680 2018 iste
3696 1972 3843 2029 orat,

2259 2047 2347 2116 qui
2391 2061 2513 2101 non.
2535 2048 2647 2103 vult
2686 2049 2738 2103 in
2771 2049 2848 2104 ira
2877 2051 3082 2106 Domini
3131 2052 3214 2107 vel
3251 2054 3396 2122 argui
3430 2055 3509 2108 vel
3535 2053 3846 2108 emendari?

2260 2135 2418 2204 Quid,
2445 2137 2543 2192 nisi
2570 2147 2630 2192 ut
2654 2141 2910 2194 sanetur?
2936 2141 3024 2194 ubi
3049 2141 3190 2196 enim
3221 2143 3419 2199 sanitas
3454 2152 3556 2209 est,
3572 2158 3670 2198 nec
3693 2156 3851 2198 mors

2262 2229 2543 2285 metuenda
2569 2238 2670 2292 est,
2692 2245 2790 2286 nec
2807 2232 3006 2287 urentis
3032 2241 3132 2287 aut
3147 2234 3376 2288 secantis
3399 2234 3589 2291 medici
3631 2248 3849 2292 manus.

2332 2320 2385 2374 ι.
2429 2318 2593 2392 [νει-ε.
2622 2321 2678 2388 5,
2708 2320 2804 2392 4.]
2831 2322 3080 2392 Sequitur
3105 2324 3306 2394 itaque,
3325 2325 3526 2380 etdicit
3555 2343 3570 2380 :
3604 2325 3850 2381 Miserere

2264 2410 2382 2474 mei,
2431 2408 2680 2476 Domine,
2711 2413 2949 2481 quoniam
2986 2413 3218 2482 inﬁrmus
3250 2431 3363 2469 sum
3391 2430 3410 2468 :
3429 2431 3566 2471 sana.
3596 2432 3691 2480 nte,
3741 2415 3851 2470 Do-

2264 2501 2416 2563 mine,
2434 2501 2672 2570 quoniam
2703 2503 2999 2558 conturbata
3033 2513 3149 2557 sunt
3178 2519 3292 2558 ossa
3317 2520 3447 2570 mea,
3479 2504 3534 2559 id
3559 2513 3642 2559 est
3663 2505 3851 2558 ticum-

2265 2599 2501 2644 mentum
2540 2591 2731 2646 anima:
2759 2607 2924 2660 mete,
2955 2594 3038 2649 vel
3068 2593 3356 2659 fortitudo;
3405 2594 3508 2650 hoc
3555 2595 3694 2648 enim
3721 2609 3852 2649 ossa

2266 2682 2582 2752 signiﬁcant.
2615 2681 2752 2742 Dicit
2775 2697 2904 2753 ergo
2928 2683 3103 2742 anima
3153 2684 3522 2745 fortitudinem
3547 2700 3697 2739 suam
3723 2700 3853 2740 esse

2268 2774 2529 2830 turbatam
2552 2815 2568 2840 ,
2603 2789 2724 2828 cum
2763 2789 2883 2830 ossa
2924 2775 3163 2830 nominat
3194 2793 3207 2828 :
3235 2791 3408 2845 neque
3435 2776 3578 2830 enim
3621 2775 3854 2830 creden-

2267 2862 2392 2917 dum
2423 2871 2524 2927 est,
2555 2862 2696 2932 quod
2725 2862 2917 2918 habeat
2943 2878 3064 2919 ossa
3107 2879 3226 2934 qua:
3253 2865 3492 2920 videmus
3521 2865 3574 2919 in
3597 2879 3849 2932 corpore.

2269 2953 2603 3022 Quapropter
2627 2953 2694 3008 ad
2719 2955 3105 3022 expositionem
3125 2954 3354 3024 pertinet
3378 2955 3852 3026 quod=subjicitur,

2269 3042 2336 3096 Et
2362 3045 2532 3097 anima
2561 3061 2672 3100 mea
2701 3045 2900 3098 turbata
2926 3056 2998 3100 est
3020 3046 3165 3100 valde
3185 3062 3206 3111 ,°
3230 3062 3297 3102 ne
3337 3047 3479 3117 quod
3507 3063 3625 3108 ossa
3663 3049 3854 3116 appet-

2269 3133 2415 3199 lavit,
2445 3135 2688 3203 corporis
2716 3135 3156 3205 intelligerentur.
3203 3135 3267 3191 Et
3314 3151 3388 3204 ιιι,
3417 3136 3646 3198 Domine.
3669 3154 3856 3205 usque.

2267 3225 2408 3295 quo?
2437 3225 2558 3294 quis
2586 3242 2691 3280 non
2713 3226 2969 3297 intelligat
2989 3227 3280 3298 significari
3306 3229 3536 3284 animam
3562 3229 3856 3284 luctantem

2269 3331 2394 3375 cum
2412 3317 2766 3386 morbis-suis,
2794 3317 2886 3373 diu
2907 3327 3084 3374 autem
3105 3319 3320 3374 dilatam
3345 3335 3376 3374 a
3403 3318 3611 3375 medico
3639 3321 3678 3385 ⁸,
3703 3327 3762 3374 ιιι
3786 3320 3848 3375 ei

2271 3408 2692 3478 persuaderetur.
2721 3410 2775 3464 in
2801 3425 2921 3480 quae
2969 3410 3108 3465 mala
3145 3425 3216 3466 se
3243 3410 3515 3480 peccando
3557 3410 3860 3480 praecipita-

2270 3500 2448 3553 verit?
2474 3499 2625 3567 Quod
2656 3500 2798 3556 enim
2842 3499 3002 3555 facile
3029 3509 3267 3564 sanatur,
3304 3515 3411 3555 non
3437 3500 3660 3556 multum
3686 3515 3858 3556 cave-

2273 3598 2386 3655 tur;
2414 3605 2480 3645 es
2506 3589 2820 3646 difficultate
2842 3599 3019 3645 autem
3043 3591 3335 3646 sanationis
3355 3633 3371 3656 ,
3399 3592 3501 3646 erit
3549 3591 3863 3660 diligentior

2270 3679 2508 3734 custodia
2537 3690 2765 3749 recepta:
2785 3681 3046 3742 sanitatis.
3069 3680 3184 3736 Non
3203 3688 3334 3751 ergo
3353 3690 3602 3751 tanquam
3623 3681 3864 3738 crudelis

2274 3770 2415 3824 Deus
2443 3769 2786 3826 mstimandus
2833 3779 2938 3836 est,
2979 3771 3064 3826 cui
3107 3770 3346 3826 dicitur:
3383 3770 3450 3825 Et
3489 3780 3566 3837 tu,
3615 3771 3860 3838 Domine,

2273 3875 2522 3928 atqueque
2539 3859 2686 3915 ?.sed
2712 3869 2960 3930 tanquam
2987 3861 3157 3918 bonus
3178 3875 3460 3931 persuasor
3487 3863 3701 3926 animat,
3727 3863 3862 3931 quid

2272 3948 2394 4002 mali
2412 3949 2513 4002 sibi
2525 3950 2635 4020 ipsa
2651 3950 2934 4018 pepererit;
2951 3950 3182 4005 nondum
3199 3951 3338 4006 enim
3356 3958 3463 4004 tam
3479 3950 3868 4020 perfecte'orat

2272 4037 2386 4092 h:ec
2409 4039 2605 4106 anima,
2632 4047 2688 4093 ut
2709 4039 2756 4094 ei
2779 4040 2882 4094 dici
2910 4041 3076 4108 possit
3103 4057 3118 4093 :
3145 4041 3330 4095 Adhuc
3347 4041 3580 4110 loquente
3603 4049 3652 4095 te
3665 4041 3864 4110 dicant,

2274 4127 2407 4182 Ecce
2423 4129 2599 4183 adsum
2621 4128 2776 4200 (lsai.
2794 4145 2921 4196 va,
2941 4129 3058 4200 24).
3079 4131 3245 4187 Simul
3273 4141 3330 4186 ut
3354 4132 3514 4187 etiam
3541 4131 3668 4187 illud
3689 4145 3868 4201 agno-

2273 4227 2406 4283 srat,
2430 4227 2625 4287 quanta
2653 4233 2811 4287 paena
2850 4220 3026 4288 impiis
3053 4229 3403 4290 praeparatur,
3447 4221 3538 4292 qui
3578 4235 3638 4276 se
3666 4219 3867 4276 nolunt

2273 4319 2587 4365 convertere
2628 4310 2692 4363 ad
2741 4311 2928 4376 Deum,
2985 4311 3031 4365 si
3076 4320 3276 4368 tantam
3315 4311 3681 4368 difficultatem
3724 4325 3869 4368 con-

2274 4411 2542 4458 vertentes
2581 4402 2883 4470 patiuntur;
2941 4404 3082 4458 sicut
3123 4403 3231 4458 alio
3277 4403 3398 4460 loco
3438 4403 3696 4473 scriptum
3735 4412 3822 4458 est
3849 4420 3867 4457 :

2277 4491 2338 4546 Si
2370 4493 2544 4562 justus
2585 4494 2670 4546 vix
2713 4492 2884 4547 salvus
2909 4493 3022 4558 erit,
3052 4503 3282 4563 peccator
3308 4503 3357 4548 et
3377 4494 3564 4562 impius
3599 4493 3684 4548 ubi
3709 4509 3869 4562 para-

2275 4581 2393 4634 bunt
2415 4581 2456 4651 (Ι
2491 4581 2631 4635 Patr.
2666 4597 2742 4648 tv,
2776 4581 2890 4651 18)?

2346 4673 2399 4727 5.
2446 4671 2594 4744 [vers.
2621 4671 2702 4743 5.]
2745 4671 3062 4738 Convertere,
3110 4673 3347 4738 Domine,
3391 4683 3438 4728 et
3475 4690 3595 4729 erue
3639 4675 3868 4729 nstituam

2277 4777 2459 4815 meam.
2490 4762 2820 4816 Convertens
2844 4776 2924 4827 se,
2952 4772 3070 4816 orat
3108 4771 3166 4817 ut
3190 4763 3256 4817 ad
3286 4779 3402 4817 eam
3434 4773 3779 4820 convertatur
3801 4775 3864 4820 θ·

2277 4854 2439 4919 Deus,
2481 4853 2618 4908 sicut
2654 4851 2855 4908 dictum
2883 4861 3008 4908 est:
3046 4852 3402 4908 Convertimini
3425 4854 3493 4908 ad
3516 4870 3615 4920 me,
3659 4861 3706 4908 et
3733 4871 3869 4910 con-

2277 4957 2443 5001 vertar
2467 4945 2534 4998 ad
2562 4961 2666 5012 uos,
2703 4945 2825 4999 dicit
2850 4944 3103 5000 Dominus
3131 4946 3149 5014 (
3181 4944 3343 5000 Zach.
3372 4961 3411 5012 t,
3438 4945 3473 5000 5
3501 4945 3545 5013 ).
3575 4945 3658 5000 An
3681 4961 3746 5000 es
3777 4946 3874 5006 illa

2281 5037 2547 5093 locutione
2566 5037 2960 5109 intelligendum
2977 5045 3082 5103 est,
3095 5035 3408 5102 Convertere,
3434 5035 3670 5103 Domine,
3683 5035 3738 5092 id
3761 5046 3877 5110 est,

2282 5128 2365 5185 fac
2389 5144 2475 5184 me
2495 5129 2899 5195 converti,_cum
2929 5129 2981 5185 in
3009 5129 3123 5198 ipsa
3149 5141 3246 5182 sua
3267 5127 3618 5182 conveniens
3644 5126 3879 5183 difﬁcul-

2285 5231 2444 5278 tatem
2468 5223 2811 5291 laboremquc
2831 5220 3091 5275 sentiret?
3118 5218 3251 5276 Nam
3277 5217 3512 5289 perfecta
3538 5227 3881 5274 nostranost-

2284 5314 2462 5368 versio
2488 5321 2728 5381 paratum
2768 5311 2970 5366 invenit
3007 5308 3366 5374 Dcnm,.sieut
3393 5308 3657 5378 Propheta
3695 5308 3830 5366 dicit
3860 5327 3879 5368 :

2288 5405 2550 5474 Tanquam
2595 5403 2876 5460 diluculum
2919 5410 3152 5470 paratum
3190 5400 3496 5457 inveniemus
3521 5415 3634 5454 cum
3676 5398 3879 5470 (Osee.

2287 5511 2361 5561 vr,
2389 5495 2445 5558 5,
2473 5508 2572 5546 sec.
2602 5486 2788 5562 LXX).
2817 5489 3076 5558 Quoniam
3107 5498 3167 5544 ut
3192 5504 3314 5546 eum
3342 5491 3737 5556 amitteremus,
3765 5505 3879 5550 non

2287 5585 2403 5657 ejus
2427 5584 2666 5639 absentia
2687 5583 2778 5653 qui
2802 5582 2996 5652 ubique
3025 5582 3206 5649 adest,
3235 5581 3330 5638 sed
3359 5591 3539 5638 nostra
3565 5581 3690 5638 fecit
3717 5597 3880 5639 avere

2354 5740 2369 5770 ι
2399 5737 2617 5798 Quinque
2639 5742 2767 5794 Mss,
2803 5734 2887 5785 diu
2909 5743 3070 5789 autem
3091 5738 3291 5789 dilatam
3313 5734 3603 5787 medicinam
3620 5749 3650 5786 a
3671 5737 3882 5788 mcdtt‘r.

2358 5801 2376 5832 ν
2403 5799 2568 5848 Plures
2583 5805 2710 5859 3155.,
2736 5799 2964 5862 perfecta.
