4042 6480
186 400 252 454 93
1333 389 1724 448 EN.\RR.\TIO
1764 387 1826 443 IN
1866 387 2186 450 PSALMUM
2231 394 2314 448 Vl.
3389 406 3458 465 9‘

188 515 299 568 sio:
333 509 395 564 In
438 510 536 564 hoc
578 510 778 564 mundo
815 518 955 574 erat,
985 507 1178 578 inquit,
1207 523 1254 563 et
1297 507 1512 560 mundus
1539 521 1628 574 per
1667 518 1780 558 eum

189 607 349 671 (artus
372 611 469 668 est,
502 611 550 655 et
573 602 804 655 mundus
825 617 936 653 eum
980 615 1080 652 non
1101 598 1326 668 cognovit
1357 601 1376 667 (
1405 594 1561 652 Joon.
1588 612 1622 660 t,
1651 594 1776 664 10).

186 694 237 750 Si
258 707 392 764 ergo
422 693 478 746 in
510 690 619 746 hoc
647 691 851 746 mundo
879 699 1011 753 erat,
1038 697 1091 742 et
1119 686 1350 742 mundus
1385 702 1506 740 eum
1552 701 1656 739 non
1687 700 1778 738 co-

184 783 392 855 gnovit,
445 792 634 840 nostra
685 779 1014 836 inmunditia
1045 793 1149 834 non
1194 779 1293 831 fert
1321 776 1436 847 ejus
1483 785 1777 845 aspectum.

188 876 318 929 Dum
354 884 538 928 autem
570 887 672 927 nos
697 870 1075 934 convertimus,
1101 869 1152 924 id
1179 879 1280 935 est,
1313 869 1604 923 mulatione
1634 877 1779 922 vete-

186 965 256 1021 ris
284 965 414 1020 vitae
459 963 820 1040 rescnlpimus
859 963 1104 1031 Spiritum
1135 969 1404 1026 nostrum,
1437 959 1627 1014 durum
1655 973 1778 1014 sen-

184 1057 348 1112 timus
373 1065 430 1112 et
458 1055 786 1112 laboriosum
817 1053 882 1110 ad
903 1054 1242 1109 serenitatem
1263 1061 1316 1108 et
1341 1052 1775 1122 tranquillitatem

186 1147 385 1202 divina:
440 1146 578 1201 lucis
619 1161 652 1200 a
684 1157 1018 1203 terrenarum
1045 1143 1391 1214 cupiditatum
1428 1143 1650 1212 caligine
1691 1157 1777 1196 re-

186 1239 448 1310 torqueri.
472 1238 540 1293 Et
582 1238 634 1292 iu
685 1238 774 1293 tali
819 1236 1128 1294 difﬁcultate
1165 1235 1412 1299 dicimus,
1459 1233 1772 1296 Convertere,

185 1329 429 1396 Domine,
481 1329 534 1383 id
564 1337 666 1394 est,
715 1327 906 1398 adjuva
949 1342 1068 1392 nos,
1102 1334 1161 1382 ut
1193 1325 1498 1396 perﬁciatur
1541 1325 1592 1379 iu
1623 1324 1774 1379 nobis

186 1423 493 1488 conversio,
521 1437 640 1492 qua:
665 1428 718 1476 te
764 1429 1010 1490 paratum
1049 1419 1269 1485 invenit,
1301 1428 1356 1472 et
1396 1417 1676 1473 fruendum
1724 1427 1774 1472 te

187 1512 518 1582 prebentcm
549 1512 899 1570 dilectoribus
921 1511 1042 1566 tuis.
1075 1512 1141 1570 Et
1168 1511 1288 1566 ideo
1309 1519 1586 1580 postquam
1617 1509 1770 1577 dixit,

185 1603 503 1678 Convertere,
530 1603 769 1669 Domine,
815 1603 1037 1671 addidit,
1073 1613 1120 1658 et
1151 1619 1272 1658 erue
1319 1603 1541 1655 animant
1585 1618 1769 1668 meum,

187 1706 439 1766 tanquam
496 1695 849 1752 inhaerentem
881 1695 1317 1764 perplexitatibus
1359 1693 1518 1764 hujus
1563 1694 1768 1761 szeculi,

185 1797 232 1842 et
287 1789 478 1856 Spinas
527 1786 786 1856 quasdam
836 1786 1239 1842 dilaoerantium
1288 1786 1672 1843 desideriorum
1716 1788 1770 1843 in

183 1876 292 1944 ipsa
326 1879 682 1932 conversione
724 1878 1032 1946 patientem.
1060 1877 1273 1933 Salvum
1303 1894 1380 1931 me
1422 1880 1526 1950 fac,
1579 1878 1768 1947 inquit,

181 1977 395 2042 propter
420 1967 810 2024 misericordiam
839 1978 996 2030 tuam.
1023 1968 1271 2038 Inlelligit
1290 1983 1393 2024 non
1419 1984 1637 2026 suorum
1659 1985 1771 2026 mo-

182 2059 408 2112 ritorum
464 2073 581 2114 esse
623 2060 767 2130 quod
795 2069 1031 2126 sanatur,
1058 2060 1486 2132 quandoquidem
1523 2061 1768 2130 peccanti

182 2160 231 2205 et
254 2149 439 2206 datum
469 2160 795 2222 praeceptum
823 2153 1184 2222 praatereuuti,
1207 2153 1348 2222 justa
1375 2151 1643 2208 damnatio
1669 2152 1766 2207 de-

182 2241 436 2308 bebatur;
473 2257 604 2298 sana
632 2259 720 2299 me
749 2259 896 2314 ergo,
923 2244 1112 2315 inquit,
1142 2260 1248 2299 non
1272 2253 1491 2316 propter
1516 2247 1765 2302 meritum

189 2348 382 2398 meum,
406 2335 507 2390 sed
536 2344 755 2405 prepter
781 2336 1199 2392 misericordiam
1228 2347 1392 2396 tuam.

245 2425 297 2480 6.
325 2425 484 2498 [vers.
515 2425 600 2499 6,]
630 2427 884 2493 Quoniam
903 2444 1002 2482 nou
1028 2438 1099 2485 ost
1119 2429 1171 2483 in
1201 2438 1358 2484 morte
1377 2429 1466 2500 qui
1490 2445 1678 2492 memor
1701 2429 1766 2484 sit

183 2517 262 2570 tsi.
293 2517 558 2587 intefligit
589 2533 802 2588 quoque
825 2534 964 2574 nunc
990 2535 1108 2574 esse
1135 2529 1342 2589 tempus
1367 2521 1760 2586 conversionis,

181 2609 288 2677 quia
315 2624 441 2663 cum
472 2609 577 2663 ista
607 2609 712 2663 vita
736 2610 1025 2676 transierit,
1048 2623 1155 2668 non
1177 2617 1340 2665 restat
1359 2609 1460 2664 nisi
1485 2610 1764 2665 retributio

182 2700 512 2754 meritorum.
565 2698 634 2754 In
671 2701 870 2770 inferno
917 2709 1086 2754 autem
1129 2701 1242 2774 quis
1283 2701 1601 2770 conﬁtebitur
1627 2701 1764 2756 tibi?

183 2788 464 2846 Confessus
505 2799 596 2846 est
641 2791 696 2845 in
729 2791 938 2846 inferno
967 2791 1054 2847 ille
1081 2792 1250 2859 dives,
1279 2791 1346 2848 de
1374 2808 1480 2863 quo
1506 2793 1763 2850 Dominus

182 2879 314 2946 dicit,
345 2883 443 2950 qui
487 2882 750 2937 Lazarum
783 2883 914 2937 vidit
943 2883 994 2937 in
1026 2883 1235 2953 requie,
1268 2898 1328 2938 se
1363 2892 1542 2939 autem
1574 2885 1627 2938 in
1653 2893 1761 2938 tor-

183 2973 360 3028 mentis
376 2972 605 3027 dolebat
633 2990 646 3026 :
672 2989 844 3044 usque
881 2973 1018 3029 adeo
1041 2975 1338 3041 confessus,
1367 2984 1424 3029 ut
1451 2976 1610 3031 etiam
1640 2991 1759 3030 mo-

182 3063 282 3114 neri
308 3077 439 3116 suos
470 3063 634 3117 vellet
676 3073 730 3117 ut
777 3078 837 3118 se
861 3079 890 3117 a
915 3065 1147 3134 peccatis
1174 3065 1505 3132 cohiberent,
1543 3076 1760 3137 propter

182 3164 349 3218 prunas
369 3168 508 3222 quas
529 3152 671 3222 apud
699 3153 900 3210 inferos
928 3170 1047 3211 esse
1075 3170 1181 3212 non
1208 3156 1442 3211 creditur
1471 3154 1618 3230 (Luc.
1645 3173 1756 3225 xvr,

180 3241 372 3308 2351).
404 3244 668 3310 Quamvis
697 3260 826 3314 ergo
865 3245 1084 3322 frustra,
1139 3246 1416 3302 confessus
1469 3257 1550 3302 est
1583 3258 1758 3304 tamen

179 3331 267 3390 sibi
310 3334 511 3388 merito
557 3334 646 3392 illa
692 3335 954 3392 accidisse
997 3345 1300 3402 tormenta;
1339 3337 1549 3408 quando
1597 3339 1756 3393 etiam

179 3436 310 3485 suos.
338 3439 409 3479 ne
457 3424 511 3477 in
541 3423 659 3480 haec
708 3425 1042 3494 inciderent,
1082 3427 1264 3483 doceri
1313 3428 1578 3497 cupiebat.
1619 3429 1756 3494 Quid

178 3529 289 3584 ergo
314 3524 418 3582 est,
471 3514 539 3570 In
579 3517 780 3588 inferno
829 3527 996 3572 autem
1035 3519 1147 3589 quis
1189 3520 1508 3588 conﬁtebitur
1534 3520 1661 3573 tibi?
1687 3536 1754 3574 an

178 3606 429 3662 infernum
461 3609 579 3665 vult
609 3610 851 3680 intelligi,
875 3625 979 3681 quo
1001 3622 1123 3681 post
1155 3611 1412 3682 judicium
1459 3612 1757 3681 principiu-

175 3694 358 3752 buntur
383 3698 562 3767 impii,
594 3700 680 3754 ubi
709 3700 820 3769 jam
853 3711 1068 3772 propter
1101 3701 1472 3771 profundiores
1511 3702 1755 3758 tenebras

178 3791 364 3845 nullam
397 3791 497 3846 Dei
527 3791 704 3847 lucem
730 3792 1110 3859 videbunt,cui
1139 3793 1342 3866 aliquid
1370 3794 1755 3849 conﬁteantur?

175 3879 293 3936 Nam
324 3883 424 3938 iste
449 3883 628 3938 adhuc
651 3884 873 3940 elevatis
900 3885 1088 3952 oculis,
1105 3885 1346 3956 quamvis
1370 3867 1584 3940 immani
1626 3899 1754 3955 pro-

176 3969 324 4026 fetido
363 3974 711 4041 interposito,
772 3974 941 4044 potuit
981 3983 1158 4032 tamen
1189 3975 1371 4030 videre
1411 3974 1668 4030 Lazarum
1700 3975 1754 4032 in

175 4063 347 4130 requie
373 4065 754 4130 constitutum,
805 4079 872 4120 ex
902 4065 1054 4134 cujus
1082 4067 1483 4136 comparatione
1524 4066 1587 4120 ad
1619 4082 1757 4119 con-

173 4149 456 4208 fessionem
508 4163 727 4210 coaetus
777 4165 864 4210 est
913 4158 1224 4212 meritorum
1273 4173 1511 4213 suorum.
1571 4158 1756 4213 Potest

175 4242 324 4296 etiam
372 4243 509 4297 illud
564 4244 810 4316 intelligi,
865 4256 922 4302 ut
975 4257 1201 4304 mortem
1258 4258 1412 4304 vocet
1455 4261 1752 4319 peccatum,

173 4333 302 4401 quod
329 4343 642 4404 contempta
671 4337 848 4391 divina
879 4339 996 4410 lege
1018 4341 1367 4396 committitur
1395 4357 1408 4395 :
1439 4350 1494 4398 ut
1512 4343 1754 4398 aculeum

173 4425 352 4480 mortis
377 4436 612 4481 mortem
633 4429 960 4498 appellemus
980 4470 998 4497 ,
1030 4432 1171 4500 quod
1200 4443 1424 4488 mortem
1449 4442 1752 4503 comparet;

172 4517 380 4591 aculeus
407 4518 555 4573 enim
588 4521 795 4588 mortis,
831 4529 1102 4591 peccatum
1147 4524 1166 4593 (
1204 4524 1220 4578 Ι
1248 4523 1364 4578 Cor.
1392 4539 1482 4590 xv,
1512 4525 1582 4580 56
1616 4526 1655 4594 ).
1699 4523 1754 4579 in

171 4623 264 4682 qua
295 4620 478 4666 morte
503 4612 605 4666 hoc
630 4623 712 4668 est
738 4630 856 4671 esse
887 4617 1250 4674 immemorem
1285 4619 1397 4684 Dei,
1435 4619 1604 4690 legem
1640 4621 1754 4691 ejus

171 4708 219 4753 ct
247 4711 521 4772 prmeepta
548 4713 930 4760 contemnere:
960 4717 1016 4762 ut
1060 4707 1324 4767 infernum
1351 4711 1561 4766 dixerit.
1596 4718 1753 4764 tau-‘-

173 4798 326 4845 tatem
358 4793 549 4862 animi,
583 4812 701 4863 qua:
751 4809 1081 4866 precantem,
1124 4801 1174 4853 id
1199 4811 1298 4866 est,
1326 4803 1637 4858 morientem
1664 4819 1757 4858 ex-

170 4882 290 4949 cipit
314 4891 371 4938 et
399 4885 654 4949 involvit;
687 4887 833 4942 Sicut
857 4905 956 4943 non
979 4890 1327 4960 probaverunt,
1359 4894 1544 4962 inquit,
1577 4894 1756 4949 habere

173 4972 330 5029 Deum
362 4978 416 5030 in
448 4980 645 5041 notitia,
675 4981 814 5034 dedit
853 4983 966 5036 illos
996 4981 1130 5037 Deus
1172 4986 1222 5038 in
1263 4988 1528 5054 reprobum
1557 5004 1756 5044 sensum

171 5065 344 5132 (Rom.
379 5085 417 5130 ι,
451 5068 571 5134 28).
605 5071 685 5124 Ab
713 5071 809 5125 ista
843 5083 1012 5128 morte
1039 5083 1092 5127 ct
1131 5075 1197 5127 ab
1223 5074 1324 5130 isto
1354 5076 1562 5131 inferno
1591 5087 1755 5132 tutam

169 5171 220 5212 se
251 5159 487 5228 praeberi
535 5161 710 5216 anima
743 5162 1057 5230 deprecatur
1079 5205 1094 5230 ,
1123 5165 1244 5224 dum
1290 5168 1502 5221 inolitur
1531 5182 1754 5222 conver-

168 5250 373 5304 sionem
405 5250 476 5303 ad
508 5251 697 5318 Deum,
729 5263 781 5307 et
811 5255 971 5307 sentit
997 5255 1359 5310 difﬁcultates.

234 5343 289 5396 1.
323 5343 480 5403 iners.
503 5341 586 5418 7.]
616 5344 955 5414 Quapropter
982 5349 1216 5402 contexit
1255 5347 1440 5404 dicens
1469 5367 1482 5403 :
1511 5349 1758 5406 Laboravi

167 5434 429 5508 ingemuit
461 5454 590 5493 meo.
634 5438 701 5494 Et
745 5447 992 5509 tanquam
1021 5455 1206 5512 parum
1236 5442 1510 5512 profuerit,
1541 5443 1682 5497 addit
1705 5451 1758 5498 et

167 5525 291 5582 dicit
315 5542 331 5578 :
363 5525 565 5584 Lavabo
592 5546 687 5598 per
706 5529 934 5598 singulas
960 5541 1127 5584 noctes
1151 5532 1546 5587 lectum'meum.
1569 5536 1757 5588 [.cctns

168 5629 247 5671 est
278 5636 384 5674 nuc
403 5634 528 5673 ioco
549 5619 851 5690 appellatus
873 5620 960 5674 ubi
985 5621 1270 5690 requiescit
1301 5623 1512 5678 animus
1540 5639 1682 5692 a-ger
1705 5633 1758 5679 et

170 5711 435 5776 inﬁrmus,
462 5713 512 5768 id
539 5722 623 5767 cst
653 5713 705 5766 in
727 5711 998 5780 voluptate
1020 5713 1262 5782 corporis
1283 5714 1408 5768 etin
1431 5715 1573 5770 omni
1603 5715 1757 5770 delc-

170 5815 403 5863 ctattonr
437 5803 675 5863 iaculari
701 5819 718 5870 ;
751 5817 906 5873 quam
920 5801 1321 5859 delectationem
1351 5805 1594 5879 lacrymis
1617 5805 1756 5863 lavat

1888 504 1976 573 qui
1998 520 2118 562 sese
2141 507 2208 562 ab
2232 509 2316 562 illa
2341 518 2564 565 conatur
2588 511 2886 568 extrahere.
2917 515 3072 571 Videt
3097 517 3240 575 enim
3263 519 3372 590 jam
3401 538 3461 584 so

1887 593 2142 652 damnare
2168 600 2408 657 carnales
2443 605 2928 672 concupiscentias;
2959 617 3013 661 et
3035 617 3206 664 tamen
3228 611 3461 674 delecta-

1888 685 2030 742 tione
2086 698 2292 744 tenetur
2339 691 2615 747 infirmitas
2643 695 2684 758 ί,
2732 706 2784 750 et
2835 696 2888 750 in
2939 714 2999 751 ca
3040 700 3264 756 libenter
3293 705 3456 774 jacet,

1885 778 2023 834 unde
2071 797 2287 851 surgere
2315 785 2415 840 nisi
2445 797 2664 842 sanatus
2693 793 2900 844 animus
2933 807 3036 845 non
3069 803 3258 863 potest.
3305 796 3458 864 Quod

1883 880 2057 926 autem
2083 873 2177 940 ait,
2205 891 2293 943 per
2321 876 2545 948 singulas
2573 888 2758 941 noctes,
2785 879 2882 935 hoc
2911 882 3132 938 fortasse
3157 887 3322 954 accipi
3352 903 3452 942 νο,

1883 958 1998 1026 luit,
2050 962 2188 1032 quod
2238 964 2322 1018 ille
2352 965 2440 1034 qui
2485 967 2670 1034 spiritu
2720 979 2994 1038 promptus
3039 972 3197 1027 sentit
3225 973 3455 1044 aliquam

1881 1050 2052 1106 lucem
2084 1056 2339 1121 veritatis,
2368 1067 2422 1111 et
2449 1067 2621 1113 tamen
2651 1060 2700 1113 in
2729 1061 3081 1118 delectatione
3104 1064 3260 1134 hujus
3273 1068 3461 1125 saeculi

1881 1158 1977 1213 per
1999 1147 2172 1200 carnis
2198 1148 2555 1206 inﬁrmitatem
2582 1151 2866 1222 aliquando
2884 1156 3187 1225 requiescit,
3209 1168 3454 1228 tanquam

1878 1232 1992 1289 dies
2016 1244 2069 1290 et
2107 1245 2288 1291 noctes
2333 1240 2540 1296 alterno
2581 1243 2771 1298 affectu
2819 1245 3027 1315 engitur
3073 1249 3178 1315 pati
3210 1267 3224 1304 :
3253 1259 3306 1303 ut
3333 1266 3455 1306 cum

1878 1323 2026 1390 dicit,
2074 1325 2244 1380 Mente
2283 1331 2442 1383 servio
2489 1333 2586 1402 legi
2619 1333 2730 1398 Dei,
2762 1346 3008 1404 tanquam
3035 1337 3174 1394 diem
3221 1341 3451 1406 sentiat;

1876 1432 2060 1472 rursus
2086 1435 2204 1472 cum
2233 1421 2378 1487 dicit,
2407 1422 2571 1477 Carne
2596 1436 2760 1479 autem
2798 1428 2894 1499 legi
2927 1431 3116 1498 peccati
3137 1429 3324 1498 (Rom.
3356 1449 3452 1498 vn,

1875 1506 1966 1578 25)
1989 1551 2003 1576 ,
2040 1510 2318 1566 inclinetur
2344 1514 2396 1567 in
2432 1525 2663 1582 noctem,
2693 1517 2863 1572 donec
2886 1521 3058 1574 omnis
3075 1537 3174 1575 nox
3195 1533 3449 1588 transeat,

1876 1609 1928 1655 et
1958 1603 2135 1656 Veniat
2166 1620 2300 1658 unus
2329 1605 2441 1658 dirs
2471 1606 2537 1661 de
2563 1624 2668 1675 quo
2698 1609 2890 1663 dicitur
2919 1628 2932 1663 :
2969 1609 3122 1665 Mane
3144 1614 3314 1667 astabo
3337 1613 3450 1678 tibi,

1874 1699 1919 1744 et
1943 1691 2116 1744 videbo
2149 1691 2316 1759 (Psal.
2339 1709 2392 1757 v.
2423 1695 2498 1766 5).
2528 1696 2677 1751 Tune
2697 1699 2835 1752 enim
2855 1700 3084 1765 astabit;
3120 1716 3257 1756 nunc
3275 1711 3450 1757 autem

1869 1781 2030 1852 jacet,
2057 1785 2268 1853 quando
2301 1786 2350 1839 in
2380 1787 2517 1842 lecto
2546 1797 2629 1843 est
2657 1805 2812 1858 quem
2859 1791 3056 1845 lavaliit
3095 1808 3188 1861 per
3218 1793 3452 1861 singulas

1873 1880 2076 1937 noctes,
2107 1882 2161 1926 ut
2186 1875 2344 1928 tantis
2373 1876 2622 1947 lacrymis
2658 1879 2904 1948 impetret
2933 1881 3354 1936 eflicacissimam
3381 1883 3448 1937 de

1873 1964 1965 2020 Dei
2026 1967 2388 2022 misericordia
2459 1970 2792 2024 medicinam.
2835 1970 2900 2025 In
2958 1971 3191 2042 lacrymis
3237 1983 3450 2028 stratum

1871 2072 2033 2108 meum
2059 2057 2252 2128 rigabo,
2273 2060 2516 2130 repetitio
2533 2069 2616 2116 est
2643 2077 2656 2114 :
2680 2075 2799 2116 cum
2813 2063 2952 2116 enim
2974 2062 3098 2117 dicit
3114 2064 3164 2117 in
3187 2064 3444 2134 tacrymis,

1869 2146 2102 2200 ostendit
2131 2149 2579 2217 quemadmodum
2619 2151 2866 2219 superius
2891 2153 3066 2206 lavabo
3091 2153 3313 2218 dixerit;
3347 2153 3449 2210 hoc

1868 2247 2044 2293 autem
2090 2240 2379 2310 accipimus
2429 2252 2676 2307 stratum,
2732 2243 2874 2313 quod
2924 2243 3167 2315 superius
3220 2243 3444 2300 lectum:

1867 2343 2164 2399 quanquam
2197 2332 2370 2402 rigabo
2414 2333 2640 2401 amplius
2681 2335 2750 2387 sit
2789 2334 2984 2404 aliquid
3033 2350 3190 2406 quam
3237 2335 3446 2399 lavabo;

1867 2419 2114 2489 quoniam
2163 2430 2335 2490 potest
2374 2422 2570 2492 aliquid
2605 2424 2655 2478 in
2688 2424 2970 2492 superﬁcie
3018 2425 3216 2489 lavari;
3259 2425 3447 2494 rigatio

1867 2525 1994 2566 vero
2034 2511 2101 2566 ad
2143 2513 2391 2568 interiora
2441 2523 2679 2583 permeat
2703 2516 2745 2578 ',
2792 2515 2934 2587 quod
2963 2515 3222 2585 significat
3261 2515 3443 2572 ﬁetum

1865 2617 2035 2672 usque
2078 2603 2144 2658 ad
2192 2605 2369 2660 cordis
2407 2605 2620 2661 intima.
2671 2607 2992 2677 Temporum
3042 2625 3170 2663 vero
3195 2611 3443 2676 varietas,

1865 2693 2007 2764 quod
2035 2695 2363 2764 prazteritum
2389 2698 2584 2766 posuit,
2609 2712 2728 2752 cum
2753 2697 2974 2764 diceret,
2999 2699 3244 2754 Laboravi
3273 2701 3325 2753 in
3353 2716 3444 2771 ge-

1863 2787 1988 2840 mitu
2014 2786 2518 2850 meo;ctfulurum,
2567 2804 2686 2843 cum
2715 2789 2940 2853 diceret,
2985 2789 3187 2859 Lavabo
3231 2808 3320 2859 per
3339 2791 3446 2845 sin-

1863 2875 2012 2947 gulas
2043 2887 2210 2930 noctes
2242 2879 2420 2930 lectum
2443 2895 2602 2932 meum
2619 2895 2638 2942 ;
2669 2895 2854 2934 rursus
2893 2879 3146 2945 futurum,
3181 2879 3244 2933 In
3272 2882 3443 2951 [ηεινρι-

1862 2967 1959 3022 mis
2003 2977 2215 3024 stratum
2268 2985 2432 3022 meum
2476 2969 2671 3040 rigabo,
2723 2969 2850 3024 illud
2911 2970 3142 3024 ostendit
3189 2971 3312 3041 quid
3342 2972 3440 3026 sibi

1861 3057 2039 3112 dicere
2062 3058 2272 3125 debeat,
2302 3075 2420 3113 cum
2448 3060 2672 3130 quisque
2703 3060 2753 3114 in
2781 3062 2978 3130 gemitu
3010 3060 3203 3115 frustra
3230 3062 3439 3116 labora-

1861 3147 2026 3212 verit;
2073 3157 2318 3218 tanquam
2351 3147 2555 3205 diceret
2585 3168 2598 3204 :
2628 3149 2744 3206 Non
2792 3150 2988 3221 profuit
3024 3167 3147 3206 cum
3191 3151 3291 3207 hoc
3317 3152 3437 3220 feci,

1861 3251 1987 3307 ergo
2018 3237 2144 3291 illud
2176 3237 2388 3292 faciam.

1930 3327 1983 3382 8.
2013 3326 2162 3400 [rem
2209 3328 2242 3384 8
2264 3371 2278 3396 ,
2309 3328 2386 3401 9.]
2417 3329 2668 3384 Turbatus
2696 3341 2766 3386 est
2793 3333 2855 3386 ab
2881 3332 2958 3385 ira
2973 3333 3145 3386 oculus
3163 3349 3302 3388 meus
3319 3334 3397 3404 (a)
3421 3353 3440 3390 :

1859 3427 2036 3472 utrum
2077 3433 2170 3473 sua
2193 3460 2207 3485 ,
2250 3435 2315 3472 an
2350 3420 2443 3474 Dei
2469 3463 2481 3484 ,
2513 3421 2563 3474 in
2595 3437 2696 3491 qua
2727 3422 2857 3491 petit
2884 3438 2948 3476 ne
2976 3432 3285 3494 argueretur
3306 3465 3320 3487 ,
3351 3433 3442 3479 aut

1858 3509 2257 3577 corriperetur?
2289 3510 2391 3564 Sed
2421 3510 2464 3563 si
2497 3511 2580 3564 illa
2613 3511 2753 3567 diem
2775 3511 2957 3582 judicii
2983 3512 3274 3582 signiﬁcat,
3301 3529 3437 3584 quo-

1859 3601 2018 3656 modo
2063 3615 2202 3656 nunc
2247 3611 2425 3670 potest
2469 3603 2732 3674 intelligi?
2771 3607 2849 3658 An
2888 3605 3154 3660 inchoatio
3179 3605 3292 3675 ejus
3317 3615 3398 3660 est
3422 3647 3436 3672 ,

1857 3691 1996 3762 quod
2037 3691 2122 3746 hic
2158 3691 2403 3747 homines
2441 3693 2652 3749 dolores
2677 3704 2730 3749 et
2763 3704 3021 3750 tormenta
3063 3696 3360 3766 patiuntur,
3387 3707 3442 3754 et

1858 3783 2094 3837 maxime
2138 3781 2386 3836 damnum
2439 3785 2796 3855 intelligentia:
2837 3785 3110 3853 veritatis,
3157 3786 3294 3841 sicut
3329 3787 3439 3856 jam

1857 3877 2270 3930 commemoravi
2317 3877 2456 3947 quod
2497 3877 2699 3934 dictum
2739 3889 2819 3934 est
2856 3899 2869 3934 :
2911 3880 3060 3934 Dedit
3084 3879 3197 3936 illos
3227 3880 3362 3936 Deus
3389 3883 3441 3937 in

1857 3968 2126 4038 reprobum
2168 3985 2368 4024 sensum
2411 3970 2585 4042 (Rom.
2626 3987 2682 4038 ι,
2721 3971 2813 4044 28)
2837 3973 2859 4025 ?
2883 3972 3014 4028 Nam
3040 3989 3100 4029 ea
3126 3983 3208 4029 est
3233 3976 3442 4029 cmeitas

1859 4061 2085 4126 mentis;
2129 4060 2181 4114 in
2226 4077 2342 4115 eam
2388 4062 2624 4133 quisquis
2667 4063 2820 4118 datus
2864 4063 3049 4130 fuerit,
3095 4065 3161 4119 ab
3193 4065 3442 4120 interiore

1860 4149 1954 4208 Dei
1987 4152 2101 4207 luce
2129 4151 2418 4205 secluditur
2444 4193 2456 4216 ,
2491 4151 2584 4206 sed
2618 4153 2846 4207 nondum
2878 4155 3084 4224 penitus
3109 4170 3227 4209 cunt
3261 4156 3312 4210 itt
3345 4156 3442 4210 hac

1856 4241 1960 4294 vita
1997 4251 2096 4296 est.
2139 4242 2270 4297 Sunt
2302 4245 2442 4298 enim
2484 4245 2713 4299 tenebrae
2740 4248 3028 4300 exteriores
3057 4246 3264 4319 (Matt/1.
3295 4263 3403 4302 xxv
3423 4291 3438 4314 ,

1858 4333 1947 4406 30)
1972 4376 1986 4400 ,
2029 4351 2147 4406 qua:
2174 4338 2339 4408 magis
2369 4336 2435 4391 ad
2465 4337 2602 4392 diem
2629 4338 2812 4408 judicii
2844 4339 3108 4408 pertinere
3135 4339 3441 4408 iutelliguu-
3531 4351 3534 4354 ‘

1860 4435 1944 4481 tur
1963 4469 1977 4493 ,
2001 4435 2058 4482 ut
2079 4429 2287 4498 penitus
2309 4439 2456 4483 extra
2482 4430 2645 4483 Deum
2671 4431 2770 4496 sit,
2793 4431 3028 4499 quisquis
3045 4472 3059 4497 ,
3082 4430 3207 4484 dum
3232 4441 3440 4498 tempus

1857 4528 1968 4579 est.
2000 4519 2190 4587 corrigi
2218 4519 2444 4574 noluerit
2467 4535 2481 4584 ;
2514 4519 2729 4588 penitus
2750 4519 2890 4573 enim
2917 4519 2938 4549 ⁸
2959 4536 3074 4574 esse
3101 4529 3246 4574 extra
3274 4521 3438 4575 Deum

1859 4607 1982 4678 quid
2005 4618 2113 4672 est,
2143 4609 2240 4662 nisi
2268 4624 2386 4663 esse
2413 4609 2465 4663 in
2489 4625 2694 4663 summa
2717 4610 2958 4664 cmcitate
2977 4610 3279 4689 isiquidem
3302 4612 3440 4666 Deus

1861 4699 2060 4756 habitat
2085 4699 2253 4754 lucem
2282 4700 2699 4776 inaccessibilem
2728 4702 2770 4773 (Ι
2806 4699 2935 4755 Tim.
2963 4719 3012 4756 VI
3038 4745 3050 4765 ,
3081 4702 3168 4774 16)
3195 4744 3207 4766 ,
3238 4719 3341 4772 quo
3363 4705 3437 4758 itt-

1857 4793 2166 4863 grediuntur
2191 4794 2381 4862 quibus
2421 4793 2613 4847 dicitur
2645 4812 2656 4847 :
2693 4793 2838 4848 Intra
2871 4795 2920 4848 in
2955 4795 3194 4865 gaudium
3234 4793 3442 4850 Domini

1858 4886 1930 4938 tui
1967 4883 2174 4954 (Matth.
2220 4901 2323 4940 xxv
2345 4925 2359 4948 ,
2400 4885 2460 4939 2|
2485 4928 2499 4952 ,
2538 4883 2650 4957 25).
2683 4885 2848 4955 Hujus
2879 4887 3032 4954 igitur
3058 4885 3149 4940 irae
3178 4885 3442 4942 inchoatio

1859 4987 1942 5031 est
1983 4992 2139 5046 quam
2183 4977 2234 5031 in
2280 4976 2378 5030 hac
2419 4978 2522 5030 vita
2565 4976 2756 5046 patitur
2791 4977 3013 5047 quisque
3051 4987 3297 5045 peccator
3326 4995 3340 5033 :
3373 4980 3440 5032 ti-

1862 5082 2013 5121 mens
2057 5069 2229 5137 itaque
2267 5065 2451 5136 judicii
2496 5066 2633 5121 diem
2659 5107 2674 5131 ,
2713 5065 2914 5120 laborat
2940 5077 2992 5120 et
3023 5067 3251 5138 plangit,
3283 5085 3349 5124 ne
3375 5069 3441 5123 ad

1862 5159 1987 5212 illud
2017 5159 2364 5227 perducatur,
2398 5158 2546 5226 cujus
2569 5157 2774 5212 initium
2802 5168 2903 5211 tam
2927 5160 3278 5228 perniciosum
3303 5175 3441 5215 nunc

1861 5249 2166 5320 experitur;
2206 5257 2260 5305 et
2300 5248 2417 5304 ideo
2457 5265 2560 5303 non
2601 5249 2764 5317 dixit,
2806 5250 3110 5306 Exstinctus
3146 5259 3264 5320 est,
3307 5251 3397 5306 sed
3423 5291 3438 5316 ,

1927 5447 1942 5510 ξ
1969 5452 2097 5510 t.ov.,
2125 5441 2436 5508 inﬁrmitatis.
2462 5452 2516 5494 At
2533 5451 2604 5494 Fr.
2633 5453 2682 5495 et
2707 5444 2929 5510 plerique
2952 5452 3080 5510 Mss,
3104 5443 3375 5510 inﬁrmitas.

1924 5508 1946 5539 ²
1969 5507 2122 5558 Editi:
2161 5505 2429 5570 permanat.
2469 5514 2523 5556 At
2556 5514 2660 5556 Mss.
2701 5505 2875 5570 aliqui,
2921 5505 3165 5571 per'nu'at,‘
3200 5505 3307 5563 alii,
3334 5516 3442 5558 Der-

1861 5567 1993 5620 tinet.

1926 5628 2178 5692 ‘Nonnulli
2204 5630 2367 5692 prohzc
2400 5638 2526 5692 notm
2574 5637 2697 5678 Msa:
2736 5629 2930 5692 ,Penitus
2965 5637 3120 5681 autem
3160 5640 3260 5692 esse
3297 5633 3442 5677 extra

1863 5699 2032 5741 Deum.
2062 5689 2143 5739 Alii
2171 5689 2286 5739 vero
2309 5705 2416 5739 cum
2441 5691 2602 5747 editis,
2634 5691 2818 5740 renittis
2841 5693 2982 5742 enim.
3011 5690 3209 5751 [autem]

1925 5753 1997 5812 (a)
2032 5759 2098 5814 De
2124 5752 2212 5801 bac
2237 5761 2372 5814 parte
2399 5767 2525 5800 vers.
2551 5754 2582 5799 8
2605 5751 2804 5814 consule
2829 5749 3156 5814 liliuar.“t’sal.
3175 5749 3351 5814 xxxvi,
3385 5765 3436 5814 n.

1865 5816 1912 5866 9.
1940 5821 2008 5864 De
2030 5812 2183 5863 altera
2201 5812 2338 5877 parte
2359 5814 2577 5876 ejusdem
2597 5828 2723 5864 vers.
2743 5813 2773 5862 8
2790 5813 2898 5863 vide
2923 5819 3058 5863 Enar.
3085 5813 3203 5861 l‘sal.
3219 5828 3299 5873 cn,
3323 5827 3370 5862 ιι.
3388 5813 3437 5862 9.
