4042 6492
578 414 647 475 ss
1809 412 1865 469 s.
1905 406 2266 469 AUGUSTINI
2307 410 2603 470 EPlSCOPl
3767 424 3837 483 ω

475 546 499 593 ἡ
578 530 831 586 Turbatus
855 540 926 585 est
951 531 1013 585 ab
1043 532 1117 584 ira
1147 531 1321 584 oculus
1346 545 1501 582 meus.
1532 527 1587 584 Si
1613 537 1787 581 autem
1815 541 1907 581 sua
1935 526 2010 580 ira
2037 524 2164 578 dicit

493 600 503 676 ξ
576 622 791 679 oculum
832 636 985 677 suum
1013 637 1132 678 esse
1161 621 1425 685 turbatum
1446 662 1458 685 ,
1491 634 1660 690 neque
1690 618 1792 674 hoc
1819 619 2009 672 mirum
2036 626 2160 680 est:

499 704 507 763 ζ
576 729 699 767 nam
737 712 860 767 hinc
893 712 1113 766 forsitan
1176 710 1375 765 dictum
1401 719 1510 774 est,
1542 708 1663 763 Non
1691 708 1887 763 occidat
1913 708 1990 760 sol
2014 721 2163 787 super

573 804 893 858 iracundiam
930 812 1143 857 vestram
1174 801 1385 874 (Ephes.
1417 817 1469 856 Iv
1487 843 1501 866 ,
1531 801 1623 871 26)
1642 842 1655 863 ,
1684 799 1823 870 quod
1852 797 2159 853 interiorem

477 952 490 963 ,
574 895 779 961 solem,
802 895 853 949 id
879 903 961 950 est
988 894 1299 965 sapientiam
1324 893 1415 948 Dei
1436 934 1451 959 ,
1481 901 1728 962 tanquam
1758 903 2003 944 occasum
2026 876 2161 955 inse

574 988 682 1056 pati
727 987 1011 1045 arbitratur
1047 1002 1233 1055 mens,
1279 1001 1395 1058 qua}
1438 1000 1531 1041 sua
1578 970 1974 1057 perturbatione
2008 981 2160 1051 illum

576 1077 755 1133 videre
785 1092 889 1132 non
921 1078 1128 1133 sinitur.

643 1167 697 1223 9.
738 1167 1021 1223 Inveteravi
1055 1169 1108 1222 in
1148 1168 1383 1235 omnibus
1414 1167 1629 1221 inimicis
1665 1167 1802 1219 meis.
1841 1165 2015 1220 Deira
2043 1172 2160 1225 tan,-

576 1266 685 1312 tum
717 1258 956 1323 dixerat,
988 1260 1033 1314 si
1060 1268 1232 1313 tamen
1257 1259 1320 1313 de
1346 1273 1440 1312 sua
1470 1260 1546 1314 ira
1576 1257 1781 1311 dixerat
1813 1271 1827 1309 :
1852 1255 2157 1311 considera-

573 1350 644 1403 tis
668 1359 842 1406 autem
872 1352 1092 1421 reliquis
1120 1352 1260 1405 vitiis
1283 1394 1297 1417 ,
1331 1350 1529 1405 invenit
1548 1366 1607 1405 se
1632 1349 1879 1403 omnibus
1902 1363 2019 1403 esse
2039 1348 2155 1401 val-

573 1443 758 1497 latum.
790 1442 919 1508 Qum
946 1443 1070 1496 vitia
1099 1443 1345 1510 quoniam
1378 1442 1573 1496 veteris
1594 1441 1712 1495 vita:
1739 1448 1935 1494 suntet
1961 1441 2157 1499 veteris

573 1530 806 1599 hominis
827 1546 930 1601 quo
952 1532 1181 1598 exuendi
1206 1546 1388 1585 sumus
1411 1540 1465 1585 ut
1487 1531 1765 1586 induamur
1780 1546 1916 1585 novo
1936 1530 2152 1603 (Coloss.

574 1636 630 1675 ιιι
657 1662 671 1687 ,
703 1621 770 1689 9,
801 1613 890 1689 10)
913 1662 927 1686 ,
959 1631 1102 1676 recte
1129 1622 1325 1677 dictum
1352 1631 1433 1678 est
1456 1664 1470 1687 ,
1504 1621 1801 1677 Inveteravi.
1830 1622 1897 1676 In
1927 1624 2154 1676 omnibus

571 1720 748 1766 autem
789 1711 1005 1766 inimicis
1050 1714 1203 1778 meis,
1253 1713 1337 1767 vel
1379 1713 1516 1766 inter
1556 1713 1667 1781 ipsa
1711 1714 1835 1766 vitia
1878 1712 2041 1778 dicit,
2069 1715 2155 1773 vel

570 1800 710 1855 inter
748 1800 988 1855 homines
1020 1803 1107 1874 qui
1137 1803 1322 1856 nolunt
1345 1803 1410 1855 ad
1448 1803 1613 1857 Deum
1640 1801 1876 1867 converti
1908 1818 1920 1855 :
1954 1816 2073 1873 nam
2099 1810 2155 1856 et

570 1890 655 1955 hi,
699 1891 857 1945 etiam
895 1892 938 1946 si
979 1893 1220 1947 nesciunt
1262 1895 1311 1957 ί,
1354 1893 1510 1946 etiam
1555 1894 1600 1946 si
1640 1900 1893 1963 parcunt,
1925 1893 2082 1947 etiam
2106 1895 2151 1949 si

572 1977 762 2033 iisdem
805 1981 1061 2035 conviviis
1098 1991 1151 2037 et
1189 1982 1436 2036 domibus
1474 1991 1527 2037 et
1567 1982 1869 2036 civitatibus
1894 1982 2033 2036 nulla
2062 1982 2152 2038 lite

567 2070 916 2140 interposita,
961 2083 1014 2127 et
1057 2072 1261 2127 crebris
1305 2073 1582 2142 colloquiis
1621 2074 1774 2143 quasi
1817 2074 2153 2129 concorditer

567 2170 819 2228 utuntur,
849 2161 1191 2217 nihilominus
1214 2171 1387 2217 tamen
1419 2164 1708 2218 intentione
1727 2165 1988 2218 contraria
2008 2206 2023 2231 ,
2048 2165 2149 2219 iui-

565 2249 692 2305 mlci
735 2262 858 2307 sunt
882 2252 960 2306 eis
989 2253 1077 2322 qui
1108 2268 1165 2308 se
1199 2252 1264 2307 ad
1301 2254 1466 2309 Deum
1506 2262 1838 2309 convertunt.
1867 2253 1998 2309 Nam
2027 2270 2148 2309 cum

565 2342 654 2397 alii
693 2351 873 2397 amant
896 2352 948 2398 et
972 2352 1228 2415 appetunt
1257 2346 1415 2400 istum
1447 2346 1699 2401 mundum
1721 2388 1735 2413 ,
1764 2346 1853 2401 alii
1880 2362 1937 2402 se
1964 2355 2152 2418 aptant

564 2433 633 2488 ab
676 2434 779 2488 isto
826 2436 1024 2490 mundo
1067 2436 1317 2503 liberari,
1349 2437 1467 2506 quis
1488 2434 1598 2491 ‘uon
1628 2437 1802 2491 videat
1830 2436 1946 2493 illos
1975 2439 2149 2492 inimi-

563 2536 656 2577 cos
684 2537 802 2579 esse
840 2524 997 2580 istis?
1034 2542 1154 2581 nam
1194 2527 1236 2581 si
1274 2528 1509 2597 possint,
1543 2542 1636 2582 eos
1663 2543 1843 2583 secum
1872 2528 1937 2583 ad
1966 2544 2150 2599 poenas

563 2615 799 2671 trahunt.
842 2617 909 2673 Et
950 2634 1198 2689 magnum
1233 2618 1430 2674 donum
1458 2628 1576 2687 est,
1608 2620 1747 2675 inter
1774 2634 1957 2675 eorum
1987 2620 2150 2677 verba

559 2712 761 2768 versari
800 2712 1069 2783 quotidie,
1109 2721 1163 2768 et
1203 2728 1307 2769 non
1342 2712 1600 2768 excedere
1628 2713 1693 2767 de
1737 2714 1925 2770 itinere
1952 2730 2151 2783 prtece-

560 2814 770 2875 ptorum
803 2805 896 2861 Dei
929 2823 942 2859 :
970 2819 1112 2875 smpe
1133 2805 1273 2859 enim
1298 2820 1445 2858 mens
1463 2804 1637 2859 nitens
1655 2819 1871 2875 pergere
1892 2806 1942 2858 in
1959 2805 2149 2873 Deum,

558 2909 815 2950 concussa
854 2895 905 2949 in
936 2895 1052 2965 ipso
1081 2894 1267 2950 itinere
1300 2894 1527 2963 trepidat
1559 2911 1570 2947 :
1606 2903 1658 2949 et
1685 2897 1993 2964 plerumque
2022 2886 2162 2964 pro!

556 2995 739 3057 pterea
761 3002 867 3044 non
891 2987 1073 3059 implet
1100 2987 1296 3045 bonum
1320 2989 1644 3061 propositum
1668 3032 1683 3058 ,
1710 2982 1778 3047 ne
1798 2987 2032 3047 olleudat
2055 3003 2147 3042 eos

555 3097 677 3136 cum
720 3081 912 3153 quibus
960 3082 1122 3149 vivit,
1153 3082 1254 3135 alia
1297 3082 1434 3137 bona
1476 3082 1705 3152 peritura
1745 3092 1797 3139 et
1825 3083 2161 3158 transcuntia'

555 3172 838 3243 diligentes
863 3182 1020 3243 atque
1048 3182 1333 3229 sectantes.
1365 3174 1447 3229 Ab
1468 3172 1551 3229 his
1575 3186 1849 3245 separatus
1871 3184 1952 3232 est
1973 3176 2147 3231 omnis

554 3276 716 3318 sanus
735 3303 750 3329 ,
783 3277 888 3317 non
913 3263 1077 3337 locis,
1109 3264 1203 3318 sed
1233 3263 1448 3330 animo;
1476 3281 1599 3321 nam
1621 3267 1750 3321 locis
1772 3282 1996 3337 corpora
2017 3281 2145 3322 con-

555 3352 821 3420 tinentur,
852 3354 1030 3409 animo
1059 3365 1234 3411 autem
1263 3357 1412 3412 locus
1441 3368 1523 3412 est
1551 3357 1760 3413 all‘cctio
1780 3373 1895 3412 sua.

624 3443 712 3499 10.
745 3443 1077 3517 Quapropter
1106 3454 1225 3515 post
1255 3445 1490 3502 laborem
1519 3456 1571 3501 et
1594 3448 1845 3517 gemitum
1869 3455 1922 3502 et
1948 3446 2145 3503 imbres

555 3535 904 3591 creberrimos
940 3537 1293 3609 lacrymarum
1315 3579 1329 3604 ,
1359 3539 1480 3608 quia
1511 3538 1665 3592 inane
1690 3552 1793 3593 non
1826 3547 1997 3609 potest
2022 3553 2142 3593 esse

552 3626 693 3697 quod
731 3636 837 3680 tam
867 3628 1211 3682 vehementer
1234 3637 1449 3699 rogatur
1472 3628 1538 3683 ab
1564 3644 1628 3683 eo
1658 3629 1745 3699 qui
1776 3628 1891 3683 lous
1918 3637 1999 3683 est
2026 3643 2145 3682 om-

549 3718 697 3774 nium
749 3718 1226 3773 misericordiarum
1257 3762 1272 3785 ,
1330 3722 1711 3791 verissimeque
1764 3722 1962 3775 dictum
2013 3731 2159 3797 est,

548 3808 723 3880 Prope
759 3819 831 3865 est
870 3809 1120 3865 Dominus
1161 3813 1345 3866 attritis
1389 3813 1538 3869 corde
1575 3812 1746 3885 (Psal.
1778 3828 1942 3868 xxxut
1965 3856 1980 3882 ,
2012 3802 2159 3898 19).:

548 3911 669 3970 post
694 3909 866 3955 tantas
894 3901 1230 3958 difﬁcultates
1257 3904 1556 3958 exauditam
1586 3919 1643 3958 se
1668 3905 1841 3957 anima
1870 3906 1951 3975 pia
1981 3890 2161 3975 signi:

552 3989 754 4056 licans,
795 4006 951 4061 quam
992 3992 1114 4045 licet
1154 3992 1312 4046 etiam
1342 3994 1631 4049 Ecclesiam
1665 3994 1990 4065 intelligere,
2024 3995 2145 4051 vide

548 4081 675 4151 quid
717 4082 955 4153 adjungit
1002 4101 1014 4137 :
1059 4082 1313 4138 Discedite
1353 4101 1383 4136 a
1420 4102 1529 4149 me,
1558 4102 1727 4139 omnes
1752 4087 1837 4156 qui
1865 4087 2156 4157 operamini

546 4173 902 4246 iniquitatem;
943 4176 1177 4244 quoniam
1221 4176 1472 4231 exaudivit
1524 4177 1769 4242 Dominus
1798 4195 1963 4233 vocem
1992 4180 2144 4250 ﬂetus

548 4262 667 4318 mei.
701 4263 797 4320 Vel
826 4265 879 4319 in
908 4265 1181 4335 prophetia
1211 4266 1410 4322 dictum
1438 4277 1547 4332 est,
1577 4268 1824 4337 quoniam
1854 4267 2157 4330 discessuri

545 4346 708 4421 sunt,
733 4354 784 4409 id
809 4362 926 4422 est,
955 4356 1389 4426 separabantura
1414 4357 1571 4429 justis
1596 4358 1742 4429 impii
1768 4400 1782 4426 ,
1811 4374 1932 4413 cum
1953 4358 2140 4430 judicii

545 4446 661 4503 dies
704 4447 945 4513 venerit;
992 4447 1077 4503 vel
1125 4465 1298 4515 nunc,
1344 4451 1463 4520 quia
1509 4451 1714 4505 etiamsi
1746 4450 1942 4520 pariter
1981 4460 2139 4521 atque

548 4536 735 4591 iisdem
761 4540 1145 4593 conventiculis
1164 4539 1507 4596 continentur
1530 4582 1543 4603 ,
1576 4549 1748 4594 tamen
1779 4539 1828 4594 in
1852 4556 1975 4595 area
1999 4542 2137 4596 nuda

474 4664 481 4704 τ
541 4626 652 4697 jam
692 4642 852 4696 grana
893 4638 1135 4697 separata
1174 4640 1294 4687 sunt
1325 4648 1353 4683 a
1385 4631 1577 4699 paleis,
1609 4630 1847 4700 quamvis
1875 4634 2014 4686 inter
2038 4648 2136 4702 pa-

546 4717 659 4772 leas
682 4718 882 4773 lateant
914 4736 926 4772 :
958 4719 1112 4772 simul
1140 4719 1316 4792 itaque
1346 4723 1545 4775 versari
1572 4730 1792 4791 possunt
1817 4764 1830 4791 ,
1859 4724 1952 4777 sed
1974 4723 2135 4778 simul

546 4816 706 4861 vento
736 4806 930 4862 auferri
961 4823 1065 4862 non
1093 4818 1334 4880 possunt.

621 4897 709 4950 ll.
766 4894 920 4969 [vers.
956 4898 1067 4971 10.]
1111 4900 1362 4966 Quoniam
1398 4900 1650 4954 exaudivit
1689 4899 1937 4956 Dominus
1966 4919 2133 4957 vocem

547 4988 695 5058 ﬂetus
736 4989 869 5052 mei;
913 4992 1167 5044 exaudivit
1210 4990 1455 5045 Dominus
1492 4992 1893 5062 deprecationem
1933 5011 2133 5060 meam;

547 5076 797 5133 Dominus
834 5081 1108 5135 orationem
1142 5099 1301 5136 meum
1340 5086 1627 5152 assumpsit.
1668 5083 1866 5139 Crebra
1893 5083 2130 5154 ejusdem

547 5174 827 5227 sententia:
873 5175 1118 5245 repetitio
1144 5217 1158 5239 ,
1202 5192 1306 5230 non
1337 5178 1486 5247 quasi
1527 5178 1789 5232 narrantis
1839 5179 2129 5233 necessita-

548 5271 676 5330 tem,
706 5264 802 5319 sed
831 5265 1072 5321 allectum
1096 5268 1409 5324 exsultantis
1433 5270 1691 5334 ostendit;
1714 5270 1789 5326 sic
1818 5271 1958 5326 enim
1990 5272 2131 5341 loqui

546 5357 836 5429 gaudentes
865 5359 1073 5427 solent,
1102 5370 1160 5415 ut
1183 5376 1289 5415 non
1316 5362 1394 5416 eis
1417 5362 1642 5417 sufﬁciat
1671 5362 1835 5418 semel
1856 5364 2132 5419 enuntiare

547 5448 690 5519 quod
713 5450 959 5522 gaudent.
986 5449 1087 5508 iste
1106 5452 1306 5509 fructus
1332 5463 1413 5510 est
1441 5454 1579 5510 illius
1603 5455 1829 5527 gemitus
1854 5456 1907 5511 in
1928 5470 2032 5527 quo
2053 5456 2130 5511 la-

549 5538 785 5606 boratur,
808 5549 862 5596 et
882 5541 1089 5596 illarum
1115 5543 1468 5615 lacrymarum
1494 5547 1684 5616 quibus
1710 5546 1914 5601 lavatur
1937 5547 2129 5611 lectus,

552 5641 604 5686 et
631 5641 828 5688 stratus
854 5635 1085 5706 rigatur;
1114 5637 1362 5707 quoniam
1392 5640 1482 5710 qui
1511 5640 1733 5696 seminat
1760 5640 1810 5696 in
1837 5639 2087 5712 lacrymis
2111 5683 2126 5710 ,

616 5833 632 5866 ί
653 5833 724 5884 sic
746 5840 849 5886 stas.
874 5837 995 5889 Ε(ιὶιὶ
1020 5850 1149 5903 vero,
1170 5836 1456 5891 nesciuntur.

2268 522 2319 576 in
2358 526 2549 605 gaudio
2588 535 2748 584 metet
2785 528 2953 600 (Psal.
2995 546 3172 593 cxxv,
3206 532 3290 602 5),
3318 543 3367 589 et
3399 534 3538 591 beati
3566 536 3848 609 lugentesv

2263 620 2523 688 quoniam,
2544 620 2642 691 ipsi
2667 623 3076 679 consolabuntur
3099 623 3310 696 (Matth.
3338 642 3372 680 v
3397 669 3410 693 ,
3439 628 3518 699 5).

2334 709 2421 765 12.
2440 721 2447 727 '
2474 708 2625 787 [vers.
2650 713 2762 785 ll.)
2785 713 3092 783 Erubescant
3112 726 3159 770 et
3184 718 3539 775 conturbentur
3556 737 3727 778 omnes
3745 723 3847 777 ini-

2260 799 2376 853 mici
2395 801 2510 854 mei.
2534 802 2796 860 Discedite
2819 819 2847 858 a
2873 821 2979 873 me,
3002 822 3208 871 omnes,
3240 808 3373 883 dixit
3398 813 3675 879 superius;
3704 813 3849 883 quod

2258 889 2418 944 etiam
2459 893 2509 946 in
2551 892 2650 949 hac
2678 895 2812 959 vita,
2843 896 2980 952 sicut
3005 878 3302 969 expositum
3331 909 3446 967 est,
3470 878 3589 957 lieri
3621 878 3798 974 potest
3829 924 3845 961 :

2258 981 2395 1050 quod
2421 990 2595 1045 autem
2624 984 2789 1050 diciL,
2823 984 3135 1042 Erubescant
3156 996 3201 1043 ei
3220 991 3579 1047 conturbentur
3595 1033 3611 1058 ,
3636 1010 3742 1049 non
3768 996 3850 1049 vi-

2261 1073 2364 1128 deo
2406 1075 2852 1153 quemadmodum
2888 1081 3102 1135 evenire
3127 1082 3333 1151 possit,
3365 1083 3463 1137 nisi
3494 1084 3585 1137 illo
3611 1084 3697 1140 die
3722 1099 3846 1140 cum

2256 1165 2545 1227 manifesta
2560 1167 2755 1223 ruerint
2776 1169 3041 1240 justorum
3063 1174 3278 1242 praemia
3300 1182 3351 1229 et
3372 1177 3625 1251 supplicia
3653 1192 3816 1246 pecea
3834 1204 3849 1217 -

2256 1265 2454 1314 torum.
2497 1259 2627 1314 Nam
2658 1277 2799 1316 nunc
2826 1278 2996 1334 usque
3020 1265 3153 1320 adeo
3181 1281 3287 1328 non
3312 1267 3633 1324 erubescunt
3656 1269 3802 1338 impii
3825 1311 3839 1333 ,

2255 1355 2313 1401 ut
2339 1348 2490 1403 nobis
2511 1349 2762 1406 insultare
2784 1366 2888 1406 non
2916 1353 3162 1409 desinant
3190 1372 3205 1409 :
3230 1366 3282 1410 et
3302 1356 3613 1428 plerumque
3637 1368 3844 1413 tantum

2253 1440 2433 1494 valent
2454 1441 2787 1498 irrisionibus
2804 1445 2916 1498 suis
2933 1486 2948 1510 ,
2980 1454 3036 1500 ut
3063 1446 3302 1504 iniirmos
3332 1449 3574 1505 homines
3595 1450 3662 1506 de
3684 1451 3842 1506 Chri-

2252 1531 2319 1584 sti
2368 1534 2583 1587 nomine
2628 1535 2946 1593 erubescere
2995 1534 3223 1605 t‘aeiant,
3270 1539 3411 1594 unde
3455 1540 3652 1595 dictum
3692 1552 3777 1598 est
3824 1561 3838 1597 :

2256 1619 2494 1688 Quisquis
2521 1639 2599 1675 me
2616 1624 2866 1679 erubuerit
2887 1642 3057 1680 coram
3082 1628 3362 1684 hominibus
3382 1674 3396 1695 ,
3425 1632 3705 1686 erubescam
3723 1650 3843 1687 eum

2250 1726 2423 1765 coram
2451 1710 2611 1766 Patre
2651 1731 2760 1769 meo
2801 1714 2951 1788 (Luc.
2999 1734 3053 1772 ιι
3078 1760 3091 1784 ,
3134 1718 3248 1790 26).
3289 1720 3405 1775 Jam
3449 1738 3575 1777 vero
3599 1725 3842 1793 quisquis

2251 1804 2497 1871 sublimia
2526 1805 2615 1860 illa
2642 1819 2902 1889 praecepta
2934 1810 3157 1879 implere
3182 1812 3433 1879 voluerit,
3464 1823 3520 1868 ut
3543 1813 3836 1886 dispergat,

2251 1895 2341 1951 det
2383 1899 2701 1967 pauperibus
2724 1942 2738 1967 ,
2771 1915 2876 1969 quo
2900 1902 3100 1971 iustitia
3121 1903 3235 1972 ejus
3260 1913 3470 1959 maneat
3496 1905 3552 1969 in
3576 1915 3838 1961 aeternum

2253 1984 2421 2058 (Psal.
2461 2002 2546 2042 cn
2566 2028 2583 2055 ,
2625 1987 2681 2061 9)
2700 2031 2712 2052 ,
2751 1991 3101 2061 omnibusque
3130 1994 3239 2047 suis
3265 1993 3424 2047 rebus
3449 1995 3675 2049 terrenis
3700 2009 3841 2049 ven-

2250 2077 2375 2133 ditis
2413 2087 2465 2132 et
2506 2078 2859 2150 indigentibus
2884 2082 3113 2151 erogatis
3133 2124 3145 2145 ,
3174 2081 3443 2137 Christum
3468 2085 3627 2153 sequi
3647 2084 3839 2138 volue-

2249 2170 2351 2235 rit,
2391 2168 2575 2225 dicens
2607 2187 2621 2223 :
2654 2169 2799 2225 Nihil
2835 2173 3094 2227 intulimus
3118 2174 3169 2227 in
3198 2174 3327 2227 hunc
3353 2174 3595 2227 mundum
3616 2216 3631 2241 ,
3662 2190 3841 2228 verum

2250 2277 2339 2318 nec
2368 2264 2569 2333 auferre
2600 2262 2722 2333 quid
2761 2278 3023 2333 possumus
3045 2278 3066 2327 ;
3093 2264 3274 2317 victum
3302 2273 3350 2319 et
3379 2273 3717 2334 tegumentum
3742 2265 3840 2319 ha-

2246 2351 2450 2418 bentes,
2494 2352 2573 2406 his
2613 2354 2833 2407 contenti
2871 2353 3027 2406 simus
3060 2352 3103 2423 (l
3134 2352 3265 2406 Tim.
3297 2369 3385 2415 v1,
3420 2354 3453 2406 7
3476 2395 3490 2416 ,
3522 2353 3616 2423 8);
3649 2354 3840 2410 incidit
3930 2374 3939 2379 ·

2247 2442 2302 2497 in
2343 2444 2564 2497 istorum
2607 2442 2917 2512 sacrilegam
2955 2441 3316 2510 dicacitatem,
3357 2442 3504 2497 etab
3527 2443 3605 2497 eis
3632 2444 3721 2513 qui
3747 2458 3837 2498 sa-

2259 2533 2373 2588 nari
2411 2533 2598 2587 nolunt
2624 2542 2844 2587 vocatur
2867 2533 3116 2596 insanus;
3145 2542 3196 2587 et
3226 2547 3366 2603 smpc
3395 2549 3462 2587 ne
3492 2532 3591 2588 hoc
3616 2543 3839 2590 vocetur

2252 2636 2285 2695 a
2331 2622 2625 2693 desperatis
2673 2622 3015 2689 hominibus,
3068 2623 3294 2693 trepidat
3341 2623 3516 2679 facere
3559 2634 3613 2679 et
3656 2624 3838 2681 dili'ert

2248 2712 2389 2783 quod
2430 2713 2666 2767 omnium
2704 2710 3044 2768 ﬁdelissimus
3077 2721 3132 2768 et
3168 2710 3564 2784 potentissimus
3595 2715 3836 2770 medicus

2249 2804 2546 2874 imperavit.
2590 2802 2709 2858 Non
2749 2817 2876 2873 ergo
2917 2818 3059 2859 nunc
3099 2803 3186 2859 isti
3230 2812 3453 2873 possunt
3477 2804 3790 2860 erubescere
3815 2847 3834 2874 ,

2247 2895 2439 2965 quibus
2464 2910 2529 2950 ne
2555 2909 2652 2949 nos
2681 2896 3058 2950 erubescamus
3078 2895 3363 2965 optandum
3385 2904 3467 2949 est
3484 2936 3499 2962 ,
3521 2905 3574 2950 et
3592 2910 3621 2949 a
3638 2909 3841 2965 propo-

2248 2985 2352 3038 slto
2394 2984 2585 3039 itinere
2617 2985 2699 3039 vel
2728 3000 3041 3040 revocemur
3062 3026 3077 3051 ,
3108 2985 3190 3039 ve!
3221 2983 3570 3054 impediamur
3590 3025 3606 3052 ,
3636 2984 3716 3040 vel
3743 3000 3841 3041 re-

2250 3078 2536 3135 tardemur.
2581 3074 2687 3131 Sed
2731 3076 2905 3130 veniet
2946 3084 3153 3144 tempus
3186 3082 3243 3129 ut
3267 3075 3342 3128 illi
3368 3075 3712 3138 erubescant,
3742 3074 3838 3129 di-

2248 3162 2427 3235 centes
2454 3181 2511 3226 ut
2539 3173 2791 3242 scriptum
2822 3175 2904 3225 est
2935 3185 2951 3225 :
2983 3166 3056 3224 lli
3077 3175 3191 3225 sunt
3214 3183 3339 3240 quos
3366 3167 3635 3239 aliquando
3656 3164 3842 3221 habui-

2247 3281 2358 3318 mus
2386 3263 2437 3317 in
2466 3263 2622 3317 risum
2651 3271 2696 3315 et
2722 3263 2775 3316 in
2803 3261 3179 3315 similitudinem
3202 3261 3496 3331 improperii
3519 3275 3645 3313 :nos
3662 3260 3842 3313 inseno

2247 3356 2344 3425 sati
2361 3395 2375 3421 ,
2403 3354 2554 3407 vitam
2581 3351 2786 3407 illorum
2812 3351 3184 3406 aestimabamus
3211 3351 3457 3404 insaniam
3477 3390 3493 3415 ,
3522 3361 3569 3404 et
3596 3350 3743 3418 finem
3769 3351 3841 3403 il-

2249 3447 2409 3502 lorum
2446 3446 2553 3501 sine
2584 3445 2773 3499 honore
2803 3460 2824 3499 :
2846 3444 3093 3513 quomodo
3121 3444 3396 3511 computati
3416 3452 3529 3496 sunt
3549 3443 3676 3495 inter
3696 3441 3841 3511 ﬁlios
3916 3474 3925 3477 τ

2248 3538 2342 3593 Dei
2368 3583 2379 3603 ,
2404 3548 2451 3592 et
2474 3538 2603 3591 inter
2620 3546 2819 3591 sanctos
2841 3551 2949 3590 sors
2973 3536 3173 3589 illorum
3202 3542 3272 3589 est
3291 3534 3317 3588 .’
3345 3533 3481 3605 Ergo
3506 3534 3778 3588 erravimus
3802 3550 3851 3603 αν

2246 3630 2327 3684 via
2364 3629 2618 3695 veritatis,
2660 3637 2706 3683 et
2736 3626 2955 3698 justitite
2995 3627 3163 3681 lumen
3198 3641 3297 3679 non
3324 3625 3454 3679 luxit
3478 3624 3650 3687 nobis,
3681 3632 3727 3677 et
3750 3625 3841 3677 sul

2247 3737 2347 3774 non
2370 3729 2442 3775 est
2471 3730 2610 3774 ortus
2636 3720 2777 3773 nobis
2809 3735 2827 3773 .'
2854 3719 3029 3787 repleti
3056 3734 3225 3772 sumus
3249 3715 3528 3785 iniquitatis
3551 3713 3631 3767 via
3648 3722 3696 3767 et
3716 3729 3840 3783 per-

2246 3810 2479 3878 ditionis,
2510 3818 2557 3863 et
2585 3809 2951 3862 ambulavimus
2974 3806 3267 3862 solitudines
3304 3806 3554 3875 difﬁciles,
3586 3805 3715 3858 ciam
3734 3820 3840 3858 au-

2248 3911 2343 3955 tem
2383 3900 2585 3955 Domini
2623 3902 2978 3972 ignoravimus.
3023 3899 3160 3967 Quid
3185 3899 3325 3953 nobis
3349 3898 3538 3969 profuit
3561 3895 3833 3967 superbia,

2246 4003 2332 4047 aut
2362 3994 2485 4063 quid
2514 3992 2801 4046 divitiarum
2820 3992 3034 4062 jactatio
3062 3991 3272 4044 contulit
3296 3991 3435 4043 nobis
3452 3987 3841 4043 ?-Transierunt

2244 4088 2419 4157 omnia.
2432 4086 2523 4140 illa
2543 4095 2783 4155 tanquam
2810 4084 2988 4139 umbra
3015 4083 3169 4157 (Sap.
3196 4099 3228 4136 v
3246 4125 3262 4149 ,
3294 4080 3437 4153 5ο9).

2316 4179 2402 4232 15.
2447 4176 2598 4245 Quod
2626 4186 2800 4231 autem
2826 4177 2918 4241 ait,
2948 4175 3328 4238 Convertantur,
3360 4182 3407 4228 et
3430 4171 3836 4244 confundantur,

2242 4268 2360 4337 quis
2389 4282 2497 4321 non
2517 4265 2719 4335 iudicet
2744 4279 2863 4320 esse
2887 4265 3234 4333 justissimam
3261 4277 3471 4334 pmnam
3493 4303 3507 4326 ,
3531 4272 3587 4315 ut
3606 4274 3840 4316 conver-

2242 4359 2447 4412 sionem
2482 4356 2549 4411 ad
2578 4356 2944 4411 confusionem
2977 4355 3242 4419 habeant,
3271 4354 3358 4423 qui
3387 4352 3451 4407 ad
3480 4353 3704 4408 salutem
3732 4349 3839 4404 ha-

2240 4451 2369 4506 bere
2396 4449 2721 4505 noluerunt?
2749 4447 2951 4504 Deinde
2980 4445 3214 4512 addidit,
3243 4446 3388 4499 valde
3412 4444 3644 4499 velociter
3663 4459 3685 4508 ;
3704 4456 3836 4497 cum

2239 4543 2381 4598 enim
2400 4542 2509 4612 jam
2536 4540 2808 4611 deSperari
2831 4537 3052 4608 coeperit
3071 4535 3253 4606 judicii
3273 4535 3408 4598 dies,
3430 4549 3550 4589 cum
3572 4531 3833 4599 dixerint,

2240 4634 2346 4689 Pax
2367 4675 2383 4701 ,
2421 4644 2547 4688 tunc
2574 4632 2653 4688 eis
2682 4634 2988 4701 repentinus
3013 4627 3189 4682 veniet
3213 4625 3455 4681 interitus
3477 4623 3519 4696 (Ι
3546 4621 3720 4676 Thess.
3750 4636 3791 4676 γ
3812 4628 3853 4691 ,’

2237 4725 2315 4796 5).
2363 4724 2814 4792 Quandocumque
2865 4729 3043 4773 autem
3088 4713 3639 4784 venerit,celerrime
3676 4713 3838 4768 venit

2236 4816 2375 4887 quod
2397 4815 2708 4885 desperatur
2733 4827 2854 4868 esse
2882 4820 3162 4866 venturum
3189 4827 3202 4863 :
3230 4819 3283 4865 et
3302 4806 3680 4878 longitudinem
3701 4805 3835 4861 vita:

2236 4907 2393 4976 hujus
2431 4922 2536 4959 non
2577 4904 2701 4959 facit
2734 4902 2953 4970 sentiri,
2983 4900 3085 4956 nisi
3114 4914 3238 4971 spes
3264 4897 3512 4962 vivendi;
3544 4911 3667 4952 nam
3693 4893 3836 4952 nihil

2236 5000 2444 5055 videtur
2478 5013 2597 5053 esse
2631 4996 2857 5052 celerius
2878 5037 2892 5061 ,
2922 5009 3079 5065 quam
3111 4991 3360 5064 quidquid
3386 4991 3438 5045 in
3465 5004 3525 5046 ea
3547 4988 3655 5059 jam
3681 5002 3836 5059 pra:-

2237 5093 2447 5149 leritum
2485 5101 2586 5148 est.
2617 5089 2749 5145 Cum
2779 5104 2904 5160 ergo
2926 5087 3108 5159 judicii
3138 5084 3252 5141 dies
3277 5084 3517 5149 venerit,
3545 5092 3670 5138 tunc
3697 5096 3837 5137 sen-

2235 5186 2365 5241 tient
2404 5193 2711 5255 peccatores
2749 5196 2905 5251 quam
2946 5194 3049 5234 non
3085 5178 3153 5233 sit
3180 5177 3334 5247 longa
3362 5175 3537 5230 omnis
3558 5174 3664 5228 vita
3699 5188 3829 5243 qua:

2234 5276 2423 5330 transit
2447 5292 2461 5340 ;
2492 5289 2593 5328 nec
2618 5272 2839 5327 omnino
2866 5270 2942 5325 eis
2969 5267 3138 5323 videri
3170 5267 3365 5337 poterit
3394 5263 3542 5319 tarde
3569 5263 3788 5319 veniSse
3815 5306 3833 5331 ,

2234 5366 2377 5438 quod
2409 5381 2512 5419 non
2541 5360 2963 5418 desiderantibus
2987 5402 3001 5427 ,
3033 5358 3126 5413 sed
3159 5357 3332 5428 potius
3359 5370 3466 5411 non
3487 5352 3836 5410 credentibus

2235 5458 2459 5512 venerit.
2501 5455 2811 5523 Quanquam
2838 5459 2891 5507 et
2917 5448 3045 5503 illud
3074 5448 3160 5504 hic
3189 5447 3355 5518 accipi
3381 5453 3594 5519 potest,
3621 5452 3680 5500 ut
3706 5445 3836 5516 quia

2236 5560 2484 5621 tanquam
2519 5554 2815 5620 gementem
2846 5553 2900 5597 et
2927 5551 3032 5597 tam
3060 5557 3201 5612 sape
3226 5541 3419 5612 diuque
3445 5536 3659 5594 ﬂentem
3688 5537 3837 5593 Deus

2236 5644 2536 5707 exaudivit,
2579 5638 2906 5707 intelligatur
2949 5635 3166 5691 liberata
3196 5650 3227 5689 a
3255 5631 3487 5704 peccatis
3510 5673 3525 5696 ,
3558 5638 3611 5685 et
3640 5644 3839 5687 omnes

2239 5746 2515 5806 perversos
2557 5738 2733 5785 motus
2776 5725 3007 5782 carnalis
3036 5723 3330 5779 aﬂ'ectionis
3354 5720 3659 5783 domuisse,
3690 5719 3839 5775 sicut

2240 5826 2366 5884 dicit
2408 5844 2419 5879 :
2470 5820 2719 5877 Discedite
2760 5835 2791 5873 a
2826 5835 2902 5874 me
2929 5860 2943 5887 ,
2981 5832 3149 5873 omnes
3172 5815 3257 5886 qui
3282 5811 3559 5884 operamini
3585 5810 3835 5886 iniquus:
