4042 6488
190 397 253 453 .7
1382 395 1779 455 ENABltATlO
1816 393 1884 452 IN
1920 398 2241 464 PSALllUM
2284 408 2388 467 vn.
2910 394 2921 405 ’
3419 431 3491 491 ss

192 523 282 567 teut
300 553 319 580 ,
344 512 610 582 quoniam
631 513 894 569 exaudiuit
912 512 1157 569 Dominus
1176 527 1342 568 vocem
1357 512 1509 583 ﬂetus
1527 512 1644 578 mei,
1660 510 1802 582 quod

188 619 303 660 cum
334 604 387 660 ei
414 606 783 674 provenerit,
811 619 917 669 non
946 605 1136 660 mirum
1163 612 1247 660 est
1269 603 1315 658 si
1334 603 1445 673 jam
1470 603 1542 658 ita
1569 601 1802 673 perfecta

188 701 344 748 estut
366 701 502 749 oret
529 711 635 764 pro
656 695 891 751 inimicis
913 695 1042 750 suis.
1066 692 1248 749 Potest
1264 708 1394 763 ergo
1418 691 1485 749 ad
1516 694 1617 748 hoc
1643 692 1803 762 perti-

190 798 310 840 nere
345 783 502 853 quod
540 783 718 851 dixit,
762 784 1110 850 Erubescant,
1150 792 1198 838 et
1237 782 1592 838 conturbentur
1630 795 1801 837 omnes

190 874 375 929 inimici
421 874 534 929 nisi
560 915 581 941 ,
625 883 686 931 ut
718 875 787 930 de
812 875 1044 945 peccatis
1073 875 1185 930 suis
1208 882 1367 945 agant
1394 873 1757 943 pmnitentiam
1777 914 1793 942 ,

193 966 322 1038 quod
346 965 472 1023 sine
519 969 850 1023 confusione
878 968 896 1001 ³
924 976 978 1022 et
1001 966 1405 1022 conturbatione
1426 966 1536 1021 fieri
1564 981 1668 1021 non
1702 981 1797 1035 po-

192 1065 303 1112 test.
346 1056 501 1112 Nihil
555 1059 742 1129 itaque
783 1058 1002 1128 impedit
1036 1060 1115 1113 sic
1147 1058 1386 1126 accipere
1423 1065 1477 1112 et
1505 1056 1630 1112 illud
1655 1056 1796 1127 quod

192 1148 418 1217 sequitur
441 1188 459 1212 ,
502 1147 888 1203 Convertuntur
914 1156 960 1203 et
988 1148 1312 1213 erubescant,
1342 1146 1395 1202 id
1421 1155 1532 1212 est,
1567 1161 1793 1202 convcr-

193 1250 356 1295 tantur
390 1240 463 1295 ad
514 1242 698 1296 Deum
723 1283 738 1306 ,
756 1251 819 1297 et
839 1241 1155 1298 erubescant
1184 1255 1245 1297 se
1278 1242 1330 1295 in
1357 1240 1620 1310 prioribus
1649 1248 1797 1295 tene-

192 1331 289 1387 bris
320 1346 692 1402 peccatorum
718 1334 1001 1404 aliquando
1023 1334 1316 1404 gloriatos;
1346 1334 1481 1389 sicut
1508 1334 1794 1403 Apostolus

195 1420 310 1474 dicit
349 1438 367 1475 :
413 1420 609 1489 Quam
634 1424 769 1478 enim
791 1424 1004 1494 gloriam
1031 1424 1271 1477 habuistis
1294 1423 1567 1505 aliquando
1595 1428 1648 1477 in
1676 1423 1755 1478 his
1772 1464 1789 1490 ,

188 1509 233 1564 ia
250 1511 427 1581 quibus
448 1529 612 1566 nunc
639 1512 926 1569 erubescitis
955 1513 1129 1586 (Rom.
1156 1529 1213 1569 v1
1229 1552 1246 1583 ,
1274 1513 1410 1586 2t)?
1438 1514 1590 1583 Quod
1612 1523 1790 1571 autem

191 1602 411 1667 addidit,
454 1605 620 1659 ualde
643 1606 880 1661 uelociter
896 1646 912 1672 ,
938 1614 1034 1660 aut
1056 1607 1120 1661 ad
1141 1607 1372 1676 optantis
1398 1606 1642 1663 affectum
1663 1649 1678 1675 ,
1699 1617 1792 1665 aut

190 1693 249 1747 ad
274 1692 485 1748 Chriin
515 1696 815 1764 potentiam
848 1696 1178 1751 referendum
1207 1706 1321 1763 est,
1349 1697 1437 1766 qui
1465 1707 1648 1767 gentes
1670 1714 1790 1768 qua:

191 1799 278 1852 pro
313 1783 483 1839 idolis
521 1785 644 1839 suis
688 1787 1137 1855 persequebantur
1162 1789 1452 1843 Ecclesiam
1475 1830 1492 1855 ,
1518 1788 1583 1844 ad
1613 1790 1788 1845 Evan-

189 1875 303 1945 gelii
327 1875 496 1933 ﬁdem
519 1885 672 1931 tanta
696 1887 990 1949 temporum
1015 1880 1285 1935 celeritate
1309 1881 1585 1936 convertit.

647 2085 734 2145 IN
776 2085 1155 2148 PSALMUM
1194 2087 1310 2148 VII

726 2278 737 2287 ε
773 2202 1190 2262 ENAthATlO.

200 2312 418 2370 Psalmus
450 2317 565 2387 ipsi
595 2315 796 2385 David,
824 2336 968 2389 quem
988 2320 1207 2376 cantavit
1238 2320 1452 2379 Domino
1473 2363 1490 2391 ,
1514 2341 1608 2396 pro
1626 2325 1784 2382 verbis

727 2408 893 2479 (Cbusi
921 2412 1016 2479 ﬁlii
1043 2411 1249 2468 Jemini.

257 2516 307 2570 Ι.
349 2515 513 2589 [eers.
550 2515 636 2590 1.]
665 2516 894 2573 Historia
921 2520 1134 2589 quidem
1161 2521 1302 2578 unde
1320 2524 1655 2580 occasionem
1681 2526 1781 2581 ista

195 2604 457 2674 prophetia
478 2606 745 2675 sumpsit,
774 2608 828 2662 in
849 2608 1150 2678 Regnorum
1160 2612 1395 2667 secundo
1411 2612 1547 2669 libro
1562 2613 1627 2685 (ll
1652 2615 1778 2687 Reg.

195 2692 287 2765 HI)
311 2709 664 2764 cognoscere
688 2695 843 2753 facile
867 2706 972 2755 est.
997 2699 1234 2771 lbienim
1253 2701 1415 2757 Cbusi
1433 2743 1450 2767 ,
1474 2703 1676 2759 amicus
1696 2720 1781 2759 reo

192 2784 259 2852 gis
296 2786 511 2852 David,
566 2787 852 2842 transitum
892 2787 1017 2844 fecit
1054 2789 1108 2843 in
1147 2800 1324 2860 partes
1364 2792 1658 2848 Abessalon
1686 2794 1781 2849 lilii

192 2874 290 2944 ejus
319 2878 415 2947 qui
453 2877 728 2934 adversus
758 2888 961 2949 patrem
991 2880 1189 2937 bellum
1215 2881 1468 2952 gerebat,
1495 2883 1562 2938 ad
1590 2884 1780 2953 explo-

192 2965 338 3019 randa
378 2968 619 3022 consilia
659 2976 714 3023 et
751 2968 1096 3025 renuntianda
1133 2986 1253 3040 qua:
1289 2971 1543 3028 adversus
1573 2983 1778 3042 patrem

192 3055 267 3111 ille
302 3057 643 3114 moliebatur
679 3069 899 3117 auctore
923 3061 1239 3134 Aehitophel
1255 3102 1274 3131 ,
1300 3065 1391 3134 qui
1416 3064 1685 3122 defecerat
1707 3064 1777 3121 ab

190 3146 413 3213 amicitia
446 3149 618 3203 David
639 3189 656 3213 ,
683 3157 737 3203 et
763 3148 926 3205 filium
950 3152 1066 3222 ejus
1092 3152 1345 3209 adversus
1368 3164 1575 3224 patrem
1601 3157 1777 3213 consi-

190 3236 263 3291 liis
298 3240 502 3308 quibus
546 3249 732 3310 posset
773 3241 1084 3298 instruebat.
1123 3244 1229 3301 Sed
1254 3247 1505 3316 quoniam
1530 3262 1632 3303 non
1660 3249 1775 3318 ipsa

190 3327 403 3385 historia
444 3331 502 3385 in
539 3331 647 3387 hoc
679 3333 888 3401 psaltno
910 3335 1294 3414 consideranda
1317 3346 1400 3394 est
1421 3338 1490 3395 de
1513 3354 1615 3408 qua
1640 3340 1773 3396 Pro-

190 3418 343 3485 pheta
378 3422 765 3492 mysteriorum
806 3424 1045 3481 velamen
1074 3428 1360 3497 assumpsit
1380 3469 1396 3494 ,
1424 3429 1470 3485 si
1496 3432 1774 3501 transitum

188 3509 245 3561 ad
261 3509 542 3565 Christum
564 3511 808 3580 fecimus,
825 3514 1094 3579 auferatur
1106 3518 1341 3574 velamen
1360 3518 1554 3592 (llCor.
1573 3521 1769 3593 uniti).

190 3596 251 3651 Et
289 3601 471 3668 primo
512 3603 750 3671 ipsorum
778 3605 1049 3660 nominum
1078 3607 1510 3678 significationem
1538 3610 1771 3666 interro-

187 3702 372 3757 gemus
395 3691 529 3761 quid
554 3693 656 3748 sibi
681 3694 831 3749 velit.
854 3695 966 3751 Non
986 3696 1128 3751 enim
1151 3698 1433 3755 defuerunt
1454 3700 1772 3770 interpretes

186 3780 273 3846 qui
298 3779 417 3837 base
441 3783 558 3851 ipsa
583 3799 689 3838 non
720 3786 1002 3843 carnaliter
1018 3787 1086 3842 ad
1114 3788 1339 3844 litteram
1357 3829 1373 3855 ,
1405 3789 1501 3845 sed
1523 3791 1773 3859 spiritua-

186 3869 301 3926 liter
325 3872 715 3945 inrestigautes
731 3917 747 3940 ,
774 3876 1045 3934 edicerent
1066 3878 1222 3934 nobis
1247 3879 1387 3949 quod
1413 3879 1573 3936 Cbusi
1597 3882 1768 3937 inter-

185 3969 421 4027 pretetur
462 3961 784 4031 Silentium;
825 3966 1019 4024 Jemini
1046 3978 1257 4035 autem,
1289 3970 1519 4037 Dexter;
1547 3972 1768 4027 Achito-

181 4048 325 4117 pbel,
353 4051 560 4109 Fratris
589 4055 763 4109 ruina.
786 4054 986 4123 Quibus
1011 4058 1534 4128 interpretationibus
1556 4077 1766 4119 rursum

180 4141 336 4198 nobis
372 4144 601 4201 traditor
639 4145 729 4202 ille
770 4145 932 4204 ludas
960 4151 1223 4218 occurrit,
1253 4162 1311 4208 ut
1334 4153 1624 4210 Abessalon
1651 4154 1767 4224 ejus

183 4230 467 4303 imaginem
488 4245 696 4307 gestet,
726 4240 1017 4299 secundum
1040 4243 1180 4312 quod
1200 4242 1370 4299 Patris
1385 4259 1486 4315 pax
1509 4247 1768 4317 interpre-

185 4329 360 4389 tatur;
397 4326 525 4395 quia
557 4336 775 4396 pacatus
803 4345 925 4401 erga
954 4331 1101 4388 illum
1128 4334 1331 4390 exstitit
1353 4344 1503 4405 pater
1525 4378 1540 4404 ,
1570 4353 1763 4408 quam-

182 4412 257 4465 vis
293 4413 414 4481 ipse
449 4415 593 4471 dolis
626 4417 738 4474 suis
767 4417 959 4475 bellum
990 4420 1209 4478 haberet
1231 4423 1285 4479 in
1312 4424 1478 4481 corde
1499 4467 1515 4493 ,
1544 4427 1680 4483 sicut
1708 4428 1764 4486 in

180 4501 385 4569 psahno
406 4506 566 4560 tertio
588 4515 867 4563 tractatum
889 4519 969 4566 est
991 4510 1089 4584 (a).
1111 4512 1566 4581 Quemadmodum
1585 4528 1763 4574 autem

181 4592 448 4648 invenitur
470 4595 524 4648 in
556 4595 844 4667 Evangelia
875 4599 1008 4656 filios
1039 4602 1245 4658 Domini
1265 4604 1435 4659 nostri
1457 4605 1584 4661 Jesu
1604 4605 1761 4663 Chri-

179 4681 243 4734 sti
282 4681 464 4737 dictos
507 4699 629 4740 esse
665 4686 950 4757 discipulos
978 4690 1188 4764 (.llatth.
1217 4708 1303 4759 tx,
1336 4691 1424 4767 l4)
1444 4733 1461 4763 ,
1488 4695 1565 4752 sic
1592 4695 1645 4751 in
1670 4711 1764 4753 eo-

176 4767 293 4824 dem
336 4771 630 4844 Evangelio
667 4775 931 4848 invenitur
969 4780 1129 4836 etiam
1167 4780 1358 4840 fratres
1379 4800 1499 4841 esse
1523 4788 1760 4857 appella-

178 4869 294 4927 tos;
337 4878 630 4934 resurgens
670 4866 814 4922 enim
852 4868 1106 4927 Dominus
1133 4872 1239 4940 ait,
1276 4871 1413 4929 Vade
1434 4914 1451 4941 ,
1473 4883 1519 4930 et
1544 4876 1625 4932 dic
1653 4880 1763 4950 fra-

173 4954 330 5008 tribus
378 4955 505 5010 meis
551 4955 727 5028 (Joan.
772 4975 877 5027 xx,
924 4963 1045 5034 l7).
1084 4974 1140 5019 et
1175 4965 1460 5037 Apostolus
1486 4984 1608 5025 eum
1633 4970 1762 5028 dicit

174 5047 589 5117 primogenitum
628 5050 684 5104 in
724 5051 903 5107 multis
943 5054 1193 5111 fratribus
1224 5056 1395 5127 (Rom.
1452 5077 1544 5116 vm
1569 5101 1584 5129 ,
1630 5062 1755 5134 29):

174 5133 417 5205 discipuli
444 5153 573 5208 ergo
599 5138 715 5209 ejus
735 5140 883 5195 ruina
905 5143 991 5213 qui
1012 5159 1133 5199 eum
1156 5146 1407 5215 tradidit,
1435 5160 1578 5205 recte
1605 5133 1763 5207 intel—

175 5224 356 5295 i'igitur
391 5226 598 5283 Fratris
653 5230 802 5284 ruina
825 5271 841 5297 ,
888 5233 1030 5303 quod
1074 5235 1390 5309 Acbitophel
1423 5239 1760 5310 interpretari

172 5316 424 5375 diximus.
452 5320 617 5376 Cbusi
648 5331 824 5377 autem
842 5362 859 5389 ,
885 5324 1026 5394 quod
1053 5325 1428 5397 interpretatur
1455 5331 1759 5401 Silentium,

172 5421 317 5466 recte
342 5413 604 5482 accipitur
628 5414 886 5468 adversus
910 5415 1029 5471 illos
1043 5416 1195 5474 dolos
1216 5419 1501 5477 Dominum
1521 5432 1759 5479 nostrum

1919 524 1998 570 tas
2028 535 2094 574 ex
2143 532 2292 592 parte
2329 526 2489 584 Israel
2518 530 2534 561 ¹
2562 529 2697 587 facta
2721 542 2825 600 est,
2847 549 2966 593 cum
2989 536 3269 598 Dominum
3297 559 3490 617 perse-
3544 583 3561 605 .-

1913 609 2212 676 quebantur
2232 656 2248 681 ,
2280 625 2336 670 ut
2359 618 2629 686 plenitudo
2653 622 2900 681 Gentium
2952 609 3382 701 subinlrarctIet
3408 640 3488 697 sic

1912 699 2087 755 omnis
2131 702 2288 759 Israel
2330 708 2507 763 salvus
2532 710 2700 766 ﬁeret.
2747 714 2831 769 Ad
2881 718 2980 772 hoc
3033 699 3350 789 profundum
3395 742 3486 783 se.

1910 797 2112 844 cretum
2124 791 2391 864 altumque
2407 798 2672 856 silentium
2686 818 2806 858 cum
2823 807 3052 863 venisset
3066 810 3371 882 Apostolus,
3388 822 3487 872 ex-

1910 875 2160 934 clamavit
2184 885 2331 950 quasi
2360 888 2589 956 quodam
2615 891 2783 961 ipsius
2804 896 3094 955 altitudinis
3114 875 3342 959 horrore
3355 875 3487 975 per-

1908 967 2088 1024 culsus
2115 988 2129 1024 :
2158 970 2204 1026 0
2225 976 2436 1031 altitudo
2457 980 2743 1036 divitiarum
2764 987 3026 1055 sapientiae
3047 1000 3094 1044 et
3117 993 3338 1049 scientia:
3361 967 3484 1063 Dei,

1906 1075 2057 1129 quam
2079 1065 2420 1122 inscrutabilia
2447 1083 2559 1127 sunt
2575 1075 2773 1144 judicia
2800 1079 2927 1149 ejus,
2948 1091 2995 1134 et
3014 1083 3375 1155 inuestigabiles
3394 1089 3488 1141 sic

1904 1152 2101 1224 ipsius!
2125 1156 2247 1222 Quis
2266 1161 2397 1213 enim
2417 1166 2645 1233 cognouit
2666 1177 2877 1222 mentem
2898 1169 3119 1240 Domini,
3138 1184 3225 1228 aut
3238 1177 3349 1247 quis
3358 1194 3483 1231 con-

2158 1244 2295 1300 illius
2327 1248 2426 1318 fuit
2456 1250 2629 1320 (Rom.
2661 1271 2747 1324 xt,
2788 1258 2878 1325 53,
2923 1257 3087 1332 34))?
3122 1263 3192 1318 ita
3233 1242 3481 1336 magnum

1902 1330 2029 1386 illud
2075 1334 2343 1393 silentium
2387 1356 2493 1396 non
2538 1345 2866 1414 expositione
2890 1330 3059 1421 magis
3083 1355 3288 1423 aperit,
3319 1330 3481 1427 quam

1899 1420 2248 1482 admiratione
2273 1432 2629 1489 commendat.
2655 1435 2769 1492 Hoc
2787 1420 2998 1497 silentio
3022 1420 3277 1501 Dominus
3303 1461 3482 1503 sacra-

1899 1520 2135 1568 mentum
2191 1520 2512 1577 vcnerahilis
2563 1525 2821 1594 passionis
2871 1531 3182 1600 occultans,
3232 1535 3478 1592 volunta-

1899 1601 2031 1656 riam
2054 1606 2260 1662 ruinam
2285 1608 2492 1673 fratris,
2521 1612 2574 1667 id
2598 1623 2712 1682 est,
2736 1616 2991 1674 nefarium
3015 1622 3188 1677 scelus
3209 1625 3480 1682 traditoris

1896 1695 2010 1762 sui,
2058 1696 2110 1751 in
2141 1713 2249 1754 suae
2277 1702 2659 1761 misericordiae
2679 1715 2837 1778 atque
2864 1711 3210 1779 providentia:
3232 1717 3477 1773 ordinem

1896 1791 2087 1855 vertit;
2132 1799 2190 1844 ut
2227 1793 2366 1861 quod
2393 1794 2480 1850 ille
2505 1795 2572 1850 ad
2602 1799 2888 1865 perniciem
2919 1802 3072 1859 unius
3100 1804 3329 1863 hominis
3352 1823 3476 1878 per-

1893 1892 2047 1933 versa
2078 1889 2255 1937 mente
2282 1883 2505 1940 faciebat
2526 1922 2542 1953 ,
2572 1887 2671 1943 iste
2696 1889 2764 1944 ad
2790 1890 3013 1947 salutem
3039 1896 3275 1951 omnium
3302 1897 3477 1954 homi-

1894 1983 2021 2021 num
2072 1970 2290 2039 provida
2336 1973 2717 2043 gubernatione
2766 1979 3051 2036 conferret.
3104 1982 3292 2057 Cantat
3345 2001 3474 2057 ergo

1894 2057 2160 2114 Psalmum
2190 2062 2414 2119 Domino
2451 2066 2624 2120 anima
2645 2066 2899 2138 perfecta,
2928 2085 3047 2141 qua:
3073 2072 3181 2142 jam
3209 2074 3367 2145 digna
3391 2085 3476 2133 est

1894 2165 2053 2207 nosse
2092 2162 2356 2211 secretum
2402 2156 2535 2224 Dei;
2581 2166 2758 2213 cantat
2803 2177 2894 2229 pro
2934 2162 3091 2219 uerbis
3127 2162 3319 2234 Chusi,
3349 2168 3473 2236 quia

1892 2245 2089 2300 meruit
2114 2261 2273 2303 nosse
2293 2248 2452 2304 verba
2476 2249 2615 2306 illius
2635 2251 2852 2308 silentii.
2880 2255 3035 2325 Apud
3062 2256 3301 2315 infideles
3329 2260 3472 2316 enim

1891 2343 1946 2390 et
1978 2345 2347 2404 persecutores
2367 2378 2382 2406 ,
2426 2340 2693 2411 silentium
2718 2351 2800 2397 est
2829 2344 2956 2399 illud
2981 2353 3139 2416 atque
3163 2356 3424 2404 secretum
3454 2366 3470 2406 :

1890 2427 2030 2496 apud
2069 2443 2198 2484 suos
2233 2439 2445 2495 autem,
2483 2434 2673 2501 quibus
2708 2434 2906 2491 dictum
2943 2446 3023 2492 est
3046 2478 3063 2505 ,
3089 2437 3210 2494 Jam
3235 2457 3335 2496 non
3359 2441 3473 2497 dico

1889 2531 1975 2572 vos
2013 2536 2212 2586 servos,
2261 2522 2380 2591 quia
2426 2539 2595 2578 seruus
2645 2527 2801 2580 nescit
2852 2528 2977 2596 quid
3027 2530 3182 2600 faciat
3220 2527 3472 2590 Dominus

1889 2610 2038 2677 ejus;
2076 2626 2160 2665 vos
2186 2620 2355 2666 autem
2380 2613 2487 2667 diui
2514 2615 2702 2671 aulicos
2722 2656 2740 2682 ,
2767 2619 2884 2685 quia
2912 2620 3082 2673 omnia
3102 2637 3215 2691 qua:
3242 2622 3413 2678 audiui
3438 2640 3474 2681 α

1889 2697 2048 2755 Patre
2087 2716 2198 2754 meo
2217 2741 2232 2766 ,
2269 2713 2392 2772 nota
2413 2705 2511 2773 feci
2534 2704 2669 2760 vobis
2698 2705 2874 2777 (Joan.
2899 2725 3002 2775 xv,
3030 2711 3116 2781 l5)
3144 2712 3319 2782 :apud
3339 2715 3473 2770 ami-

1887 2802 1982 2843 cos
2022 2804 2151 2858 ergo
2192 2790 2306 2860 ejus
2347 2807 2450 2846 non
2490 2804 2571 2848 est
2595 2795 2861 2851 silentium
2883 2838 2899 2865 ,
2928 2799 3021 2854 sed
3050 2801 3211 2856 verba
3237 2802 3467 2870 silentii,

1887 2879 1938 2934 id
1977 2888 2081 2947 est,
2099 2881 2235 2937 ratio
2259 2884 2494 2951 exposita
2519 2893 2574 2938 et
2600 2887 2877 2942 manifesta
2907 2890 3049 2944 illius
3073 2890 3286 2946 silentii.
3316 2892 3468 2960 Quod

1885 2972 2152 3028 silentium
2175 3013 2192 3038 ,
2238 2974 2288 3028 id
2314 2980 2399 3029 est
2423 2972 2584 3030 Cbusi
2601 3016 2616 3042 ,
2645 2975 2838 3031 dicitur
2888 2977 3026 3033 filius
3049 2979 3274 3050 Jemini,
3296 2983 3355 3037 id
3384 2990 3468 3039 est

1885 3061 2062 3119 dextri
2116 3082 2130 3118 :
2180 3079 2286 3120 non
2323 3066 2466 3122 enim
2508 3067 2934 3124 abscondendum
2961 3079 3076 3125 erat
3102 3075 3296 3130 sanctis
3324 3076 3466 3145 quod

1884 3167 1982 3224 pro
2019 3153 2124 3209 illis
2160 3163 2369 3225 gestum
2393 3165 2494 3212 est.
2525 3156 2596 3211 Et
2622 3166 2797 3213 tamen
2828 3157 3071 3227 Nesciet,
3104 3161 3306 3232 inquit,
3336 3164 3465 3218 sitti-

1881 3254 1988 3300 stra
2014 3245 2135 3316 quid
2157 3245 2311 3315 faciat
2334 3247 2512 3302 dextra
2540 3245 2749 3318 (Matth.
2776 3265 2847 3317 vt,
2872 3248 2952 3319 3).
2972 3251 3128 3307 Canit
3144 3269 3269 3323 ergo
3288 3255 3463 3319 anima

1884 3338 2115 3407 perfecta
2162 3339 2217 3393 in
2261 3339 2569 3408 prophetia,
2615 3340 2699 3395 cui
2734 3351 2995 3396 secretum
3025 3343 3154 3398 illud
3200 3346 3460 3416 innotuit,

1883 3445 1977 3499 pro
2022 3431 2181 3485 verbis
2227 3427 2383 3486 Cbusi
2401 3472 2416 3495 ,
2458 3430 2511 3485 id
2536 3439 2618 3487 est
2647 3446 2742 3500 pro
2767 3433 3067 3503 cognitione
3107 3435 3342 3505 ejusdem
3371 3453 3462 3494 se-

1880 3520 2050 3585 creti;
2102 3520 2244 3589 quod
2296 3528 2558 3576 secretum
2611 3521 2797 3577 dexter
2848 3524 3026 3590 Deus,
3073 3526 3124 3579 id
3170 3537 3254 3583 est
3280 3529 3462 3587 favens

1880 3618 2037 3680 atque
2080 3611 2336 3680 prepitius
2377 3611 2463 3676 ei,
2511 3620 2760 3681 Operatus
2802 3622 2883 3668 est
2910 3632 2924 3667 :
2952 3630 3118 3685 quare
3152 3616 3253 3672 hoc
3289 3619 3456 3674 silen-

1881 3703 2010 3756 tium
2056 3701 2219 3758 Filius
2262 3702 2432 3758 dextri
2471 3703 2765 3774 appellatur
2788 3742 2805 3769 ,
2834 3705 2977 3775 quod
3021 3716 3102 3762 est
3142 3706 3331 3776 Cltttsi,
3363 3711 3457 3779 ﬁlii

1876 3790 2069 3846 Jemini
2080 3793 2106 3846 .’

1945 3885 1999 3938 9..
2031 3883 2181 3957 [uers.
2209 3885 2265 3948 Ξ.
2298 3884 2376 3957 5.]
2417 3884 2632 3940 Domine
2662 3885 2798 3942 Deus
2839 3904 2997 3954 meus,
3031 3890 3084 3944 in
3123 3899 3171 3943 te
3214 3892 3453 3961 speravi;

1875 3977 2068 4031 soluunt
2106 3993 2185 4031 me
2224 3981 2307 4048 fac
2330 3994 2392 4031 ea:
2412 3977 2642 4031 omnibus
2664 3980 3065 4049 persequentibus
3109 3996 3207 4047 me,
3248 3992 3292 4036 et
3321 3983 3457 4052 eripe

1876 4085 1972 4122 me.
2015 4068 2287 4138 Tanquam
2326 4068 2412 4123 cui
2455 4084 2559 4124 non
2609 4078 2774 4124 restat
2794 4069 2904 4139 jam
2937 4070 3169 4140 perfecto
3195 4074 3216 4104 ’
3246 4075 3346 4129 nisi
3372 4074 3456 4129 iu.

1876 4158 2027 4213 vidus
2051 4158 2312 4223 diabolus,
2335 4166 2585 4226 superato
2611 4158 2753 4213 omni
2774 4158 2915 4214 bello
2942 4168 3103 4230 atque
3128 4160 3449 4221 adversitate

1874 4249 2141 4316 vitiorum,
2166 4250 2294 4306 dicit
2324 4266 2339 4303 :
2371 4249 2581 4304 Salvum
2609 4267 2688 4305 me
2714 4249 2796 4320 fac
2819 4266 2882 4305 ea:
2904 4252 3133 4306 omnibus
3156 4270 3451 4325 persequen-

1875 4342 2006 4396 tibus
2026 4358 2122 4407 me,
2146 4351 2196 4396 et
2223 4342 2359 4411 eripe
2385 4358 2465 4396 me
2495 4358 2514 4395 :
2551 4342 2815 4412 nequando
2843 4344 3012 4412 rapiat
3036 4353 3090 4396 ut
3120 4345 3199 4399 leo
3221 4348 3445 4402 animant

1873 4447 2055 4486 meam.
2101 4432 2238 4486 Dicit
2278 4431 2565 4500 Apostolus
2607 4450 2618 4484 :
2650 4432 2979 4487 Adversarius
3014 4443 3171 4488 vester
3212 4435 3446 4495 diabolus

1871 4533 2112 4593 tanquam
2153 4523 2230 4576 leo
2255 4523 2456 4592 rugiens
2481 4521 2678 4588 circuit,
2717 4537 2943 4593 quwrcns
2983 4538 3130 4591 quem
3155 4525 3351 4581 devoret
3380 4528 3399 4596 (
3424 4527 3444 4582 ι

1874 4613 2016 4667 Petr.
2045 4628 2101 4680 v,
2131 4612 2209 4681 8).
2239 4610 2418 4681 itaque
2438 4626 2560 4666 cum
2587 4609 2788 4667 diceret
2830 4626 2924 4681 per
2966 4611 3221 4682 pluralem
3253 4631 3444 4674 nume-

1867 4720 2010 4769 rum,
2057 4696 2271 4759 Salvum
2298 4718 2377 4756 me
2414 4705 2496 4774 fac
2536 4716 2597 4757 es
2629 4702 2857 4757 omnibus
2886 4704 3285 4775 persequentibus
3327 4725 3441 4774 me,

1866 4796 2397 4868 singularemcpostea
2427 4793 2602 4850 intulit
2642 4794 2845 4858 dicens,
2891 4797 3153 4865 nequando
3193 4799 3358 4869 rapiat
3387 4809 3443 4854 ut

1868 4890 1944 4945 leo
1972 4891 2195 4945 animam
2229 4904 2389 4942 meam
2416 4900 2436 4941 .'
2462 4900 2565 4942 non
2596 4886 2738 4940 enim
2764 4885 2856 4953 ait,
2885 4886 3167 4956 nequando
3195 4888 3442 4958 rapiant,

1866 4982 2042 5037 sciens
2084 4980 2205 5051 quis
2245 4977 2500 5033 restiterit
2540 4974 2803 5038 inimicus,
2852 4983 2906 5029 et
2955 4975 3202 5045 perfecta:
3245 4980 3438 5035 animae

1867 5071 2212 5127 vehementer
2236 5067 2509 5122 adversus.
2543 5064 2677 5118 Dum
2697 5080 2795 5118 non
2823 5073 2892 5119 est
2918 5065 3254 5134 quiredimat,
3283 5083 3441 5138 neque

1867 5162 1952 5233 qui
1989 5160 2179 5215 saluum
2209 5158 2362 5230 faciat
2388 5172 2407 5210 :
2434 5154 2484 5209 id
2526 5163 2628 5220 est,
2659 5169 2725 5209 ne
2752 5154 2840 5209 ille
2869 5156 3057 5225 rapiat,
3089 5156 3214 5211 dum
3241 5167 3294 5212 tu
3333 5174 3439 5215 non

1866 5252 2088 5309 redimis
2116 5266 2285 5319 neque
2314 5247 2515 5302 salvum
2561 5246 2726 5312 facis;
2758 5246 2804 5301 si
2832 5247 2973 5302 enim
3004 5248 3141 5304 Deus
3162 5264 3267 5305 non
3312 5252 3439 5308 red-

1870 5346 1999 5401 imat
2027 5359 2196 5414 neque
2222 5342 2423 5396 salvum
2456 5340 2629 5404 faciat,
2658 5341 2745 5395 ille
2774 5341 2929 5409 rapit.

1870 5476 1874 5481 .
1940 5439 1991 5493 5.
2021 5433 2171 5509 [νινε.
2200 5434 2254 5497 4,
2284 5430 2364 5504 5.]
2392 5432 2456 5485 Et
2478 5441 2534 5486 ut
2561 5430 2897 5486 manifestum
2927 5433 2995 5488 sit
3015 5433 3124 5503 jam
3153 5435 3436 5504 perfectam

170 5501 384 5560 είιεηιὶο
407 5505 692 5560 dimicasse
714 5546 728 5568 ο
758 5505 806 5559 id
834 5513 916 5560 εει
941 5506 1199 5566 Μηδείηιο
1237 5524 1442 5573 secreto
1481 5533 1587 5588 quo
1609 5516 1768 5575 ϐαιοὶ·
1868 5501 2100 5583 animum
2130 5526 2232 5580 hoc
2258 5501 2455 5590 dicere,
2487 5524 2571 5577 cui
2598 5524 2766 5577 solius
2793 5524 2989 5581 diaboli
3018 5524 3439 5584 fraudulentissi-

228 5691 243 5720 ¹
264 5697 406 5761 μην..
434 5688 748 5752 confessione.
778 5694 919 5738 AtEt‘.
965 5698 1017 5742 et
1060 5693 1208 5743 Μειςὶ
1248 5705 1400 5757 prope
1443 5707 1613 5747 omnes
1637 5704 1763 5761 .‘lss.,

167 5752 454 5811 confusione.

226 5808 301 5875 (ἀ)
336 5820 474 5864 Ettar.
500 5815 551 5867 in
568 5810 695 5862 Psal.
722 5820 791 5870 tu,
812 5823 860 5856 ιι.
887 5808 930 5859 l.

1872 5634 1972 5673 ma:
1997 5615 2199 5672 insidia:
2236 5612 2486 5669 cavendae
2521 5622 2665 5679 sunt,
2697 5612 2816 5669 vide
2842 5614 2967 5683 quid
2997 5623 3247 5683 sequatur
3284 5632 3296 5667 :
3331 5614 3440 5671 Do-

1936 5756 1950 5786 ¹
1973 5760 2022 5801 tn
2039 5751 2198 5809 editis,
2224 5745 2413 5799 accitas
2430 5748 2482 5797 in
2505 5747 2667 5798 Israel.
2692 5747 2833 5799 Abest
2854 5746 2903 5797 in
2926 5758 2952 5794 ξ.
2965 5752 3069 5795 Mss.

1936 5818 1956 5848 ι
1976 5820 2094 5864 Tres
2116 5822 2240 5874 uss,
2258 5816 2547 5876 persecutor.
