4042 6492
583 411 654 476 99
1813 434 1870 462 υ.
1912 393 2171 460 AUGUS’I

2315 394 2608 454 EPISCOPI

585 535 716 587 mine
747 532 880 587 Deus
922 543 1080 596 meus,
1126 529 1172 584 si
1210 528 1304 596 feci
1351 522 1505 582 istud.
1537 523 1670 593 Quid
1719 521 1967 591 estquod
2008 526 2162 571 vocat

584 623 760 680 istud?
799 638 865 676 an
911 621 1034 690 quia
1065 635 1169 674 non
1197 617 1326 672 dicit
1357 631 1547 688 nomen
1593 611 1812 683 peccati,
1865 605 2162 662 universale

586 723 858 782 peccatum
882 708 1277 780 intelligendum
1305 706 1429 762 est?
1459 705 1557 772 Qui
1585 703 1879 757 intellectus
1906 699 1950 751 si
1977 696 2161 764 displi-

583 813 688 864 cet.
723 802 848 857 illud
877 801 1196 870 accipiamus
1221 797 1322 852 dici
1364 795 1503 867 quod
1531 795 1769 863 sequitur
1796 807 1809 842 :
1841 799 2086 854 tanquam
2118 784 2162 838 si

583 895 1081 962 interrogassemus,
1123 887 1258 956 Quid
1285 896 1368 940 est
1397 888 1494 939 hoc
1520 883 1658 954 quod
1687 881 1839 944 dicis,
1869 876 2048 931 istud?
2075 890 2162 929 rc-

584 984 810 1055 spondet
840 1001 854 1037 :
887 983 1039 1037 Siest
1068 981 1304 1048 iniquitas
1346 979 1399 1032 in
1441 976 1668 1030 manibus
1710 973 1851 1026 meis.
1894 970 2010 1024 Jam
2037 981 2164 1036 ergo

589 1073 929 1131 manifestum
969 1081 1050 1126 est
1089 1071 1155 1124 de
1184 1069 1324 1122 omni
1358 1075 1573 1137 peccato
1610 1064 1734 1128 dici,
1769 1061 1829 1116 Si
1857 1059 2054 1113 reddidi
2082 1073 2164 1110 re-

587 1165 910 1219 tribuentibus
933 1162 1054 1214 mihi
1095 1161 1266 1222 mala;
1292 1157 1430 1226 quod
1459 1171 1562 1210 non
1609 1160 1781 1223 potest
1811 1161 1936 1204 vere
1961 1146 2160 1212 dicere,

590 1257 689 1311 nisi
721 1255 1006 1325 perfectus.
1041 1251 1126 1306 Ait
1151 1251 1345 1320 quippe
1375 1246 1628 1301 Dominus
1660 1261 1674 1296 ε
1705 1242 1884 1296 Estote
1927 1237 2162 1307 perfecti,

586 1348 714 1400 sicut
742 1343 898 1397 Pater
912 1344 1068 1395 vester
1093 1342 1178 1410 qui
1203 1347 1276 1392 est
1301 1337 1353 1390 in
1380 1335 1536 1398 caelis,
1567 1333 1653 1401 qui
1685 1331 1840 1384 solem
1871 1343 2019 1381 suum
2045 1325 2166 1378 oriri

595 1434 718 1506 facit
744 1448 895 1501 super
920 1430 1075 1484 bonos
1101 1437 1146 1482 et
1173 1427 1352 1494 malas,
1381 1432 1428 1478 et
1453 1423 1579 1493 pluit
1605 1435 1756 1489 super
1778 1420 1934 1482 iustos
1953 1424 1999 1468 et
2027 1415 2168 1506 inju-

587 1504 689 1577 ac.
717 1523 926 1592 (Matth.
955 1535 1012 1586 ν,
1049 1519 1137 1584 ts,
1175 1517 1308 1587 45);
1354 1515 1442 1585 qui
1486 1527 1614 1580 ergo
1657 1524 1760 1564 non
1806 1506 1981 1562 reddit
2007 1504 2166 1558 retria

585 1613 867 1669 buentihus
894 1611 1050 1673 mala,
1075 1606 1344 1677 perfectus
1365 1612 1468 1658 est.-
1492 1603 1624 1656 Cum
1647 1601 1828 1669 itaque
1851 1603 1968 1650 oret
1991 1595 2166 1647 anima

585 1702 817 1774 perfecta
844 1717 936 1771 pro
976 1698 1134 1752 verbis
1161 1694 1335 1760 Clausi,
1378 1693 1475 1762 ﬁlii
1501 1691 1710 1755 Jemim',
1744 1689 1796 1742 id
1832 1694 1912 1742 est
1941 1700 2035 1754 pro
2077 1697 2169 1738 cod

585 1792 822 1862 gnitione
867 1791 1008 1844 illius
1037 1787 1228 1843 secreti
1255 1795 1413 1854 atque
1438 1781 1652 1847 silentii,
1682 1777 1824 1848 quod
1872 1791 1967 1847 pro
1994 1775 2167 1829 salute

587 1893 768 1938 nostra
799 1891 1047 1951 operatus
1073 1886 1153 1932 cst
1184 1875 1441 1946 propitius
1472 1873 1623 1927 nobis
1649 1881 1703 1925 et
1736 1868 2038 1924 misericors
2065 1866 2167 1920 Do-

585 1976 782 2039 minus,
815 1982 870 2026 ut
913 1971 1163 2026 toleraret
1199 1976 1253 2023 et
1281 1965 1663 2037 patientissime
1693 1962 1981 2017 sustineret
2017 1959 2167 2013 dolos

588 2063 857 2118 traditoris
883 2061 961 2116 sui
993 2080 1004 2113 ε
1038 2067 1286 2128 tanquam
1333 2056 1456 2110 huic
1484 2054 1730 2125 perfectae
1769 2052 1959 2105 animze
1985 2049 2164 2115 dicat,

587 2166 863 2220 exponens
890 2151 1146 2202 rationem
1179 2147 1342 2216 ipsius
1369 2145 1560 2200 secreti
1591 2162 1606 2197 :
1632 2144 1744 2212 Ego
1788 2157 1883 2211 pro
1913 2150 1966 2195 te
2007 2139 2168 2207 impio

587 2252 641 2296 et
668 2247 968 2310 peccatore,
998 2246 1054 2290 ut
1081 2245 1180 2289 tua:
1207 2235 1510 2304 iniquitates
1537 2233 1640 2286 mei
1663 2230 1932 2301 sanguinis
1954 2227 2170 2282 eﬂusio-

588 2347 656 2386 ne
701 2331 1042 2393 lavarentur,
1093 2341 1285 2397 magno
1329 2325 1540 2380 silentio
1582 2334 1638 2379 et
1681 2336 1867 2392 magna
1917 2319 2169 2391 patientia

591 2421 899 2476 traditorem
944 2434 1120 2473 nteant
1167 2417 1378 2487 pertuli,
1425 2431 1601 2470 nonne
1643 2414 1934 2468 imitaberis
1963 2427 2068 2478 me,
2114 2419 2172 2466 ut

589 2522 644 2568 et
669 2521 723 2566 tu
766 2528 871 2565 non
900 2509 1091 2565 reddas
1121 2510 1256 2563 mala
1281 2522 1379 2580 pro
1405 2507 1598 2562 malis?
1629 2505 2054 2559 animadvertetis
2083 2503 2174 2573 igi-

590 2607 674 2657 tur
711 2611 766 2657 et
809 2601 1108 2671 intelligens
1147 2599 1274 2669 quid
1311 2613 1404 2667 pro
1451 2597 1544 2650 illo
1588 2594 1770 2650 iecerit
1815 2594 2084 2657 Dominus,
2117 2601 2173 2646 et

589 2695 704 2764 ejus
749 2693 996 2762 exemplo
1035 2691 1099 2745 ad
1145 2689 1522 2760 perfectionem
1564 2687 1866 2757 proﬁciens,
1912 2685 2060 2751 dicit,
2110 2682 2172 2738 Si

589 2786 788 2841 reddidi
828 2783 1205 2840 retribuentibus
1245 2782 1368 2835 mihi
1403 2781 1558 2844 mala,
1603 2779 1654 2833 id
1696 2787 1797 2842 est,
1839 2778 1884 2832 si
1916 2793 2020 2830 non
2072 2775 2170 2830 feci

589 2876 730 2946 quod
775 2885 829 2930 tu
859 2874 1098 2929 faciendo
1138 2872 1380 2937 docuisti,
1433 2870 1658 2924 decidant
1703 2885 1818 2938 ergo
1851 2868 1913 2920 ab
1956 2866 2172 2919 inimicis

589 2969 715 3021 meis
751 2966 939 3020 inanis.
965 2965 1027 3019 Et
1054 2964 1187 3018 bene
1216 2979 1320 3017 non
1345 2961 1421 3016 ait
1441 3003 1456 3025 ,
1483 2961 1538 3014 Si
1585 2959 1789 3014 reddidi
1819 2956 2172 3012 tribuentibus

590 3057 722 3110 mihi
766 3057 924 3120 mala,
970 3054 1083 3118 sed,
1115 3051 1499 3106 retribuentibus
1529 3068 1549 3104 :
1576 3051 1664 3119 qui
1692 3049 1832 3104 enim
1878 3047 2124 3102 retribuit
2152 3084 2169 3112 ,

589 3150 696 3219 jam
725 3145 922 3216 aliquid
966 3154 1279 3213 acceperat;
1311 3142 1526 3209 majoris
1555 3148 1730 3194 autem
1758 3137 2023 3207 patientia:
2049 3146 2129 3190 est
2153 3176 2170 3204 ,

590 3253 692 3295 nec
719 3238 769 3292 ei
813 3237 946 3290 mala
977 3233 1270 3305 rependere
1299 3232 1386 3302 qui
1435 3231 1668 3300 acceptis
1697 3227 1972 3283 beneficiis
1999 3227 2174 3282 reddit

592 3332 729 3386 mala
755 3343 853 3399 pro
897 3327 1071 3391 bonis,
1100 3341 1257 3396 quam
1283 3325 1325 3378 si
1355 3323 1500 3377 nullo
1523 3332 1646 3375 ante
1670 3329 1887 3389 accepto
1917 3318 2173 3374 beneficio

593 3435 786 3475 nocere
814 3417 1088 3478 voluisset,
1136 3414 1198 3470 Si
1224 3413 1423 3468 reddidi
1459 3427 1608 3482 ergo,
1637 3409 1825 3480 inquit,
1854 3409 2172 3463 retribuenti-

594 3511 686 3565 bus
724 3509 845 3563 mihi
871 3507 1028 3574 mala,
1067 3505 1117 3560 id
1160 3515 1261 3571 est,
1289 3504 1331 3557 si
1375 3513 1426 3558 te
1454 3517 1558 3557 non
1585 3503 1816 3556 imitatus
1841 3514 1958 3555 sum
1989 3501 2041 3554 in
2086 3500 2174 3554 illo

595 3603 824 3666 silentio,
854 3600 954 3654 hoc
979 3609 1060 3654 est
1100 3597 1349 3667 patientia
1381 3605 1465 3649 tua
1495 3609 1652 3664 quam
1685 3609 1780 3663 pro
1808 3609 1892 3647 me
1919 3600 2172 3660 operatus

595 3707 676 3757 es,
707 3691 934 3744 decidant
967 3687 1028 3740 ab
1068 3687 1280 3740 inimicis
1311 3686 1430 3739 meis
1456 3683 1644 3738 inanis.
1685 3683 1916 3735 lnauiter
1947 3681 2087 3733 enim
2113 3693 2174 3734 se

593 3781 776 3853 jactat,
804 3780 892 3848 qui
918 3793 1037 3832 cum
1067 3788 1121 3832 et
1147 3779 1259 3845 ipse
1297 3775 1453 3828 homo
1481 3775 1570 3836 sit,
1601 3772 1744 3840 cupit
1768 3786 1826 3824 se
1865 3770 1932 3823 de
1957 3769 2175 3824 homine

597 3871 864 3925 vindicare
894 3886 908 3923 :
939 3876 994 3924 et
1021 3881 1140 3922 eum
1170 3879 1422 3935 superare
1449 3863 1717 3916 hominem
1747 3859 1918 3928 palam
1946 3858 2134 3928 qumrit
2155 3897 2171 3926 ,

599 3962 804 4016 occulte
830 3975 860 4013 a
890 3957 1100 4012 diabolo
1141 3964 1442 4025 superatur,
1492 3950 1664 4005 inanis
1702 3949 1922 4005 effectus
1961 3963 2094 4002 vana
2122 3957 2178 4004 et

599 4055 824 4124 superba
885 4051 1083 4115 lauitia,
1111 4049 1252 4118 quod
1279 4047 1428 4118 quasi
1459 4045 1595 4098 vinci
1627 4059 1730 4100 non
1757 4043 1946 4113 potuit.
1973 4040 2175 4096 Intellio

602 4145 677 4215 git
703 4159 830 4214 ergo
857 4145 954 4196 iste
982 4139 1071 4195 ubi
1095 4137 1265 4208 major
1303 4137 1391 4190 liat
1416 4135 1650 4199 victoria,
1679 4143 1734 4188 et
1757 4133 1844 4188 ubi
1871 4132 2030 4187 Pater
2056 4132 2178 4186 red-

601 4234 691 4288 dat
716 4233 804 4302 qui
831 4231 972 4285 videt
1015 4230 1067 4283 in
1095 4228 1325 4283 occulto.
1368 4225 1445 4280 Ne
1471 4225 1656 4279 reddat
1683 4225 1858 4292 itaque
1881 4223 2177 4277 retribuen~

601 4324 741 4378 tibus
783 4323 939 4384 mala,
969 4321 1100 4374 iram
1145 4317 1320 4388 potius
1364 4330 1521 4386 quam
1565 4315 1834 4368 hominem
1861 4314 2042 4374 vincit,
2077 4314 2178 4368 illis

600 4418 760 4472 etiam
783 4413 969 4468 litteris
988 4411 1244 4476 eruditus,
1275 4409 1326 4462 in
1351 4407 1541 4478 quibus
1563 4407 1818 4475 scriptum
1845 4413 1927 4460 est
1951 4424 1964 4458 :
1991 4403 2178 4458 Melior

601 4519 672 4563 est
697 4508 783 4575 qui
806 4507 954 4560 vincit
973 4505 1122 4568 iram,
1147 4516 1299 4572 quam
1312 4499 1397 4569 qui
1419 4498 1554 4569 capit
1575 4498 1824 4551 ciuitatem
1851 4492 2034 4566 (Prov.
2066 4511 2176 4560 xvr,

601 4600 689 4654 32.
722 4614 820 4650 sec.
853 4593 1038 4664 LXX).
1086 4593 1144 4647 Si
1172 4591 1368 4646 reddidi
1413 4589 1796 4644 retribuentibus
1839 4587 1961 4639 mihi
2005 4586 2175 4648 mala,

601 4688 829 4743 decidant
859 4701 975 4755 ergo
1008 4684 1069 4736 ab
1115 4683 1329 4736 inimicis
1368 4681 1488 4734 meis
1515 4681 1703 4734 inanis.
1742 4679 1930 4733 Jurare
1972 4678 2181 4732 videtur

603 4793 698 4848 per
719 4776 1155 4837 exsecrationem,
1177 4771 1314 4841 quod
1334 4780 1415 4824 est
1441 4769 1809 4840 graviSsimum
1836 4768 2180 4836 jurisjurandi

602 4883 788 4937 genus,
835 4882 952 4919 cmn
1005 4865 1164 4918 homo
1203 4862 1331 4916 dicit
1359 4879 1372 4914 :
1405 4860 1459 4914 Si
1493 4859 1618 4913 illud
1665 4857 1788 4925 feci,
1822 4858 1949 4912 illud
1992 4860 2176 4928 patiar.

603 4959 707 5013 Sed
736 4956 874 5012 aliud
913 4965 992 5010 est
1013 4955 1205 5024 juratio
1249 4953 1300 5006 in
1331 4966 1424 5006 ore
1447 4950 1690 5020 jurantis.
1727 4948 1868 5003 aliud
1899 4950 1948 5003 in
1976 4950 2180 5020 signiti-

605 5051 810 5105 catione
839 5046 1246 5117 prophetantis.:
1280 5044 1365 5099 hic
1405 5044 1548 5098 enim
1579 5043 1706 5096 dicit
1731 5042 1854 5112 quid
1883 5058 2006 5097 vere
2051 5057 2177 5097 con-

605 5143 770 5209 tingat
811 5136 1112 5192 hominibus
1149 5137 1236 5204 qui
1282 5134 1512 5188 reddunt
1553 5133 1965 5187 retribucntibus
2005 5133 2178 5198 mala;

606 5246 712 5286 non
739 5228 881 5299 quod
921 5227 1040 5294 sibi,
1086 5235 1178 5279 aut
1217 5225 1394 5290 alicui,
1442 5225 1590 5294 quasi
1617 5223 1960 5294 jurejurando
1988 5224 2180 5293 impre-

605 5333 772 5378 CClUl'.

675 5415 728 5468 4.
757 5410 908 5485 [ειη.
927 5406 1006 5480 6.]
1029 5407 1496 5478 Ρετεεᾳιιαιισιετςο
1515 5406 1743 5460 inimicus
1763 5406 1981 5458 animam
2000 5421 2178 5469 meam,

605 5514 652 5559 et
682 5497 1087 5570 comprehendat.
1122 5496 1313 5551 lterum
1360 5497 1627 5550 inimicum
1667 5495 1914 5563 singulari
1961 5509 2183 5548 numero

608 5598 905 5658 nominans,
932 5593 1077 5648 illum
1103 5592 1270 5662 magis
1296 5591 1564 5660 magisque
1591 5585 1891 5643 manifestat
1912 5601 2067 5654 quem
2093 5601 2183 5637 su-

613 5686 788 5754 perius
831 5683 974 5738 velut
1017 5682 1222 5736 leonem
1273 5679 1575 5749 appellavit.
1623 5678 1738 5746 Ipse
1768 5675 1909 5729 enim
1953 5675 2183 5728 animam

613 5775 984 5846 persequitur;
1013 5781 1064 5828 et
1089 5771 1131 5826 si
1160 5771 1447 5842 deceperit,
1471 5768 1902 5840 comprehendet.
1934 5766 2063 5819 Nam
2089 5767 2184 5821 ho-

3745 401 3844 460 100

2271 509 2440 565 mines
2460 525 2623 580 usque
2651 509 2716 565 ad
2735 508 3158 566 interfectionem
3190 512 3428 582 corporis
3454 512 3696 580 s'cviunt,
3724 519 3846 570 sni-

2266 619 2405 656 mam
2436 616 2561 656 vero
2591 611 2709 672 post
2753 601 2908 656 istam
2947 603 3207 657 visibilem
3247 613 3472 658 mortem
3501 607 3551 658 in
3581 616 3849 675 potestate

2266 691 2463 746 habere
2505 707 2612 746 non
2655 701 2912 762 possunt;
2957 693 3198 748 diabolus
3239 703 3412 748 autem
3463 709 3594 764 quas
3639 711 3848 752 animas

2269 791 2574 850 persecutus
2598 783 3076 852 comprehenderit,
3122 784 3432 854 possidebit.
3481 785 3546 839 Et
3584 791 3851 842 conculcet

2266 875 2319 927 in
2358 875 2576 926 terram‘
2600 874 2752 926 vitam
2789 890 2950 926 meam
2981 889 3000 927 :
3025 875 3075 928 id
3104 883 3187 929 est
3227 875 3606 941 conculcando,
3640 887 3838 932 terram

2269 963 2422 1018 faciat
2453 965 2610 1017 vitam
2638 978 2829 1030 meam,
2871 965 3047 1019 cibum
3089 965 3292 1020 scilicet
3332 981 3524 1030 suum;
3555 982 3659 1021 non
3701 969 3848 1024 enim

2269 1063 2470 1108 tantum
2502 1056 2604 1120 leo,
2630 1056 2720 1110 sed
2747 1057 2903 1110 etiam
2943 1071 3164 1125 serpens
3193 1057 3484 1126 appellatus
3507 1067 3606 1124 est,
3648 1060 3732 1112 cui
3755 1059 3846 1114 di-

2268 1157 2409 1201 ctum
2438 1157 2539 1212 est,
2584 1142 2793 1201 Terram
2837 1149 3282 1215 manducabis;et
3327 1151 3590 1219 peccatori
3638 1150 3844 1206 homini

2268 1241 2464 1295 dictum
2493 1249 2591 1301 est,
2624 1239 2778 1293 Terra
2813 1256 2882 1304 es,
2917 1249 2962 1294 et
2985 1241 3037 1294 in
3074 1250 3260 1294 terram
3297 1241 3391 1295 ibis
3425 1241 3574 1310 (Gen.
3613 1257 3688 1307 nt,
3734 1243 3843 1310 14,

2270 1331 2382 1402 19).
2413 1331 2477 1385 Et
2501 1331 2714 1403 gloriam
2732 1345 2892 1386 meam
2913 1334 2968 1386 in
2986 1333 3236 1403 puluerem
3265 1332 3499 1388 deducat.
3527 1333 3624 1388 Hic
3646 1345 3724 1389 est
3755 1336 3848 1392 ille

2269 1423 2458 1494 pulvis,
2491 1438 2647 1492 quem
2680 1423 2884 1494 projicit
2923 1433 3112 1477 ventus
3147 1439 3174 1476 a
3203 1423 3338 1479 facie
3368 1433 3543 1491 terras,
3575 1427 3835 1494 superbo-

2267 1528 2386 1567 rum
2414 1513 2618 1568 scilicet
2659 1528 2792 1566 vana
2817 1522 2872 1568 et
2899 1513 3076 1582 inepta
3117 1513 3387 1582 jaCtantia,
3431 1523 3485 1569 et
3524 1515 3700 1569 inﬂata
3737 1527 3848 1571 non

2268 1603 2491 1657 solidata
2523 1605 2579 1670 ',
2628 1613 2878 1672 tanquam
2924 1613 3084 1658 vento
3135 1605 3304 1658 elatus
3353 1606 3584 1675 pulveris
3630 1608 3840 1675 globus.

2270 1692 2432 1747 Recte
2473 1693 2650 1762 itaque
2693 1693 2783 1747 hic
2819 1693 2994 1761 posuit
3035 1694 3278 1763 gloriam,
3321 1710 3476 1761 quam
3515 1710 3618 1750 non
3648 1697 3757 1751 vult
3788 1697 3844 1753 in

2269 1783 2540 1853 pulverem
2567 1783 2775 1838 deduci.
2821 1783 2944 1838 Vult
2988 1785 3126 1838 enim
3158 1799 3272 1839 eam
3312 1786 3533 1841 solidam
3566 1788 3756 1843 habere
3787 1790 3842 1844 in

2269 1873 2590 1928 conscientia
2625 1889 2804 1928 coram
2833 1874 2963 1941 Deo,
2993 1875 3080 1928 ubi
3121 1875 3264 1929 nulla
3301 1876 3551 1945 iactantia
3588 1886 3708 1943 est;
3744 1879 3852 1944 Qui

2269 1964 2533 2035 gloriatur,
2559 1963 2749 2034 inquit,
2767 1965 2819 2017 in
2835 1963 3052 2017 Domina
3075 1966 3312 2034 glorietur
3329 1965 3370 2036 (l
3398 1965 3512 2020 Cor.
3543 1983 3576 2031 ι,
3598 1969 3710 2038 51).
3741 1967 3848 2022 Ista

2271 2055 2508 2109 soliditas
2558 2055 2608 2108 in
2657 2054 2926 2124 pulverem
2975 2055 3268 2120 deducitur,
3317 2055 3360 2109 si
3400 2069 3496 2124 per
3539 2059 3849 2126 superbiam

2270 2145 2491 2214 quisque
2536 2154 2881 2199 contemnens
2927 2155 3128 2199 secreta
3175 2146 3534 2210 conscientiae,
3581 2146 3668 2200 ubi
3697 2148 3852 2202 solus

2273 2235 2412 2289 Deus
2439 2235 2705 2289 hominem
2751 2234 2953 2302 probat,
2995 2235 3120 2288 velit
3151 2234 3287 2304 apud
3319 2234 3560 2288 homines
3587 2236 3800 2304 gloriari
3834 2253 3850 2297 ξ

2275 2323 2396 2378 hinc
2419 2333 2501 2378 est
2543 2323 2682 2394 quod
2713 2324 2835 2378 alibi
2863 2324 2989 2378 dicit
3019 2343 3032 2378 :
3066 2323 3202 2378 Deus
3239 2333 3456 2377 conteret
3494 2341 3608 2378 ossa
3641 2326 3854 2394 placen-

2273 2415 2398 2467 tium
2417 2415 2698 2467 ltominibus
2738 2413 2906 2485 (Psal.
2939 2427 3027 2476 tu,
3056 2415 3130 2483 6).
3171 2415 3271 2480 Qui
3301 2423 3474 2468 autem
3502 2415 3637 2469 bene
3663 2416 3853 2472 didicit

2272 2505 2354 2558 vel
2381 2512 2632 2572 expertus
2669 2514 2754 2558 est
2795 2505 3040 2559 vitiorum
3067 2505 3483 2574 superandorum
3509 2507 3722 2576 gradus,
3756 2508 3846 2562 in-

2274 2594 2460 2662 telligit
2498 2593 2599 2648 hoc
2628 2593 2810 2647 vitium
2851 2594 3020 2647 inanis
3047 2594 3251 2664 gloriae,
3280 2596 3361 2649 vel
3390 2596 3585 2662 solum,
3616 2598 3697 2650 vel
3734 2609 3855 2653 ma-

2273 2685 2416 2740 xime
2440 2685 2730 2740 cavendum
2760 2701 2880 2740 esse
2903 2685 3151 2755 perfectis
3179 2705 3193 2738 :
3224 2702 3330 2756 quo
3355 2689 3689 2756 primo-enim
3720 2690 3854 2745 vitio

2275 2774 2419 2844 lapsa
2458 2784 2540 2830 est
2579 2777 2775 2838 anima,
2814 2775 2914 2830 hoc
2955 2776 3193 2830 ultimum
3223 2777 3401 2831 vincit.
3435 2777 3644 2832 Initium
3681 2790 3855 2833 autem

2275 2866 2434 2918 omnis
2455 2867 2644 2934 peccati
2661 2866 2894 2935 superbia
2911 2882 2933 2930 ,'
2965 2876 3037 2932 et,
3066 2866 3275 2920 Initium
3309 2870 3556 2939 superbire
3591 2870 3808 2924 hominis
3832 2909 3852 2938 ,

2275 2965 2560 3024 apostatare
2585 2973 2618 3008 a
2644 2956 2753 3011 Deo
2777 2956 2961 3028 (Eccli.
2991 2972 3044 3023 ι,
3074 2958 3159 3022 i5,
3196 2958 3306 3026 Η).

2345 3053 2396 3106 5.
2427 3051 2574 3124 [vers.
2616 3051 2695 3124 7.]
2727 3052 2973 3122 Exsurge,
3009 3052 3243 3116 Domine,
3271 3053 3324 3106 in
3351 3052 3431 3105 ira
3459 3061 3566 3106 tua.
3593 3052 3726 3119 Quid
3753 3051 3856 3108 ade

2276 3141 2380 3195 huc
2408 3142 2506 3194 iste
2534 3155 2691 3210 quem
2725 3141 3010 3209 perfectum
3038 3140 3283 3207 dicimus,
3327 3141 3393 3195 ad
3424 3141 3553 3195 iram
3599 3152 3856 3211 provocat

2277 3233 2481 3286 Deum?
2506 3231 2690 3286 Nonne
2720 3231 3002 3285 videndum
3029 3242 3107 3286 est
3138 3247 3206 3286 ne
3243 3234 3419 3301 potius
3446 3233 3535 3286 ille
3581 3232 3857 3301 perfectus

2276 3324 2363 3387 sit,
2391 3323 2478 3392 qui
2507 3338 2626 3378 cum
2657 3322 3000 3393 lapidaretur,
3045 3324 3183 3378 dixit
3225 3341 3238 3377 :
3281 3323 3516 3389 Domine,
3564 3341 3627 3378 ne
3657 3335 3857 3379 statuas

2275 3414 2378 3468 illis
2416 3413 2510 3467 hoc
2543 3424 2800 3484 peccatum
2831 3413 2962 3486 (Act.
2995 3425 3086 3478 Vn.
3119 3415 3254 3482 59)?
3283 3418 3362 3469 An
3393 3423 3447 3470 et
3474 3416 3594 3481 iste,
3621 3431 3722 3470 non
3748 3416 3857 3470 ad-

2276 3517 2462 3558 versus
2489 3503 2729 3558 homines
2747 3505 2859 3558 haec
2889 3515 3150 3574 precatur,
3184 3505 3276 3559 sed
3304 3505 3558 3560 adversus
3582 3505 3858 3561 diabolum

2277 3600 2331 3646 et
2355 3592 2572 3661 angelos
2609 3592 2745 3662 ejus,
2785 3609 3010 3663 quorum
3042 3596 3305 3663 possessio
3345 3605 3650 3664 peccatores
3691 3607 3860 3665 atque

2277 3681 2423 3752 impii
2445 3682 2687 3737 homines
2702 3683 2866 3736 sunt?
2888 3683 3002 3738 Non
3026 3698 3152 3752 ergo
3174 3684 3417 3748 saeviens,
3438 3684 3530 3738 sed
3551 3685 3862 3740 misericors

2278 3775 2532 3828 athersus
2567 3790 2689 3829 eum
2716 3785 2852 3841 orat,
2894 3775 3130 3844 quisquis
3154 3784 3270 3829 orat
3299 3786 3356 3828 ut
3378 3775 3428 3830 ei
3453 3775 3720 3830 auferatur
3750 3776 3860 3832 ista

2281 3867 2544 3934 possessio
2570 3867 2638 3920 ab
2665 3867 2756 3920 illo
2786 3867 3007 3919 Domino
3027 3867 3115 3936 qui
3137 3867 3394 3936 justilicat
3423 3869 3640 3936 impium
3671 3868 3859 3936 (Rom.

2279 3973 2350 4023 ιν,
2391 3960 2488 4027 5):
2516 3973 2635 4013 cum
2677 3958 2818 4013 enim
2852 3958 3170 4026 justilicatur
3219 3959 3441 4027 impius,
3490 3973 3557 4012 ex
3597 3959 3756 4026 impio
3798 3959 3868 4013 ﬁt

2273 4048 2468 4117 justus,
2501 4058 2555 4102 et
2592 4064 2653 4102 ex
2682 4049 3017 4117 possessione
3060 4048 3252 4102 diaboli
3298 4049 3486 4117 migrat
3516 4049 3566 4101 in
3595 4047 3864 4117 templum

2281 4141 2373 4194 Dei
2398 4156 2412 4204 ;
2443 4149 2496 4193 et
2522 4143 2770 4209 quoniam
2798 4155 2950 4209 paena
2981 4150 3083 4206 est,
3128 4151 3186 4194 ut
3214 4140 3404 4211 cuique
3428 4140 3698 4195 auferatur
3727 4156 3866 4210 pos-

2280 4233 2449 4288 sessio
2475 4233 2527 4286 in
2567 4247 2667 4302 qua
2696 4232 2960 4286 dominari
3002 4233 3288 4297 desiderat,
3321 4235 3456 4288 hanc
3489 4248 3698 4303 puniant
3728 4231 3870 4288 dicit

2283 4324 2413 4378 iram
2462 4324 2550 4378 Dei
2597 4323 2849 4377 adversus
2893 4323 3178 4387 diabolum,
3230 4333 3289 4378 ut
3332 4323 3543 4378 desinat
3585 4323 3870 4392 possidere

2282 4429 2416 4486 quos
2440 4413 2691 4485 possidet.
2721 4413 2968 4484 Exsurge,
3005 4413 3241 4479 Domine,
3265 4415 3317 4466 in
3343 4416 3420 4467 ira
3457 4425 3543 4467 tua
3563 4431 3581 4468 .'
3604 4413 3866 4486 Exsurge,

2284 4507 2368 4561 hic
2391 4521 2586 4576 apparo
2613 4505 2761 4569 dixit,
2795 4505 3041 4558 humanis
3070 4504 3315 4559 videlicet
3337 4516 3390 4559 ct
3419 4504 3704 4559 latentibus
3731 4518 3869 4559 ver-

2284 4598 2383 4659 bis,
2415 4598 2562 4666 quasi
2596 4599 2735 4651 Deus
2777 4599 3025 4660 dormiat,
3069 4612 3191 4651 cum
3239 4598 3289 4650 in
3317 4596 3539 4651 secretis
3563 4595 3674 4650 suis
3705 4595 3866 4649 inco-

2283 4689 2455 4756 gnitus
2485 4687 2631 4740 latet.
2679 4686 2921 4741 Exaltare
2963 4688 3016 4740 in
3055 4687 3236 4755 ﬁnibus
3263 4687 3580 4740 inimicorum
3611 4699 3857 4740 meorum.

2285 4775 2444 4832 Fines
2469 4777 2601 4831 dixit
2623 4779 2788 4846 ipsam
2825 4778 3232 4845 possessionem,
3266 4776 3353 4830 ubi
3386 4777 3496 4830 vult
3523 4777 3686 4830 Deum
3714 4778 3872 4831 exal-

2287 4871 2384 4924 tari
2414 4870 2605 4939 potius,
2654 4869 2704 4923 id
2744 4879 2825 4924 cst
2855 4869 3099 4922 honorari
3126 4877 3180 4924 et
3205 4868 3512 4939 glorifieari,
3544 4882 3701 4938 quam
3746 4867 3873 4922 dia.

2286 4963 2485 5025 bolum,
2527 4963 2650 5016 dum
2677 4962 2818 5030 impii
2843 4961 3194 5030 justilicantur
3222 4969 3275 5015 et
3313 4959 3528 5014 laudant
3556 4959 3740 5013 Deum.
3799 4959 3874 5012 Et

2287 5071 2515 5125 exsurge,
2565 5053 2778 5107 Domine
2804 5053 2938 5106 Deus
2976 5069 3132 5118 meus,
3162 5052 3214 5104 in
3246 5060 3494 5121 prtecepto
3541 5047 3675 5116 quod
3717 5063 3873 5101 ntan~

2287 5150 2420 5203 dasti
2449 5165 2466 5201 :
2493 5148 2544 5202 id
2585 5159 2686 5212 est,
2733 5149 2855 5217 quia
2905 5146 3253 5200 humilitatem
3286 5141 3601 5212 prmcepisti,
3644 5139 3871 5194 humilis

2287 5259 2518 5313 apparo;
2547 5251 2601 5296 et
2630 5250 2682 5294 tu
2712 5242 2852 5308 prior
2878 5240 3035 5308 imple.
3073 5236 3212 5307 quod
3242 5234 3560 5305 prmcepisti,
3593 5239 3651 5286 ut
3675 5245 3875 5286 exem-

2286 5337 2377 5407 plo
2406 5347 2493 5388 tuo
2514 5335 2787 5388 vincentes
2811 5330 3130 5400 superbiam,
3159 5343 3264 5381 non
3294 5326 3668 5396 possideantur
3692 5337 3720 5376 a
3753 5323 3874 5376 dia-

2289 5430 2375 5484 bol
2399 5450 2431 5493 ι,
2459 5429 2548 5498 qui
2574 5426 2826 5480 adversus
2849 5433 2932 5477 tua
2962 5429 3222 5492 praecepta
3247 5417 3547 5490 superbiam
3578 5416 3868 5488 persuasit,

2353 5655 2368 5684 ί
2398 5645 2852 5716 Vaticanuscodex,
2879 5642 2927 5716 in
2948 5649 3092 5694 terra.
3113 5643 3282 5692 caeteri
3305 5650 3408 5691 uss.
3437 5647 3489 5690 et
3517 5638 3630 5688 editi
3649 5672 3664 5697 ,
3704 5635 3752 5684 in
3772 5643 3870 5686 ter-

2289 5729 2393 5766 ram
2419 5725 2435 5760 :
2455 5711 2589 5768 juxta
2609 5715 2736 5766 LXX,
2755 5711 2824 5755 eis
2849 5711 2958 5769 gen.

2353 5779 2373 5806 ¹
2399 5765 2531 5828 Editi.
2557 5765 2729 5822 solida.
2751 5765 2927 5818 Novem
2945 5775 3070 5826 Mss,
3090 5765 3310 5814 solidata.
