4042 6480
192 442 275 499 ibi
1330 412 1725 482 ENARRA'I‘IO
1766 416 1829 478 IN
1870 415 2190 479 PSALMUM
2233 416 2345 479 VII.

191 553 365 608 dicens
392 566 408 603 :
510 547 790 611 andueate,
832 554 878 601 et
910 542 1193 616 aperientur
1221 541 1353 596 vobis
1380 538 1533 606 oculi,
1560 547 1605 592 et
1642 535 1780 591 eritis

192 656 421 713 tangunt
454 639 531 692 dii
565 636 721 707 (Gen.
751 636 937 706 1:1,,5).

254 732 311 787 6.
346 728 506 803 (vers.
538 725 624 800 8.]
665 725 735 780 Et
763 722 1079 796 congregatio
1116 718 1419 793 populorum
1455 713 1783 772 circumdabit

193 838 254 879 te.
291 822 501 892 Duplex
544 819 847 874 intellectus
875 823 975 871 est.
1005 810 1358 883 Congregatio
1383 808 1525 865 enim
1555 807 1781 878 populo-

193 922 334 981 rum,
360 914 479 969 sive
506 909 843 967 credentium
866 948 882 973 ,
907 907 1018 960 sive
1044 902 1471 975 persequentium
1498 908 1673 970 potest
1694 913 1785 952 ac-

193 1006 321 1079 cipi,
346 1012 581 1076 quorum
609 1010 895 1070 utrumque
921 986 1107 1053 eadem
1135 994 1341 1051 Domini
1370 992 1536 1048 nostri
1566 990 1782 1046 humili—

195 1108 303 1154 tate
342 1096 569 1152 factum
595 1103 681 1149 est
721 1110 735 1146 :
781 1106 938 1161 quam
967 1096 1314 1146 contemnens
1355 1084 1782 1156 persequentium

194 1185 503 1250 multitudo,
519 1180 881 1239 circumdedit
906 1194 1047 1240 eum,
1074 1176 1141 1231 de
1164 1191 1266 1245 qua
1288 1175 1485 1228 dictum
1507 1181 1606 1235 est,
1639 1171 1782 1239 Qua-

194 1294 244 1332 re
285 1279 605 1347 {restiterant
655 1281 856 1343 gentes,
906 1276 951 1323 et
987 1261 1161 1338 populi
1200 1264 1423 1318 meditati
1456 1270 1570 1317 sunt
1608 1262 1784 1314 inania

199 1365 370 1437 (Psal,
397 1380 460 1431 ιι,
485 1363 543 1432 1)
558 1361 586 1416 ‘l
608 1360 953 1417 ‘credentium
976 1367 1150 1412 autem
1177 1369 1270 1424 per
1293 1353 1407 1422 ejus
1433 1350 1783 1406 humilitatem

197 1455 483 1511 multitudo
511 1455 586 1508 ita
607 1458 741 1507 'eum
771 1446 1156 1511 circumdedit,
1196 1453 1255 1498 ut
1278 1443 1552 1499 verissime
1580 1440 1785 1496 dicere-

195 1558 299 1613 tur,
320 1544 540 1600 Caritas
566 1546 793 1610 exparte
823 1537 986 1592 Israel
1012 1538 1147 1607 facta
1173 1543 1261 1599 est,
1287 1542 1342 1586 ut
1368 1529 1625 1602 plenitudo
1648 1526 1783 1584 Gen-

196 1641 320 1694 tium
345 1639 563 1690 intraret
584 1632 761 1705 (Rom.
783 1635 865 1692 an.
889 1628 1022 1696 25);
1049 1636 1104 1682 et
1134 1625 1284 1688 illud,
1318 1623 1533 1677 Postulo
1558 1639 1590 1676 α
1613 1636 1708 1683 me,
1736 1628 1784 1674 et

197 1729 322 1784 dabo
342 1727 433 1782 tibi
453 1734 623 1796 gentes
641 1723 985 1780 hereditatem
1011 1729 1168 1782 tuam,
1192 1726 1238 1771 et
1260 1714 1621 1786 possessionem
1642 1721 1783 1764 luam

197 1818 434 1874 manus
459 1825 607 1870 terra
656 1811 829 1886 (Psal.
866 1815 926 1877 ir,
949 1809 1035 1880 ~8).
1066 1808 1130 1862 Et
1162 1816 1363 1877 propter
1388 1806 1517 1859 hanc
1543 1803 1598 1856 in
1625 1804 1785 1856 altum

194 1909 460 1979 regredere
485 1921 504 1960 :
533 1905 585 1959 id
615 1912 701 1960 est
721 1942 736 1968 ,
777 1909 992 1972 propter
1019 1899 1155 1953 hanc
1181 1894 1646 1966 congregationem
1689 1905 1779 1946 re-

193 2002 425 2071 gredere
460 1998 511 2052 in
532 1998 730 2059 altum;
763 1990 902 2064 quod
934 1989 1257 2060 resurgendo
1293 1997 1349 2043 et
1379 1987 1430 2040 in
1470 1984 1667 2040 emtum
1691 1998 1781 2037 as-

196 2092 477 2149 cendendo
495 2090 690 2147 fecisse
717 2076 1145 2155 intelligitu'rﬁlta
1174 2081 1316 2135 enim
1339 2078 1664 2149 gloriﬁcatus
1684 2075 1754 2130 de
1772 2099 1786 2114 ο

198 2185 269 2240 dit
304 2184 571 2254 Spiritum
612 2189 857 2236 sanctum
882 2217 898 2240 ,
925 2175 1166 2254 quiante
1205 2169 1640 2242 glorilieationcm
1668 2168 1786 2232 ejus

198 2276 303 2331 dari
330 2250 439 2331 non
464 2280 671 2344 posset,
694 2270 831 2325 sicut
856 2269 906 2323 in
934 2250 1217 2336 Evangelio
1245 2262 1471 2344 positum
1499 2269 1582 2314 est
1612 2275 1626 2312 :
1658 2256 1783 2326 Spi-

199 2367 313 2421 ritus
332 2338 507 2419 autem
533 2363 760 2418 nondum
781 2366 885 2412 erat
920 2357 1070 2410 datus
1086 2395 1101 2417 ,
1124 2354 1243 2425 quia
1258 2338 1297 2404 ὅ
1300 2367 1412 2405 esus
1431 2348 1655 2403 nondum
1676 2353 1785 2400 erat

199 2457 500 2524 duiﬁeatus
528 2453 549 2523 (
574 2451 732 2505 Joan.
772 2464 868 2515 vn,
897 2446 964 2503 39
989 2445 1029 2515 ).
1058 2444 1354 2512 Regressus
1377 2453 1505 2509 ergo
1531 2438 1584 2492 in
1613 2438 1780 2493 altum

200 2557 409 2618 propter
452 2539 924 2613 congregationem
971 2534 1281 2605 populorum
1307 2571 1324 2597 ,
1356 2526 1782 2618 misit‘Spirilum

202 2613 431 2695 sanctum
458 2650 475 2699 ;
504 2647 621 2703 quo
650 2628 852 2699 impleti
886 2625 1259 2697 przediwtores
1290 2613 1568 2689 Evangelii
1595 2616 1778 2671 orbein

200 2735 448 2784 terram
479 2721 738 2779 Ecclesiis
766 2718 1137 2788 impleverunt.

258 2818 312 2873 7.
337 2815 532 2872 Potest
558 2821 617 2867 et
652 2810 732 2866 sic
760 2784 860 2864 iste
884 2820 1075 2862 sensus
1100 2802 1322 2874 intelligi
1345 2817 1360 2855 :
1391 2796 1643 2869 Exsurge,
1670 2784 1779 2851 Dos

200 2910 338 2976 tuine,
352 2925 409 2963 ιι
423 2909 508 2961 ira
529 2915 621 2959 tua
631 2904 672 2968 ‘,
686 2900 914 2958 exaltare
925 2899 977 2953 in
988 2898 1173 2968 ﬁnibus
1185 2894 1503 2949 inimicorum
1520 2906 1744 2946 meorum
1760 2905 1780 2943 r

202 3000 623 3066 κακωθείς-βο
648 2994 805 3049 inira
838 3002 946 3057 tua,
965 2998 1019 3044 et
1045 3004 1151 3044 non
1183 2995 1233 3041 te
1258 2983 1554 3053 intelligant
1576 2978 1778 3036 inimici

200 3090 323 3154 mei;
340 3097 405 3143 at
430 3086 541 3142 hoc
566 3083 639 3138 sit
659 3082 906 3145 exaltare,
935 3078 985 3134 id
1007 3086 1109 3141 est,
1136 3076 1274 3130 altus
1291 3072 1508 3129 efﬁcere
1531 3084 1603 3125 ne
1625 3068 1780 3123 intel-

200 3180 384 3251 [φήῃ
415 3175 564 3248 quod
592 3173 824 3229 refertur
849 3170 916 3225 ad
944 3168 1071 3224 illud
1103 3164 1396 3222 silentium.
1424 3161 1514 3218 Sic
1538 3159 1682 3217 enim
1711 3158 1780 3215 de

202 3250 291 3327 hac
324 3270 663 3327 exaltatione
701 3266 755 3320 in
793 3263 900 3318 alio
943 3260 1151 3332 psalmo
1187 3257 1419 3313 dicitur:
1447 3253 1518 3319 Et
1556 3250 1779 3309 ascendit

200 3378 339 3432 super
355 3359 655 3420 Cherubin,
677 3365 725 3410 et
750 3353 953 3409 volavit.
986 3349 1051 3405 Et
1081 3348 1246 3419 posuit
1270 3346 1499 3401 tenebras
1515 3341 1785 3398 latibulum

198 3469 333 3506 ω
357 3447 542 3520 (Psal.
567 3461 696 3510 xm,
723 3445 812 3510 11,
844 3441 934 3513 12)
961 3456 979 3494 ;
1003 3454 1107 3510 qua
1132 3435 1481 3502 exaltatione,
1506 3432 1559 3489 id
1586 3443 1669 3488 est
1688 3446 1781 3486 oc-

198 3541 499 3605 cultatione,
526 3551 653 3593 cum
676 3544 729 3590 te
750 3531 940 3588 merito
961 3537 1301 3600 peccatorum
1324 3538 1540 3581 suorum
1571 3537 1677 3576 non
1699 3521 1780 3577 in-

199 3629 489 3686 tellexerint
513 3626 609 3697 qui
640 3634 695 3680 te
719 3622 1049 3692 cruciﬁgent,
1076 3615 1416 3687 congregatio
1444 3611 1781 3670 credentium

199 3717 539 3775 circumdabit
565 3725 638 3769 te.
669 3713 786 3784 ipsa
814 3710 957 3766 enim
983 3706 1280 3765 humilitate
1316 3703 1579 3763 exaltatus
1597 3708 1699 3764 est,
1725 3697 1779 3753 id

198 3820 305 3879 est,
328 3827 437 3866 non
472 3815 564 3863 est
591 3805 933 3867 intellectus;
959 3809 1015 3854 ut
1049 3798 1117 3854 ad
1147 3799 1248 3852 hoc
1271 3793 1564 3859 referatur,
1594 3791 1665 3845 Et
1686 3805 1777 3845 ea:-

198 3918 354 3975 περ,
384 3901 611 3956 Domine
630 3897 770 3951 Deus
788 3910 947 3959 utens,
968 3894 1033 3965 in;
1048 3897 1300 3962 praerepto
1317 3885 1454 3959 quod
1488 3883 1778 3947 mandasti;

198 3993 251 4048 id
519 4001 753 4059 appares
765 3984 998 4048 humilis,
1021 3981 1163 4036 situs
1182 3988 1325 4045 esto,
1343 3985 1401 4032 ut
1416 3990 1522 4031 non
1539 3984 1592 4029 te
1616 3972 1777 4028 intel-

196 4085 352 4156 ligant
392 4083 597 4140 inimici
625 4080 730 4136 mei
759 4096 776 4132 :
800 4078 947 4147 justo
970 4083 1149 4130 autem
1192 4078 1320 4127 sunt
1346 4076 1654 4139 peceatores
1675 4065 1779 4121 iui-

195 4177 333 4241 laici,
359 4186 419 4243 et
442 4175 535 4246 pio
564 4173 736 4243 impii.
770 4169 838 4224 Et
862 4166 1184 4240 congregatio
1215 4162 1524 4235 populorum
1555 4159 1779 4215 cireum-

193 4266 329 4320 ddit
345 4276 396 4320 te
412 4282 436 4318 .-
462 4265 641 4328 idest,
666 4277 763 4333 per
786 4260 889 4315 hoc
914 4260 1085 4329 ipsum
1109 4256 1253 4328 quod
1272 4270 1377 4309 non
1405 4263 1458 4309 te
1479 4252 1782 4322 intelligunt

194 4358 283 4428 qui
308 4365 364 4412 te
393 4354 719 4424 crueiignut
739 4391 756 4419 ,
799 4350 1019 4407 credent
1045 4348 1100 4403 in
1141 4356 1195 4402 te
1217 4345 1454 4413 Gentes,
1498 4353 1658 4413 angue
1702 4341 1778 4397 ita

194 4446 541 4517 cst-gregatio
560 4443 883 4513 populorum
915 4436 1264 4496 circumdabit
1292 4444 1364 4492 te.
1391 4432 1496 4490 Sed
1520 4431 1662 4503 quod
1685 4445 1781 4487 se-

192 4538 370 4608 quitur
388 4536 437 4591 si
462 4548 596 4590 vere
621 4531 725 4588 hoc
755 4531 1039 4601 significat,
1082 4528 1201 4597 plus
1227 4526 1432 4582 doloris
1466 4523 1631 4579 habet
1649 4520 1781 4591 quia

188 4626 297 4695 iam
532 4621 742 4688 sentiri,
764 4635 925 4691 quam
945 4618 1151 4674 laetitia»
1166 4617 1291 4687 quia
1316 4612 1644 4684 intelligitur.
1676 4610 1778 4666 Se-

192 4718 373 4789 quitur
406 4715 581 4778 enim,
612 4711 683 4766 Et
715 4720 922 4783 propter
955 4710 1086 4764 hanc
1124 4708 1181 4761 in
1217 4704 1380 4760 altum
1414 4701 1707 4774 regredere:
1726 4700 1781 4755 id

190 4820 290 4876 est,
314 4817 382 4864 et
403 4815 637 4878 prepterr
651 4804 791 4859 hanc
813 4798 1277 4872 congregationem
1300 4793 1510 4866 generis
1536 4790 1777 4859 humani,

188 4915 289 4970 quia
317 4896 577 4954 Ecclesiae
600 4892 811 4949 refertae
828 4897 973 4955 sunt,
995 4890 1049 4943 in
1071 4888 1237 4943 altum
1262 4882 1569 4955 regredere,
1598 4879 1653 4935 id
1674 4888 1781 4946 est,

189 5003 379 5045 rursus
401 4988 596 5043 desine
616 4981 856 5053 intelligi.
882 4979 1020 5047 Quid
1045 4988 1131 5035 est
1143 4991 1291 5047 ergo,
1314 4973 1381 5029 Et
1403 4983 1608 5044 propter
1623 4973 1779 5039 hanc,
1812 4994 1813 4997 η

188 5082 291 5135 nisi
319 5080 449 5150 quia
476 5086 535 5133 et
554 5076 656 5131 ista
682 5083 738 5130 te
754 5072 1020 5129 oﬂ'eusura
1039 5079 1145 5135 est;
1164 5069 1237 5123 ita
1259 5075 1317 5122 ut
1335 5064 1610 5121 verissime
1638 5078 1779 5132 pra:-

187 5173 429 5236 mties,
449 5169 639 5224 dicens
663 5183 680 5220 :
713 5163 873 5219 Putas
895 5174 1010 5217 eum
1028 5159 1215 5216 venerit
1240 5153 1409 5212 Filius
1429 5156 1669 5217 hominis,
1695 5155 1776 5208 in.

189 5265 351 5318 satis!
382 5262 537 5329 ﬁdem
566 5274 718 5327 super
739 5266 923 5310 terram
944 5253 1097 5324 (Luc.
1120 5267 1269 5317 xvut,
1292 5251 1347 5321 8)
1366 5251 1390 5302 't
1412 5251 1536 5304 item
1564 5246 1779 5302 dicitde

186 5351 701 5425 pseudoprophetis,
731 5349 821 5419 qui
850 5348 1216 5417 intelliguntur
1244 5341 1477 5396 haeretici
1508 5354 1523 5393 :
1558 5337 1780 5407 Propter

182 5462 370 5503 mas
393 5443 711 5514 iniquitatem
728 5438 1012 5509 refrigescet
1032 5436 1254 5489 eliaritas
1274 5433 1544 5487 multorum
1563 5429 1779 5501 (Matth.

184 5548 352 5599 sxw,
384 5533 514 5603 12).
551 5532 686 5586 Cum
714 5542 845 5598 ergo
869 5536 927 5582 et
952 5528 1006 5580 in
1038 5524 1325 5584 Ecclesiis,
1375 5521 1478 5576 hoc
1502 5530 1583 5574 est
1611 5518 1664 5574 in
1693 5519 1779 5575 illa

183 5625 615 5697 congregatione
654 5619 971 5691 populorum
996 5624 1157 5685 atque
1179 5611 1437 5684 gentium,
1465 5609 1555 5664 ubi
1584 5622 1778 5665 nomen

248 5781 268 5813 ί
298 5782 380 5828 sic
400 5777 583 5839 aliquot
608 5789 671 5823 ex
700 5784 953 5839 prmapms
976 5778 1273 5839 Mssrzonussa
1306 5774 1412 5839 post
1435 5764 1659 5839 verbum,
1676 5771 1778 5822 tua.

177 5825 447 5908 ριίίῶιο,
467 5825 531 5901 ἐι,
549 5825 662 5901 qua:
686 5825 714 5885 ti
737 5825 1022 5884 Lxx'abest.
1047 5829 1143 5893 [ira
1163 5836 1266 5891 tua,
1281 5825 1326 5880 et
1343 5825 1582 5891 exaltare]

3356 417 3460 481 lO‘i.

1886 539 2231 595 christianum
2254 541 2508 598 latissime
2532 539 2868 614 pervagatum
2886 541 2991 611 est,
3012 552 3153 599 tanta
3169 538 3270 601 erit
3295 533 3466 601 aimh-
3517 561 3537 583 ι’

1886 627 2063 684 dantia
2097 640 2429 699 peccatorum
2456 648 2574 701 qua:
2595 631 2703 702 jam
2732 649 2795 687 ex
2830 649 3016 704 magna
3044 633 3192 704 parte
3212 638 3460 702 sentitur,

1888 735 2063 777 nonne
2083 721 2169 775 illa
2199 721 2286 776 hic
2313 724 2633 792 prmdicitur,
2657 738 2776 795 qua:
2802 741 2899 796 per
2920 728 3081 780 alium
3102 743 3314 798 quoque
3336 743 3463 797 pro-

1887 810 2097 878 phetam
2123 811 2429 867 denuntiata
2458 823 2557 879 est,
2592 813 2758 869 fames
2784 815 2928 869 verbi
2957 814 3146 888 (Amos
3168 832 3276 882 vni,
3310 818 3368 872 11
3396 819 3414 887 )
3440 819 3465 873 1

1886 902 2073 959 Nonne
2103 915 2156 959 et
2196 913 2409 974 propter
2447 904 2583 959 hanc
2607 907 3067 976 congregationem
3099 908 3328 976 peccatis
3355 908 3483 963 suis=

1886 1006 1916 1044 a
1943 1006 2003 1047 se
2027 993 2207 1048 lumen
2236 994 2473 1048 veritatis
2501 993 2910 1061 abalienantem,
2942 995 3078 1049 Deus
3100 998 3148 1049 in
3177 997 3341 1051 altum
3373 1013 3459 1052 re-

1885 1082 2143 1152 greditur,
2171 1084 2222 1138 id
2252 1093 2353 1149 est,
2384 1095 2440 1139 ut
2463 1096 2553 1139 aut
2585 1102 2712 1149 lion,
2740 1095 2829 1140 aut
2854 1101 2884 1140 a
2922 1088 3219 1158 perpaucis,
3252 1088 3319 1142 de
3344 1086 3462 1158 qui-

1887 1172 1985 1227 bus
2001 1173 2199 1228 dictum
2217 1184 2316 1239 est,
2330 1174 2518 1231 Beatus
2537 1177 2623 1247 qui
2638 1179 3021 1246 perseveraverit
3036 1195 3187 1245 usque
3209 1179 3260 1231 in
3284 1179 3459 1246 ﬁnem,

1886 1262 1968 1316 hic
1987 1264 2151 1318 salvus
2180 1264 2270 1318 erit
2297 1264 2521 1333 (Matt/1.
2548 1282 2602 1331 χ,
2628 1266 2762 1337 22),
2793 1274 3035 1322 teneatur
3061 1278 3113 1323 ct
3142 1260 3463 1339 percipiatur

1886 1357 2092 1410 sincera
2136 1355 2407 1422 fides,‘,et
2435 1357 2502 1411 ab
2550 1357 2786 1411 omnium
2830 1373 3108 1427 pravarum
3153 1338 3463 1427 Opiuiumun

1887 1444 2005 1499 labe
2029 1448 2282 1516 purgata?
2307 1444 2352 1500 N
2372 1462 2423 1500 »η
2461 1460 2590 1517 ergo
2623 1447 2886 1501 immerito
2909 1447 3122 1512 dicitur,
3158 1448 3219 1501 lit
3245 1438 3451 1520 propter

1886 1536 2016 1592 lianc
2031 1538 2495 1609 congregationem
2518 1539 2569 1593 in
2585 1538 2744 1591 altum
2766 1538 3057 1607 regredere;
3078 1538 3128 1592 id
3151 1548 3252 1604 est,
3272 1524 3463 1594 secede

1885 1642 2069 1683 rursus
2098 1628 2151 1682 in
2177 1627 2507 1683 altitudinem
2537 1636 2864 1683 secretorum
2890 1637 3121 1694 tuorum,
3149 1627 3308 1681 etiam
3336 1642 3464 1697 pro.

1887 1728 2005 1788 pter
2029 1716 2168 1774 hanc
2187 1720 2648 1789 congregationem
2679 1719 2996 1789 populorum
3025 1734 3142 1788 qua:
3168 1717 3328 1774 habet
3357 1732 3458 1775 no~

1886 1823 2009 1864 men
2032 1816 2177 1863 tuum
2221 1817 2275 1863 et
2301 1808 2435 1862 facta
2466 1818 2554 1864 tua
2582 1824 2688 1863 non
2721 1808 2862 1863 facit.

1955 1899 2009 1954 8.
2041 1897 2147 1955 Sed
2174 1902 2286 1954 sive
2313 1898 2575 1969 superior,
2605 1899 2717 1953 sive
2742 1899 2839 1954 ista
2862 1899 2933 1954 sit
2958 1895 3335 1968 congruentior
3361 1905 3464 1953 nu-

1881 1988 1971 2059 jus
2000 1990 2103 2046 loci
2129 1990 2422 2061 expositio,
2466 1992 2582 2045 sine
2627 1990 2932 2060 prmjudicio
2974 1990 3193 2045 alterius
3237 1989 3462 2059 alicujus

1886 2081 2122 2137 melioris
2158 2090 2249 2135 aut
2280 2081 2439 2151 paris,
2470 2081 2968 2138 convenientissima
2995 2080 3250 2150 sequitur,
3290 2079 3466 2134 Domi-

1885 2172 2050 2226 minus
2065 2171 2269 2241 judicat
2296 2172 2529 2241 populos.
2560 2170 2685 2227 Sive
2723 2171 2863 2226 enim
2904 2172 2958 2225 in
2998 2172 3161 2226 altum
3190 2184 3463 2240 regressus

1885 2271 1985 2326 est,
2016 2276 2136 2316 eum
2165 2270 2285 2331 post
2309 2262 2752 2318 resurrectionem
2780 2261 3018 2317 ascendit
3046 2262 3103 2316 in
3128 2262 3342 2327 caelum,
3371 2260 3465 2316 be-

1884 2367 1952 2406 ne
1974 2351 2231 2422 sequitur,
2269 2350 2511 2406 Dominus
2528 2352 2731 2422 judieat
2753 2351 3003 2421 populos;
3033 2351 3156 2421 quia
3184 2351 3306 2406 inde
3333 2366 3463 2405 ven—

1883 2448 2035 2497 turus
2054 2448 2137 2496 est
2155 2440 2393 2510 judicare
2423 2443 2572 2496 vivos
2591 2449 2648 2497 et
2669 2451 2909 2505 mortuos
2935 2459 2948 2495 :
2971 2441 3083 2495 sive
3111 2440 3162 2495 in
3190 2440 3350 2494 altum
3377 2455 3465 2496 re-

1883 2531 2154 2602 grediatur
2206 2546 2325 2586 cum
2357 2541 2665 2601 peccatores
2688 2532 3006 2587 christianos
3033 2530 3230 2586 deserit
3256 2530 3459 2585 intellio

1880 2622 2059 2694 gentia
2086 2620 2361 2687 veritatis;
2392 2621 2514 2691 quia
2552 2620 2619 2676 de
2663 2619 2779 2691 ipso
2825 2620 3053 2675 adventu
3094 2619 3292 2675 dictum
3334 2626 3459 2675 est:

1883 2706 2050 2769 Putas
2084 2713 2283 2768 veniens
2315 2710 2482 2766 Filius
2506 2712 2723 2766 hominis
2754 2711 2968 2767 inveniet
3001 2712 3154 2781 ﬁdem
3186 2728 3338 2782 super
3367 2721 3466 2766 ter‘

1882 2822 1992 2860 ram
2031 2806 2191 2878 (Luc.
2231 2823 2381 2875 xvul,
2425 2807 2534 2878 8)?
2576 2808 2822 2888 Dominus
2840 2823 2967 2878 ergo
2980 2808 3182 2876 judico!
3220 2807 3456 2880 populos.

1883 2895 2012 2963 Quis
2040 2896 2325 2964 Dominus,
2357 2897 2457 2952 nisi
2496 2897 2652 2952 Jesus
2689 2894 2970 2952 Christus?
3012 2897 3166 2952 Pater
3188 2898 3321 2951 extim
3360 2912 3461 2952 non

1872 2989 2074 3061 judicat
2090 3005 2408 3060 quamquam,
2427 2990 2515 3043 sed
2536 3006 2681 3044 omne
2685 2988 2943 3059 judicium
2964 2988 3100 3061 dedit
3121 2987 3255 3043 Filio
3277 2986 3459 3060 (Joan.

1883 3095 1936 3145 v,
1963 3078 2078 3152 22).
2104 3079 2436 3150 Quapmpter
2464 3080 2579 3134 imae
2604 3081 2780 3135 anima
2807 3095 2927 3151 qua:
2956 3077 3189 3150 perfecte
3216 3088 3350 3144 orat,
3377 3078 3461 3132 vi-

1881 3166 1950 3228 de
1975 3172 2419 3242 quemadmodum
2450 3188 2556 3227 nou
2605 3172 2786 3227 timeat
2809 3171 2989 3242 iudicii
3017 3171 3192 3237 diem,
3236 3181 3290 3226 et
3335 3184 3461 3226 vere

1881 3278 2074 3320 securo
2118 3263 2387 3319 desiderio
2426 3263 2569 3318 dicat
2612 3264 2666 3318 in
2707 3265 2977 3327 oratione,
3033 3261 3211 3317 Veniat
3254 3276 3465 3332 regnum

1882 3363 2026 3408 tuum
2051 3353 2264 3424 (Matth.
2294 3370 2364 3416 γι,
2404 3353 2487 3425 10)
2515 3372 2530 3407 :
2562 3351 2769 3416 Indica,
2808 3353 2977 3423 inquit
2999 3387 3014 3418 ,
3042 3369 3120 3404 me
3140 3391 3155 3417 ,
3204 3349 3421 3405 Domine
3444 3391 3461 3421 ,

1880 3446 2156 3501 secundum
2194 3448 2440 3513 iustitiam
2471 3463 2653 3501 nteant.
2693 3446 2752 3501 In
2791 3445 3049 3515 superiori
3084 3443 3287 3512 psalmo
3313 3442 3461 3497 infir-

1881 3553 2001 3593 mus
2036 3537 2441 3607 deprecabatur,
2486 3534 2907 3592 misericordiam
2948 3521 3123 3604 potius
3170 3533 3462 3603 implorans

1884 3629 2003 3695 Dei,
2027 3644 2184 3699 quam
2205 3643 2634 3684 commemorans
2655 3627 2818 3683 ullum
2841 3625 3086 3680 meritum
3110 3639 3299 3687 suum;
3328 3638 3462 3693 quo-

1880 3720 2023 3775 niam
2052 3719 2215 3775 Filius
2240 3719 2335 3775 Dei
2376 3727 2685 3789 peceatores
2707 3717 2853 3774 venit
2877 3730 3067 3772 vocare
3109 3717 3162 3771 in
3192 3715 3462 3785 poeniten‘

1883 3812 2012 3867 tiam
2037 3810 2188 3880 (Luc.
2207 3827 2260 3877 v,
2290 3811 2405 3883 5‘2).
2432 3811 2616 3881 Itaque
2644 3810 2715 3866 ibi
2743 3809 2979 3872 dixerat,
3012 3808 3222 3864 Salvum
3249 3822 3327 3860 me
3355 3809 3460 3878 fac,

1880 3900 2130 3967 Domine,
2161 3910 2367 3972 prapter
2402 3900 2800 3956 misericordiam
2827 3908 2987 3964 tuam,
3012 3898 3062 3953 id
3093 3908 3171 3952 est
3203 3912 3308 3952 non
3333 3912 3462 3967 pro-

1885 4000 2003 4060 pter
2040 3992 2287 4046 meritum
2317 4006 2531 4058 meatu;
2563 4006 2705 4045 nunc
2742 3999 2917 4045 autem
2951 3991 3200 4060 quoniam
3246 3998 3464 4043 vocatus

1882 4082 2053 4137 tenuit
2080 4091 2134 4136 et
2157 4083 2389 4138 servavit
2416 4091 2674 4153 praecepta
2697 4096 2814 4151 qua:
2833 4080 3057 4149 accepit,
3082 4079 3243 4135 audet
3259 4078 3459 4134 dicere:

1879 4176 2069 4231 Judiea
2092 4192 2199 4242 me,
2240 4176 2483 4241 Domine,
2517 4175 2793 4231 secundum
2816 4174 3072 4245 justitiam
3100 4189 3291 4240 meam,
3319 4181 3365 4226 et
3385 4187 3466 4226 se-

1879 4270 2103 4324 cundum
2128 4269 2470 4323 innocentiam
2501 4283 2664 4321 meam
2691 4282 2843 4337 super
2869 4282 2948 4319 me
2989 4261 3091 4319 lsta
3116 4273 3199 4319 est
3227 4278 3350 4318 vera
3375 4262 3463 4317 in-

1882 4360 2125 4417 nocentia
2143 4401 2157 4427 ,
2185 4374 2304 4429 qua:
2329 4373 2429 4414 nec
2457 4358 2673 4413 inimico
2702 4364 2890 4420 nocet;
2922 4356 3100 4424 itaque
3128 4354 3263 4409 bene
3288 4368 3349 4409 se
3372 4353 3461 4424 jne

1880 4450 2047 4507 dicari
2072 4450 2304 4520 postulat
2324 4448 2619 4504 secundum
2646 4445 3000 4507 innocentiam
3023 4457 3194 4505 suam,
3220 4443 3309 4512 qui
3335 4457 3463 4497 vere

1881 4543 2058 4599 dicere
2104 4540 2269 4612 potuit
2321 4557 2335 4595 :
2389 4538 2451 4595 Si
2493 4537 2692 4593 reddidi
2730 4533 3114 4590 retribuentibus
3156 4533 3280 4587 mihi
3323 4532 3463 4587 mala

1883 4631 2058 4703 (Psal.
2099 4647 2188 4694 vn,
2217 4630 2294 4699 5).
2323 4629 2478 4697 Quod
2503 4639 2683 4683 autem
2711 4625 2933 4691 addidit,
2959 4641 3111 4695 super
3137 4640 3232 4689 me,
3260 4638 3367 4679 non
3392 4624 3458 4676 ad

1884 4724 2237 4781 innocentiam
2266 4730 2491 4788 tantum,
2524 4719 2619 4778 sed
2642 4720 2708 4774 ad
2730 4719 2990 4789 justitiam
3019 4729 3234 4786 quoque
3262 4713 3465 4771 subau-

1883 4817 1985 4874 diri
2024 4825 2227 4888 potest;
2259 4824 2316 4871 ut
2344 4816 2445 4871 iste
2478 4814 2547 4868 sit
2584 4824 2777 4868 sensus
2808 4827 2823 4864 :
2853 4808 3038 4864 iudica
3067 4822 3173 4873 me,
3206 4805 3463 4869 Domine,

1883 4910 2170 4969 secundum
2188 4909 2447 4979 justitiam
2479 4919 2677 4971 uncam,
2709 4908 2766 4957 et
2788 4901 3079 4957 secundum
3107 4897 3466 4954 innocentiam

1885 5020 2080 5068 meam,
2109 5018 2226 5073 qua:
2253 5000 2454 5071 jnstitia
2493 5007 2547 5055 et
2583 4994 2885 5051 innocentia
2923 5007 3084 5062 super
3108 5006 3195 5046 me
3218 4998 3320 5045 est.
3351 4989 3471 5056 Quo
3574 4984 3577 4991 ’

1883 5096 2243 5152 additamento
2278 5093 2610 5147 demonstrat
2651 5086 2705 5141 id
2744 5086 2915 5155 ipsum
2956 5083 3095 5154 quod
3125 5082 3300 5136 anima
3324 5080 3469 5150 justa

1884 5197 1963 5244 est
1993 5198 2045 5243 et
2064 5187 2342 5247 innocens,
2369 5197 2472 5237 non
2496 5196 2590 5249 per
2616 5194 2677 5235 se
2699 5178 2916 5243 habere,
2948 5177 3043 5231 sed
3076 5190 3171 5244 per
3201 5175 3468 5228 illustran-

1885 5287 1991 5334 tem
2013 5285 2066 5332 et
2092 5276 2477 5330 illuminantem
2508 5271 2720 5334 Deum;
2750 5268 2820 5324 de
2848 5268 2948 5321 hac
2969 5266 3108 5320 enim
3131 5264 3255 5318 dicit
3286 5266 3337 5316 in
3364 5262 3471 5314 alio

1885 5368 2113 5427 Psalmo,
2146 5364 2225 5418 Tu
2242 5362 2547 5416 illuminabis
2571 5362 2829 5414 lucernam
2855 5372 3036 5419 meam,
3065 5354 3276 5407 Domine
3295 5349 3466 5423 (Paul.

1884 5472 2021 5521 xvn,
2046 5452 2171 5525 29);
2200 5460 2253 5506 et
2280 5450 2347 5506 de
2373 5450 2577 5505 Joanne
2602 5448 2800 5503 dicitur
2818 5487 2832 5510 ,
2865 5447 2985 5515 quia
3018 5460 3119 5497 non
3149 5451 3257 5497 erat
3281 5440 3364 5493 ille
3390 5440 3472 5489 lu-

1884 5564 2019 5612 men,
2044 5544 2134 5599 sed
2153 5542 2487 5597 testimonium
2510 5538 2799 5610 perhibebat
2821 5536 2880 5589 de
2906 5535 3093 5589 lumine
3118 5531 3294 5602 (Jonu.
3323 5544 3359 5591 l,
3389 5528 3467 5593 8).

1885 5639 1986 5694 Ille
2009 5645 2114 5693 erat
2138 5636 2343 5689 lucerna
2367 5633 2549 5686 ardens
2568 5642 2614 5684 et
2639 5631 2812 5685 lucens
2837 5628 3013 5699 (Joan.
3038 5641 3088 5692 ν,
3120 5624 3231 5694 51³1).
3259 5620 3467 5676 Luz'nett

1952 5826 1967 5857 ι
1996 5820 2179 5884 Aliquot
2199 5823 2329 5877 Mss,
2344 5812 2531 5864 sincera
2553 5807 2671 5873 ﬁde.
