4042 6500
573 357 673 419 105

571 489 696 544 ergo
718 472 843 528 illud
865 473 1003 528 unde
1019 473 1208 527 anima:
1230 482 1473 542 tanquam
1492 473 1718 527 lucerna:
1752 475 2131 538 accenduntur,

571 583 676 620 non
694 566 885 631 alieno,
911 564 1004 619 sed
1030 564 1241 633 proprio
1260 561 1539 633 splendore
1565 562 1859 633 praefulget,
1887 563 2029 632 quod
2056 573 2137 618 est

569 655 682 725 ipsa
701 657 911 710 veritas.
928 654 1000 708 lta
1017 666 1142 724 ergo
1158 653 1369 719 dicitur,
1389 653 1660 706 secundum
1673 652 1928 721 justitiam
1951 666 2131 713 meam,

570 756 614 798 et
647 746 921 800 secundum
946 736 1278 798 innocentiam
1313 758 1476 795 meam
1519 758 1670 810 super
1694 754 1790 804 me,
1818 749 2064 809 tanquam
2091 740 2136 793 si

569 836 783 890 lucerna
810 835 999 889 ardens
1025 843 1077 887 et
1106 833 1286 887 lucens
1313 832 1513 886 diceret
1544 848 1558 884 :
1592 830 1773 885 Judica
1821 845 1905 884 me
1940 842 2133 884 secun-

566 927 691 982 dum
723 927 985 981 ﬂammam
1016 940 1131 991 quae
1158 939 1319 993 super
1342 938 1427 977 me
1452 934 1552 988 est,
1577 922 1628 976 id
1647 931 1745 988 est,
1764 936 1867 975 non
1890 934 1990 991 qua
2018 934 2134 976 sum

565 1031 664 1085 ego
686 1017 723 1080 ί,
756 1014 847 1069 sed
874 1029 975 1083 qua
1008 1011 1179 1081 fulgeo
1205 1026 1424 1065 accensa
1452 1010 1517 1065 de
1547 1020 1617 1065 te.

636 1105 689 1160 9.
718 1098 866 1177 [verm
910 1101 1020 1174 10.]
1062 1094 1441 1159 Consummetur
1468 1110 1633 1153 autem
1657 1100 1874 1168 nequitia
1905 1109 2132 1168 peccato-

568 1206 697 1249 rum.
718 1197 1117 1258 Consummatur,
1146 1193 1330 1261 inquit,
1354 1188 1674 1259 perficiatur,
1694 1189 1980 1243 secandum
2004 1189 2131 1243 illud

570 1286 707 1356 quod
736 1291 817 1341 est
846 1286 897 1339 in
929 1280 1240 1355 Apbcalypsi
1269 1301 1281 1335 :
1309 1280 1489 1336 Justus
1509 1282 1700 1352 justior
1735 1281 1859 1350 fiat,
1889 1291 1935 1333 et
1968 1280 2134 1334 sordi-

569 1378 663 1431 dus
690 1378 942 1431 sordescat
980 1377 1144 1429 adhuc
1182 1375 1372 1448 (Aper.
1415 1389 1544 1438 xxn,
1586 1373 1643 1428 ll
1672 1372 1713 1442 ).
1749 1373 1966 1427 Videtur
1990 1371 2130 1426 enim

570 1474 932 1520 consummata
961 1465 1190 1532 nequitia
1226 1465 1494 1517 hominum
1522 1463 1610 1532 qui
1639 1462 2017 1517 crueilixerunt
2046 1462 2128 1516 Fi-

570 1554 692 1612 lium
726 1556 851 1622 Dei;
883 1556 978 1611 sed
1010 1571 1191 1610 eorum
1234 1556 1402 1625 major
1438 1562 1520 1609 est
1547 1554 1634 1624 qui
1667 1554 1851 1607 nolunt
1874 1562 2016 1608 recte
2042 1554 2124 1607 vi-

566 1660 712 1711 vere,
743 1654 795 1701 ct
820 1645 1047 1700 oderunt
1072 1652 1335 1715 praecepta
1357 1645 1597 1698 veritatis
1625 1659 1718 1712 pro
1745 1644 1934 1713 quibus
1962 1644 2135 1698 cruci-

569 1732 702 1790 ﬁxus
731 1744 812 1791 est
835 1735 999 1790 Filius
1026 1736 1136 1790 Dei.
1165 1736 1541 1789 Consummatur
1574 1748 1712 1804 ergo,
1741 1734 1928 1802 inquit,
1959 1734 2133 1803 nequi-

566 1826 637 1877 tia
675 1836 988 1883 peccatorum
1012 1841 1033 1889 ;
1076 1825 1125 1879 id
1152 1834 1265 1890 est,
1295 1825 1627 1893 perveniatur
1653 1823 1718 1877 ad
1749 1830 2007 1876 sdmmam
2039 1837 2133 1876 ne-

565 1916 812 1983 quitiam,
850 1923 907 1968 ut
938 1915 1103 1983 possit
1142 1914 1341 1983 justum
1367 1912 1477 1982 jam
1509 1912 1691 1966 venire
1715 1911 1992 1980 judicium.
2022 1910 2130 1966 Sed

565 2007 812 2076 quoniam
851 2022 954 2059 non
998 2007 1165 2059 solum
1206 2004 1403 2061 dietum
1447 2013 1556 2068 est,
1591 2004 1849 2059 Sordidus
1879 2003 2131 2058 sordescat

565 2096 751 2159 adhuc,
778 2095 868 2149 sed
891 2096 1047 2149 etiam
1072 2095 1265 2148 dictum
1294 2103 1394 2159 est,
1419 2092 1597 2149 Justus
1620 2094 1809 2165 justior
1836 2093 1943 2163 ﬁat,
1968 2108 2134 2147 anuc-

566 2188 663 2240 clit
686 2196 737 2240 et
753 2186 881 2240 dicit
907 2204 920 2241 :
953 2184 1018 2239 Et
1036 2186 1223 2254 diriges
1237 2180 1432 2257 justum
1450 2227 1463 2245 .
1494 2195 1721 2239 scrutans
1740 2186 1893 2238 corda
1916 2194 1961 2238 et
1991 2200 2130 2238 renes

566 2272 722 2327 Deus.
759 2273 1032 2339 Quomodo
1058 2288 1183 2342 ergo
1208 2273 1379 2342 justus
1417 2272 1570 2342 dirigi
1600 2281 1804 2340 potest,
1833 2272 1929 2325 nisi
1959 2271 2011 2325 in
2039 2285 2131 2324 oc-

566 2363 745 2428 culto;
776 2364 986 2433 quando
1027 2364 1185 2418 etiam
1227 2377 1321 2433 per
1350 2364 1470 2415 illa!
1512 2379 1627 2432 quae
1659 2363 1806 2417 initio
1836 2373 2129 2431 temporum

566 2451 1003 2518 Christianorum,
1042 2446 1161 2508 cum
1193 2452 1361 2506 adhuc
1391 2451 1758 2520 persecutione
1795 2452 2128 2506 saecularium

566 2543 838 2598 hominum
880 2544 1045 2597 sancti
1088 2552 1473 2613 premerentur,
1527 2542 1765 2596 miranda
1818 2543 2132 2598 videbantur

569 2633 870 2687 hominibus
891 2673 905 2698 ,
935 2647 1075 2686 nunc
1111 2643 1383 2702 postquam
1423 2634 1473 2686 in
1515 2641 1660 2687 tanto
1683 2633 1910 2688 culmine
1937 2650 2129 2689 nomen

568 2725 729 2794 erepit
755 2738 873 2780 esse
901 2723 1242 2778 christianum
1264 2765 1279 2790 ,
1311 2725 1477 2778 crevit
1511 2724 1823 2794 hypocrisis,
1854 2724 1906 2778 id
1936 2732 2015 2779 est
2056 2727 2130 2779 si-

567 2816 803 2879 mulatio,
830 2828 1011 2869 eorum
1032 2813 1233 2869 scilicet
1255 2815 1342 2883 qui
1372 2816 1585 2870 nomine
1622 2816 1908 2870 christiano
1929 2817 2133 2872 malunt

566 2906 862 2960 hominibus
890 2906 1100 2975 placere
1120 2920 1276 2974 quam
1307 2905 1459 2959 Deo?
1485 2906 1761 2972 Quomodo
1789 2921 1916 2975 ergo
1944 2907 2129 2978 dirigi-

566 3005 650 3049 tur
668 2996 840 3065 justus
864 2995 914 3048 in
942 3005 1082 3049 tanta
1112 2994 1418 3049 confusione
1457 2995 1825 3061 simulationis,
1867 2996 1966 3051 nisi
2005 2998 2129 3053 dum

567 3094 830 3139 scrutatur
854 3086 1009 3139 corda
1031 3095 1084 3139 et
1103 3100 1255 3140 rencs
1279 3087 1433 3148 Deus,
1466 3085 1649 3140 videns
1675 3088 1909 3141 omnium
1933 3089 2130 3158 cogita-

567 3176 758 3240 tiones,
778 3190 893 3244 qua:
912 3175 1126 3228 nomine
1142 3174 1317 3230 cordis
1336 3176 1643 3244 significata:
1668 3186 1811 3243 sunt,
1833 3187 1887 3232 et.
1905 3178 2131 3234 delecta-

565 3265 755 3330 tiones,
788 3280 904 3334 qna:
932 3265 1141 3318 nomine
1167 3279 1348 3317 renum
1376 3266 1776 3336 intelliguntur?
1796 3268 1956 3323 Recte
1980 3269 2132 3339 quip-

566 3370 631 3423 pe
661 3354 1023 3424 temporalium
1046 3363 1098 3408 et
1126 3364 1456 3410 terrenarum
1480 3372 1655 3410 rerum
1680 3358 1961 3413 delectatio
1986 3361 2130 3415 reni-

564 3446 662 3499 hns
688 3445 962 3510 tribuitur;
993 3446 1110 3514 quia
1140 3456 1193 3499 et
1221 3446 1331 3514 ipsa
1369 3459 1490 3515 pars
1518 3455 1600 3500 est
1628 3447 1841 3503 inferior
1862 3448 2089 3502 hominis
2108 3488 2124 3514 ,

564 3546 617 3590 et
643 3553 703 3591 ea
745 3538 887 3606 regio
913 3545 996 3591 est
1030 3536 1119 3591 ubi
1142 3538 1363 3593 carnalis
1390 3540 1744 3608 generationis
1769 3539 2004 3609 voluptas
2032 3540 2128 3593 ha-

563 3626 711 3692 bitat,
741 3642 835 3696 per
856 3641 1012 3696 quam
1035 3629 1085 3680 in
1107 3628 1244 3682 hanc
1267 3643 1616 3683 arrunmosam
1638 3637 1693 3682 et
1716 3628 1913 3684 fallacis
1935 3630 2128 3686 laetitia:

563 3716 741 3779 vitam,
774 3730 868 3784 per
889 3716 1457 3785 successionemprolis
1483 3727 1666 3772 natura
1695 3719 1922 3774 humana
1953 3731 2127 3776 trans-

564 3804 819 3857 funditur.
859 3803 1113 3858 Scrntans
1141 3821 1268 3874 ergo
1324 3822 1416 3860 cor
1459 3816 1697 3861 nostrum
1740 3810 1897 3872 Deus,
1926 3820 1979 3865 et
2003 3827 2127 3880 per-

565 3897 793 3965 Spiciens
818 3896 887 3950 ibi
926 3912 1046 3950 esse
1070 3897 1156 3950 ubi
1181 3906 1262 3951 est
1290 3898 1564 3954 thesaurus
1594 3908 1773 3954 noster
1801 3901 2025 3971 (Matth.
2052 3919 2124 3968 vt,

561 3990 654 4060 21)
676 4030 689 4054 ,
722 3989 772 4043 id
798 3997 879 4043 est
907 3989 957 4043 in
984 3990 1161 4051 caelis;
1186 4001 1424 4045 scrutans
1453 3992 1610 4045 etiam
1639 4007 1816 4058 renes,
1849 4001 1902 4047 et
1927 3994 2129 4063 perspi‘

563 4082 709 4134 ciens
738 4095 841 4134 non
869 4095 964 4134 nos
990 4082 1323 4150 acquiescere
1352 4084 1496 4136 carni
1523 4093 1577 4137 et
1613 4084 1853 4153 sanguini
1883 4083 2039 4156 (Gal.
2072 4104 2123 4154 ι,

565 4170 631 4224 16
656 4169 703 4240 ),
731 4170 823 4224 sed
858 4170 1107 4225 delectari
1135 4171 1185 4224 in
1218 4172 1438 4226 Domino
1457 4213 1471 4237 ,
1509 4173 1686 4241 dirigit
1708 4176 1905 4244 justum
1933 4177 1982 4231 in
2014 4178 2125 4247 ipsa

563 4261 881 4321 conscientia
902 4279 1081 4323 coram
1108 4277 1193 4331 se,
1223 4264 1308 4317 ubi
1351 4264 1522 4318 nullus
1545 4265 1814 4320 hominum
1840 4267 2000 4333 videt,
2034 4270 2126 4323 sed

563 4355 706 4410 solus
733 4357 819 4411 ille
857 4357 945 4426 qui
990 4359 1235 4428 perspicit
1262 4360 1384 4428 quid
1415 4360 1635 4430 quisque
1658 4356 1889 4432 cogitet,
1918 4366 1968 4408 et
1998 4358 2125 4435 quid

559 4460 821 4516 quemque
862 4446 1107 4502 delectet.
1150 4448 1294 4503 Finis
1336 4450 1476 4504 enim
1517 4465 1657 4506 cura:
1693 4452 1973 4509 delectatio
2010 4465 2122 4521 est;

559 4539 679 4605 quia
705 4553 771 4592 eo
799 4538 1020 4607 quisque
1044 4540 1185 4593 euris
1212 4548 1265 4594 et
1292 4542 1693 4611 cogitationibus
1719 4528 1933 4612 nititur,
1966 4553 2020 4600 ut
2058 4547 2125 4602 ad

558 4638 708 4678 suam
735 4625 1140 4681 delectationem
1166 4631 1457 4695 perveniat.
1492 4631 1646 4686 Videt
1671 4633 1826 4702 igitur
1843 4649 1997 4689 curas
2025 4651 2124 4689 no-

562 4725 718 4779 stras,
747 4716 833 4785 qui
862 4726 1125 4771 scrutatur
1152 4734 1245 4773 cor
1272 4737 1285 4772 :
1316 4720 1459 4774 videt
1481 4730 1654 4775 autem
1685 4725 1816 4777 fines
1844 4739 2086 4780 curarum
2104 4769 2119 4793 ,

558 4805 615 4859 id
652 4815 733 4859 est
770 4806 1165 4873 delectationes,
1193 4809 1280 4877 qui
1320 4819 1679 4877 perscrutatnr
1705 4826 1888 4877 renes;
1919 4825 1973 4867 ut
2002 4832 2123 4871 cum

558 4896 849 4963 invenerit,
880 4912 985 4950 non
1011 4899 1074 4951 ad
1105 4899 1581 4969 concupiscentiam
1621 4902 1794 4956 carnis
1816 4943 1831 4968 ,
1863 4919 2033 4975 neque
2058 4908 2123 4962 ad

558 4986 1032 5054 concupiscentiam
1056 4989 1348 5050 oculorum.
1377 5005 1546 5059 neque
1565 4990 1629 5044 ad
1651 4991 1993 5049 ambitionem
2022 5013 2123 5056 sa:-

559 5078 682 5141 enli,
714 5095 830 5149 qua:
859 5082 1031 5135 omnia
1082 5090 1356 5138 transeunt
1399 5094 1645 5155 tanquam
1686 5090 1866 5144 umbra
1899 5091 1940 5162 (Ι
1965 5092 2119 5147 Joau.

561 5181 619 5232 ιι,
654 5168 738 5228 16.
772 5171 885 5240 17),
916 5173 1153 5228 inclinari
1182 5189 1334 5229 curas
1360 5185 1588 5243 nostras,
1617 5178 1711 5234 sed
1736 5181 1799 5234 ad
1825 5183 2012 5251 gaudia
2035 5199 2123 5238 re-

560 5274 674 5314 rum
724 5271 1036 5317 (uernarum
1082 5267 1327 5333 sustolli,
1372 5282 1490 5338 qua:
1529 5270 1671 5324 nulla
1713 5274 2123 5330 commutatione

620 5426 635 5490 ξ
661 5423 879 5482 Quinque
900 5429 1023 5490 Mss,
1047 5436 1141 5490 non
1159 5436 1266 5490 (fug;
1293 5437 1399 5476 sum
1419 5438 1522 5490 ego.

617 5487 638 5517 ³
657 5485 1005 5549 _Lo_v.,_quando
1026 5483 1180 5549 etiam
1208 5483 1308 5536 illa.
1335 5494 1390 5536 At
1412 5483 1511 5536 Ain.
1553 5496 1722 5549 etiam,
1752 5491 1942 5549 quando
1978 5490 2121 5540 etim

562 5542 768 5609 Ecclesia
789 5541 891 5602 illa,
919 5551 1011 5609 etc.
1030 5546 1412 5609 t‘aul‘oqnegpost,
1447 5544 1682 5609 miranda
1701 5541 1947 5600 uidebatur
1972 5552 2122 5602 Itami-

553 5603 712 5656 nitms.
759 5611 897 5654 [forte
930 5602 1051 5666 leg.,
1084 5602 1226 5655 etiam
1258 5602 1310 5656 iri
1346 5602 1556 5660 Ecclesia
1585 5609 1673 5660 illa
1699 5622 1717 5660 :
1741 5611 1829 5660 sed
1868 5611 2122 5664 maluimus

556 5672 692 5773 seqt‘n
708 5665 1033 5775 Fiollwl'iiiltll‘ltm
1047 5667 1276 5727 codicem,
1288 5669 1371 5730 qui
1387 5672 1636 5720 asecunda
1650 5683 1808 5732 manu,
1824 5670 1912 5722 sed
1928 5676 2121 5736 antiqua

559 5738 653 5773 ora:
674 5740 726 5775 er
752 5762 767 5775 .
784 5739 868 5775 per
955 5741 986 5775 t.

557 5738 767 5796 oraclum,
784 5739 868 5789 per
886 5738 986 5776 um.

1794 360 1850 415 S.
1891 351 2254 417 AUGUaTlNl
2294 359 2592 418 EPISCOPI

3716 370 3818 433 104

2246 473 2525 539 violantur,
2575 475 2765 545 dirigat
2805 476 3024 546 justum,
3057 487 3297 535 scrutans
3346 480 3505 538 corda
3554 493 3609 540 et
3657 503 3814 544 renes

2244 560 2403 616 Deus.
2432 562 2601 631 Opera
2629 566 2769 618 enim
2798 575 2974 619 nostra
2992 608 3007 632 ,
3035 583 3151 636 qum
3177 562 3330 624 factis
3358 580 3411 625 et
3445 572 3599 630 dictis
3625 591 3816 645 opera-

2244 665 2381 716 mur,
2422 661 2640 720 possunt
2665 667 2784 707 esse
2824 663 2947 707 nota
2991 655 3325 724 hominibus;
3356 660 3452 715 sed
3495 678 3601 732 quo
3635 668 3816 722 anirno

2243 730 2391 805 fiant,
2420 744 2475 794 et
2504 744 2606 808 quo
2637 746 2731 810 per
2761 737 2842 796 illa
2873 745 3148 811 pervenire
3191 730 3687 817 cupiamusisolus
3726 757 3816 813 ille

2242 832 2411 896 novit,
2444 833 2529 901 qui
2557 841 2819 887 scrutatur
2846 837 3006 890 corda
3029 847 3083 892 et
3109 854 3268 895 rencs
3297 841 3456 897 Deus.

2314 922 2398 976 10.
2428 920 2588 994 [rers.
2616 922 2739 995 1L]
2768 924 2805 978 Ι
2808 936 2972 979 ustum
3013 930 3257 984 auxilium
3298 949 3462 987 meum
3489 952 3521 988 α
3544 933 3763 992 Domino
3794 980 3812 1006 ,

2240 1011 2326 1077 qui
2352 1013 2514 1064 salvos
2543 1012 2662 1080 facit
2687 1024 2844 1067 rectos
2872 1016 3038 1069 corde.
3079 1017 3192 1073 Duo
3221 1031 3342 1074 sunt
3386 1022 3558 1078 officia
3586 1026 3810 1081 medici-

2242 1114 2358 1165 nm;
2384 1112 2542 1155 unum
2570 1118 2674 1171 quo
2699 1114 2911 1158 sanatur
2941 1106 3216 1162 infirmitas
3239 1150 3252 1173 ,
3287 1110 3511 1166 alterum
3535 1129 3641 1184 quo
3669 1119 3813 1183 sanis

2242 1196 2320 1242 tas
2366 1191 2680 1245 eustoditur.
2721 1192 2875 1246 Juxta
2926 1194 3050 1249 illud
3077 1197 3343 1265 primum,
3388 1200 3583 1257 dictum
3626 1212 3708 1258 e‘st
3754 1205 3809 1259 in

2240 1280 2511 1347 snperiore
2555 1280 2756 1348 psalmo
2780 1323 2794 1346 ,
2826 1282 3061 1338 Miserere
3115 1286 3244 1350 mei,
3282 1286 3531 1356 Domine,
3575 1293 3810 1360 quoniam

2237 1367 2468 1435 inﬁrmus
2491 1386 2601 1422 sum
2629 1385 2648 1423 :
2663 1370 2806 1439 juxta
2840 1372 2939 1427 hoc
2964 1373 3209 1441 alterum,
3231 1376 3284 1430 in
3316 1377 3414 1431 hoc
3446 1380 3645 1449 psalmo
3672 1381 3810 1436 dici-

2240 1462 2355 1520 tur,
2389 1457 2449 1511 Si
2472 1468 2541 1511 est
2568 1460 2804 1526 iniquitas
2827 1462 2880 1514 in
2910 1462 3139 1517 manibus
3163 1466 3284 1518 meis
3306 1508 3321 1530 ,
3350 1468 3394 1521 si
3427 1469 3625 1522 reddidi
3662 1472 3811 1524 retria

2238 1545 2493 1601 (mentibus
2536 1551 2658 1602 mihi
2696 1550 2864 1617 mala,
2895 1546 3121 1606 decidam
3163 1560 3280 1625 ergo
3322 1557 3384 1609 ab
3429 1557 3643 1614 inimicis
3683 1560 3811 1614 meis

2237 1626 2435 1703 inanis;
2461 1641 2531 1693 ibi
2556 1642 2695 1695 enim
2727 1641 2965 1697 infirmus
2989 1651 3045 1697 ut
3073 1640 3358 1712 liberetur,
3382 1640 3469 1702 hic
3502 1648 3611 1718 jam
3641 1664 3808 1706 sanus

2236 1742 2303 1783 ne
2326 1741 2694 1799 corrumpatur
2712 1773 2726 1798 ,
2759 1742 2892 1785 orat.
2919 1732 3074 1787 Juxta
3106 1733 3231 1787 illud
3260 1736 3330 1790 ihi
3356 1736 3567 1802 dicitur,
3596 1738 3808 1793 Salvum

2236 1827 2314 1871 me
2351 1821 2434 1883 fac
2478 1829 2682 1888 propter
2721 1821 3118 1875 misericordiam
3160 1834 3298 1876 tuam
3326 1840 3345 1878 :
3362 1825 3511 1894 juxta
3540 1826 3677 1882 istud
3717 1828 3807 1883 hic

2235 1906 2446 1974 dicitur,
2467 1909 2653 1962 Judica
2677 1925 2774 1973 me,
2802 1910 3036 1977 Domine,
3064 1913 3334 1966 secundum
3349 1915 3601 1985 justitiam
3617 1928 3808 1983 meum:

2236 1996 2307 2050 ibi
2328 1997 2467 2051 enim
2496 2008 2555 2052 ut
2582 2014 2608 2050 a
2637 2000 2822 2054 morbo
2845 2002 3068 2066 evadat,
3100 2003 3410 2069 remedium,
3432 2004 3516 2060 hic
3539 2014 3713 2060 autem
3734 2020 3811 2062 ne

2234 2086 2288 2139 in
2317 2086 2557 2142 morbum
2588 2089 2820 2154 recidat,
2853 2092 3124 2147 tuitionem
3156 2093 3302 2161 petit.
3334 2094 3489 2149 Juxta
3512 2096 3638 2150 illud
3665 2095 3809 2151 dieid

2234 2182 2322 2228 tur
2342 2218 2358 2243 ,
2388 2176 2594 2230 Salvum
2623 2194 2701 2232 me
2729 2183 2832 2249 fac,
2863 2179 3095 2246 Domine,
3122 2185 3390 2238 secundum
3407 2186 3811 2242 misericordiam

2236 2276 2373 2319 tuam
2396 2284 2412 2333 ;
2434 2267 2582 2336 juxta
2605 2268 2705 2323 hoc
2729 2271 2937 2338 dicitur,
2958 2272 2995 2325 1
2999 2284 3162 2327 ustum
3190 2276 3430 2329 mtxilium
3454 2292 3619 2331 meum
3641 2292 3673 2330 a
3694 2275 3812 2331 Dos

2236 2348 2391 2420 mino,
2420 2358 2503 2425 qui
2527 2358 2691 2412 salvos
2718 2362 2838 2430 facit
2863 2372 3023 2415 rectos
3051 2364 3218 2418 corde.
3250 2365 3315 2419 Et
3341 2366 3427 2421 illa
3446 2368 3593 2421 enim
3620 2376 3675 2423 et
3702 2369 3807 2422 ista

2235 2446 2410 2500 salvos
2435 2446 2594 2513 facit;
2621 2449 2714 2503 sed
2739 2450 2826 2503 illa
2857 2465 2922 2505 cx
2947 2454 3254 2521 aegritudine
3277 2456 3343 2510 ad
3377 2457 3597 2511 salutem
3623 2466 3804 2512 transi

2234 2532 2357 2601 fert,
2385 2534 2500 2590 haec
2528 2537 2578 2590 in
2609 2537 2719 2605 ipsa
2776 2540 2943 2593 salute
2970 2551 3267 2597 conservat.
3302 2543 3480 2614 Itaque
3505 2545 3574 2600 ibi
3595 2546 3809 2603 miseri-

2234 2638 2353 2680 cors
2377 2627 2627 2682 auxilinm
2658 2637 2758 2696 est,
2782 2632 2900 2700 quia
2930 2633 3131 2689 nullum
3158 2635 3315 2690 habet
3338 2638 3582 2693 meritum
3612 2654 3808 2708 pecca-

2235 2725 2318 2772 tor
2340 2759 2356 2784 ,
2387 2719 2477 2787 qui
2514 2720 2687 2775 adhuc
2705 2722 2977 2790 justificari
3005 2724 3309 2793 desiderat,
3340 2728 3563 2784 credens
3590 2729 3643 2783 in
3676 2744 3805 2787 cum

2233 2809 2321 2877 qui
2338 2808 2591 2878 justifieat
2617 2811 2834 2880 impium
2863 2813 3036 2882 (Rom.
3068 2828 3141 2880 tv,
3173 2816 3228 2885 5)
3251 2833 3265 2882 ;
3288 2817 3376 2872 hic
3403 2826 3575 2874 autem
3598 2819 3805 2889 justum

2234 2899 2486 2953 auxilium
2512 2906 2595 2954 est
2618 2941 2632 2967 ,
2663 2901 2783 2970 quia
2805 2901 2914 2971 jam
2936 2904 3078 2972 justo
3104 2905 3365 2960 tribuitur.
3397 2906 3545 2962 Dicat
3569 2924 3695 2979 ergo
3726 2907 3806 2964 ibi

2235 2999 2478 3058 peccator
2502 2991 2591 3060 qui
2616 2991 2775 3057 dixit,
2806 2991 3052 3061 Inﬁrmus
3073 3011 3203 3057 sum,
3232 2995 3443 3050 Salvum
3465 3013 3544 3051 me
3568 3003 3675 3069 fac,"
3692 2997 3808 3054 Da-

2234 3081 2385 3146 mine,
2409 3089 2611 3150 propter
2635 3083 3024 3135 misericordiam
3052 3092 3187 3137 tuam
3208 3101 3227 3144 :
3246 3095 3299 3139 et
3319 3085 3458 3140 dieat
3479 3087 3561 3141 hic
3576 3089 3750 3155 justus
3783 3123 3803 3153 ,

2234 3171 2319 3239 qui
2346 3170 2476 3225 dixit
2501 3212 2517 3238 ,
2545 3170 2607 3226 Si
2630 3172 2828 3225 reddidi
2854 3174 3230 3228 retribuentibus
3248 3176 3368 3227 mihi
3403 3175 3539 3230 mala
3560 3218 3575 3242 ,
3597 3176 3630 3229 J
3637 3187 3807 3232 ustum

2233 3261 2476 3314 auxilium
2504 3276 2665 3314 meum
2690 3277 2722 3314 a
2745 3261 2984 3326 Domino,
3012 3264 3099 3331 qui
3116 3263 3277 3317 salvos
3301 3265 3420 3335 facit
3443 3276 3603 3321 rectos
3625 3268 3802 3324 corde.

2232 3351 2286 3406 Si
2331 3351 2472 3405 enim
2514 3350 2829 3407 medicinam
2863 3352 3077 3409 exhibet
3101 3395 3115 3416 ,
3140 3369 3242 3422 qua
3279 3368 3529 3411 sanemur
3557 3357 3748 3413 inllrmi
3781 3394 3804 3426 ,

2231 3448 2430 3509 quanto
2457 3440 2622 3509 magis
2649 3454 2766 3494 eam
2789 3455 2889 3510 qua
2913 3442 3407 3498 custodiamursani
3426 3444 3450 3497 ?
3467 3443 3723 3511 Quoniam
3750 3449 3803 3502 si

2232 3540 2351 3584 eum
2396 3529 2567 3584 adhuc
2611 3539 2916 3599 peccatores
2941 3544 3181 3587 essemus
3202 3572 3218 3598 ,
3244 3532 3484 3589 Christus
3508 3551 3603 3604 pro
3643 3532 3807 3592 nobis

2233 3629 2473 3673 mortuus
2500 3627 2601 3682 est,
2629 3628 2827 3689 quanto
2851 3620 3020 3690 magis
3042 3636 3182 3675 nunc
3202 3622 3474 3691 justifieati
3493 3664 3509 3691 ,
3534 3625 3667 3680 salvi
3691 3627 3810 3681 erie

2233 3726 2348 3764 mus
2377 3711 2442 3765 ab
2467 3710 2543 3764 ira
2574 3725 2668 3779 per
2687 3710 2855 3778 ipsum
2889 3710 3062 3782 (Rom.
3091 3727 3144 3779 ν,
3162 3711 3216 3777 8,
3242 3712 3338 3783 9)?
3718 3730 3727 3733 '

2302 3800 2389 3854 il.
2421 3799 2623 3852 Iustum
2666 3802 2910 3852 auxilium
2946 3814 3114 3854 meum
3150 3816 3181 3853 α
3218 3799 3437 3857 Domino
3457 3842 3473 3866 ,
3516 3804 3603 3868 qui
3632 3804 3808 3861 salvos

2232 3883 2353 3953 facit
2386 3893 2545 3935 rectos
2577 3882 2743 3934 corde.
2774 3881 2964 3952 Dirigit
2997 3883 3226 3951 justum,
3256 3894 3498 3940 scrutans
3542 3885 3702 3940 corda
3741 3900 3810 3943 es

2231 3987 2392 4028 renes
2418 3974 2556 4025 Deus
2587 3989 2601 4025 :
2627 3972 2772 4040 justo
2814 3981 2989 4026 autem
3025 3974 3223 4027 auxilio
3259 3974 3430 4029 salvos
3473 3973 3595 4029 facit
3621 3985 3808 4033 rectos

2232 4064 2412 4118 corde.
2442 4062 2557 4117 Non
2582 4063 2718 4117 sicut
2746 4071 3010 4117 scrutatur
3032 4064 3193 4119 corda
3218 4074 3272 4120 et
3297 4080 3452 4120 rencs
3474 4106 3491 4130 ,
3520 4067 3589 4120 ita
3618 4067 3807 4124 salvos

2233 4155 2356 4209 facit
2376 4167 2549 4210 rectos
2569 4153 2726 4208 corde
2742 4163 2797 4208 et
2818 4155 3032 4209 renibus
3045 4172 3060 4209 ε
3072 4155 3195 4224 quia
3207 4156 3553 4224 cogitationes
3569 4164 3624 4210 et
3643 4157 3808 4213 mala:

2231 4255 2356 4302 sunt
2383 4248 2433 4300 in
2462 4259 2621 4315 pravo
2644 4246 2824 4312 corde,
2852 4257 2907 4301 et
2928 4245 3080 4301 bonae
3104 4246 3157 4300 in
3184 4255 3329 4301 recto
3351 4247 3544 4313 corde;
3569 4247 3811 4303 delecta-

2234 4337 2404 4392 tiones
2442 4347 2620 4391 autem
2650 4353 2754 4393 non
2794 4339 2948 4392 bona:
2968 4337 3034 4391 ad
3063 4351 3217 4392 renes
3241 4338 3687 4417 pertinent,quia
3709 4340 3808 4403 in-

2231 4427 2452 4491 feriores
2491 4437 2647 4506 atque
2677 4438 2900 4490 terrente
2925 4437 3069 4501 sunt,
3090 4427 3243 4491 honre
3259 4451 3388 4492 vero
3408 4452 3512 4493 non
3528 4437 3596 4492 ad
3614 4453 3803 4506 renes,

2230 4526 2323 4582 sed
2348 4526 2412 4581 ad
2443 4528 2611 4597 ipsum
2638 4539 2749 4580 eor.
2774 4527 3057 4596 Propterea
3084 4541 3188 4580 non
3212 4526 3283 4581 ita
3302 4527 3404 4582 dici
3430 4536 3652 4596 possunt
3663 4532 3805 4588 recti

2230 4619 2462 4680 renibus,
2492 4620 2629 4672 sicut
2648 4617 2893 4672 dicuntur
2917 4618 3046 4671 recti
3077 4617 3271 4678 corde,
3302 4632 3422 4671 cum
3447 4618 3557 4688 jam
3582 4619 3671 4673 ubi
3699 4635 3805 4675 eo.

2229 4708 2412 4775 gitatio
2434 4748 2449 4769 ,
2478 4706 2547 4760 ibi
2576 4715 2629 4760 et
2653 4705 2934 4760 delectatio
2961 4715 3042 4759 est
3075 4721 3088 4758 :
3118 4706 3258 4774 quod
3287 4706 3400 4760 fieri
3438 4721 3543 4761 non
3573 4717 3752 4776 potest
3781 4751 3803 4777 ,

2230 4795 2331 4849 nisi
2359 4810 2476 4849 cum
2510 4794 2688 4848 divina
2713 4804 2872 4863 atque
2901 4804 3097 4849 aeterna
3118 4795 3431 4864 cogitantur.
3457 4795 3689 4861 Dedisti,
3712 4798 3805 4852 in-

2230 4886 2379 4955 quit,
2410 4884 2633 4938 twtitiam
2658 4886 2710 4937 in
2737 4886 2887 4937 corde
2908 4900 3047 4948 meo,
3072 4900 3193 4938 cum
3238 4884 3458 4955 dixisset
3477 4924 3495 4950 ,
3524 4886 3808 4956 Signinum

2230 4985 2302 5030 est
2329 4992 2479 5045 super
2519 4991 2608 5029 nos
2650 4974 2815 5028 iumen
2856 4976 3020 5029 vultus
3046 4984 3119 5029 tut
3138 5018 3151 5041 ,
3177 4974 3395 5030 Domine
3420 4975 3589 5046 (Ρωι.
3614 4992 3686 5043 Iv,
3717 4978 3803 5047 7).

2229 5067 2357 5121 Nam
2385 5067 2744 5135 phantasmata
2771 5082 2946 5121 rerum
2975 5069 3338 5137 temporalium
3356 5106 3372 5133 ,
3398 5082 3518 5137 qua:
3546 5068 3645 5123 sibi
3674 5071 3808 5125 ani-

2230 5171 2346 5210 mus
2371 5156 2534 5226 tingit,
2561 5172 2679 5211 cum
2701 5171 2795 5224 spe
2814 5171 2946 5211 vana
2963 5158 3274 5227 mortalique
3288 5157 3534 5225 iactatur,
3555 5161 3809 5237 quamvis

2230 5250 2473 5304 inanibus
2501 5249 2963 5318 imaginationibus
2987 5249 3210 5302 atferant
3236 5264 3379 5317 stupe
3403 5249 3624 5305 deliram
3654 5250 3812 5308 ξηια-

2229 5354 2454 5409 namque
2492 5339 2724 5392 lmtitiam
2746 5378 2760 5401 ,
2791 5353 2896 5392 non
2940 5346 3113 5391 tamen
3141 5338 3288 5392 cordi
3335 5337 3449 5393 hate
3476 5338 3760 5395 delectatio
3784 5381 3804 5407 ,

2228 5431 2321 5484 sed
2356 5429 2569 5483 renibus
2599 5428 2874 5482 tribuenda
2904 5436 3017 5491 est;
3050 5427 3171 5496 quia
3199 5427 3307 5482 illa:
3329 5443 3516 5483 omnes
3544 5429 3806 5499 imagina-

2232 5521 2400 5574 tiones
2428 5520 2495 5573 de
2521 5518 2878 5581 inferioribus,
2909 5517 3011 5571 hoc
3029 5527 3112 5572 est
3138 5519 3368 5573 terrenis
3390 5518 3810 5589 carnalibusth

2230 5612 2402 5675 rebus,
2431 5618 2667 5663 attracta:
2686 5618 2827 5663 sunt.
2857 5608 2928 5662 Ita
2949 5608 3025 5675 fit,
3050 5617 3106 5663 ut
3130 5618 3370 5663 scrutans
3390 5607 3550 5663 corda
3569 5617 3626 5662 et
3639 5623 3811 5666 renes

2232 5702 2388 5764 Deus,
2418 5710 2471 5754 et
2498 5699 2820 5768 perspiciens
2851 5698 2901 5753 in
2933 5698 3090 5754 corde
3120 5706 3291 5754 rectas
3322 5697 3671 5767 cogitationes
3694 5736 3714 5762 ,
3746 5699 3805 5754 in
