4042 6470
206 555 410 613 renibus
439 554 627 612 nullas
671 555 1083 620 delectationes,
1108 554 1307 626 justum
1353 556 1607 613 auxilium
1654 570 1795 627 prae-

209 648 321 703 beat
343 647 517 703 rectis
543 647 737 712 corde,
771 648 861 704 ubi
891 648 1101 703 mundis
1126 647 1531 720 cogitationibus
1556 662 1799 718 supernae

211 740 596 798 delectationes
626 741 924 797 sociantur.
955 741 1022 796 Et
1046 741 1167 796 ideo
1208 740 1262 796 in
1300 740 1406 796 alio
1437 739 1642 811 psalmo
1680 754 1798 794 cum

212 837 426 901 dixisset
443 877 459 901 ,
482 832 714 907 Insuper
740 845 789 890 et
820 850 975 906 usque
998 833 1067 888 ad
1088 843 1282 889 noctem
1309 834 1692 903 increpauerunt
1726 848 1803 886 me

210 943 343 982 reuss
383 926 485 981 mei
508 966 527 992 ,
564 927 792 996 subjecit
832 925 899 981 de
941 925 1140 982 auxilio
1166 966 1182 990 ,
1208 924 1392 981 dicens
1426 942 1439 980 :
1470 924 1803 980 Providebarn

212 1016 483 1073 Βουιὺιιηι
508 1017 567 1071 in
606 1027 877 1088 conspectu
903 1033 1011 1071 meo
1039 1033 1264 1089 semper,
1285 1018 1523 1089 quoniam
1552 1033 1584 1070 a
1614 1016 1803 1071 dextris

211 1119 279 1164 est
300 1110 422 1163 mihi
450 1125 516 1164 ne
546 1125 865 1164 commoveor
890 1108 1061 1181 (Psal.
1104 1124 1174 1165 xv
1192 1149 1209 1177 ,
1240 1108 1272 1163 7
1292 1148 1309 1176 ,
1334 1108 1414 1179 8).
1438 1108 1537 1164 Ubi
1573 1106 1805 1164 ostendit

212 1204 581 1273 suggestioues
606 1210 812 1256 tantum
843 1216 902 1256 se
928 1217 957 1255 a
987 1200 1203 1256 renibus
1236 1214 1471 1271 passum,
1505 1216 1612 1256 non
1641 1201 1802 1256 etiam

222 1294 612 1362 lelectationes,
624 1308 758 1365 quas
773 1294 821 1348 si
838 1301 1131 1365 pateretur,
1145 1292 1330 1362 utique
1344 1301 1799 1348 commoveretur.

214 1386 344 1442 Dixit
367 1396 552 1442 autem
573 1425 591 1453 ,
618 1384 667 1440 Δ
691 1386 881 1441 dextris
905 1393 976 1440 est
1005 1384 1128 1438 mihi
1157 1383 1402 1439 Dominus
1421 1424 1437 1450 ,
1490 1402 1554 1440 ne
1586 1400 1806 1439 commo-

212 1493 343 1542 ueat;
358 1478 559 1533 deinde
584 1476 858 1549 subjungit
880 1516 897 1544 ,
924 1475 1145 1548 Propter
1169 1476 1265 1531 hoc
1296 1476 1598 1532 delectatum
1619 1487 1692 1533 est
1720 1494 1805 1532 cor

211 1586 372 1623 meum
395 1566 603 1641 (Ibid.,
632 1568 706 1638 9)
739 1586 753 1621 :
787 1578 845 1622 ut
873 1583 1031 1624 renes
1057 1584 1180 1623 eum
1211 1569 1489 1638 increpare
1512 1568 1801 1639 potuerint,

212 1678 311 1716 non
336 1660 637 1716 delectare.
666 1658 785 1715 Non
815 1662 993 1732 itaque
1023 1661 1076 1715 in
1122 1661 1341 1717 renibus
1360 1701 1377 1730 ,
1409 1661 1503 1716 sed
1550 1661 1622 1717 ibi
1664 1663 1799 1717 facta

211 1764 289 1810 cst
328 1752 658 1820 delectatio,
700 1752 791 1808 ubi
838 1753 1094 1809 adversus
1144 1769 1332 1810 renum
1386 1754 1805 1825 increpationem

184 1830 191 1843 ’
214 1846 454 1915 provisus
481 1854 567 1901 est
591 1846 732 1901 Deus
758 1860 788 1901 a
816 1844 1016 1901 dextris
1041 1861 1159 1902 esse
1178 1888 1192 1912 ,
1217 1846 1269 1902 id
1293 1858 1399 1916 est,
1429 1848 1481 1902 in
1510 1848 1695 1905 corde.

285 1939 376 1995 η.
416 1938 582 2013 [ειη.
607 1936 722 2013 12.]
763 1938 905 1995 Deus
919 1940 1263 2012 judwjustus
1286 1980 1303 2008 ,
1331 1942 1476 2011 fortis
1503 1952 1548 1995 et
1577 1940 1808 2013 longani-

214 2034 327 2087 mis.
358 2033 487 2100 Quis
517 2034 657 2089 Deus
679 2032 844 2104 judex
865 2075 880 2100 ,
914 2034 1015 2088 nisi
1045 2034 1299 2088 Dominus
1325 2076 1339 2100 ,
1368 2034 1455 2105 qui
1481 2034 1683 2104 judicat
1708 2050 1805 2105 po-

219 2124 367 2192 pulos
389 2123 414 2176 ?
440 2123 564 2193 Ipse
582 2123 763 2195 justus
781 2166 795 2192 ,
824 2124 912 2195 qui
953 2124 1140 2180 reddet
1165 2125 1451 2195 unicuique
1470 2126 1621 2196 juxta
1647 2141 1809 2196 opera

218 2232 303 2270 sua
335 2216 550 2289 (Matth.
576 2216 826 2289 “1,27).
854 2218 970 2288 Ipse
999 2217 1170 2284 fortis,
1200 2218 1291 2289 qui
1317 2220 1476 2274 etiam
1502 2229 1811 2290 persecuto-

220 2326 296 2365 res
321 2309 520 2380 impios
540 2352 556 2377 ,
583 2326 706 2365 cum
737 2310 807 2365 sit
846 2309 1247 2381 potentissimus
1267 2352 1282 2377 ,
1314 2326 1407 2381 pro
1433 2319 1614 2366 nostra
1638 2311 1810 2367 salute

222 2402 476 2457 toleravit.
510 2401 630 2473 Ipse
651 2402 965 2474 longanimis
987 2444 1003 2471 ,
1034 2405 1122 2474 qui
1143 2403 1306 2460 etiam
1332 2403 1477 2474 ipsos
1504 2404 1597 2476 qui
1625 2420 1809 2476 perse-

220 2498 318 2552 cuti
344 2503 508 2562 sunt,
545 2512 654 2552 non
684 2498 860 2568 statim
889 2504 1008 2567 post
1035 2497 1478 2553 resurrectionem
1510 2497 1580 2553 ad
1604 2498 1809 2569 suppli-

221 2588 347 2643 cium
377 2590 583 2659 rapuit,
600 2587 695 2643 sed
720 2588 992 2654 sustinuit,
1014 2597 1071 2642 ut
1092 2603 1149 2644 se
1172 2588 1454 2659 aliquando
1482 2589 1551 2643 ad
1578 2589 1809 2645 salutem

221 2680 280 2733 ab
321 2680 411 2735 illa
461 2679 737 2749 impietate
781 2686 1155 2735 converterent
1185 2698 1197 2734 :
1230 2688 1284 2735 et
1310 2679 1483 2736 adhuc
1530 2680 1802 2745 sustinet,

224 2788 430 2830 servans
457 2772 868 2843 ultimojudicio
889 2772 1127 2828 ultimam
1154 2787 1390 2842 poenam,
1408 2782 1618 2828 etnunc
1644 2787 1812 2842 usque

225 2866 440 2921 inritans
475 2876 782 2936 peccatores
809 2864 874 2920 ad
902 2864 1290 2935 paenitentiam.
1325 2863 1447 2919 Non
1480 2865 1611 2918 iram
1641 2862 1809 2917 addu-

223 2974 326 3013 cas
350 2975 444 3028 per
475 2958 705 3028 singulos
745 2957 869 3012 dies.
910 2955 1302 3028 Significautius
1325 2954 1554 3011 fortasse
1580 2954 1775 3009 dicitur
1792 2996 1809 3020 ,

223 3052 337 3106 nam
361 3053 661 3118 adducens,
688 3067 848 3123 quam
880 3052 1115 3107 irascens
1136 3059 1192 3108 et
1231 3051 1303 3106 ita
1334 3051 1389 3106 in
1420 3050 1812 3122 exemplaribus

223 3146 400 3216 grecis
425 3144 734 3200 invenimus
762 3144 839 3216 (a)
871 3160 885 3198 :
921 3153 977 3199 ut
1005 3158 1113 3199 non
1142 3144 1212 3198 sit
1245 3143 1299 3198 in
1330 3144 1443 3214 ipso
1471 3144 1547 3198 ira
1570 3158 1673 3214 qua
1713 3158 1813 3215 pu-

226 3237 331 3305 nit,
356 3237 454 3293 sed
495 3237 549 3292 in
576 3237 773 3292 animis
798 3251 983 3292 eorum
1013 3236 1379 3292 ministrorum
1420 3236 1509 3307 qui
1536 3238 1814 3308 prmptis

226 3330 453 3385 veritatis
470 3328 866 3400 obtemperant;
889 3343 983 3400 per
1000 3343 1134 3400 quos
1159 3327 1377 3396 jubetur
1404 3330 1564 3383 etiam
1596 3327 1817 3384 inferio—

227 3421 360 3476 ribus
386 3419 708 3475 ministeriis
732 3420 749 3450 ¹
780 3419 870 3489 qui
911 3428 1169 3475 vocantur
1195 3419 1367 3491 angeli
1398 3419 1681 3474 iracundiae
1708 3461 1723 3486 ,
1746 3419 1815 3475 ad

227 3512 484 3583 punienda
510 3520 732 3582 peccata
757 3551 773 3578 ,
804 3525 939 3582 quos
964 3509 1073 3581 jam
1102 3526 1209 3566 non
1259 3520 1474 3581 propter
1506 3510 1764 3580 justitiam
1797 3552 1812 3578 ,

227 3620 316 3674 qua
342 3621 450 3659 non
476 3604 735 3674 gaudent,
758 3602 852 3658 sed
888 3613 1110 3673 pr0pter.
1124 3603 1379 3658 malitiam
1402 3618 1558 3673 pinna
1583 3603 1815 3657 humana

229 3695 466 3752 delectat.
491 3694 619 3751 Non
637 3711 769 3767 ergo
796 3696 936 3750 Deus
955 3695 1084 3749 iram
1104 3696 1310 3749 adducit
1330 3711 1421 3766 per
1440 3694 1665 3766 singulos
1686 3697 1814 3760 dies,

229 3781 276 3837 id
295 3794 395 3849 est,
425 3796 541 3836 non
573 3795 671 3850 per
695 3778 938 3850 singulos
959 3777 1077 3834 dies
1113 3778 1183 3834 ad
1220 3777 1506 3835 vindictam
1532 3786 1822 3855 congregat

229 3874 497 3929 ministros
533 3885 696 3926 suos:
720 3886 863 3926 nunc
887 3871 1029 3926 enim
1061 3869 1313 3940 patientia
1347 3870 1440 3926 Dei
1467 3869 1534 3925 ad
1559 3872 1823 3941 pmniten-

228 3969 342 4022 tiam
373 3966 598 4030 invitat;
633 3965 822 4020 ultimo
846 3979 974 4020 vero
1005 3973 1265 4034 tempore,
1294 3979 1415 4019 cum
1443 3965 1544 4020 sibi
1571 3964 1820 4022 homines

230 4069 440 4131 propter
467 4058 724 4115 duritiam
763 4073 913 4114 suam
944 4067 999 4115 et
1026 4075 1122 4116 cor
1151 4059 1512 4128 imptenitens,
1559 4060 1823 4116 thesauri-

226 4156 459 4211 zaverint
476 4154 614 4209 iram
637 4153 690 4208 in
715 4152 804 4209 die
825 4154 917 4208 ira:
940 4162 993 4209 et
1017 4152 1356 4209 revelationis
1372 4152 1503 4224 justi
1518 4154 1703 4225 judicii
1726 4154 1821 4212 Dei

229 4247 396 4319 (Rom.
427 4263 488 4313 it,
519 4243 599 4321 5),
628 4246 864 4317 gladium
894 4261 1047 4301 suum
1076 4245 1320 4303 vibrabit.

291 4343 378 4399 13.
421 4341 580 4416 [νει-ε.
630 4340 744 4414 l3]
787 4339 907 4395 Nisi
948 4340 1314 4406 convertimini,
1363 4340 1551 4412 inquit,
1593 4340 1820 4412 gladium

225 4451 363 4489 sam
380 4434 616 4489 uibrabit.
649 4433 833 4489 Potest
853 4433 966 4504 ipse
993 4436 1153 4489 homo
1183 4432 1491 4487 Dominicus
1519 4432 1593 4501 (ὁ)
1611 4432 1821 4503 gladius

228 4528 313 4583 Dei
346 4528 574 4598 intelligi
597 4527 679 4581 bis
711 4535 919 4595 acutus,
963 4526 1014 4582 id
1055 4536 1136 4582 est
1162 4526 1386 4594 framea,
1425 4542 1582 4596 quam
1612 4541 1715 4582 non
1742 4529 1821 4582 vi-

222 4618 393 4675 bravit
425 4621 604 4691 primo
631 4620 879 4685 adventu,
913 4619 1007 4676 sed
1040 4630 1289 4691 tanquam
1318 4620 1372 4675 in
1399 4620 1587 4691 vagina
1607 4621 1821 4676 humili-

226 4713 344 4768 tatis
373 4712 665 4768 abscondit
687 4733 700 4768 :
726 4712 955 4769 vibrabit
982 4723 1183 4779 autem,
1221 4728 1342 4768 cum
1375 4714 1425 4768 in
1458 4714 1696 4769 secundo
1727 4715 1820 4769 ad-

224 4816 380 4861 ventu
403 4806 634 4862 veniens
659 4805 902 4875 judicare
921 4807 1069 4861 vivos
1096 4815 1151 4863 et
1171 4816 1432 4873 mortuos,
1456 4806 1510 4860 in
1536 4806 1820 4864 manifesto

222 4899 512 4968 splendore
532 4898 790 4954 claritatis
810 4899 1112 4970 suaqjustis
1137 4900 1248 4955 suis
1266 4901 1465 4964 lumen,
1490 4910 1543 4956 et
1564 4905 1818 4958 terrores”

220 4991 397 5063 impiis
422 4992 748 5047 coruscabit.
793 4990 923 5045 Nam
953 4994 1003 5048 in
1041 4993 1160 5050 aliis
1182 4994 1596 5065 exemplaribus,
1631 5012 1726 5067 pro
1754 5013 1820 5054 eo

220 5082 361 5153 quod
399 5089 491 5137 est
514 5083 747 5154 gladium
771 5099 918 5137 suum
956 5084 1183 5150 vibrabit,
1214 5086 1459 5155 frameam
1481 5103 1627 5141 suam
1650 5088 1815 5159 splen-

221 5174 453 5244 diﬁcabit
506 5176 738 5247 positum
788 5184 871 5231 est
902 5193 917 5229 ε
949 5191 1055 5248 quo
1103 5178 1267 5233 verbo
1316 5180 1820 5238 convenientissitne

219 5267 509 5334 signiﬁcari
560 5268 793 5323 arbitror
838 5268 1079 5323 ultimum
1112 5269 1402 5325 Dominicas
1431 5270 1687 5326 claritatis
1717 5273 1817 5328 ad-

222 5373 474 5423 ventum;
509 5358 942 5431 quandoquidem
965 5375 1030 5415 ex
1052 5360 1219 5430 ipsius
1252 5377 1478 5431 persona
1506 5363 1821 5434 intelligitur

218 5454 364 5523 quod
394 5455 531 5507 alius
560 5454 799 5523 psalmus
828 5454 1019 5510 habet:
1042 5454 1246 5531 Libera,
1278 5455 1517 5527 Domine,
1554 5458 1616 5511 ab
1650 5459 1818 5529 impiis

239 5671 268 5681 η
285 5610 305 5643 ι
340 5615 482 5681 μη,
778 5616 833 5660 At
854 5616 931 5661 Er.
958 5619 1018 5681 et
1038 5611 1483 5681 Iss.,_mirds_te_riis.
1509 5616 1582 5666 sic
1605 5618 1749 5681 etiam
1773 5618 1821 5669 ln

219 5666 543 5783 Ἠ
567 5672 840 5736 ιιειίείοηε,
862 5686 908 5723 c.
943 5672 1026 5735 to,
1040 5666 1212 5738 angeli
1235 5675 1347 5726 mli
1374 5676 1535 5727 inﬁma
1555 5666 1820 5730 ministeria

530 5795 711 5861 liuidae
733 5802 779 5847 et
798 5802 1004 5861 terrore.
1030 5807 1085 5850 At
1102 5806 1231 5861 Mss,
1249 5798 1412 5852 lumen
1427 5808 1473 5853 et
1497 5808 1722 5855 terrores.

286 5857 367 5982 fg)
400 5865 566 5913 Graec"
590 5857 670 5909 me
688 5860 838 5923 orgén
859 5860 1059 5928 epagon.

397 5927 658 5973 IRetracL.
685 5935 790 5982 cap.
820 5921 892 5972 19.

448 5930 615 5991 tetract
625 5960 634 5967 .
644 5957 658 5973 .
685 5935 790 5984 cap.
820 5930 892 5972 19.

425 6006 657 6070 Ssucr.
704 6009 981 6070 Auousr.
1031 6006 1133 6071 IV.

1321 421 1713 479 ENARRA'I‘IO
1744 420 1808 477 ΙΝ
1850 421 2167 478 I‘SALMUM
2209 420 2314 477 VII.

1913 556 2135 610 animam
2173 572 2336 610 meam
2356 596 2373 623 ,
2404 555 2650 625 frameam
2674 564 2811 608 tuam
2833 554 2896 608 ab
2931 553 3146 608 inimicis
3171 569 3349 608 manus
3387 561 3489 608 tua

1914 644 2083 716 (Psal.
2107 662 2194 702 xvr
2213 689 2229 714 ,
2261 645 2371 718 I3).
2398 645 2584 700 Arcum
2602 663 2748 701 suum
2770 646 2973 701 tetendit
2998 687 3011 709 ,
3040 655 3086 699 et
3107 646 3299 716 paravit
3321 644 3488 699 illum.

1909 738 2022 794 Non
2041 740 2234 812 passim
2254 740 2534 796 verborum
2558 750 2791 810 tempora
2813 735 3178 809 praetereunda
3196 747 3339 800 sunt,
3352 736 3493 806 quod

1908 829 2141 900 gladium
2170 831 2238 887 de
2258 830 2432 887 futuro
2457 831 2607 898 dixit,
2637 831 2848 886 oibrabit
2865 846 2887 897 ;
2906 846 3082 885 arcum
3107 828 3174 885 de
3200 828 3491 900 prmterito,

1911 921 2116 975 tetendit
2161 936 2183 977 :
2235 920 2427 979 deinde
2484 922 2736 993 praeteriti
2788 921 3041 995 temporis
3098 928 3496 991 consequuntur

1910 1013 2091 1068 verba.

1986 1106 2069 1160 Η.
2092 1102 2241 1179 [vers.
2262 1105 2373 1180 14.]
2393 1106 2458 1161 Et
2483 1108 2534 1162 in
2556 1108 2668 1179 ipso
2688 1108 2884 1180 paravit
2909 1124 3029 1163 uasa
3047 1107 3221 1162 mortis
3243 1123 3261 1163 :
3287 1108 3497 1179 sagittas

1910 1212 2029 1251 suas
2058 1197 2345 1253 ardentibus
2366 1211 2601 1271 operatus
2624 1209 2716 1257 est.
2746 1202 2939 1256 Arcum
2972 1216 3100 1273 ergo
3126 1201 3319 1264 istum,
3349 1198 3495 1255 Scri-

1911 1298 2093 1357 pturas
2134 1298 2343 1345 sanctas
2382 1289 2611 1348 libenter
2664 1294 2959 1364 acceperim
2993 1335 3008 1359 ,
3056 1293 3146 1348 ubi
3192 1292 3498 1348 fortitudine

1912 1379 2043 1435 Novi
2072 1380 2399 1439 Testamenti
2418 1426 2431 1449 ,
2462 1385 2612 1455 quasi
2637 1400 2803 1442 nervo
2831 1385 3059 1457 quodam
3085 1427 3101 1454 ,
3122 1385 3313 1441 duritia
3345 1385 3500 1441 Vete-

1910 1471 1983 1527 ris
2011 1472 2145 1527 llexa
2171 1484 2224 1529 et
2253 1475 2486 1531 edomita
2516 1486 2619 1532 est.
2652 1477 2786 1533 Hinc
2816 1486 3063 1549 tanquam
3092 1479 3296 1549 sagitta:
3331 1478 3495 1533 emit-

1913 1572 2095 1619 tuntur
2120 1568 2383 1637 Apostoli,
2410 1569 2490 1624 vel
2517 1568 2691 1624 divina
2724 1574 2985 1639 praeconia
3012 1569 3169 1640 jacul:
3192 1578 3331 1624 ntur.
3354 1569 3499 1638 Quas

1911 1659 2130 1728 sagittas
2154 1660 2445 1716 ardentibus
2471 1671 2706 1734 aperatus
2734 1672 2825 1729 est,
2846 1662 2896 1717 id
2920 1671 3023 1729 est,
3049 1663 3135 1733 qui
3151 1680 3238 1718 aus
3260 1673 3500 1732 percuss.

1912 1749 2091 1806 divino
2135 1768 2317 1810 amore
2360 1754 2662 1825 ﬂagrarent.
2696 1755 2808 1823 Qua
2839 1756 2979 1809 enim
3022 1756 3123 1811 alia
3162 1757 3349 1826 sagitta
3380 1771 3502 1826 per-

1912 1858 2066 1899 cussa
2091 1854 2212 1914 est,
2243 1861 2361 1916 quae
2386 1846 2511 1903 dicit
2545 1866 2557 1902 :
2587 1846 2820 1902 lnducite
2846 1864 2923 1901 me
2942 1848 2993 1902 in
3014 1849 3219 1901 domum
3234 1848 3355 1914 vini,
3380 1863 3502 1902 con-

1912 1937 2101 1991 stituite
2134 1954 2212 1991 me
2243 1938 2375 1992 inter
2399 1947 2652 2010 unguenta
2675 1981 2690 2006 ,
2719 1939 2997 2010 constipate
3024 1955 3104 1993 me
3130 1939 3260 1993 inter
3286 1936 3438 1991 mella
3462 1939 3502 2004 ις

1913 2029 2150 2099 quoniam
2186 2030 2449 2085 vulnerata
2490 2030 2734 2085 charitate
2778 2048 2866 2103 ego
2908 2048 3020 2086 sum
3038 2029 3211 2109 (Cant.
3235 2045 3289 2096 ιι,
3320 2031 3374 2085 4.
3402 2046 3502 2085 sec.

1914 2119 2119 2193 LXX)?
2148 2122 2352 2192 Quibus
2377 2124 2494 2179 aliis
2521 2126 2726 2196 sagittis
2749 2124 3056 2181 accenditur
3078 2167 3092 2190 ,
3126 2124 3215 2195 qui
3242 2123 3416 2179 redire
3438 2122 3504 2181 ad

1916 2212 2085 2268 Deum
2107 2215 2328 2285 cupiens
2351 2227 2404 2271 et
2430 2216 2498 2271 ab
2528 2220 2625 2272 ista
2657 2216 3086 2288 peregrinatione
3111 2232 3351 2273 remeare
3370 2257 3384 2281 ,
3414 2214 3507 2270 ad-

1917 2321 2105 2363 versus
2130 2307 2345 2366 dolosas
2372 2310 2577 2380 linguas
2622 2310 2753 2380 petit
2792 2310 3047 2364 auxilium
3068 2350 3084 2376 ,
3117 2318 3170 2365 et
3195 2309 3244 2365 ei
3269 2308 3461 2363 dicitur
3491 2326 3506 2363 :

1919 2397 2055 2466 Quid
2083 2399 2227 2455 detur
2251 2401 2359 2468 tibi,
2380 2412 2465 2456 aut
2492 2402 2615 2473 quid
2628 2402 2901 2474 adjiciatur
2925 2402 3013 2456 tibi
3028 2402 3266 2457 adversus
3285 2402 3509 2473 linguam

1917 2490 2191 2548 dolosam?
2212 2493 2426 2567 Sugitur
2449 2496 2664 2567 potentis
2691 2505 2870 2563 acutw,
2900 2512 3014 2549 cum
3036 2493 3333 2549 carbonibus
3354 2503 3511 2549 vaste-

1917 2588 2107 2645 toribus
2138 2587 2306 2661 (Psal.
2334 2605 2475 2654 cxtx,
2504 2591 2557 2658 '5,
2579 2590 2639 2662 4)
2663 2608 2677 2642 :
2702 2589 2756 2646 id
2777 2600 2879 2655 est,
2902 2589 3093 2660 quibus
3126 2603 3409 2659 percussus
3434 2589 3489 2643 at

1917 2696 2023 2752 que
2049 2680 2410 2737 inﬂammatus
2441 2690 2587 2737 tanto
2615 2696 2796 2738 amore
2824 2680 3015 2736 ardeas
3043 2681 3188 2752 regni
3214 2681 3470 2737 caelorum
3492 2719 3510 2747 ,

1918 2779 1977 2827 ut
2026 2772 2262 2828 omnium
2320 2773 2680 2829 resistentium
2732 2782 2785 2828 et
2836 2788 2868 2827 a
2931 2772 3206 2843 proposito
3263 2785 3513 2827 revocare

1919 2863 2207 2919 volentium
2233 2864 2437 2935 linguas
2464 2872 2775 2919 contemnas
2798 2905 2814 2930 ,
2834 2872 2887 2918 et
2908 2862 3301 2931 persecutiones
3328 2875 3514 2917 eorum

1919 2953 2165 3011 derideas
2191 2998 2205 3020 ,
2234 2954 2418 3011 dicens
2448 2973 2461 3010 :
2496 2955 2622 3019 Quis
2648 2971 2727 3010 me
2747 2954 2995 3025 separabit
3032 2970 3064 3006 a
3093 2953 3336 3007 claaritale
3364 2952 3514 3007 Chri-

1918 3044 2018 3100 sti?
2051 3041 2354 3113 Tribulatio,
2398 3061 2465 3098 an
2504 3044 2735 3115 angustia
2758 3085 2775 3112 ,
2797 3060 2864 3097 an
2903 3042 3208 3115 persecutio,
3231 3060 3298 3096 an
3333 3044 3513 3113 fames,

1919 3150 1988 3190 an
2012 3135 2237 3203 nuditas,
2256 3153 2323 3190 an
2350 3135 2648 3206 periculum,
2668 3153 2735 3190 an
2763 3135 3006 3207 gladius?
3027 3134 3203 3189 Certus
3224 3151 3338 3189 sum
3358 3134 3512 3200 enim,

1922 3225 2114 3297 inquit,
2138 3226 2257 3298 quia
2288 3242 2445 3297 neque
2468 3244 2624 3294 mors,
2656 3243 2813 3297 neque
2836 3227 2957 3291 vita,
2986 3243 3142 3298 neque
3166 3227 3396 3298 angelus.
3427 3243 3518 3281 ne-

1920 3334 2017 3389 que
2062 3320 2406 3390 principatus,
2435 3336 2592 3389 neque
2619 3319 2915 3390 praesentia,
2942 3336 3097 3389 neque
3133 3321 3337 3391 futura,
3363 3333 3517 3389 neque

1922 3411 2100 3477 virtus,
2122 3429 2279 3483 neque
2302 3412 2537 3475 altitudo,
2572 3429 2729 3481 neque
2751 3412 3082 3483 profundum,
3102 3429 3259 3480 neque
3280 3422 3516 3465 creatura

1922 3506 2029 3558 alia
2073 3506 2257 3575 poten't
2297 3521 2390 3559 nos
2425 3520 2663 3575 separare
2697 3522 2729 3557 a
2772 3506 3015 3558 clmritate
3045 3503 3174 3570 Dei,
3202 3520 3314 3574 qua:
3341 3513 3415 3557 est
3462 3506 3518 3558 in

1925 3595 2126 3650 Christo
2170 3593 2295 3650 Jesu
2320 3594 2541 3649 Domino
2570 3606 2740 3649 nostro
2768 3594 2942 3667 (Rom.
2967 3611 3056 3649 vut
3080 3635 3094 3662 ,
3118 3596 3187 3650 55
3211 3634 3227 3661 ,
3251 3594 3319 3651 58
3342 3636 3356 3659 ,
3393 3593 3510 3665 59).

1923 3688 2011 3744 Sic
2059 3687 2370 3744 ardentibus
2416 3689 2633 3759 sagittas
2677 3703 2800 3743 suas
2839 3696 3087 3759 operatus
3129 3695 3257 3742 est:
3291 3702 3415 3740 nam
3460 3686 3513 3741 in

1922 3785 2112 3855 grascis
2158 3783 2550 3854 exemplaribus
2579 3783 2650 3838 ita
2677 3782 2943 3838 invenitur
2966 3824 2978 3846 ,
3010 3780 3239 3853 Sagittas
3276 3798 3393 3837 suas
3422 3798 3512 3834 ar-

1924 3880 2152 3934 dentibus
2188 3890 2423 3949 operatus
2451 3890 2566 3944 est;
2589 3878 2747 3933 latina
2788 3886 2964 3933 autem
3001 3877 3234 3930 ardentes
3266 3879 3513 3946 pleraque

1925 3970 2142 4027 habent.
2175 3971 2281 4027 Sed
2302 4014 2318 4037 ,
2345 3973 2459 4027 sive
2487 3972 2614 4041 ipsze
2657 3972 2872 4042 sagittae,
2903 3970 3126 4026 ardeant
3150 4013 3163 4036 ,
3186 3970 3298 4024 sive
3323 3970 3515 4025 ardere

1926 4063 2142 4130 faciant,
2166 4063 2307 4135 quod
2336 4064 2516 4134 utique
2536 4079 2641 4137 non
2669 4074 2892 4135 possunt
2919 4064 3019 4120 nisi
3041 4071 3096 4120 et
3121 4064 3249 4135 ipsa:
3269 4064 3515 4134 ardeant,

1926 4155 2131 4226 integer
2150 4170 2340 4212 sensus
2363 4164 2464 4211 est.
2824 4226 2829 4229 _
3244 4216 3257 4226 ί

2002 4247 2090 4302 l5.
2133 4246 2238 4303 Sed
2268 4247 2395 4327 quia
2423 4261 2527 4302 non
2557 4248 2776 4318 sagittas
2806 4255 3042 4315 tantum,
3070 4249 3166 4302 sed
3202 4248 3361 4303 etiam
3394 4264 3516 4304 vasa

1924 4339 2100 4393 mortis
2126 4338 2258 4393 dixit
2285 4338 2337 4393 in
2381 4354 2512 4394 arcu
2541 4340 2822 4394 Dominum
2849 4354 3064 4409 parasse
3087 4381 3102 4405 ,
3128 4341 3295 4408 quaeri
3334 4347 3513 4411 potest

1924 4445 2043 4500 qua:
2063 4429 2172 4483 sint
2197 4443 2323 4483 vasa
2349 4431 2558 4483 mortis.
2591 4430 2671 4482 An
2697 4427 2833 4483 forte
2856 4414 3094 4483 haeretici
3118 4428 3140 4481 ἲ
3165 4428 3295 4483 Nam
3325 4439 3380 4484 et
3412 4429 3513 4498 ipsi

1925 4534 1990 4573 ex
2020 4518 2208 4574 eodem
2237 4533 2386 4584 arcu,
2410 4518 2462 4573 id
2485 4528 2589 4585 est,
2606 4534 2672 4574 ex
2696 4518 2896 4573 eisdem
2922 4518 3208 4588 Scripturis
3234 4518 3285 4574 in
3307 4519 3514 4575 animas

1924 4624 2030 4665 nou
2056 4608 2313 4666 charitate
2342 4609 2744 4665 inllammandas
2763 4652 2778 4677 ,
2809 4609 2904 4665 sed
2936 4609 3154 4665 venenis
3183 4610 3518 4691 perimendas

1926 4702 2184 4767 insiliunt,
2208 4701 2353 4771 quod
2379 4718 2484 4757 non
2509 4702 2769 4773 contingit
2790 4702 2889 4757 nisi
2909 4717 3004 4772 pro
3019 4702 3243 4756 meritis.
3268 4702 3520 4771 Propterv

1924 4811 1986 4851 ea
2021 4794 2215 4850 divinae
2252 4795 2613 4851 Providentiae
2638 4796 2796 4851 etiam
2815 4795 2911 4849 ista
2934 4795 3212 4865 dispositio
3239 4795 3515 4851 tribuenda

1924 4894 2007 4941 est
2028 4928 2043 4951 ,
2077 4901 2180 4941 non
2206 4888 2327 4956 quia
2358 4886 2469 4957 ipsa
2500 4896 2804 4956 peccatores
2836 4883 2990 4951 facit,
3017 4886 3111 4942 sed
3139 4888 3258 4956 quia
3286 4890 3397 4957 ipsa
3424 4903 3516 4942 or-

1923 4978 2071 5032 dinat
2094 4993 2216 5039 cum
2242 4959 2578 5048 peccaverin't
2601 4997 2613 5031 :
2647 4980 2788 5033 malo
2809 4979 2950 5033 enim
2974 4988 3096 5034 voto
3124 4995 3218 5049 per
3235 4994 3511 5050 peccatum

1924 5068 2158 5138 legentes
2180 5110 2195 5137 ,
2218 5070 2356 5124 male
2384 5079 2643 5140 coguntur
2668 5070 2963 5142 intelligere
2986 5112 2999 5133 ,
3028 5080 3086 5125 ut
3121 5072 3229 5140 ipsa
3260 5074 3329 5126 sit
3360 5088 3517 5143 paena

1924 5160 2145 5228 peccati;
2170 5175 2395 5230 quorum
2418 5170 2595 5217 tamen
2618 5171 2789 5217 morte
2813 5162 2903 5216 lilii
2931 5162 3206 5218 catholicae
3236 5163 3509 5233 Ecclesite,

1926 5262 2171 5323 tanquam
2212 5254 2524 5323 quibusdam
2555 5256 2756 5325 spinis,
2787 5270 2818 5309 a
2864 5270 3055 5311 somno
3101 5257 3433 5322 excitantur,
3461 5265 3509 5312 e'

1924 5348 1989 5397 ad
2017 5344 2415 5414 intelligentiam
2453 5344 2749 5399 divinarum
2775 5345 3170 5416 Scripturarum
3204 5346 3488 5417 proliciunt

1928 5434 2138 5506 Oportet
2162 5436 2294 5488 enim
2317 5444 2363 5489 et
2390 5435 2602 5491 lia'reses
2622 5454 2727 5492 esse
2748 5478 2764 5505 ,
2790 5447 2841 5491 ut
2871 5436 3067 5507 probati
3092 5479 3105 5502 ,
3130 5438 3316 5507 inquit,
3346 5437 3514 5489 mani-

1925 5528 2039 5600 festi
2063 5529 2188 5597 fiant
2217 5529 2345 5582 inter
2372 5546 2455 5584 vos
2483 5528 2502 5603 (
2527 5528 2550 5584 ι
2580 5531 2695 5585 Cor.
2728 5546 2780 5585 xt
2803 5572 2817 5596 ,
2851 5530 2979 5602 l9),
3008 5530 3111 5587 hoc
3140 5538 3221 5585 est
3247 5530 3385 5585 inter
3416 5530 3515 5585 lio-

1927 5620 2124 5684 mines,
2155 5635 2275 5675 cum
2307 5621 2572 5675 manifesti
2600 5623 2706 5676 sint
2734 5624 2863 5678 Deo.
2889 5625 2968 5677 An
3002 5621 3138 5677 forte
3163 5619 3379 5676 easdem
3419 5636 3506 5677 sa~

1924 5712 2079 5782 gittas
2099 5722 2152 5767 et
2172 5727 2296 5767 vasa
2315 5714 2500 5768 mortis
2521 5712 2782 5784 disposuit
2797 5714 2863 5768 ad
2883 5714 3169 5784 perniciem
3194 5711 3510 5784 inlidelium,

1989 5906 2006 5941 ι
2031 5913 2175 5960 [forte
2191 5940 2207 5972 ,
2231 5910 2374 5961 mala.

2833 5998 3145 6073 (Quatreq
