4042 6456
504 422 599 478 Hi
1739 407 1797 463 S.
1841 399 2205 462 AUGUSTINI
2248 399 2554 457 EPlSCOPl

499 540 550 585 ta
577 539 678 594 est,
707 530 759 584 in
785 542 887 599 qua
909 526 1055 583 salus
1079 534 1160 582 est
1180 524 1323 580 omni
1350 520 1591 579 credenti
1623 536 1636 574 :
1667 528 1727 575 ut
1764 520 2081 576 auctoritate

498 631 799 678 commotus
833 620 850 652 ί
910 617 1187 689 praeceptis
1251 615 1538 679 inserviat,
1594 612 1783 684 quibus
1833 618 2084 682 purgatus

500 712 861 783 unuSquisque
886 719 941 766 et
964 711 1017 765 in
1042 709 1303 765 charitate
1344 706 1607 762 radicatus
1644 713 1804 775 atque
1835 700 2085 757 fundatus

500 806 666 877 possit
690 819 911 861 currere
929 819 1051 860 cum
1069 804 1286 868 sanctis,
1311 817 1415 855 non
1432 799 1543 871 jam
1572 798 1824 871 parvulus
1850 796 1903 850 in
1925 795 2081 859 lacte,

500 897 593 953 sed
618 897 830 969 juvenis
855 898 906 952 in
932 896 1072 960 cibo,
1102 893 1555 966 comprehendere
1584 890 1937 953 latitudinem,
1968 887 2085 940 lou-

497 991 810 1062 gitudiuem,
833 990 1164 1046 altitudinem
1197 999 1250 1043 et
1270 987 1610 1059 profundum,
1638 985 1776 1039 scire
1806 982 1963 1037 etiam
1996 995 2086 1034 su—

497 1085 917 1153 pereminentem
966 1083 1244 1139 scientiam
1297 1078 1567 1136 charitatis
1619 1076 1817 1134 Christi
1866 1073 2079 1146 (Ep/tes.

495 1189 574 1239 Ill,
605 1175 692 1242 18,
722 1173 833 1246 19).

568 1264 622 1319 6.
651 1263 736 1319 Ea:
764 1280 848 1319 ore
874 1265 1146 1336 infantium
1174 1270 1218 1316 et
1247 1261 1538 1316 laetantium
1573 1258 1827 1332 perfeciin
1860 1256 2081 1324 laudent,

497 1365 701 1428 propter
719 1357 946 1411 inimicos
974 1365 1103 1409 tuos.
1135 1353 1381 1408 Inimicos
1404 1352 1527 1406 huic
1551 1348 1938 1419 dispensationi
1964 1346 2082 1418 qua?

495 1452 631 1506 facta
661 1459 743 1507 est
769 1467 863 1521 per
891 1449 1074 1505 Jesum
1127 1446 1420 1514 Christum,
1467 1454 1520 1501 et
1560 1444 1703 1499 hunc
1749 1443 2079 1509 cruciﬁxum,

495 1545 812 1617 generaliter
841 1545 1084 1615 accipere
1113 1541 1370 1597 debemus
1396 1555 1584 1596 omnes
1608 1539 1697 1610 qui
1745 1546 1925 1593 vetant
1962 1552 2083 1590 cre-

494 1634 623 1691 dere
653 1634 938 1706 incognita,
968 1642 1023 1688 et
1049 1642 1246 1688 certam
1275 1632 1551 1687 scientiam
1570 1629 1924 1701 pollicentur;
1948 1626 2087 1681 sicut
2113 1623 2117 1627 Α

493 1726 694 1784 faciunt
741 1727 977 1783 hteretici
1011 1728 1265 1789 universi,
1316 1734 1369 1781 et
1399 1725 1473 1778 illi
1499 1724 1588 1795 qui
1622 1724 1674 1777 in
1704 1720 2084 1791 supersritione

492 1822 772 1893 gentilium
805 1819 1113 1891 philosophi
1142 1818 1503 1872 nominantur.
1530 1815 1647 1870 Non
1677 1814 1816 1886 quod
1846 1813 2085 1868 scientiae

491 1914 801 1985 pollicitatio
824 1910 1262 1982 reprehendenda
1284 1910 1387 1975 sit;
1407 1908 1501 1963 sed
1521 1907 1663 1978 quod
1692 1905 1911 1977 gradum
1939 1905 2086 1960 salu-

492 2006 785 2062 berrimum
805 2014 860 2061 et
890 2005 1250 2060 necessarium
1298 2002 1419 2057 ﬁdei
1446 2000 1820 2073 negligendum
1875 2008 2082 2070 putant,

490 2112 586 2168 per
614 2113 772 2169 quem
803 2097 857 2152 in
885 2095 1081 2167 aliquid
1109 2104 1335 2159 certum,
1367 2092 1511 2163 quod
1536 2107 1656 2148 esse
1696 2092 1798 2147 nisi
1826 2099 2084 2146 aeternum

493 2205 600 2245 non
650 2197 843 2259 potest,
893 2196 1107 2258 oportet
1149 2186 1384 2243 ascendi.
1422 2185 1555 2240 Hinc
1584 2200 1677 2240 eos
1726 2192 1942 2254 apparet
1988 2197 2086 2237 nec

494 2280 665 2352 ipsam
696 2280 971 2337 scientiam
1001 2279 1221 2344 habere,
1255 2294 1413 2349 quam
1440 2286 1747 2347 contempta
1776 2276 1880 2331 ﬁde
1928 2274 2084 2345 polli-

492 2383 714 2439 centur;
745 2373 867 2443 quia
896 2382 1001 2426 tam
1028 2372 1209 2426 utilem
1239 2386 1302 2425 ac
1334 2370 1694 2425 necessarium
1725 2366 1947 2438 gradum
1970 2365 2085 2435 ejus

492 2467 758 2537 ignorant.
794 2464 875 2520 Ea:
898 2470 983 2519 ore
1012 2480 1139 2535 ergo
1158 2464 1431 2533 infantium
1452 2471 1500 2517 et
1527 2462 1815 2517 lactentium
1834 2460 2084 2531 perfecit’

494 2558 697 2612 laudem
721 2557 975 2612 Dominus
1006 2566 1207 2618 noster,
1237 2553 1495 2609 mandans
1520 2553 1695 2624 primo
1727 2567 1820 2622 per
1849 2551 2088 2620 PrOphe-

494 2658 622 2711 tam,
654 2648 774 2705 Nisi
794 2649 1126 2713 credideritis,
1150 2665 1251 2702 non
1280 2647 1567 2718 intelligetis
1601 2641 1747 2716 (Isai.
1784 2660 1873 2708 vu,
1903 2643 1959 2708 9,
1984 2660 2082 2697 sec.

492 2738 680 2810 LXX),
709 2747 763 2796 et
791 2739 907 2810 ipse
931 2754 1166 2809 praesens
1222 2738 1426 2802 dicens,
1478 2734 1623 2789 Beati
1668 2735 1753 2805 qui
1800 2752 1901 2788 non
1945 2734 2086 2788 vide-

409 2837 416 2849 '
497 2842 615 2888 runt
643 2843 690 2888 et
718 2832 956 2887 credituri
982 2840 1096 2887 sunt
1111 2832 1291 2901 (Joan.
1324 2846 1422 2898 xx,
1456 2829 1567 2900 19).
1590 2827 1806 2899 Propter
1826 2827 2085 2882 inimicos:

492 2936 679 2981 contra
703 2941 838 2997 quos
864 2926 1023 2981 etiam
1055 2924 1185 2979 illud
1216 2924 1411 2978 dicitur
1440 2940 1452 2976 :
1482 2919 1736 2990 Conﬁteor
1766 2918 1871 2985 tibi,
1906 2918 2084 2972 Domi-

492 3038 554 3075 ne
582 3020 694 3074 caeli
721 3028 769 3074 et
797 3027 970 3086 terra,
998 3019 1118 3087 quia
1146 3014 1456 3071 abscondisti
1484 3014 1589 3067 htzc
1615 3029 1648 3065 a
1675 3010 2007 3082 sapientibus,
2040 3017 2086 3064 et

490 3111 719 3165 revelasti
765 3128 825 3165 ea
874 3110 1097 3179 parvulis
1144 3107 1354 3179 (Matth.
1398 3121 1472 3169 ιι,
1521 3102 1641 3175 25).
1688 3106 1731 3157 Α
1758 3103 2086 3174 sapientibus

492 3204 636 3257 enim
665 3202 821 3269 dixit,
855 3216 958 3255 non
1005 3200 1096 3270 qui
1126 3198 1396 3267 sapientes
1426 3204 1570 3262 sunt,
1603 3192 1697 3249 sed
1725 3194 1814 3265 qui
1862 3208 1981 3249 esse
2027 3207 2087 3249 se

490 3305 700 3366 putant.
740 3293 809 3350 Ut
830 3296 1061 3348 destruas
1082 3291 1342 3344 inimicum
1361 3298 1408 3343 et
1433 3288 1748 3360 defensorem
1768 3285 1863 3358 (a).
1888 3285 2082 3353 Quem,

494 3387 599 3443 nisi
620 3386 969 3442 hacreticum?
995 3384 1125 3438 Nam
1172 3391 1225 3437 et
1255 3383 1368 3452 ipse
1388 3390 1472 3437 est
1511 3379 1755 3452 inimicus
1803 3388 1857 3433 et
1904 3375 2087 3431 del‘en—

494 3496 605 3546 sor,
638 3480 726 3552 qui
775 3477 931 3535 ﬁdem
976 3476 1321 3532 christianum
1365 3489 1489 3529 cum
1538 3481 1829 3544 Oppugnet,
1880 3471 2087 3527 videtur

494 3570 805 3627 defendere.
834 3569 1146 3638 Quanquam
1186 3566 1347 3620 etiam
1373 3564 1678 3636 philosophi
1719 3564 1874 3632 hujus
1900 3561 2085 3616 nnmdi

495 3664 633 3720 bene
664 3662 1028 3731 intelligantur
1052 3658 1255 3714 inimici
1275 3667 1329 3712 et
1373 3656 1684 3712 defensores
1710 3675 1725 3711 :
1755 3654 2086 3725 quandoqui-

493 3754 617 3813 dem
669 3754 835 3809 Filius
881 3753 973 3808 Dei
1024 3750 1209 3806 Virtus
1250 3758 1304 3805 et
1349 3747 1620 3818 Sapientia
1667 3747 1757 3801 Dei
1811 3756 1927 3812 est,
1981 3759 2084 3815 qua

494 3849 788 3904 illustratur
816 3843 989 3900 omnis
1035 3842 1276 3915 quisquis
1323 3842 1545 3896 veritate
1585 3840 1796 3911 sapiens
1818 3838 2083 3893 efﬁcitur.

495 3940 664 4011 Hujus
710 3939 785 3994 illi
814 3954 871 3994 se
900 3945 1166 3992 amatores
1208 3950 1327 3992 esse
1362 3934 1698 4005 proﬁtentur,
1743 3931 1884 3987 unde
1925 3931 2083 3987 etiam

499 4030 803 4103 philosophi
833 4031 1172 4086 nominantur
1205 4046 1217 4083 :
1244 4036 1299 4083 et
1328 4036 1612 4099 propterea
1660 4026 1805 4081 illam
1831 4025 2079 4080 videntur

500 4122 808 4187 defendere,
839 4137 960 4177 cum
990 4118 1188 4176 inimici
1215 4120 1322 4175 sint
1349 4119 1464 4189 ejus
1489 4134 1503 4184 ;
1532 4118 1781 4188 quoniam
1826 4118 2083 4187 supersti-

497 4216 670 4271 tiones
699 4215 906 4278 noxias,
932 4223 986 4268 ut
1016 4214 1257 4268 colantur
1285 4220 1339 4265 et
1368 4219 1688 4267 venerentur
1716 4208 1874 4279 hujus
1900 4209 2081 4264 mundi

499 4312 788 4374 elementa,
823 4306 1049 4361 suadere
1076 4320 1184 4359 non
1213 4311 1447 4359 cessant.

568 4401 622 4455 7.
670 4397 821 4473 [υεγε.
848 4398 924 4471 4].
966 4398 1219 4464 Quoniam
1245 4397 1419 4450 videbo
1445 4396 1595 4450 cmlos
1623 4403 1735 4449 tuos
1754 4394 1796 4459 ³,
1823 4410 1979 4465 Opera
2004 4394 2085 4448 di-

500 4496 719 4567 gitorum
733 4503 952 4547 tuorum.
981 4491 1228 4564 Legimus
1247 4491 1410 4561 digilo
1426 4490 1518 4544 Dei
1535 4489 1783 4558 scriptam
1798 4488 2015 4558 Legem,
2030 4495 2085 4542 et

497 4586 675 4640 datam
707 4599 801 4653 per
829 4583 1048 4654 Moysen
1077 4591 1318 4636 sanctum
1343 4594 1555 4634 servum
1576 4579 1691 4649 ejus
1712 4579 1903 4649 (Exod.
1931 4594 2078 4645 xxxr,

501 4678 597 4741 18;
618 4675 773 4731 Deut.
794 4692 866 4735 Ix,
894 4674 983 4746 l0)
1015 4693 1027 4727 :
1058 4690 1213 4745 quem
1239 4674 1461 4741 digitum
1489 4672 1582 4726 Dei
1610 4672 1762 4726 multi
1788 4673 2084 4741 intelligunt

497 4768 753 4839 Spiritum
782 4775 1045 4820 sanctum.
1072 4766 1407 4833 Quapropter
1426 4765 1469 4817 si
1496 4763 1688 4832 digitos
1717 4763 1832 4829 Dei,
1865 4764 2082 4819 eosdem

502 4861 648 4930 ipsos
674 4857 946 4912 ministros
969 4856 1167 4925 Spiritu
1190 4864 1374 4909 sancto
1397 4855 1649 4923 repletOs,
1673 4861 1889 4922 propter
1909 4855 2081 4923 ipsum

500 4952 755 5025 Spiritum
779 4951 947 5022 quiin
977 4951 1055 5005 eis
1098 4958 1371 5019 operatur,
1413 4959 1557 5002 recte
1596 4947 1905 5015 accipimus,
1951 4962 2086 5016 quo-

504 5047 647 5102 niam
678 5061 774 5118 per
803 5044 1019 5100 eosdem
1050 5043 1208 5098 nobis
1244 5042 1419 5096 omnis
1445 5040 1619 5095 divina
1653 5040 1925 5110 Scriptura
1952 5056 2082 5095 con-

498 5138 636 5195 fecta
666 5147 781 5205 est;
815 5137 1195 5193 convenienter
1233 5135 1576 5206 intelligimus
1624 5134 1724 5190 hoc
1767 5135 1886 5190 loco
1915 5134 2082 5191 caelos

564 5297 582 5328 ι
604 5281 715 5343 Am;
732 5298 808 5353 Er.
833 5299 886 5343 et
899 5289 1207 5353 plumam,
1230 5288 1555 5339 commonitus.

564 5358 586 5390 ³
609 5356 685 5406 sic
830 5348 914 5403 Er:
944 5360 997 5403 et
1033 5351 1215 5421 aliquot
1250 5358 1359 5400 Mss.
1390 5358 1444 5421 ξι
1485 5350 1641 5421 paulo
1664 5348 1817 5421 infra,
1858 5349 2112 5421 plerique’

499 5424 610 5469 Ias.
630 5452 646 5478 ,
672 5423 719 5482 et
761 5414 863 5482 ipse
892 5410 1333 5480 prwsetts'dtcens,
1371 5419 1467 5463 etc.
1485 5410 1826 5476 '[perfecisti...
1858 5410 1960 5475 ipse
1995 5410 2083 5477 per

501 5487 845 5591 “gafndecim
866 5547 971 5611 Mss.
996 5538 1240 5597 omittunt,
1266 5541 1370 5587 tuos
1399 5548 1547 5600 :qua:
1569 5535 1770 5601 quidem
1802 5535 2032 5609 particula
2055 5549 2085 5586 ι

502 5609 615 5648 Lxx
638 5604 1017 5648 intenretatione
1040 5600 1241 5648 aberat:
1267 5598 1354 5647 sed
1383 5606 1490 5648 post
1527 5611 1588 5647 ex
1620 5597 1959 5648 Theodotioms
1978 5599 2083 5648 edi-

502 5609 616 5653 Lxx
638 5602 1025 5666 intepretatione
1040 5600 1241 5666 aberat;
1267 5598 1354 5647 sed

1396 5661 1493 5712 cuti
1515 5661 1658 5711 docet
1681 5662 2011 5724 Hieronymus,
2034 5662 2084 5712 in

503 5666 641 5715 tione
656 5661 923 5716 fuit'addita
954 5662 1048 5712 sub
1077 5661 1330 5722 asterisco,

672 5726 779 5787 155,
803 5724 863 5776 ad
883 5725 1089 5774 Suniam.

569 5787 643 5851 (ᾳ)
668 5783 1003 5851 nanepartem
1020 5797 1151 5837 vers.
1161 5783 1203 5851 _3
1216 5790 1393 5851 tractat
1415 5786 1532 5851 item
1548 5784 1848 5851 Augustinus
1868 5786 1918 5851 in
1942 5790 2079 5851 mar.

651 5863 730 5909 cu,
748 5845 921 5913 ibi'que
936 5862 1042 5913 pro,
1068 5853 1116 5913 et
1138 5845 1452 5913 defensorem,
1467 5847 1582 5899 dicit
1611 5845 1853 5899 nonnullis
1881 5848 1932 5898 in
1953 5846 2084 5898 codi-

506 5911 646 5963 cibus
668 5907 1039 5975 verius'hab'eri,
1061 5912 1107 5963 et
1127 5907 1341 5963 ultorem.

936 6002 945 6019 ³
1030 6010 1071 6054 ο

3666 394 3779 453 MS

2190 514 2363 571 dictos
2392 517 2555 573 libros
2582 515 2856 586 utriusque
2881 511 3226 569 Testamenti.
3259 511 3466 567 Dictum
3494 519 3574 568 est
3599 521 3778 569 autem

2192 610 2349 664 etiam
2376 609 2443 665 de
2464 610 2582 680 ipso
2608 608 2787 679 Moyse
2813 622 2844 662 a
2898 607 3065 678 magis
3113 608 3254 678 regis
3286 605 3597 673 Pharaonis,
3651 621 3777 681 cum

2190 700 2257 755 ab
2284 716 2349 757 eo
2380 702 2615 773 superati
2656 709 2856 767 essent,
2889 698 3089 771 Digitus
3112 698 3209 754 Dei
3239 709 3311 754 est
3347 698 3427 753 hic
3448 698 3641 774 (Exod.
3660 715 3776 767 vm,

2195 792 2316 863 l9);
2347 803 2401 850 et
2430 794 2568 866 quod
2597 794 2850 865 scriptum
2889 801 2990 860 est,
3022 791 3215 848 Caelum
3243 790 3514 865 plicabitur
3554 794 3683 847 sicut
3710 792 3777 847 li-

2190 887 2275 941 ber
2321 887 2470 960 (Isai.
2530 904 2718 955 xxxrv,
2764 887 2842 959 4),
2878 888 3039 942 etiam
3075 887 3120 942 si
3150 886 3217 943 de
3245 887 3346 943 isto
3372 886 3606 943 subereo
3638 887 3780 943 caelo

2189 978 2387 1034 dictum
2419 988 2522 1049 est,
2546 996 2781 1053 congrue
2803 985 2982 1035 tamen
3010 996 3076 1036 ex
3092 978 3192 1036 hac
3220 980 3405 1038 eadem
3432 980 3780 1038 similitudine

2191 1073 2241 1125 in
2272 1073 2521 1144 allegoria
2548 1073 2803 1130 librorum
2830 1074 2950 1131 εωΙί
2971 1075 3332 1130 nominantur.
3361 1074 3615 1140 Quoniam
3641 1074 3779 1129 vide-

2191 1165 2272 1229 bo,
2319 1164 2510 1234 inquit,
2564 1166 2734 1230 caelos,
2784 1182 2936 1236 opera
2977 1166 3250 1237 digitorum
3295 1174 3495 1220 tuorum
3524 1182 3542 1219 :
3574 1165 3625 1220 id
3674 1175 3777 1231 est,

2191 1269 2407 1311 cernam
2479 1266 2533 1313 et
2595 1259 2880 1329 intelligam
2946 1259 3265 1330 Scripturas,
3340 1275 3472 1330 quas
3523 1270 3780 1331 operante

2191 1347 2392 1420 Spiritu
2416 1360 2600 1406 sancto
2634 1368 2729 1421 per
2755 1353 3026 1408 ministros
3056 1359 3174 1408 tuos
3213 1353 3598 1422 conscripsisti.

2260 1442 2315 1498 8.
2349 1442 2574 1498 Possunt
2624 1444 2799 1515 itaque
2842 1445 3000 1498 etiam
3045 1444 3288 1516 superius
3320 1445 3442 1500 εαξΙί
3497 1445 3778 1514 nominati,

2191 1536 2350 1593 iidem
2382 1536 2513 1593 libri
2550 1538 2739 1608 accipi,
2788 1538 2875 1593 ubi
2919 1538 3012 1605 ait,
3044 1537 3299 1606 Quoniam
3336 1538 3528 1593 elevata
3553 1548 3624 1593 est
3667 1556 3779 1592 ma-

2190 1629 2484 1700 gniﬁcentia
2510 1640 2597 1683 tua
2636 1646 2787 1701 super
2817 1630 3009 1694 caelos;
3048 1639 3104 1684 ut
3134 1639 3275 1685 totus
3319 1630 3419 1687 iste
3460 1631 3529 1686 sit
3567 1646 3777 1695 sensus,

2190 1725 2449 1791 Quoniam
2491 1723 2880 1795 magniﬁcentia
2925 1734 3010 1780 tua
3036 1724 3238 1780 elevata
3264 1733 3349 1780 est
3371 1741 3531 1795 super
3559 1725 3727 1780 oculos
3760 1744 3773 1779 :

2190 1816 2415 1872 Excedit
2440 1817 2583 1873 enim
2615 1817 3005 1888 magniﬁcentia
3026 1826 3113 1873 tua
3132 1817 3368 1874 omnium
3390 1818 3777 1889 Scripturarum

2191 1910 2440 1981 eloquia;
2492 1927 2555 1965 ex
2604 1926 2696 1965 ore
2745 1909 3021 1965 infantium
3072 1919 3125 1965 et
3170 1910 3477 1966 lactentimn
3509 1911 3776 1981 perfecisti

2190 2002 2422 2068 laudem,
2473 2012 2528 2056 ut
2566 2018 2597 2057 a
2646 2001 2750 2057 ﬁde
2776 2001 3169 2072 Scripturarum
3218 2002 3533 2071 inciperent,
3561 2003 3648 2073 qui
3677 2018 3774 2056 cu-

2191 2094 2340 2162 piunt
2369 2092 2435 2147 ad
2481 2101 2585 2148 tua:
2615 2094 3026 2165 magniﬁcentiae
3065 2094 3305 2148 notitiam
3338 2094 3629 2163 pervenire,
3657 2109 3780 2163 quae

2191 2201 2355 2257 super
2382 2185 2691 2257 Scripturas
2720 2186 2924 2242 elevata
2952 2194 3055 2251 est,
3095 2186 3216 2257 quia
3247 2186 3435 2241 transit
3478 2194 3532 2240 et
3561 2192 3781 2255 superat

2191 2278 2427 2333 omnium
2461 2278 2745 2333 verborum
2770 2278 3178 2349 linguarumque
3208 2278 3494 2348 praaconia.
3547 2276 3781 2332 Inclina-

2190 2371 2267 2425 vit
2293 2385 2419 2440 ergo
2444 2370 2745 2441 Scripturas
2765 2370 2903 2425 Deus
2931 2386 3099 2441 usque
3114 2369 3180 2425 ad
3202 2369 3476 2425 infantiam
3497 2380 3552 2424 et
3575 2370 3778 2425 lacteu—

2193 2464 2321 2518 tium
2349 2462 2720 2532 capacitatem,
2767 2462 2903 2517 sicut
2940 2461 2992 2515 in
3038 2462 3144 2516 alio
3187 2461 3391 2532 psalmo
3441 2459 3782 2515 canitur:Et

2190 2557 2450 2611 inclinavit
2486 2557 2687 2623 caelum,
2715 2563 2761 2609 et
2780 2553 3036 2608 descendit
3068 2553 3236 2626 (Psal.
3263 2570 3390 2617 xvu.
3423 2552 3536 2625 l9).
3583 2553 3652 2607 Et
3677 2552 3782 2608 hoc

2191 2647 2322 2703 fecit
2348 2655 2567 2719 propter
2594 2647 2859 2706 inimicos.
2893 2646 2981 2715 qui
3010 2661 3104 2716 per
3133 2644 3436 2715 superbiam
3482 2644 3783 2715 loquacitaa

2199 2739 2305 2793 tis‘
2338 2738 2536 2793 inimici
2567 2737 2743 2793 crucis
2784 2735 3004 2801 Christi,
3060 2736 3218 2790 etiam
3263 2749 3385 2791 cum
3429 2735 3602 2805 aliqua
3651 2750 3782 2791 vera

2190 2831 2396 2897 dicunt,
2426 2829 2660 2901 parvulis
2703 2838 2880 2884 tamen
2919 2836 2974 2883 et
3010 2826 3324 2898 lactentibus
3365 2826 3619 2896 prodesse
3659 2840 3772 2881 non

2192 2934 2432 2996 possunt.
2465 2924 2539 2979 Ita
2564 2922 2859 2979 destruitur
2884 2920 3132 2975 inimicus
3160 2930 3216 2976 et
3244 2919 3512 2985 defensor,
3541 2919 3630 2989 qui
3657 2919 3779 2975 sive

2190 3016 2532 3088 sapientiam,
2576 3013 2687 3068 sive
2725 3013 2884 3069 etiam
2910 3010 3108 3067 Christi
3152 3026 3346 3066 nomen
3374 3010 3658 3066 defendere
3686 3011 3772 3064 vi—

2189 3108 2399 3174 deatur,
2452 3107 2519 3161 ab
2561 3103 2719 3174 hujus
2756 3112 2931 3158 tamen
2976 3102 3143 3175 gradu
3183 3102 3305 3157 ﬁdei
3352 3110 3619 3172 oppugnat
3656 3116 3779 3157 eam

2191 3201 2473 3257 veritatem
2519 3213 2677 3269 quam
2722 3197 3117 3267 promptissime
3146 3195 3441 3265 pollicetur.
3487 3194 3779 3264 Propterea

2190 3292 2349 3348 etiam
2382 3291 2525 3345 illam
2557 3305 2660 3345 non
2689 3288 2889 3344 habere
2909 3287 3275 3353 convincitur;
3308 3288 3428 3358 quia
3460 3303 3779 3359 oppugnan-

2189 3383 2259 3439 do
2282 3381 2503 3454 gradum
2546 3381 2682 3451 ejus,
2727 3380 2867 3451 quod
2911 3389 2993 3434 est
3029 3379 3181 3445 ﬁdes,
3231 3379 3677 3448 quemadmodum
3720 3380 3778 3434 in

2140 3486 2143 3493 ‘
2190 3491 2306 3533 eam
2338 3473 2748 3539 conscendatur,
2781 3472 3010 3542 ignorat.
3043 3472 3174 3525 llinc
3200 3486 3329 3542 ergo
3367 3471 3656 3527 destruitur
3696 3478 3781 3526 te-

2190 3568 2449 3623 merarius
2479 3576 2536 3621 et
2560 3580 2736 3621 caicus
2764 3564 3084 3634 pollicitator
3113 3564 3369 3629 veritatis,
3419 3564 3508 3634 qui
3546 3574 3626 3618 est
3674 3563 3780 3619 ini-

2190 3662 2359 3716 micus
2385 3668 2438 3716 et
2462 3659 2733 3723 defensor,
2768 3673 2887 3712 cum
2936 3657 3182 3712 videntur
3224 3657 3344 3712 εωιί
3386 3671 3547 3726 opera
3575 3656 3779 3727 digito-

2189 3770 2304 3809 rum
2357 3753 2472 3821 Dei,
2527 3751 2579 3807 id
2610 3762 2712 3816 est,
2755 3749 3122 3819 intelliguntur
3169 3748 3461 3819 Scriptura:
3506 3748 3780 3818 perductas

2192 3862 2355 3918 usque
2385 3846 2450 3901 ad
2474 3844 2751 3900 infantium
2779 3843 3103 3909 tarditatem,
3143 3852 3196 3897 et
3222 3858 3317 3898 eos
3365 3859 3459 3913 per
3506 3844 3783 3898 humilita-

2193 3947 2295 3992 tem
2343 3936 2608 3991 historicae
2658 3934 2802 3999 ﬁdei,
2834 3950 2952 4005 quze
2996 3934 3361 4015 temporaliter
3396 3944 3665 4015 gestaest,
3706 3935 3781 3990 ad

2190 4031 2568 4087 sublimitatem
2614 4029 2980 4099 intelligentiae
3022 4014 3201 4083 rerum
3251 4014 3568 4083 mternarum
3634 4027 3781 4083 bene

2188 4123 2419 4179 nutritos
2463 4130 2516 4176 et
2546 4121 2825 4176 roboratos
2854 4120 3061 4190 erigunt
3103 4120 3155 4174 in
3188 4134 3249 4174 ea
3272 4136 3389 4189 qua:
3432 4120 3778 4175 conﬁrmant.

2186 4214 2280 4271 lsti
2299 4214 2494 4285 quippe
2516 4212 2659 4280 cmli,
2690 4212 2740 4267 id
2766 4222 2847 4267 est
2876 4212 2963 4267 isti
2989 4211 3126 4277 libri,
3153 4226 3314 4281 opera
3341 4222 3464 4266 sunt
3487 4211 3781 4282 digitorum

2190 4308 2322 4375 Dei;
2356 4315 2541 4362 sancto
2565 4305 2761 4362 etenim
2787 4305 2985 4375 Spiritu
3029 4306 3080 4359 in
3108 4307 3305 4362 sanctis
3332 4316 3611 4378 operante,
3637 4322 3779 4363 con-

2189 4401 2313 4456 fecti
2342 4407 2467 4454 sunt
2492 4416 2507 4454 :
2533 4413 2655 4453 nam
2684 4398 2772 4467 qui
2801 4398 3025 4468 gloriam
3051 4412 3200 4452 suam
3231 4398 3405 4468 potius
3439 4415 3596 4467 quam
3625 4400 3779 4454 salu-

2189 4503 2294 4550 tem
2326 4493 2601 4549 hominum
2635 4490 2997 4555 attenderunt,
3038 4490 3155 4545 sine
3184 4490 3383 4561 Spiritu
3403 4501 3588 4547 sancto
3612 4492 3781 4548 locuti

2189 4595 2333 4650 sunt,
2364 4586 2415 4641 in
2443 4599 2550 4655 quo
2578 4592 2703 4639 sunt
2732 4584 2937 4638 viscera
2970 4582 3350 4638 misericordiae
3377 4583 3492 4638 Dei.
3824 4566 3829 4609 Ῑ

2260 4678 2313 4734 9.
2359 4677 2610 4744 Quoniam
2636 4676 2809 4730 videbo
2847 4676 3018 4741 ctrlos,
3065 4691 3219 4745 Opera
3245 4675 3518 4746 digitorum
3544 4687 3774 4744 tuorum,

2190 4770 2363 4824 lunam
2392 4778 2439 4823 et
2478 4769 2651 4823 stellas
2688 4784 2813 4839 quas
2853 4777 2908 4821 tu
2950 4768 3198 4839 fundasti.
3250 4768 3397 4822 Luna
3437 4777 3490 4823 et
3519 4768 3686 4822 stellae
3718 4769 3777 4823 in

2189 4861 2341 4915 caelis
2382 4868 2506 4914 sunt
2547 4857 2779 4913 fundatae
2807 4874 2820 4913 :
2850 4858 2973 4929 quia
2996 4867 3050 4913 et
3079 4858 3394 4912 universalis
3440 4858 3677 4914 Ecclesia
3719 4858 3781 4916 in

2190 4951 2342 5026 cujus
2376 4965 2520 5021 saepe
2549 4949 2939 5020 signiﬁcatione
2969 4949 3091 5002 luna
3123 4948 3357 5018 ponitur,
3383 4957 3437 5003 et
3479 4948 3780 5019 particula-

2193 5044 2284 5098 tim
2316 5058 2411 5113 per
2435 5042 2552 5098 loca
2582 5042 2789 5112 singula
2821 5041 3074 5096 Ecclesia:
3097 5055 3229 5111 quas
3248 5042 3465 5097 nomine
3491 5041 3773 5100 stellarum

2191 5136 2484 5192 insinuatas
2534 5136 2781 5201 arbitror,
2833 5135 2889 5190 in
2930 5133 3129 5190 eisdem
3158 5132 3450 5205 Scripturis
3499 5135 3783 5195 collocata:

2173 5237 2334 5295 'sunt,
2375 5244 2508 5300 quas
2545 5228 2805 5284 caelorum
2834 5227 3093 5281 vocabulo
3120 5227 3318 5297 positas
3347 5228 3634 5283 credimus.
3664 5229 3787 5285 Cur

2190 5332 2365 5376 autem
2398 5323 2522 5375 luna
2543 5334 2690 5375 recte
2717 5321 2979 5391 signiﬁcet
3005 5320 3318 5387 Ecclesium,
3346 5324 3701 5394 Opportunins
3723 5324 3780 5380 in

2191 5413 2298 5469 alio
2328 5414 2532 5483 psalmo
2558 5412 3005 5476 considerabitur,
3037 5413 3126 5467 ubi
3154 5414 3352 5469 dictum
3379 5426 3459 5470 cst
3485 5433 3497 5469 :
3530 5413 3787 5472 Peccatu-

2190 5523 2270 5561 res
2307 5505 2626 5559 intenderunt
2658 5521 2866 5575 arcum,
2919 5513 2971 5558 ut
3014 5505 3251 5575 sagittent
3293 5507 3348 5561 in
3385 5507 3601 5562 obscura
3652 5509 3789 5564 luna

2192 5606 2351 5653 rectos
2367 5595 2518 5650 corde
2540 5593 2708 5663 (Psal.
2740 5610 2799 5661 κ,
2822 5593 2898 5664 5).
3788 5588 3793 5591 ⁷

2263 5689 2353 5744 l0.
2396 5685 2546 5759 [vers.
2570 5685 2657 5759 '5.)
2699 5685 2835 5754 Quid
2863 5696 2936 5743 est
2978 5687 3149 5758 homo,
3186 5689 3310 5763 quia
3336 5706 3528 5747 memor
3554 5708 3606 5749 es
3634 5695 3783 5766 ejus;

2193 5845 2279 5974 pe;
2301 5839 3091 5971 acgmuperbatoaizacuan.
3122 5854 3176 5900 At
3199 5847 3319 5902 editi
3340 5847 3421 5904 alii
3460 5857 3513 5904 et
3541 5860 3669 5917 uss,
3694 5853 3781 5922 qui
