4042 6492
277 397 376 457 tta
478 364 495 373 ’

276 520 363 568 aut
391 511 535 583 ﬁlius
556 512 803 581 hominis,
831 513 1071 586 quoniam
1092 523 1146 568 tu
1169 513 1343 569 sisitas
1368 530 1483 570 eum
1502 516 1528 569 .’
1549 514 1686 584 Quid
1725 515 1865 571 inter

278 606 549 662 hominem
592 614 651 661 et
693 605 860 662 tilium
894 606 1123 661 hominis
1168 605 1350 674 distet,
1380 607 1545 677 quaeri
1584 614 1790 677 potest;
1820 606 1863 660 si

275 702 415 759 enim
456 699 593 756 nihil
637 699 883 767 distaret,
915 714 1019 755 non
1051 700 1119 755 ita
1148 709 1455 770 poneretur,
1484 700 1652 766 homo,
1684 707 1773 753 aut
1796 698 1863 767 [i-

276 794 373 847 lius
397 792 626 847 hominis
645 833 660 859 ,
687 807 789 863 per
805 791 1239 863 disiunctionem.
1265 791 1396 847 Nam
1423 791 1469 846 si
1497 791 1566 846 ita
1610 790 1863 862 scriptum

274 892 415 941 esset
448 901 462 937 :
492 883 638 952 Quid
681 892 767 940 est
814 883 974 939 homo
1018 884 1145 955 quia
1167 898 1372 938 memor
1394 899 1455 939 es
1476 882 1613 954 ejus,
1646 891 1699 939 et
1727 882 1864 937 illius

274 974 514 1030 hominis
551 974 806 1046 quoniam
849 973 1036 1029 visitas
1080 989 1237 1030 eum:
1265 976 1549 1046 repetitum
1597 973 1867 1029 videretur

273 1066 413 1138 quod
442 1066 649 1121 dictum
685 1075 788 1133 est,
824 1067 1006 1131 homo;
1031 1081 1173 1122 nunc
1199 1081 1328 1121 vero
1352 1081 1472 1121 cum
1496 1074 1671 1133 sonat,
1694 1065 1862 1131 homo,

275 1168 359 1212 aut
401 1159 546 1227 filius
586 1158 827 1226 hominis,
874 1156 1202 1215 manifestior
1250 1159 1547 1214 insinuatur
1594 1158 1862 1213 distantia.

277 1250 384 1305 Hoc
413 1265 551 1305 sane
593 1249 933 1306 retinendum
963 1256 1067 1318 est,
1099 1249 1223 1321 quia
1264 1250 1438 1304 omnis
1464 1233 1616 1304 illius
1637 1247 1867 1303 hominis

277 1343 458 1409 homo,
485 1343 735 1414 quamvis
762 1358 868 1397 non
894 1342 1069 1397 omnis
1094 1341 1257 1397 homo
1286 1340 1427 1397 illius
1451 1340 1680 1396 hominis
1702 1339 1868 1410 possit

278 1437 502 1506 intelligi
529 1455 544 1490 :
579 1435 751 1491 Adam
777 1438 973 1507 quippe
995 1435 1175 1501 homo,
1199 1434 1292 1490 sed
1320 1450 1424 1489 non
1452 1433 1590 1489 illius
1610 1432 1862 1487 hominis.

274 1531 616 1599 Quapropter
647 1528 771 1584 hinc
798 1529 907 1597 jam
945 1528 1070 1583 licet
1101 1526 1378 1582 attendere
1401 1534 1566 1597 atque
1591 1525 1863 1580 discerne-

274 1638 356 1687 re,
387 1620 519 1691 quid
554 1620 656 1674 hoc
687 1621 741 1674 in
789 1620 908 1675 loco
938 1619 1075 1674 inter
1102 1619 1372 1673 hominem
1404 1627 1459 1672 et
1487 1617 1657 1672 lilium
1692 1616 1868 1670 homi—

277 1714 358 1768 nis
376 1713 552 1768 distet
578 1732 593 1766 :
625 1721 683 1765 ut
710 1712 801 1782 qui
834 1721 1050 1781 portant
1070 1711 1351 1781 imaginem
1384 1709 1582 1765 terreni
1613 1709 1866 1775 hominis,

278 1805 363 1875 qtti
395 1819 500 1859 non
525 1812 612 1860 est
639 1806 783 1859 [ilius
812 1804 1063 1870 hominis,
1091 1802 1368 1860 hominum
1409 1802 1625 1856 nomine
1667 1799 1869 1870 signiﬁ-

278 1908 505 1963 centur;
535 1899 624 1969 qui
666 1908 844 1953 autem
877 1906 1083 1969 portant
1118 1896 1402 1969 imaginem
1430 1895 1663 1951 ccelestis
1693 1893 1867 1948 homi-

285 1996 367 2048 nis
400 1994 441 2065 (I
467 1992 582 2049 Cor.
609 2010 707 2059 xv,
734 1991 848 2065 ιθ),
878 1992 970 2049 lilii
1004 1993 1279 2047 hominum
1311 1993 1487 2062 potius
1511 1990 1863 2062 appellentur.

281 2087 374 2141 ille
427 2087 570 2141 enim
602 2097 657 2142 et
710 2097 865 2142 vetus
910 2088 1069 2143 homo
1094 2086 1308 2154 dicitur,
1357 2086 1457 2141 iste
1484 2092 1664 2141 autem
1697 2098 1867 2140 novus

280 2176 496 2249 (Ephes.
530 2195 603 2243 tv,
632 2177 723 2245 22,
772 2177 866 2248 24)
895 2196 908 2233 :
935 2178 1030 2234 sed
1078 2194 1249 2234 novus
1283 2194 1348 2233 ex
1382 2186 1564 2233 vetere
1609 2177 1869 2245 nascitur,

278 2271 527 2341 quoniam
573 2271 864 2341 spiritualis
889 2271 1221 2340 regeneratio
1265 2270 1562 2325 mutatione
1610 2270 1734 2324 vitte
1768 2278 1873 2325 ter-

277 2377 416 2417 reita:
443 2371 609 2432 atque
655 2363 931 2417 saecularis
975 2361 1296 2428 inchoatur;
1334 2370 1390 2417 et
1427 2362 1549 2418 ideo
1578 2362 1679 2417 iste
1731 2362 1870 2417 illius

278 2454 509 2509 hominis
536 2462 899 2524 nuncupatur.
929 2453 1100 2510 Homo
1125 2455 1286 2526 igitur
1312 2454 1418 2511 hoc
1439 2454 1560 2509 loco
1587 2462 1671 2509 est
1697 2464 1869 2509 terre-

278 2563 390 2614 nus,
422 2548 566 2602 Illius
606 2557 786 2604 autem
836 2548 1069 2604 hominis
1094 2548 1373 2605 omlestis:
1408 2557 1466 2604 et
1490 2548 1580 2604 ille
1601 2548 1756 2619 longe
1781 2562 1869 2603 se--

278 2641 487 2711 iunctus
511 2656 544 2695 a
574 2642 706 2708 Deo,
739 2642 826 2698 hic
846 2651 1021 2699 autem
1057 2657 1296 2715 praesens
1322 2643 1475 2699 Deo:
1506 2651 1561 2698 et
1587 2652 1870 2714 prepterea

256 2732 412 2787 illius
441 2748 658 2788 memor
692 2743 794 2795 est.
830 2744 1076 2805 tanquam
1106 2734 1158 2789 in
1191 2735 1482 2806 longinquo
1508 2735 1701 2805 positi;
1731 2735 1872 2790 hunc

282 2836 400 2878 vero
428 2824 634 2888 visitat,
662 2839 818 2894 quem
848 2839 1085 2895 praesens
1109 2825 1341 2881 illustrat
1369 2825 1519 2879 vultu
1539 2840 1636 2879 suo
1661 2842 1674 2878 :
1700 2823 1874 2896 Longe

277 2926 341 2970 at
368 2917 517 2971 enim
566 2933 600 2969 α
643 2917 985 2985 peccatoribus
1018 2918 1160 2972 salus
1181 2917 1354 2986 (Psal.
1384 2932 1569 2983 cxvnt,
1598 2918 1743 2990 155),
1774 2927 1867 2983 et,

281 3007 550 3079 Signatutn
576 3018 650 3063 est
676 3009 729 3062 in
758 3009 900 3063 nobis
928 3010 1098 3063 lumen
1116 3009 1287 3064 vultus
1318 3009 1411 3075 tui,
1448 3008 1666 3063 Domine
1697 3007 1866 3079 (Psal.

280 3117 345 3161 tv.
370 3102 449 3166 7).
476 3101 570 3155 Sic
592 3100 645 3154 in
673 3101 778 3153 alio
797 3101 1002 3171 psalmo
1020 3100 1265 3156 homines
1277 3102 1534 3171 jumentis
1555 3101 1867 3165 associatos,

280 3206 380 3246 non
408 3207 504 3261 per
547 3200 865 3260 praesentem
909 3193 1217 3247 interiorem
1269 3192 1732 3259 illuminationcm,
1777 3192 1872 3248 sed

280 3298 372 3352 per
426 3282 928 3352 multiplicationetn
966 3283 1345 3339 misericordia:
1371 3284 1467 3339 Dei
1494 3300 1596 3355 qua
1624 3284 1742 3354 ejus
1772 3283 1871 3340 bo-

280 3378 415 3431 nitas
463 3392 637 3447 usque
680 3377 746 3431 ad
796 3378 974 3431 intima
1010 3379 1321 3446 intenditur,
1368 3382 1543 3435 salvos
1590 3380 1704 3436 ﬁeri
1744 3380 1873 3435 dicit

282 3484 398 3525 cum
445 3470 582 3539 ipsis
621 3471 911 3540 jumentis;
966 3473 1218 3542 quoniam
1265 3474 1556 3529 carnalium
1598 3473 1870 3529 hominum

280 3560 419 3615 salus
449 3560 687 3615 carnalis
714 3569 817 3628 est,
865 3571 1113 3633 tanquam
1158 3578 1430 3633 pecorum.
1486 3564 1647 3619 Filios
1692 3573 1870 3620 autem

283 3650 560 3706 hominum
593 3652 879 3722 sejungens
906 3653 973 3708 ab
1013 3654 1091 3709 eis
1120 3669 1254 3726 quos
1296 3655 1540 3710 homines
1578 3656 1872 3727 pecudibus

278 3744 470 3816 junxit,
500 3744 664 3816 longe
689 3746 986 3802 sublimiori
1024 3747 1200 3814 modo,
1256 3748 1424 3820 ipsius
1464 3752 1707 3806 veritatis
1752 3751 1872 3807 illu-

281 3839 566 3904 stratione,
612 3846 670 3893 et
698 3838 929 3908 quadam
958 3840 1132 3895 vitalis
1158 3839 1320 3895 fontis
1347 3841 1709 3908 inundatione,
1741 3845 1870 3899 bea-

282 3938 358 3983 tos
386 3929 503 3983 fieri
532 3929 809 4000 praedicat.
840 3930 929 3987 Sic
951 3933 1093 3987 enim
1120 3932 1282 3988 dicit:
1311 3931 1557 3988 Homines
1577 3944 1621 3988 et
1638 3935 1872 4007 jumenta

281 4022 441 4077 salvos
470 4023 650 4094 facies,
686 4022 943 4090 Domine;
972 4024 1100 4079 sicut
1124 4025 1462 4094 multiplicata
1491 4035 1563 4080 est
1591 4027 1872 4082 misericor-

281 4115 363 4167 dia
384 4125 497 4181 tua,
526 4113 689 4170 Deus.
722 4115 853 4170 Filii
876 4126 1040 4172 autem
1068 4118 1332 4173 hominum
1352 4119 1406 4173 in
1432 4121 1740 4189 proiectione
1763 4120 1874 4175 ala-

281 4222 390 4258 rum
414 4215 619 4259 tuarum
638 4208 929 4275 sperabunt.
965 4207 1355 4263 Incbriabuntur
1380 4209 1443 4264 ab
1465 4210 1667 4266 uberate
1696 4213 1874 4268 domus

284 4309 400 4363 tua,
433 4309 481 4352 et
519 4308 750 4355 torrente
792 4301 1087 4356 deliciarum
1130 4312 1332 4357 tuarum
1375 4303 1570 4374 potabis
1597 4321 1699 4359 eos.
1737 4305 1876 4372 Quo-

279 4392 417 4445 niam
443 4393 589 4462 apud
616 4402 666 4446 te
689 4404 766 4448 est
798 4393 916 4466 [ons
947 4396 1081 4462 vitta,
1112 4404 1159 4450 et
1189 4396 1241 4449 in
1270 4394 1464 4451 lumine
1492 4407 1577 4451 tuo
1599 4398 1873 4453 uidebimus

278 4484 473 4539 lumen.
535 4486 807 4541 Praetende
853 4487 1253 4541 misericordiam
1301 4497 1441 4542 tuam
1506 4489 1773 4543 scientibus
1828 4498 1875 4544 te

280 4576 452 4646 (Psal.
502 4593 687 4643 xvxv,
719 4578 896 4647 7-H).
922 4578 1124 4634 Memor
1174 4588 1255 4634 est
1306 4579 1465 4649 igitur
1512 4579 1740 4635 hominis
1778 4596 1875 4652 per

278 4669 781 4738 tnultiplicationem
834 4670 1235 4738 miscricordize,
1286 4670 1423 4725 sicut
1468 4669 1871 4741 jumentorum;

278 4761 402 4830 quia
437 4762 785 4831 multiplicata
817 4762 1178 4818 misericordia
1206 4764 1366 4818 etiam
1392 4763 1458 4818 ad
1490 4762 1644 4835 longe
1671 4763 1876 4835 positos

280 4856 531 4924 pervenit
563 4873 576 4910 :
605 4856 783 4911 visitat
829 4872 956 4911 vero
1000 4857 1164 4912 lilium
1197 4856 1449 4922 hominis,
1480 4858 1565 4912 cui
1612 4859 1710 4913 sub
1753 4873 1878 4929 pro-

280 4948 519 5002 tectione
549 4948 754 5004 alarum
781 4963 997 5004 suarum
1028 4950 1201 5020 posito
1251 4949 1531 5019 praetendit
1568 4950 1873 5005 misericor-

275 5039 446 5101 diam.
479 5049 535 5095 et
560 5041 612 5094 in
634 5040 835 5095 lumine
863 5056 959 5096 suo
989 5042 1165 5097 lumen
1195 5042 1413 5111 praebet,
1440 5050 1494 5097 et
1521 5057 1642 5097 eum
1670 5042 1875 5098 deliciis

277 5133 394 5186 suis
419 5142 587 5203 potat,
614 5143 670 5189 et
713 5134 944 5190 inebriat
974 5134 1216 5191 ubertate
1244 5135 1435 5191 domus
1483 5151 1615 5201 sum,
1647 5134 1713 5190 ad
1741 5134 1875 5190 obli-

278 5227 568 5283 viscendas
609 5243 876 5285 aerumnas
917 5238 972 5285 et
1023 5244 1235 5286 errores
1287 5229 1568 5299 praeteritae
1593 5243 1875 5285 conversa-

280 5322 467 5376 tionis.
504 5321 656 5377 Hunc
682 5322 849 5378 tilium
879 5321 1131 5391 hominis,
1165 5322 1218 5378 id
1242 5331 1326 5379 est
1355 5323 1624 5379 hominem
1655 5338 1872 5390 novum,

278 5417 598 5487 poenitentia
650 5416 848 5472 veteris
893 5417 1121 5488 parturit
1163 5431 1283 5472 cum
1329 5415 1516 5473 dolore
1563 5425 1615 5471 et
1652 5416 1873 5487 gemitu.

275 5504 390 5563 κίε
441 5507 691 5578 quamvis
733 5522 923 5573 novus,
972 5516 1148 5563 tamen
1194 5506 1368 5563 adhuc
1404 5506 1632 5563 carnalis
1661 5506 1873 5574 dicitur,

275 5615 406 5656 eum
438 5601 576 5657 lacte
609 5601 862 5668 nutritur,
891 5599 1013 5655 Non
1051 5602 1193 5672 potui
1218 5600 1355 5655 vobis
1382 5601 1519 5672 loqui
1546 5601 1691 5672 quasi
1718 5600 1876 5670 spiri-

279 5694 527 5763 tualibus,
560 5696 651 5752 sed
678 5696 825 5767 quasi
842 5695 1151 5757 carnalibus,
1184 5696 1356 5767 inquit
1384 5695 1707 5764 Apostolus;
1739 5707 1794 5750 et
1819 5704 1877 5751 ut

278 5786 596 5844 ostenderet
618 5790 729 5859 jam
757 5798 1116 5858 regeneratus,
1144 5785 1410 5860 Tanquam
1438 5787 1681 5856 parvulis,
1704 5786 1796 5855 ait,
1823 5787 1877 5842 in

282 5877 509 5948 Christo,
538 5882 622 5937 lac
650 5881 791 5939 vobis
820 5890 991 5951 potum
1012 5879 1147 5946 dedi,
1172 5896 1274 5934 non
1301 5878 1486 5934 cibum.
1521 5878 1621 5935 iste
1641 5896 1761 5936 cum
1783 5894 1867 5934 re-

1379 397 1780 462 ENARRATIO
1815 397 1885 461 IN
1922 398 2245 460 PSALMUM
2292 404 2418 462 \‘lll.

3446 417 3549 475 ιιι

1972 514 2187 585 labitur,
2221 520 2360 589 quod
2401 536 2544 595 srepe
2572 525 2781 591 accidit,
2829 524 2892 582 ad
2926 536 3155 587 veterem
3201 533 3384 602 vitam,
3428 550 3547 591 cum

1972 611 2385 681 exprobratione
2411 616 2556 673 audit
2588 619 2728 689 quod
2760 619 2919 676 homo
2945 623 3013 678 sit
3052 641 3066 677 :
3106 622 3294 681 Nonne
3316 627 3544 686 homines

1973 705 2111 770 estis,
2142 706 2325 777 inquit,
2373 717 2420 762 et
2438 710 2710 766 secundum
2740 713 2989 770 hominem
3027 717 3296 775 ambulatis
3330 718 3385 795 (Ι
3422 719 3544 776 Cor.

1973 809 2049 861 ιιι,
2070 797 2207 869 Ιοὸ).
3222 821 3234 833 ~

2045 889 2102 943 Η
2119 929 2129 942 .
2157 887 2303 962 [vers.
2324 892 2462 968 6,7.]
2476 893 2642 952 Filius
2662 898 2820 969 igitur
2835 899 3067 957 hominis
3079 904 3248 973 primo
3265 905 3284 938 ⁸
3302 906 3550 964 visitatus

1973 990 2054 1035 est
2081 983 2136 1037 in
2166 983 2281 1053 ipso
2308 985 2523 1043 homine
2554 988 2831 1047 Dominico
2860 994 2959 1066 (a),
3002 1004 3128 1050 nato
3150 1011 3215 1052 ex
3246 996 3409 1053 Maria
3438 998 3552 1054 vir-

1971 1075 2113 1144 gine.
2169 1076 2241 1131 De
2295 1094 2401 1147 quo
2452 1091 2670 1151 propter
2712 1083 2879 1154 ipsam
2928 1086 3285 1143 inﬁrmitatem
3329 1092 3549 1159 carnis,

1976 1181 2133 1235 quam
2163 1166 2435 1237 Sapientia
2466 1170 2561 1227 Dei
2584 1181 2797 1243 gestare
2821 1175 3030 1247 dignata
3062 1188 3144 1233 est
3167 1221 3181 1245 ,
3209 1189 3263 1234 et
3292 1181 3554 1250 passionis

1976 1258 2329 1317 humilitatem
2360 1274 2504 1321 recte
2529 1266 2723 1323 dicitur
2752 1288 2764 1323 :
2795 1268 3027 1326 Hinuisti
3062 1289 3173 1326 eum
3204 1274 3356 1343 paulo
3387 1275 3553 1330 minus

1974 1354 2037 1406 ab
2067 1353 2292 1425 Angelis.
2320 1356 2424 1411 Scd
2452 1358 2664 1413 additur
2686 1361 2773 1414 illa
2815 1361 3123 1419 clariﬁcatio
3142 1379 3244 1435 qua
3270 1379 3556 1437 resurgens

1975 1448 2213 1501 ascendit
2256 1448 2306 1501 in
2352 1451 2545 1504 cmlum
2577 1470 2591 1505 :
2622 1450 2827 1518 Gloria,
2861 1455 3061 1525 inquit,
3104 1465 3150 1509 et
3192 1455 3382 1511 honore
3407 1473 3554 1511 coro-

1975 1540 2106 1591 nasti
2125 1556 2276 1603 eum;
2306 1549 2351 1593 et
2377 1543 2676 1597 constituisti
2702 1560 2815 1597 eum
2838 1561 2988 1617 super
3013 1562 3166 1617 opera
3184 1563 3423 1601 manuum
3441 1557 3556 1602 tua-

1974 1647 2105 1684 rum.
2149 1632 2585 1703 Quandoquidem
2636 1644 2690 1689 ct
2722 1636 2907 1705 Angcli
2947 1645 3068 1692 sunt
3112 1652 3273 1707 opera
3305 1652 3556 1692 manuum

1977 1723 2093 1787 Dei,
2125 1725 2284 1778 etiam
2311 1741 2471 1795 super
2498 1727 2730 1798 Angelos
2755 1730 3097 1783 constitutum
3125 1729 3415 1796 accipimus
3439 1729 3557 1784 uni-

1974 1816 2208 1886 genitum
2239 1815 2447 1883 Filium,
2468 1832 2625 1887 quem
2655 1820 2915 1873 minutum
2963 1821 3119 1890 paulo
3143 1821 3318 1875 minus
3349 1820 3418 1875 ab
3442 1822 3555 1874 An-

1975 1906 2107 1977 gelis
2161 1922 2254 1976 per
2303 1907 2657 1963 humilitatem
2706 1911 2936 1965 carnalis
2986 1910 3349 1980 generationis
3395 1920 3558 1981 atque

1976 1998 2241 2068 passionis
2268 1998 2513 2053 audimus
2535 2009 2591 2054 et
2614 2000 2900 2054 credimus.

2048 2092 2136 2146 12.
2179 2090 2200 2165 l
2226 2108 2352 2146 vers.
2381 2092 2435 2153 8.
2468 2091 2548 2165 9.]
2601 2093 2815 2158 Omnia,
2847 2091 3048 2161 inquit,
3074 2092 3330 2162 subjecisti
3352 2090 3445 2146 sub
3468 2108 3557 2160 pe-

1976 2183 2122 2238 dibus
2150 2186 2281 2254 ejus.
2311 2183 2454 2238 Nihil
2475 2184 2692 2254 excipit,
2721 2199 2843 2240 cum
2865 2184 2988 2238 dicit
3009 2183 3196 2238 omnia.
3230 2182 3301 2239 Et
3320 2198 3387 2238 ne
3407 2182 3561 2239 aliter

1980 2277 2165 2331 liceret
2191 2276 2431 2346 intelligi,
2462 2277 2541 2330 sic
2568 2275 2860 2345 Apostolus
2879 2274 3024 2329 credi
3047 2274 3229 2344 jubet,
3259 2288 3383 2329 cum
3406 2273 3556 2339 dicit,

1977 2378 2182 2440 excepto
2232 2384 2291 2422 eo
2330 2368 2417 2439 qui
2464 2368 2509 2421 ei
2551 2368 2761 2439 subjecit
2801 2368 2972 2422 omnia
3007 2366 3138 2438 (Id.
3169 2381 3281 2431 xv,
3319 2364 3463 2438 27);
3506 2376 3560 2421 et

1978 2461 2080 2515 hoc
2113 2461 2228 2530 ipso
2256 2459 2415 2529 hujus
2443 2458 2635 2529 psalmi
2660 2460 2968 2514 testimonio
3013 2460 3178 2514 utitur
3205 2457 3271 2512 ad
3304 2457 3558 2513 Hebraeos

1978 2553 1998 2625 (
2032 2551 2187 2607 Hebr.
2226 2568 2285 2620 tt,
2313 2551 2413 2623 8),
2442 2567 2562 2607 cum
2594 2553 2663 2606 ita
2690 2552 2802 2607 vult
2830 2552 3009 2607 omnia
3032 2550 3255 2622 intelligi
3288 2565 3407 2606 esse
3426 2549 3557 2605 sub.

1971 2645 2112 2717 jecta
2142 2644 2368 2699 Domino
2396 2652 2579 2699 nostro
2605 2644 2733 2699 Jesu
2754 2643 2970 2698 Christo
2993 2685 3008 2711 ,
3041 2650 3100 2697 ιιι
3127 2642 3259 2697 nihil
3279 2650 3559 2713 exceptum

1977 2739 2066 2792 sit.
2086 2738 2192 2792 Nec
2208 2747 2382 2792 tamen
2397 2737 2547 2807 quasi
2560 2736 2758 2806 aliquid
2772 2750 3022 2806 magnum
3036 2732 3559 2804 videturadjungere,

1976 2847 2097 2887 cum
2128 2830 2259 2885 dicit
2291 2847 2303 2881 :
2337 2829 2465 2884 Oves
2511 2839 2557 2883 et
2583 2829 2729 2883 boues
2753 2831 3033 2893 universas,
3064 2829 3272 2897 insuper
3296 2835 3342 2881 et
3376 2841 3557 2897 pecora

1977 2926 2177 2995 campi;
2219 2924 2447 2980 uolucres
2485 2924 2634 2990 caeli,
2681 2933 2727 2976 et
2753 2924 2913 2994 pisces
2950 2923 3132 2988 maris,
3175 2921 3262 2991 qui
3296 2922 3564 2993 perambu-

1978 3019 2087 3073 lant
2113 3019 2313 3073 semitas
2361 3018 2535 3071 maris.
2571 3015 2790 3072 Videtur
2828 3016 2969 3070 enim
3015 3015 3214 3070 relictis
3257 3014 3561 3070 omlestihus

1978 3110 2275 3166 Virtutibus
2324 3119 2379 3165 et
2431 3109 2791 3164 Polestatibus
2837 3119 2890 3163 et
2947 3108 3194 3163 omnibus
3237 3106 3561 3162 exercitibus

1980 3205 2325 3274 Angelorum,
2359 3201 2557 3257 relictis
2582 3202 2742 3256 etiam
2769 3200 2898 3271 ipsis
2929 3199 3253 3264 hetninibus,
3283 3206 3482 3253 tantum
3511 3196 3559 3251 ei

1979 3312 2168 3367 pecora
2219 3296 2542 3364 subjecisse;
2585 3296 2687 3349 nisi
2733 3309 2868 3350 oves
2918 3305 2969 3348 et
3014 3294 3176 3348 boves
3206 3291 3563 3362 intelligamus

1978 3389 2183 3442 animas
2210 3396 2420 3443 sanctas
2445 3428 2457 3449 ,
2487 3387 2567 3441 vel
2601 3387 2915 3441 innocentia:
2955 3384 3181 3440 fructum
3222 3383 3412 3438 dantes
3434 3423 3448 3446 ,
3478 3381 3562 3439 vel

1977 3481 2137 3536 etiam
2159 3488 2444 3548 operantes
2471 3488 2525 3532 ιιι
2552 3487 2692 3532 terra
2725 3478 3026 3542 lructiticet,
3054 3476 3106 3529 id
3134 3484 3247 3539 est,
3278 3484 3336 3529 ιιι
3362 3474 3560 3529 terreni

1978 3571 2220 3625 homines
2244 3570 2310 3624 ad
2341 3570 2669 3638 spiritualem
2694 3568 2991 3622 ubertatem
3023 3574 3423 3636 regenerentur.
3455 3566 3562 3620 Has

1976 3678 2105 3735 ergo
2130 3664 2335 3718 animas
2356 3670 2586 3727 sanctas,
2604 3675 2711 3717 non
2733 3660 3008 3715 hominum
3040 3668 3263 3726 tantum,
3287 3658 3380 3711 sed
3401 3661 3561 3712 etiam

1976 3755 2212 3810 omnium
2235 3753 2561 3825 Angelorum
2580 3760 2793 3822 oportet
2815 3752 3077 3821 accipere,
3103 3750 3149 3806 si
3168 3748 3417 3804 volumus
3440 3749 3564 3804 hinc

1979 3830 2276 3916 intelligere
2303 3846 2480 3901 omnia
2521 3860 2641 3901 esse
2685 3844 2924 3915 subjecta
2962 3843 3187 3899 Domino
3223 3851 3409 3898 nostro
3433 3841 3563 3897 Jesu

1977 3937 2225 4001 Christo;
2271 3938 2415 3992 nulla
2447 3937 2588 3992 enim
2618 3944 2860 3992 creatura
2892 3945 3128 4005 subjecta
3157 3949 3262 3990 non
3301 3934 3405 3990 erit
3431 3975 3446 3998 ,
3477 3934 3561 3990 cui

1978 4030 2273 4101 primates,
2307 4039 2365 4083 ut
2416 4029 2487 4083 ita
2542 4028 2747 4097 dicam,
2790 4028 3006 4109 spiritus
3055 4027 3425 4096 subjiciuntur.
3456 4025 3561 4082 Sed

1976 4122 2120 4177 unde
2145 4121 2487 4191 probabimus
2511 4135 2641 4176 oves
2671 4134 2827 4189 posse
2856 4120 3022 4189 accipi
3066 4120 3224 4174 etiam
3263 4118 3566 4174 sublimiter

1978 4216 2181 4280 beatos,
2213 4230 2318 4269 non
2348 4214 2609 4280 homines,
2636 4213 2730 4268 sed
2759 4213 3015 4283 angelicae
3039 4220 3297 4267 creatum
3320 4212 3561 4281 spiritus?

1979 4311 2060 4364 An
2096 4324 2161 4364 ex
2187 4324 2254 4364 eo
2281 4308 2423 4379 quod
2449 4307 2705 4362 Dominus
2730 4306 2859 4361 dicit
2886 4306 3166 4375 reliquisse
3190 4319 3250 4359 se
3277 4306 3563 4375 nonaginta

1980 4416 2174 4456 novem
2202 4415 2330 4455 oves
2359 4400 2411 4454 in
2443 4397 2712 4453 montibus
2735 4439 2748 4462 ,
2781 4396 2832 4451 id
2867 4405 2946 4450 est
2977 4397 3026 4449 in
3054 4394 3453 4450 sublimioribus
3482 4396 3562 4448 lo-

1979 4494 2075 4558 cis,
2109 4500 2163 4546 et
2182 4489 2526 4546 descendisse
2559 4496 2772 4558 propter
2803 4501 2959 4541 unam
2991 4484 3217 4560 (Matth.
3246 4501 3397 4550 xvnt,
3422 4483 3566 4557 i2)?

1980 4582 2036 4638 Si
2066 4583 2208 4638 enim
2240 4595 2398 4636 unam
2431 4595 2584 4636 ovem
2622 4580 2823 4648 lapsam
2851 4578 3137 4632 humanam
3163 4577 3395 4632 animam
3420 4578 3545 4633 acci-

1983 4677 2187 4748 piamus
2215 4676 2265 4729 in
2292 4674 2484 4738 Adam,
2513 4673 2635 4743 quia
2657 4672 2816 4726 etiam
2845 4672 2952 4726 Eva
2981 4669 3050 4726 de
3076 4670 3216 4752 illius
3241 4670 3406 4725 latere
3432 4669 3565 4724 facta

1980 4777 2064 4825 est
2088 4767 2109 4841 (
2134 4765 2261 4822 Gen.
2293 4782 2349 4821 tt.
2377 4764 2449 4820 22
2476 4766 2516 4836 ).
2547 4778 2772 4836 quorum
2813 4763 3049 4818 omnium
3085 4760 3432 4831 spiritualiter
3458 4768 3568 4814 tra-

1979 4860 2293 4916 ctandorum
2322 4867 2376 4913 et
2395 4856 2905 4912 considerandorum
2929 4870 3072 4909 nunc
3102 4863 3310 4923 tempus
3335 4866 3443 4906 non
3461 4860 3567 4917 est,

1980 4960 2148 5010 restat
2195 4963 2253 5008 ut
2284 4952 2565 5021 nonaginta
2597 4964 2786 5003 novem
2817 4948 3020 5003 relicta:
3059 4947 3111 5000 in
3143 4945 3432 5010 montibus,
3462 4958 3567 4999 non

1982 5045 2219 5108 humani,
2262 5044 2358 5099 sed
2400 5041 2621 5112 angelici
2651 5040 2868 5111 spiritus
2914 5037 3296 5108 intelligantur.
3327 5034 3462 5091 Nam
3500 5033 3567 5090 de

1982 5139 2151 5195 bobus
2175 5136 2343 5192 facilis
2364 5135 2633 5207 expeditio
2647 5135 2669 5166 ²
2694 5142 2775 5188 est
2793 5132 2950 5203 hujus
2970 5132 3282 5195 sententiae;
3313 5129 3564 5201 quoniam

1983 5229 2083 5299 ipsi
2103 5227 2347 5282 homines
2374 5242 2480 5280 non
2502 5224 2571 5281 ob
2598 5223 2740 5279 aliud
2766 5223 2932 5278 boves
2961 5221 3089 5277 dicti
3115 5229 3238 5277 sunt
3257 5262 3271 5285 ,
3290 5219 3391 5274 nisi
3420 5216 3563 5287 quod

1984 5318 2395 5390 evangelizando
2445 5316 2666 5373 verbum
2720 5316 2813 5372 Dei
2861 5316 3091 5387 Angelos
3132 5314 3424 5376 imitantur,
3476 5310 3566 5365 ubi

1983 5413 2182 5469 dictum
2210 5420 2291 5467 est
2318 5428 2332 5464 :
2364 5409 2490 5465 Boni
2519 5409 2776 5464 trituranti
2820 5425 2877 5463 os
2918 5423 3019 5462 non
3063 5404 3340 5478 infrenabis
3363 5403 3383 5473 (
3407 5400 3561 5458 Deut.

1983 5523 2111 5574 xxv,
2141 5507 2176 5562 4
2205 5508 2243 5577 ).
2269 5506 2480 5573 Quanto
2509 5505 2667 5575 igitur
2688 5503 2895 5559 facilius
2920 5502 3066 5572 ipsos
3093 5497 3323 5567 Angelos
3349 5494 3567 5551 nuntios

1981 5599 2242 5667 veritatis,
2275 5600 2437 5654 boves
2457 5597 2782 5667 accipimus;
2814 5592 3031 5665 quando
3068 5585 3419 5657 Evangelistte
3445 5598 3569 5656 put-

2048 5739 2065 5770 ι
2086 5743 2150 5789 Ita
2171 5738 2219 5786 in
2235 5742 2343 5786 Mss.
2358 5736 2484 5801 Atjn
2509 5735 2668 5793 editis,

2045 5802 2067 5832 ί
2090 5807 2191 5848 Am.
2218 5804 2292 5847 Er.
2313 5805 2365 5849 et
2386 5795 2569 5859 aliquot
2588 5804 2717 5856 Mss.,
2740 5795 2992 5856 expositio.

2048 5884 2122 5948 (a)
2153 5889 2412 5945 taetram,
2435 5894 2540 5944 cap.
2568 5878 2644 5930 19.
2674 5884 2691 5895 ‘
