4042 6516
462 416 562 477 H9

459 531 684 587 velimus
708 527 950 599 accipere
972 568 987 594 ,
1022 538 1127 581 non
1156 524 1258 580 erit
1281 521 1590 578 absurdum.
1620 519 1730 576 Nec
1753 531 1910 589 pana
1940 514 2041 571 erit

461 620 601 694 quod
618 619 816 677 dictum
839 628 920 674 est
935 661 950 685 ,
964 617 1032 673 In
1053 615 1381 672 convertenda
1397 614 1658 670 inimicum
1674 628 1839 667 meum
1858 621 2037 666 retror-

460 730 614 781 sum;
642 711 737 768 sed
774 711 1088 767 benellcium
1114 750 1129 776 ,
1174 717 1229 763 et
1273 708 1377 763 tale
1424 705 1738 762 beneﬁcium
1763 745 1778 769 ,
1823 712 1881 759 ut
1922 702 2046 758 huic

463 805 762 876 comparari
792 803 921 859 nihil
952 803 1137 873 possit.
1168 800 1305 869 Quid
1333 799 1473 854 enim
1515 798 1718 852 beatius
1762 810 1919 866 quam
1950 793 2043 849 de-

467 912 667 968 ponere
697 895 994 966 superbiam
1025 936 1040 959 ,
1065 905 1117 949 et
1141 908 1247 949 non
1273 892 1408 946 velle
1429 890 1697 945 Christum
1719 887 2039 959 prmcedere,

447 988 629 1047 'veluti
656 1006 819 1047 sanus
846 991 907 1045 sit
938 990 1020 1044 cui
1052 989 1289 1045 medicus
1317 1002 1422 1042 non
1452 987 1519 1040 sit
1548 983 1918 1049 necessarius;
1950 982 2043 1037 sed

472 1084 631 1140 malle
660 1093 802 1139 retro
827 1084 903 1138 ire
925 1090 1039 1152 post
1064 1080 1334 1135 Christum
1354 1120 1370 1146 ,
1392 1078 1483 1150 qui
1509 1077 1823 1147 discipulum
1850 1091 2046 1132 vocans

461 1189 520 1234 ut
555 1179 858 1249 perﬁciatur
887 1219 901 1242 ,
929 1176 1056 1232 dicit
1083 1219 1098 1243 ,
1128 1174 1348 1245 Sequere
1366 1190 1445 1228 me
1470 1172 1488 1244 (
1517 1171 1697 1226 Matth.
1733 1188 1821 1227 Xix
1843 1211 1860 1239 ,
1890 1171 1951 1224 91
1982 1169 2048 1241 )i

460 1272 568 1328 Sed
598 1281 772 1327 tamen
799 1271 1247 1326 accommodatius
1272 1268 1338 1324 de
1369 1268 1581 1323 diabolo
1608 1268 1804 1323 dictum
1849 1267 2045 1323 intelli-

462 1366 603 1437 gitur
632 1383 644 1419 :
677 1363 745 1419 In
773 1363 1100 1419 conuertenda
1129 1362 1387 1416 inimicum
1415 1378 1578 1416 meum
1605 1371 1896 1415 retrorsum.
1925 1361 2045 1415 Dia-

460 1455 618 1511 bolus
642 1457 833 1527 quippe
861 1465 1152 1511 retrorsum
1183 1469 1472 1509 conversus
1493 1462 1575 1508 est
1599 1453 1757 1508 etiam
1785 1452 1836 1506 in
1868 1467 2050 1523 perse-

463 1549 677 1603 cutione
709 1549 969 1618 justorum
995 1588 1011 1615 ,
1060 1555 1114 1604 et
1158 1547 1327 1603 multo
1372 1546 1549 1602 utilius
1597 1556 1902 1615 perseeutor
1926 1555 2041 1613 est,

462 1655 621 1711 quam
653 1640 697 1695 si
727 1640 835 1696 dux
863 1649 912 1696 et
946 1641 1188 1711 princeps
1216 1640 1446 1711 przeiret.
1480 1639 1816 1696 Psallendum
1846 1650 1929 1695 est
1954 1640 2049 1711 igi-

465 1743 552 1788 tur
582 1735 780 1789 nomini
813 1735 1070 1790 Αιιὶεείίηί
1097 1736 1147 1789 in
1168 1733 1526 1790 convertenda
1544 1734 1815 1789 inimicum
1843 1742 2047 1790 retroro

465 1839 622 1890 sum;
673 1826 921 1896 quoniam
973 1825 1129 1880 malle
1174 1825 1428 1880 debemus
1474 1841 1596 1881 eum
1645 1834 2049 1896 persequentem

463 1916 644 1986 fugere
669 1958 682 1981 ,
710 1932 866 1986 quam
906 1917 1188 1972 ducentem
1224 1901 1373 1988 sequi
1408 1935 1420 1972 :
1465 1917 1718 1972 habemus
1756 1919 1896 1973 enim
1947 1934 2052 1988 quo

464 2008 725 2079 fugiamus
755 2018 809 2065 et
832 2010 1221 2065 aliscondamur
1264 2011 1316 2065 in
1356 2011 1576 2065 occultis
1605 2010 1759 2074 Filii.
1793 2011 1912 2081 quia
1947 2011 2051 2065 Do-

463 2102 643 2158 minus
675 2102 845 2159 factus
869 2113 951 2162 est
980 2103 1239 2175 refugium
1272 2103 1423 2159 nobis
1459 2102 1644 2175 (Psal.
1676 2120 1881 2160 txxxtx
1910 2145 1922 2169 ,
1956 2104 1977 2158 1
2010 2105 2048 2176 ).

536 2194 588 2248 5.
633 2192 654 2267 [
674 2212 800 2249 vers.
832 2196 885 2251 5.
906 2193 929 2269 ]
950 2193 1351 2265 Inﬁrmabuntur
1375 2239 1389 2264 ,
1413 2206 1460 2251 et
1476 2197 1707 2267 peribunt
1726 2213 1764 2266 ,α
1793 2198 1923 2269 facie
1945 2206 2048 2251 tua.

464 2285 565 2354 Qui
595 2286 1003 2343 inﬁrmabuntur
1034 2297 1087 2343 et
1111 2289 1392 2360 peribunt,
1425 2288 1527 2344 nisi
1564 2289 1826 2359 iniquiet
1863 2289 2054 2360 impii?

465 2377 872 2448 In/irntabuntur
894 2422 910 2448 ,
938 2380 1062 2436 dum
1091 2382 1221 2437 nihil
1244 2381 1493 2437 valebunt
1518 2399 1532 2447 ;
1565 2391 1613 2436 et
1641 2382 1906 2451 peribunt,
1931 2384 2051 2454 quia

465 2485 573 2525 non
604 2482 757 2526 erunt
785 2472 966 2541 impii;
990 2490 1020 2526 a
1042 2475 1171 2545 facie
1194 2473 1287 2528 Dei
1314 2515 1330 2540 ,
1358 2472 1409 2527 id
1434 2481 1517 2528 est
1534 2488 1561 2526 a
1589 2474 1890 2544 cognitione
1919 2475 2006 2529 Dei
2032 2516 2048 2543 ,

466 2564 602 2618 sicut
623 2566 778 2635 periit
798 2566 885 2620 ille
905 2568 991 2636 qui
1014 2566 1147 2621 dixit
1174 2583 1187 2619 :
1226 2564 1349 2620 Vino
1372 2576 1537 2620 autem
1554 2567 1669 2639 jam
1698 2582 1799 2620 non
1825 2583 1914 2638 ego
1940 2610 1951 2631 ,
1977 2568 2054 2621 vi-

464 2657 534 2711 vit
553 2666 722 2710 autem
741 2658 793 2712 in
817 2674 895 2712 me
924 2658 1152 2713 Christus
1184 2657 1203 2730 (
1229 2656 1345 2713 Gal.
1378 2673 1412 2712 ll
1438 2699 1453 2725 ,
1484 2657 1555 2714 ‘20
1579 2658 1618 2730 ).
1646 2658 1749 2714 Sed
1780 2675 1944 2729 quare
1971 2660 2055 2713 ἰη-

466 2749 837 2820 ﬁrmabuntur,
860 2760 908 2807 et
933 2753 1161 2823 peribunt
1212 2752 1360 2823 impii
1403 2769 1435 2806 a
1474 2753 1604 2825 facie
1642 2761 1730 2806 tua
1754 2753 1780 2806 ?
1804 2752 2055 2819 Quoniam

468 2844 629 2912 fecisti
642 2844 896 2916 judicium
925 2863 1089 2901 meum
1114 2889 1128 2913 ,
1174 2847 1378 2918 inquit,
1432 2857 1478 2902 et
1511 2864 1717 2902 causam
1755 2864 1917 2902 meam
1939 2868 1959 2902 :
2002 2849 2053 2903 id

465 2942 548 2991 est
572 2976 588 3003 ,
614 2936 871 3006 judicium
901 2937 1027 2991 illud
1055 2938 1104 2992 in
1133 2954 1237 3007 quo
1260 2938 1484 3009 judicari
1509 2940 1654 2995 visus
1682 2954 1797 2994 sum
1823 2980 1839 3006 ,
1872 2955 2052 2996 meum

466 3030 678 3098 fecisti;
707 3042 760 3087 et
789 3048 1000 3088 causam
1035 3033 1174 3086 illam
1207 3034 1257 3087 in
1288 3048 1393 3103 qua
1437 3050 1524 3089 me
1564 3034 1765 3104 justum
1807 3045 1861 3089 et
1898 3035 2047 3088 inno-

467 3131 675 3178 centem
722 3123 965 3179 homines
1013 3123 1438 3191 damnaverunt,
1485 3140 1656 3179 meam
1704 3124 1900 3181 fecisti.
1932 3126 2056 3182 Haec

468 3217 611 3271 enim
640 3217 685 3269 ei
720 3217 1082 3272 militaverunt
1103 3217 1168 3271 ad
1208 3227 1444 3273 nostram
1476 3218 1840 3274 liberationem
1867 3238 1878 3273 :
1919 3219 2058 3274 sicut

470 3316 526 3363 et
553 3316 726 3362 nauta:
751 3308 935 3363 dicunt
962 3316 1176 3364 ventum
1218 3324 1369 3364 suum
1401 3354 1414 3377 ,
1447 3326 1553 3381 quo
1581 3320 1800 3366 utuntur
1826 3311 1890 3365 ad
1920 3311 2057 3367 bene

471 3401 846 3472 navigandum.

546 3494 600 3551 6.
643 3494 832 3551 Sedisti
874 3512 1026 3565 super
1070 3496 1302 3550 thronum
1327 3538 1343 3564 ,
1383 3498 1471 3568 qui
1500 3497 1708 3568 judicas
1749 3500 2054 3569 (equitatem.

472 3583 597 3642 Sive
625 3585 791 3640 Filius
821 3585 963 3641 Patri
993 3584 1170 3653 dicat,
1221 3585 1312 3656 qui
1359 3587 1519 3643 etiam
1558 3587 1689 3643 illud
1732 3588 1902 3652 dixit,
1938 3587 2058 3643 Non

476 3675 681 3733 haberes
708 3677 762 3730 in
780 3694 860 3730 me
881 3685 1172 3747 potestatem
1193 3720 1208 3743 ,
1232 3678 1331 3732 nisi
1359 3679 1445 3732 tibi
1464 3679 1635 3732 datum
1654 3680 1828 3750 fuisset
1848 3679 2061 3750 desuper

479 3768 676 3841 (Joan.
708 3785 799 3824 xix
823 3811 839 3836 ,
868 3770 927 3824 11
959 3770 1001 3839 ),
1029 3770 1256 3842 idipsum
1287 3771 1349 3824 ad
1380 3772 1679 3840 aequitatem
1714 3771 1886 3827 Patris
1913 3781 1964 3827 et
1995 3773 2057 3827 ad

477 3860 683 3914 occulta
711 3875 805 3916 sua
834 3860 1072 3917 referens
1092 3905 1106 3927 ,
1130 3862 1269 3932 quod
1294 3862 1452 3932 judex
1474 3862 1748 3916 hominum
1773 3862 1838 3917 ad
1867 3863 2061 3918 utilita-

479 3965 585 4008 tem
619 3953 891 4009 hominum
916 3955 1183 4025 judicatus
1226 3964 1346 4009 est:
1388 3958 1499 4009 sive
1534 3954 1693 4009 homo
1728 3955 1870 4010 dicat
1911 3956 2023 4010 Deo
2045 3998 2059 4023 ,

480 4047 672 4105 Sediin
693 4063 845 4117 super
869 4047 1100 4101 thronum
1124 4086 1140 4113 ,
1163 4048 1247 4116 qui
1262 4046 1465 4115 iudicas
1494 4047 1776 4110 (equitatem
1801 4089 1814 4111 ,
1834 4047 2063 4101 animam

480 4156 629 4196 suam
664 4141 913 4195 thronum
941 4140 1056 4208 ejus
1083 4140 1356 4211 appellans
1380 4182 1392 4201 ,
1440 4150 1491 4194 nl
1526 4135 1717 4209 corpus
1746 4141 1814 4195 sit
1843 4141 2065 4199 fortasse

481 4240 664 4299 terra,
713 4248 832 4303 quu-
866 4231 1152 4285 scabellum
1205 4232 1395 4300 pedum
1441 4232 1557 4301 ejus
1604 4232 1741 4287 dicta
1786 4231 2063 4305 est(Isai.

483 4340 603 4380 wa
628 4367 642 4389 ,
675 4326 700 4380 ί
729 4324 771 4397 );
808 4324 946 4378 Deus
972 4324 1114 4379 enim
1141 4332 1255 4379 erat
1284 4324 1334 4379 in
1361 4324 1572 4379 Christo
1601 4325 1854 4379 mundum
1881 4340 2067 4380 recon-

482 4414 670 4471 cilians
716 4415 817 4471 sibi
864 4413 884 4486 (
908 4414 950 4470 ll
975 4415 1093 4471 Cor.
1121 4432 1173 4481 v,
1203 4414 1348 4487 l9):
1395 4417 1507 4471 sive
1549 4417 1722 4471 anima
1766 4416 2023 4472 Ecclesiae
2049 4418 2066 4449 ί

483 4511 588 4581 jam
623 4511 851 4579 perfecta
876 4520 929 4564 et
953 4511 1067 4565 sine.
1098 4510 1300 4566 macula
1329 4519 1384 4565 et
1419 4525 1549 4582 ruga
1596 4510 1617 4583 (
1641 4510 1827 4580 Ephes.
1852 4527 1904 4575 ν,
1932 4510 2002 4566 27
2022 4509 2066 4581 ),

489 4603 641 4671 iligna
668 4602 870 4656 scilicet
897 4602 1116 4655 occultis
1141 4601 1260 4656 Filii
1285 4643 1299 4665 ,
1329 4603 1448 4671 quia
1492 4602 1783 4658 introduxit
1823 4619 1940 4658 eam
1976 4618 2071 4660 rex

486 4692 540 4747 in
571 4691 869 4746 cubiculum
895 4705 1048 4744 suum
1078 4688 1265 4761 (Cant.
1297 4706 1351 4756 ι,
1383 4690 1475 4762 5),
1517 4692 1659 4746 dieat
1699 4694 1897 4761 sponso
1935 4708 2032 4749 suo
2053 4737 2069 4762 ,

491 4786 680 4842 Sedisti
697 4801 849 4857 super
865 4784 1101 4837 thronum
1123 4823 1139 4850 ,
1161 4784 1247 4853 qui
1266 4784 1474 4853 judicas
1496 4788 1776 4855 equitatem
1795 4827 1808 4850 ,
1840 4787 1962 4856 quia
1988 4802 2071 4844 rc-

478 4875 769 4932 .surrcxisti
794 4889 824 4928 a
851 4874 1074 4929 mortuis
1099 4915 1114 4940 ,
1136 4882 1190 4928 et
1210 4874 1494 4929 asendisti
1518 4874 1568 4928 in
1591 4875 1782 4930 caelum
1812 4917 1825 4941 ,
1849 4886 1902 4931 et
1921 4877 2075 4934 sedes

493 4967 559 5023 ad
583 4967 856 5022 dexteram
889 4965 1101 5020 Patris:
1134 4964 1383 5035 quaelibet
1423 4979 1550 5035 ergo
1587 4965 1771 5020 barum
1816 4969 2075 5022 sententia

495 5061 738 5131 placeat,
765 5073 872 5131 quo
899 5058 1002 5115 iste
1024 5073 1211 5114 versus
1238 5056 1498 5113 referatur
1522 5099 1537 5124 ,
1560 5058 1795 5129 regulam
1822 5059 1945 5114 ﬁdei
1973 5074 2077 5116 non

497 5152 725 5209 excedit.

568 5244 621 5299 7.
645 5241 797 5318 [vers.
822 5241 903 5316 6.]
925 5241 1213 5314 Increpasti
1236 5250 1427 5313 gentes,
1456 5251 1500 5296 et
1528 5243 1674 5312 periit
1699 5243 1906 5313 impius.
1928 5244 2075 5301 Con-

499 5336 799 5392 venientius
820 5335 923 5389 hoc
943 5335 1168 5390 Domino
1192 5332 1319 5389 Jesu
1340 5332 1557 5389 Christo
1581 5334 1707 5399 dici,
1722 5351 1880 5405 quam
1903 5337 2073 5407 ipsum

502 5428 703 5495 dicere,
736 5427 1043 5498 accipimus.
1072 5426 1202 5493 Quis
1227 5427 1369 5481 enim
1392 5427 1527 5481 alius
1556 5428 1847 5498 increpavit
1870 5440 2077 5500 gentes,

502 5528 559 5575 et
577 5520 736 5591 periit
760 5518 974 5589 impius,
997 5517 1099 5572 nisi
1119 5517 1209 5588 qui
1236 5527 1416 5588 postea
1445 5534 1604 5589 quam
1627 5522 1868 5577 ascendit
1894 5523 1945 5577 in
1973 5538 2083 5579 coe-

511 5614 641 5681 lum,
660 5614 802 5669 misit
829 5610 1087 5682 Spiritum
1115 5620 1378 5679 sanctum,
1406 5627 1513 5682 quo
1539 5614 1788 5683 completi
1816 5615 2077 5683 Apostoli,

508 5719 630 5760 cum
666 5704 854 5761 fiducia
881 5702 1232 5775 prmdimrent
1258 5704 1475 5760 verbum
1500 5705 1628 5772 Dei,
1661 5715 1716 5762 et
1740 5716 1954 5776 peccata
1984 5708 2083 5765 ho-

572 5911 592 5945 ι
616 5908 689 5958 sle
709 5907 760 5958 ia
783 5913 890 5957 ttss.
917 5912 973 5958 Αι
992 5905 1116 5970 apud
1134 5912 1267 5969 Lov.,
1289 5906 1530 5960 umerum
1552 5903 1779 5958 Ecclesia.

1695 404 1752 463 ε.
1795 395 2160 458 sponsum
2199 362 2501 462 EPISCOPl

2154 516 2353 572 minum
2385 521 2550 579 libere
2577 528 2900 598 arguerent?
2919 543 3021 600 qua
3051 527 3416 601 increpatione
3439 531 3596 603 periit
3625 534 3727 589 im-

2155 612 2306 682 pius;
2339 616 2460 685 quia
2483 617 2802 687 justilicatus
2829 630 2912 677 est
2939 621 3167 693 impius,
3196 631 3251 679 et
3278 622 3449 679 factus
3480 633 3566 680 est
3590 626 3728 696 pius.

2157 703 2353 761 Nomen
2382 727 2553 764 eorum
2575 711 2750 768 delein
2770 715 2821 768 in
2843 713 3105 783 saeculum,
3122 725 3170 771 et
3192 716 3247 770 in
3273 714 3514 771 steculum
3536 719 3729 774 saculi.

2155 800 2392 856 Deletum
2424 814 2504 859 est
2534 821 2725 863 nomen
2750 808 3032 879 impiorum
3064 828 3077 865 :
3103 826 3207 865 non
3229 812 3369 866 enim
3398 814 3734 883 appellantur

2154 894 2335 963 impii,
2369 897 2457 966 qui
2490 897 2600 952 Deo
2629 915 2755 953 vero
2798 900 3044 955 credunt.
3087 902 3300 957 Deletur
3333 913 3507 958 autem
3536 920 3731 959 nomen

2156 1000 2340 1041 eorum
2370 988 2421 1042 in
2440 990 2703 1055 sa'culum,
2734 990 2785 1046 id
2812 1001 2913 1056 est,
2944 993 3194 1062 quamdiu
3239 995 3533 1066 temporale
3560 1013 3735 1053 saccu-

2156 1077 2261 1133 lum
2294 1080 2537 1135 volvitur.
2570 1079 2638 1134 Et
2668 1082 2719 1136 in
2749 1084 2985 1138 sarculum
3014 1086 3207 1140 sa’culi.
3233 1086 3368 1153 Quid
3394 1099 3475 1141 est
3498 1089 3738 1142 saeculum

2155 1170 2329 1224 swculi
2346 1210 2363 1237 ,
2394 1171 2492 1224 nisi
2514 1172 2665 1243 cujus
2692 1173 2923 1243 efﬁgiem
2953 1183 3006 1230 et
3029 1183 3280 1246 tanquam
3310 1177 3549 1232 umbram
3581 1178 3740 1234 habet

2157 1261 2260 1318 hoc
2297 1265 2595 1320 sarculum?
2634 1265 2959 1322 Vicissitudo
2989 1270 3131 1324 enim
3158 1279 3458 1341 temporum
3488 1273 3589 1328 sibi
3616 1288 3740 1329 suc-

2154 1358 2454 1415 cedentium
2477 1402 2491 1424 ,
2537 1360 2663 1416 dum
2695 1362 2820 1418 luna
2853 1364 3107 1419 minuitur
3145 1373 3200 1421 et
3226 1381 3412 1421 rursus
3450 1365 3738 1437 impletur,

2156 1451 2281 1507 dum
2321 1455 2398 1509 sol
2428 1455 2572 1508 omni
2603 1472 2744 1510 anno
2775 1456 2952 1512 locum
3002 1473 3156 1513 suum
3188 1460 3419 1530 repetit,
3459 1460 3585 1515 dum
3627 1476 3738 1526 ver.

2155 1544 2237 1598 vel
2268 1554 2445 1610 testas,
2471 1546 2554 1601 vel
2570 1555 2876 1612 autumnus,
2895 1549 2980 1604 vel
3010 1549 3181 1604 hiems
3208 1552 3284 1605 sic
3310 1552 3499 1607 transit
3528 1560 3587 1608 ut
3614 1552 3739 1608 red-

2155 1646 2271 1702 eat,
2302 1637 2611 1693 :eternitatis
2641 1640 2881 1710 quaedam
2925 1641 3148 1696 imitatio
3193 1651 3293 1697 est.
3323 1642 3427 1698 Sed
3458 1643 3616 1715 hujus
3641 1659 3743 1698 sa:-

2159 1730 2261 1784 culi
2290 1730 2543 1786 saeculum
2571 1741 2652 1786 est
2677 1733 2817 1803 quod
2848 1732 3270 1789 incommutabili
3298 1736 3593 1792 aeternitate
3612 1751 3745 1792 con-

2158 1822 2315 1877 sistit.
2343 1822 2492 1879 Sicut
2531 1839 2717 1879 versus
2742 1824 2795 1878 in
2826 1823 3025 1887 animo,
3059 1836 3112 1880 et
3139 1840 3327 1881 versus
3358 1827 3411 1881 in
3438 1842 3571 1881 Voce
3606 1846 3620 1882 :
3651 1827 3745 1881 ille

2162 1919 2508 1989 intelligitur,
2538 1919 2641 1975 iste
2667 1918 2901 1984 auditur;
2936 1928 2987 1973 et
3031 1920 3123 1974 ille
3162 1920 3319 1975 istum
3349 1920 3657 1976 niodilicat:
3691 1931 3748 1977 et

2162 2010 2284 2066 ideo
2314 2010 2404 2065 ille
2431 2011 2482 2065 in
2509 2018 2623 2066 arte
2647 2020 2901 2082 operatur
2931 2020 2984 2066 et
3013 2022 3212 2075 manet,
3238 2012 3337 2066 iste
3368 2012 3419 2065 in
3450 2027 3573 2067 aere
3591 2020 3750 2067 sonat

2162 2112 2217 2159 et
2246 2105 2455 2160 transit.
2496 2103 2587 2159 Sic
2614 2104 2774 2172 hujus
2804 2104 3072 2158 mutabilis
3103 2104 3285 2159 saeculi
3331 2104 3520 2160 modus
3556 2104 3623 2159 ab
3650 2104 3752 2160 illo

2164 2198 2581 2254 incommutabili
2602 2197 2802 2254 sarculo
2822 2196 3093 2262 deﬁnitur,
3106 2195 3247 2267 quod
3267 2195 3464 2252 dicitur
3485 2197 3747 2252 oraculum

2161 2294 2340 2349 saeculi
2368 2311 2380 2345 ε
2404 2302 2457 2347 et
2480 2292 2600 2348 ideo
2623 2292 2752 2346 illud
2780 2292 2831 2345 in
2866 2301 2979 2346 arte
3011 2291 3134 2356 Dei,
3160 2290 3264 2346 hoc
3290 2299 3373 2346 est
3399 2292 3450 2346 in
3476 2290 3750 2360 Sapientia
3828 2271 3849 2279 ’

2161 2395 2215 2442 et
2239 2385 2448 2441 Virtute
2478 2394 2783 2455 permanet;
2806 2382 2907 2438 hoc
2939 2393 3115 2438 autem
3144 2383 3197 2438 in
3227 2393 3487 2438 creatura:
3514 2381 3754 2436 adminio

2160 2479 2417 2532 strationc
2464 2475 2755 2547 peragitur.
2791 2474 2848 2531 Si
2880 2485 3055 2530 tamen
3100 2490 3204 2528 non
3248 2474 3494 2544 repetitio
3530 2481 3643 2540 est,
3687 2482 3755 2528 ut

2161 2578 2343 2641 postea
2374 2584 2530 2639 quam
2556 2568 2755 2624 dictum
2780 2578 2864 2624 est
2890 2569 2940 2622 in
2967 2567 3230 2633 saeculum,
3251 2566 3447 2643 nehoc
3474 2567 3752 2636 accipere-

2163 2673 2248 2719 tur
2280 2663 2418 2734 quoil
2452 2662 2666 2726 transit,
2689 2660 3040 2731 subjiceretur
3058 2661 3110 2714 in
3135 2659 3377 2737 sarculum
3398 2659 3592 2713 seaculi.
3614 2658 3751 2713 Nam

2160 2758 2214 2813 in
2242 2756 2430 2827 graecis
2464 2754 2855 2827 exemplaribus
2894 2753 2972 2808 sic
2996 2761 3079 2809 est
3119 2771 3132 2807 :
3169 2763 3234 2816 εις
3259 2760 3336 2807 τὸν
3360 2761 3511 2807 αἰῶνα
3531 2794 3545 2818 ,
3576 2764 3658 2807 καὶ
3679 2762 3754 2815 εἰς

2160 2859 2239 2905 τὸν
2265 2858 2418 2903 αἰῶνα
2441 2858 2526 2904 τσῦ
2551 2859 2718 2910 αἰῶνος
2745 2863 2760 2913 ;
2786 2846 2925 2917 quod
2948 2846 3122 2902 Latini
3153 2845 3389 2915 plerique
3418 2846 3751 2914 interpretati

2160 2949 2314 3007 sunt,
2342 2956 2448 2995 non
2475 2940 2529 2994 in
2553 2939 2797 2995 naculum
2816 2980 2830 3004 ,
2867 2947 2913 2992 et
2946 2939 2996 2992 in
3025 2937 3267 2992 sarculum
3291 2935 3465 2991 swcult'
3487 2978 3501 3001 ,
3535 2935 3625 2990 sed
3646 2978 3660 3001 ,
3692 2937 3752 2991 in

2160 3042 2426 3099 aeternum,
2457 3042 2502 3085 et
2530 3032 2584 3085 in
2611 3032 2853 3085 saeculum
2876 3029 3052 3085 saéculi
3079 3046 3096 3083 :
3121 3038 3180 3083 ut
3206 3028 3257 3083 in
3287 3043 3354 3084 eo
3380 3028 3521 3099 quod
3546 3028 3752 3083 dictum

2161 3136 2244 3180 est
2271 3126 2328 3179 in
2355 3105 2597 3178 sicculum
2625 3116 2820 3189 seaculi,
2849 3121 2976 3177 illud
2998 3131 3359 3193 exponeretur
3384 3121 3522 3192 quod
3550 3122 3755 3177 dictum

2162 3227 2247 3274 est
2270 3219 2322 3272 in
2350 3228 2615 3274 internum.
2649 3216 2849 3271 Nomen
2879 3233 3005 3287 ergo
3025 3217 3294 3287 impiorum
3315 3217 3491 3271 delesti
3518 3218 3571 3270 in
3597 3224 3754 3270 teter-

2164 3327 2303 3373 num,
2332 3310 2452 3380 quia
2485 3310 2739 3379 deinceps
2758 3324 3028 3377 nunquam
3055 3318 3213 3363 erunt
3230 3308 3397 3377 impii.
3415 3307 3484 3362 Et
3509 3307 3623 3363 siin
3649 3306 3757 3364 hoc

2164 3403 2413 3460 smculum
2448 3417 2552 3456 non
2576 3401 2810 3458 tenditur
2837 3416 3034 3456 nomen
3060 3415 3269 3467 eorum,
3294 3399 3463 3455 multo
3492 3401 3670 3456 minus
3693 3401 3756 3457 il

2165 3495 2418 3550 saeculum
2446 3493 2646 3549 szeeuli.

2229 3585 2283 3642 8.
2327 3588 2479 3659 luerit.
2512 3582 2592 3657 7.]
2619 3582 2827 3638 Inimici
2841 3582 3127 3653 defecerunt
3153 3583 3357 3649 framea:
3370 3580 3422 3634 in
3438 3578 3610 3648 ﬁnem.
3628 3577 3750 3637 Non

2159 3678 2437 3751 pluraliter
2484 3675 2721 3743 inimici,
2778 3675 2873 3730 sed
2927 3673 3266 3744 singulariter
3319 3670 3477 3742 hujus
3522 3669 3747 3725 inimici.

2159 3768 2327 3841 Cujus
2352 3780 2527 3825 autem
2555 3767 2777 3833 inimici,
2801 3767 2901 3821 nisi
2927 3766 3124 3821 diaboli
3157 3762 3372 3820 framea:
3401 3762 3751 3819 defecerunt?

2163 3862 2257 3917 Hm
2285 3871 2464 3917 autem
2506 3860 2877 3931 intelliguntur
2920 3858 3147 3915 diversae
3196 3858 3474 3928 opiniones
3523 3857 3746 3923 erroris,

2162 3953 2354 4025 quibus
2393 3952 2482 4009 ille
2522 3952 2727 4007 animas
2767 3962 3013 4022 tanquam
3040 3949 3229 4022 gladiis
3254 3948 3481 4019 perimit.
3516 3947 3607 4002 llis
3632 3947 3751 4016 gla-

2163 4046 2266 4101 diis
2293 4045 2569 4101 vincendis
2597 4054 2651 4101 et
2693 4045 2758 4100 ad
2802 4044 3062 4101 defectum
3093 4041 3444 4114 perducendls
3474 4041 3632 4096 instat
3661 4039 3758 4095 ille

2162 4138 2389 4209 gladius,
2415 4137 2484 4194 de
2505 4153 2610 4209 quo
2649 4136 2702 4191 in
2729 4138 2956 4205 septimo
2985 4137 3190 4207 psalmo
3217 4135 3449 4191 dicitur:
3482 4133 3599 4188 Nisi
3624 4149 3754 4187 con-

2166 4233 2445 4296 vertamini,
2491 4230 2720 4301 gladium
2748 4247 2896 4286 suum
2924 4230 3134 4285 oibrabit
3183 4228 3355 4299 (Psal.
3403 4242 3498 4297 vn,
3547 4227 3655 4297 l3).
3690 4225 3761 4281 Et

2169 4327 2305 4381 forte
2334 4326 2433 4379 iste
2464 4332 2551 4381 est
2570 4323 2693 4379 ﬁnis
2718 4326 2769 4379 in
2810 4339 2970 4394 quem
3010 4323 3227 4378 framea:
3252 4320 3506 4378 deﬁciunt
3531 4318 3754 4387 inimici,

2169 4420 2289 4491 quia
2320 4433 2488 4489 usque
2517 4417 2582 4473 ad
2611 4418 2783 4487 ipsum
2804 4414 3005 4487 aliquid
3030 4415 3239 4479 valent;
3262 4414 3378 4482 ipse
3408 4427 3548 4466 nunc
3566 4425 3762 4482 opera-

2171 4522 2256 4568 tur
2283 4512 2512 4579 occulte,
2545 4511 2733 4566 ultimo
2761 4519 2937 4564 autem
2971 4507 3174 4578 judicio
3219 4506 3391 4576 palam
3439 4503 3754 4558 vibrahitur.

2174 4606 2283 4661 Hoc
2307 4604 2654 4660 destruuntur
2696 4601 2967 4666 civitates;
3000 4614 3123 4654 nam
3157 4598 3226 4652 ita
3260 4596 3520 4666 sequitur,
3551 4592 3762 4647 Inimici

2172 4700 2462 4771 defecerunt
2487 4702 2693 4769 frametc
2717 4696 2771 4750 in
2800 4695 2982 4764 ﬁnem;
3004 4691 3049 4749 et
3084 4692 3308 4747 ciuitates
3330 4688 3621 4744 destrua‘isti
3640 4700 3666 4743 :
3683 4687 3764 4741 ci-

2173 4793 2363 4849 vitates
2390 4800 2568 4846 autem
2608 4790 2661 4845 in
2691 4789 2887 4860 quibus
2927 4786 3175 4843 diabolus
3202 4794 3409 4856 regnat,
3447 4781 3534 4837 ubi
3574 4780 3762 4835 dolosa

2175 4894 2229 4939 et
2250 4882 2585 4939 fraudulenta
2606 4880 2825 4938 consilia
2849 4888 3098 4950 tanquam
3121 4877 3280 4932 curiae
3298 4876 3471 4930 locum
3494 4873 3760 4955 obtinent,

2175 4978 2263 5034 cui
2292 4976 2610 5049 principatui
2636 4975 2783 5046 quasi
2814 4973 3076 5031 satellites
3096 4982 3150 5028 et
3171 4969 3400 5027 ministri
3429 4968 3624 5023 adsunt
3644 4966 3764 5020 offi-

2176 5072 2259 5128 cia
2301 5085 2636 5143 quorumque
2675 5068 3058 5133 membrorum,
3096 5066 3231 5121 oculi
3277 5064 3343 5119 ad
3374 5061 3762 5125 curiositatem,

2177 5179 2335 5221 aures
2349 5165 2416 5220 ad
2434 5164 2725 5228 lasciviam,
2750 5162 2832 5217 vel
2852 5162 2896 5216 si
2918 5159 3042 5232 quid
3060 5168 3143 5215 est
3167 5157 3309 5213 aliud
3329 5156 3471 5228 quod
3495 5156 3547 5210 in
3568 5153 3766 5210 malam

2180 5270 2382 5332 partem
2408 5259 2636 5315 libenter
2657 5255 2893 5321 auditur,
2925 5267 3115 5309 manus
3132 5251 3199 5307 ad
3222 5250 3459 5321 rapinam
3485 5247 3569 5304 vel
3595 5244 3770 5318 quod-

2181 5355 2308 5411 libet
2332 5353 2472 5408 aliud
2501 5353 2702 5408 facinus
2743 5360 2833 5406 aut
2877 5348 3153 5419 ﬂagitium,
3202 5354 3259 5402 et
3302 5343 3541 5400 membra
3569 5351 3766 5397 caetera

2180 5446 2235 5502 in
2257 5444 2400 5500 hunc
2415 5444 2629 5499 modum
2655 5442 2934 5513 tyrannica
2960 5437 3298 5510 principatui,
3327 5435 3379 5492 id
3402 5442 3487 5491 est
3502 5432 3773 5505 perversis

2181 5538 2417 5595 consiliis
2441 5536 2741 5591 militantia.
2764 5532 2931 5601 Hujus
2952 5532 3183 5587 civitatis
3202 5531 3351 5602 quasi
3381 5528 3530 5601 plebs
3550 5536 3633 5584 est
3652 5541 3769 5582 om-

2191 5640 2286 5680 nes
2318 5622 2555 5677 delicatae
2591 5617 2897 5672 affectiones
2937 5625 2991 5672 et
3028 5617 3314 5673 turbulenti
3353 5629 3527 5671 metus
3572 5618 3767 5682 animi,

2193 5712 2524 5786 quotidianas
2553 5708 2841 5763 seditiones
2880 5710 2931 5762 in
2962 5707 3179 5763 homine
3208 5710 3487 5779 agitantes.
3516 5708 3657 5778 Ergo
3680 5708 3770 5763 tibi

2198 5822 2319 5870 rex,
2349 5804 2436 5857 ubi
2463 5802 2607 5856 curia
2630 5843 2644 5866 ,
2670 5800 2757 5854 ubi
2788 5801 3015 5856 ministri
3035 5843 3050 5866 ,
3075 5802 3163 5856 ubi
3191 5802 3343 5871 plebs
3371 5803 3658 5866 invenitur,
3690 5803 3772 5857 ci-

2202 5899 2337 5953 vitas
2358 5904 2441 5951 est
2471 5912 2484 5947 :
2515 5908 2686 5962 neque
2717 5893 2857 5947 enim
2890 5893 3011 5947 talia
3043 5902 3223 5948 essent
3260 5893 3310 5947 in
3347 5893 3503 5947 malis
3541 5893 3774 5950 civitatir
