4042 6490
198 442 291 502 ης
1364 419 1766 482 ENABRATIO
1806 418 1871 476 IN
1910 419 2233 482 PSALMUM
2272 422 2363 479 IX.

202 559 313 620 bis,
338 549 443 606 nisi
466 548 638 622 prius
667 553 867 605 essent
889 545 941 602 in
971 541 1195 615 singulis
1221 539 1550 607 hominibus,
1572 536 1661 608 qui
1685 545 1811 591 sunt

202 659 449 719 tanquam
477 643 763 698 elementa
793 649 850 695 et
873 638 1080 696 semina
1108 634 1402 691 civitatum.
1438 631 1542 685 Has
1568 629 1810 685 civitates

202 741 451 802 destruit,
484 751 613 791 cum
646 734 874 790 excluso
913 730 1036 786 inde
1068 727 1337 799 principe,
1369 724 1435 780 dc
1477 737 1583 794 quo
1610 722 1810 785 dictum

201 847 317 901 est,
354 832 608 900 Princeps
642 828 803 899 hujus
830 825 1002 881 seculi
1033 823 1217 877 missus
1243 829 1316 875 est
1338 823 1478 890 [oras
1505 815 1685 885 (Joan.
1714 829 1806 875 xu,

203 932 321 997 3|),
354 932 641 980 natantur
684 922 803 975 haec
842 931 1004 989 regna
1046 914 1210 971 verbo
1233 911 1503 978 veritatis,
1531 909 1812 980 sopiuntur

204 1022 438 1092 maligna
459 1015 713 1080 consilia,
743 1023 928 1083 turpes
946 1009 1258 1065 affectiones
1284 1006 1619 1071 edomantur,
1644 1018 1811 1058 mem-

205 1114 428 1169 brorum
477 1118 534 1166 et
572 1121 831 1164 sensuum
880 1102 1172 1158 ministeria
1221 1100 1589 1170 captivantur,
1646 1103 1699 1151 et
1741 1094 1807 1151 ad

202 1207 428 1280 justitize
459 1212 516 1261 et
540 1203 812 1258 bonorum
838 1212 1061 1270 operum
1099 1195 1337 1250 militiam
1364 1192 1760 1247 transferuntur
1790 1203 1805 1243 :

205 1310 267 1355 ut
285 1300 426 1370 jam,
460 1296 602 1351 sicut
632 1292 928 1363 Apostolus
953 1288 1111 1356 dicit,
1143 1303 1244 1343 non
1268 1295 1439 1356 regnet
1469 1293 1729 1356 peccatum
1756 1282 1809 1335 in

204 1405 383 1449 nostro
413 1391 623 1447 mortali
652 1404 867 1460 corpore
895 1385 1067 1460 (Rom.
1092 1400 1165 1450 vr,
1195 1382 1309 1453 12),
1350 1390 1405 1439 et
1433 1389 1627 1437 cmlera
1656 1378 1809 1450 hujus

206 1488 335 1543 loci.
379 1486 535 1540 Tunc
582 1490 804 1552 pacatur
846 1479 1020 1534 anima
1046 1518 1062 1544 ,
1111 1485 1166 1532 et
1209 1474 1487 1530 ordinatur
1530 1472 1693 1528 homo
1740 1471 1806 1527 ad

205 1583 443 1651 quietem
474 1586 529 1632 et
559 1576 626 1631 ad
664 1572 1050 1629 beatitudinem
1076 1567 1482 1640 capessendam.
1509 1565 1669 1619 Periit
1699 1580 1808 1618 me-

204 1675 373 1728 moria
424 1687 600 1726 eorum
642 1684 756 1722 cum
806 1666 1064 1736 strepitu:
1114 1662 1398 1733 impiorum
1446 1658 1670 1715 scilicet.
1700 1656 1806 1713 Sed

206 1784 322 1821 eum
352 1766 590 1834 strepitu,
621 1763 736 1817 sive
762 1760 886 1831 quia
916 1758 973 1812 lit
992 1757 1276 1826 strepitus,
1309 1753 1509 1809 dictum
1549 1759 1664 1816 est,
1688 1765 1805 1806 cum

206 1861 464 1932 impietas
490 1855 785 1918 evertitur;
818 1867 925 1906 non
949 1852 1090 1906 enim
1116 1846 1305 1903 transit
1325 1845 1393 1904 ad
1418 1859 1680 1899 summam
1711 1859 1805 1913 pa-

203 1968 361 2015 cem,
385 1953 474 2005 ubi
500 1962 767 2004 summum
789 1944 1061 2000 silentium
1083 1949 1183 2005 est,
1210 1939 1315 1995 nisi
1345 1938 1432 2009 qui
1457 1952 1647 2008 magno
1670 1944 1807 1992 stre.

204 2048 330 2118 pitu
381 2045 528 2115 prius
566 2057 689 2097 eum
729 2042 846 2095 suis
876 2039 1017 2093 vitiis
1044 2033 1439 2106 belligeraverit
1482 2049 1496 2085 :
1536 2032 1650 2086 sive
1692 2046 1808 2085 cum

204 2141 423 2209 strepitu
464 2137 666 2191 dictum
717 2141 839 2199 est,
895 2141 953 2186 ut
992 2138 1177 2201 pereat
1214 2126 1472 2183 memoria
1522 2124 1804 2195 impiorum

206 2233 370 2287 etiam
400 2232 520 2300 ipso
550 2228 782 2298 strepitu
809 2234 1086 2297 pereunte,
1118 2223 1170 2277 in
1199 2237 1306 2294 quo
1335 2219 1685 2276 tumultuatur
1710 2218 1809 2273 im-

209 2325 401 2395 pietas.

275 2415 334 2470 9.
364 2412 520 2487 [rem
551 2413 619 2478 8,
662 2410 745 2485 9.]
779 2408 848 2464 Et
890 2406 1137 2463 Dominus
1165 2409 1218 2462 in
1257 2417 1500 2462 teternum
1527 2413 1804 2477 permanet.

211 2508 402 2578 thuid
441 2521 579 2576 ergo
624 2505 955 2559 fremuerunt
994 2511 1214 2571 gentes,
1250 2508 1306 2554 et
1345 2499 1523 2570 populi
1567 2497 1806 2553 meditati

206 2608 329 2654 sunt
353 2598 555 2660 inania,
582 2596 840 2650 adversus
870 2594 1149 2648 Dominum
1176 2602 1231 2647 ει
1251 2591 1509 2646 adversus
1530 2589 1806 2644 Christum

209 2694 321 2764 ejus
352 2692 524 2764 (Psal.
546 2707 606 2757 u,
637 2689 730 2762 1)?
753 2705 873 2743 nam
905 2687 1155 2742 Dominus
1173 2687 1227 2741 in
1253 2695 1497 2740 teternum
1525 2692 1803 2754 permanet.

211 2787 417 2841 Paravit
444 2786 498 2839 in
516 2784 724 2856 judicio
753 2782 924 2837 sedem
947 2798 1093 2837 suam
1112 2823 1125 2848 ,
1158 2791 1205 2835 et
1226 2781 1334 2851 ipse
1352 2778 1603 2850 judicabit
1636 2777 1807 2831 orbem

211 2891 461 2934 terrarum
486 2880 543 2931 in
571 2877 828 2944 tequitate.
857 2875 1101 2939 Paravit,
1126 2889 1246 2929 cum
1276 2872 1544 2941 judicatus
1569 2878 1685 2934 εει,
1714 2886 1803 2925 εε-

209 2972 331 3027 dem
359 2986 513 3025 suam
549 2987 564 3022 :
599 2982 698 3039 per
722 2967 869 3022 illam
897 2967 1037 3021 enim
1070 2963 1381 3035 patientiam
1414 2961 1575 3015 homo
1607 2961 1803 3016 ecelum

212 3064 532 3137 acquisivit,
566 3070 621 3114 et
646 3059 792 3114 Deus
831 3060 880 3113 in
908 3057 1125 3113 homine
1154 3058 1168 3089 ¹
1198 3054 1542 3111 credentibus
1572 3053 1802 3124 profuit;

209 3171 260 3215 et
302 3159 410 3215 hoc
451 3168 536 3214 est
579 3158 851 3214 occultum
878 3155 996 3210 Filii
1022 3155 1307 3226 judicium.
1348 3154 1454 3210 Sed
1494 3154 1613 3223 quia
1643 3153 1803 3208 etiam

206 3252 385 3323 palam
411 3249 805 3320 manifesteque
831 3255 1086 3302 venturus
1111 3253 1196 3301 est
1215 3245 1281 3300 ad
1303 3245 1453 3300 vivos
1482 3253 1535 3299 et
1563 3252 1804 3299 mortuos

202 3345 526 3415 iudicandos
545 3387 559 3409 ,
596 3343 806 3414 paravit
847 3342 900 3395 in
931 3340 1139 3396 occulto
1165 3339 1367 3410 judicio
1395 3337 1582 3394 sedem
1613 3353 1796 3403 suam;

204 3449 250 3494 et
272 3441 390 3508 ipse
405 3440 535 3493 item
555 3438 728 3509 palam
746 3434 1001 3507 judicabit
1020 3434 1191 3489 orbem
1213 3442 1459 3487 terrarum
1480 3435 1532 3485 in
1547 3433 1801 3503 aequitate,

205 3532 257 3587 id
296 3542 419 3597 est,
452 3532 659 3587 meritis
684 3530 844 3601 digna
873 3528 1186 3595 distribuct,
1230 3541 1398 3599 agnos
1427 3525 1493 3581 ad
1530 3526 1803 3582 dexteram

204 3639 449 3695 ponens,
479 3623 664 3678 haedos
692 3624 759 3677 ad
790 3622 1057 3677 sinistram
1095 3620 1308 3694 (Matth.
1346 3636 1476 3686 xxv,
1505 3620 1619 3687 3'5).
1651 3617 1806 3673 Iudi-

209 3717 348 3771 eabit
386 3718 606 3788 papulas
628 3733 743 3771 eum
770 3715 996 3787 justitia.
1032 3713 1143 3768 Hoc
1169 3722 1252 3768 est
1276 3714 1414 3784 quod
1453 3715 1697 3783 superius
1718 3712 1805 3769 di-

204 3819 357 3865 ctum
399 3807 791 3875 est,Judicabit
817 3806 985 3861 orbem
1016 3815 1262 3860 terrarum
1289 3806 1343 3860 in
1371 3806 1606 3876 (equitate
1644 3821 1662 3860 :
1696 3820 1805 3861 non

205 3901 666 3973 quemadmodum
693 3901 939 3972 jndicant
967 3899 1246 3966 homines,
1279 3899 1367 3969 qui
1395 3900 1554 3954 corda
1587 3912 1695 3954 non
1717 3898 1803 3955 vi-

205 3992 382 4056 dent,
434 4007 465 4045 a
513 3991 703 4061 quibus
748 3991 1064 4061 plerumque
1104 3990 1402 4045 deteriores
1451 3989 1803 4044 absolvuntur

200 4098 374 4154 quam
403 4082 866 4143 condemnamur;
898 4080 991 4134 sed
1031 4082 1081 4133 in
1122 4080 1373 4149 aequitate
1400 4088 1453 4135 ει
1498 4095 1616 4133 cmn
1643 4080 1803 4151 quti-

202 4175 276 4228 tia
308 4173 579 4228 Dominus
598 4171 862 4243 judicabit
885 4214 898 4236 ,
932 4171 1293 4225 testimonium
1325 4170 1638 4239 perbibente
1674 4186 1804 4226 con-

204 4267 439 4322 scientia
464 4307 479 4329 ,
512 4275 567 4320 et
607 4264 1017 4335 cogitationibus
1057 4264 1429 4319 accusantibus
1472 4278 1568 4318 seu
1611 4263 1797 4318 defen-

202 4360 468 4416 dentibus
496 4357 670 4428 (Rom.
698 4375 756 4422 τι,
786 4357 901 4429 15).

273 4451 373 4506 10.
407 4448 561 4522 [rem
592 4447 703 4522 10.]
732 4447 796 4501 Et
823 4452 987 4520 factus
1017 4456 1091 4502 est
1112 4446 1362 4501 Dominus
1384 4446 1637 4517 refugium
1667 4462 1800 4516 pau-

204 4542 317 4611 peri
342 4540 446 4612 (a).
477 4539 875 4607 Quantumlibet
908 4546 1258 4608 persequatur
1285 4537 1531 4592 inimicus
1558 4536 1679 4602 ille,
1712 4538 1802 4607 qui

200 4647 511 4688 emersus
539 4640 622 4687 εει
661 4642 806 4686 retro
829 4670 845 4694 ,
877 4628 1002 4700 quid
1044 4628 1257 4683 nocebit
1299 4627 1378 4683 eis
1403 4642 1630 4698 quorum
1661 4626 1804 4681 relu-

200 4730 362 4798 gium
394 4725 570 4779 fartus
599 4732 681 4779 est
711 4722 1001 4778 Dominus?
1039 4722 1142 4777 Sed
1173 4722 1274 4775 hoc
1301 4720 1421 4786 lict,
1452 4720 1495 4773 si
1529 4720 1580 4772 in
1608 4720 1805 4774 satculo

203 4819 310 4873 hoc
328 4816 535 4886 ,cujus
562 4816 650 4871 ille
679 4815 1018 4884 magistratus
1044 4821 1127 4868 est
1149 4854 1165 4878 ,
1199 4826 1460 4882 pauperes
1496 4826 1617 4867 esse
1653 4811 1804 4865 dele—

200 4911 428 4981 gerint,
481 4908 614 4962 nihil
665 4905 896 4960 amando
941 4904 1083 4976 quod
1132 4904 1214 4958 vel
1266 4904 1352 4958 hic
1397 4903 1668 4959 viventem
1718 4913 1801 4957 aut

198 5011 487 5058 amantem
516 5001 739 5065 deserit,
768 4998 851 5055 vel
879 5014 906 5053 a
936 5000 1200 5053 moriente
1226 4998 1521 5060 deseritur;
1552 4997 1639 5050 tali
1663 4997 1803 5051 enim
1894 5036 1897 5041 ‹

200 5095 437 5169 pauperi
462 5093 725 5164 refugium
756 5093 926 5146 lactus
955 5100 1036 5145 est
1063 5090 1350 5157 Dominus,
1382 5089 1603 5161 Adjutor
1626 5090 1679 5143 in
1710 5106 1806 5161 op-

203 5185 640 5261 portunitatibus,
670 5187 723 5240 in
747 5184 1087 5238 tribulatione.
1112 5183 1201 5239 Sic
1226 5198 1490 5253 pauperes
1510 5183 1650 5247 facit,
1675 5196 1807 5253 quo-

205 5286 367 5337 niam
390 5279 620 5350 llagellat
649 5293 865 5334 omnem
900 5278 1064 5332 lilium
1093 5293 1250 5346 quem
1282 5277 1471 5346 recipit
1497 5275 1680 5346 (Hebr.
1713 5292 1827 5343 xu,

200 5376 281 5444 6).
309 5372 453 5429 Nam
480 5372 603 5442 quid
634 5371 705 5424 sit
733 5370 940 5441 adjutor
962 5370 1014 5422 in
1040 5368 1500 5439 opportunitatibus
1519 5409 1534 5435 ,
1558 5368 1809 5437 exposuit

197 5481 331 5521 cum
370 5463 602 5529 addidit,
650 5463 705 5514 in
752 5460 1071 5514 tribulatione
1106 5476 1124 5513 :
1155 5474 1261 5513 non
1299 5459 1439 5513 enim
1472 5459 1804 5513 convertitur

199 5559 399 5611 animo
428 5554 494 5610 ad
525 5556 692 5610 Deum
715 5595 730 5620 ,
763 5553 865 5607 nisi
895 5552 1023 5607 dum
1051 5552 1118 5607 ab
1148 5550 1250 5606 hoc
1290 5552 1486 5606 smculo
1516 5550 1797 5617 avertitur;

200 5665 309 5704 nec
365 5646 718 5717 Opportunius
786 5644 855 5698 ab
919 5644 1021 5698 hoc
1050 5632 1245 5699 saeculo
1272 5643 1546 5710 avertitur,
1570 5643 1670 5697 nisi
1702 5659 1806 5697 nu-

198 5740 439 5812 gatoriis
478 5739 594 5810 ejus
623 5747 682 5794 et
709 5735 887 5791 noxiis
922 5745 975 5790 et
999 5736 1317 5808 perniciosis
1342 5735 1706 5806 voluptatibus
1730 5735 1808 5790 la-

270 5880 293 5909 ι
320 5875 519 5925 sicis.
541 5873 669 5924 Editl
689 5882 832 5932 vero,
855 5874 903 5921 et
925 5878 1055 5922 Deus

271 5937 359 6001 μ)
386 5937 513 5987 ldem
532 5947 674 5989 vers.
694 5932 760 5985 10
777 5929 1040 5996 exponitur
1074 5933 1127 5982 in
1143 5938 1283 5982 ans.
1307 5929 1429 5982 γεεί.
1450 5942 1650 5993 unm,
1674 5945 1725 5982 ιι.
1750 5930 1801 5983 Β.

1920 535 2079 593 bores
2107 537 2426 611 doloresque
2450 538 2792 595 misceantur.

1990 632 2077 687 11.
2110 629 2259 705 (vers.
2294 630 2406 706 11.]
2437 631 2505 687 Et
2530 643 2730 704 sperent
2758 633 2813 688 in
2842 641 2888 688 te
2910 633 2927 666 ί
2964 634 3051 706 qui
3079 644 3383 707 cognoscunt
3411 652 3503 693 no-

1916 737 2030 777 men
2060 732 2201 778 tuum
2233 739 2252 778 :
2294 738 2415 778 cum
2445 723 2749 780 destiterint
2778 739 2999 795 sperare
3046 725 3101 781 in
3134 725 3331 783 divitiis
3367 728 3501 784 etin

1916 813 2034 868 aliis
2067 814 2225 885 hujus
2265 815 2447 871 saeculi
2489 816 2888 871 blandimentis.
2915 816 3256 884 Quaarcutem
3304 820 3502 890 quippe

1916 904 2146 960 animant
2194 905 2281 960 ubi
2314 907 2431 975 ﬁgat
2467 922 2617 978 spem
2643 950 2659 975 ,
2692 924 2812 962 cum
2857 908 2924 963 ab
2953 907 3057 964 hoc
3089 908 3289 964 mundo
3314 910 3501 965 avelli-

1918 1005 2020 1061 tur,
2049 1007 2350 1069 opportune
2377 1000 2572 1070 excipit
2614 1002 2847 1071 cognitio
2891 1002 3123 1056 nominis
3151 1002 3242 1057 Dei
3270 1003 3291 1034 ²
3321 1021 3334 1057 :
3373 1018 3495 1058 nam

1916 1106 2109 1146 nomen
2138 1093 2309 1162 ipsum
2343 1093 2434 1148 Dei
2470 1108 2608 1149 nunc
2649 1110 3033 1167 usquequaque
3063 1094 3332 1163 vulgatum
3378 1105 3497 1162 est;

1916 1184 2009 1238 sed
2037 1184 2269 1256 cognitio
2296 1185 2528 1240 nominis
2558 1194 2667 1250 est,
2715 1201 2837 1241 cum
2867 1186 2954 1241 ille
2981 1188 3322 1258 cognoscitur
3350 1186 3502 1257 cujus

1914 1287 1997 1334 est
2023 1294 2215 1333 nomen
2242 1297 2255 1333 :
2288 1296 2391 1334 non
2418 1280 2559 1334 enim
2586 1295 2778 1336 nomen
2811 1290 3030 1351 propter
3053 1296 3113 1335 se
3143 1296 3338 1334 nomen
3367 1291 3484 1345 est,

1914 1368 2006 1423 sed
2056 1377 2276 1439 propter
2304 1369 2355 1424 id
2394 1369 2534 1440 quod
2576 1371 2859 1442 signiﬁcat.
2906 1370 3111 1425 Dictum
3159 1380 3241 1425 est
3286 1380 3499 1437 autent,

1913 1458 2162 1514 Dominus
2198 1476 2375 1514 nomen
2423 1469 2493 1513 est
2539 1458 2615 1514 illi
2642 1459 2855 1531 (Jerem.
2902 1477 3076 1516 xxxtu
3101 1503 3117 1528 ,
3147 1460 3223 1535 2).
3259 1461 3499 1531 Quapro-

1912 1560 2030 1621 pter
2057 1553 2146 1623 qui
2191 1568 2248 1608 se
2292 1552 2522 1609 libenter
2565 1553 2676 1608 Deo
2718 1552 2973 1608 famulum
3004 1552 3215 1617 subdit,
3254 1553 3501 1623 cognovit

1912 1643 2015 1700 hoc
2055 1661 2271 1703 nomen.
2306 1646 2372 1701 Et
2421 1658 2620 1717 sperent
2662 1648 2715 1702 in
2755 1658 2803 1704 te
2845 1649 2932 1720 qui
2979 1657 3280 1721 cognoscunt
3321 1664 3502 1702 nomen

1912 1744 2072 1792 tuum.
2122 1736 2252 1792 Item
2298 1739 2553 1794 Dominus
2587 1737 2717 1795 dicit
2745 1740 2811 1795 ad
2851 1740 3108 1813 Moysen:
3144 1739 3250 1811 Ego
3279 1756 3389 1793 sum
3415 1739 3502 1810 qui

1910 1846 2061 1895 sum;
2088 1841 2132 1885 et
2161 1832 2293 1885 dices
2319 1833 2439 1902 [iliis
2464 1831 2667 1887 Israel:
2695 1832 2836 1887 Misit
2864 1849 2941 1886 me
2967 1834 3055 1903 qui
3085 1842 3155 1885 est
3185 1832 3379 1906 (Exod.
3414 1847 3490 1899 ut,

1912 1922 2024 1993 1i).
2056 1922 2272 1994 Sperent
2296 1939 2423 1993 ergo
2449 1926 2500 1977 in
2528 1933 2575 1977 te
2598 1925 2685 1994 qui
2704 1934 3008 1995 cognoscunt
3032 1941 3213 1977 nomen
3241 1935 3381 1977 tuum
3394 1938 3413 1975 .'
3434 1937 3499 1977 ne

1910 2024 2126 2084 sperent
2146 2015 2198 2069 in
2228 2014 2310 2070 his
2340 2015 2499 2070 rebus
2514 2031 2632 2085 quae
2651 2015 2902 2084 temporis
2925 2013 3252 2069 volubilitate
3273 2023 3500 2085 praeter-

1912 2104 2104 2172 ﬂuunt,
2130 2106 2258 2160 nihil
2288 2105 2548 2162 habentes
2572 2106 2691 2167 nisi,
2717 2106 2837 2171 erit,
2862 2116 2915 2162 et
2937 2095 3036 2160 luit
3055 2123 3069 2172 ;
3089 2107 3337 2177 quoniam
3359 2105 3505 2177 quod.

1912 2199 1966 2254 in
1998 2198 2101 2254 illis
2130 2197 2366 2253 futurum
2403 2207 2518 2266 est,
2546 2214 2666 2255 cum
2697 2200 2930 2265 venerit,
2962 2199 3019 2253 lit
3047 2199 3226 2254 statim
3256 2199 3500 2269 praeteri-

1914 2301 2056 2360 tum;
2082 2300 2424 2363 exspectatur
2450 2308 2570 2348 cum
2600 2294 2891 2363 cupiditate
2911 2335 2923 2358 ,
2952 2292 3211 2348 amittitur
3247 2306 3367 2347 cum
3398 2290 3500 2345 do-

1913 2383 2044 2439 lore.
2075 2383 2133 2438 ln
2163 2383 2259 2438 Dei
2286 2392 2463 2439 autem
2491 2393 2676 2439 natura
2705 2400 2811 2439 non
2833 2384 2937 2439 erit
2959 2383 3179 2455 aliquid,
3197 2383 3347 2455 quasi
3368 2398 3502 2437 non-

1913 2474 2039 2529 dum
2070 2476 2168 2542 sit;
2196 2484 2286 2529 aut
2318 2473 2446 2543 fuit,
2485 2475 2636 2546 quasi
2660 2474 2769 2546 jam
2799 2490 2904 2530 non
2936 2476 3041 2530 sit:
3068 2474 3162 2530 sed
3188 2483 3271 2529 est
3299 2482 3500 2529 tantum

1912 2565 1963 2621 id
1992 2565 2128 2636 ‘quod
2153 2575 2253 2628 est,
2283 2574 2337 2620 et
2366 2566 2478 2636 ipsa
2506 2575 2589 2621 εει
2614 2565 2903 2623 aeternitas.
2923 2565 3181 2620 Desinant
3206 2565 3364 2635 igitur
3383 2580 3503 2636 spe-

1914 2673 2034 2712 rare
2061 2665 2117 2713 et
2143 2656 2364 2728 diligere
2393 2658 2701 2728 temporalia
2726 2699 2741 2725 ,
2774 2667 2829 2713 et
2869 2673 2929 2714 se
2965 2657 3032 2713 ad
3072 2666 3324 2713 aeternam
3353 2673 3502 2728 spem

1912 2750 2190 2805 conferant
2210 2792 2224 2815 ,
2243 2749 2331 2819 qui
2360 2760 2689 2820 cognoscunt
2716 2764 2909 2805 nomen
2936 2750 3053 2821 ejus
3073 2751 3160 2821 qui
3188 2750 3323 2805 dixit
3351 2769 3362 2804 :
3388 2749 3502 2823 Ego

1910 2860 2022 2898 sum
2052 2842 2135 2912 qui
2165 2859 2298 2908 sum,
2323 2853 2377 2898 et
2405 2843 2472 2897 de
2497 2858 2604 2913 quo
2629 2843 2828 2898 dictum
2859 2852 2943 2898 est
2972 2862 2985 2898 :
3020 2841 3159 2897 Misit
3186 2860 3264 2896 me
3292 2844 3378 2913 qui
3405 2851 3497 2896 est.

1915 2934 2166 3002 Quoniam
2212 2950 2311 2988 non
2352 2934 2658 3005 dereliquiin
2699 2944 2975 3004 querentes
3000 2943 3077 3001 te,
3120 2932 3353 2988 Domine.
3398 2934 3496 3000 Qui

1908 3043 2030 3084 eum
2070 3037 2329 3097 quierunt,
2358 3027 2467 3097 jam
2499 3028 2824 3087 transeuntis
2852 3035 2905 3082 et
2927 3027 3186 3082 moritura
3218 3042 3322 3081 non
3348 3042 3492 3097 quac-

1909 3128 2033 3175 runt
2050 3138 2064 3174 :
2080 3134 2237 3174 nemo
2254 3120 2396 3173 enim
2413 3128 2587 3189 potest
2604 3118 2813 3175 duobus
2827 3118 3054 3174 dominis
3071 3120 3270 3175 servire
3284 3116 3498 3193 (Matth.

1912 3226 1987 3277 Vt,
2020 3211 2131 3281 24).

1981 3301 2068 3357 12.
2101 3301 2253 3376 [verm
2288 3301 2402 3379 ll]
2438 3301 2649 3357 Psallite
2675 3301 2914 3367 Domino,
2942 3302 3029 3375 qui
3054 3301 3243 3356 habitat
3263 3302 3315 3356 iu
3337 3300 3464 3358 Sion
3482 3318 3502 3358 :

1910 3396 1994 3452 bis
2021 3397 2238 3463 dicitur,
2272 3410 2406 3466 quos
2438 3412 2540 3449 non
2572 3394 3209 3465 derelinquitquaerentes
3235 3410 3294 3449 se
3325 3395 3500 3449 Domi-

1908 3504 2028 3543 nus.
2059 3487 2175 3557 lpse
2200 3487 2401 3542 habitat
2430 3487 2482 3540 in
2516 3486 2677 3552 Sion,
2711 3486 2851 3555 quod
2895 3486 3270 3556 interpretatur
3295 3485 3497 3558 Specu-

1909 3579 2035 3635 latio
2060 3621 2074 3644 ,
2105 3588 2159 3632 et
2200 3586 2370 3640 gestat
2413 3577 2697 3648 imaginem
2737 3576 2990 3631 Ecclesiae
3034 3592 3153 3648 qua:
3183 3592 3324 3632 nunc
3365 3586 3495 3634 est:

1908 3671 2045 3726 sicut
2068 3669 2364 3725 Jerusalem
2387 3677 2562 3740 gestat
2589 3668 2872 3738 imaginem
2898 3666 3150 3723 Ecclesia:
3178 3684 3297 3738 qua:
3325 3667 3496 3724 futura

1907 3771 2012 3829 est,
2031 3762 2081 3816 id
2105 3770 2188 3816 est
2215 3762 2441 3816 civitatis
2467 3770 2781 3815 sanctorum
2798 3759 2909 3831 jam
2933 3759 3167 3831 angelica
3190 3759 3295 3814 vita
3318 3758 3499 3815 fruen-

1911 3857 2076 3922 tium;
2106 3855 2225 3925 quin
2250 3853 2548 3909 Jerusalem
2578 3853 2960 3924 interpretatur
2984 3852 3126 3908 Visio
3154 3852 3319 3923 pacis.
3349 3852 3497 3907 Pna-

1909 3949 2052 4005 ccdit
2084 3957 2261 4004 autem
2303 3946 2597 4018 speculatio
2626 3946 2920 4009 visionem,
2953 3946 3091 4001 sicut
3130 3946 3229 4001 ista
3258 3945 3498 4001 Ecclesia

1911 4041 2165 4113 praecedit
2192 4056 2310 4097 eam
2332 4056 2452 4110 quas
2480 4040 2823 4111 promittitur,
2849 4040 3116 4096 civitatem
3142 4041 3495 4096 immortalem

1910 4144 1964 4190 et
1994 4142 2273 4189 aeternam.
2316 4132 2420 4189 Sed
2464 4132 2715 4203 prmeedit
2746 4140 2984 4202 tempore
3008 4175 3022 4196 ,
3056 4148 3161 4187 non
3202 4132 3493 4204 dignitate:

1908 4226 2029 4297 quia
2061 4224 2419 4280 honorabilius
2453 4233 2534 4279 est
2561 4239 2666 4294 quo
2688 4224 2967 4293 pervenire
2994 4225 3228 4289 nitimur,
3262 4239 3418 4294 quant
3446 4222 3495 4279 id

1909 4315 2049 4386 quod
2076 4317 2303 4387 agimus,
2332 4318 2394 4369 ut
2418 4316 2697 4387 pervenire
2726 4330 3028 4370 mereamur
3048 4332 3062 4379 ;
3081 4315 3289 4385 agimus
3317 4324 3495 4371 autem

1908 4408 2351 4478 speculationem,
2372 4416 2428 4462 ut
2445 4408 2813 4478 perveniamus
2828 4406 2894 4461 ad
2913 4409 3189 4461 visionem.
3209 4407 3313 4462 Sed
3335 4409 3493 4463 etiam

1909 4499 2102 4569 ipsam,
2131 4514 2248 4569 quae
2280 4514 2421 4553 nunc
2449 4507 2563 4562 est,
2605 4498 2897 4553 Ecclesiam
2927 4498 3029 4553 nisi
3062 4499 3318 4553 Dominus
3345 4498 3497 4555 inba~

1910 4592 2121 4656 bitaret,
2141 4592 2238 4646 iret
2265 4591 2317 4646 in
2336 4605 2569 4646 errorem
2596 4590 2887 4662 quamlibet
2905 4590 3289 4646 studiosissima
3307 4606 3497 4663 specu-

1912 4686 2037 4740 latio
2061 4703 2074 4738 :
2098 4694 2149 4741 et
2180 4685 2304 4740 huic
2334 4684 2587 4740 Ecclesia:
2612 4683 2812 4739 dictum
2835 4693 2937 4751 est,
2956 4681 3223 4755 Templum
3250 4686 3379 4738 enim
3400 4684 3497 4741 Der

1912 4787 2141 4832 sanctum
2164 4785 2267 4843 est,
2296 4775 2433 4848 quod
2452 4776 2569 4829 estis
2602 4792 2688 4830 vos
2709 4775 2753 4844 (l
2782 4774 2900 4833 Cor.
2925 4775 3144 4844 111,17);
3169 4783 3240 4840 et,
3269 4772 3337 4838 In
3362 4775 3465 4830 inte

1912 4871 2043 4923 riore
2078 4868 2280 4922 homine
2315 4867 2543 4921 habitare
2565 4865 2819 4921 Christum
2868 4882 2956 4936 per
2994 4865 3146 4934 [idem
3186 4867 3238 4920 in
3266 4865 3500 4922 cordibus

1913 4962 2086 5017 vestris
2115 4960 2331 5033 (Ephes.
2354 4977 2407 5015 Ill
2430 5002 2444 5026 ,
2471 4960 2582 5032 16).
2610 4958 2922 5028 Praecipitur
2947 4971 3076 5028 ergo
3102 4956 3255 5012 nobis
3277 4966 3336 5012 ut
3359 4958 3502 5029 psal-

1913 5054 2083 5108 lamus
2108 5053 2353 5109 .Domino
2377 5093 2392 5117 ,
2421 5051 2513 5122 qui
2552 5049 2756 5104 habitat
2792 5049 2845 5104 in
2873 5047 3035 5114 Sion,
3065 5057 3124 5105 ut
3157 5049 3500 5105 concorditer

1914 5147 2201 5201 Dominum
2236 5145 2486 5199 Ecclesiae
2514 5142 2922 5197 inhabitatorcm
2964 5142 3260 5199 laudemus.
3285 5143 3499 5198 Annuu-

1914 5240 2035 5293 tiate
2060 5239 2189 5291 inter
2213 5247 2384 5308 gentes
2417 5233 2670 5289 mirabilia
2698 5236 2807 5306 ejus
2833 5251 2852 5291 :
2874 5244 2929 5291 et
2953 5236 3144 5292 laetum
3173 5245 3256 5294 est
3274 5277 3288 5304 ,
3311 5245 3367 5294 et
3393 5251 3498 5292 uol

1914 5329 2122 5385 desinet
2154 5326 2287 5382 ﬁeri.

1984 5422 2071 5477 13.
2100 5419 2262 5492 (vers.
2287 5418 2410 5493 15.]
2445 5418 2696 5485 Quoniam
2723 5420 2978 5489 requirens
3006 5422 3296 5494 sanguinem
3322 5435 3495 5474 eorum

1913 5523 2216 5569 memoratus
2246 5522 2338 5567 est.
2371 5514 2531 5582 Quasi
2571 5514 2987 5585 responderetur
3010 5514 3079 5570 ab
3105 5513 3187 5569 his
3224 5514 3309 5583 qui
3349 5512 3498 5567 missi

1894 5615 2039 5677 sunt
2081 5606 2471 5679 evangelizare,
2519 5608 2595 5663 illi
2626 5608 3092 5680 praecepto’quod
3143 5607 3337 5662 dictum
3384 5615 3493 5673 est,

1976 5744 1995 5807 ἕ
2030 5741 2816 5807 ωξαεξιερεηηιῦιιεοπηηεε.
2843 5745 3008 5802 Abest,
3033 5748 3371 5807 onmesattss.

1977 5806 1997 5836 '
2029 5811 2096 5854 tta
2118 5806 2172 5874 in
2188 5803 2439 5868 plerisque
2464 5813 2567 5856 tm.
2581 5814 2646 5874 _At
2660 5808 2711 5856 in
2732 5807 2909 5874 editis:
2936 5804 3382 5874 ouwt'enteguippe
3396 5818 3501 5858 am-

1913 5879 2001 5963 τηιι
2325 5864 3228 5979 θεεηεωεσωεηείηαεεεέ

2143 5954 2159 5979 ι
2621 5958 2634 5978 δ
2774 5956 2792 5979 ι
3148 5956 3159 5975 ι

1978 5929 2001 5963 ⁸
2022 5925 2159 5991 ututi,
2180 5925 2304 5980 illud
2325 5925 2634 5992 nam.
2665 5925 2792 5991 nasi,
2811 5925 2886 5981 illi
2906 5934 3159 5990 praerepto.
