4042 6506
569 408 671 473 ην

567 525 621 580 in
637 519 790 577 corde
810 533 902 574 suo
920 534 939 573 :
967 514 1087 571 Non
1106 512 1339 570 moocbor
1366 510 1430 566 de
1459 506 1779 582 generatione
1796 504 1850 559 in
1870 498 2152 575 generatio-

567 631 683 670 nem
707 613 814 668 sine
836 610 995 676 malo;
1009 607 1061 664 id
1076 613 1180 673 est,
1204 602 1343 660 fama
1365 614 1483 657 mea
1503 609 1559 656 et
1580 613 1773 654 nomen
1786 610 1962 651 meum
1976 594 2043 649 de
2055 592 2153 649 hac

568 705 913 779 generatione
934 702 989 757 in
1005 697 1755 773 generationem;posterorum
1778 704 1883 744 non
1906 685 2149 754 transiet,

568 800 674 857 nisi
718 797 920 854 artibus
964 793 1118 850 malis
1161 790 1426 862 adipiscar
1453 797 1559 841 tam
1587 783 1855 841 excelsum
1888 780 2154 853 principa-

571 901 704 956 tum,
732 889 799 945 de
819 903 924 959 quo
949 884 1145 957 posteri
1176 892 1354 938 tacere
1381 877 1727 950 nonpossint.
1756 874 1981 929 Animus
2008 873 2151 929 enim

570 983 810 1057 perditus
839 988 895 1036 ct
932 993 1123 1050 expers
1150 977 1410 1032 bonarum
1447 972 1640 1027 artium
1686 978 1843 1040 atque
1878 983 1907 1022 a
1934 966 2153 1037 justitize

570 1053 770 1131 lumine
796 1073 1021 1138 alienus,
1057 1069 1207 1124 malis
1237 1067 1440 1121 artibus
1470 1064 1569 1118 sibi
1586 1053 1798 1117 ‘aditum
1826 1059 2045 1115 molitur
2086 1057 2154 1112 ad

570 1169 762 1224 famam
792 1174 897 1221 tam
925 1155 1245 1227 diuturnam,
1275 1167 1336 1214 ut
1363 1156 1500 1227 apud
1543 1163 1781 1226 posteros
1825 1152 1983 1206 etiam
2013 1149 2152 1205 cele-

572 1260 777 1315 bretur.
810 1259 875 1312 Et
898 1255 987 1327 qui
1020 1247 1121 1308 nun
1145 1258 1363 1322 possunt
1397 1248 1532 1302 bene
1558 1247 1911 1309 innotescere,
1935 1241 2153 1312 cupiunt

570 1354 650 1408 vel
679 1352 817 1407 male
838 1350 904 1404 de
925 1364 983 1404 se
1007 1344 1247 1401 homines
1270 1342 1434 1412 loqui,
1464 1336 1753 1394 dummodo
1780 1351 1972 1390 nomen
2000 1333 2152 1388 latis-

569 1450 704 1503 sime
725 1453 1058 1515 pervagetur.
1091 1437 1243 1508 Quod
1270 1437 1355 1491 hic
1380 1434 1610 1489 arbitror
1636 1431 1832 1486 dictmn
1854 1443 2007 1484 esse:
2032 1425 2152 1481 Non

573 1538 805 1594 movebar
834 1535 896 1589 de
924 1532 1246 1606 generatione
1268 1530 1319 1583 in
1346 1527 1716 1600 generationem
1744 1525 1855 1579 sine
1878 1521 2032 1575 malo.
2059 1521 2154 1575 Est

569 1639 624 1686 ct
657 1630 810 1683 'alius
862 1626 1183 1681 intellectus.
1226 1621 1279 1677 Si
1328 1620 1398 1675 de
1439 1617 1788 1690 generatione
1837 1612 2049 1668 mortali
2084 1611 2150 1666 ad

569 1723 883 1780 aeternitatis
908 1718 1305 1791 generationem
1344 1730 1403 1769 se
1435 1712 1615 1767 venire
1646 1725 1751 1764 non
1782 1722 1937 1778 posse
1981 1721 2152 1760 vanus

569 1827 623 1873 et
652 1815 852 1871 erroris
878 1814 1069 1884 plemts
1096 1810 1303 1865 animus
1331 1804 1643 1870 arbitratur,
1678 1803 1778 1858 nisi
1811 1802 2012 1857 artibus
2039 1814 2152 1854 ma-

568 1913 668 1977 lis;
698 1909 840 1981 quod
881 1907 1094 1979 quidem
1125 1906 1285 1961 etiam
1329 1903 1395 1958 de
1435 1901 1655 1958 Simone
1697 1897 2024 1953 diffamatum
2072 1902 2154 1950 est

570 2004 705 2077 (Act.
737 2019 848 2068 vnt,
877 2000 1057 2079 9523),
1076 2015 1195 2056 cum
1221 1996 1497 2054 sceleratis
1518 1994 1720 2049 artibus
1746 1992 1940 2047 coelum
1967 2005 2024 2045 se
2056 2006 2153 2060 pu-

568 2106 735 2153 tasset
759 2096 1069 2166 adepturum
1090 2135 1106 2161 ,
1139 2102 1193 2149 et
1233 2092 1303 2147 de
1342 2091 1572 2145 humana
1602 2087 1946 2157 generatione
1984 2085 2038 2138 in
2066 2083 2150 2138 di-

567 2182 745 2249 vinam
767 2190 1161 2263 generationem
1189 2186 1349 2241 rebus
1374 2182 1592 2255 magicis
1616 2180 1961 2235 transiturum
1986 2194 1999 2231 :
2024 2174 2153 2247 quid

569 2302 696 2357 ergo
727 2285 942 2346 mirum,
987 2282 1030 2336 si
1081 2280 1241 2335 etiam
1290 2277 1381 2332 ille
1421 2275 1580 2330 homo
1621 2272 1844 2343 peccati,
1872 2270 1961 2341 qui
1987 2278 2151 2324 totam

571 2377 859 2448 nequitiam
905 2382 960 2431 et
1006 2370 1354 2443 impietatem,
1396 2383 1552 2439 quam
1592 2380 1779 2420 omnes
1824 2361 2151 2434 pseudopro-

560 2462 745 2543 phetze
781 2467 1168 2524 inchoaverunt
1190 2505 1207 2530 ,
1250 2462 1563 2533 impleturus
1593 2467 1700 2525 est,
1734 2466 1787 2512 et
1816 2464 1962 2511 tanta
2004 2454 2153 2525 signa

569 2558 824 2629 facturus,
853 2569 912 2617 ut
938 2558 1201 2630 decipiat,
1232 2556 1277 2610 si
1317 2555 1427 2610 fieri
1470 2561 1681 2624 potest,
1722 2549 1881 2605 etiam
1914 2548 2113 2605 electos
2134 2587 2150 2613 ,

569 2656 809 2713 dicturus
836 2661 920 2709 est
947 2653 1001 2707 in
1034 2647 1199 2706 corde
1240 2663 1339 2703 suo
1371 2665 1384 2700 :
1419 2644 1541 2699 Non
1582 2641 1814 2697 movebar
1856 2641 1919 2695 de
1944 2655 2155 2712 genera-

571 2751 705 2806 tione
728 2750 781 2804 in
806 2747 1176 2819 generationem
1204 2744 1310 2797 sine
1333 2741 1466 2794 malo
1489 2741 1515 2795 .9

639 2840 729 2897 25.
757 2840 905 2913 [vers.
950 2837 1027 2911 7.]
1068 2835 1224 2909 Cujus
1265 2832 1616 2888 maledictione
1654 2845 1709 2883 os
1759 2829 1868 2898 ejus
1898 2827 1913 2859 ¹
1947 2827 2154 2897 plenum

570 2944 663 3003 est,
689 2944 736 2989 et
756 2930 1095 2987 amaritudine
1125 2938 1172 2983 et
1200 2928 1339 2982 dolo.
1370 2926 1612 2995 Magnum
1640 2923 1781 2979 enim
1811 2921 2151 2976 maledictum

569 3035 669 3095 est,
703 3036 808 3083 tam
839 3024 1081 3081 nefandis
1105 3023 1306 3077 artibus
1348 3020 1540 3075 coelum
1580 3026 1850 3087 appetere,
1884 3023 1937 3070 et
1966 3013 2032 3068 ad
2057 3028 2152 3068 ca-

573 3119 817 3191 piendam
846 3126 1099 3172 aeternam
1126 3113 1306 3169 sedem
1330 3111 1457 3191 talia
1481 3111 1665 3166 merita
1692 3123 2020 3177 comparare.
2046 3107 2154 3162 Sed

571 3211 671 3267 hac
697 3210 812 3280 ejus
841 3207 1211 3263 maledictione
1248 3219 1309 3260 os
1330 3188 1336 3194 ’
1356 3204 1568 3273 plenum
1599 3211 1681 3257 est
1706 3220 1719 3256 :
1752 3217 1859 3256 non
1887 3194 2029 3255 enim
2060 3200 2155 3254 ha-

572 3303 717 3358 bebit
741 3300 987 3357 etinctum
1016 3300 1116 3354 ista
1146 3296 1425 3367 cupiditas,
1442 3294 1533 3349 sed
1555 3294 1690 3348 intra
1716 3309 1775 3346 os
1807 3292 1922 3363 eius
1951 3301 2152 3347 tantum

574 3394 772 3451 valebit
797 3392 863 3447 ad
888 3406 1012 3447 eum
1046 3388 1369 3461 perdendum
1392 3414 1421 3453 ,ί
1449 3386 1539 3457 qui
1578 3386 1692 3440 haec
1728 3385 1825 3439 sibi
1870 3400 2030 3439 ausus
2073 3394 2156 3441 est

571 3485 808 3558 polliceri
826 3498 945 3539 cum
969 3480 1321 3536 amaritudine
1346 3487 1402 3534 et
1424 3477 1570 3544 dolo,
1590 3476 1641 3532 id
1667 3488 1769 3544 est,
1787 3477 1860 3530 ira
1882 3485 1934 3531 et
1952 3475 2157 3533 insidiis

572 3580 763 3652 quibus
789 3578 841 3655 in
870 3585 1198 3646 suasgpartes
1222 3587 1578 3629 conversurus
1614 3578 1697 3626 est
1738 3569 2152 3625 multitudinem.

574 3673 683 3729 Sub
713 3670 889 3743 lingua
916 3671 1026 3742 ejus
1056 3668 1199 3722 labor
1225 3675 1271 3721 et
1310 3666 1476 3719 dolor.
1520 3663 1659 3718 Nihil
1709 3670 1792 3717 est
1840 3660 2157 3718 laboriosius

530 3812 535 3817 .
574 3767 850 3836 iniquitate
879 3773 932 3819 et
957 3763 1232 3833 impietate
1251 3778 1264 3813 :
1282 3775 1439 3831 quem
1460 3758 1696 3813 laborem
1714 3757 1951 3826 sequitur
1979 3755 2154 3821 dolor;

574 3860 697 3931 quia
727 3872 832 3914 non
860 3856 1030 3913 solum
1057 3855 1173 3911 sine
1198 3852 1388 3920 fructu,
1418 3851 1510 3908 sed
1547 3850 1706 3923 etiam
1746 3850 1813 3903 ad
1863 3848 2157 3918 perniciem

576 3950 865 4007 laboratur.
898 3947 998 4015 Qui
1031 3947 1182 4002 labor
1210 3954 1262 4000 et
1289 3943 1442 3999 dolor
1481 3942 1547 3997 ad
1592 3940 1717 3996 illud
1763 3939 1990 3995 refertur
2017 3937 2159 4009 quod

576 4041 708 4098 dixit
736 4041 789 4095 in
814 4037 977 4096 corde
1002 4052 1120 4104 suo,
1148 4036 1269 4091 Non
1299 4033 1529 4089 mouebor
1555 4033 1618 4087 de
1645 4030 1961 4104 generatione
1995 4030 2049 4083 in
2074 4046 2161 4101 ge-

577 4134 887 4189 nerationem
914 4130 1021 4184 sine
1047 4129 1183 4183 malo
1216 4144 1235 4181 :
1266 4114 1321 4182 et
1349 4135 1649 4196 preplerea,
1680 4124 1772 4178 sub
1801 4122 1975 4194 lingua
2000 4123 2111 4192 ejus
2139 4136 2160 4185 ;

579 4240 707 4291 non,
740 4224 791 4279 in
823 4224 1031 4296 lingua;
1059 4220 1306 4291 quoniam
1340 4217 1493 4273 tacite
1538 4216 1634 4270 ista
1677 4214 1999 4285 cogitaturus
2037 4220 2121 4266 est
2141 4252 2157 4277 ,

579 4316 883 4373 hominibus
907 4323 1082 4369 autem
1113 4312 1215 4367 alia
1242 4310 1535 4374 locuturus,
1569 4317 1626 4363 ut
1671 4308 1839 4362 bonus
1891 4313 1945 4359 et
1984 4304 2160 4374 justus

579 4418 634 4466 et
664 4409 756 4465 Dei
787 4407 926 4464 illius
951 4406 1215 4462 videatur.

650 4503 740 4559 26.
772 4502 923 4576 [verm
946 4499 1026 4573 8.]
1057 4500 1209 4556 Sedet
1234 4498 1287 4553 in
1311 4496 1510 4553 insidiis
1532 4511 1644 4549 cum
1672 4493 1927 4548 divitibus.
1958 4489 2161 4560 Quibus

579 4595 850 4661 divitibus,
883 4593 985 4648 nisi
1011 4592 1089 4647 eis
1113 4605 1248 4663 quos
1268 4590 1425 4658 hujus
1445 4588 1624 4644 saeculi
1649 4586 1957 4642 muneribus
1977 4599 2161 4641 cumu-

584 4688 746 4743 labit?
774 4687 839 4740 Et
867 4684 988 4739 ideo
1016 4684 1068 4738 in
1098 4682 1303 4737 insidiis
1328 4695 1446 4735 cum
1489 4680 1571 4733 his
1612 4678 1802 4734 sedere
1837 4678 2009 4733 dictus
2034 4685 2116 4732 est
2142 4717 2159 4745 ,

581 4777 829 4850 quoniam
868 4775 1051 4831 falsam
1102 4772 1404 4828 felicitatem
1447 4771 1679 4839 ipsorum
1723 4768 1791 4823 ad
1820 4768 2163 4838 decipiendos

582 4869 826 4927 homines
870 4865 1173 4923 ostentabit.
1225 4863 1323 4931 Qui
1369 4877 1525 4932 prava
1565 4860 1836 4914 voluntate
1874 4859 1996 4912 dum
2030 4859 2164 4914 tales

582 4976 704 5019 esse
716 4959 955 5030 cupiunt,
971 4966 1028 5013 et
1052 4957 1190 5011 bona
1218 4964 1418 5009 aeterna
1445 4967 1550 5007 non
1573 4958 1837 5021 quaerunt,
1864 4948 1916 5002 in
1944 4948 2165 5018 laqueos

587 5052 703 5124 ejus
730 5050 983 5106 incident.
1011 5046 1079 5103 In
1107 5046 1315 5101 occultis
1346 5054 1399 5099 ut
1431 5042 1701 5112 interﬁciat
1734 5042 2065 5095 innocentem.
2094 5039 2163 5095 In

586 5143 796 5199 occultis
830 5150 959 5212 puto
999 5139 1196 5197 dictum
1237 5151 1392 5203 esse,
1421 5134 1512 5190 ubi
1541 5148 1645 5187 non
1676 5131 1829 5187 facile
1856 5131 2167 5203 intelligitur

586 5236 710 5309 quid
737 5232 1115 5306 appetendum,
1146 5230 1338 5302 quidve
1363 5226 1664 5300 fugiendum
1689 5228 1760 5283 sit
1788 5244 1800 5281 :
1829 5227 2165 5283 innocentem

588 5340 766 5386 autem
794 5327 1091 5382 interficere
1116 5366 1131 5390 ,
1157 5331 1240 5378 est
1268 5337 1333 5377 ex
1359 5323 1639 5376 innocente
1667 5319 1840 5375 facere
1862 5328 2164 5375 nocentem.

657 5421 746 5477 27.
777 5418 929 5493 [verm
958 5416 1039 5491 9.]
1071 5414 1223 5471 Oculi
1250 5416 1358 5486 ejus
1375 5414 1430 5467 in
1456 5428 1727 5484 pauperem
1750 5411 2045 5483 respiciunt.
2068 5411 2167 5467 Ju-

588 5529 700 5575 stos
728 5516 873 5573 enim
899 5513 1130 5569 maxime
1155 5517 1527 5579 persecuturus
1553 5515 1637 5562 est
1661 5506 1730 5561 de
1754 5505 1947 5576 quibus
1969 5503 2168 5560 dictum

589 5619 672 5664 est
700 5625 715 5663 :
746 5606 890 5662 Beati
919 5618 1162 5677 pauperes
1191 5599 1393 5671 spiritu,
1434 5598 1553 5669 quia
1592 5597 1816 5667 ipsorum
1857 5603 1930 5651 est
1961 5610 2172 5667 regnum

592 5701 833 5757 ctelorum
855 5695 1072 5770 (Matth.
1099 5710 1154 5762 ν,
1185 5692 1263 5763 '5).
1297 5690 1578 5747 Insidiatur
1605 5689 1659 5743 in
1686 5688 1901 5754 occulto,
1933 5686 2065 5741 velut
2094 5686 2173 5742 leo

578 5828 772 5959 'mtlstc
806 5832 988 5898 aliqua
1023 5830 1189 5896 proba
1224 5834 1355 5879 note
1385 5833 1516 5889 κει,
1549 5826 1691 5888 juxta
1728 5820 1950 5884 1.1x.[os
1981 5820 2178 5884 ptem

1774 387 1835 447 8.
1875 377 2244 443 AUGUSTI!“
2283 379 2589 473 EPISCOPi

2259 498 2314 553 in
2335 498 2490 554 cubili
2515 515 2627 555 suo.
2653 498 2889 557 Leonem
2918 500 2972 556 in
2998 499 3160 557 cubili
3185 500 3316 558 dicit
3339 517 3462 559 eum
3489 503 3542 560 in
3564 520 3670 579 quo
3690 517 3743 564 et
3763 511 3845 567 vis

2258 599 2314 646 et
2351 589 2503 646 dolus
2530 591 2851 662 operabitur.
2881 591 3059 649 Prima
3084 594 3225 649 enim
3254 580 3555 666 persecutio
3584 598 3841 657 Ecclesiae

2259 682 2490 738 violenta
2516 681 2637 751 fuit,
2668 690 2788 739 c’um
2823 685 3331 756 proscriptionibus,
3386 690 3694 757 tormentis,
3728 706 3845 748 cte-

2259 775 2431 840 dibus,
2451 774 2736 831 Christiani
2761 776 2826 831 ad
2854 777 3258 834 sacrificandum
3279 791 3596 852 cogerentur
3626 801 3638 838 :
3665 783 3839 841 altera

2261 866 2560 936 persecutio
2609 866 2939 923 fraudulenta
2983 877 3097 936 est,
3130 886 3249 941 qua:
3277 888 3417 928 nunc
3459 888 3555 944 per
3590 874 3848 945 cujusce-

2263 958 2406 1014 modi
2436 960 2453 991 ¹
2484 959 2769 1016 hmreticos
2810 969 2864 1017 et
2905 961 3071 1018 falsos
3101 961 3292 1020 fratres
3320 965 3494 1036 agitur
3524 984 3537 1020 :
3571 970 3727 1024 tertia
3754 986 3851 1025 su-

2259 1064 2438 1123 perest
2465 1071 2561 1126 per
2585 1053 2970 1111 Antichristum
3019 1067 3237 1114 ventura
3263 1101 3279 1127 ,
3311 1075 3411 1131 qua
3440 1061 3571 1116 nihil
3594 1074 3676 1119 est
3704 1066 3851 1134 peri—

2259 1148 2513 1217 culosius,
2532 1152 2780 1221 quoniam
2801 1160 2855 1205 et
2885 1151 3110 1206 violenta
3141 1161 3195 1207 et
3222 1152 3552 1210 fraudulenta
3581 1158 3700 1213 erit.
3728 1158 3851 1215 Vim

2260 1239 2473 1297 habebit
2500 1242 2550 1296 in
2580 1243 2821 1313 imperio,
2849 1242 3027 1298 dolum
3057 1245 3109 1299 in
3136 1242 3406 1301 miraculis
3435 1266 3449 1303 :
3478 1247 3543 1302 ad
3571 1250 3673 1303 vim
3703 1252 3852 1307 rela-

2260 1342 2368 1388 tum
2396 1345 2496 1399 est,
2529 1335 2668 1407 quod
2700 1336 2897 1390 dictum
2930 1345 3029 1402 est,
3066 1336 3177 1404 leo;
3199 1338 3264 1393 ad
3288 1340 3462 1408 dolos,
3485 1342 3622 1411 quod
3646 1343 3850 1400 dictum

2258 1435 2359 1492 est,
2387 1427 2439 1480 in
2466 1428 2619 1482 cubili
2659 1445 2771 1482 suo.
2817 1428 2884 1483 Et
2914 1445 3122 1483 rursum
3163 1429 3275 1499 ipsa
3306 1431 3527 1501 repetita
3560 1444 3681 1488 sunt
3709 1451 3847 1490 con-

2259 1535 2415 1574 verso
2441 1520 2646 1576 ordine.
2674 1521 2973 1588 Insidintur,
3007 1523 3196 1594 inquit,
3225 1533 3280 1576 ut
3318 1525 3487 1595 rapiat
3523 1544 3800 1598 pauperem
3836 1545 3853 1593 ξ

2259 1611 2361 1667 hoc
2389 1612 2454 1667 ad
2484 1613 2664 1667 dolum
2706 1614 2933 1683 pertinet
2965 1632 2977 1668 :
3006 1613 3147 1685 quod
3189 1624 3366 1669 autem
3406 1619 3647 1686 sequitur
3669 1661 3683 1686 ,
3732 1618 3852 1674 Ra-

2259 1722 2376 1776 pere
2396 1723 2664 1776 pauperem
2691 1707 2812 1759 dum
2833 1707 3040 1760 attrahit
3070 1724 3204 1773 eum,
3223 1707 3491 1763 violentiae
3518 1709 3849 1781 deputatur;

2258 1798 2465 1851 aura/tit
2491 1800 2630 1852 enim
2658 1799 2937 1868 significat,
2969 1799 3161 1870 quibus
3186 1808 3361 1870 potest
3392 1803 3714 1859 cruciatibus
3763 1803 3853 1860 af-

2258 1887 2488 1960 ﬂigendo
2513 1890 2577 1944 ad
2606 1905 2665 1945 se
2691 1890 2921 1946 adducit.

2328 1981 2420 2037 ‘28.
2463 1979 2612 2054 [vers.
2641 1981 2750 2055 10.]
2781 1983 2907 2037 Item
2938 1982 3042 2038 duo
3072 2000 3189 2053 quae
3217 1993 3528 2055 sequuntur,
3557 1986 3669 2057 ipsa
3698 1997 3848 2045 sunt.

2259 2072 2325 2126 In
2353 2072 2637 2144 muscipula
2670 2091 2764 2127 sua
2802 2075 3085 2129 Itumiliabit
3130 2092 3264 2139 eum,
3310 2076 3464 2130 dolus
3493 2086 3591 2132 est.
3616 2076 3855 2133 Inclina-

2261 2167 2412 2231 bitnr,
2457 2176 2504 2221 et
2544 2167 2706 2233 cadet,
2740 2166 2859 2220 dum
2884 2168 3226 2222 dominabitur
3267 2186 3565 2239 pauperum,
3602 2172 3679 2224 vis
3712 2182 3799 2227 est
3832 2192 3848 2227 :

2262 2260 2553 2330 muscipula
2584 2261 2724 2315 enim
2765 2260 2901 2315 bene
2949 2262 3210 2331 significat
3257 2261 3516 2329 insidias;
3548 2262 3849 2320 dominatio

2262 2369 2390 2407 vero
2437 2360 2693 2407 terrorem
2743 2353 3077 2423 apertissime
3127 2352 3378 2407 insinuat.
3432 2354 3495 2407 Et
3538 2353 3672 2408 bene
3726 2357 3845 2422 ait,

2263 2447 2566 2502 Humiliabil
2600 2463 2712 2499 cum
2739 2447 2789 2500 in
2821 2445 3106 2515 muscipula
3147 2463 3241 2499 sua
3284 2461 3303 2499 :
3341 2460 3462 2500 cum
3507 2446 3648 2501 enim
3689 2448 3851 2516 signa

2261 2539 2345 2594 illa
2398 2539 2573 2595 facere
2620 2538 2878 2609 coeperit,
2928 2545 3129 2608 quanto
3171 2537 3494 2592 mirabiliora
3525 2538 3852 2594 videbuntur

2260 2631 2585 2699 hominibus,
2616 2640 2762 2686 tanto
2789 2631 2863 2685 illi
2891 2630 3094 2698 sancti,
3126 2630 3214 2698 qui
3271 2640 3395 2685 tunc
3446 2639 3622 2695 erunt,
3652 2640 3850 2685 conte-

2261 2732 2529 2789 mnenlur,
2543 2732 2597 2778 et
2624 2722 2773 2793 quasi
2802 2737 2898 2792 pro
2926 2721 3092 2775 nihilo
3114 2720 3477 2787 habebuntur;
3504 2722 3741 2791 quosille
3758 2723 3851 2777 cui

2259 2832 2352 2886 per
2368 2815 2625 2886 justitiam
2653 2823 2705 2868 et
2732 2813 3087 2867 innocentiam
3117 2813 3387 2877 resistent,
3414 2812 3648 2867 mirificis
3691 2811 3852 2869 factis

2259 2922 2511 2977 superare
2537 2905 2821 2960 videbitur.
2852 2904 2954 2960 Sed
2968 2904 3314 2971 inclinabitur,
3342 2914 3388 2958 et
3414 2904 3579 2971 cadet,
3602 2904 3722 2957 dum
3752 2904 3853 2958 do-

2260 3000 2533 3053 minabitur
2559 3014 2861 3068 pauperum,
2896 2995 2946 3050 id
2988 3007 3086 3061 est,
3136 2996 3260 3065 dum
3299 2996 3552 3065 quaelibet
3584 2996 3847 3066 supplicia

2262 3090 2522 3159 irrogabit
2546 3088 2917 3145 resistentibus
2946 3087 3044 3141 sibi
3078 3088 3245 3142 servis
3271 3087 3386 3141 Dei.

2329 3184 2420 3238 29.
2456 3181 2605 3256 [vers.
2631 3183 2720 3248 ll,
2748 3180 2862 3254 12.]
2893 3180 3047 3237 Unde
3074 3192 3249 3235 autem
3280 3181 3638 3249 inclinabitur,
3667 3191 3723 3238 et
3753 3198 3853 3239 ca-

2259 3276 2393 3330 det?
2418 3274 2560 3328 Dixit
2585 3275 2715 3329 enim
2739 3275 2790 3327 in
2818 3274 2967 3327 corde
2987 3290 3077 3326 suo
3109 3291 3126 3327 :
3157 3272 3355 3327 Oblitus
3375 3283 3446 3327 est
3471 3273 3628 3336 Deus,
3664 3277 3853 3331 avertit

2262 3369 2446 3441 faciem
2471 3384 2639 3430 suam,
2665 3383 2727 3419 ne
2750 3365 2915 3419 videat
2936 3381 3091 3434 usque
3116 3367 3169 3419 in
3200 3366 3370 3434 ﬁnem.
3406 3365 3531 3420 Haec
3568 3375 3649 3421 est
3691 3367 3852 3421 incli-

2261 3460 2404 3516 natio
2446 3469 2503 3516 et
2544 3473 2700 3515 casus
2727 3458 3076 3523 miserrimus,
3107 3456 3230 3511 dum
3262 3456 3467 3510 animus
3499 3456 3762 3512 hmnanus
3789 3459 3851 3513 in

2262 3553 2374 3609 suis
2420 3551 2785 3622 iniquitatibus
2832 3549 2982 3620 quasi
3032 3558 3394 3619 prOSperatur,
3448 3558 3501 3602 et
3551 3550 3692 3619 parci
3743 3550 3854 3607 sibi

2263 3653 2444 3716 putat;
2472 3658 2595 3700 cum
2618 3649 2935 3706 excatcetur,
2965 3649 3019 3696 et
3043 3650 3283 3696 servetur
3310 3639 3376 3694 ad
3398 3640 3630 3694 ultimam
3649 3656 3856 3710 oppor-

2266 3746 2552 3805 tunamque
2578 3733 2884 3799 vindictam,
2908 3731 2981 3787 de
3005 3746 3105 3802 qua
3130 3747 3270 3785 nunc
3290 3731 3399 3800 jam
3430 3732 3663 3801 loquitur
3685 3773 3699 3795 ,
3728 3731 3852 3786 Ea:-

2266 3846 2433 3900 surge,
2458 3827 2677 3882 Domine
2698 3825 2857 3893 Deus,
2889 3826 3137 3879 exaltetur
3163 3841 3346 3879 manus
3375 3834 3497 3889 tua;
3524 3823 3575 3878 id
3602 3832 3701 3888 est,
3733 3840 3857 3880 ma-

2266 3920 2454 3976 nifesta
2501 3920 2568 3974 sit
2613 3918 2847 3988 potentia
2900 3925 3008 3971 tua.
3064 3916 3322 3985 Superius
3368 3925 3544 3970 autem
3593 3914 3854 3985 dixerat,

2266 4013 2518 4085 Exsurge,
2571 4010 2814 4073 Domine,
2862 4024 2963 4064 non
3013 4009 3283 4078 praevaleat
3331 4007 3516 4075 homo,
3554 4007 3860 4077 judicentur

2265 4115 2433 4178 gentes
2460 4106 2513 4159 in
2541 4114 2811 4174 conspectu
2851 4112 2974 4169 tuo;
3002 4100 3056 4156 id
3098 4110 3180 4157 est.
3219 4101 3270 4155 in
3316 4100 3554 4165 occulto,
3586 4100 3672 4154 ubi
3699 4101 3858 4159 solus

2267 4199 2408 4254 Deus
2435 4198 2594 4252 videt.
2642 4197 2755 4252 Hoc
2797 4197 2993 4251 factum
3023 4203 3142 4260 est,
3172 4209 3292 4249 cum
3323 4194 3471 4265 impii
3504 4193 3571 4249 ad
3601 4209 3856 4266 magnam

2267 4306 2386 4362 quas
2413 4289 2621 4344 videtur
2648 4288 2953 4343 hominibus
2981 4286 3289 4343 felicitatem
3337 4295 3723 4355 pervenerunt;
3753 4302 3857 4341 su-

2268 4398 2363 4454 per
2394 4397 2529 4453 quos
2557 4381 2898 4436 constituitur
2927 4378 3197 4449 legislator
3222 4420 3236 4444 ,
3267 4378 3476 4448 qualem
3509 4377 3703 4432 habere
3730 4393 3862 4434 me-

2267 4483 2507 4539 ruerunt,
2539 4474 2605 4530 de
2630 4487 2735 4544 quo
2758 4472 2951 4527 dicitur
2976 4489 2989 4525 :
3014 4469 3300 4535 Constitue,
3329 4468 3569 4534 Domine,
3593 4469 3867 4539 legislato-

2268 4589 2375 4628 rem
2410 4586 2561 4642 super
2597 4585 2699 4633 eos,
2750 4568 2911 4623 sciant
2956 4574 3126 4636 gentes
3162 4563 3401 4633 quoniam
3439 4562 3662 4617 homines
3712 4572 3860 4620 sunt.

2267 4664 2419 4721 Nunc
2437 4672 2612 4717 autem
2639 4670 2757 4731 post
2778 4659 2920 4713 illam
2956 4656 3213 4712 occultam
3245 4669 3455 4724 pinnam
3486 4664 3643 4724 atque
3671 4652 3859 4707 vindi-

2269 4768 2410 4813 ctam
2437 4755 2651 4818 dicitur,
2683 4751 2934 4821 Exsurge,
2964 4748 3181 4803 Domine
3215 4745 3369 4812 Deus,
3400 4746 3645 4799 exaltetur
3672 4761 3863 4801 manus
3923 4789 3939 4795 .7

2271 4859 2357 4903 tua
2388 4864 2406 4901 :
2430 4861 2535 4900 non
2557 4844 2738 4913 utique
2763 4843 2814 4895 iu
2840 4840 3068 4905 occulto,
3093 4839 3187 4894 sed
3213 4838 3318 4910 jam
3343 4838 3393 4891 in
3425 4834 3863 4892 manifestissima

2270 4941 2459 5013 gloria.
2486 4937 2570 4994 Ne
2589 4935 2896 4993 obliviscaris
2923 4949 3204 5005 pauperum
3226 4933 3281 4985 in
3307 4927 3483 5000 ﬁnem;
3504 4927 3556 4984 id
3581 4935 3683 4993 est,
3710 4927 3860 4985 sicut

2271 5034 2417 5099 impii
2449 5038 2669 5101 putant,
2699 5030 2787 5099 qui
2814 5027 2999 5082 dicunt
3028 5043 3041 5079 :
3076 5024 3271 5079 Oblitus
3290 5031 3362 5076 est
3385 5020 3543 5084 Deus,
3571 5019 3748 5074 auertit
3774 5021 3866 5089 fa-

2274 5129 2400 5183 ciem
2433 5142 2579 5182 suam
2621 5140 2684 5179 ne
2710 5122 2874 5178 videat
2903 5135 3066 5191 usque
3110 5118 3165 5171 in
3201 5116 3371 5185 linem.
3403 5113 3582 5184 Usque
3607 5111 3662 5167 in
3694 5111 3865 5166 finem

2272 5231 2451 5277 autem
2477 5224 2670 5289 negant
2696 5216 2862 5271 Deum
2899 5211 3114 5277 videre,
3154 5209 3243 5279 qui
3273 5207 3456 5262 dicunt
3489 5219 3610 5260 eum
3640 5218 3728 5259 res
3758 5202 3869 5258 hu-

2276 5327 2461 5370 manas
2482 5319 2537 5367 et
2567 5320 2805 5366 terrenas
2848 5320 2953 5361 non
2996 5317 3220 5368 curare;
3264 5301 3513 5371 quoniam
3538 5305 3679 5352 terra
3703 5294 3870 5365 quasi

2280 5410 2397 5464 linis
2423 5415 2505 5463 est
2528 5419 2729 5467 rerum,
2761 5400 2882 5471 quia
2912 5397 3157 5452 ultimum
3184 5394 3507 5450 elementum
3546 5396 3630 5444 est
3662 5386 3714 5441 in
3749 5400 3871 5456 quo

2279 5501 2521 5556 homines
2542 5492 2933 5551 ordinatissime
2957 5488 3220 5555 laborant,
3247 5485 3340 5542 sed
3371 5484 3606 5539 laborum
3635 5494 3866 5537 suorum

2279 5589 2520 5645 ordinem
2552 5586 2732 5640 videre
2757 5597 2864 5637 non
2888 5588 3133 5653 possunt,
3159 5580 3251 5650 qui
3283 5577 3513 5632 maxime
3533 5573 3772 5645 pertinet
3791 5572 3870 5629 ad

2346 5751 2363 5783 ι
2387 5747 2526 5806 Editi,
2556 5738 2901 5806 huiuscemodi.
2933 5739 3028 5793 Sed
3053 5737 3230 5806 melius
3258 5736 3442 5806 aliquot
3480 5742 3608 5795 uss,

2281 5792 2741 5937 qua’voce
2768 5804 2921 5854 utitur
2948 5805 3124 5868 passim
3155 5792 3467 5865 Augustinus,
3490 5792 3882 5863 pro—qualibur
