4042 6492
208 444 303 503 129

206 749 563 806 dormientem
612 756 821 811 excitat
865 757 1140 813 Dominum
1165 799 1180 825 ,
1216 766 1273 812 ut
1326 759 1550 828 imperet
1590 759 1761 814 ventis
1789 798 1806 825 ,

1366 458 1760 515 ENARRATIO
1799 459 1864 515 IN
1901 461 2224 521 PSALMUM
2265 465 2351 522 IX.

210 529 403 617 occulta
428 561 581 619 Filii.
612 565 906 625 Laborans
927 587 1052 642 ergo
1068 570 1303 628 Ecclesia
1332 572 1436 629 illis
1460 575 1809 646 temporibus,

211 666 454 728 tanquam
486 660 653 717 navis
685 663 741 717 in
772 665 981 737 magnis
1005 664 1253 720 ﬂuctibus
1278 675 1330 723 et
1360 666 1628 737 procellis,
1658 665 1811 738 quasi

3410 483 3511 544 £30

1924 577 2130 647 psalmo
2157 582 2385 651 cernitur,
2423 582 2669 641 Paratum
2696 604 2784 644 cor
2808 605 3007 659 meum,
3059 591 3196 650 Deus
3215 638 3229 664 ,
3273 610 3507 669 paratum

1921 684 2010 723 cor
2033 687 2197 726 meum
2228 672 2397 746 (Psal.
2426 691 2517 731 LVI
2539 718 2553 743 ,
2589 677 2685 749 8);
2712 679 2779 735 de
2805 697 2905 752 qua
2935 682 3063 738 dicit
3090 687 3410 756 Apostolus:
3443 691 3505 747 Si

1917 773 2083 817 autem
2119 766 2255 834 quod
2281 783 2382 821 non
2405 768 2628 826 videmus
2650 789 2910 842 speramus
2927 816 2942 841 ,
2974 792 3065 846 per
3098 778 3389 847 patientiam
3416 800 3504 839 ex—

205 852 255 896 et
284 844 655 914 tranquillitas
686 848 875 904 redeat
901 866 917 903 :
946 848 1073 904 dicit
1098 864 1228 921 ergo
1247 892 1262 914 ,
1296 848 1550 923 Exsurge,
1591 849 1810 931 Domine
1916 863 2198 925 spectamus
2224 855 2399 931 (Rom.
2428 876 2549 927 vni,
2578 863 2696 935 25).
2725 863 2842 920 1am
2869 844 2996 923 vero
3023 844 3204 925 aurem
3238 872 3366 940 Dei,
3394 890 3502 932 non

204 932 365 997 Deus,
397 936 658 994 exaltetur
703 957 887 996 manus
926 950 1031 1008 tua,
1068 956 1130 996 ne
1164 940 1475 997 obliviscaris
1528 959 1808 1014 pauperum
1915 946 2212 1003 membrum
2241 964 2578 1021 corporeum,
2607 932 2700 1010 sed
2728 959 3016 1026 potentiam
3047 975 3167 1017 esse
3200 979 3303 1033 qua
3332 932 3501 1022 exau-

202 1026 250 1079 iu
274 1025 455 1093 ﬁnem.

269 1117 365 1173 30.
397 1116 559 1191 [rem
594 1122 685 1189 15,
710 1122 828 1198 14.]
848 1123 962 1180 iam
990 1124 1164 1195 itaque
1189 1124 1527 1181 manifestum
1546 1123 1804 1196 judicium

211 1209 602 1281 intelligentes,
626 1224 682 1270 et
722 1218 1053 1275 exsultantes
1091 1217 1314 1288 dicunt,
1350 1218 1567 1291 Propter
1592 1220 1714 1291 quid
1731 1220 1803 1274 ir-

202 1302 379 1356 ritasi:
412 1304 606 1375 impius
631 1304 837 1363 Deum?
866 1309 916 1364 id
944 1319 1023 1365 est
1044 1351 1061 1376 ,
1098 1309 1221 1381 quid
1249 1310 1444 1381 profuit
1474 1319 1617 1367 tanta
1656 1312 1793 1368 mala

199 1392 422 1449 lacere?
449 1395 595 1451 Dixit
623 1399 759 1452 enim
788 1401 842 1453 in
869 1400 1019 1455 corde
1045 1418 1137 1456 suo
1160 1417 1180 1456 :
1208 1400 1327 1456 Non
1344 1404 1576 1474 requiret.
1597 1403 1799 1459 Deinde

196 1488 448 1555 sequitur
478 1508 492 1544 :
532 1488 681 1545 Vides
707 1493 948 1562 quoniam
976 1501 1028 1547 tu
1054 1493 1275 1549 laborem
1300 1505 1345 1548 et
1371 1496 1500 1550 iram
1529 1498 1545 1528 ¹
1571 1496 1800 1552 conside-

196 1595 300 1643 ras,
338 1589 396 1633 ut
422 1582 599 1636 tradas
621 1600 706 1637 eos
731 1584 786 1639 in
823 1602 1003 1640 manus
1039 1595 1170 1641 tuas.
1201 1586 1402 1644 Sensus
1428 1589 1526 1644 iste
1557 1604 1795 1660 pronun-

197 1670 486 1729 tiationem
515 1678 725 1746 quaerit,
757 1678 808 1732 in
835 1694 938 1749 qua
969 1680 1011 1734 si
1050 1690 1283 1735 erratum
1317 1681 1474 1737 fuerit
1496 1723 1511 1746 ,
1541 1683 1794 1740 obscura-

180 1755 299 1818 tur.
323 1765 419 1821 Sic
439 1769 582 1822 enim
603 1768 733 1824 dixit
754 1772 808 1825 in
830 1771 990 1828 corde
1018 1787 1117 1829 suo
1140 1773 1333 1844 impius
1363 1794 1376 1831 :
1402 1774 1522 1830 Non
1556 1776 1797 1847 requiret

193 1856 370 1922 Dens,
402 1861 549 1929 quasi
577 1860 714 1915 Deus
742 1862 1058 1919 laborem'et
1080 1866 1213 1919 iram
1242 1866 1570 1932 consideret,
1601 1876 1658 1922 ut
1683 1874 1790 1924 tra-

186 1947 288 2003 dat
312 1965 418 2004 eos
437 1951 491 2004 in
517 1968 695 2010 manus
724 1969 881 2021 suas;
912 1955 962 2009 id
989 1965 1088 2020 est,
1108 1960 1257 2027 quasi
1284 1957 1527 2014 laborare
1548 1966 1602 2013 et
1629 1958 1789 2015 irasci

188 2046 416 2106 timeat,
445 2056 498 2099 et
528 2054 806 2118 propterea
846 2048 948 2103 illis
987 2058 1201 2120 parcat,
1243 2066 1309 2106 ne
1344 2065 1570 2107 onerosa
1609 2051 1683 2106 illi
1720 2051 1792 2107 sit

188 2149 358 2203 pinna
378 2149 690 2203 eorum,aut
715 2155 784 2194 ne
812 2140 1098 2196 iracundia:
1132 2143 1153 2174 ¹
1184 2151 1495 2212 tempestate
1526 2143 1786 2213 turbetur,

187 2227 470 2296 quomodo
502 2228 811 2300 plerumque
859 2231 1100 2287 homines
1151 2232 1367 2301 faciunt,
1395 2234 1787 2292 dissimulantes

186 2318 509 2385 vindictam,
541 2336 609 2374 ne
638 2321 898 2390 laborent,
929 2332 1021 2377 aut
1048 2324 1345 2380 irascantur
1370 2325 1415 2382 ⁸.

249 2411 318 2464 5|
339 2451 356 2463 .
390 2410 503 2465 Tibi
542 2412 807 2467 derelictus
847 2423 920 2469 est
967 2432 1178 2486 pauper.
1224 2415 1349 2472 Ideo
1392 2417 1535 2473 enim
1579 2432 1782 2489 pauper

185 2512 284 2563 est,
320 2503 377 2557 id
397 2513 505 2569 est,
538 2506 717 2560 omnia
751 2507 908 2577 hujus
932 2508 1114 2563 mundi
1147 2511 1456 2579 temporalia
1488 2510 1624 2566 bona
1654 2526 1785 2567 con-

187 2597 444 2665 tempsit,
490 2608 546 2652 ut
587 2607 642 2653 tu
670 2599 743 2655 sis
776 2609 975 2655 tantum
1008 2616 1132 2672 spes
1173 2602 1307 2673 ejus.
1348 2601 1558 2673 Pupillo
1597 2612 1650 2657 tu
1686 2604 1783 2658 eris

187 2691 434 2759 cdjutor;
462 2691 514 2745 id
536 2701 637 2758 est,
666 2694 716 2747 ei
736 2693 820 2748 cui
852 2695 1074 2750 moritur
1099 2706 1252 2765 pater
1284 2696 1371 2752 hic
1399 2696 1628 2753 mundus
1646 2738 1661 2761 ,
1688 2713 1784 2767 per

187 2797 347 2852 quem
374 2784 666 2840 carnaliter
701 2787 913 2855 genitus
940 2795 1054 2851 est,
1103 2796 1156 2842 et
1192 2787 1302 2857 jam
1345 2797 1521 2857 potest
1562 2788 1777 2844 dicere:

189 2874 418 2931 luridus
437 2877 563 2931 mihi
581 2879 856 2947 cruciﬁxus
879 2887 969 2943 est,
996 2889 1042 2934 et
1062 2896 1152 2952 ego
1173 2880 1364 2934 mundo
1392 2878 1534 2946 (Gal.
1559 2897 1632 2946 vr,
1664 2881 1775 2952 14).

186 2965 406 3022 Talibus
433 2968 581 3024 enim
625 2970 838 3039 pupillis
880 2980 1029 3040 pater
1069 2971 1129 3025 lit
1172 2971 1332 3027 Deus.
1380 2972 1546 3027 Docet
1586 2974 1780 3042 quippe

188 3057 450 3112 Dominus
477 3059 706 3128 pupillos
736 3060 848 3115 lieri
883 3060 1175 3131 discipulos
1201 3077 1326 3117 suos
1345 3104 1359 3125 ,
1392 3063 1583 3133 quibus
1606 3062 1736 3118 dicit
1760 3081 1774 3119 :

184 3146 264 3201 Ne
289 3147 435 3203 vobis
460 3150 638 3204 dicatis
677 3162 870 3223 patrem
900 3152 951 3206 in
977 3153 1121 3207 terris
1147 3153 1360 3221 (Matth.
1389 3170 1540 3218 xxm,
1568 3154 1647 3224 9).
1675 3153 1777 3210 Cu-

181 3238 262 3307 jus
302 3240 387 3294 rei
432 3243 738 3312 exemplum
778 3242 1002 3311 prmhuit
1032 3244 1180 3314 prior
1211 3246 1322 3315 ipse
1348 3245 1573 3301 dicendo
1601 3262 1616 3303 :
1652 3246 1778 3313 Qua!

181 3331 303 3384 mihi
333 3340 520 3400 mater,
550 3342 635 3386 aut
664 3335 751 3403 qui
777 3334 961 3400 fratres
982 3333 1094 3405 (Id.
1128 3352 1199 3390 xu
1219 3376 1233 3401 ,
1261 3335 1388 3408 48)?
1417 3336 1566 3393 Unde
1591 3338 1777 3394 volunt

180 3422 398 3491 quidam
445 3424 881 3493 perniciosissimi
927 3425 1162 3482 haeretici
1208 3427 1284 3498 (a)
1345 3444 1618 3497 asserere,
1667 3445 1773 3485 non

179 3529 297 3569 eum
334 3515 588 3571 habuisse
626 3526 849 3579 matrem
884 3534 898 3573 :
933 3534 1031 3574 nec
1059 3518 1240 3575 vident
1281 3535 1397 3575 esse
1440 3537 1772 3592 consequens

180 3607 218 3659 si
250 3608 374 3662 ιι.ιό
397 3608 564 3662 verba
590 3609 895 3675 attendant,
941 3619 996 3665 ut
1031 3626 1133 3666 nec
1172 3611 1411 3680 discipuli
1442 3611 1558 3683 ejus
1596 3622 1772 3682 patres

179 3699 467 3755 habuerint
490 3718 503 3763 ;
533 3702 652 3771 quia
679 3702 817 3756 sicut
842 3701 955 3771 ipse
983 3702 1133 3763 dixit,
1172 3702 1297 3770 Quae
1318 3704 1443 3757 mihi
1472 3715 1629 3759 mater
1655 3714 1768 3772 est,

176 3792 250 3847 sic
279 3792 406 3848 illos
436 3793 653 3862 docuit,
684 3810 805 3850 cum
850 3795 923 3850 ait
955 3813 968 3849 :
1004 3794 1178 3850 Nolite
1216 3797 1352 3851 vobis
1381 3798 1546 3852 dicere
1576 3808 1769 3869 patrem

172 3883 221 3938 ia
246 3887 415 3939 terris.

236 3979 331 4032 εἰ.
365 3976 520 4051 [cers.
552 3979 650 4043 i5,
685 3978 798 4052 16.]
845 3977 1055 4034 Contere
1096 3979 1357 4034 brachium
1401 3980 1675 4051 peccatoris
1721 3993 1767 4036 et

173 4071 424 4141 tltaligm',‘
461 4069 606 4125 illius
632 4071 835 4125 scilicet
872 4071 939 4126 de
977 4087 1081 4141 quo
1112 4086 1270 4141 supra
1296 4070 1609 4127 dicebatur:
1645 4072 1768 4126 Um-

170 4162 312 4215 idum
354 4162 679 4217 inimicorum
707 4179 914 4216 suorum
941 4162 1300 4217 dominabitur.
1330 4163 1610 4217 Brachiqu
1639 4179 1766 4234 ergo

168 4252 316 4321 ejus,
349 4252 485 4307 dixit
525 4254 819 4324 potentiam
849 4254 1003 4322 ejus:
1031 4254 1113 4309 cui
1154 4257 1421 4308 contraria
1460 4263 1541 4309 est
1568 4242 1781 4309 Christi

169 4345 429 4413 potentia,
454 4342 524 4399 de
544 4359 648 4414 qua
669 4343 862 4399 dicitur
887 4362 900 4398 :
933 4343 1183 4415 Exsurge,
1208 4342 1427 4398 Domine
1446 4343 1602 4413 Deus,
1627 4345 1766 4400 exal-

170 4446 296 4492 telur
321 4454 508 4491 manus
548 4446 656 4490 tua.
696 4436 1000 4507 Requiretur
1035 4437 1273 4491 delictum
1314 4438 1452 4508 ejus,
1494 4453 1585 4491 nec
1621 4438 1763 4490 inue-

170 4530 357 4583 nietur.
387 4527 621 4598 PrOpter
648 4527 778 4583 illud
798 4570 810 4593 ,
842 4527 891 4582 id
921 4537 1001 4582 est
1029 4526 1075 4595 δ,
1101 4527 1423 4598 judicabitur
1456 4526 1521 4581 de
1547 4537 1763 4596 peccato

167 4634 297 4685 suo,
332 4627 389 4673 et
429 4619 548 4688 ipse
594 4620 764 4688 periet
793 4628 1010 4688 propter
1046 4625 1319 4688 peccatum
1348 4632 1521 4671 suum.
1561 4616 1762 4673 Deinde

164 4711 287 4781 quid
312 4711 518 4766 mirum
550 4709 595 4765 si
628 4712 885 4781 sequitur,
918 4709 1165 4764 Dominus
1193 4710 1415 4779 regnabit
1441 4709 1491 4761 in
1519 4719 1760 4764 internum

163 4802 287 4855 etin
312 4800 567 4856 malum
604 4802 806 4868 seculi,
840 4800 1064 4872 peribitis
1093 4811 1262 4873 gentes
1306 4800 1369 4854 de
1409 4808 1541 4853 terra
1580 4800 1762 4855 illius?

164 4896 372 4952 Gentes
395 4895 594 4965 posuit,
625 4905 936 4967 peccatores
966 4904 1018 4949 et
1044 4895 1256 4965 impios.

226 4993 325 5048 5'5.
364 4989 517 5064 [ναι.
552 4988 669 5064 17.]
694 4989 1013 5045 Desiderium
1043 5005 1323 5059 pauperum
1363 4987 1615 5042 exaudivit
1645 4986 1757 5043 Do-

161 5086 336 5140 minus
363 5100 381 5137 :
415 5082 742 5139 desiderium
774 5081 901 5136 illud
931 5097 1036 5152 quo
1062 5081 1358 5135 mstuabant
1378 5123 1391 5139 .
1423 5095 1542 5133 cum
1576 5079 1627 5133 in
1663 5095 1758 5134 au—

160 5177 354 5247 gustiis
388 5184 443 5230 et
484 5172 913 5229 tribulationibus
954 5172 1111 5244 hujus
1140 5170 1319 5227 sasculi
1365 5169 1572 5224 Domini
1615 5169 1754 5225 diem

161 5267 627 5337 concupiscerent.
664 5265 1098 5330 Prteparationem
1121 5264 1288 5317 cordis
1310 5279 1484 5316 eorum
1504 5262 1756 5316 exaudivit

159 5361 295 5415 auris
324 5368 417 5413 tua
441 5374 463 5412 :
493 5357 607 5413 haec
634 5365 719 5413 est
743 5355 919 5413 cordis
950 5355 1299 5426 praeparatio,
1340 5353 1407 5408 de
1433 5368 1533 5423 qua
1560 5353 1614 5408 in
1648 5353 1755 5408 alio

214 5517 233 5548 ¹
256 5522 380 5565 me.
419 5511 568 5575 addit,
592 5517 639 5564 et
677 5510 930 5573 dolorem;
950 5511 1079 5576 quod
1117 5523 1147 5560 a
1177 5508 1315 5560 libris
1334 5510 1441 5560 aliis
1473 5517 1525 5560 et
1564 5521 1593 5560 a
1627 5521 1754 5574 gras-

154 5579 406 5707 “3.133,
441 5648 506 5707 ne
524 5634 786 5707 iracundia
816 5640 864 5707 e_t
1182 5633 1623 5707 adissentlentlbigs

216 5702 247 5770 ’_
260 5703 344 5750 sic
554 5707 685 5750 notae
708 5706 814 5770 διεδ.
835 5697 951 5747 Editi
974 5694 1111 5756 vero,
1130 5694 1214 5759 qui
1232 5694 1534 5747 dissimulata
1544 5695 1755 5746 vindicta

154 5762 406 5813 elaborant
427 5774 488 5811 ne
508 5762 804 5812 irascantur.

158 5882 172 5888 η
202 5829 240 5888 Αδ
265 5825 421 5875 Editi:
448 5830 652 5888 Propter
670 5819 799 5873 illud
835 5818 982 5872 idem
1011 5825 1119 5871 Mss.
1144 5818 1329 5884 aliquot
1350 5826 1577 5872 :Prooter
1609 5816 1751 5883 illud,

153 5882 322 6014 κεῖ.

1912 1033 2024 1101 dit,
2057 1038 2376 1109 regulariter
2403 1043 2661 1100 debemus
2690 1048 2970 1119 accipere;
3001 1059 3160 1121 atque
3187 1054 3255 1108 ita
3280 1057 3500 1125 quibus-

1911 1140 2014 1196 que
2043 1129 2330 1187 nominatis
2359 1134 2613 1190 membris
2643 1136 2758 1205 ejus
2777 1179 2793 1203 ,
2825 1154 2944 1209 qua:
2992 1141 3044 1195 in
3093 1142 3245 1198 nobis
3273 1145 3496 1203 visibilia

1910 1225 1965 1271 et
1992 1232 2247 1290 corporea
2288 1232 2441 1292 sunt,
2474 1227 2739 1294 potentias
2773 1231 3140 1300 operationum
3182 1247 3391 1305 oportet
3416 1236 3496 1293 in-

1912 1307 2094 1378 telligi,
2128 1327 2194 1367 ne
2214 1328 2357 1384 saepe
2378 1315 2475 1372 ista
2498 1326 2845 1387 repetantur:
2880 1337 2985 1377 non
3011 1323 3152 1379 enim
3174 1340 3492 1397 corporeum

1908 1401 1987 1457 l'as
2011 1413 2096 1459 est
2120 1414 2324 1475 putare,
2355 1409 2499 1480 quod
2525 1412 2779 1469 Dominus
2806 1415 2946 1473 Deus
2968 1431 3074 1472 non
3095 1429 3371 1476 sonantem
3398 1436 3492 1478 vo-

1904 1508 2043 1557 cem,
2072 1495 2164 1550 sed
2195 1502 2638 1568 praeparationem
2663 1506 2842 1560 cordis
2870 1508 3105 1563 exaudit.

1974 1587 2062 1641 54.
2096 1586 2245 1661 [vers.
2282 1592 2392 1666 18.]
2418 1594 2663 1650 Judicare
2696 1599 2895 1669 pupillo
2932 1610 2979 1654 et
3013 1602 3237 1657 humili:
3277 1604 3327 1658 id
3368 1614 3484 1674 est,

1902 1690 2005 1731 non
2033 1678 2080 1732 ei
2103 1680 2193 1750 qui
2220 1682 2585 1740 conformatur
2612 1686 2735 1742 huic
2763 1690 2961 1745 sa-culo
2983 1733 2995 1755 ,
3025 1707 3198 1762 neque
3227 1697 3482 1765 superbo.

1897 1768 2056 1825 Aliud
2086 1781 2169 1827 est
2196 1773 2340 1828 enim
2364 1774 2607 1845 judicare
2636 1779 2915 1847 pupillum,
2948 1781 3090 1837 aliud
3118 1785 3358 1851 judicare
3389 1802 3485 1855 pu-

1898 1860 2024 1931 pillo
2048 1878 2063 1915 :
2091 1861 2294 1933 iudicat
2320 1868 2582 1936 pupillum
2606 1870 2765 1924 etiam
2788 1873 2877 1939 qui
2903 1873 3254 1940 condemnat;
3282 1876 3485 1945 judiCat

1895 1963 2071 2007 autem
2101 1956 2304 2026 pupillo
2329 1959 2418 2027 qui
2445 1974 2543 2029 pro
2566 1961 2656 2015 illo
2684 1962 2885 2032 profert
2913 1968 3255 2021 sententiam.
3288 1968 3354 2023 Ut
3380 1987 3479 2026 non

1894 2055 2120 2115 apponat
2152 2048 2285 2102 ultra
2312 2051 2641 2120 magniﬁcare
2670 2070 2726 2108 se
2764 2055 2913 2110 homo
2947 2073 3098 2127 super
3121 2068 3324 2113 terram.
3368 2060 3478 2116 Ho-

1894 2135 2064 2192 mines
2090 2139 2232 2192 enim
2260 2152 2414 2206 sunt,
2444 2142 2512 2197 de
2535 2144 2728 2214 quibus
2753 2146 2951 2202 dictum
2982 2160 3063 2204 est
3090 2167 3104 2205 :
3140 2149 3286 2206 Pone
3307 2194 3321 2217 ,
3361 2151 3474 2208 Do-

1890 2228 2043 2293 mine,
2072 2229 2410 2301 legislatorem
2434 2251 2587 2306 super
2613 2254 2715 2305 eos,
2746 2239 2906 2294 sciant
2929 2251 3099 2312 gentes
3117 2244 3356 2314 quoniam
3384 2234 3477 2301 ho-

1890 2320 2048 2375 mines
2072 2334 2207 2376 sunt.
2241 2323 2347 2380 Scd
2373 2325 2533 2381 etiam
2560 2327 2649 2384 ille
2684 2331 2774 2401 qui
2801 2332 2992 2389 eodem
3020 2334 3474 2408 loco’intelligitur

1890 2414 2012 2482 poni
2042 2429 2204 2484 super
2231 2431 2345 2484 eos,
2376 2418 2537 2474 homo
2564 2420 2699 2488 erit,
2736 2422 2804 2478 de
2838 2440 2945 2494 quo
2974 2441 3115 2481 nunc
3142 2426 3354 2491 dicitur,
3402 2425 3471 2481 Ut

1888 2518 1990 2577 non
2015 2517 2241 2575 apponat
2266 2509 2401 2564 ultra
2441 2512 2769 2582 magniﬁcare
2798 2531 2853 2570 se
2878 2515 3028 2570 homo
3059 2533 3212 2587 super
3244 2527 3429 2573 terram
3451 2534 3473 2572 :

1886 2608 2009 2650 cum
2036 2600 2241 2654 venerit
2274 2602 2476 2658 scilicet
2503 2602 2667 2660 Filius
2702 2605 2937 2663 hominis
2971 2607 3212 2679 judicare
3239 2609 3469 2682 pupillo,

1885 2688 1975 2757 qui
2001 2703 2059 2744 se
2084 2692 2232 2747 exuit
2258 2702 2491 2751 veterem
2522 2695 2816 2768 hominem,
2845 2707 3006 2771 atque
3034 2700 3136 2757 hoc
3162 2703 3324 2759 modo
3353 2711 3472 2758 tan-

1883 2793 2039 2849 quam
2067 2782 2252 2837 extulit
2282 2784 2514 2841 Patrem.

1954 2897 2043 2951 35.
2074 2897 2200 2953 Post
2219 2901 2424 2954 occulta
2447 2916 2575 2973 ergo
2588 2901 2732 2968 Filii,
2759 2902 2825 2959 de
2848 2904 3039 2975 quibus
3061 2906 3113 2961 in
3139 2906 3243 2961 hoc
3262 2907 3468 2977 psalmo

1882 2987 2047 3041 multa
2081 2988 2223 3044 dicta
2260 3001 2417 3057 sunt,
2459 3002 2616 3049 erunt
2656 2995 2935 3051 manifesta
2978 2995 3129 3064 Filii,
3174 2997 3242 3053 de
3269 2997 3461 3069 quibus

1881 3092 2048 3147 pauca
2078 3079 2130 3135 in
2155 3080 2261 3136 ﬁne
2281 3082 2519 3152 ejusdem
2547 3078 2737 3155 psalmi
2766 3102 2907 3141 nunc
2926 3086 3065 3142 dicta
3094 3097 3219 3143 sunt
3243 3107 3257 3144 :
3286 3104 3355 3145 ex
3380 3082 3473 3145 bis

1879 3181 2056 3228 autem
2103 3173 2285 3229 titulus
2323 3175 2493 3233 factus
2521 3188 2637 3243 est,
2685 3196 2804 3250 quae
2847 3181 3102 3253 majorem
3133 3182 3221 3239 hic
3260 3192 3462 3255 partem

1882 3269 2082 3318 tenent.
2112 3264 2294 3321 Potest
2321 3276 2377 3321 et
2403 3267 2516 3337 ipse
2539 3270 2655 3327 dies
2681 3271 2939 3327 adventus
2969 3273 3175 3329 Domini
3203 3283 3350 3331 recte
3376 3292 3468 3331 nu-

1878 3354 2072 3408 merari
2099 3353 2241 3411 inter
2266 3359 2470 3413 occulta
2502 3359 2642 3427 Filii,
2672 3363 2913 3432 quamvis
2946 3366 3054 3434 ipsa
3085 3365 3296 3420 Domini
3323 3382 3463 3436 prie.

1876 3446 2048 3500 sentia
2079 3447 2360 3503 manifesta
2402 3450 2574 3505 futura
2615 3453 2717 3517 sit;
2761 3454 2829 3507 de
2855 3453 2947 3509 illo
2975 3456 3118 3509 enim
3149 3456 3234 3511 die
3262 3457 3462 3512 dictum

1875 3545 1957 3589 est
1984 3536 2124 3606 quod
2152 3552 2310 3593 nemo
2337 3556 2457 3594 eum
2489 3543 2647 3596 sciret
2669 3582 2682 3605 ,
2713 3558 2887 3612 neque
2916 3544 3125 3614 Angeli,
3164 3560 3262 3600 nec
3287 3547 3463 3601 Virtu-

1876 3634 1983 3693 tes,
2037 3644 2209 3698 ueque
2255 3629 2422 3685 Filius
2465 3631 2699 3687 hominis
2730 3633 2941 3703 (Matth.
2975 3649 3121 3701 XXIV,
3158 3634 3248 3706 56)
3279 3653 3292 3689 :
3333 3635 3459 3705 quid

1874 3732 2001 3788 ergo
2028 3728 2131 3773 tam
2161 3721 2462 3787 occultum,
2505 3738 2665 3793 quam
2708 3722 2759 3778 id
2790 3724 2931 3794 quod
2970 3726 3128 3779 etiam
3156 3725 3255 3795 ipsi
3293 3725 3458 3796 judici
3526 3766 3531 3771 -

1873 3811 2136 3865 occultum
2184 3827 2302 3867 esse
2347 3812 2546 3869 dictum
2591 3824 2706 3881 est,
2749 3829 2855 3870 non
2895 3815 2961 3871 ad
2991 3816 3455 3887 cognoscendum,

1871 3902 1964 3955 secl
1990 3903 2056 3955 ad
2087 3903 2453 3972 prodendum?
2485 3906 2558 3960 De
2584 3905 2805 3961 occultis
2831 3915 3009 3962 autem
3051 3905 3191 3972 Filii,
3224 3908 3383 3962 etiam
3412 3908 3456 3963 si

1870 3993 2146 4063 quisquam
2191 4010 2294 4050 non
2338 3996 2430 4051 Dei
2477 3994 2666 4050 Filium
2719 3996 3007 4053 subaudire
3051 3998 3314 4067 voluerit,
3361 3998 3456 4054 sed

1870 4086 2036 4157 ipsius
2064 4076 2257 4153 David,
2299 4088 2451 4158 cujus
2480 4090 2679 4143 nomini
2711 4098 2876 4144 totum
2912 4090 3228 4145 Psalterium
3265 4090 3455 4145 tribui-

1871 4184 1975 4245 tur,
2008 4192 2128 4231 nam
2176 4178 2409 4232 Davidici
2441 4179 2623 4249 utique
2664 4180 2858 4234 Psalmi
2903 4182 3259 4251 appellantur,
3296 4196 3455 4237 voces

1869 4269 1984 4325 illas
2019 4270 2199 4325 audiat
2238 4271 2428 4342 quibus
2470 4272 2697 4328 Domino
2726 4273 2939 4341 dicitur,
2987 4274 3229 4330 Miserere
3254 4274 3449 4343 nostri,

1866 4362 1945 4430 ﬁli
1983 4360 2147 4415 David
2192 4361 2301 4429 (Id.
2337 4378 2438 4425 xx,
2469 4363 2592 4431 50);
2640 4373 2798 4434 atque
2828 4365 2898 4418 ita
2943 4366 3101 4419 etiam
3141 4365 3243 4419 hoc
3290 4366 3451 4419 modo

1867 4455 2113 4509 eumdem
2149 4455 2427 4510 Dominum
2458 4454 2725 4509 Christum
2758 4456 3050 4537 intelligat,
3079 4457 3147 4510 de
3182 4456 3332 4526 cujus
3353 4471 3447 4511 cc-

1865 4546 2021 4601 cultis
2044 4547 2158 4616 ipse
2187 4547 2422 4616 psalmus
2448 4546 2735 4615 inscriptus
2760 4555 2861 4601 est.
2894 4546 2983 4601 Sic
3016 4546 3158 4601 enim
3184 4548 3341 4601 etiam
3380 4547 3449 4601 ab

1863 4637 2053 4708 angelo
2080 4638 2273 4691 dicitur
2298 4655 2310 4690 :
2342 4636 2498 4691 Dabit
2524 4637 2601 4692 illi
2631 4636 2769 4692 Deus
2798 4636 2968 4693 sedem
2999 4637 3163 4692 David
3186 4640 3343 4708 patris
3368 4641 3449 4694 sui

1864 4729 2013 4801 (Luc.
2046 4747 2093 4795 ι,
2126 4729 2236 4801 32).
2268 4730 2378 4787 Nec
2408 4731 2495 4786 illa
2536 4732 2800 4786 sententia
2844 4730 2966 4787 huic
3006 4733 3290 4788 intellectui
3321 4747 3451 4787 con-

1865 4823 2024 4878 traria
2069 4833 2177 4887 est.
2207 4840 2309 4895 qua
2358 4824 2495 4880 idem
2544 4825 2800 4881 Dominus
2839 4827 3032 4897 quaerit
3068 4841 3095 4880 a
3125 4826 3356 4894 Judazis,
3386 4826 3449 4882 Si

1861 4914 1997 4985 ﬁlius
2024 4914 2190 4969 Dauid
2209 4914 2440 4971 Christus
2470 4925 2560 4982 est,
2596 4916 2847 4995 quomodo
2872 4917 2924 4970 in
2955 4917 3138 4986 spiritu
3170 4926 3311 4971 vocat
3335 4933 3449 4971 eum
3485 4980 3491 5000 Ι

1861 5007 2156 5074 Dominum,
2180 5008 2351 5062 dicens
2376 5024 2396 5063 :
2423 5007 2563 5061 Dixit
2588 5006 2840 5063 Dominus
2868 5006 3086 5062 Domino
3116 5023 3267 5074 meo,
3314 5006 3471 5063 Sede

1860 5099 1928 5152 ad
1946 5100 2205 5157 dexteram
2231 5116 2415 5166 meam,
2445 5099 2605 5153 donec
2634 5117 2821 5170 ponam
2849 5100 3078 5154 inimicos
3100 5108 3211 5154 tuos
3241 5097 3334 5153 sub
3360 5116 3449 5170 pe-

1859 5191 2005 5247 dibus
2029 5194 2127 5247 tuis
2157 5192 2366 5263 (Matth.
2397 5207 2529 5259 xxn,
2556 5191 2671 5265 44).
2708 5193 2912 5248 Dictum
2946 5201 3030 5249 est
3052 5194 3194 5250 enim
3224 5176 3446 5266 imperi-

1859 5286 1957 5352 tis,
2002 5286 2089 5357 qui
2120 5287 2360 5355 quamvis
2391 5293 2674 5339 venturum
2711 5285 2980 5351 Christum
3019 5295 3326 5357 sperarent,
3368 5300 3447 5341 se-

1858 5379 2087 5435 cundum
2126 5378 2396 5434 hominem
2427 5387 2600 5434 tamen
2631 5395 2750 5435 eum
2780 5390 3181 5453 exspectarent,
3213 5397 3320 5436 non
3362 5394 3444 5437 se-

1856 5472 2083 5542 cundum
2112 5470 2253 5542 quod
2280 5470 2462 5526 Virtus
2489 5481 2543 5527 et
2567 5469 2837 5540 Sapientia
2868 5474 2962 5529 Dei
2984 5484 3084 5529 est.
3115 5476 3275 5531 Docet
3305 5488 3431 5544 ergo
3524 5500 3531 5507 -

1856 5564 1929 5619 ibi
1978 5562 2136 5618 ﬁdem
2180 5563 2511 5618 verissimam
2557 5572 2612 5619 et
2652 5564 3097 5631 sincerissimam,
3143 5572 3204 5619 ut
3247 5572 3300 5619 et
3333 5564 3438 5620 Do-

1856 5656 2032 5712 minus
2062 5656 2133 5711 sit
2172 5655 2310 5726 regis
2349 5654 2547 5721 David,
2588 5654 2879 5711 secundum
2920 5656 3060 5727 quod
3095 5663 3177 5710 cst
3204 5654 3439 5712 Verbum

1858 5746 1910 5803 in
1940 5745 2234 5818 principio,
2281 5744 2423 5801 Deus
2450 5744 2589 5815 apud
2622 5745 2817 5813 Deum,
2848 5762 2942 5817 per
2982 5744 3121 5816 quod
3154 5746 3286 5800 facta
3315 5756 3439 5805 sunt

1856 5839 2034 5896 omnia
2066 5835 2247 5910 (Joan.
2279 5851 2318 5904 ι,
2348 5836 2436 5910 i);
2467 5844 2522 5893 et
2548 5834 2720 5901 illius,
2765 5836 3055 5892 secundum
3093 5836 3233 5907 quod
3270 5836 3438 5894 lactus

1863 5930 2004 5989 estei
2031 5945 2095 5988 ex
2119 5929 2324 5986 semine
2343 5927 2508 5987 David
2530 5926 2822 5984 secundum
2847 5941 3061 5983 carnem
3090 5925 3261 6001 (Rom.
3287 5941 3322 5999 t,
3354 5924 3435 6001 ὅ).
