4042 6472
571 382 675 444 133

561 519 710 566 tcnet
739 517 791 565 te
832 523 982 564 reum
1010 505 1265 579 quidquid
1311 521 1406 577 per
1447 505 1685 578 singulos
1731 503 1846 562 dies
1892 506 1945 560 in
1994 511 2146 575 parte

563 611 737 657 vestra
765 610 817 656 te
842 599 1113 656 nesciente
1140 599 1508 665 committitur,
1550 599 1928 668 imperatorum
1951 593 2151 651 consti-

565 693 795 749 tutiones
823 691 901 763 (a)
932 691 1126 747 frustra
1168 690 1507 762 objicientem
1539 692 1555 723 ί
1599 689 1906 755 Catholicis,
1935 703 2055 743 cum
2097 687 2151 741 in

564 787 756 842 vestris
776 785 965 841 castris
986 785 1172 856 privati
1199 784 1365 840 fustes
1385 788 1637 857 ignesque
1659 785 1735 838 sic
1752 785 1990 838 saeviant.
2013 781 2153 837 Ecce

566 894 673 951 quo
699 879 833 950 lapsi
866 888 1011 944 sunt,
1041 878 1133 949 qui
1162 894 1284 933 cum
1312 879 1557 934 viderent
1588 879 1640 933 in
1666 876 1936 933 Catholica
1964 890 2151 946 pecca-

564 981 731 1038 tores,
779 987 881 1026 non
923 979 1211 1042 potuerunt
1255 970 1450 1037 dicere,
1484 969 1551 1025 In
1591 969 1811 1024 Domino
1847 969 2069 1039 con/ida,
2098 976 2153 1022 et

563 1080 713 1135 spem
742 1078 892 1118 suam
923 1064 977 1118 in
1003 1062 1218 1119 homine
1246 1072 1555 1135 posuerunt.
1588 1061 1740 1130 Quod
1764 1061 1982 1117 omnino
2009 1060 2155 1116 dice-

564 1164 706 1224 reut,
737 1156 781 1231 si
812 1170 916 1211 non
940 1165 1034 1212 aut
1072 1156 1204 1227 ipsi,
1234 1164 1323 1210 aut
1350 1163 1405 1210 et
1448 1155 1546 1225 ipsi
1581 1153 1714 1209 tales
1744 1161 1943 1220 essent,
1971 1150 2153 1223 quales

565 1250 684 1306 illos
730 1250 1005 1321 putabant,
1046 1265 1079 1306 a
1118 1248 1309 1321 quibus
1354 1247 1610 1320 sacrilega
1641 1246 1886 1318 superbia
1915 1243 2153 1317 separari

563 1354 620 1395 se
648 1341 781 1396 velle
806 1340 1090 1397 ﬁnxerunt.

636 1435 683 1489 6.
710 1431 880 1507 [υεη.
900 1432 978 1507 4.]
1001 1434 1144 1489 Dicat
1166 1450 1294 1505 ergo
1318 1434 1492 1489 anima
1514 1433 1808 1490 catholica:
1835 1430 1902 1486 In
1935 1430 2152 1486 Domino

561 1526 763 1595 conﬁdo
785 1542 806 1591 ;
829 1527 1079 1597 quomodo
1119 1527 1285 1583 dicitis
1322 1528 1507 1582 anima:
1548 1543 1672 1581 metu
1697 1544 1712 1581 :
1743 1524 2070 1597 Trunsmigra
2098 1526 2152 1579 in

561 1630 753 1674 montes
795 1619 925 1674 sicut
970 1620 1188 1690 passer?
1228 1620 1481 1688 Quoniam
1521 1636 1625 1675 esse
1666 1629 1947 1692 peccatores
1985 1619 2152 1673 inten-

560 1713 739 1769 derunt
768 1731 961 1778 arcum,
991 1724 1294 1784 parauerunt
1322 1716 1530 1786 sagittas
1566 1731 1683 1769 suas
1710 1715 1761 1768 in
1788 1714 2027 1785 pharetra
2049 1753 2065 1779 ,
2098 1720 2153 1765 ut

557 1805 796 1874 sagiltent
824 1807 876 1859 in
906 1806 1118 1860 obscura
1157 1805 1279 1859 luna
1308 1817 1468 1861 rectos
1507 1807 1656 1860 corde
1691 1820 1711 1859 :
1751 1817 1803 1860 et
1844 1820 2153 1860 sermonem

559 1895 627 1950 ab
668 1896 795 1965 ipsis
822 1905 1098 1952 convertat
1134 1896 1200 1952 ad
1231 1896 1513 1951 Dominmn
1542 1938 1556 1961 ,
1604 1904 1658 1951 et
1684 1895 1863 1964 dicat,
1899 1895 2153 1961 Quoniam

558 2003 671 2059 qua:
700 1989 953 2059 perfecisti
990 1991 1361 2045 destruxerunt.
1405 1990 1472 2045 Et
1510 1991 1609 2045 hoc
1646 1989 1808 2055 dicat,
1836 2005 1940 2043 non
1968 1997 2151 2044 contra

556 2078 687 2134 istos
711 2081 876 2146 solos,
904 2080 998 2137 sed
1024 2092 1209 2137 contra
1233 2097 1419 2137 omnes
1448 2081 1747 2137 hmreticos.
1772 2081 1973 2137 Omnes
1998 2082 2146 2136 enim

557 2185 812 2246 quantum
842 2173 896 2230 in
928 2174 1056 2245 ipsis
1085 2185 1187 2240 est,
1218 2176 1599 2231 destruxcrunt
1628 2175 1862 2242 laudem,
1893 2190 2051 2245 quam
2080 2190 2149 2231 ex

558 2280 651 2322 ore
680 2266 959 2325 infantium
991 2278 1045 2323 et
1070 2267 1379 2323 lactentium
1408 2266 1631 2339 perfecit
1660 2268 1801 2323 Deus
1834 2265 2006 2339 (Psal.
2034 2282 2147 2332 vui,

557 2355 613 2430 3)
632 2400 646 2423 ,
674 2357 802 2415 dum
828 2359 1212 2429 quaestionibus
1240 2361 1393 2415 vanis
1432 2367 1486 2414 et
1524 2358 1850 2430 scrupulosis
1883 2359 2152 2430 exagitant

558 2448 836 2520 parvulos,
866 2457 922 2506 et
946 2464 1041 2505 eos
1069 2451 1259 2505 nutriri
1289 2450 1408 2506 ﬁdei
1439 2450 1576 2505 lacte
1604 2466 1712 2505 non
1743 2450 1945 2505 sinunt.
1986 2448 2150 2516 Quasi

555 2556 683 2612 ergo
710 2542 909 2598 dictum
940 2542 1009 2598 sit
1038 2541 1162 2598 huic
1192 2544 1384 2597 animae
1404 2583 1420 2610 ,
1453 2543 1628 2610 Quare
1674 2542 1759 2597 isti
1803 2542 1896 2597 tibi
1940 2541 2144 2608 dicunt,

557 2631 886 2707 Transmigra
908 2635 961 2690 in
988 2644 1181 2691 montes
1204 2636 1333 2691 sicut
1355 2652 1528 2706 passer
1547 2635 1573 2689 .’
1598 2650 1765 2706 quare
1793 2643 1844 2691 te
1869 2634 1936 2690 de
1963 2648 2152 2704 pecca-

556 2726 760 2782 toribus
787 2735 1010 2794 terrent,
1042 2727 1131 2798 qui
1156 2726 1500 2783 intenderunt
1523 2741 1703 2782 arcum
1732 2726 1800 2780 ad
1821 2724 2149 2796 sagittandos

554 2817 609 2877 in
632 2818 857 2873 obscura
881 2818 1004 2873 luna
1030 2828 1205 2875 rectos
1224 2817 1423 2874 corde?
1444 2818 1752 2888 Respondet
1774 2835 1789 2872 :
1813 2816 1939 2873 Ideo
1966 2817 2148 2887 utique

555 2927 643 2967 me
674 2919 908 2980 terrent,
933 2913 1175 2982 quoniam
1198 2928 1312 2984 quia
1336 2911 1588 2986 perfecisti
1612 2911 1985 2966 destruxerunt.
2018 2908 2141 2975 Ubi,

555 3005 658 3061 nisi
698 3006 750 3061 in
788 3007 1179 3062 conventiculis
1207 3007 1318 3062 suis
1338 3046 1354 3072 ,
1382 3005 1472 3060 ubi
1502 3004 1748 3074 parvulos
1782 3014 1836 3059 et
1876 3002 2147 3059 interioris

553 3095 690 3151 lucis
711 3098 946 3167 ignaros,
971 3113 1075 3152 non
1101 3099 1235 3151 lacte
1262 3097 1523 3163 nutriunt,
1552 3094 1647 3150 sed
1673 3093 1893 3151 venenis
1919 3094 2144 3149 necant?

549 3186 731 3243 Justus
759 3199 927 3243 autem
961 3189 1083 3258 quid
1111 3189 1270 3260 fecit?
1310 3188 1366 3243 Si
1394 3203 1489 3243 vos
1513 3187 1773 3242 Macarius
1791 3228 1806 3253 ,
1840 3187 1882 3241 si
1907 3201 2002 3242 vos
2027 3185 2145 3242 Ca:-

553 3280 777 3335 cilianus
804 3278 1057 3343 oﬂ'endit;
1087 3280 1333 3335 Christus
1359 3280 1485 3350 quid
1518 3279 1642 3334 fecit
1670 3278 1843 3342 vobis,
1871 3279 1960 3349 qui
1988 3278 2141 3344 dixit,

556 3373 746 3429 Pacem
790 3391 953 3429 meum
996 3374 1062 3428 do
1101 3375 1266 3440 vobis,
1319 3391 1493 3444 parem
1530 3390 1693 3427 meant
1734 3372 1965 3445 relinquo
2008 3371 2146 3427 vobis

554 3465 733 3541 (Joan.
765 3483 857 3523 XIV
879 3508 895 3533 ,
926 3466 1017 3538 27)
1050 3485 1062 3519 :
1091 3483 1248 3538 quam
1282 3482 1373 3521 vos
1403 3466 1631 3522 nefanda
1668 3465 2004 3522 dissensione
2031 3467 2147 3520 vio-

554 3559 743 3614 lastis?
765 3558 1008 3614 Christus
1032 3558 1160 3630 quid
1186 3559 1336 3613 vobis
1364 3557 1509 3624 fecit,
1537 3558 1623 3627 qui
1651 3557 1959 3611 traditorem
1987 3572 2141 3612 suum

553 3658 698 3705 tanta
745 3652 998 3720 patientia
1047 3650 1289 3719 pertulit,
1322 3659 1381 3703 ut
1407 3650 1458 3703 ei
1498 3649 1721 3718 primam
1753 3648 2140 3703 Eucharistiam

549 3739 847 3795 confectam
890 3741 1136 3794 manibus
1182 3739 1293 3794 suis
1337 3748 1393 3794 et
1433 3755 1527 3793 ore
1564 3754 1662 3792 suo
1690 3739 2140 3806 commendatam,

549 3832 687 3887 sicut
714 3832 922 3887 caeteris
949 3832 1220 3901 Apostolis
1251 3831 1486 3886 traderet
1518 3829 1670 3902 (Luc.
1704 3848 1853 3899 χιιι,
1888 3832 1983 3897 19,
2012 3832 2142 3902 21)?

550 3922 687 3988 Quid
726 3923 876 3977 vobis
923 3922 1047 3977 fecit
1089 3922 1367 3989 Christus,
1414 3922 1504 3992 qui
1548 3922 1796 3989 eumde
1830 3923 2140 3978 traditorem

551 4030 730 4083 suum,
757 4031 918 4086 quem
946 4015 1218 4071 diabolum
1250 4016 1542 4070 nominavit
1576 4016 1754 4086 (Joan.
1782 4031 1858 4082 vn,
1884 4016 2010 4085 7i),
2052 4016 2141 4086 qui

553 4120 677 4165 ante
708 4108 1046 4163 traditionem
1085 4107 1296 4162 Domini
1327 4122 1427 4162 nec
1457 4107 1643 4162 loculis
1672 4107 1954 4162 dominicis
1983 4107 2139 4162 fidem

551 4200 725 4272 potuit
747 4199 1003 4255 exhibere
1031 4197 1142 4271 (Id.
1172 4214 1263 4264 xu,
1294 4199 1373 4269 6),
1397 4214 1518 4254 cum
1544 4200 1753 4255 ea-teris
1778 4200 2050 4270 discipulis
2074 4200 2140 4256 ad

555 4291 952 4362 praedicandum
994 4308 1213 4359 regnum
1245 4291 1505 4347 cmlorum
1538 4292 1683 4346 misit
1710 4290 1924 4365 (Matth.
1955 4310 2015 4358 χ,
2042 4292 2137 4365 5);

549 4396 605 4440 ιιι
630 4384 1023 4441 demonstraret
1047 4384 1185 4439 dona
1218 4383 1315 4438 Dei
1347 4384 1625 4455 pervenire
1663 4384 1730 4439 ad
1766 4400 1859 4440 eos
1898 4385 1985 4455 qui
2016 4401 2138 4440 cum

549 4476 655 4534 llde
678 4478 983 4548 accipiunt,
1014 4478 1222 4533 etiamsi
1251 4476 1370 4532 talis
1407 4478 1477 4531 sit
1514 4492 1609 4547 per
1648 4493 1805 4549 quem
1845 4478 2135 4550 accipiunt,

548 4570 718 4638 qualis
743 4568 907 4623 ludas
934 4567 1072 4622 luit?

620 4659 672 4712 7.
703 4658 854 4731 iners.
876 4656 958 4730 5.]
1002 4657 1253 4713 Dominus
1273 4660 1327 4712 in
1353 4658 1540 4729 templo
1559 4671 1733 4715 sancto
1752 4679 1862 4717 suo.
1890 4662 1963 4718 ita
1985 4677 2134 4732 vero,

545 4751 685 4805 sicut
710 4751 997 4820 Apostolus
1024 4749 1175 4817 dicit,
1204 4749 1471 4821 Templum
1498 4754 1630 4806 enim
1663 4753 1754 4808 Dei
1780 4765 2011 4810 sanctum
2038 4766 2133 4824 est,

545 4843 683 4913 quod
706 4843 822 4897 estis
850 4858 955 4897 vos.
997 4842 1234 4909 Quisquis
1262 4852 1429 4898 autem
1461 4845 1702 4915 templum
1739 4845 1830 4899 Dei
1857 4848 2133 4914 violaverit,

543 4934 798 5005 disperdet
843 4933 989 4989 illum
1037 4934 1173 4990 Deus
1220 4935 1270 5008 (l
1295 4934 1414 4992 Cor.
1447 4951 1540 5004 ιιι,
1583 4937 1692 5007 17).
1725 4937 2004 5007 Templum
2039 4940 2133 4996 Dei

543 5025 741 5091 violat,
790 5026 881 5097 qui
931 5028 1096 5082 violat
1142 5028 1394 5099 unitatem
1426 5043 1572 5084 :non
1619 5030 1759 5084 enim
1803 5039 1948 5086 tenet
1977 5041 2137 5104 caput

544 5114 763 5186 (Coloss.
792 5133 860 5185 ιι,
890 5117 1014 5191 l9),
1047 5133 1112 5174 ex
1143 5134 1248 5189 quo
1286 5127 1453 5174 totum
1502 5135 1696 5191 corpus
1741 5138 2040 5180 connexum
2080 5136 2136 5182 et

544 5220 879 5282 compactum
908 5229 1004 5283 per
1030 5229 1241 5270 omnem
1272 5224 1469 5271 tactum
1499 5217 1577 5288 (ὁ)
1603 5217 2130 5288 subministrationis,

542 5304 831 5361 secundum
863 5307 1225 5376 operationem
1271 5309 1323 5363 in
1364 5324 1668 5365 mensuram
1712 5312 2133 5384 uniuscujusque

543 5397 710 5467 partis
738 5397 1122 5454 incrementum
1152 5400 1392 5471 corporis
1430 5401 1588 5469 facit,
1633 5402 1684 5458 in
1723 5403 2131 5461 mdilicationem

542 5488 623 5545 sui
649 5489 700 5544 in
728 5488 989 5545 charitate
1017 5488 1234 5561 (Ephes.
1260 5506 1335 5559 tv,
1362 5492 1475 5565 l6).
1510 5492 1565 5548 In
1589 5492 1694 5550 hoc
1718 5495 1917 5565 templo
1945 5505 2131 5554 sancto

603 5622 622 5656 ι
645 5623 718 5697 sic
742 5629 851 5697 Ias.
877 5630 937 5697 at
954 5622 1073 5696 editi
1095 5621 1352 5697 ferebant:
1381 5634 1500 5697 Tene
1535 5640 1673 5697 reum
1705 5627 1851 5691 facit,

540 5696 625 5750 per
652 5683 863 5749 siiigutos
884 5683 989 5737 dies
1010 5683 1060 5737 in
1083 5692 1219 5751 parte
1241 5697 1397 5740 uestra
1438 5695 1484 5741 te
1521 5683 1758 5741 nesciente
2104 5689 2132 5745 2

542 5754 891 5815 Imperatorum
909 5746 1261 5815 constitutiones
1278 5752 1462 5815 frustra
1482 5750 1711 5815 objicitis,
1737 5759 1831 5804 etc.

566 5756 891 5871 nqteratorum
909 5756 1261 5823 constitutiones
1278 5756 1462 5826 frustra
1482 5756 1711 5815 objicitis,
1737 5766 1752 5802 ε

608 5809 677 5877 γει)
697 5811 1074 5877 constitutiones
1088 5810 1165 5864 hic
1184 5819 1342 5877 tangit
1361 5814 1519 5865 editas
1540 5825 1621 5866 an.
1641 5814 1752 5865 405.

601 5809 1038 5937 ιιι

1759 388 1821 471 s.
1859 382 2228 445 AUGUSTINI
2268 384 2569 443 EPISCOPI

3735 392 3842 450 l36

2256 516 2354 559 suo
2381 504 2633 560 Dominus
2658 512 2773 572 est;
2806 503 2949 576 quod
2978 512 3187 561 constat
3213 505 3397 562 multis
3422 507 3678 564 membris
3703 512 3839 572 suis,

2255 608 2350 650 sua
2375 613 2597 668 quicque
2620 596 2793 652 oflicia
2814 598 3140 669 gerentibus,
3170 601 3222 653 in
3248 616 3404 654 unam
3431 599 3840 656 mdiﬁeatiouem

2255 687 2554 746 charitate‘
2585 693 2942 759 constructis;
2988 691 3127 762 quod
3173 693 3362 757 violat,
3401 694 3637 765 quisquis
3682 710 3843 750 causa

2257 782 2583 853 principatus
2608 784 2692 839 sui
2722 799 2751 838 a
2781 785 3039 841 catholica
3070 786 3323 842 societate
3357 786 3697 857 disjungitur.
3734 786 3844 841 Do-

2258 875 2422 943 minus
2444 875 2495 929 in
2517 877 2703 947 templo
2724 889 2897 933 sancto
2917 896 3028 945 suo,
3059 877 3307 934 Dominus
3330 879 3381 932 in
3403 880 3525 933 ccio
3546 880 3690 934 sedes
3713 884 3827 952 ejus

2257 965 2314 1022 Si
2341 966 2537 1023 caelum
2564 971 2834 1040 acceperis
2863 971 3081 1038 iustum,
3111 971 3251 1025 sicut
3276 980 3473 1026 terram
3501 972 3697 1041 accipis
3719 988 3839 1045 pec-

2258 1066 2521 1124 calorem,
2552 1061 2635 1117 cui
2664 1062 2862 1117 dictum
2894 1073 3010 1129 est,
3040 1061 3200 1117 Terra
3241 1081 3292 1119 es
3311 1106 3325 1129 ,
3356 1074 3402 1117 et
3439 1066 3490 1119 in
3537 1075 3720 1118 terram
3755 1066 3849 1120 ibis

2260 1147 2413 1219 (Gen.
2443 1166 2531 1217 ιιι,
2564 1150 2688 1223 l9);
2728 1152 2869 1223 quod
2899 1152 3098 1208 dictum
3128 1164 3242 1220 est,
3286 1153 3533 1209 Dominus
3570 1156 3621 1209 in
3660 1158 3849 1227 templo

2258 1251 2430 1296 sancto
2454 1259 2547 1297 suo
2566 1285 2581 1311 ,
2610 1245 2893 1314 repetitum
2933 1246 3195 1317 intelliges
3224 1246 3351 1303 dum
3377 1248 3574 1305 dictum
3604 1259 3703 1314 est,
3742 1249 3846 1303 Do-

2260 1333 2428 1389 minus
2454 1334 2507 1388 in
2536 1335 2660 1388 caelo
2689 1336 2829 1391 sedes
2859 1337 2987 1407 ejus.

2329 1416 2565 1482 8.'0culi
2610 1428 2720 1492 eius
2770 1429 2821 1482 in
2867 1446 3139 1501 pauperem
3187 1430 3480 1501 respiciunt.
3523 1432 3730 1504 Quippe
3758 1433 3845 1487 cui

2258 1518 2545 1575 derelictus
2569 1528 2654 1575 est
2676 1536 2893 1591 pauper,
2918 1532 2972 1577 et
3000 1523 3089 1592 qui
3119 1523 3287 1578 factus
3313 1535 3397 1580 est
3422 1523 3681 1595 refugium
3718 1544 3847 1589 pau-

2259 1611 2370 1680 peri
2416 1608 2585 1683 (Psal.
2616 1627 2702 1678 ix,
2739 1612 2852 1683 l0).
2884 1613 2951 1667 Et
2981 1614 3101 1670 ideo
3139 1616 3426 1671 seditiones
3462 1634 3647 1671 omnes
3676 1628 3726 1673 et
3759 1628 3848 1672 tu-

2258 1705 2454 1759 multus
2483 1706 2619 1760 intra
2651 1702 2750 1761 ista
2777 1709 2907 1762 retia
2927 1748 2941 1771 ,
2980 1708 3151 1765 donec
3194 1711 3551 1780 perducantur
3577 1712 3642 1767 ad
3676 1713 3846 1778 littus,

2257 1794 2325 1850 de
2350 1796 2543 1865 quibus
2570 1797 2722 1852 nobis
2748 1797 2800 1852 in
2824 1800 3111 1869 perniciem
3133 1816 3281 1856 suam
3306 1812 3359 1857 et
3381 1804 3446 1857 ad
3472 1815 3703 1860 nostram
3726 1822 3852 1861 coro

2257 1890 2547 1945 rectionem
2579 1893 2837 1948 insultant
2879 1894 3143 1961 harretici,
3176 1912 3273 1967 per
3308 1913 3401 1951 eos
3442 1896 3687 1954 homines
3715 1902 3851 1957 fiunt

2257 1983 2344 2052 qui
2373 1997 2632 2055 pauperes
2656 1984 2851 2041 Christi
2878 2002 2997 2042 esse
3024 1988 3228 2043 nolunt.
3258 1988 3364 2044 Sed
3393 1991 3644 2061 numquid
3675 1993 3744 2047 ab
3767 1994 3852 2049 eis

2255 2073 2345 2143 qui
2376 2072 2477 2129 hoc
2502 2089 2621 2130 esse
2649 2076 2852 2141 volunt,
2880 2089 3125 2134 avertunt
3154 2080 3339 2136 oculos
3365 2081 3500 2137 Dei?
3528 2082 3674 2136 Oculi
3698 2086 3851 2142 enim

2255 2165 2367 2236 ejus
2394 2165 2447 2218 in
2474 2183 2745 2238 pauperem
2771 2171 3065 2241 respiciunt.
3097 2171 3362 2244 Numquid
3393 2175 3732 2230 metuendum
3763 2184 3854 2229 est

2256 2270 2323 2309 ne
2353 2256 2405 2310 in
2434 2256 2587 2311 turba
2617 2258 2838 2314 divitum
2866 2276 3063 2331 paucos
3092 2278 3353 2334 pauperes
3380 2266 3561 2321 videre
3591 2282 3693 2321 non
3724 2281 3853 2335 pos-

2255 2346 2342 2411 sit,
2368 2363 2502 2418 quos
2525 2348 2575 2403 in
2599 2350 2852 2407 Ecclesiae
2871 2353 3147 2410 catholica:
3167 2357 3372 2426 gremio
3396 2357 3689 2412 custoditos
3707 2374 3852 2413 cnu-

2255 2438 2415 2494 triat?
2453 2438 2717 2511 Palpebra:
2742 2445 2850 2514 ejus
2889 2445 3199 2517 interrogant
3242 2448 3376 2517 ﬁlios
3418 2449 3698 2503 hominum.
3737 2449 3839 2506 llic

2254 2531 2389 2601 ﬁlios
2418 2534 2697 2602 hominum,
2724 2537 2811 2592 illa
2840 2540 3018 2609 regula
3052 2540 3279 2597 libenter
3304 2544 3622 2613 acceperim,
3651 2544 3715 2599 de
3742 2559 3847 2600 vc-

2256 2624 2454 2680 teribus
2487 2639 2827 2699 regeneratos
2867 2645 2963 2701 per
3003 2632 3180 2689 iidem.
3209 2634 3272 2688 Hi
3300 2635 3494 2705 quippe
3522 2636 3849 2706 quibusdam

2254 2715 2645 2787 Scripturarum
2678 2719 2810 2776 locis
2848 2723 3128 2792 obscuris,
3158 2733 3407 2797 tanquam
3446 2727 3643 2783 clausis
3671 2728 3851 2785 oculis

2254 2807 2369 2876 Dei,
2400 2821 2720 2867 exercentur
2744 2823 2800 2868 ut
2824 2824 3066 2885 quaerant
3094 2833 3105 2869 :
3135 2825 3189 2872 et
3210 2832 3395 2873 rursus
3419 2818 3733 2888 quibusdam
3766 2819 3855 2874 lo-

2252 2899 2330 2954 cis
2359 2901 2674 2971 manifestis,
2709 2912 2957 2976 tanquam
2983 2908 3181 2977 apertis
3200 2909 3372 2964 oculis
3394 2909 3507 2974 Dei,
3538 2909 3853 2966 illuminan-

2255 3002 2339 3048 tur
2365 3004 2423 3049 ut
2444 2996 2727 3065 gaudeant.
2763 2998 2832 3053 Et
2860 3000 2962 3055 ista
2992 2999 3044 3055 in
3073 3003 3270 3059 sanctis
3296 3002 3447 3058 libris
3470 3004 3655 3060 crebra
3681 3020 3853 3076 oper-

2253 3084 2326 3139 tio
2356 3096 2513 3157 atque
2540 3089 2815 3160 adapertio
2846 3100 3096 3164 tanquam
3128 3095 3393 3166 palpebrae
3419 3106 3541 3152 sunt
3568 3097 3682 3163 Dei,
3717 3114 3851 3168 qua:

2253 3176 2603 3249 interrogant,
2638 3182 2689 3235 id
2723 3193 2824 3250 est,
2854 3201 2973 3254 quze
3001 3186 3229 3256 probant
3257 3187 3395 3243 ﬁlios
3423 3188 3714 3257 hominum,
3748 3192 3851 3261 qui

2253 3287 2422 3339 neque
2455 3272 2738 3343 fatigantur
2777 3292 2956 3332 rerum
2987 3278 3348 3349 obscuritate,
3377 3281 3470 3336 sed
3497 3294 3846 3351 exercentur,

2252 3381 2423 3433 neque
2453 3366 2702 3422 inflantur
2727 3368 3052 3439 cognitione,
3086 3372 3178 3426 sed
3208 3374 3606 3429 confirmantur.

2319 3455 2372 3511 9.
2416 3453 2565 3528 [vers.
2590 3455 2671 3529 6.]
2725 3458 2970 3515 Dominus
3010 3462 3283 3534 interrogat
3305 3466 3502 3532 justum
3529 3477 3575 3519 et
3603 3466 3863 3534 impium”

2248 3548 2384 3618 Quid
2416 3566 2542 3622 ergo
2574 3553 2859 3608 metuimus
2890 3571 2955 3609 ue
2983 3555 3178 3626 aliquid
3212 3559 3363 3613 nobis
3388 3558 3565 3615 obsint
3595 3560 3764 3630 impii,
3793 3562 3853 3617 si

2251 3641 2388 3697 forte
2410 3643 2684 3697 nobiscum
2707 3656 3038 3701 sacramenta
3063 3665 3167 3702 non
3188 3652 3397 3705 sincero
3418 3650 3578 3705 corde
3599 3666 3855 3707 cominu-

2249 3735 2447 3798 nicanl,
2477 3734 2689 3803 quando
2718 3735 2806 3791 ille
2832 3737 3125 3807 interrogat
3146 3740 3349 3809 justum
3374 3752 3426 3797 et
3452 3742 3707 3813 impium?
3738 3744 3856 3811 Qui

2249 3834 2410 3877 autem
2433 3826 2599 3897 diligit
2622 3827 2958 3899 iniquitatem,
2982 3830 3087 3884 odit
3109 3832 3329 3887 animam
3351 3850 3495 3888 suam
3516 3835 3592 3905 (a)
3619 3853 3631 3888 :
3657 3835 3705 3889 id
3730 3845 3850 3901 est,

2250 3929 2352 3967 non
2378 3915 2424 3968 ei
2454 3916 2542 3985 qui
2569 3917 2743 3972 credit
2768 3921 2875 3974 Deo
2899 3930 2953 3974 et
2983 3934 3131 3990 spem
3161 3936 3311 3977 suam
3343 3941 3446 3978 non
3482 3926 3625 3993 ponit
3654 3924 3705 3978 in
3743 3926 3855 3982 lto-

2249 4007 2390 4060 mine
2411 4047 2424 4069 ,
2456 4006 2549 4061 sed
2583 4018 2785 4064 tantum
2816 4012 3007 4068 animm
3038 4029 3149 4069 sua:
3186 4024 3343 4071 nocet
3381 4015 3605 4072 dilector
3645 4017 3853 4088 iniqui-

2250 4099 2391 4151 tatis.

2320 4190 2405 4244 lt).
2438 4187 2586 4262 [vers.
2618 4193 2679 4258 7,
2713 4193 2792 4267 8.]
2848 4193 3001 4251 Pluet
3029 4215 3184 4269 super
3211 4208 3495 4271 peccatores
3522 4203 3745 4274 laqueos.
3783 4204 3854 4262 Si

2245 4281 2418 4335 nubes
2445 4283 2766 4352 generaliter
2796 4286 3077 4357 Propheta:
3108 4290 3503 4361 intelliguntur,
3543 4295 3653 4348 sive
3682 4295 3849 4366 boni,

2244 4372 2357 4427 sive
2385 4373 2531 4440 mali,
2561 4376 2649 4445 qui
2677 4377 2837 4431 etiam
2864 4379 3342 4452 pseudoprophetre
3368 4386 3730 4455 appellantur;
3759 4388 3855 4446 sic

2244 4463 2558 4519 ordinantur
2586 4469 3066 4539 pseudOpropheta:
3095 4488 3123 4527 a
3155 4474 3381 4530 Domino
3411 4476 3542 4540 Deo,
3573 4487 3627 4532 ut
3656 4478 3723 4532 de
3753 4479 3849 4535 his

2244 4557 2462 4629 laqueos
2492 4576 2651 4630 super
2682 4571 2987 4631 peccatores
3019 4566 3162 4634 pluat
3197 4585 3210 4621 :
3250 4584 3357 4622 non
3383 4570 3524 4624 enim
3552 4571 3669 4639 quis
3692 4588 3847 4636 gnam

2243 4647 2296 4702 in
2327 4664 2420 4703 eos
2448 4651 2733 4706 sectandos
2764 4652 2949 4709 incidit
2978 4656 3078 4709 nisi
3108 4667 3389 4727 peccator;
3435 4662 3545 4715 sive
3584 4662 3649 4717 ad
3687 4680 3813 4732 pra:

2242 4740 2569 4807 parationem
2601 4744 2825 4797 extremi
2870 4747 3147 4815 supplicii,
3175 4749 3218 4802 si
3250 4765 3590 4819 perseverare
3620 4753 3670 4806 in
3704 4769 3837 4821 pec-

2240 4831 2411 4887 cando
2454 4834 2735 4900 maluerit;
2768 4836 2882 4891 sive
2925 4838 2991 4892 ad
3030 4838 3423 4897 desuadcndatn
3455 4845 3475 4875 ⁸
3504 4845 3820 4913 superbiam

2241 4924 2285 4978 si
2317 4924 2598 4993 aliquando
2626 4925 2797 4983 Deum
2825 4942 2953 4983 cura
2980 4931 3270 4989 sinceriore
3295 4936 3614 5005 quaesiverit.
3645 4937 3700 4992 Si
3732 4954 3835 4994 aue
3884 4999 3893 5006 ,

2242 5022 2346 5068 ιειιι
2374 5016 2543 5071 nubes
2573 5019 2781 5073 nonnisi
2825 5019 2950 5076 boni
2985 5032 3038 5077 et
3065 5026 3174 5078 veri
3203 5025 3483 5095 Propheta!
3524 5028 3837 5099 intelligun-

2241 5116 2357 5175 tur;
2382 5119 2436 5164 et
2456 5109 2523 5164 de
2542 5109 2625 5165 his
2642 5111 2982 5169 manifestum
3004 5127 3083 5170 est
3105 5131 3264 5187 super
3286 5130 3589 5188 peccatores
3609 5121 3835 5190 [aquom

2238 5198 2424 5269 pluere
2462 5200 2625 5256 Deum
2646 5242 2661 5267 ,
2689 5204 2933 5273 quamvis
2962 5206 3029 5261 de
3060 5206 3143 5261 his
3172 5209 3333 5263 etiam
3367 5210 3479 5277 pios
3508 5211 3573 5265 ad
3604 5211 3833 5270 fructiﬁ-

2239 5289 2467 5345 candum
2496 5293 2680 5363 irriget
2707 5309 2722 5346 :
2752 5295 3089 5365 Quibusdam,
3122 5298 3291 5368 inquit
3319 5301 3622 5371 Apostolus,
3654 5320 3839 5363 sumus

2238 5384 2365 5438 odor
2390 5384 2503 5439 vitae
2529 5386 2581 5440 in
2610 5387 2763 5441 vitam
2782 5430 2797 5456 ,
2835 5389 3134 5460 quibusdam
3175 5393 3302 5447 odor
3328 5396 3503 5449 mortis
3531 5395 3583 5449 in
3612 5408 3839 5454 mortem

2241 5473 2307 5546 (ll
2332 5474 2452 5530 Cor.
2477 5492 2534 5543 ιι,
2567 5475 2677 5549 l6).
2706 5477 2823 5535 Non
2848 5480 2991 5535 enim
3016 5480 3297 5553 Propheta
3326 5491 3550 5552 tantum,
3582 5485 3677 5542 sed
3704 5503 3831 5545 om-

2299 5673 2317 5739 ξ
2342 5673 2481 5739 sunt,
2505 5672 2769 5739 charitatis.
2806 5681 2863 5739 at
2885 5684 2974 5729 Mm
2995 5714 3010 5739 ,
3040 5678 3289 5731 charitate.

2298 5737 2319 5767 ί
2343 5734 2510 5785 Plures
2528 5741 2658 5797 lss.,
2682 5734 3020 5791 desudtmdam
3040 5754 3057 5791 :
3081 5741 3248 5806 aliqui,
3273 5742 3653 5796 dissuadendam

2233 5817 2370 5945 η.
2390 5824 2508 5946 ἔιιῖ
2522 5830 2789 5933 macra.
2814 5822 2847 5873 6
2868 5830 3098 5877 tractatur
3122 5828 3273 5880 etiam
3293 5829 3345 5881 in
3366 5835 3501 5880 Euar.
3537 5828 3656 5881 Psal.
3680 5841 3831 5884 satu.
