4042 6554
174 454 257 511 137

173 582 252 620 nes
278 561 444 616 verbo
477 559 576 614 Dei
611 561 830 614 animas
857 557 1151 628 irrigautes,
1183 553 1350 608 nubes
1377 552 1482 607 dici
1512 560 1764 622 possunt:

173 658 389 727 quicum
418 652 571 705 male
601 651 1006 719 intelliguntur,
1041 646 1171 716 pluit
1212 645 1354 699 Deus
1391 658 1552 711 super
1577 655 1770 710 pecea-

174 762 302 805 tores
329 747 562 816 laqueos
585 761 602 808 ;
635 760 761 799 cum
789 752 963 796 autem
995 742 1130 794 bene
1157 738 1542 806 intelliguntur,
1571 735 1770 789 lmctm-

173 844 251 896 dat
303 847 524 908 pectora
585 837 799 902 piorum
844 842 1001 900 atque
1048 829 1300 883 lidelium.
1349 826 1498 880 Sicut
1541 823 1770 893 exempli

173 931 348 1002 gratia,
378 925 526 996 quod
558 927 820 992 scriptum
849 930 950 986 est,
981 919 1045 974 Et
1083 929 1230 973 erunt
1272 918 1372 971 duo
1407 917 1460 970 in
1494 932 1644 968 carne
1670 931 1772 967 una

177 1021 319 1091 (lien.
351 1034 422 1081 ιι,
452 1016 554 1084 24)
575 1057 592 1078 ,
625 1016 670 1068 si
703 1014 769 1069 ad
802 1012 1071 1067 libidinem
1115 1010 1339 1080 quisque
1373 1008 1769 1076 interpretetur,

175 1113 416 1178 laqueum
470 1106 608 1174 pluit
651 1119 816 1172 super
845 1110 1217 1170 peccatorem;
1250 1098 1330 1151 sin
1361 1105 1537 1150 autem
1573 1095 1772 1149 intelli-

175 1216 278 1269 gas,
308 1199 452 1250 sicut
488 1195 579 1248 ille
609 1194 700 1263 qui
728 1194 821 1254 ait,
858 1191 964 1260 Ego
990 1201 1158 1242 autent
1188 1188 1298 1241 dico
1335 1187 1389 1240 in
1423 1185 1622 1240 Christo
1646 1195 1692 1238 et
1720 1185 1774 1239 in

177 1290 401 1344 Ecclesia
437 1286 660 1357 (Ephes.
692 1301 739 1347 v,
776 1283 891 1350 52),
926 1281 1147 1335 imbrem
1182 1280 1313 1348 pluit
1347 1293 1507 1348 super
1548 1277 1772 1331 fertilem

178 1394 366 1436 terram
401 1397 416 1433 :
448 1378 641 1433 eadem
669 1387 846 1429 autem
880 1375 1046 1436 nttbe,
1080 1373 1130 1427 id
1169 1382 1249 1425 est
1276 1371 1452 1426 divina
1479 1369 1772 1438 Scriptura,

177 1484 461 1540 utrumque
492 1470 692 1523 factum
724 1475 826 1519 est.
857 1464 983 1518 Item
1013 1463 1269 1517 Dominus
1289 1461 1416 1516 dicit
1446 1478 1460 1514 :
1495 1459 1616 1513 Non
1641 1457 1776 1527 quod

177 1566 320 1616 intrat
369 1563 427 1614 in
471 1578 533 1613 os
588 1567 838 1620 vestrum,
887 1572 972 1608 vos
1019 1554 1340 1623 coinquinat,
1375 1551 1463 1607 sed
1503 1550 1638 1622 quod
1676 1551 1777 1604 exit

177 1653 390 1726 (Matth.
425 1667 520 1715 xv,
557 1650 670 1719 tl).
706 1647 868 1702 Audit
898 1647 998 1700 hoc
1026 1656 1292 1715 peccator,
1323 1653 1379 1699 et
1415 1642 1590 1714 gulam
1630 1648 1780 1711 parat

177 1743 457 1799 voracitati
484 1759 497 1794 :
530 1740 680 1794 audit
713 1739 814 1792 hoc
841 1737 1034 1806 justus,
1063 1744 1118 1789 et
1142 1750 1171 1788 a
1197 1735 1437 1790 ciborum
1466 1732 1778 1786 discernen-

179 1837 367 1891 dorum
423 1831 809 1902 superstitione
863 1828 1118 1882 munitur.
1164 1826 1231 1881 Et
1273 1826 1359 1880 hic
1395 1825 1555 1895 igitur
1592 1823 1778 1877 eadem

179 1928 575 1999 Scripturarum
605 1922 771 1985 nube,
803 1937 898 1990 pro
923 1936 1020 1975 suo
1045 1920 1302 1989 cujusque
1331 1917 1544 1981 merito,
1577 1923 1630 1970 et
1658 1929 1782 1985 pec-

178 2019 356 2074 catori
389 2015 562 2085 pluvia
592 2015 930 2084 laqueorum,
961 2021 1015 2067 et
1037 2011 1182 2080 justo
1213 2009 1386 2081 pluvia
1410 2007 1670 2063 ubertatis
1697 2006 1780 2060 in-

178 2111 310 2254 f“sla!
324 2119 534 2267 iesiqnis
565 2205 610 2248 et
641 2193 860 2263 sulphur
887 2202 936 2248 et
963 2191 1173 2262 spiritus
1202 2189 1438 2260 procella:
1465 2205 1585 2258 pars
1610 2187 1783 2241 colicis

181 2307 372 2344 eorum.
406 2287 540 2342 Ha-c
571 2301 726 2355 poena
764 2299 952 2338 eorum
987 2292 1070 2336 est
1102 2291 1264 2352 atque
1297 2281 1499 2346 exitus,
1531 2295 1624 2349 per
1651 2291 1785 2349 quos

185 2381 590 2452 blasphematur
620 2394 816 2432 nomen
849 2376 936 2429 llei
960 2417 974 2440 ,
1011 2383 1066 2428 ut
1081 2373 1265 2443 primo
1287 2372 1632 2442 cupiditatum
1659 2386 1785 2425 sua-

189 2492 292 2530 rum
324 2475 451 2542 igne
483 2480 795 2534 vastentur,
825 2465 1019 2522 deinde
1047 2465 1308 2520 malorum
1339 2479 1559 2534 operum
1600 2473 1788 2532 putore

189 2582 214 2618 a
236 2575 374 2620 coetu
406 2566 695 2618 beatorum
726 2559 1066 2629 abjiciantur,
1096 2565 1370 2628 postremo
1395 2555 1599 2626 abrepti
1630 2564 1789 2624 atque

189 2639 475 2720 subruersi,
507 2653 810 2708 ineﬂabiles
833 2665 1019 2720 pmnas
1050 2650 1218 2704 luant.
1248 2648 1373 2702 Haec
1393 2648 1534 2701 enim
1562 2660 1685 2716 pars
1707 2652 1792 2700 est

193 2749 362 2801 calicis
400 2761 637 2809 eorum;
681 2744 822 2797 sicut
863 2743 1128 2810 justorum
1170 2739 1308 2793 calix
1355 2747 1475 2792 tuus
1522 2735 1791 2791 inebrians

193 2857 336 2910 quam
365 2839 668 2908 praeclarus
699 2834 868 2906 (Psal.
899 2849 1008 2888 xxn
1029 2874 1044 2898 ,
1072 2831 1164 2901 5)!
1206 2829 1611 2886 Inebriabuntur
1638 2827 1782 2881 enim

193 2928 842 2986 abuberuitedomusture
860 2921 1031 2995 (Psal.
1059 2938 1220 2989 xxxv,
1249 2920 1328 2992 9).
1354 2919 1588 2975 Calicem
1615 2925 1792 2971 autem

193 3035 478 3095 propterea
526 3033 659 3091 puto
699 3016 1025 3087 appellatum
1047 3056 1062 3080 ,
1093 3029 1164 3069 ne
1200 3012 1327 3083 quid
1357 3019 1552 3081 praeter
1575 3005 1794 3062 modum

195 3126 346 3184 atque
386 3127 737 3174 mensuram,
770 3108 857 3163 vel
889 3107 941 3161 in
974 3107 1102 3178 ipsis
1130 3113 1469 3176 peccatorum
1499 3099 1792 3170 suppliciis,

196 3220 287 3274 per
307 3205 551 3259 divinam
587 3199 978 3269 providentiam
1027 3197 1141 3251 ﬁeri
1188 3194 1530 3249 arbitremur.
1573 3190 1642 3246 Et
1675 3187 1796 3244 ideo

198 3307 446 3366 tanquam
494 3292 759 3348 rationem
804 3287 1033 3343 reddens
1076 3300 1241 3355 quare
1286 3283 1338 3338 id
1382 3283 1499 3348 ﬁat,
1531 3277 1795 3350 subjecit:

201 3387 452 3454 Quoniam
484 3386 660 3454 justus
687 3379 940 3433 Dominus
958 3419 974 3444 ,
1006 3386 1051 3431 et
1069 3376 1297 3448 justltias
1321 3373 1517 3428 dilexit.
1541 3371 1656 3428 Non
1691 3369 1799 3426 fru-

198 3487 302 3532 stra
335 3475 639 3546 pluraliter,
674 3471 774 3525 nisi
802 3472 925 3539 quia
954 3467 1197 3522 homines
1221 3465 1382 3529 dicit,
1414 3472 1471 3518 ut
1496 3478 1593 3532 pro
1615 3461 1796 3532 justis,

196 3568 415 3638 iustitia:
469 3564 840 3632 intelligantur
887 3559 1109 3630 positae;
1143 3557 1197 3611 in
1242 3554 1422 3609 multis
1465 3553 1606 3608 enim
1642 3551 1800 3621 justis

204 3661 357 3728 quasi
386 3656 572 3712 multa:
595 3654 817 3724 justitim
846 3651 1090 3705 videntur
1118 3663 1260 3714 esse,
1287 3661 1410 3701 cum
1443 3647 1514 3700 sit
1552 3660 1653 3698 una
1684 3643 1795 3708 Dei,

201 3750 351 3818 cujus
379 3761 574 3802 omnes
606 3743 926 3814 participant
957 3759 971 3796 :
1005 3749 1254 3808 tanquam
1293 3737 1338 3791 si
1379 3751 1479 3789 tina
1523 3734 1684 3789 facies
1723 3734 1803 3786 in-

202 3850 414 3895 tueatur
441 3840 596 3909 plura
627 3835 845 3904 specula
867 3875 882 3898 ,
910 3831 1051 3902 quod
1082 3832 1133 3885 in
1166 3832 1252 3884 illa
1292 3829 1555 3899 singulare
1589 3837 1702 3888 est,
1735 3827 1802 3880 de

201 3933 310 3986 illis
339 3931 584 4001 pluribus
615 3927 891 3998 pluraliter
917 3923 1175 3979 redditur.
1210 3922 1496 3992 Propterea
1527 3935 1708 3973 rursus
1735 3917 1801 3972 ad

201 4023 631 4094 singularitatem
656 4035 716 4074 se
741 4019 926 4080 relert,
956 4015 1204 4079 dicendo,
1234 4012 1550 4086 .Equitatem
1574 4011 1697 4066 uidit
1725 4014 1804 4081 {a-

199 4117 307 4168 cies
330 4116 440 4184 ejus
463 4129 484 4167 :
513 4115 736 4166 fortasse
764 4125 862 4179 pro
885 4125 950 4163 eo
978 4108 1046 4161 sit
1071 4107 1323 4178 positum,
1347 4103 1663 4174 Equitatem
1683 4104 1804 4156 vidit

203 4205 366 4276 {acies
398 4205 506 4272 ejus
527 4244 542 4267 ,
571 4217 634 4255 ac
661 4202 706 4255 si
746 4200 1016 4254 diceretur
1033 4239 1048 4264 ,
1072 4196 1319 4267 IEquitas
1341 4197 1455 4250 visa
1481 4204 1563 4249 est
1590 4195 1642 4248 in
1672 4193 1807 4249 facie

198 4297 348 4367 ejus,
379 4295 430 4349 id
454 4303 541 4349 est
566 4293 619 4347 in
647 4292 765 4362 ejus
789 4291 1012 4354 notitia;
1043 4289 1206 4344 facies
1231 4288 1376 4342 enim
1399 4287 1492 4341 Dei
1518 4296 1600 4341 est
1621 4297 1809 4356 poten-

200 4390 283 4441 tia
308 4403 417 4457 qua
444 4386 623 4455 dignis
652 4383 942 4438 innotescit
967 4399 981 4436 :
1013 4391 1104 4436 aut
1139 4389 1314 4446 certe,
1347 4377 1661 4449 £quitatem
1684 4377 1807 4430 vidit

204 4479 366 4548 {acies
405 4479 516 4548 ejus
537 4517 550 4539 ,
581 4477 702 4545 quia
731 4490 838 4529 non
866 4489 924 4528 se
952 4473 1153 4543 praebet
1177 4471 1603 4542 cognoscendum
1631 4469 1804 4534 malis,

199 4570 303 4624 sed
331 4570 526 4632 bonis;
553 4577 606 4621 et
635 4567 748 4635 ipsa
782 4574 864 4619 est
890 4564 1132 4634 arquitas.
1381 4555 1384 4558 ’

283 4657 373 4712 12.
417 4657 472 4711 Si
498 4658 618 4725 quis
651 4665 831 4710 autem
873 4656 1048 4707 lunam
1093 4666 1412 4724 synagogam
1455 4649 1567 4704 vult
1611 4647 1810 4703 intelli-

197 4766 374 4820 gere,
407 4749 474 4802 ad
513 4749 818 4817 passionem
851 4747 1060 4801 Domini
1091 4746 1289 4800 referat
1320 4743 1585 4799 l’salmum
1605 4783 1620 4807 ,
1663 4752 1715 4796 et
1745 4740 1812 4796 de

199 4840 422 4895 ludatis
443 4839 607 4903 dicat,
634 4838 890 4906 Quoniam
918 4851 1032 4906 quae
1058 4835 1310 4906 perfecisti
1335 4832 1723 4894 destruxerunt;
1750 4845 1813 4885 ac

198 4933 282 4986 de
315 4933 440 5002 ipso
473 4931 730 4992 Domino,
761 4927 943 4983 Justus
971 4938 1138 4981 autem
1175 4925 1297 4995 quid
1327 4924 1484 4994 fecit?
1512 4939 1670 4993 quem
1699 4931 1816 4978 tan-

199 5039 375 5093 quam
399 5022 794 5077 destructorem
818 5020 976 5090 Legis
995 5019 1288 5089 arguebant
1311 5035 1324 5070 :
1349 5016 1502 5086 cujus
1527 5025 1810 5086 pravcepta,

200 5129 474 5186 perverse
500 5113 746 5179 vivendo,
771 5124 827 5168 et
845 5128 908 5166 ea
928 5110 1342 5173 contemnendo,
1367 5125 1431 5164 ac
1457 5125 1549 5164 sua
1576 5119 1816 5164 statuen-

201 5207 306 5268 ἐξ).
333 5205 747 5270 destruxerant,
779 5214 834 5256 ut
865 5203 977 5272 ipse
1013 5201 1269 5255 Dominus
1303 5199 1597 5255 secundum
1639 5199 1815 5252 homi-

197 5311 338 5350 nem
367 5297 622 5364 loquatur
641 5334 657 5359 ,
687 5303 746 5348 ut
779 5292 955 5358 solet,
987 5291 1199 5356 dicens,
1230 5289 1296 5343 In
1334 5289 1551 5342 Domino
1577 5289 1816 5356 conﬁdo;

195 5386 476 5456 quomodo
519 5385 688 5438 dicitis
734 5385 922 5436 anima:
965 5399 1087 5436 mea:
1118 5397 1135 5436 :
1168 5380 1494 5450 Transmigra
1533 5379 1588 5432 in
1627 5390 1818 5432 montes

194 5481 345 5536 sicut
375 5478 604 5549 passer?
631 5486 850 5546 propter
883 5482 1116 5530 terrores
1156 5474 1361 5529 scilicet
1387 5487 1569 5526 eorum
1591 5512 1607 5536 ,
1635 5471 1723 5541 qui
1752 5472 1818 5526 il-

195 5574 329 5624 tum
392 5567 804 5637 apprehendere
853 5577 907 5620 et
951 5567 1261 5637 cruciligere
1306 5564 1594 5634 cupiebant
1639 5581 1650 5616 :
1698 5578 1818 5617 cum

194 5672 540 5734 peccatores
567 5660 816 5728 saginare
846 5659 1085 5714 volentes
1123 5667 1281 5712 rectos
1319 5656 1502 5721 corde,
1546 5655 1595 5709 id
1625 5663 1708 5709 est
1730 5653 1820 5724 qui

197 5755 444 5810 Christo
469 5752 844 5814 crediderant,
872 5753 922 5804 in
961 5751 1171 5805 obscura
1205 5750 1358 5813 luna,
1403 5747 1453 5801 id
1492 5757 1575 5802 est
1619 5747 1818 5814 repleta

199 5843 606 5917 peccatoribus
633 5856 900 5911 synagoga
925 5881 940 5905 ,
972 5856 1077 5895 non
1108 5837 1338 5894 absurde
1368 5837 1693 5906 intelligitur.
1726 5836 1822 5890 Cui

195 5935 478 6007 congruit
496 5945 548 5988 et
569 5934 709 6004 quod
730 5934 943 5997 dicitur,
969 5930 1216 5986 Dominus
1237 5930 1288 5985 in
1310 5930 1492 5999 temgdo
1513 5939 1684 5985 sancto
1705 5946 1817 5996 suo,

456 6027 680 6088 SANCT.
727 6029 1007 6085 Ausus'r.
1045 6024 1152 6086 IV.

1317 438 1713 497 ENARRATIO
1752 438 1817 495 IN
1857 435 2182 495 PSALMUM
2221 435 2314 493 XI.

3361 439 3461 494 I33

1879 549 2127 603 Dominus
2162 550 2213 603 in
2255 549 2379 604 caelo
2421 549 2562 604 sedes
2595 550 2743 620 ejus?
2773 547 2822 602 id
2865 561 2946 604 est
2969 591 2982 614 ,
3017 549 3244 604 Verbum
3275 547 3330 605 in
3362 551 3462 603 bo-

1879 642 2043 705 mine,
2077 641 2157 694 vel
2202 640 2313 708 ipse
2353 639 2518 694 Filius
2545 637 2775 693 hominis
2804 641 2890 709 qui
2924 641 2974 693 in
3001 640 3153 694 caelis
3180 650 3279 695 est.
3313 640 3463 694 Oculi

1876 731 1988 800 ejus
2014 732 2064 783 in
2095 747 2363 800 pauperem
2384 730 2654 800 respiciunt
2676 747 2694 784 :
2718 739 2807 783 aut
2834 746 2988 798 quem
3011 731 3243 799 suscepit
3266 747 3459 784 secun-

1877 821 2002 876 dum
2034 821 2201 876 Deum
2222 863 2235 882 ,
2268 831 2356 875 aut
2395 832 2609 891 propter
2643 837 2799 890 quem
2833 835 3019 890 passus
3060 830 3142 874 est
3171 820 3464 874 secundum

1879 913 2170 968 hominem.
2207 913 2474 984 Palpebrae
2515 916 2622 986 ejus
2664 914 2972 983 interregant
3013 915 3145 982 ﬁlios
3184 914 3464 967 hominum.

1879 1007 2220 1077 Opertionem
2249 1016 2408 1078 atque
2437 1007 2836 1076 adapertionem
2870 1007 3168 1071 oculorum,
3197 1007 3336 1076 quod
3373 1022 3468 1060 no-

1879 1099 2023 1153 mine
2073 1099 2443 1169 palpebrarum
2494 1099 2764 1168 probabile
2808 1109 2891 1153 est
2933 1100 3195 1165 positum,
3238 1110 3466 1153 mortem

1879 1195 2430 1263 resurrectione-mque
2463 1194 2578 1261 ejus
2607 1193 2848 1261 accipere
2873 1207 3188 1262 possumus,
3217 1192 3306 1246 ubi
3339 1207 3464 1262 pro-

1879 1284 2024 1339 bavit
2052 1284 2188 1339 ﬁlios
2214 1283 2487 1339 hominum
2527 1283 2814 1352 discipulos
2854 1297 3009 1348 suos,
3041 1293 3097 1339 et
3130 1283 3342 1338 territos
3370 1298 3465 1338 sua

1881 1376 2156 1446 passione,
2187 1385 2243 1432 et
2276 1376 2666 1431 resurrectione
2696 1375 3007 1431 lzetiﬁcatos.
3036 1374 3286 1431 Dominus
3312 1376 3470 1430 inter-

1880 1479 2024 1541 rogat
2058 1471 2257 1540 justum
2291 1479 2338 1523 et
2371 1469 2582 1538 impium
2611 1485 2629 1524 :
2651 1469 2761 1538 jam
2785 1469 2854 1523 de
2878 1470 3015 1525 celo
3038 1469 3340 1540 gubernans
3365 1469 3467 1524 Ec-

1881 1561 2121 1617 clesiam.
2157 1562 2257 1629 Qui
2294 1571 2462 1615 autem
2507 1561 2670 1632 diligit
2712 1563 3052 1632 iniquitatem,
3100 1562 3206 1615 odit
3247 1564 3468 1616 animum

1881 1670 2026 1707 suum
2055 1668 2074 1707 :
2098 1668 2263 1723 quare
2294 1651 2394 1707 huc
2421 1653 2490 1706 ita
2517 1652 2618 1717 sit,
2651 1653 3033 1722 consequentia
3060 1652 3284 1717 docent;
3314 1651 3471 1706 Pluet

1883 1745 2023 1798 enim
2050 1761 2203 1814 super
2228 1753 2512 1814 peccatores
2543 1742 2775 1814 laqueos,
2816 1743 3108 1798 secundum
3139 1744 3467 1812 superiorem

1883 1835 2268 1904 expositionem
2293 1833 2684 1904 accipiendum,
2712 1843 2764 1888 et
2791 1835 2966 1888 omnia
2993 1843 3183 1890 canora
3211 1849 3379 1905 usque
3401 1831 3468 1888 ad

1885 1927 2044 1980 ﬁnem
2067 1924 2288 1980 Psalmi.

2325 2133 2406 2195 IN
2433 2132 2816 2195 PSALMUM
2859 2133 2951 2194 XI

2416 2253 2547 2311 ENA
2557 2254 2834 2311 RRATIO.

2140 2365 2210 2420 In
2233 2366 2404 2436 ﬁnem,
2437 2381 2528 2436 pro
2555 2374 2747 2431 octauo,
2777 2363 3020 2421 Psalmus
3041 2364 3226 2421 Dauid.

1965 2503 2017 2556 l.
2050 2499 2201 2575 [uers.
2243 2498 2322 2574 1.]
2359 2501 2611 2556 Octavum
2653 2500 2792 2556 diem
2835 2499 3019 2570 judicil
3050 2514 3206 2570 posse
3234 2497 3476 2568 intelligi,

1892 2593 1945 2650 in
1974 2604 2124 2649 sexto
2149 2593 2356 2664 psalmo
2385 2593 2584 2647 dictum
2610 2599 2693 2646 est
2721 2610 2735 2646 :
2767 2600 2941 2661 potest
2976 2600 3031 2646 et
3060 2607 3151 2663 pro
3173 2601 3375 2654 octavo,
3399 2591 3480 2644 in-

1893 2685 2057 2754 telligi
2087 2698 2183 2754 pro
2210 2692 2410 2737 interno
2435 2683 2664 2747 saeculo;
2693 2681 2815 2752 quia
2839 2691 2959 2752 post
2983 2680 3086 2737 hoc
3106 2690 3316 2751 tempus
3340 2679 3480 2750 quod

1895 2782 2098 2844 septem
2126 2771 2313 2826 diebus
2339 2771 2587 2837 volvitur,
2615 2770 2828 2825 dabitur
2851 2771 3069 2824 sanctis.

1965 2863 2021 2917 2.
2049 2861 2198 2936 [vers.
2223 2859 2303 2934 2.]
2357 2861 2570 2916 Salvum
2596 2877 2675 2913 me
2703 2865 2815 2930 fac,
2847 2860 3093 2924 Domine,
3125 2865 3360 2930 quoniam
3390 2859 3481 2912 de-

1897 2955 2013 3026 fecit
2049 2962 2253 3007 sanctus
2281 2968 2301 3006 :
2331 2952 2380 3005 id
2410 2962 2491 3006 est
2534 2967 2636 3004 non
2684 2951 2983 3015 invenitur;
3031 2951 3166 3004 sicut
3216 2951 3482 3020 loquimur

1898 3061 2020 3101 cum
2047 3044 2296 3108 dicimus,
2332 3041 2535 3098 Deiecit
2563 3041 2910 3107 frumentum,
2942 3052 3055 3107 aut,
3091 3041 3292 3097 Deiecit
3321 3057 3482 3110 pecu-

1899 3138 2008 3194 nia.
2040 3137 2293 3204 Quoniam
2319 3136 2580 3189 diminuta:
2606 3145 2719 3188 sunt
2744 3134 2972 3188 veritates
3001 3151 3032 3188 a
3057 3133 3177 3202 [iliis
3205 3133 3482 3188 hominum.

1901 3229 2114 3285 Veritas
2142 3243 2245 3282 una
2276 3236 2378 3292 est,
2411 3242 2512 3296 qua
2541 3226 2873 3280 illustrantur
2899 3223 3091 3278 animae
3121 3233 3316 3278 sanctae
3348 3241 3361 3278 :
3392 3224 3484 3277 sed

1901 3321 2151 3392 quoniam
2181 3320 2361 3374 multa:
2392 3327 2514 3373 sunt
2544 3319 2758 3382 animm,
2792 3318 2842 3369 in
2873 3315 3000 3385 ipsis
3029 3318 3206 3370 multa:
3236 3316 3487 3370 veritates

1901 3413 2006 3468 dici
2046 3422 2312 3484 possunt;
2360 3411 2499 3465 sicut
2533 3411 2601 3464 ab
2632 3424 2737 3464 una
2783 3407 3140 3471 iaciemulta:
3172 3408 3222 3461 in
3255 3409 3487 3476 speculis

1903 3503 2163 3574 imagines
2189 3510 2464 3572 apparent.

1973 3596 2027 3650 3.
2057 3592 2208 3667 [vers.
2238 3591 2318 3666 5.]
2371 3591 2513 3646 Vana
2567 3589 2760 3645 locutus
2805 3599 2873 3644 est
2904 3590 3241 3660 unusquisque
3267 3591 3334 3642 ad
3365 3607 3484 3658 pro-

1903 3690 2095 3743 ximum
2133 3703 2301 3741 suum.
2357 3685 2662 3739 Proximum
2695 3697 2908 3736 onmem
2963 3681 3232 3736 hominem
3278 3692 3488 3752 oportet

1907 3778 2127 3847 intelligi
2171 3794 2186 3830 :
2233 3778 2354 3846 quia
2403 3791 2562 3830 nemo
2606 3784 2690 3829 est
2732 3789 2854 3828 cum
2899 3789 3005 3842 quo
3045 3773 3115 3828 sit
3159 3775 3486 3842 operandom

1907 3870 2148 3933 malum;
2197 3875 2252 3922 et
2298 3866 2513 3920 dilectio
2561 3863 2784 3936 proximi
2837 3863 3035 3918 malum
3085 3879 3189 3918 non
3237 3879 3489 3933 operatur

1909 3959 2084 4032 (Rom.
2116 3975 2229 4022 xui,
2261 3959 2370 4028 10).
2400 3955 2559 4010 Labia
2593 3956 2768 4009 dolosa
2789 3996 2804 4021 ,
2834 3957 2884 4008 in
2907 3955 3058 4008 corde
3090 3963 3134 4009 et
3163 3957 3315 4009 corde
3338 3957 3492 4010 locuti

1906 4064 2022 4107 sunt
2053 4051 2188 4105 mala
2213 4052 2254 4104 ¹.
2285 4049 2437 4116 Quod
2467 4048 2546 4102 bis
2589 4049 2682 4112 ait,
2725 4048 2777 4101 in
2820 4047 2971 4100 corde
3009 4057 3055 4100 et
3084 4047 3261 4111 corde,
3292 4047 3487 4117 duplex

1908 4158 2003 4196 cor
2036 4141 2319 4212 signiﬁcat.

1979 4237 2034 4290 4.
2065 4231 2215 4305 [υεη.
2243 4231 2322 4304 4.]
2353 4230 2622 4302 Dispcrdat
2655 4229 2901 4283 Dominus
2953 4231 3183 4283 universa
3224 4227 3357 4282 labia
3397 4229 3493 4282 do-

1911 4331 2039 4383 losa.
2070 4327 2337 4389 Universa,
2362 4327 2517 4390 dixit,
2544 4342 2608 4379 ne
2629 4325 2748 4394 quis
2773 4340 2832 4377 se
2859 4331 3138 4390 exceptum
3167 4331 3333 4391 putet,
3358 4323 3496 4378 sicut

1914 4423 2202 4491 Apostolus
2227 4421 2356 4474 dicit
2387 4438 2400 4473 :
2431 4417 2494 4471 In
2522 4434 2716 4471 onmem
2752 4417 2972 4468 animam
2999 4415 3215 4468 hominis
3241 4418 3496 4483 operantis

1912 4515 2104 4565 malum
2125 4553 2139 4575 ,
2166 4509 2337 4562 Judaei
2380 4509 2597 4576 primunt
2625 4518 2670 4560 et
2703 4505 2868 4559 (Irasci
2898 4503 3006 4576 (Id.
3034 4520 3092 4568 tt,
3122 4504 3201 4570 9).
3242 4503 3495 4576 Linguam

1913 4602 2289 4672 inagniloquum
2315 4617 2332 4654 :
2362 4600 2593 4666 linguam
2624 4597 2928 4667 superbam.
3133 4593 3143 4603 ’

1987 4695 2039 4750 5.
2069 4693 2219 4767 (vers.
2244 4689 2323 4764 5.]
2363 4691 2460 4755 Qui
2504 4690 2737 4743 dixerunt
2767 4704 2785 4742 :
2813 4687 3066 4760 Linguam
3119 4697 3345 4743 nostram
3385 4705 3498 4743 ma-

1917 4787 2288 4858 gniﬁrubiinus,
2322 4784 2455 4838 labia
2501 4793 2672 4836 nostra
2714 4781 2854 4860 apud
2883 4798 2974 4836 nos
3011 4789 3160 4846 sunt,
3191 4783 3302 4851 quis
3331 4790 3498 4836 noster

1919 4878 2168 4933 Dominus
2218 4877 2338 4931 est?
2391 4875 2618 4945 Superbi
2665 4872 2954 4944 hypocrita:
2999 4873 3398 4942 signiﬁcantur,
3445 4873 3499 4928 in

1919 4986 2169 5027 sermone
2199 4985 2296 5024 suo
2324 4983 2471 5036 Spem
2498 4975 2755 5037 ponentes
2779 4963 2844 5017 ad
2868 4963 3111 5018 homines
3133 4962 3499 5034 decipiendos,

1920 5071 1975 5116 et
2007 5061 2115 5114 Deo
2143 5075 2246 5112 non
2280 5056 2496 5110 subditi.

1993 5151 2046 5206 6.
2078 5149 2226 5224 [vers.
2256 5146 2334 5220 6.]
2385 5145 2604 5214 Propter
2633 5143 2886 5198 miseriam
2922 5143 3131 5217 inopum
3171 5153 3219 5199 et
3263 5146 3503 5217 gemitum

1923 5257 2221 5311 pauperum,
2273 5255 2404 5291 nunc
2455 5252 2744 5306 exsurgant,
2792 5235 2915 5289 dicit
2961 5234 3210 5290 Dominus
3250 5235 3327 5308 (ω)
3371 5254 3384 5291 :
3431 5237 3503 5290 ita

1923 5334 2064 5388 enim
2097 5330 2345 5402 populum
2375 5344 2530 5383 suum
2570 5328 2682 5397 ipse
2710 5328 2965 5383 Dominus
2997 5328 3048 5382 in
3081 5329 3368 5398 Evangelio
3399 5327 3503 5381 mi-

1924 5433 2131 5477 seratus
2157 5434 2254 5484 εει,
2286 5420 2426 5491 quod
2469 5429 2734 5474 rectorem
2765 5435 2870 5472 non
2913 5419 3161 5480 haberet,
3201 5434 3321 5474 cum
3366 5418 3502 5471 bene

1927 5526 2108 5584 posset
2133 5516 2520 5582 obtemperare.
2545 5511 2701 5569 Unde
2731 5511 2888 5565 etiam
2915 5509 3116 5565 dictum
3145 5519 3225 5565 est
3253 5509 3302 5562 in
3331 5508 3504 5560 Evan-
3541 5561 3544 5566 _

1925 5608 2066 5677 gelio
2093 5624 2105 5660 :
2137 5605 2316 5659 Messis
2346 5605 2520 5666 multa,
2549 5603 2768 5672 operarii
2804 5611 2972 5655 autem
3003 5601 3154 5670 pauci
3184 5598 3394 5668 (Matth.
3426 5613 3499 5661 ιχ,

1929 5695 2042 5768 57).
2076 5695 2187 5750 lloc
2225 5705 2400 5749 autem
2441 5709 2506 5749 ex
2537 5707 2763 5764 persona
2795 5691 2887 5746 Dei
2927 5691 3098 5745 Patris
3137 5685 3502 5757 accipiendum

1992 5876 2009 5906 ί
2034 5871 2166 5929 ιω,
2189 5884 2327 5920 uana.
2349 5877 2402 5920 At
2422 5876 2546 5928 Mss,
2580 5869 2726 5918 mala.

1998 5936 2070 5999 (a)
2095 5925 2226 5983 Idem
2252 5947 2378 5984 vers.
2406 5932 2438 5981 6
2462 5925 2730 5994 explicatur
2756 5930 2804 5977 in
2825 5932 2966 5978 mar.
2993 5925 3112 5976 Psal.
3134 5936 3261 5990 xcm,
3286 5939 3334 5975 ιι.
3362 5926 3410 5974 7.

2918 6009 3174 6075 {Cium}
