4042 6502
594 472 695 528 159

576 596 707 654 est,
734 586 823 657 qui
852 591 1069 655 propter
1116 581 1341 652 inopes‘
1366 588 1419 635 ct
1462 593 1754 650 pauperes,
1788 578 1838 633 id
1865 587 1949 634 est
1990 577 2168 647 inopia

591 688 645 732 et
673 684 983 748 paupertate
1010 674 1271 729 bonorum
1300 671 1656 745 spiritualium
1694 679 1932 741 egentes,
1973 669 2168 724 Filium

590 785 742 823 suum
774 769 1019 837 dignatus
1043 777 1125 821 εει
1149 765 1393 828 mittere;
1427 763 1549 817 inde
1578 771 1754 818 autem
1783 760 1967 831 incipit
1990 776 2168 816 sermo

590 861 708 927 ejus
754 858 895 930 apud
938 856 1242 912 Maltbaeum
1287 857 1337 910 in
1387 864 1589 918 monte,
1635 869 1757 908 eum
1804 853 1932 908 dicit
1972 870 1986 907 :
2026 851 2169 906 Beati

583 966 837 1021 pauperes
862 950 1061 1019 spiritu,
1088 948 1326 1020 quoniam
1353 948 1576 1019 ipsorum
1602 956 1673 1001 est
1698 963 1907 1018 regnum
1924 946 2166 1000 caelorum

593 1044 702 1111 (Id.
735 1059 785 1108 v,
814 1043 889 1114 5).
922 1041 1119 1096 Ponant
1142 1041 1208 1097 in
1234 1040 1468 1094 salutari.
1500 1038 1617 1094 Non
1653 1038 1787 1093 dixit
1810 1037 1933 1109 quid
1960 1046 2121 1107 ponat
2147 1053 2162 1102 ;

587 1138 680 1192 sed
708 1139 762 1192 in
788 1136 1025 1203 salutari,
1053 1136 1105 1190 in
1122 1135 1338 1192 Christo
1358 1132 1726 1203 accipiendum
1749 1141 1848 1197 est,
1873 1129 2162 1186 secundum

586 1228 737 1293 illud,
770 1228 1022 1295 Quoniam
1048 1226 1277 1280 viderunt
1305 1224 1442 1279 oculi
1471 1225 1566 1276 mei
1591 1224 1818 1277 salutare
1840 1232 1981 1277 tuum
2011 1221 2163 1290 (Luc.

586 1337 653 1384 ιι,
680 1321 790 1393 50)
819 1339 830 1373 :
862 1328 917 1375 et
937 1318 1057 1374 ideo
1078 1318 1387 1388 intelligitur
1413 1315 1468 1371 in
1511 1316 1603 1371 illo
1644 1315 1883 1385 posuisse
1920 1314 2062 1387 quod
2099 1313 2165 1368 ad

589 1411 860 1467 miseriam
889 1415 1107 1482 inopum
1131 1408 1477 1464 auferendum
1505 1416 1560 1463 et
1586 1406 1965 1463 consolandum
1998 1405 2167 1477 gemi-

586 1513 696 1557 tum
722 1518 1012 1574 pauperum
1040 1502 1287 1573 pertinet.
1323 1497 1657 1553 Fiducialiter
1681 1515 1832 1570 agam
1866 1498 1919 1552 in
1947 1512 2042 1562 eo;
2080 1511 2168 1552 se-

583 1594 816 1650 cundum
859 1592 988 1649 illud
1032 1593 1084 1650 in
1130 1592 1421 1662 Evangelio
1465 1609 1479 1645 :
1522 1589 1649 1644 Erat
1688 1591 1820 1644 enim
1861 1590 2045 1644 docens
2083 1604 2167 1642 eos

585 1698 825 1754 tanquam
843 1694 1136 1758 potestatem
1156 1683 1363 1750 habens,
1389 1699 1489 1737 non
1515 1692 1754 1753 tanquam
1775 1679 1971 1737 Scriba:
1995 1696 2167 1734 eorum

587 1778 799 1846 (Matth.
833 1794 922 1837 vn.
950 1775 1066 1847 29).
1736 1834 1739 1837 _

656 1871 708 1924 7.
733 1868 882 1941 [rem
910 1867 990 1940 7.]
1033 1868 1252 1938 liloquia
1304 1867 1548 1932 Domini,
1594 1866 1793 1935 eloquia
1836 1874 1995 1920 casta.
2040 1863 2169 1920 Haec

582 1974 810 2028 persona
841 1959 1007 2029 ipsius
1035 1958 1315 2033 PrOpheta)
1343 1968 1444 2013 est.
1476 1957 1692 2028 Eloquia
1714 1955 1942 2020 Domini,
1969 1954 2168 2026 eloquia

581 2057 720 2103 casta
758 2065 777 2105 :
827 2058 969 2103 casta
1016 2048 1185 2114 dicit,
1232 2048 1347 2104 sine
1398 2047 1741 2119 corruptione
1787 2046 2164 2101 simulationis.

583 2139 733 2194 Multi
796 2140 938 2194 enim
995 2139 1288 2209 praedicant
1338 2139 1616 2193 veritatem
1661 2154 1769 2193 non
1813 2148 1999 2205 caste,
2043 2138 2166 2209 quia

584 2228 823 2284 vendunt
862 2228 1008 2284 illam
1050 2230 1222 2299 pretio
1259 2229 1694 2284 commoditatum
1741 2228 1903 2297 hujus
1943 2228 2163 2284 saeculi:

580 2321 649 2375 de
680 2322 871 2375 talibus
909 2320 1040 2375 dicit
1065 2320 1378 2390 Apostolus,
1404 2320 1546 2389 quod
1572 2320 1845 2375 Christum
1884 2321 2169 2375 annuntia-

578 2421 700 2465 rent
728 2428 830 2463 non
860 2421 1006 2465 caste
1032 2409 1289 2481 (Philipp.
1318 2426 1354 2474 ι,
1389 2410 1498 2479 l7).
1529 2409 1805 2481 Argentum
1840 2410 1960 2481 igne
1978 2410 2169 2465 exami-

574 2512 757 2555 natum
784 2511 951 2556 terrm.
997 2501 1112 2571 Ipsa
1158 2501 1368 2571 eloquia
1412 2500 1619 2555 Domini
1658 2516 1756 2572 per
1795 2499 2167 2555 tribulationcs

579 2593 802 2665 probata
824 2593 1213 2663 peccatoribus.
1238 2590 1525 2662 Purgatum
1545 2593 1833 2662 septuplnm
1853 2606 1874 2645 :
1893 2606 1989 2661 per
2011 2590 2169 2645 timo-

578 2699 694 2739 rem
724 2684 840 2750 Dei,
879 2700 978 2756 per
1004 2684 1279 2754 pietatem,
1309 2698 1405 2753 per
1434 2683 1733 2750 scientiam,
1779 2697 1876 2752 per
1903 2682 2166 2737 fortitudi-

578 2792 723 2839 nem,
754 2792 851 2847 per
876 2777 1187 2847 consilium,
1211 2790 1305 2845 per
1332 2774 1658 2829 intellectum
1682 2816 1697 2840 ,
1726 2788 1821 2843 per
1850 2771 2163 2842 sapientiam

584 2866 736 2937 (Isai.
767 2883 841 2934 χι,
868 2866 972 2937 2).
1016 2866 1147 2921 Nam
1194 2875 1397 2935 septem
1443 2872 1569 2919 sunt
1616 2864 1776 2919 etiam
1824 2862 2165 2919 beatitudinis

578 2961 803 3027 gradus,
852 2970 987 3028 quos
1040 2957 1093 3010 in
1142 2956 1330 3011 eodem
1380 2968 1631 3009 sermone
1673 2970 1828 3024 quem
1881 2952 2063 3007 habuit
2109 2953 2161 3007 in

578 3058 761 3104 monte
808 3048 1064 3102 Dominus
1109 3046 1416 3115 exsequitur
1464 3053 1588 3100 κατὰ
1630 3043 1979 3098 Mallius-um:
2020 3040 2164 3095 Beati

581 3156 828 3212 pauperes
853 3139 1035 3211 spiritu
1054 3181 1069 3205 ,
1100 3137 1231 3192 beati
1260 3138 1400 3191 mites
1419 3179 1434 3204 ,
1464 3136 1594 3191 beati
1632 3135 1855 3206 lugentes
1874 3177 1888 3198 ,
1919 3133 2051 3189 beati
2076 3136 2164 3204 qui

579 3237 807 3285 esuriant
835 3240 880 3283 et
923 3229 1098 3282 sitiunt
1133 3228 1419 3298 justitiam,
1460 3225 1590 3279 beati
1613 3225 1994 3291 misericordes,
2035 3225 2164 3279 beati

578 3323 768 3379 nttntdo
795 3320 964 3388 corde,
1001 3321 1130 3375 beati
1168 3320 1367 3391 paciﬁci
1418 3317 1629 3390 (Matth.
1653 3332 1708 3381 v,
1736 3312 1869 3387 5—9)
1896 3335 1911 3372 :
1934 3316 2002 3372 de
2040 3317 2161 3388 qui-

576 3415 680 3471 bus
709 3412 989 3468 sententiis
1016 3421 1219 3481 septem
1254 3419 1421 3464 totum
1464 3410 1611 3464 illum
1656 3422 1957 3463 sermonem
1998 3409 2163 3480 proli-

575 3522 703 3563 xum
744 3506 944 3561 dictum
993 3518 1112 3557 esse
1141 3501 1487 3556 animadverti
1520 3508 1732 3571 potest;
1787 3515 1910 3554 nam
1948 3509 2159 3566 octava,

576 3597 668 3652 ubi
695 3597 895 3652 dictum
923 3602 1024 3660 est,
1050 3592 1198 3647 Beati
1222 3593 1312 3664 qui
1340 3592 1729 3662 persecutionem
1757 3591 2019 3661 patiuntur
2039 3607 2160 3661 pro-

575 3698 687 3758 pter
704 3686 993 3757 justitiam,
1026 3686 1197 3754 ipsum
1236 3684 1411 3753 ignem
1441 3681 1743 3750 signiﬁcat,
1776 3695 1882 3751 quo
1927 3691 2163 3751 septem-

575 3780 784 3850 pliciter
823 3778 1074 3848 probatur
1110 3783 1410 3847 argentum.
1454 3775 1557 3844 Qui
1596 3788 1778 3830 sermo
1817 3789 1939 3830 cum
1980 3772 2162 3829 termi-

575 3884 733 3928 natus
757 3879 924 3937 esset,
948 3869 1146 3925 dictum
1171 3880 1275 3936 est,
1303 3868 1428 3922 Erat
1455 3869 1588 3922 enim
1613 3866 1796 3922 docens
1818 3884 1902 3922 eos
1924 3878 2162 3937 tanquam

573 3972 867 4036 potestatem
912 3962 1122 4029 habens,
1164 3978 1264 4014 non
1312 3969 1551 4031 tanquam
1594 3958 1791 4014 Scribe
1830 3974 2005 4012 eorum
2030 3956 2159 4027 (Id.

573 4072 671 4122 vn,
697 4055 841 4126 29):
876 4054 1018 4124 quod
1054 4053 1287 4124 pertinet
1325 4051 1390 4106 ad
1437 4052 1489 4106 id
1534 4049 1676 4121 quod
1719 4050 1771 4106 iu
1810 4049 1913 4106 hoc
1954 4051 2161 4122 psalmo

573 4148 773 4205 dictum
799 4156 902 4211 est,
934 4144 1273 4201 Fiducialiter
1298 4159 1445 4214 agam
1473 4144 1525 4196 in
1552 4158 1631 4196 eo.

644 4241 697 4297 8.
732 4239 883 4314 [vers.
911 4235 992 4312 8.]
1050 4234 1145 4301 Tu,
1175 4234 1411 4298 Domine,
1440 4231 1659 4288 servabis
1687 4249 1778 4287 nos
1799 4273 1813 4297 ,
1841 4241 1889 4286 et
1910 4231 2160 4288 custodies

573 4348 665 4387 nos
690 4348 723 4386 a
744 4316 1064 4403 generatione
1108 4327 1203 4381 hac
1250 4336 1297 4380 et
1325 4326 1346 4358 ²
1374 4326 1427 4378 in
1462 4332 1706 4379 internum
1733 4338 1751 4378 :
1780 4322 1867 4379 hic
1904 4331 2159 4395 tanquam

572 4429 762 4498 inopes
808 4433 864 4480 et
904 4432 1192 4494 pauperes,
1242 4418 1315 4476 ibi
1365 4429 1613 4490 tanquam
1657 4406 1940 4489 epulentos
1979 4426 2035 4473 et
2072 4414 2158 4473 di-

571 4521 725 4573 vites.
934 4572 939 4577 _

642 4612 695 4666 9.
725 4609 879 4681 (vers.
905 4604 989 4678 9.]
1040 4604 1108 4659 In
1130 4605 1345 4659 circuitu
1368 4603 1515 4674 impii
1538 4603 1797 4658 ambulant
1825 4601 1901 4675 (a)
1935 4619 1949 4655 :
1979 4601 2030 4656 id
2053 4598 2156 4669 est,

574 4702 625 4754 in
672 4697 1044 4768 temporalium
1088 4710 1266 4749 rerum
1306 4694 1615 4762 cupiditate,
1644 4710 1763 4763 quae
1804 4702 2009 4762 septem
2040 4691 2156 4747 die-

579 4804 693 4844 rum
744 4788 970 4857 repctito
1011 4786 1237 4842 circuitu
1269 4825 1283 4849 ,
1325 4791 1575 4852 tanquam
1624 4792 1738 4836 rota
1783 4783 2014 4836 volvitur
2048 4798 2063 4847 ;
2103 4792 2156 4838 ct

581 4883 700 4937 ideo
731 4897 834 4934 non
876 4879 1192 4950 perveniunt
1219 4877 1275 4931 in
1303 4886 1570 4938 octavum,
1600 4872 1653 4928 id
1680 4881 1762 4927 est
1790 4874 1841 4928 in
1872 4883 2154 4940 aeternum,

581 4987 675 5046 pro
703 4987 808 5043 quo
838 4971 938 5025 iste
982 4968 1217 5040 psalmus
1258 4966 1497 5021 titulatus
1528 4972 1633 5020 est.
1674 4963 1750 5019 Ita
1792 4973 1849 5018 et
1882 4978 1975 5033 per
2007 4963 2157 5020 Salo.

585 5078 788 5119 nionem
833 5060 1078 5116 dicitur:
1118 5057 1402 5114 Ventilator
1448 5056 1582 5111 enim
1631 5063 1702 5110 est
1747 5054 2019 5125 impiorum
2067 5071 2159 5108 rea;

585 5158 797 5226 sapiens,
824 5162 871 5208 et
898 5152 1121 5206 innnittit
1148 5150 1253 5205 illis
1275 5160 1438 5203 rotam
1460 5147 1713 5202 malorum
1741 5145 1919 5219 (Prov.
1944 5161 2040 5212 xx,
2061 5144 2149 5211 26,

575 5265 675 5303 sec.
698 5245 888 5318 LXX).
935 5242 1228 5300 Secundum
1266 5240 1585 5294 altitudinem
1625 5247 1763 5291 tuam
1806 5236 2158 5306 multiplicasti

578 5337 714 5409 ﬁlios
742 5335 1021 5390 hominum.
1053 5332 1183 5401 Quia
1232 5338 1318 5386 est
1361 5338 1417 5383 et
1457 5327 1508 5382 in
1559 5327 1938 5398 temporalibus
1977 5325 2157 5381 multi-

574 5429 812 5502 plicatio,
854 5440 975 5498 qua:
1015 5420 1208 5478 avertit
1244 5420 1312 5474 ab
1353 5418 1555 5474 unitate
1597 5418 1731 5484 Dei;
1780 5415 1920 5472 unde
1960 5431 2155 5486 corpus

576 5523 721 5596 quod
767 5517 1163 5588 corrumpitur,
1210 5519 1461 5584 aggravat
1504 5510 1760 5576 animam,
1809 5519 1863 5565 et
1908 5508 2157 5580 deprimit

636 5719 653 5749 ¹
679 5725 793 5766 Octo
814 5724 941 5774 Mss,
965 5717 1216 5780 propterea
1243 5707 1308 5780 ad
1329 5707 1509 5780 inopes.
1702 5768 1731 5780 ﬂ
1849 5768 1862 5780 .
1955 5768 1966 5780 .

636 5780 658 5810 ³
680 5780 751 5826 sic
769 5768 984 5840 potiores
1131 5773 1271 5837 juxta
1294 5768 1422 5819 Lxxl
1451 5770 1502 5832 [a
1518 5768 1820 5834 generatione
1842 5768 1933 5819 hac
1947 5768 1997 5819 in
2017 5776 2156 5819 teter-

569 5840 864 5986 malum
885 5930 1017 5971 vers.
1039 5917 1072 5969 9
1090 5898 1318 5969 tractatur
1340 5917 1388 5966 in
1406 5920 1543 5966 Enar.
1568 5913 1688 5965 Psal.
1714 5927 1918 5976 cxxnx,
1937 5928 1990 5964 n.
2017 5915 2090 5964 ts.

1829 464 1889 519 S.
1930 460 2296 521 AUGUSTINI
2337 462 2637 518 EPISCOPI

3760 471 3869 531 “0

2287 588 2496 634 terrena
2540 577 2855 633 inbabitatio
2876 592 3095 636 sensum
3134 579 3301 635 multa
3338 580 3661 651 cogitantem
3701 583 3865 657 (Sap.

2275 688 2350 738 ts,
2379 673 2465 747 l5)
2493 692 2508 729 :
2537 675 2956 745 multiplicantur
2983 684 3160 731 autem
3192 674 3321 745 justi
3355 676 3649 732 secundum
3684 679 3870 734 altitu-

2273 764 2450 820 dinem
2477 766 2592 832 Dei,
2613 767 2826 837 quando
2853 766 3002 823 ibunt
3021 765 3090 821 de
3113 766 3308 822 virtute
3330 766 3382 820 in
3406 767 3651 823 virtutem
3681 767 3860 840 (Psat.

2276 872 2501 923 unm,
2533 856 2620 930 8).

2269 986 3843 1014 -Ψ--ψ--α--η

2707 1063 2789 1125 ΙΝ
2830 1063 3212 1125 PSALMUM
3253 1063 3374 1124 XII

2904 1180 3318 1237 ENARRATIO.

2702 1294 2766 1349 In
2793 1296 2965 1366 ﬁnem,
2998 1294 3238 1350 Psalmus
3266 1294 3452 1352 David.

2344 1410 2397 1464 1.
2440 1407 2606 1483 [vers.
2649 1407 2737 1482 1.]
2784 1408 2928 1464 Finis
2973 1409 3107 1463 enim
3144 1407 3294 1481 Legis
3334 1408 3560 1464 Christus
3594 1410 3663 1464 ad
3703 1412 3864 1482 justi-

2271 1499 2394 1553 tiam
2431 1499 2571 1554 onmi
2610 1500 2832 1554 credenti
2857 1500 3045 1570 (Rom.
3068 1516 3133 1565 x,
3156 1501 3190 1554 ι
3217 1501 3257 1570 ).
3290 1499 3581 1571 Usquequo,
3628 1500 3864 1568 Domine,

2270 1590 2573 1646 obliviscaris
2602 1607 2682 1645 me
2703 1592 2758 1645 in
2782 1592 2932 1660 ﬁnem
2949 1592 2974 1644 ?
3010 1591 3063 1645 id
3087 1602 3188 1655 est,
3214 1591 3398 1646 ditiors
3441 1608 3525 1645 me
3550 1591 3614 1645 ad
3660 1592 3864 1646 intelli-

2269 1683 2501 1754 gendum
2520 1682 2794 1739 Christum
2819 1684 3183 1754 spiritualiter,
3212 1684 3298 1755 qui
3325 1692 3409 1738 est
3438 1685 3528 1738 Dei
3555 1682 3855 1751 Sapientia,

2262 1783 2327 1830 vet
2366 1785 2544 1830 rectus
2585 1774 2704 1829 linis
2743 1774 2921 1828 omnis
2961 1773 3272 1828 intentionis
3309 1776 3522 1828 animae.
3556 1773 3670 1837 Quo
3696 1791 3859 1844 usque

2271 1868 2455 1922 avertis
2481 1867 2662 1937 [aciem
2686 1875 2823 1920 tuam
2843 1883 2877 1919 a
2896 1883 2976 1919 me
2990 1868 3017 1921 ?
3043 1866 3190 1921 Sicut
3210 1882 3313 1920 non
3337 1866 3672 1921 obliviscitur
3691 1867 3858 1930 Deus,

2269 1958 2351 2013 sic
2393 1973 2493 2013 nec
2532 1957 2721 2012 faciem
2759 1958 2990 2023 avertit;
3034 1957 3129 2012 sed
3168 1972 3316 2011 more
3355 1967 3541 2011 nostro
3585 1957 3861 2031 Scriptura

2271 2047 2506 2125 loquitur
2536 2065 2550 2101 :
2579 2057 2821 2103 avertere
2863 2058 3039 2103 autem
3070 2050 3209 2105 Deus
3253 2050 3439 2104 faciem
3471 2049 3696 2113 dicitur,
3730 2050 3862 2104 dum

2272 2150 2379 2192 non
2400 2137 2491 2192 dat
2510 2138 2703 2192 animas
2724 2138 2967 2194 netitiam
2992 2140 3095 2207 sui,
3117 2155 3236 2210 qua:
3258 2138 3432 2198 adhuc
3451 2156 3638 2211 purum
3663 2142 3865 2196 mentis

2270 2228 2483 2282 oculum
2515 2242 2621 2282 non
2655 2227 2833 2282 habet.
3452 2250 3459 2260 -

2340 2318 2401 2372 2.
2425 2317 2686 2392 [καὶ]
2743 2318 3001 2385 Quamdiu
3049 2335 3232 2389 ponam
3280 2321 3546 2375 consilium
3591 2321 3646 2375 in
3686 2322 3865 2377 anima

2271 2412 2427 2465 mea?
2453 2408 2691 2465 Consilio
2717 2426 2822 2465 non
2853 2426 2990 2480 opus
3031 2419 3134 2477 est,
3165 2412 3267 2465 nisi
3308 2412 3360 2465 in
3404 2411 3665 2467 adversis.
3695 2412 3860 2482 Ergo,

2275 2499 2531 2566 Quamdiu
2574 2517 2760 2570 ponam
2786 2501 3053 2554 consilium
3077 2500 3133 2554 in
3169 2501 3341 2554 anima
3379 2517 3492 2555 mea
3512 2541 3528 2567 ,
3558 2505 3628 2555 ita
3655 2501 3864 2557 dictum

2269 2601 2389 2659 est,
2415 2592 2680 2660 Quamdiu
2709 2607 2804 2647 ero
2832 2593 2884 2647 iu
2929 2592 3168 2648 adversis
3188 2593 3214 2647 ἲ
3252 2594 3359 2647 Aut
3397 2604 3545 2649 certe
3578 2595 3865 2663 responsio

2267 2693 2374 2747 εει,
2407 2694 2465 2738 ut
2492 2683 2596 2738 iste
2623 2685 2693 2739 sit
2721 2699 2933 2750 sensus,
2962 2684 3206 2749 Tamdiu,
3247 2686 3489 2752 Domine,
3521 2686 3867 2742 Oblivisceris

2268 2791 2358 2832 tne
2387 2775 2439 2830 in
2482 2775 2662 2842 tinctu,
2704 2785 2763 2831 et
2800 2775 3001 2831 tamdiu
3042 2777 3238 2831 avertis
3278 2776 3466 2833 faciem
3509 2785 3652 2831 tuam
3680 2792 3711 2832 a
3749 2793 3863 2842 me,

2267 2867 2527 2937 quamdiu
2564 2883 2758 2937 ponam
2801 2868 3082 2923 consilium
3122 2870 3173 2922 in
3218 2870 3396 2923 anima
3450 2885 3566 2925 mea
3605 2887 3618 2923 :
3658 2879 3717 2924 ut
3756 2872 3865 2925 nisi

2265 2957 2493 3028 quisque
2523 2959 2759 3026 posuerit
2784 2959 3064 3013 consilium
3093 2958 3145 3012 in
3193 2960 3369 3013 anima
3404 2974 3499 3014 sua
3541 2968 3601 3013 ut
3625 2961 3866 3029 perfecte

2267 3061 2523 3117 eperetur
2565 3049 3010 3115 misericordiam,
3062 3065 3169 3104 non
3213 3064 3336 3104 eum
3385 3050 3575 3121 dirigat
3620 3051 3762 3106 Deus
3802 3051 3863 3106 in

2266 3139 2449 3207 ﬂuctu,
2480 3157 2657 3212 neque
2680 3144 2923 3197 notitiam
2967 3144 3048 3197 sui
3080 3143 3292 3213 plenam
3316 3144 3457 3214 quod
3503 3152 3588 3200 est
3626 3143 3763 3199 facie
3789 3145 3865 3199 ad

2264 3228 2482 3299 faciem,
2510 3233 2747 3304 praebeat
2777 3235 2876 3289 illi.
2905 3233 3147 3290 Dolorem
3172 3235 3225 3288 in
3253 3234 3407 3288 corde
3428 3250 3539 3288 meo
3564 3251 3653 3303 per
3676 3235 3815 3289 diem
3838 3237 3867 3289 Ρ

2266 3326 2599 3394 subauditur,
2627 3328 2879 3399 quamdiu
2906 3328 3146 3398 ponam?
3186 3326 3295 3383 Per
3319 3327 3451 3382 diem
3475 3336 3651 3383 autem
3677 3367 3693 3392 ,
3720 3341 3867 3381 eost.

2267 3417 2615 3473 tinuationem
2656 3419 2939 3488 signiﬁcat,
2968 3427 3027 3472 ut
3050 3418 3166 3473 dies
3191 3433 3289 3486 pro
3316 3427 3556 3486 tempore
3585 3416 3867 3489 intelliga-

2264 3516 2388 3573 tur;
2438 3524 2469 3562 a
2517 3524 2625 3579 quo
2671 3523 2732 3564 se
2773 3512 2997 3579 quisque
3041 3508 3351 3564 desiderans
3399 3508 3565 3574 exui,
3613 3507 3866 3564 dolorem

2270 3600 2420 3669 ponit
2464 3600 2516 3654 in
2545 3599 2707 3656 corde
2731 3641 2745 3666 ,
2777 3599 3073 3671 deprecans
3115 3599 3182 3655 ad
3226 3608 3424 3654 aeterna
3467 3598 3861 3665 conscendere,

2263 3700 2319 3745 et
2347 3690 2642 3746 humanum
2671 3690 2813 3746 diem
2843 3705 2950 3746 non
2976 3691 3107 3762 pati.

2335 3783 2389 3837 3.
2443 3782 2606 3856 (vers.
2645 3782 2738 3855 3.]
2783 3781 3050 3853 Usquequo
3090 3780 3395 3836 exaltabitur
3439 3779 3672 3835 inimicus
3712 3794 3867 3834 meus

2263 3888 2419 3941 super
2445 3872 2570 3927 nte?
2607 3873 2690 3926 vel
2730 3871 2993 3937 diabolus,
3021 3871 3104 3925 vel
3130 3870 3458 3926 consuetudo
3488 3870 3746 3925 carnalis.

2334 3963 2390 4016 4.
2429 3960 2591 4033 [vers.
2618 3960 2713 4034 4.]
2756 3961 2969 4033 Respice
3008 3971 3054 4015 et
3098 3960 3288 4015 exaudi
3323 3977 3422 4025 nte,
3464 3958 3681 4014 Domine
3716 3958 3869 4016 Deus

2264 4069 2428 4107 nisus.
2454 4052 2690 4124 Respice,
2714 4054 2847 4110 refer
2861 4062 2946 4108 tur
2963 4051 3030 4108 ad
3056 4052 3108 4107 id
3135 4051 3274 4123 quod
3293 4051 3494 4106 dictum
3520 4060 3623 4118 est,
3656 4050 3870 4121 Usque-

2263 4159 2363 4214 quo
2388 4144 2571 4199 avertis
2599 4146 2782 4216 faciem
2807 4155 2945 4199 tuam
2970 4161 3002 4198 a
3026 4160 3106 4197 me
3123 4144 3150 4198 γ
3180 4142 3385 4197 Exaudi
3399 4184 3416 4209 ,
3444 4142 3675 4197 refertur
3698 4143 3772 4197 ad
3805 4144 3865 4199 id

2263 4234 2407 4305 quod
2450 4235 2653 4292 dictum
2692 4248 2808 4303 est,
2842 4236 3109 4307 Usquequo
3136 4236 3441 4291 oblivisccris
3470 4250 3548 4288 me
3572 4235 3624 4288 in
3654 4236 3815 4304 ﬁnem
3837 4240 3870 4293 2

2265 4322 2515 4381 Illtmtina
2534 4327 2708 4380 oculos
2730 4340 2884 4389 meos,
2906 4342 2969 4379 ne
2989 4341 3214 4397 unquam
3234 4325 3545 4379 obdormiens
3564 4325 3617 4377 in
3638 4328 3865 4381 mue‘.

2263 4414 2461 4477 Oculos
2497 4416 2679 4471 cordis
2703 4424 2915 4485 oportet
2947 4415 3189 4486 intelligi,
3221 4432 3290 4471 ne
3312 4415 3611 4471 delectabili
3635 4415 3869 4473 defectu

2263 4506 2467 4576 peccati
2493 4506 2831 4561 claudantur.

2332 4598 2386 4653 5.
2431 4595 2592 4669 [verm
2622 4595 2712 4669 5.]
2747 4594 3037 4668 Nequando
3061 4597 3198 4650 dicat
3224 4598 3457 4653 inimicus
3483 4615 3620 4655 meus
3646 4615 3665 4653 :
3699 4597 3861 4653 Prw-

2262 4690 2403 4744 ναιειὲ
2437 4688 2677 4747 adversus
2701 4706 2836 4744 eum.
2866 4689 3073 4744 Diaboli
3118 4690 3396 4745 insultatio
3437 4693 3717 4745 metuenda
3745 4698 3867 4749 est.

2265 4778 2367 4844 Qui
2392 4777 2635 4833 tnbulant
2660 4795 2741 4832 me
2764 4780 3105 4844 exsultabant,
3135 4782 3180 4835 si
3207 4791 3376 4836 motus
3400 4783 3561 4852 fuero.
3595 4780 3871 4839 Diabolus

2263 4880 2320 4927 et
2354 4872 2528 4941 angeli
2571 4872 2729 4941 ejus:
2757 4873 2845 4942 qui
2892 4887 3003 4928 non
3040 4875 3439 4929 exsultaverunt
3473 4873 3541 4927 de
3566 4873 3709 4942 justo
3737 4876 3873 4930 viro

2261 4963 2382 5027 Jul”),
2409 4979 2532 5018 cum
2558 4980 2679 5019 eum
2719 4964 3068 5029 tribulos-ent;
3109 4965 3230 5033 quia
3250 4979 3358 5019 non
3383 4974 3466 5019 est
3497 4974 3677 5020 motus
3728 4964 3872 5037 (Iob

2264 5069 2301 5120 ι,
2326 5053 2443 5127 22),
2468 5054 2521 5108 id
2543 5063 2647 5120 est,
2686 5053 2755 5111 de
2793 5055 3080 5110 stabilitate
3121 5056 3240 5110 fidei
3283 5073 3387 5111 non
3424 5058 3666 5113 recessit.

2333 5148 2387 5202 6.
2421 5147 2582 5221 [να-ε.
2612 5145 2691 5220 6.]
2716 5145 2827 5218 Ego
2851 5157 3020 5201 autem
3049 5148 3104 5200 in
3138 5158 3227 5200 tua
3252 5148 3600 5202 misericordia
3626 5153 3868 5219 speravi.

2262 5238 2395 5305 Quia
2440 5237 2669 5306 idipsum
2707 5235 2851 5307 quod
2894 5253 3001 5291 non
3050 5248 3291 5291 movetur
3336 5238 3496 5292 homo
3524 5250 3575 5294 et
3617 5242 3760 5295 ﬁxus
3801 5244 3874 5300 in

2265 5330 2490 5385 Domino
2520 5339 2812 5398 permanet,
2848 5343 2954 5384 non
2993 5330 3094 5383 sibi
3135 5330 3295 5385 debet
3322 5330 3577 5394 tribuere,
3614 5348 3686 5386 ne
3726 5349 3872 5389 cum

2264 5436 2323 5478 se
2343 5420 2599 5492 gloriatur
2624 5435 2731 5475 non
2752 5435 2873 5476 esse
2893 5430 3115 5485 motum,
3142 5423 3259 5493 ipsa
3275 5423 3521 5493 superbia
3547 5438 3733 5480 moves
3743 5436 3871 5483 tur.

2265 5512 2554 5568 Exsultabit
2595 5528 2682 5566 cor
2710 5528 2875 5565 meum
2913 5513 2967 5565 in
3009 5512 3222 5566 salutari
3258 5524 3345 5565 tuo
3370 5529 3389 5566 :
3420 5514 3471 5567 in
3512 5515 3756 5577 Christo.
3800 5519 3875 5575 in

2264 5603 2528 5673 Sapientia
2562 5603 2674 5657 Dei.
2713 5600 2936 5657 Cantobo
2965 5601 3186 5655 Domino
3212 5604 3303 5670 qui
3324 5606 3453 5657 bona
3483 5605 3652 5659 tribuit
3684 5608 3823 5661 mihi
3854 5628 3881 5665 :

2271 5696 2407 5751 bons
2436 5694 2749 5763 spiritualia,
2779 5709 2886 5748 non
2915 5694 2979 5748 ad
3006 5695 3296 5749 humanum
3323 5694 3465 5750 diem
3506 5698 3877 5766 pertinentia.

2268 5855 2345 5964 in!
2356 5853 2677 5966 ηοῖἓῖξέῃῖθωε
2697 5852 2874 5916 codex,
2893 5853 3036 5917 juxta
3050 5858 3194 5903 Lxx:
3236 5865 3292 5904 ne
3319 5865 3529 5918 iniquam
3552 5855 3891 5913 obdormiens
