4042 6546
147 456 222 510 Ill
1264 439 1657 495 ENMKIIATIU
1700 437 1760 492 LV

1879 437 2118 492 ALMUM
2159 435 2296 492 XIII.

151 569 200 623 Et
223 563 438 636 psallam
468 560 676 613 nomini
711 556 918 612 Domini
947 552 1222 610 altissimi:
1253 552 1305 608 id
1332 561 1435 614 est,
1465 564 1585 605 cum
1611 563 1740 617 gau-

150 659 225 712 dio
247 654 448 725 gratias
472 666 603 718 agn,
628 660 687 703 et
715 647 1110 702 ordinatissime
1135 655 1256 697 utor
1283 655 1528 710 corpore,
1553 640 1642 709 qui
1665 647 1747 691 est

151 757 326 803 cantus
346 741 548 795 animus
577 739 900 808 Spiritualis.
941 736 996 789 Si
1035 745 1212 789 autem
1254 733 1429 800 aliqua
1471 731 1556 784 hic
1593 727 1746 782 dilic-

153 836 318 891 reutia
343 828 749 885 consideranda
781 835 883 880 est.
907 823 1128 879 Cantabo
1158 822 1336 883 corde,
1369 817 1598 872 Psallam
1621 831 1748 884 ope-

151 927 292 980 ribus
343 919 598 980 Domino,
648 916 796 986 quod
835 917 851 947 ¹
893 915 1036 968 solus
1077 913 1223 966 videt
1265 929 1278 965 :
1322 909 1534 964 Nomini
1573 917 1749 962 autem

152 1013 370 1075 Domini,
391 1008 540 1080 quod
565 1007 712 1077 apud
743 991 984 1061 homines
1011 1004 1291 1058 innotescit
1316 1018 1332 1056 :
1354 1000 1494 1072 quod
1519 1013 1624 1054 non
1652 997 1751 1065 illi,

157 1104 241 1160 sed
273 1103 432 1158 nobis
464 1099 600 1154 utile
626 1109 733 1153 est.

155 1219 1758 1250 ____________.._____________.—_.

600 1306 685 1366 IN
729 1300 1109 1365 PSALMUM
1147 1298 1301 1360 XIII

781 1418 1193 1475 ENARRATIO.

523 1537 594 1593 In
619 1537 796 1608 ﬁnem,
827 1533 1066 1588 Psalmus
1091 1532 1187 1602 ipsi
1216 1529 1402 1584 David.

225 1657 282 1713 ι.
315 1653 486 1728 Iners.
525 1649 617 1723 1.]
669 1648 807 1717 Quid
845 1648 914 1703 sit
954 1647 1008 1700 in
1054 1646 1227 1715 ﬁnem,
1284 1657 1389 1697 non
1433 1650 1514 1698 est
1567 1641 1762 1710 saepius

164 1746 538 1820 repetendum.
573 1741 721 1796 Finis
747 1741 881 1794 enim
911 1736 1056 1808 Legis
1093 1735 1358 1800 Christus,
1404 1731 1472 1786 ad
1506 1731 1763 1802 justitiam

165 1842 301 1896 omni
333 1837 559 1893 credenti
602 1834 778 1905 (Rom.
804 1847 860 1896 χ,
887 1829 967 1898 4),
998 1829 1138 1884 sicut
1164 1825 1454 1895 Apostolus
1494 1823 1642 1877 dicit.
1682 1821 1761 1875 Illi

166 1935 464 1993 credimus,
508 1925 726 1997 quando
772 1923 1052 1991 incipimus
1095 1919 1234 1974 viam
1277 1917 1474 1971 bonam
1520 1913 1761 1983 ingredi;

163 2028 359 2095 ipsum
397 2020 710 2081 videbimus,
752 2030 875 2069 cum
921 2010 1366 2083 pervenerimus:
1397 2015 1453 2061 et
1490 2004 1610 2060 ideo
1653 2004 1767 2073 ipse

167 2117 316 2170 ﬁnis.

235 2207 295 2259 2.
329 2203 473 2256 Dixit
496 2198 792 2268 imprudens
821 2194 874 2249 in
899 2193 1048 2248 corde
1072 2207 1164 2246 suo
1186 2208 1204 2245 :
1233 2189 1354 2244 Non
1377 2197 1448 2244 est
1472 2187 1626 2242 Deus.
1655 2185 1767 2241 Nec

172 2298 270 2367 ipsi
315 2295 462 2350 enim
493 2289 736 2358 sacrilegi
765 2297 819 2341 et
859 2283 1154 2339 detestandi
1184 2279 1397 2352 quidam
1440 2275 1764 2350 philosophi,

173 2388 264 2458 qui
317 2397 572 2455 perversa
613 2389 667 2435 et
714 2377 841 2431 falsa
902 2374 971 2430 de
1015 2375 1124 2428 Deo
1165 2372 1432 2434 sentiunt,
1491 2368 1605 2422 ausi
1646 2373 1771 2421 sunt

175 2481 357 2534 dicere
375 2519 390 2542 ,
418 2475 535 2529 Non
564 2481 650 2528 est
669 2471 812 2526 Deus
842 2486 856 2522 :
886 2468 1008 2523 ideo
1031 2480 1159 2541 ergo
1179 2506 1194 2530 ,
1219 2463 1363 2518 Dixit
1389 2463 1440 2516 in
1463 2461 1612 2517 corde
1641 2475 1769 2524 suo;

177 2574 295 2640 quia
340 2569 443 2622 huc
490 2579 650 2619 nemo
690 2561 854 2616 audet
888 2559 1088 2616 dicere.
1132 2557 1293 2611 etiam
1333 2554 1376 2607 si
1419 2566 1581 2607 ausus
1613 2549 1772 2604 fuerit

176 2660 430 2731 cogitare.
476 2653 717 2722 Corrupti
761 2658 878 2704 sunt
917 2658 962 2702 et
1005 2646 1364 2701 abominabiles
1405 2644 1525 2715 facti
1567 2652 1682 2697 sunt
1717 2642 1772 2695 in

181 2748 529 2817 «lectionibus
571 2745 676 2798 suis
698 2758 717 2796 :
746 2742 800 2796 id
830 2750 932 2803 est,
972 2731 1099 2794 dum
1137 2745 1319 2791 amant
1357 2736 1459 2790 hoc
1496 2735 1768 2798 saeculum,

181 2853 234 2896 et
257 2855 367 2894 non
393 2845 576 2891 amant
608 2835 774 2887 Deum
803 2849 817 2885 :
850 2831 980 2900 ipsae
1003 2836 1127 2884 sunt
1161 2826 1476 2881 alfectiones
1504 2840 1621 2893 qua:
1647 2837 1773 2876 cor-

185 2937 436 2998 rumpunt
477 2925 738 2984 animam,
781 2930 838 2975 et
877 2919 962 2983 sic
991 2924 1285 2979 excmcant,
1328 2921 1385 2967 ut
1423 2912 1588 2982 possit
1613 2911 1772 2964 etiam

184 3024 362 3076 dicere
383 3016 698 3087 imprudens
724 3014 778 3067 in
802 3010 962 3066 corde
999 3023 1098 3063 suo
1125 3024 1138 3060 :
1168 3005 1294 3060 Non
1317 3014 1388 3060 est
1415 3003 1591 3068 Deus;
1637 3001 1776 3056 sicut

189 3112 330 3164 enim
361 3123 468 3160 non
498 3104 860 3174 probaverunt
881 3100 1048 3155 Deum
1073 3096 1270 3151 habere
1291 3095 1342 3149 in
1363 3092 1606 3158 notitia',
1629 3091 1778 3146 dedit

187 3202 303 3256 illos
349 3201 492 3252 Deus
540 3197 595 3249 in
644 3192 931 3261 reprobum
960 3202 1176 3244 sensum
1218 3183 1346 3254 (Id.
1383 3199 1443 3249 ι,
1482 3183 1606 3251 28).
1655 3180 1776 3235 Non

190 3302 255 3344 est
281 3291 372 3359 qui
399 3290 555 3358 [acim
581 3284 876 3344 bonitatem,
907 3295 1007 3333 non
1031 3286 1104 3332 est
1131 3292 1288 3345 usque
1311 3275 1378 3328 ad
1405 3289 1580 3327 unum.
1611 3271 1780 3340 Usque

187 3383 252 3433 ad
277 3395 442 3433 unum
464 3393 485 3430 :
511 3376 598 3429 vel
627 3388 752 3428 cum
778 3373 898 3441 ipso
922 3383 1028 3424 uno
1052 3375 1230 3438 potest
1251 3364 1498 3435 intelligi,
1525 3371 1584 3417 ut
1606 3363 1778 3417 nullus

191 3471 468 3525 hominum
498 3465 860 3532 intelligatur:
892 3460 974 3514 vel
1017 3465 1214 3528 printer
1239 3469 1438 3521 unum,
1469 3465 1525 3508 ut
1553 3452 1782 3520 accipia-

193 3571 273 3614 tur
295 3559 559 3614 Dominus
581 3554 830 3610 Christus
853 3567 868 3617 ;
903 3549 1042 3605 sicut
1059 3548 1306 3612 dicimus,
1339 3545 1442 3600 Iste
1468 3559 1595 3612 ager
1613 3557 1782 3612 usque

189 3653 253 3706 ad
281 3665 433 3706 mare
458 3656 587 3711 est;
617 3660 724 3700 non
751 3643 938 3712 utique
967 3639 1125 3695 simul
1149 3645 1519 3706 computamus
1540 3643 1594 3688 et
1614 3647 1779 3687 mare.

194 3745 263 3798 Et
301 3745 404 3796 iste
441 3749 529 3794 est
575 3738 770 3792 melior
810 3733 1110 3788 intellectus
1156 3738 1215 3783 ut
1257 3742 1415 3782 nemo
1463 3725 1786 3794 intelligatur

193 3835 383 3888 tecisse
407 3829 704 3883 bonitatem
733 3839 900 3894 usque
919 3822 986 3877 ad
1004 3820 1274 3876 Christum
1296 3835 1311 3884 ;
1339 3817 1460 3886 quia
1483 3832 1587 3870 non
1612 3823 1786 3883 potest

193 3927 479 3994 quisquam
507 3919 782 3973 hominum
806 3915 980 3968 facere
1008 3912 1320 3974 bonitatem,
1351 3907 1453 3962 nisi
1491 3907 1605 3976 ipse
1631 3919 1787 3959 mon-

190 4013 485 4069 straverit:
515 4019 572 4064 et
613 4006 742 4062 illud
781 4017 964 4058 verum
1003 4009 1122 4066 est;
1170 4000 1292 4069 quia
1329 4010 1606 4066 usquequo
1643 3996 1789 4064 quis-

191 4124 297 4177 que
334 4110 633 4174 cognoscat
671 4113 833 4153 unum
876 4097 1078 4160 Deum,
1123 4108 1228 4146 non
1263 4098 1439 4160 potest
1478 4087 1652 4143 facere
1686 4086 1786 4142 bo-

188 4200 444 4253 mmwm.

263 4291 318 4344 '5.
362 4286 518 4358 [verm
545 4279 630 4353 2.]
668 4277 918 4333 Dominus
946 4275 1008 4329 de
1041 4273 1163 4327 caelo
1195 4269 1450 4341 prospexit
1478 4283 1630 4336 super
1655 4267 1789 4335 ﬁlios

193 4381 497 4439 hostiumst,
555 4383 608 4426 ut
665 4369 830 4424 videat
878 4367 923 4422 si
966 4373 1036 4420 est
1079 4363 1360 4433 intelligens
1405 4368 1492 4412 aut
1538 4358 1792 4426 requirens

197 4470 384 4525 Deum.
432 4466 614 4532 Super
641 4459 854 4515 ludieos
884 4463 1058 4526 potest
1087 4451 1344 4520 intelligi,
1385 4459 1443 4504 ut
1485 4447 1793 4502 honoratius

191 4577 290 4616 eos
329 4552 694 4628 appellaverit
728 4549 868 4604 illius
896 4545 1205 4608 hominum,
1252 4548 1470 4610 propter
1504 4537 1660 4628 unius
1698 4536 1791 4592 Dei

191 4627 431 4712 Cultam,
454 4648 510 4700 in
535 4640 934 4712 comparatione
952 4635 1238 4692 Gentilium
1262 4633 1329 4688 de
1350 4629 1542 4701 quibus
1565 4627 1796 4682 arbitror

191 4741 452 4812 aperias
484 4735 688 4790 dictum
719 4749 735 4784 :
767 4729 910 4784 Dixit
937 4725 1230 4797 imprudens
1257 4724 1312 4777 in
1343 4721 1495 4812 corde
1515 4735 1641 4784 suo,
1675 4716 1797 4772 Non

191 4842 272 4884 est
296 4829 445 4883 Deus
463 4867 479 4891 ,
505 4834 566 4880 et
590 4832 806 4878 caetera.
838 4818 1098 4888 Prospicit
1127 4822 1305 4870 autem
1331 4811 1608 4875 Dominus,
1635 4819 1695 4864 ut
1717 4811 1795 4863 vi-

193 4925 320 4976 dat
345 4935 452 4989 per
472 4917 686 4973 animas
711 4921 922 4969 sanctas
945 4925 1070 4966 suas
1094 4926 1107 4962 :
1129 4907 1271 4979 quod
1292 4905 1553 4978 signiﬁcat
1575 4904 1628 4960 id
1654 4904 1796 4974 quod

195 5016 400 5068 dictum
451 5019 537 5066 est
561 5048 580 5072 ,
624 5007 688 5060 de
729 5005 891 5070 cato;
930 5015 1052 5058 nam
1097 5016 1192 5072 per
1230 4999 1466 5070 seipsum
1509 4996 1639 5052 nihil
1672 5012 1795 5052 eum

193 5108 350 5160 latet.

271 5198 326 5250 4.
367 5193 546 5266 [να-ε.
595 5187 681 5261 3.]
724 5187 910 5242 Omnes
955 5184 1359 5245 declinaverunt,
1401 5180 1550 5234 simul
1597 5179 1797 5233 inutiles

194 5291 322 5357 facti
350 5294 478 5342 sunt
507 5297 528 5338 :
557 5281 610 5337 id
646 5289 764 5346 est,
801 5277 971 5334 Judaei
1001 5278 1134 5332 tales
1170 5274 1293 5330 facti
1331 5281 1486 5339 sunt,
1535 5272 1718 5342 quales
1745 5280 1800 5325 et

191 5380 399 5432 Gentes
417 5416 437 5442 ,
476 5374 548 5429 de
572 5371 762 5442 quibus
797 5383 958 5438 supra
983 5367 1184 5422 dictum
1214 5373 1315 5420 est.
1359 5361 1480 5416 Non
1506 5371 1580 5415 est
1606 5361 1691 5429 qui
1719 5361 1800 5427 fa-

193 5471 304 5521 ciat
328 5470 523 5522 bonum
544 5505 561 5530 ,
593 5479 694 5517 non
723 5471 797 5516 est
827 5473 984 5530 usque
1011 5457 1078 5510 ad
1112 5471 1268 5509 unum
1300 5469 1318 5508 :
1344 5451 1591 5508 similiter
1620 5460 1676 5504 ut
1704 5465 1796 5504 su-

191 5574 300 5628 pra
339 5553 754 5626 intelligendum
782 5562 903 5608 εει.
957 5547 1258 5616 Sepulcrum
1301 5551 1475 5612 patens
1517 5551 1588 5594 est
1628 5550 1799 5610 guttur

192 5667 394 5705 eorum.
449 5651 560 5703 Aut
590 5643 858 5700 voracitas
887 5638 1210 5709 significatur
1238 5633 1490 5688 inhiantis
1513 5632 1683 5701 gulm;
1710 5639 1799 5684 aut

269 5767 288 5798 ¹
315 5773 444 5823 υπς’
599 5770 654 5812 ’λι
672 5763 825 5828 Exte"
842 5750 1342 5828 Ws§;t.9“9‘§:-.n_.n_
1376 5805 1550 5828 I...|.....s
1598 5803 1646 5828 ε..
1682 5801 1776 5828 ...εις

270 5829 292 5859 ²
315 5805 792 5891 ἧέέὶῖιῗιῖὶιέξλιὶο
827 5821 883 5864 ct
917 5805 1029 5862 alibi
1065 5815 1342 5860 constanter
1376 5805 1574 5863 habent.
1598 5805 1646 5852 in
1681 5805 1798 5852 uoti-

189 5897 338 5940 εισι.

3328 447 3430 502 ΗΞ

1860 547 1910 601 in
1942 547 2328 616 :tllegoria,.qui
2357 548 2605 604 occidunt
2629 560 2684 604 et
2710 551 2858 620 quasi
2889 552 3145 608 devorant
3194 555 3412 611 interle-
3505 566 3511 570 “

1856 647 1973 691 ctos
1995 653 2108 701 eos,
2133 639 2550 707 quihussum-utu
2568 657 2774 697 morum
2800 645 3199 712 perversitatem
3217 662 3436 716 persua-

1822 737 1836 742 '
1859 728 2006 782 dent.
2054 729 2149 783 Cui
2178 731 2352 785 simile
2378 742 2459 786 est
2487 733 2809 790 econtrario
2854 735 2994 804 quod
3033 737 3192 792 Petro
3233 739 3434 794 dictum

1859 829 1958 882 est,
1994 818 2163 872 Macta
2191 831 2236 874 et
2267 825 2513 875 manduca
2541 823 2672 894 (Act.
2701 841 2754 888 κ,
2786 826 2904 893 15);
2937 836 2994 880 ut
3022 827 3074 881 in
3101 843 3248 883 suam
3279 829 3435 885 ﬁdem

1860 917 1914 962 et
1940 909 2106 963 bonos
2133 925 2311 966 mores
2352 912 2554 968 Gentes
2580 924 2940 970 converteret.
2969 915 3178 988 Linguis
3205 921 3310 974 suis
3339 923 3435 974 do-

1863 998 1967 1052 lose
1985 1001 2195 1067 agebant
2217 1017 2235 1055 :
2259 1016 2437 1056 comes
2457 1013 2538 1057 est
2569 1006 2842 1060 voracibus
2865 1006 3097 1064 adulatio
3118 1017 3173 1063 et
3191 1012 3439 1068 omnibus

1863 1090 2037 1144 malis.
2074 1089 2326 1146 Venenum
2354 1095 2589 1162 aspidum
2615 1095 2705 1148 sub
2728 1097 2874 1150 labiis
2900 1113 3071 1152 eorum
3093 1115 3114 1153 :
3151 1099 3408 1155 Venenum

1865 1182 2044 1236 dolum
2072 1182 2230 1247 dicit;
2255 1186 2486 1254 aspidum
2508 1198 2706 1253 autent,
2735 1192 2858 1259 quia
2882 1191 3070 1246 nolunt
3093 1194 3276 1248 audire
3297 1210 3438 1262 prae-

1865 1283 2016 1343 cepta
2047 1275 2176 1344 legis
2195 1317 2209 1339 ,
2241 1278 2376 1331 sicut
2403 1280 2616 1347 aspides
2642 1281 2828 1335 nolunt
2853 1283 3037 1338 audire
3062 1285 3225 1340 verba
3251 1286 3439 1341 incan-

1867 1368 2028 1421 tantis
2052 1367 2222 1438 (Psal.
2253 1387 2353 1425 Lvn
2373 1413 2388 1438 ,
2420 1371 2497 1444 5),
2526 1375 2666 1442 quod
2699 1377 2750 1429 in
2777 1376 2882 1431 alio
2911 1379 3117 1447 psalmo
3139 1359 3442 1437 evidentius

1866 1455 2078 1512 dicitur.
2111 1460 2337 1526 Quorum
2363 1479 2418 1516 os
2443 1463 2791 1519 maledictione
2815 1476 2860 1520 et
2881 1470 3215 1524 amaritudine
3240 1473 3444 1542 plenum

1867 1557 1938 1602 est
1973 1565 1991 1602 :
2019 1548 2118 1604 hoc
2145 1561 2264 1617 est,
2293 1569 2532 1607 venenum
2569 1556 2819 1624 aspidum.
2872 1557 3074 1614 Veloces
3097 1561 3246 1630 pedes
3272 1579 3445 1617 eorum

1867 1639 1936 1692 ad
1973 1640 2330 1707 eﬂ'undendum
2373 1646 2670 1716 sanguinem
2694 1665 2713 1702 :
2737 1643 3126 1707 consuetudine
3163 1656 3178 1686 ⁸
3219 1654 3445 1712 malefa-

1867 1733 2063 1788 cieudi.
2107 1733 2352 1791 Contritio
2395 1745 2439 1792 et
2467 1738 2737 1810 infelicitas
2775 1741 2829 1794 in
2866 1742 2957 1796 viis
2986 1759 3158 1797 eorum
3193 1760 3212 1798 :
3257 1761 3444 1802 omnes

1869 1827 2010 1880 enim
2035 1828 2290 1882 malorum
2324 1829 2596 1885 hominum
2623 1832 2721 1886 viae
2753 1833 2922 1902 plena:
2949 1843 3073 1889 sunt
3103 1835 3372 1892 laboribus
3391 1847 3447 1893 et

1871 1918 2113 1984 miseria;
2136 1919 2255 1973 ideo
2275 1920 2524 1975 Dominus
2543 1922 2737 1976 clamat
2755 1941 2768 1977 ε
2785 1921 2955 1976 Venite
2973 1924 3040 1977 ad
3058 1939 3157 1991 me,
3179 1941 3349 1981 omnes
3364 1929 3448 1995 qui

1871 2012 2108 2064 laboratis
2132 2021 2181 2065 et
2201 2013 2392 2065 onerati
2418 2013 2555 2078 estis,
2583 2024 2631 2068 et
2657 2031 2746 2085 ego
2770 2015 2993 2084 reﬁciam
3015 2030 3120 2070 vos.
3153 2015 3335 2071 Tollite
3352 2019 3448 2088 ju-

1871 2116 1989 2171 gum
2015 2117 2202 2165 meum,
2230 2110 2278 2154 et
2305 2103 2481 2156 discite
2506 2119 2538 2156 a
2564 2119 2642 2156 me
2660 2143 2675 2168 ,
2703 2104 2941 2173 quoniam
2964 2105 3098 2160 utilis
3122 2123 3233 2160 sum
3267 2119 3314 2161 et
3355 2113 3450 2160 Itu-

1871 2190 2006 2243 milis
2034 2191 2200 2244 corde.
2226 2190 2416 2262 Iugum
2442 2193 2573 2246 enim
2601 2209 2767 2247 meum
2794 2193 2902 2248 lene
2923 2203 3016 2262 est,
3038 2204 3085 2250 et
3111 2198 3311 2251 sarcina
3339 2215 3450 2252 mea

1874 2280 1992 2336 levis
2022 2291 2095 2334 est
2124 2280 2336 2352 (Matth.
2367 2300 2447 2349 at,
2473 2283 2697 2355 28-50).
2726 2284 2794 2338 Et
2819 2285 2951 2339 viam
2977 2287 3116 2356 pacis
3140 2305 3241 2342 non
3265 2305 3452 2358 cogno-

1872 2381 2047 2425 verunt
2069 2389 2087 2426 :
2119 2373 2253 2427 hanc
2280 2373 2461 2444 utique
2485 2389 2645 2444 quam
2678 2374 2953 2444 Dominus,
2981 2384 3040 2431 ut
3063 2377 3191 2443 dixi,
3221 2393 3454 2434 comme-

1875 2470 2067 2528 morat,
2094 2464 2144 2517 in
2167 2464 2294 2534 jugo
2322 2464 2427 2520 leni
2454 2474 2508 2519 et
2545 2465 2753 2520 sarcina
2782 2465 2906 2521 levi.
2936 2465 3059 2520 Non
3084 2477 3154 2522 est
3182 2470 3329 2522 timor
3359 2468 3455 2524 Dei

1876 2561 1991 2607 ante
2010 2556 2180 2608 oculos
2203 2571 2377 2608 eorum
2401 2571 2419 2609 :
2441 2555 2524 2608 isti
2558 2570 2662 2610 non
2685 2555 2888 2622 dicunt,
2911 2555 3027 2612 Non
3049 2566 3133 2613 est
3160 2556 3329 2626 Deus;
3361 2559 3454 2615 sed

1875 2651 2051 2698 tamen
2083 2658 2188 2698 non
2219 2644 2408 2699 timent
2431 2644 2618 2700 Deum.

1947 2733 1999 2788 5.
2043 2732 2192 2804 [vers.
2220 2733 2299 2806 4.]
2341 2733 2525 2790 Nonne
2547 2745 2845 2806 cognoscent
2871 2754 3042 2792 omnes
3067 2739 3153 2809 qui
3180 2749 3456 2809 aperantur

1875 2823 2228 2894 iniquitatem?
2249 2825 2504 2893 judicium
2533 2828 2782 2881 minatur.
2823 2828 2922 2893 Qui
2953 2829 3189 2883 devorant
3213 2832 3456 2899 papulttm

1877 2929 2041 2966 meum
2061 2915 2188 2968 sicut
2208 2915 2372 2968 cibum
2391 2916 2412 2947 '
2440 2916 2586 2984 panis
2608 2931 2627 2969 :
2657 2916 2708 2970 id
2737 2925 2818 2971 est
2837 2918 3106 2986 quotidie;
3135 2920 3287 2974 cibus
3313 2921 3455 2974 enim

1879 3003 2030 3073 panis
2054 3005 2392 3073 quotidianus
2439 3014 2541 3060 est.
2571 3005 2835 3060 Devoraut
2859 3017 3036 3061 autem
3066 3009 3338 3078 populum,
3367 3011 3455 3079 qui

1879 3109 1972 3148 sua
1995 3096 2272 3150 commoda
2294 3111 2361 3151 ex
2383 3097 2474 3152 illo
2494 3097 2729 3166 capiunt,
2756 3112 2861 3151 non
2893 3095 3186 3153 referentes
3212 3100 3459 3154 ministe-

1880 3187 2017 3242 rium
2043 3201 2194 3241 suum
2222 3187 2286 3242 ad
2316 3187 2536 3256 gloriam
2564 3188 2691 3254 Dei,
2724 3196 2779 3243 et
2805 3188 2870 3242 ad
2897 3203 3083 3244 eorum
3111 3191 3303 3260 quibus
3329 3207 3460 3261 prte-

1881 3287 2006 3332 sunt
2027 3277 2272 3332 salutem.

1953 3369 2005 3424 6.
2049 3367 2197 3441 [vers.
2226 3367 2304 3441 5.]
2346 3368 2616 3423 Dominum
2645 3385 2745 3422 non
2768 3369 3122 3424 invocaverunt
3145 3386 3164 3424 :
3185 3385 3288 3424 non
3317 3372 3460 3426 enim

1883 3472 2008 3514 vere
2051 3459 2192 3514 hunc
2231 3459 2475 3526 invocat,
2510 3460 2599 3530 qui
2653 3473 2715 3514 ea
2765 3459 3034 3515 desiderat
3069 3476 3189 3530 qua:
3241 3462 3316 3516 illi
3356 3463 3464 3516 dis-

1885 3551 2102 3620 plicent.
2140 3549 2253 3603 Illic
2277 3551 2647 3620 trepidaverunt
2669 3550 2864 3616 timore,
2892 3550 2978 3604 ubi
2999 3567 3098 3604 non
3125 3561 3230 3604 erat
3256 3553 3407 3606 timor
3442 3569 3462 3606 :

1887 3639 1939 3692 id
1968 3648 2070 3705 est,
2092 3638 2147 3692 in
2168 3639 2365 3693 damno
2381 3655 2557 3694 rerum
2578 3640 2966 3710 temporalium.
2983 3641 3242 3695 Dixerunt
3269 3641 3410 3696 enim
3444 3661 3458 3695 :

1889 3729 1948 3782 Si
1973 3727 2313 3798 relinquamus
2341 3745 2452 3781 eum
2475 3729 2577 3796 sic,
2619 3728 2819 3782 credent
2853 3729 2906 3782 in
2933 3745 3046 3783 eum
3069 3745 3238 3783 omnes
3258 3772 3272 3796 ,
3303 3739 3350 3783 et
3378 3725 3476 3785 ve?

1889 3822 2028 3876 nieut
2054 3821 2288 3886 Romani,
2318 3830 2365 3875 et
2395 3821 2570 3876 tollent
2591 3823 2731 3877 nobis
2753 3831 2798 3876 et
2825 3824 2990 3876 locant
3009 3831 3054 3876 et
3073 3833 3265 3894 gentem
3284 3821 3480 3895 (luan.

1889 3929 1943 3968 XI
1965 3955 1977 3976 ,
2006 3915 2136 3984 48).
2168 3914 2481 3969 Timueruut
2504 3931 2726 3985 regnum
2766 3925 3030 3970 terrenum
3069 3917 3310 3971 amittere
3330 3961 3343 3983 ,
3379 3915 3464 3971 ubi

1893 4019 1998 4057 non
2023 4011 2137 4058 erat
2160 4003 2352 4069 timor;
2384 4012 2438 4058 et
2460 4004 2747 4059 amiserunt
2772 4019 2995 4074 regnum
3023 4005 3298 4072 caelorum,
3325 4005 3466 4075 quod

1893 4093 2080 4147 timere
2108 4091 2401 4148 debuerant
2442 4111 2456 4147 :
2501 4101 2557 4148 et
2583 4092 2687 4148 hoc
2711 4093 2778 4149 de
2816 4093 3062 4149 omnibus
3090 4097 3468 4165 temporalibus

1892 4184 2186 4239 commodis
2207 4184 2605 4256 intelligendum
2627 4193 2728 4252 est,
2748 4199 2972 4255 quorum
2993 4185 3329 4240 amissionem
3351 4202 3467 4240 cum

1894 4273 2084 4330 timent
2111 4275 2371 4340 homines,
2398 4273 2464 4329 ad
2493 4283 2692 4330 aeterna
2717 4290 2822 4328 non
2844 4277 3078 4328 veniunt.

1967 4365 2017 4417 7.
2061 4362 2208 4436 [vers.
2235 4363 2314 4436 6.]
2357 4365 2606 4431 Quoniam
2630 4363 2766 4418 Deus
2786 4364 2838 4416 in
2859 4365 3176 4434 generatione
3190 4365 3332 4434 justa
3350 4374 3424 4418 est
3450 4381 3471 4420 :

1897 4455 1948 4511 id
1978 4463 2078 4521 est,
2102 4471 2208 4509 non
2231 4465 2314 4510 est
2342 4456 2392 4508 in
2421 4455 2500 4508 eis
2524 4454 2612 4523 qui
2642 4453 2865 4523 diligunt
2895 4452 3167 4507 sreculum.
3213 4453 3466 4522 lnjustum

1897 4557 1980 4603 est
1997 4547 2139 4602 enim
2161 4546 2461 4616 relinquere
2480 4544 2796 4600 saeculorum
2818 4543 3168 4608 conditorem,
3188 4553 3241 4599 et
3255 4544 3475 4614 diligere

1899 4637 2149 4692 saeculum
2170 4676 2188 4702 ,
2224 4644 2279 4691 et
2305 4635 2504 4692 servire
2530 4643 2790 4691 creaturae
2830 4635 3006 4707 potius
3043 4651 3200 4705 quam
3236 4636 3475 4692 Creatori

1902 4727 2075 4797 (Rom.
2105 4741 2158 4791 ι,
2197 4725 2315 4797 25).
2360 4715 2636 4780 Consilium
2671 4725 2838 4795 inopis
2865 4725 3194 4796 confudistis,
3238 4729 3477 4795 quoniam

1900 4819 2150 4874 Dominus
2175 4834 2290 4888 spes
2314 4819 2423 4887 ejus
2449 4827 2520 4871 est
2547 4831 2568 4872 :
2595 4818 2646 4872 id
2671 4827 2773 4883 est,
2799 4819 3193 4887 contempsistis
3222 4818 3474 4874 humilem

1901 4909 2185 4965 adventum
2212 4908 2331 4963 Filii
2362 4906 2458 4962 Dei
2482 4949 2498 4974 ,
2535 4907 2654 4978 quia
2682 4906 2735 4961 in
2761 4920 2828 4962 eo
2865 4921 2970 4961 non
2996 4907 3202 4962 vidistis
3226 4923 3477 4980 pompam

1902 5000 2083 5057 surculi
2112 5017 2125 5052 :
2158 5009 2214 5054 ut
2243 4999 2295 5054 hi
2321 5013 2456 5069 quos
2485 4999 2737 5061 vocabat,
2768 4997 2820 5051 in
2852 4997 2962 5053 Deo
2991 4997 3106 5053 solo
3130 5014 3280 5069 spem
3305 5016 3478 5070 pone-

1903 5100 2042 5158 rent,
2069 5104 2176 5146 non
2202 5090 2254 5144 in
2276 5090 2436 5145 rebus
2463 5087 2873 5143 transeuntibus.

1973 5184 2027 5238 8.
2069 5182 2232 5254 [verm
2273 5179 2352 5252 7.]
2394 5179 2521 5248 Quis
2560 5178 2699 5232 dabit
2742 5195 2806 5234 ea:
2847 5178 2975 5234 Sion
3015 5181 3237 5236 salutare
3275 5181 3482 5240 Israel?

1903 5274 2233 5338 subauditur,
2256 5272 2356 5326 nisi
2380 5273 2492 5342 ipse
2510 5271 2661 5341 cujus
2683 5271 3032 5328 humilitatem
3053 5278 3480 5348 contempsistis?

1907 5365 2023 5433 Ipse
2049 5364 2192 5418 enim
2219 5365 2270 5415 in
2297 5362 2538 5417 claritate
2568 5370 2822 5417 venturus
2847 5371 2930 5418 est
2957 5362 3023 5418 ad
3046 5363 3298 5433 judicium
3332 5368 3476 5419 vivo.-

1905 5470 2021 5508 rum
2063 5463 2119 5508 et
2160 5460 2522 5517 mortuorum,
2565 5467 2893 5523 regnumque
2930 5453 3226 5525 juslorum;
3258 5465 3311 5508 ut
3342 5471 3476 5522 quo-

1906 5545 2046 5600 niam
2085 5544 2187 5598 isto
2213 5543 2397 5598 humili
2427 5542 2655 5599 adventu
2690 5542 2824 5598 facta
2862 5554 2944 5602 est
2971 5547 3180 5600 eiecitas
3216 5561 3279 5599 ex
3324 5555 3473 5612 parte

1972 5738 1987 5768 ι
2019 5737 2090 5786 sic
2109 5736 2243 5797 juxta
2267 5744 2361 5783 sm.
2390 5743 2442 5783 et
2461 5741 2568 5797 Mss.
2595 5734 2704 5796 [Hic
2732 5734 2934 5786 ostendit
2956 5733 3381 5797 consuetudinem]

1970 5800 1990 5860 ξ
2017 5793 2159 5860 vatio.
2183 5797 2354 5856 codex,
2381 5805 2433 5846 et
2452 5793 2613 5846 Gallic:
2634 5806 2826 5860 septem
2847 5805 2970 5860 Mss,
2998 5793 3223 5858 populum
3243 5793 3400 5846 metuit
3422 5795 3474 5848 in

1908 5858 2013 5910 cibo
2029 5857 2184 5920 panis.
2207 5864 2351 5908 Favet
2369 5865 2516 5908 Graec.
2541 5864 2668 5907 LXX.
