4042 6458
614 430 726 483 445

581 601 592 618 ,
620 544 814 610 Israel,
852 551 908 596 ut
937 537 1208 612 plenitudo
1233 534 1482 590 Gentium
1510 531 1731 585 intraret
1761 525 1952 596 (Rom.
1986 521 2196 618 tt,_25],

618 641 669 693 in
702 636 793 692 illo
821 636 926 689 alio
957 634 1044 687 ﬁat
1069 629 1208 701 quod
1238 626 1496 697 sequitur,
1526 633 1580 678 et
1608 623 1684 676 sic
1712 619 1886 675 omnis
1911 613 2070 670 Israel
2099 613 2204 666 sal-

618 744 717 783 vus
755 727 905 781 ﬁeret
946 741 960 778 :
1005 737 1102 792 pro
1140 718 1339 775 Iudaeis
1377 717 1518 770 enim
1568 710 1854 781 Apostolus
1884 708 2042 762 etiam
2075 702 2202 758 illud

616 821 767 875 Isaizc
811 815 1174 872 testimonium
1217 809 1446 877 accipit,
1481 804 1622 875 quod
1653 802 1848 857 dictum
1875 805 1989 860 est.
2031 795 2205 849 Veniet

617 928 681 964 ea:
703 912 830 964 Sion
857 908 941 977 qui
963 912 1152 958 avertat
1177 901 1479 971 impietatem
1502 897 1564 949 ab
1590 893 1748 947 Jacob
1775 889 1926 962 (Isai.
1950 902 2062 950 ιιι,
2083 885 2202 977 20);

625 1001 763 1055 sicut
793 976 877 1052 hic
905 997 1132 1066 positum
1157 1001 1260 1055 est,
1295 990 1422 1057 Quis
1449 987 1584 1040 dabit
1615 1001 1678 1038 ex
1708 983 1836 1038 Sion
1864 982 2087 1035 salutare
2117 976 2204 1030 Is-

620 1092 728 1143 rael
746 1089 769 1143 ἒ)
797 1088 923 1143 Cum
960 1083 1190 1139 averterit
1219 1082 1464 1136 Dominus
1488 1075 1828 1145 captivitatem
1867 1071 2023 1139 plebis
2063 1083 2202 1133 suas,

619 1179 888 1234 exsultabit
907 1175 1090 1239 Jacob,
1111 1183 1160 1228 et
1183 1171 1433 1226 ltetabitur
1455 1167 1618 1222 Israel
1643 1182 1660 1220 :
1682 1163 1926 1233 repetitio
1947 1169 2045 1222 est,
2070 1160 2210 1215 sicut

619 1271 793 1334 solet;
826 1283 947 1322 nam
978 1265 1116 1319 idem
1144 1272 1274 1333 puto
1300 1276 1422 1316 esse
1447 1257 1702 1313 ltetabitur
1730 1253 1894 1308 Israel
1912 1293 1926 1318 ,
1955 1249 2098 1322 quod
2126 1257 2209 1304 est

615 1361 890 1423 exsultabit
902 1356 1076 1412 Jacob
1084 1393 1098 1408 .

617 1495 2211 1531 ________________________

1045 1605 1141 1666 1N
1169 1599 1563 1668 PSALMUM
1604 1597 1756 1660 Χιν

1153 1719 1562 1779 ENARRATIO:
1585 1717 1682 1791 (a).

1108 1838 1347 1892 Psalmus
1397 1836 1499 1907 ipsi
1550 1833 1733 1888 David.

685 1960 747 2013 ’1.
790 1956 938 2030 [vers.
977 1951 1052 2026 1.]
1092 1953 1169 2006 De
1199 1951 1301 2005 hoc
1339 1950 1492 2004 titulo
1523 1947 1668 2001 nulla
1706 1943 2061 2015 qumstioest.
2100 1940 2210 1993 Do-

622 2051 790 2114 mine,
814 2048 925 2115 quis
961 2040 1358 2115 peregrinabitur
1399 2040 1454 2092 in
1495 2034 1819 2090 tabernaculo
1867 2032 1999 2087 tuo?
2026 2030 2210 2097 Quan-

623 2153 782 2209 quam
811 2132 1094 2204 aliquando
1125 2140 1353 2200 ponatur
1379 2125 1776 2182 tabernaculum
1803 2123 1960 2176 etiam
1993 2134 2090 2209 pro
2119 2119 2213 2172 ha-

625 2207 882 2283 bitatione
916 2222 1276 2292 sempiterna,
1323 2227 1498 2272 tamen
1538 2230 1656 2270 cum
1702 2212 1918 2282 proprie
1957 2207 2213 2278 accipitur

626 2314 1025 2373 tabernaculum
1047 2352 1062 2377 ,
1094 2311 1231 2365 ‘hclli
1272 2322 1362 2364 res
1389 2316 1472 2360 est
1509 2324 1523 2360 :
1553 2305 1696 2359 unde
1724 2311 1778 2364 et
1804 2299 2211 2358 contubernales

626 2407 824 2463 milites
863 2405 1132 2468 dicuntur,
1177 2410 1424 2468 tanquam
1468 2396 1627 2451 simul
1666 2394 1920 2449 habentes
1961 2392 2210 2446 taberna-

625 2497 768 2553 cula.
813 2496 912 2550 llic
955 2507 1144 2548 sensus
1187 2489 1464 2559 adjuvatur
1491 2502 1558 2542 ex
1590 2500 1660 2540 eo
1687 2484 1826 2554 quod
1854 2483 2053 2537 dictum
2093 2487 2239 2548 est”

625 2587 738 2655 quis
763 2581 1166 2656 peregrinabitur
1195 2596 1213 2634 .'
1240 2579 1304 2633 ad
1333 2588 1542 2646 tempus
1570 2576 1711 2629 enim
1739 2590 1858 2628 cum
1890 2572 2097 2627 diabolo
2126 2569 2211 2623 di-

624 2678 905 2742 micamus,
935 2682 991 2729 et
1015 2680 1145 2727 tunc
1172 2686 1305 2739 Opus
1333 2677 1416 2723 est
1440 2667 1803 2730 tabernaculo,
1831 2679 1937 2735 quo
1967 2678 2063 2716 nos
2088 2664 2209 2716 relic

623 2767 863 2829 ciamus;
911 2762 1053 2834 quod
1105 2761 1368 2832 signiﬁcat
1417 2757 1648 2812 maxime
1697 2755 1852 2809 ﬁdem
1907 2752 2211 2822 temporalis

622 2854 1072 2926 dispensationis,
1115 2867 1234 2922 quae
1263 2864 1362 2920 pro
1403 2848 1557 2902 nobis
1597 2855 1712 2900 acta
1742 2854 1824 2900 est
1851 2843 2212 2913 temporaliter

627 2963 725 3017 per
748 2944 1166 3002 incarnationem
1190 2939 1424 2996 Domini.
1467 2937 1532 2991 Et
1552 2938 1664 3003 quis
1686 2936 1952 3005 requiescet
1974 2934 2025 2986 in
2046 2942 2212 2985 monte

624 3050 802 3095 sancto
833 3037 962 3093 tuo?
990 3037 1081 3090 hic
1107 3034 1334 3088 fortasse
1358 3032 1467 3101 jam
1511 3029 1680 3098 ipsam
1720 3035 1970 3081 aeternam
2005 3024 2210 3078 habita-

626 3132 830 3187 tionem
862 3126 1150 3197 signiﬁcat,
1182 3133 1240 3178 ut
1271 3131 1506 3177 montem
1540 3119 1894 3187 intelligamus
1919 3128 2212 3184 superenn-

626 3223 861 3281 neutiam
889 3218 1163 3274 charitatis
1189 3215 1386 3270 Christi
1419 3213 1468 3268 in
1507 3213 1614 3265 vita
1642 3220 1840 3264 aeterna
1867 3210 1906 3261 ¹.

697 3317 754 3370 2.
795 3312 962 3388 [ιυεη.
1005 3308 1086 3382 2.]
1129 3309 1228 3376 Qui
1268 3306 1548 3379 ingreditur
1590 3304 1698 3358 sine
1742 3299 1976 3365 macula,
2016 3306 2062 3352 et
2090 3313 2212 3368 ope-

628 3416 776 3464 ratur
804 3403 1064 3478 justitiam
1087 3417 1118 3456 ;
1150 3401 1234 3454 hic
1261 3400 1282 3430 '
1328 3395 1635 3468 proposuit,
1667 3391 1919 3462 deinceps
1962 3389 2016 3445 id
2055 3403 2212 3444 exse-

627 3497 829 3569 quitur.

698 3595 756 3649 ‘5.
797 3589 952 3665 [vers.
993 3586 1073 3662 5.]
1115 3587 1214 3653 Qui
1248 3583 1471 3655 loquitur
1504 3581 1768 3636 veritatem
1806 3595 1861 3634 ιη
1887 3576 2050 3632 corde
2075 3590 2214 3629 suo:

632 3682 878 3739 nonnulli
915 3679 1056 3735 enim
1085 3678 1136 3732 in
1169 3676 1320 3730 labiis
1347 3675 1545 3728 habent
1568 3671 1866 3735 veritatem,
1897 3679 1947 3723 et
1979 3669 2032 3721 in
2055 3665 2216 3720 corde

631 3789 741 3828 non
761 3772 959 3825 habent
983 3787 995 3820 :
1021 3776 1273 3835 tanquam
1299 3765 1342 3817 si
1366 3762 1558 3831 aliquis
1581 3761 1766 3816 dolose
1789 3757 2034 3814 ostendat
2053 3755 2213 3820 viam,

632 3865 807 3919 sciens
837 3863 886 3915 in
914 3875 976 3915 ea
1005 3873 1125 3913 esse
1154 3858 1409 3917 latrones,
1440 3866 1493 3908 et
1515 3853 1677 3915 dicat,
1701 3853 1756 3906 Si
1779 3851 1878 3905 hac
1903 3850 2046 3910 ieris,
2076 3863 2104 3901 a
2137 3847 2216 3902 la-

632 3953 874 4008 tronihus
903 3958 1047 4003 tutus
1086 3949 1229 4010 eris;
1262 3954 1312 3998 et
1351 3945 1624 4012 contingat
1659 3951 1720 3996 ut
1753 3956 1876 3996 vere
1905 3957 2010 3995 non
2042 3941 2112 3994 ibi
2139 3939 2220 3994 la-

632 4054 816 4098 trones
845 4039 1201 4100 inveniantur,
1235 4049 1417 4088 verum
1448 4033 1537 4086 ille
1578 4032 1785 4084 locutus
1819 4038 1931 4093 est,
1975 4029 2069 4084 sed
2111 4043 2215 4082 non

631 4137 688 4190 in
718 4131 879 4189 corde
903 4145 1034 4195 suo;
1065 4107 1209 4181 aliud
1235 4125 1377 4180 enim
1407 4123 1654 4192 putabat,
1683 4129 1736 4174 et
1763 4118 2005 4173 nesciens
2033 4132 2216 4172 verum

630 4226 768 4281 dixit
808 4241 821 4277 :
862 4235 990 4292 ergo
1029 4231 1215 4290 parum
1253 4223 1337 4270 est
1384 4228 1570 4268 verum
1601 4210 1777 4280 loqui,
1821 4207 1922 4262 nisi
1963 4208 2120 4263 etiam
2165 4207 2217 4260 in

631 4315 796 4372 corde
821 4314 894 4368 ita
916 4312 1010 4366 sit.
1041 4308 1142 4374 Qui
1168 4323 1271 4361 non
1293 4305 1389 4377 egit
1411 4303 1587 4357 dolum
1612 4303 1665 4354 in
1692 4302 1867 4370 lingua
1887 4314 1980 4353 sua
2002 4313 2019 4352 :
2045 4299 2219 4368 lingua

632 4411 806 4482 agitur
833 4404 1022 4470 dolus,
1049 4417 1169 4456 cum
1197 4398 1339 4453 aliud
1378 4412 1474 4452 ore
1515 4393 1803 4466 profertur,
1833 4391 1976 4446 aliud
2007 4400 2222 4461 pectore

633 4504 848 4571 tegitur.
903 4495 1016 4551 Nec
1046 4495 1180 4567 fecit
1221 4491 1453 4563 proximo
1490 4505 1582 4543 suo
1625 4488 1816 4541 malum
1857 4503 1876 4542 :
1921 4485 2221 4555 proximum

635 4605 852 4647 omnem
877 4587 1152 4642 hominem
1180 4585 1348 4652 accipi
1368 4591 1628 4652 oportere
1657 4590 1839 4635 notum
1883 4587 1986 4633 est.
2031 4577 2097 4631 Et
2124 4594 2220 4647 op-

635 4680 894 4753 probrium
921 4692 1023 4730 non
1050 4672 1505 4744 accepitadversus
1528 4673 1809 4740 proximum
1835 4686 1982 4722 suum
2005 4684 2025 4722 :
2048 4668 2099 4722 id
2120 4676 2220 4733 est,

637 4787 743 4826 non
774 4768 1002 4823 libenter
1025 4771 1122 4818 aut
1147 4771 1352 4817 temere
1382 4760 1608 4816 credidit
1634 4759 1985 4814 crirninatori.

708 4868 763 4922 4.
805 4862 956 4937 [vers.
987 4858 1067 4933 4.]
1105 4858 1186 4912 Ad
1229 4855 1715 4912 niltilumdeductus
1753 4863 1827 4906 est
1870 4855 1922 4906 in
1959 4860 2226 4922 conspectu

638 4959 749 5029 ejus
774 4953 1044 5023 malignus.
1079 4945 1467 5018 lstaperfectio
1494 4952 1596 5010 est,
1625 4952 1684 4997 ttt
1713 4942 1843 4997 nihil
1874 4942 1924 4996 in
1946 4941 2223 4997 hominem

639 5050 815 5102 valeat
851 5043 1151 5111 malignus;
1183 5051 1238 5094 et
1269 5047 1326 5092 ut
1355 5035 1456 5091 hoc
1493 5034 1563 5090 sit
1595 5035 1648 5088 in
1681 5041 1951 5102 conspectu
1986 5033 2124 5101 ejus,
2173 5031 2224 5085 id

1851 410 1914 467 S.
1959 401 2321 465 AUGUSTINI
2363 403 2663 462 EPISCOPI

3781 410 3819 464 ’1
3830 408 3904 464 ιι

2312 514 2481 571 (Psal.
2507 534 2593 584 cx,
2623 519 2724 588 10;
2756 519 2914 574 Eccli.
2942 537 2979 588 ι,
3012 521 3098 591 i6)
3132 540 3144 575 :
3178 522 3314 577 sicut
3339 535 3465 589 ergo
3503 519 3590 575 illa
3615 522 3904 591 superiora

2311 619 2579 679 pertinent
2617 612 2681 664 ad
2714 611 2999 680 perfectos,
3033 613 3102 666 ita
3135 627 3198 668 ea
3220 628 3340 682 qua:
3380 627 3522 666 nunc
3545 613 3784 667 dicturus
3815 623 3906 668 est

2312 699 2578 766 pertinent
2606 699 2671 753 ad
2713 701 3047 768 incipientes.

2383 789 2436 842 5.
2479 787 2629 860 [vers.
2655 788 2734 864 5.]
2776 791 2875 857 Qui
2891 793 3038 862 jurat
3067 792 3294 862 proximo
3315 809 3428 853 suo.
3457 802 3504 846 et
3530 809 3632 846 non
3658 793 3848 864 decipit
3884 811 3907 848 :

2311 880 2395 948 qui
2425 881 2684 949 pecuniam
2723 898 2864 935 suam
2893 900 2993 936 non
3030 883 3166 936 dedit
3207 883 3274 936 ad
3314 900 3519 937 usuram
3542 925 3556 948 ,
3601 895 3648 938 et
3685 902 3908 939 munera

2312 986 2464 1040 super
2491 971 2817 1026 innocentes"
2850 991 2950 1028 non
2975 976 3167 1043 accepit
3211 976 3308 1046 (a).
3353 975 3453 1028 Ista
3496 991 3600 1029 non
3630 987 3754 1030 sunt
3783 992 3910 1032 ma-

2312 1074 2454 1130 gna:
2487 1061 2580 1116 sed
2607 1063 2694 1132 qui
2727 1078 2823 1118 nec
2849 1064 2946 1118 ista
2962 1074 3176 1134 upotest,
3219 1065 3386 1118 multo
3414 1065 3586 1118 minus
3613 1074 3788 1135 potest
3820 1066 3907 1119 Io-

2313 1152 2404 1220 qui
2431 1153 2707 1208 veritatem
2751 1156 2803 1210 in
2844 1157 3005 1211 corde
3030 1171 3127 1210 suo
3151 1196 3166 1221 ,
3214 1165 3270 1210 et
3310 1171 3418 1210 non
3457 1155 3636 1210 dolum
3663 1171 3823 1226 agere
3851 1157 3906 1210 in

2317 1243 2491 1313 lingua
2522 1261 2638 1313 sua,
2668 1245 2761 1301 sed
2790 1257 2846 1301 ut
2873 1258 2954 1302 est
2982 1247 3032 1301 iu
3057 1248 3217 1302 corde
3241 1263 3427 1302 verum
3459 1249 3530 1301 ita
3561 1247 3823 1318 proferre,
3850 1256 3905 1302 et

2317 1336 2517 1394 habere
2546 1340 2597 1393 in
2627 1354 2742 1405 ore,
2773 1339 2865 1394 Est
2891 1349 2981 1406 est,
3014 1338 3137 1394 Non
3173 1355 3275 1394 non
3316 1339 3539 1411 (Matth.
3584 1355 3638 1404 v,
3670 1339 3817 1409 37);
3850 1349 3905 1393 et

2315 1441 2424 1482 non
2452 1427 2628 1484 facere
2654 1431 2896 1498 proximo
2926 1446 3024 1486 suo
3051 1431 3272 1496 malum,
3303 1431 3354 1485 id
3385 1441 3468 1485 est
3503 1430 3631 1484 nulli
3662 1430 3901 1494 homini;

2316 1528 2372 1572 et
2421 1519 2764 1588 cpprobrium
2818 1535 2924 1574 non
2990 1521 3233 1590 accipere
3282 1521 3542 1575 adversus
3599 1521 3902 1591 proximum

2308 1624 2517 1664 'suutn':
2549 1623 2668 1679 qua:
2697 1619 2820 1664 sunt
2847 1608 3224 1679 perfectorum,
3266 1611 3318 1664 in
3348 1625 3573 1680 quorum
3611 1622 3906 1681 conspectu

2309 1700 2381 1754 ad
2410 1700 2633 1754 nihilum
2663 1699 2921 1755 deductus
2951 1709 3035 1756 est
3061 1701 3346 1771 malignus.
3379 1701 3579 1756 Tamen
3609 1702 3769 1756 etiam
3801 1701 3905 1756 ista

2315 1794 2533 1848 minora
2580 1794 2649 1848 ita
2693 1793 2960 1848 concludit
2997 1811 3009 1848 :
3060 1793 3158 1860 Qui
3183 1795 3306 1866 facit
3331 1794 3469 1861 lucc,
3500 1810 3601 1849 non
3627 1810 3906 1849 commove-

2313 1885 2450 1940 bitur
2471 1888 2524 1940 in
2563 1895 2807 1941 teternum
2834 1901 2853 1939 :
2878 1885 2930 1940 id
2955 1894 3058 1952 est,
3089 1886 3361 1955 perveniet
3385 1885 3451 1939 ad
3485 1885 3573 1939 illa
3597 1885 3822 1953 majora,
3851 1886 3904 1938 in

2314 1977 2507 2046 quibus
2545 1986 2628 2032 est
2664 1991 2854 2047 magna
2897 1985 2954 2031 et
2999 1976 3312 2030 inconcussa
3359 1974 3638 2029 stabilitas.
3688 1973 3821 2028 Nam
3852 1984 3906 2027 et

2318 2066 2433 2134 ipsa
2457 2077 2697 2135 tempora
2722 2082 2825 2120 non
2853 2067 2971 2120 sine
2995 2079 3154 2120 causa
3183 2064 3410 2120 fortasse
3435 2065 3512 2118 sic
3528 2065 3729 2118 variata
3757 2073 3904 2128 sunt,

2317 2165 2374 2209 ut
2403 2155 2454 2210 in
2483 2157 2760 2224 superiore
2788 2156 3132 2210 conclusione
3158 2155 3484 2224 praeteritum
3508 2164 3713 2223 tempus
3735 2167 3904 2222 pone-

2317 2258 2486 2313 retur,
2518 2247 2569 2301 in
2600 2246 2699 2301 hac
2721 2256 2896 2301 autem
2925 2245 3161 2301 futurum
3189 2265 3201 2300 :
3226 2262 3349 2300 nam
3380 2246 3448 2300 ibi
3469 2245 3668 2300 dietum
3694 2254 3798 2310 est,
3826 2243 3908 2296 Ad

2317 2337 2531 2392 nihilum
2567 2337 2810 2391 deductus
2847 2346 2916 2391 est
2957 2337 3008 2390 in
3048 2346 3314 2405 conspectu
3357 2338 3470 2410 ejus
3499 2337 3751 2406 malignus
3771 2334 3908 2399 {hic

2317 2437 2515 2492 autem,
2547 2427 2669 2482 Non
2694 2429 3083 2483 commovebitur
3101 2430 3161 2482 in
3178 2438 3442 2484 azternum.

2757 2653 2836 2715 ΙΝ
2879 2652 3261 2715 PSALMUM
3295 2653 3416 2716 XV

2920 2773 3054 2829 ENA
3063 2774 3338 2830 “RATIO.

2714 2887 2870 2944 Tituli
2895 2889 3176 2960 inscriptio,
3205 2889 3304 2958 ipsi
3326 2887 3512 2942 David.

2391 3002 2442 3055 l.
2482 3001 2598 3056 Rex
2629 3010 2812 3056 noster
2843 3003 2896 3054 in
2928 3000 3029 3055 hoc
3055 3000 3263 3070 psalmo
3301 3001 3535 3070 loquitur
3571 3017 3636 3055 ex
3680 3015 3914 3070 persona

2317 3093 2672 3162 susceptionis
2703 3092 2972 3158 humanm,
2999 3093 3068 3148 de
3095 3107 3201 3163 quo
3227 3093 3410 3148 titulus
3435 3094 3633 3162 regalis
3663 3104 3913 3165 tempore

2317 3185 2582 3257 passionis
2611 3185 2902 3254 inscriptus
2925 3186 3150 3240 eminuit
3172 3187 3219 3239 ².

2381 3276 2440 3330 2.
2473 3276 2626 3350 [vers.
2657 3279 2682 3332 1
2710 3319 2726 3343 ,
2751 3276 2832 3350 2.]
2857 3278 2992 3334 Dicit
3017 3286 3194 3333 autem
3213 3277 3331 3334 hinc
3359 3321 3372 3333 .
3391 3277 3648 3334 Conserva
3673 3295 3780 3346 nte,
3804 3278 3919 3333 Do-

2317 3368 2484 3433 mine,
2512 3369 2830 3438 quoniamin
2857 3378 2905 3422 te
2923 3370 3164 3438 speravi:
3191 3369 3299 3423 dixi
3325 3369 3540 3425 Domino
3558 3410 3574 3436 ,
3605 3369 3743 3424 Deus
3769 3388 3918 3426 meus

2318 3477 2369 3514 es
2412 3471 2466 3512 tu
2490 3502 2505 3527 ,
2527 3462 2772 3531 quoniam
2801 3460 3046 3514 bonorum
3081 3476 3305 3514 meorum
3331 3477 3433 3514 non
3475 3476 3587 3530 eges
3623 3460 3697 3532 (b)
3731 3476 3750 3514 :
3778 3477 3920 3532 quo—

2321 3549 2462 3603 niam
2491 3550 2645 3604 bonis
2666 3550 2799 3604 meis
2827 3566 2932 3604 non
2964 3560 3242 3618 exspectas
3273 3560 3324 3602 tn
3349 3549 3460 3604 ﬁeri
3489 3550 3697 3604 beatus.

2391 3640 2444 3695 ὅ.
2491 3639 2642 3713 [vers.
2683 3639 2762 3712 3.]
2791 3640 2997 3696 Sanctis
3021 3641 3107 3710 qui
3132 3649 3251 3694 sunt
3287 3641 3340 3693 in
3369 3649 3502 3693 terra
3529 3641 3687 3709 ejus:
3713 3641 3922 3696 sanctis

2321 3730 2409 3799 qui
2434 3730 2485 3784 in
2513 3739 2650 3784 terra
2673 3730 2962 3784 viventium
2991 3744 3143 3800 spem
3165 3745 3316 3785 suam
3349 3741 3675 3799 posuerunt,
3705 3731 3921 3786 civibus

2322 3819 2616 3874 Jerusalem
2660 3821 2925 3886 caelestis,
2973 3835 3200 3890 quorum
3246 3820 3580 3874 converSatio
3623 3821 3921 3888 spiritualis

2323 3927 2418 3982 per
2443 3912 2730 3966 auchoram
2770 3912 2881 3979 Spei
2915 3912 2965 3964 in
3013 3911 3098 3964 illa
3144 3913 3311 3979 patria
3345 3911 3559 3980 figitur,
3604 3925 3724 3979 qua:
3770 3921 3924 3966 recte

2327 4002 2418 4056 llei
2448 4009 2587 4056 terra
2617 4001 2950 4066 nominatur;
2981 4001 3222 4070 quamvis
3250 4000 3426 4055 adhuc
3451 4009 3507 4056 et
3534 4000 3586 4055 in
3629 4001 3712 4055 his
3760 4003 3929 4057 terris

2325 4105 2485 4146 carne
2509 4101 2811 4146 versentur.
2863 4090 3154 4158 Miriﬁcavit
3189 4091 3210 4122 ³
3250 4107 3420 4146 euntes
3462 4093 3736 4145 voluntates
3781 4109 3930 4147 meas

2325 4182 2378 4235 in
2402 4181 2524 4234 illis.
2550 4181 2642 4235 llis
2671 4196 2798 4251 ergo
2833 4183 3032 4236 sanctis
3059 4183 3220 4236 miras
3243 4181 3370 4238 fecit
3398 4197 3587 4238 omnes
3613 4182 3928 4239 voluntates

2326 4288 2472 4329 meas
2497 4273 2548 4326 in
2568 4280 2832 4343 provectu
2863 4287 3068 4338 eorum,
3091 4288 3197 4342 quo
3226 4281 3509 4328 senserunt
3535 4272 3659 4342 quid
3682 4273 3763 4327 eis
3786 4289 3924 4342 pro-

2327 4365 2484 4420 fuerit
2521 4373 2575 4419 et
2613 4363 2919 4418 humanitas
2959 4379 3091 4418 mea:
3125 4364 3414 4419 divinitatis
3457 4373 3516 4418 ut
3549 4378 3830 4431 morerer,
3871 4374 3932 4420 et

2326 4456 2573 4511 divinitas
2598 4453 2943 4509 humanitatis
2973 4465 3029 4508 ιιι
3054 4469 3412 4525 resurgerem.

2397 4550 2452 4604 4.
2477 4547 2624 4620 [vers.
2647 4546 2726 4619 4.]
2756 4547 2807 4601 Μ
2815 4548 3109 4616 ηιιὶριὶεαεω
3131 4556 3246 4601 sunt
3265 4547 3580 4615 inﬁrmitates
3607 4546 3884 4618 eorum-(c)
3912 4567 3929 4602 :

2330 4656 2435 4698 non
2463 4643 2528 4696 ad
2560 4642 2872 4711 perniciem,
2899 4641 2990 4696 sed
3020 4651 3075 4694 ut
3102 4641 3366 4697 medicum
3388 4640 3772 4697 desiderarent.
3811 4640 3934 4696 Po-

2327 4743 2434 4787 stea
2457 4733 2860 4786 acceleraverunt
2888 4749 2908 4786 :
2934 4733 3108 4802 itaque
3139 4741 3262 4802 post
3293 4733 3668 4802 multiplicatas
3696 4733 3938 4788 inﬁrmi-

2331 4831 2464 4878 tates
2492 4823 2966 4888 acceleraverunt,
2995 4831 3054 4878 ut
3078 4833 3412 4878 sanarentur.
3447 4823 3567 4878 Non
3605 4827 3935 4894 congregabo

2283 4958 2294 4964 -
2329 4914 2672 4968 conventicula
2711 4929 2886 4968 eorum
2928 4915 2989 4968 de
3026 4915 3355 4986 sanguinibus
3384 4924 3582 4970 :erunt
3607 4915 3749 4969 enim
3793 4930 3939 4969 con-

2330 5004 2594 5060 venticula
2641 5019 2829 5060 eorum
2872 5019 2979 5060 non
3025 5007 3288 5074 carnalia,
3334 5023 3433 5063 nec
3468 5007 3534 5062 de
3575 5007 3942 5076 sanguinibus

641 5151 746 5202 est,
773 5137 1071 5194 certissime
1099 5133 1306 5189 noverit
1340 5131 1627 5200 malignum
1654 5142 1761 5182 non
1805 5140 1946 5189 esse,
1975 5125 2074 5179 nisi
2105 5139 2223 5179 cum

641 5232 854 5285 animus
891 5243 921 5281 a
952 5225 1134 5297 specie
1162 5223 1240 5278 sui
1269 5221 1541 5276 Creatoris
1566 5227 1762 5273 aeterna
1793 5225 1846 5271 et
1874 5215 2224 5270 incommuta-

641 5321 769 5387 bili,
812 5319 878 5374 ad
921 5326 1178 5373 creaturae
1221 5315 1454 5382 speciem
1499 5312 1777 5375 avertitur,
1808 5323 1929 5376 qua:
1956 5307 2023 5361 de
2062 5306 2224 5360 nihilo

642 5415 780 5469 facta
805 5421 906 5466 cst.
945 5409 1192 5462 Timentes
1216 5414 1385 5457 autem
1418 5400 1694 5454 Dominum
1723 5399 1974 5471 gloriﬁcat
2000 5414 2018 5451 :
2047 5398 2224 5466 utique

640 5511 758 5576 ipse
775 5501 1061 5560 Dominus.
1095 5497 1304 5551 Initium
1329 5503 1506 5548 autem
1530 5491 1804 5561 sapientia:
1836 5489 1994 5544 timor
2017 5487 2223 5542 Domini

2397 5187 2413 5218 ί
2439 5185 2660 5245 Quinque
2677 5189 2783 5232 Mss.
2809 5196 2918 5246 cum
2943 5181 3160 5245 Vulgata,
3178 5195 3322 5246 super
3333 5181 3651 5232 innocentem.
3677 5187 3734 5230 At
3755 5185 3945 5232 caueri

2333 5254 2440 5314 Mss.
2467 5246 2847 5314 et.edd.,.snper
2869 5245 3310 5314 innocentes,_jut5ta
3339 5253 3488 5293 Grato.
3515 5250 3643 5291 LXX.

2404 5312 2423 5340 ³
2450 5307 2586 5365 Edd.,
2606 5305 2814 5356 emicuit.
2842 5313 2896 5354 At
2918 5312 3043 5362 Mss,
3071 5305 3284 5355 eminuit.

2397 5372 2417 5402 ³
2441 5363 2580 5425 ΗΜ..
2600 5365 2874 5432 ntiriﬁcari,
2901 5377 2951 5415 et
2973 5375 3352 5432 consequenter,
3377 5365 3527 5432 miras
3549 5363 3660 5432 feci,
3687 5363 3781 5414 Sed
3807 5364 3948 5414 alte-

2331 5428 2451 5486 ram,
2475 5443 2619 5492 quam
2656 5428 2733 5478 hic
2758 5437 2864 5478 Mss.
2892 5428 3522 5492 auctoritaterestituimns,
3550 5428 3814 5492 lectionem
3852 5442 3948 5492 se.-

2331 5487 2812 5555 quitur'sugustinus
2847 5492 2897 5537 in
2938 5491 3081 5555 Epist.
3108 5489 3214 5550 149,
3241 5490 3299 5538 ad
3339 5490 3600 5548 Paulinum,
3634 5489 3716 5537 ubi
3759 5487 3950 5540 Psalmi

2331 5551 2476 5617 hujus
2498 5564 2629 5599 vers.
2653 5553 2685 5599 5
2708 5559 2760 5601 et
2777 5551 2808 5598 4
2831 5553 3050 5613 exponit.

2395 5640 2469 5700 (ιι)
2506 5637 2638 5685 Idem
2662 5649 2790 5685 vers.
2815 5639 2847 5688 5
2865 5645 3097 5688 tractatur
3119 5637 3167 5684 in
3191 5641 3326 5684 Enar.
3353 5633 3472 5684 t‘sal.
3500 5647 3670 5693 xxxvi,
3698 5645 3858 5681 scrm.
3888 5635 3948 5695 3,

2335 5703 2470 5822 η’((ῗί)
2493 5769 2564 5809 De
2590 5757 2764 5809 eodem
2788 5773 2920 5809 vers.
2946 5759 2976 5822 2
3001 5758 3109 5822 vide
3135 5765 3272 5805 Enar.
3298 5756 3416 5822 Psal.
3443 5768 3573 5813 LER,
3601 5769 3648 5803 n.
3674 5755 3721 5802 7.

2400 5814 2468 5885 (c)
2507 5831 2572 5870 υυ
2701 5829 2908 5872 unvcrs.
2933 5821 2958 5868 4
2981 5821 3088 5869 vide
3113 5825 3252 5868 Enar.
3279 5818 3396 5868 I’sal.
3416 5834 3538 5878 Lvut,
3559 5830 3709 5868 verm.
3735 5814 3784 5876 Ξ,
3807 5828 3859 5864 n.
3887 5815 3949 5866 8.

704 5658 724 5690 ⁸
757 5665 850 5706 sex
879 5663 1004 5713 Mss,
1023 5649 1243 5702 inritam
1261 5655 1508 5713 aeternam.

704 5721 726 5750 ²
751 5705 942 5775 ιηᾎιεε..
964 5705 1043 5765 hic
1063 5710 1324 5776 proposuit.
1355 5717 1490 5776 forte
1514 5705 1710 5776 melius.
1743 5768 1770 5776 ,Α
1917 5765 1933 5776 ε
2035 5762 2049 5776 ,
2138 5765 2148 5775 ,
2187 5766 2196 5775 ,

686 5762 1229 5840 '(aj‘Kl—tcrauhtinc'in
1272 5769 1391 5822 Psal.
1439 5777 1574 5818 tantur.
1621 5768 1837 5831 adjicitur
1874 5765 1935 5815 ad
1974 5762 2227 5816 voluminis

642 5838 843 5890 calcent.
