4042 6486
165 397 264 456 κε

165 522 402 579 pecorum
434 509 780 580 propitiatus
808 512 1140 582 congregabo
1181 526 1295 567 eos.
1327 511 1438 566 Nec
1466 529 1654 566 memor
1680 528 1766 565 ero

163 602 410 657 nominum
448 601 676 656 illorum
705 620 798 673 per
825 605 962 659 labia
989 621 1096 658 mea
1124 621 1142 658 :
1169 604 1262 659 sed
1308 605 1565 674 spirituali
1599 614 1768 659 muta-

164 695 301 747 tione
341 691 754 759 oblivisceutur
783 695 910 765 quid
942 695 1160 758 fuerint;
1211 712 1310 750 nec
1339 712 1366 749 a
1411 712 1496 751 me
1531 697 1640 764 jam
1684 697 1765 749 vel

164 795 489 853 peccatores,
523 785 616 839 vel
637 787 879 852 inimici,
913 787 993 841 vel
1024 785 1286 852 homines,
1316 786 1410 840 sed
1434 787 1560 855 justi
1586 795 1639 840 et
1663 785 1768 840 fra-

163 886 265 929 tres
293 876 394 929 mei
424 876 616 929 etﬁlii
648 877 744 932 Dei
767 878 1096 932 vocabuntur
1127 893 1221 946 per
1253 892 1435 942 pacem
1466 892 1660 932 meam.

226 967 281 1021 5.
317 965 468 1034 Iners.
498 965 582 1037 5.]
622 967 874 1022 Dominus
900 985 1018 1039 pars
1047 968 1353 1022 hereditatis
1389 983 1539 1033 meae,
1581 978 1626 1021 et
1652 968 1770 1021 cali~

161 1059 356 1112 ἀδαηιά
380 1061 486 1129 (a).
520 1059 885 1114 Possidebunt
926 1060 1066 1114 enim
1111 1075 1320 1114 mecum
1361 1059 1760 1124 hmreditatem,

163 1151 334 1220 ipsum
358 1151 680 1205 Dominum.
705 1153 916 1222 Eligant
935 1152 1143 1206 sibi-alii
1171 1162 1351 1220 partes
1375 1152 1566 1221 quibus
1588 1151 1767 1205 fruan-

163 1251 278 1306 tur,
299 1250 548 1295 terrenas
563 1243 968 1310 ettcmporales
997 1260 1010 1295 :
1047 1243 1218 1310 portio
1247 1252 1553 1296 sanctorum
1579 1242 1763 1296 Domi-

162 1346 258 1385 nus
303 1341 545 1386 :eternus
584 1341 698 1387 est.
727 1333 918 1387 Bibant
957 1333 1045 1386 alii
1093 1331 1394 1387 mortiferas
1417 1333 1715 1402 voluptates
1746 1350 1762 1386 :

163 1422 339 1488 portio
365 1421 553 1476 calicis
580 1423 688 1476 mei
731 1423 990 1477 Dominus
1012 1431 1109 1476 est.
1139 1422 1289 1490 Quod
1317 1423 1436 1476 dico
1457 1465 1472 1488 ,
1503 1424 1602 1476 mei
1625 1463 1640 1488 ,
1671 1423 1763 1477 ad-

161 1511 325 1580 jnngo
357 1511 696 1577 Ecclesiam;
725 1514 846 1581 quia
877 1514 1140 1583 ubi-caput
1160 1554 1174 1576 ,
1205 1514 1273 1567 ibi
1299 1523 1354 1567 et
1380 1529 1574 1583 corpus
1599 1531 1610 1567 :
1639 1530 1762 1568 nam

165 1603 210 1655 iu
253 1603 634 1658 hereditatem
666 1605 1006 1674 congregabo
1048 1605 1414 1659 conventicula
1456 1620 1640 1659 eorum
1663 1647 1677 1670 ,
1709 1614 1766 1659 et

164 1706 255 1760 per
295 1693 484 1748 colicis
509 1694 828 1749 ebrietatem
867 1695 1151 1750 obliviscar
1193 1696 1404 1750 nomina
1448 1705 1628 1750 vetera
1673 1710 1764 1749 eo-

162 1798 302 1837 rum.
360 1782 439 1837 Tu
480 1801 531 1838 es
560 1785 649 1853 qui
689 1786 920 1838 restitues
949 1785 1072 1838 mihi
1109 1785 1448 1839 hereditatem
1475 1802 1635 1839 meam
1662 1801 1680 1838 :
1706 1793 1773 1839 ut-

160 1884 286 1928 nota
321 1876 393 1929 sit
421 1882 478 1929 et.
518 1875 598 1928 his
624 1891 763 1945 quos
794 1877 992 1941 libero,
1023 1877 1238 1932 claritas
1281 1892 1385 1946 qua
1430 1893 1576 1932 eram
1619 1877 1760 1948 apud

156 1976 204 2018 te
226 2007 247 2030 ,
305 1967 461 2033 prius
485 1982 634 2036 quam
677 1967 908 2022 mundus
937 1967 1088 2022 ﬁeret
1117 1967 1294 2040 (Joan.
1327 1984 1467 2030 xvu.
1511 1968 1569 2040 5)
1605 1987 1619 2022 :
1651 1984 1779 2022 non-

156 2059 310 2110 enim
361 2058 604 2112 restitues
648 2058 780 2112 mihi
829 2059 968 2128 quod
1005 2075 1108 2113 non
1143 2059 1331 2124 amisi,
1375 2059 1468 2113 sed
1509 2061 1758 2114 restitues

159 2147 240 2200 his
267 2147 363 2217 qui
389 2152 688 2203 amiserunt
714 2150 832 2218 ejus
856 2149 1114 2218 claritatis
1142 2151 1422 2215 notitiam;
1470 2149 1525 2208 in
1565 2149 1756 2220 quibus

158 2238 278 2306 quia
309 2254 410 2306 ego
438 2254 556 2291 sunt
575 2280 588 2301 ,
613 2240 742 2292 milii
771 2241 1026 2294 restitues.
1098 2230 1103 2235 ’

222 2328 278 2380 6.
310 2326 464 2398 [κη.
497 2327 576 2399 6.]
622 2327 795 2383 Fuues
837 2330 1121 2383 ceciderunt
1161 2330 1288 2383 mihi
1329 2330 1382 2382 in
1427 2328 1689 2400 prmelaris
1736 2345 1756 2384 .°

161 2417 352 2470 limites
381 2419 738 2485 possessionis
779 2435 912 2473 mea:
952 2420 1004 2474 in
1051 2430 1137 2475 tua
1182 2421 1457 2486 claritate,
1503 2432 1773 2491 tauquam-

160 2517 299 2562 sorte
325 2508 673 2574 ceciderunt,
699 2509 847 2562 velut
875 2512 1140 2578 possessio
1161 2511 1496 2566 sacerdotum
1518 2522 1572 2567 et
1595 2512 1749 2567 Levi-

161 2608 330 2652 tarum
375 2599 522 2652 Deus
566 2608 670 2654 est.
715 2599 917 2652 Etenim
955 2600 1221 2654 hwreditas
1250 2619 1358 2655 mea
1399 2603 1644 2672 praclara
1677 2612 1750 2656 est

162 2693 278 2744 milii
303 2709 324 2745 :
350 2694 553 2746 etenim
583 2692 868 2748 hmreditas
894 2709 1008 2748 mea
1034 2695 1282 2764 prmclara
1304 2704 1406 2760 est,
1440 2711 1545 2749 non
1567 2696 1758 2751 omni-

160 2781 268 2846 bus,
298 2783 394 2837 sed
422 2783 763 2838 videntibus:
809 2784 860 2837 in
885 2783 1074 2852 quibus
1088 2785 1210 2854 quia
1226 2800 1328 2855 ego
1343 2802 1481 2851 sum,
1506 2786 1631 2839 mihi
1653 2797 1744 2840 est.

221 2875 271 2926 7.
301 2873 458 2946 [εει-ε.
485 2873 568 2945 7.]
605 2873 910 2928 Benedicam
949 2873 1252 2939 Dominum,
1292 2876 1379 2946 qui
1411 2876 1535 2928 mihi
1577 2875 1748 2930 tribuit

157 2968 506 3033 intellectum;
524 2983 632 3038 quo
662 2969 757 3021 ista
787 2967 1069 3023 haereditas
1090 2967 1259 3023 videri
1280 2979 1332 3021 et
1360 2968 1618 3038 possideri
1645 2983 1746 3040 po-

158 3067 272 3111 test.
317 3057 548 3129 Insuper
575 3070 742 3112 autem
777 3067 825 3112 et
854 3073 1009 3126 usque
1036 3058 1104 3111 ad
1143 3068 1337 3112 noctem
1362 3059 1745 3114 emendaverunt

157 3166 226 3203 me
262 3167 413 3204 renes
458 3152 559 3205 mei
603 3167 624 3205 :
667 3165 828 3219 super
871 3149 1193 3205 intellectum
1235 3158 1413 3204 autem
1462 3164 1630 3219 usque
1675 3149 1742 3205 ad

156 3249 375 3293 mortem
403 3255 496 3294 me
523 3240 760 3295 erudivit
807 3237 1028 3294 inferior
1067 3254 1192 3308 pars
1234 3255 1352 3294 mea
1375 3280 1391 3306 ,
1436 3241 1614 3296 carnis
1659 3255 1746 3295 as-

155 3330 400 3397 sumptio;
437 3338 496 3384 ut
518 3331 795 3401 experirer
821 3328 1431 3386 tenebras-mortalitatis
1449 3370 1465 3396 ,
1492 3344 1624 3400 quas
1652 3330 1771 3386 ille-

157 3421 452 3477 iutellectus
479 3435 586 3476 non
618 3421 802 3477 habet.

214 3512 266 3566 8.
320 3508 480 3583 [uers.
532 3510 612 3583 8.]
669 3509 1010 3565 Providebam
1052 3509 1330 3566 Dominum
1369 3512 1424 3566 in
1473 3521 1768 3583 conspectu-

153 3617 252 3655 Iuo
289 3600 600 3672 semper-(b)
645 3616 666 3655 :
707 3602 800 3656 sed
841 3601 1060 3656 veniens
1089 3601 1142 3656 in
1171 3616 1236 3656 ea
1273 3618 1393 3672 quae
1421 3610 1736 3671 transeunt,

153 3707 254 3748 non
272 3694 470 3749 abstuli
497 3693 712 3747 oculum
738 3693 806 3748 ab
830 3708 897 3748 eo
916 3693 1003 3763 qui
1023 3707 1236 3762 semper
1264 3703 1465 3760 manet,
1492 3693 1596 3749 hoc
1618 3710 1741 3764 pro-

153 3785 330 3841 videns
353 3795 416 3840 ut
441 3786 497 3840 in
519 3801 644 3840 cum
672 3795 792 3855 post
813 3784 1120 3854 temporalia
1142 3794 1352 3855 peracta
1383 3801 1733 3842 recurrerem.

152 3874 398 3940 Quoniam
429 3893 463 3928 a
489 3875 681 3930 dextris
707 3884 782 3930 est
807 3875 932 3930 mihi
950 3917 965 3943 ,
1003 3891 1066 3930 ne
1103 3892 1411 3930 commoveor
1437 3893 1458 3932 :
1485 3878 1735 3947 quoniam

150 3965 280 4020 favet
305 3966 438 4020 mihi
462 4007 478 4031 ,
511 3975 574 4020 ut
596 3966 858 4021 stabiliter
883 3965 936 4021 in
963 3980 1029 4020 eo
1059 3981 1421 4036 permaneam.

210 4060 261 4115 9.
301 4057 458 4131 [vera
485 4056 567 4131 9.]
596 4057 816 4128 Propter
842 4059 934 4112 hoc
962 4059 1303 4129 jucundatum
1329 4067 1400 4113 est
1423 4075 1512 4113 cor
1534 4075 1734 4126 meum,

146 4161 188 4206 et
212 4153 489 4206 exsultavit
510 4152 687 4223 lingua
727 4168 838 4205 mea
864 4168 883 4205 :
911 4161 1128 4220 propter
1167 4151 1270 4207 hoc
1295 4163 1350 4207 et
1379 4152 1431 4206 in
1461 4153 1738 4222 cogitatio-

146 4244 295 4298 nibus
321 4245 461 4298 meis
482 4242 789 4313 jucuuditas
811 4285 826 4309 ,
865 4251 921 4298 et
958 4241 1013 4296 in
1041 4242 1218 4298 verbis
1247 4243 1554 4298 exsultatio.
1583 4243 1736 4299 Insu-

147 4351 229 4402 per
253 4345 300 4388 et
331 4350 456 4388 caro
477 4350 588 4387 mea
615 4333 885 4404 requiescet
909 4333 962 4386 in
990 4349 1078 4402 spe
1106 4348 1125 4386 :
1154 4333 1370 4402 insuper
1388 4343 1442 4387 et
1467 4348 1596 4389 caro
1618 4350 1734 4389 mea

148 4443 241 4480 non
270 4425 494 4480 deﬁciet
536 4424 595 4480 in
637 4425 940 4490 interitum,
973 4423 1082 4479 sed.
1109 4423 1160 4478 in
1206 4438 1302 4494 spe
1329 4425 1736 4480 resurrectionis

147 4517 467 4570 obdormiet.

208 4609 300 4664 10.
353 4605 510 4680 [θεῖε.
556 4605 669 4680 10.]
715 4607 965 4674 Quoniam
1012 4623 1116 4661 non
1159 4607 1469 4679 derelinques
1513 4608 1736 4664 animam

145 4716 301 4752 meum
330 4701 386 4751 in
414 4699 619 4768 inferno
645 4699 660 4730 ¹
689 4699 973 4768 :quoniam
1014 4715 1184 4770 neque
1204 4699 1434 4754 animam
1463 4715 1635 4756 meam
1657 4703 1739 4756 in-

146 4792 266 4846 feris
313 4791 692 4863 possidendam
735 4793 904 4848 dabis.
940 4792 1120 4864 Neque
1149 4793 1291 4848 dabis
1329 4804 1557 4849 sanetum
1595 4805 1738 4850 tuum

143 4885 307 4939 ridere
332 4885 711 4954 corruptionem
741 4899 761 4938 :
789 4899 960 4953 neque
980 4884 1366 4940 sanctiﬁcatum
1397 4900 1611 4956 corpus,
1643 4902 1738 4956 per

142 4975 276 5041 quod
301 4983 362 5029 et
383 4974 479 5027 alii
504 4973 865 5028 sanctiﬁcaudi
894 4983 1038 5041 sunt,
1071 4976 1338 5046 corrumpi
1360 4976 1596 5045 patieris.
1620 4974 1736 5030 No-

144 5077 216 5119 tas
239 5067 373 5120 πύὴὶ
401 5065 571 5136 fecisti
600 5066 704 5118 vias
733 5065 848 5118 vita:
877 5080 894 5119 :
920 5074 1075 5119 notas
1101 5065 1272 5120 fecisti
1315 5079 1410 5134 per
1433 5080 1524 5120 me
1562 5066 1738 5121 humi-
1801 5126 1810 5132 ,

141 5158 298 5213 litatis
326 5159 444 5213 vias
470 5198 488 5225 ,
519 5167 580 5212 ut
618 5157 871 5211 ad'vitam
897 5156 1138 5214 redirent
1164 5157 1438 5220 homines,
1465 5157 1606 5211 unde
1643 5173 1739 5226 per

139 5249 449 5319 superbiam
477 5247 818 5311 ceciderant;
848 5247 900 5301 in
939 5247 1131 5317 quibus
1152 5247 1275 5316 quia
1304 5261 1402 5316 ego
1428 5260 1545 5300 sum
1568 5285 1584 5312 ,
1613 5247 1738 5300 mihi

143 5342 319 5408 fecisti.
349 5339 666 5408 Adimplebis
692 5355 772 5392 me
799 5337 974 5392 latitia
997 5354 1112 5391 cum
1135 5337 1279 5390 uultu
1308 5344 1394 5390 tuo
1421 5351 1453 5389 -:
1482 5335 1738 5406 adimple-

141 5431 219 5487 bis
242 5446 344 5488 eos
367 5430 549 5487 latitia
570 5471 586 5495 ,
609 5437 668 5484 ut
692 5443 800 5483 non
823 5427 958 5482 ultra
987 5435 1230 5498 quierant
1253 5425 1452 5496 aliquid
1474 5464 1487 5486 .
1516 5440 1635 5478 cum
1663 5423 1738 5478 fa-

139 5524 217 5578 cie
235 5523 304 5577 ad
327 5523 519 5578 faciem
548 5531 603 5577 to
633 5519 887 5584 viderint;
911 5519 963 5572 in
993 5518 1186 5588 quibus
1213 5517 1333 5587 quia
1355 5532 1455 5586 ego
1476 5531 1593 5571 sum
1618 5557 1633 5580 ,
1659 5531 1745 5569 ms

140 5613 463 5683 adimplebis.
503 5611 790 5666 Delectatto
821 5604 873 5662 in
897 5609 1100 5663 dextera
1127 5617 1213 5661 tua
1251 5623 1406 5677 usque
1444 5607 1496 5660 in
1524 5607 1682 5675 ﬁnem
1719 5619 1738 5661 :

203 5747 220 5778 ³
243 5753 368 5796 Tres
385 5752 516 5804 Itss.,
543 5744 596 5793 in
618 5741 884 5804 infernum.
908 5745 1054 5788 οντες.
1078 5744 1208 5796 LXX,
1231 5735 1303 5786 eis
1324 5735 1465 5786 oden.

220 5809 270 5858 al
293 5809 358 5857 id.
383 5796 514 5858 vers:
541 5807 575 5856 5
597 5796 838 5854 tractatur
858 5803 904 5850 in
927 5807 1060 5849 Enar.
1087 5807 1158 5848 Ps.
1185 5811 1511 5855 sumserm.
1534 5796 1735 5852 l,n.12.

220 5823 248 5857 α
293 5809 358 5857 ω.
383 5821 514 5858 vers.
541 5807 575 5856 5
597 5810 838 5854 tractatur
858 5807 904 5850 in
927 5807 1060 5849 Enar.
1087 5807 1158 5848 Ps.
1185 5811 1511 5855 sumserm.
1534 5807 1732 5852 t,n.tz.

200 5807 274 5932 ibi
303 5878 369 5922 ne
393 5871 570 5921 eodem
596 5878 737 5918 vers.
763 5864 970 5924 Ssupra,
991 5861 1082 5912 col.
1112 5861 1218 5920 103,
1243 5874 1292 5909 η.
1323 5860 1397 5922 ll,
1422 5861 1547 5908 circa
1571 5858 1732 5908 ﬁnem.

1292 398 1689 454 ENARRATIO
1727 398 1790 453 IN
1832 399 2154 456 PSALMUM
2193 399 2331 456 XVI.

3369 413 3472 470 Hi

1875 528 2155 585 delectatio
2181 541 2266 586 est
2291 532 2342 586 in
2365 533 2544 590 favore
2571 547 2624 590 et
2646 536 2695 590 in
2720 539 3091 607 propitiatione
3118 551 3200 594 tua
3231 544 3280 595 in
3312 543 3479 614 hujus

1873 619 1998 673 vitae
2023 620 2229 687 itinere,
2262 623 2561 692 perducens
2599 641 2766 698 usque
2808 620 3060 685 adﬁnem
3102 633 3288 702 gloria:
3330 651 3462 689 ωηο

1873 720 2086 779 spectas
2110 713 2206 766 tui.

1882 799 3459 826 F——__——————_—__..

2311 837 2395 898 IN
2436 838 2814 902 PSALMUM
2861 843 3006 905 XVI

2475 939 2892 996 ENARRATIU.

2411 1031 2596 1086 Oratio.
2615 1034 2715 1102 ipsi
2742 1033 2927 1090 David.

1945 1119 1997 1172 t.
2029 1117 2178 1190 [vers.
2212 1121 2274 1185 l,
2304 1120 2384 1195 2.]
2417 1122 2538 1178 llaec
2564 1134 2645 1178 est
2665 1141 2906 1194 persona:
2930 1128 3134 1184 Domini
3159 1133 3459 1194 tribuenda.

1873 1208 2118 1278 adjuncta
2145 1211 2402 1280 Ecclesia,
2429 1229 2547 1284 quae
2569 1230 2760 1284 corpus
2789 1219 2905 1288 ejus
2931 1229 3031 1275 est.

1938 1301 1992 1354 2.
2024 1299 2228 1355 Exaudi
2252 1343 2267 1368 ,
2297 1301 2433 1358 Deus
2451 1347 2465 1371 ,
2492 1306 2737 1370 iustitium
2762 1325 2923 1363 nteant
2942 1353 2956 1376 ,
2986 1312 3188 1366 intende
3215 1315 3458 1380 depreca-

1869 1392 1994 1445 tioni
2032 1408 2173 1446 mete.
2214 1395 2433 1448 Auribus
2471 1399 2672 1468 percipe
2706 1402 2980 1456 orationem
3025 1421 3184 1457 meam
3208 1446 3223 1471 ,
3263 1423 3365 1460 non
3409 1409 3462 1462 in

1870 1480 2014 1534 labiis
2040 1482 2229 1537 dolosis
2257 1499 2274 1537 :
2317 1500 2418 1538 non
2451 1485 2516 1539 ad
2560 1495 2609 1540 te
2654 1488 2705 1541 in
2749 1489 2899 1544 labiis
2928 1491 3128 1548 dolosis
3159 1496 3458 1565 proceden-

1869 1580 1996 1625 tcm.
2025 1572 2071 1626 Α
2100 1575 2240 1627 vultu
2271 1585 2353 1628 tuo
2388 1577 2646 1646 judicium
2683 1597 2851 1634 nteant
2879 1585 3089 1653 prodeat
3121 1601 3138 1639 :
3169 1603 3232 1641 ex
3263 1587 3454 1642 illutnie

1869 1664 2080 1719 natione
2108 1666 2311 1720 notitia:
2347 1677 2448 1722 tua:
2474 1685 2654 1724 verum
2683 1672 2915 1740 judicent
2943 1691 2956 1740 ;
2988 1687 3078 1730 aut
3122 1688 3268 1733 certe
3291 1720 3305 1742 ,
3349 1697 3453 1735 non

1866 1753 1918 1806 in
1948 1753 2099 1808 labiis
2119 1755 2320 1810 dolosis
2356 1773 2385 1810 a
2418 1759 2559 1812 vulto
2589 1770 2678 1814 tuo
2701 1761 2957 1831 judicium
2987 1781 3164 1821 meum
3195 1769 3451 1836 prodeat,

1867 1853 1922 1898 ut
1966 1845 2170 1910 scilicet
2212 1861 2318 1900 non
2370 1848 2634 1917 proferam
2673 1851 2918 1920 judicans
2947 1855 3091 1911 aliud
3117 1873 3275 1926 quam
3320 1861 3370 1914 in
3403 1874 3454 1916 te

1863 1933 2118 2005 intelligo.
2149 1933 2296 1991 Oculi
2322 1940 2418 1992 mei
2455 1941 2654 1996 videant
2693 1945 2978 2015 tequitatem
3010 1965 3026 2001 :
3054 1949 3232 2004 cordis
3272 1951 3452 2022 utique

1861 2026 2018 2080 oculi.

1931 2119 1983 2172 3.
2028 2117 2177 2191 [vers.
2220 2119 2298 2194 5.]
2345 2120 2582 2177 Probasti
2627 2141 2715 2178 cor
2744 2143 2906 2180 meum
2935 2138 2980 2182 et
3021 2130 3230 2184 visitasti
3261 2143 3446 2188 nocte:

1858 2213 1979 2281 quia
2013 2213 2182 2280 ipsum
2209 2229 2303 2267 cor
2324 2230 2498 2269 meum
2530 2216 2832 2273 visitatione
2854 2219 3211 2277 tribulationis
3252 2224 3446 2292 proha-

1859 2313 1968 2358 tum
1993 2313 2096 2360 est.
2125 2304 2254 2377 Igne
2293 2323 2369 2360 me
2393 2309 2691 2362 nominasti
2715 2351 2732 2376 ,
2758 2320 2805 2364 et
2840 2327 2940 2364 non
2967 2323 3038 2366 est
3064 2317 3263 2368 iuventa
3291 2316 3342 2368 in
3371 2333 3448 2369 me

1855 2396 2095 2467 iniquitas
2118 2412 2137 2452 :
2167 2414 2271 2452 non
2298 2407 2478 2454 autem
2504 2416 2607 2454 nox
2630 2410 2855 2469 tantum,
2880 2405 3000 2472 quia
3025 2407 3333 2473 perturbare
3361 2423 3448 2460 as-

1855 2486 1993 2541 solet
2017 2530 2031 2551 ,
2055 2487 2146 2542 sed
2172 2489 2330 2543 etiam
2355 2489 2490 2560 ignis
2518 2491 2638 2561 quia
2667 2492 2807 2557 urit,
2837 2494 3073 2548 vocanda
3100 2507 3180 2549 est
3209 2496 3322 2566 ipsa
3347 2495 3445 2551 tri,

1854 2577 2071 2643 bulatio,
2095 2595 2196 2649 qua
2221 2582 2554 2637 examinatus
2577 2625 2592 2648 ,
2615 2582 2788 2653 justus
2819 2585 3064 2641 inventus
3090 2602 3228 2641 sum.

1923 2671 1978 2726 λ.
2021 2671 2169 2744 [νενδ.
2216 2671 2294 2745 4.]
2340 2672 2408 2727 Ut
2432 2689 2533 2728 non
2555 2673 2789 2745 loquatur
2811 2693 2866 2730 os
2895 2694 3059 2731 meum
3087 2695 3239 2749 Opera
3281 2679 3443 2733 Itami-

1852 2779 1975 2815 num
2005 2778 2023 2816 :
2051 2775 2108 2817 ut
2147 2763 2288 2817 aliud
2321 2780 2422 2818 non
2450 2766 2706 2836 procedat
2750 2782 2814 2822 ex
2861 2783 2954 2823 ore
3004 2785 3144 2836 meo,
3186 2787 3341 2841 quant
3389 2771 3439 2826 id

1850 2854 1990 2922 quod
2034 2855 2260 2922 pertinet
2295 2857 2361 2910 ad
2402 2857 2625 2926 gloriam
2666 2871 2720 2914 et
2765 2861 2973 2916 laudem
3008 2870 3192 2927 tuam;
3226 2878 3328 2918 non
3373 2866 3436 2918 ad

1849 2958 2010 3013 opera
2035 2945 2328 3008 hominum,
2351 2964 2468 3017 qua:
2485 2948 2681 3004 faciunt
2702 2961 2895 3020 prteter
2915 2953 3239 3009 voluntatem
3269 2967 3433 3010 tuam.

1851 3033 2072 3105 Propter
2109 3037 2258 3090 verba
2304 3038 2552 3093 labiorum
2591 3052 2789 3096 tuorum
2816 3059 2834 3097 :
2860 3054 3077 3115 propter
3101 3046 3260 3100 verba
3294 3049 3436 3117 pacis

1850 3134 1954 3180 tua:
1973 3167 1988 3188 .
2015 3127 2096 3182 vel
2121 3123 2504 3198 Prophetarum
2533 3142 2765 3188 tuorum.
2793 3132 2903 3205 Ego
2935 3137 3180 3192 custodivi
3208 3139 3314 3194 uias
3341 3139 3436 3193 du,

1846 3234 1932 3272 ras
1967 3235 1987 3272 :
2013 3235 2112 3290 ego
2159 3221 2419 3276 custodivi
2462 3223 2575 3278 vias
2622 3224 2914 3282 laboriosas
2956 3230 3292 3286 mortalitatis
3331 3231 3433 3285 hu.-

1845 3323 2018 3365 manre
2038 3320 2197 3380 atque
2225 3314 2522 3381 passionis..

1916 3400 1970 3454 5.
1997 3397 2146 3471 [νοτε.
2179 3400 2262 3473 5.]
2283 3403 2362 3456 Ad
2397 3421 2474 3474 pe)
2488 3404 2730 3473 ﬁciendos
2767 3423 2967 3478 gressus
2995 3424 3130 3464 meos
3167 3411 3220 3463 in
3246 3413 3438 3466 seruilis

1844 3491 1944 3545 tuis
1981 3507 2000 3546 :
2041 3502 2095 3547 ut
2137 3494 2482 3563 perﬁceretur
2506 3495 2738 3552 charitas
2778 3499 3034 3554 Ecclesia:
3075 3501 3125 3554 in
3156 3502 3432 3558 itineribus

1842 3584 2120 3654 angustis,
2149 3584 2342 3654 quibus
2380 3588 2591 3642 venitur
2627 3587 2693 3642 ad
2734 3591 2971 3659 requiem
3013 3600 3177 3645 tuam.
3221 3591 3290 3647 Ut
3330 3610 3430 3647 non

1842 3684 2134 3728 moveantur
2159 3676 2368 3746 uestigia
2387 3693 2498 3731 mea
2524 3693 2544 3732 :
2565 3687 2622 3732 ut
2646 3694 2751 3733 non
2773 3690 3086 3736 moveantur
3103 3682 3252 3752 signa
3274 3684 3428 3740 itine-

1841 3764 1916 3818 ris
1951 3765 2097 3832 mei,
2135 3780 2256 3837 quze
2283 3775 2534 3838 tanquam
2572 3769 2791 3842 vestigia
2834 3774 3183 3830 sacramentis
3209 3783 3263 3830 et
3287 3775 3429 3832 Scri-

1843 3856 2010 3926 pturis
2034 3856 2342 3927 apostolicis
2380 3858 2642 3928 impressa
2664 3869 2824 3926 sunt,
2864 3877 2984 3934 qute
3027 3863 3331 3920 intueantur
3375 3876 3430 3920 et

1840 3946 2126 4002 observent
2147 3947 2237 4018 qui
2267 3962 2354 4003 me
2378 3949 2529 4019 sequi
2570 3949 2791 4017 volunt;
2829 3960 2921 4006 aut
2947 3961 3094 4008 certe
3116 3996 3132 4022 ,
3175 3963 3233 4010 ut
3267 3956 3426 4010 etiam

1841 4037 2101 4093 stabiliter
2119 4038 2172 4093 in
2193 4040 2491 4096 aeternitate
2523 4056 2882 4112 permaneam,
2906 4056 3090 4116 postea
3113 4061 3272 4117 quam
3303 4064 3429 4117 pcr-

1840 4126 1922 4198 egi
1954 4127 2066 4184 vias
2121 4127 2322 4198 duras,
2366 4141 2420 4186 et
2459 4131 2512 4186 in
2562 4134 2819 4204 angustiis
2863 4135 3171 4192 semitarum
3217 4147 3427 4194 tuarum

1838 4235 2061 4292 gressus
2082 4224 2299 4293 perfeci.

1911 4311 1966 4367 6.
2010 4310 2160 4385 [νεα.
2207 4312 2287 4387 6.]
2317 4313 2430 4387 Ego
2454 4317 2668 4373 clamaui
2689 4361 2705 4386 ,
2745 4322 2985 4389 quoniam
3009 4323 3262 4378 exaudiin
3306 4341 3388 4380 me
3409 4367 3423 4390 ,

1838 4399 1980 4457 Deus
2024 4417 2044 4456 :
2079 4418 2180 4474 ego
2217 4404 2383 4459 libera
2427 4416 2482 4462 et
2525 4408 2698 4463 valida
2730 4408 3025 4465 intentione
3053 4426 3236 4481 preces
3261 4413 3326 4467 ad
3373 4424 3425 4468 te

1839 4491 2028 4558 direxi;
2058 4493 2308 4563 quoniam
2331 4501 2388 4549 ut
2407 4494 2545 4550 hanc
2575 4496 2771 4553 habere
2791 4513 3023 4569 possem,
3051 4501 3309 4554 exaudisti
3337 4517 3422 4557 me

1839 4581 2101 4640 inﬁrmius
2146 4593 2411 4645 orantem.
2469 4585 2676 4641 lnclina
2728 4605 2900 4643 aurem
2956 4602 3094 4644 tuam
3148 4592 3275 4646 mihi
3300 4634 3315 4658 ,
3379 4605 3425 4648 et

1840 4676 2025 4732 exaudi
2052 4677 2198 4732 verba
2224 4694 2335 4733 mea
2358 4694 2378 4733 :
2403 4693 2509 4734 non
2533 4679 2745 4737 deserat
2771 4682 3046 4739 exauditio
3079 4692 3168 4738 tua
3207 4683 3426 4741 humili-

1841 4776 2002 4825 tatem
2032 4785 2225 4827 meam.
2516 4766 2519 4768 ’

1911 4860 1965 4914 7.
2012 4857 2162 4934 [rem
2208 4859 2291 4934 7.]
2335 4861 2563 4932 Miriﬁoa
2603 4865 3118 4921 misericordias-tuas
3146 4884 3164 4922 :
3194 4884 3300 4924 non
3347 4872 3428 4925 vi-

1841 4949 2044 5006 lescant
2070 4951 2453 5007 misericordize
2480 4963 2582 5007 tua:
2604 4997 2618 5019 ,
2643 4969 2712 5009 ne
2741 4956 2917 5009 minus
2942 4968 3208 5011 amentur.

1910 5042 1965 5098 8.-
1996 5041 2146 5116 [νει-ε.
2189 5042 2270 5116 8.]
2299 5045 2400 5109 Qui
2441 5046 2606 5099 salvos
2644 5047 2772 5115 facis
2810 5061 3081 5114 sperantes
3112 5051 3166 5104 in
3194 5060 3260 5116 te,
3293 5068 3325 5104 a
3348 5069 3430 5107 re-

1839 5133 2123 5189 sistentibus
2166 5135 2384 5189 dextera:
2421 5145 2526 5190 tua:
2565 5151 2584 5188 :
2621 5151 2651 5190 a
2696 5137 3067 5194 resistentibus
3113 5139 3280 5197 favori
3321 5160 3423 5210 quo

1840 5225 2162 5281 mihifaves.
2205 5224 2413 5279 Custodi
2452 5242 2565 5292 me,
2595 5226 2840 5294 Domine,
2873 5241 2938 5284 ut.
2966 5233 3215 5300 pupillam
3241 5234 3378 5288 oculi
3409 5249 3447 5301 ε,

1841 5329 1960 5385 qua:
1998 5323 2219 5386 apparet
2244 5330 2498 5385 perparva
2519 5325 2573 5370 et
2600 5318 2818 5388 exigua;
2847 5335 2946 5389 per
2981 5336 3098 5378 eam
3142 5332 3321 5380 tamen
3341 5324 3394 5378 di

1839 5405 2028 5475 rigitur
2052 5406 2198 5460 acies
2223 5404 2440 5460 luminis
2466 5411 2570 5477 q‘uo
2597 5407 2686 5462 lux
2708 5418 2764 5463 et
2790 5412 3023 5466 tenebras
3045 5412 3419 5482 dijudicantur,

1840 5493 1978 5548 sicut
2021 5507 2118 5562 per
2157 5492 2348 5548 Christi
2375 5494 2754 5552 humanitatem
2797 5499 3049 5554 divinitas
3084 5502 3268 5569 judicii
3316 5502 3425 5556 dis-

1841 5598 2070 5642 Cerneus
2119 5585 2257 5639 inter
2277 5584 2453 5654 justos
2475 5596 2529 5641 et
2554 5599 2881 5658 peccatores.
2908 5591 2971 5645 In
2993 5592 3204 5660 tegmine
3227 5593 3425 5646 alarm”

1841 5682 2041 5727 tuarum
2075 5683 2275 5743 protege
2301 5676 2317 5705 ί
2345 5691 2422 5728 me
2451 5694 2469 5729 :
2500 5677 2551 5730 in
2583 5679 2912 5734 munimento
2945 5679 3219 5735 charitatis
3244 5691 3298 5737 et
3328 5684 3410 5740 mi.

1844 5765 2150 5823 sericordite
2179 5775 2282 5821 tua:
2328 5778 2545 5838 protege
2581 5785 2668 5825 me
2692 5770 2737 5824 Α
2775 5773 2903 5842 faeie
2929 5771 3205 5842 impiarum
3232 5775 3320 5849 qui
3349 5792 3429 5837 ut:

1905 5857 1922 5889 ί
1949 5855 2082 5919 Edd.,
2110 5862 2343 5921 proteges.
2370 5864 2425 5908 At
2445 5864 2572 5921 Mss,
2593 5865 2803 5926 protege.
