4042 6488
584 394 688 452 117

581 510 883 583 amiserunt.

657 601 712 659 9.
740 599 892 673 [νινε.
916 599 951 656 9
969 640 985 665 ,
1014 596 1126 672 10.]
1154 595 1360 652 Inimici
1385 596 1482 651 mei
1501 595 1722 650 animam
1748 609 1910 647 meam
1946 591 2163 647 circum-

585 693 870 758 dederunt,
898 691 1099 762 adipem
1121 705 1270 744 suum
1296 688 1646 741 concluserunt
1672 700 1690 739 :
1721 684 1901 739 lmtitia
1929 696 2027 737 sua
2050 681 2167 750 pin-

583 786 672 855 gui
713 781 952 852 c00perti
990 790 1150 847 sunt,
1193 791 1373 849 postea
1404 793 1560 848 quam
1590 776 1851 847 cupiditas
1876 787 2061 829 eorum
2098 771 2168 826 de

584 876 790 931 scelere
825 874 1010 928 satiata
1037 882 1139 928 est.
1166 871 1236 926 Os
1268 887 1441 926 eorum
1468 871 1689 924 locutum
1726 877 1798 922 est
1839 865 2123 934 superbiam
2146 879 2167 919 :

583 976 640 1024 et
688 974 964 1037 propterea
998 980 1059 1020 os
1101 979 1286 1019 eorum
1316 963 1547 1017 locutum
1576 968 1660 1015 est
1699 958 2000 1027 superbiam
2023 997 2040 1023 ,
2085 954 2168 1010 di-

582 1056 757 1114 cendo
783 1075 797 1113 :
823 1057 942 1135 Ave,
973 1072 1064 1111 rex
1080 1053 1378 1110 Judworum
1400 1050 1608 1136 (Matth.
1634 1064 1781 1104 xxvn
1799 1089 1816 1115 ,
1845 1044 1963 1119 29),
1991 1056 2044 1102 et
2064 1061 2167 1102 ca:-

585 1160 698 1205 tera
723 1149 865 1203 talia.
2072 1148 2073 1151 η

656 1239 745 1295 10.
802 1237 952 1311 [vers.
996 1234 1111 1310 1L]
1165 1235 1498 1307 Projicientes
1544 1250 1626 1287 me
1661 1247 1794 1287 nunc
1829 1226 2170 1286 circumdede-

582 1339 700 1384 runt
726 1347 804 1383 me
831 1344 851 1384 .'
875 1328 1211 1399 projicientcs
1251 1341 1337 1381 me
1375 1334 1522 1380 extra
1548 1323 1851 1387 civitatem,
1895 1337 2034 1377 nunc
2066 1322 2170 1376 cir-

583 1421 972 1477 cumdederunt
1012 1435 1097 1476 me
1122 1419 1174 1473 in
1201 1433 1379 1474 cruce.
1412 1415 1601 1470 Oculos
1624 1431 1742 1469 suos
1767 1421 2043 1468 statuerunt
2080 1413 2169 1467 de-

583 1515 775 1569 clinare
813 1513 867 1567 in
911 1521 1138 1567 terram:
1165 1510 1513 1564 intentionem
1540 1506 1717 1563 cordis
1746 1506 1828 1560 sui
1870 1512 2169 1559 statuerunt

585 1589 853 1662 declinare
898 1607 950 1659 in
986 1604 1085 1659 ista
1114 1612 1361 1666 terrena;
1404 1607 1650 1670 putantes
1677 1612 1924 1668 magnum
1972 1596 2167 1650 malum

585 1703 792 1773 perpeti
820 1716 939 1755 eum
965 1698 1054 1770 qui
1074 1695 1435 1759 occidebatur,
1460 1701 1515 1749 et
1541 1708 1602 1748 se
1621 1691 1821 1746 nullum
1850 1689 1940 1761 qui
1963 1687 2170 1744 occide-

583 1792 749 1937 b81112
782 1878 931 1955 [vers.
969 1877 1082 1953 12.]
1115 1878 1459 1949 Susceperunt
1498 1889 1577 1928 me
1612 1873 1738 1926 sicut
1765 1871 1842 1926 leo
1869 1877 2078 1939 paratus
2103 1868 2171 1921 ad

586 1972 812 2030 arwdam
837 1988 857 2026 :
894 1971 1246 2039 susceperunt
1291 1983 1378 2022 me
1405 1966 1543 2020 sicut
1582 1963 1673 2018 ille
1702 1958 2037 2016 adversarius
2063 1959 2169 2013 cir-

584 2064 861 2128 cumiens,
902 2076 1148 2133 quaarens
1186 2074 1345 2130 quem
1387 2058 1610 2113 devoret
1652 2054 1696 2120 (1
1742 2052 1963 2117 Petr.v,
1994 2052 2071 2121 8).
2106 2050 2170 2104 Et

586 2156 714 2211 sicut
740 2155 935 2211 catulus
958 2154 1117 2210 leonis
1156 2151 1387 2206 habitans
1415 2146 1469 2204 in
1506 2147 1735 2203 occultis.
1761 2145 1832 2200 Et
1858 2145 1995 2199 sicut
2022 2152 2173 2197 caluo

585 2246 669 2301 lus
695 2246 809 2316 ejus
831 2288 843 2309 ,
880 2245 1102 2316 populus
1144 2243 1231 2299 cui
1256 2242 1454 2298 dictum
1479 2247 1563 2295 est
1594 2256 1607 2293 :
1646 2237 1747 2291 Vos
1789 2253 1850 2291 ex
1876 2246 2020 2306 patre
2055 2235 2169 2287 dia-

588 2336 702 2393 bolo
735 2337 852 2391 estis
877 2335 1056 2407 (Joan.
1084 2350 1178 2389 vut
1202 2375 1217 2400 ,
1245 2334 1360 2405 41),
1389 2332 1627 2401 cogitans
1653 2329 1720 2384 de
1750 2327 1955 2383 insidiis
1979 2327 2171 2398 quibus

585 2427 786 2499 justum
814 2427 1224 2497 circumveniret
1249 2435 1303 2481 et
1341 2423 1604 2495 perderet.

659 2520 746 2576 12.
778 2517 931 2593 [vers.
965 2516 1078 2591 13.]
1108 2515 1374 2587 Exsurge,
1408 2513 1624 2568 Domine
1647 2552 1662 2577 ,
1709 2510 1926 2582 prtereni
1962 2526 2080 2572 eos,
2125 2518 2172 2564 et

587 2614 814 2669 subverte
838 2628 922 2667 eos
943 2628 963 2666 :
991 2622 1217 2679 exsurge
1238 2648 1254 2675 ,
1283 2604 1507 2662 Domine
1525 2645 1541 2670 ,
1587 2617 1745 2675 quem
1771 2601 2005 2656 dormire
2029 2600 2173 2655 arbi-

588 2712 798 2760 trantur
821 2711 876 2757 et
899 2700 1204 2770 iniquitates
1231 2694 1505 2750 hominum
1529 2706 1637 2749 non
1657 2705 1882 2754 curare;
1913 2700 2038 2744 ante
2074 2704 2171 2744 ex-

589 2802 859 2851 caacentur
881 2791 1080 2847 malitia
1106 2804 1233 2856 sua,
1262 2799 1318 2843 ut
1338 2786 1535 2843 factum
1560 2800 1748 2842 eorum
1777 2783 2006 2839 vindicta
2036 2794 2173 2854 pm

588 2885 769 2943 veniat
786 2925 801 2949 ,
827 2892 883 2939 et
901 2883 973 2938 ita
1007 2881 1256 2937 subverte
1280 2892 1393 2935 eos.

659 2975 749 3032 13.
780 2972 932 3049 [uers.
964 2970 1077 3044 14.]
1104 2968 1240 3025 Erue
1263 2969 1487 3023 animam
1513 2982 1676 3022 meam
1714 2964 1777 3020 ab
1802 2965 1972 3036 impiis
1997 2979 2017 3018 :
2042 2978 2171 3019 erue

588 3067 824 3121 animam
862 3077 1034 3119 meam
1061 3058 1427 3116 resuscitando
1455 3071 1542 3113 me
1579 3072 1611 3112 a
1645 3066 1850 3121 morte,
1881 3070 2002 3126 quae
2038 3055 2171 3109 mihi

588 3156 659 3212 ab
686 3155 863 3226 impiis
901 3154 1131 3223 irrogata
1159 3160 1263 3207 est.
1292 3148 1567 3204 Frameam
1604 3157 1744 3203 tuam
1772 3146 1848 3220 (a)
1870 3146 1932 3201 ab
1957 3147 2172 3201 inimicis

589 3265 771 3304 manus
808 3257 908 3302 tute
937 3264 952 3300 :
982 3246 1158 3301 anima
1182 3244 1324 3300 enim
1353 3256 1475 3298 mea
1504 3241 1699 3296 framea
1726 3248 1813 3293 tua
1852 3246 1935 3295 est
1957 3280 1972 3303 ,
2012 3254 2170 3307 quam

589 3337 877 3409 assumpsit
904 3350 1094 3391 manus
1136 3343 1225 3389 tua
1244 3374 1259 3399 ,
1287 3333 1339 3388 id
1370 3343 1483 3397 est,
1514 3339 1712 3387 aeterna
1739 3331 1908 3383 virtus
1944 3337 2029 3382 tua
2054 3369 2068 3392 ,
2112 3334 2173 3382 ut

589 3442 689 3501 per
715 3429 882 3498 ipsam
906 3439 1070 3498 regna
1094 3423 1325 3481 debellet
1359 3420 1649 3493 iniquitatis
1674 3427 1727 3475 et
1766 3417 1968 3474 dividat
2000 3418 2172 3487 justos

590 3519 660 3575 ab
689 3519 884 3590 impiis;
909 3517 1047 3572 hanc
1071 3530 1198 3586 ergo
1227 3531 1345 3568 erue
1368 3513 1431 3567 ab
1456 3510 1671 3565 inimicis
1699 3525 1878 3564 manus
1901 3516 2001 3562 tua:
2023 3547 2038 3570 ,
2071 3506 2173 3562 hoc

590 3622 675 3670 est
713 3612 921 3666 virtutis
954 3620 1057 3665 tua:
1078 3649 1094 3675 ,
1123 3610 1227 3663 hoc
1249 3618 1332 3662 est
1357 3607 1426 3661 ab
1452 3603 1680 3658 inimicis
1722 3600 1875 3657 meis.
1912 3600 2130 3655 Domine
2152 3640 2169 3667 ,

591 3698 805 3776 perdens
833 3703 896 3758 de
917 3711 1068 3764 terra,
1096 3700 1360 3771 dispertire
1383 3715 1466 3752 eos
1490 3697 1545 3750 in
1562 3696 1665 3750 vita
1682 3710 1855 3750 eorum
1883 3710 1902 3748 :
1926 3693 2170 3759 Domine,

592 3793 825 3866 perdens
845 3808 937 3847 eos
961 3790 1029 3846 de
1055 3799 1192 3846 terra
1219 3804 1375 3859 quam
1401 3785 1697 3843 inhabitant
1718 3825 1735 3851 ,
1777 3785 2056 3855 dispertire
2080 3798 2174 3840 eos

594 3902 692 3959 per
718 3887 901 3942 orbem
933 3895 1194 3941 terrarum
1224 3884 1276 3938 in
1306 3882 1404 3937 ista
1445 3880 1552 3936 vita
1576 3922 1592 3947 ,
1618 3893 1777 3950 quam
1816 3877 1982 3933 solam
2023 3890 2173 3931 suam

593 3979 754 4033 vitam
781 3978 967 4046 putant
997 3975 1085 4046 qui
1111 3983 1363 4030 teternam
1388 3971 1695 4042 desperant.
1724 3965 1793 4022 Et
1821 3968 1884 4022 de
1909 3966 2176 4021 abscondi-

593 4066 658 4121 tis
682 4068 781 4121 tuis
809 4065 1109 4137 adimpletus
1129 4050 1202 4118 est
1228 4070 1393 4117 venter
1411 4077 1581 4116 eorum
1610 4075 1631 4114 :
1656 4073 1761 4113 non
1788 4057 1965 4113 solum
1996 4065 2174 4112 autem

595 4157 698 4213 ista
720 4161 875 4226 paena
897 4170 990 4211 eos
1012 4160 1367 4224 consequetur
1383 4149 1623 4216 visibilis;
1648 4147 1742 4204 sed
1769 4147 1929 4203 etiam
1954 4145 2022 4202 de
2049 4161 2175 4216 pee-

596 4250 732 4305 catis
755 4291 771 4316 ,
799 4262 919 4319 qua:
948 4256 1197 4316 tanquam
1226 4244 1462 4299 tenebras
1488 4238 1886 4296 absconduntur
1919 4251 1951 4291 a
1976 4237 2199 4293 lumine

596 4341 835 4398 veritatis
860 4349 984 4404 tute,
1015 4334 1301 4407 adimpleta
1328 4342 1409 4389 est
1429 4331 1684 4387 memoria
1704 4344 1889 4386 eorum
1912 4370 1930 4396 ,
1959 4336 2022 4384 ut
2042 4319 2180 4384 obli-

595 4432 867 4488 viscantur
892 4430 1081 4485 Deum.
1109 4425 1341 4483 Saturati
1376 4431 1492 4478 sunt
1531 4422 1778 4493 porcina:
1808 4419 2028 4476 saturati
2055 4427 2179 4474 sunt

597 4523 928 4578 immunditia
945 4562 961 4587 ,
989 4520 1363 4576 conculcantes
1387 4515 1698 4586 margaritas
1724 4528 2029 4569 sermonum
2060 4510 2175 4567 Dei.

598 4610 666 4665 Et
689 4612 995 4681 reliquerunt
1017 4608 1254 4677 reliquias
1281 4606 1504 4675 parvulis
1531 4603 1636 4658 suis
1658 4617 1678 4657 :
1704 4603 2016 4667 clamantes,
2046 4600 2179 4655 Pec-

599 4711 769 4754 catum
809 4699 905 4752 hoc
945 4711 1096 4768 super
1140 4711 1233 4750 nos
1273 4704 1322 4750 et
1360 4710 1512 4763 super
1554 4693 1688 4763 ﬁlios
1726 4702 1924 4747 nostros
1965 4690 2177 4762 (Matth.

598 4804 746 4844 xxvn
764 4830 779 4852 ,
807 4787 923 4857 25).

671 4878 760 4933 14.
801 4877 975 4951 [verm
1004 4873 1118 4949 15.]
1155 4874 1270 4948 Ego
1312 4882 1480 4929 autem
1505 4872 1560 4927 in
1587 4880 1676 4926 tua
1706 4871 1906 4941 iustitia
1932 4871 2182 4942 apparebo

528 4994 531 4995 ν
598 4968 653 5022 in
679 4975 946 5038 conspectu
972 4976 1057 5021 tuo
1080 4981 1100 5021 :
1130 4971 1239 5037 ego
1262 4973 1439 5020 autem
1467 4962 1555 5034 qui
1592 4975 1699 5016 non
1736 4961 1954 5031 apparui
1985 4965 2065 5016 eis
2092 4963 2179 5031 qui

600 5056 765 5113 corde
792 5056 1007 5111 sordido
1042 5064 1099 5112 et
1139 5055 1425 5111 tenebroso
1466 5054 1641 5109 lucem
1686 5052 1958 5121 sapientiae
2000 5052 2184 5108 videre

602 5163 707 5203 non
729 5156 969 5218 possunt,
993 5149 1049 5204 in
1073 5155 1158 5203 tua
1175 5147 1374 5218 iustitia
1394 5145 1662 5217 apparebo
1681 5144 1733 5198 in
1754 5151 2043 5213 conSpectu
2070 5153 2180 5199 tuo.

603 5237 842 5295 Satiabor
877 5230 1001 5292 dum
1035 5238 1438 5311 manifestabitur
1481 5235 1645 5308 gloria
1682 5242 1768 5287 tua
1791 5249 1811 5288 :
1852 5243 1908 5289 et
1943 5250 2063 5289 cum
2108 5235 2181 5289 illi

603 5327 824 5382 saturati
849 5336 975 5382 sunt
1015 5327 1342 5383 immunditia
1368 5340 1460 5380 sua
1486 5365 1501 5389 ,
1534 5333 1592 5380 ut
1634 5339 1719 5379 me
1744 5323 2040 5395 intelligere
2077 5341 2182 5379 non

601 5417 828 5490 possint,
859 5432 958 5487 ego
986 5419 1218 5473 satiabor
1254 5416 1380 5472 dum
1418 5413 1841 5470 manilestabitur
1873 5415 2043 5485 gloria
2072 5425 2182 5484 tua,

601 5509 655 5563 in
688 5508 771 5563 his
814 5507 906 5579 qui
946 5523 1032 5563 me
1059 5507 1076 5540 ¹
1124 5500 1440 5577 intelligunt.
1489 5504 1630 5560 Sane
1675 5504 1727 5558 in
1772 5505 1863 5559 illo
1907 5522 2064 5561 versu
2096 5509 2183 5562 ubi

602 5598 801 5654 dictum
829 5607 912 5654 est
936 5597 1170 5653 Saturati
1189 5606 1302 5652 sunt
1330 5596 1558 5665 porcina,
1592 5584 1840 5649 nonnulla
1862 5597 2183 5667 exemplaria

665 5712 684 5772 ξ
708 5710 840 5772 Apud
861 5716 993 5771 Lov.,
1016 5716 1078 5761 te.
1119 5708 1248 5772 Apud
1272 5716 1344 5759 Er.
1368 5716 1420 5759 et
1437 5716 1567 5768 Mss"
1589 5719 1682 5757 me.

600 5770 989 5895 “$35523?
1010 5784 1139 5825 vers.
1156 5770 1218 5823 13
1245 5778 1473 5823 tractatur
1495 5774 1640 5823 etiam
1656 5778 1706 5823 tn
1726 5773 1758 5817 Ε
1776 5786 1863 5822 ηπ.
1877 5771 1996 5822 Psal.
2019 5785 2185 5835 xxxnv,

1822 385 1882 443 S.
1920 382 2283 443 AUGUSTISI
2324 383 2620 442 EPISCOPI

3710 396 3854 454 ,148

2271 537 2499 594 Saturati
2516 548 2633 594 sunt
2655 536 2774 608 filiis
2799 538 3015 595 habent.
3138 538 3384 611 ambiguo
3408 541 3550 597 enim
3572 556 3750 613 graeco
3772 544 3855 617 (a)

2270 630 2633 699 interpretatio
2654 630 2847 701 duplex
2872 630 3067 686 evenit.
3096 630 3259 685 Filios
3284 642 3481 697 autem,
3503 647 3662 703 opera
3690 634 3859 688 intel-

2270 719 2511 790 ligimus;
2555 728 2609 775 et
2634 722 2770 776 sicut
2799 730 2934 776 bona
2963 736 3123 790 Opera
3150 720 3320 777 bonos
3358 723 3529 793 lilios,
3567 725 3637 779 ita
3686 726 3859 780 malos

2270 812 2427 865 mala.

3529 906 3847 919 -——_

2676 935 2754 997 ΙΝ
2798 935 3175 997 PSALMUM
3220 937 3397 1002 XVII

2836 1033 3257 1090 ENARRATIO.

2342 1125 2394 1179 1.
2438 1124 2602 1197 [uers.
2634 1123 2714 1196 1.]
2744 1123 2814 1178 In
2840 1125 2990 1194 finem
3014 1152 3035 1191 ,-
3065 1142 3219 1191 puero
3261 1125 3461 1181 Domini
3486 1168 3500 1189 ,
3526 1127 3627 1197 ipsi
3658 1127 3849 1195 Dauid,

2271 1213 2377 1270 hoc
2403 1224 2506 1281 est,
2529 1231 2685 1270 manu
2715 1214 2832 1270 forti
2859 1214 3071 1270 Christo
3091 1216 3380 1272 secundum
3406 1217 3696 1274 hominem.
3728 1219 3862 1285 Qua.

2271 1309 2465 1362 locutus
2490 1317 2567 1362 est
2595 1307 2817 1362 Domino
2845 1311 2991 1363 uerba
3018 1309 3198 1362 cantici
3224 1310 3400 1377 hujus,
3428 1310 3482 1363 in
3519 1310 3600 1365 die
3631 1327 3730 1380 qua
3758 1311 3865 1365 eri-

2272 1398 2378 1468 puit
2403 1414 2515 1451 eum
2544 1396 2794 1452 Dominus
2828 1397 2892 1450 de
2934 1413 3085 1450 manu
3113 1397 3337 1451 omnium
3362 1398 3679 1452 inimicorum
3706 1400 3820 1469 ejus
3839 1437 3862 1466 ,

2272 1498 2319 1543 et
2341 1489 2405 1543 de
2429 1505 2584 1542 manu
2616 1487 2766 1551 Satil,
2796 1498 2843 1541 et
2872 1487 3002 1542 dixit
3030 1486 3097 1557 (ll
3127 1487 3252 1558 Reg.
3279 1504 3423 1554 xm,
3454 1490 3530 1557 1).
3562 1486 3631 1542 In
3656 1490 3737 1543 die
3755 1506 3862 1556 qua

2271 1582 2454 1651 eripuit
2479 1598 2594 1635 eum
2643 1580 2888 1635 Dominus
2940 1578 3005 1633 de
3053 1597 3207 1633 manu
3254 1580 3480 1633 omnium
3532 1581 3858 1634 inimicorum

2271 1674 2400 1743 ejus,
2427 1682 2472 1725 et
2491 1670 2553 1726 de
2578 1687 2731 1724 manu
2753 1669 2902 1734 Said,
2926 1669 3027 1724 hoc
3054 1680 3156 1735 est,
3188 1669 3326 1739 regis
3345 1668 3672 1733 Iudaeorum,
3695 1686 3861 1739 quem

2272 1765 2371 1818 sibi
2404 1765 2502 1833 ipsi
2531 1764 2843 1829 petiverant.
2865 1762 2998 1817 Nam
3028 1765 3165 1817 sicut
3194 1763 3376 1827 David,
3405 1750 3557 1817 Manu
3590 1764 3759 1829 tortis,
3787 1763 3863 1818 ita

2273 1855 2431 1918 Sani,
2465 1855 2653 1910 Petilio
2684 1854 3016 1924 interpretari
3059 1852 3283 1908 dicitur:
3316 1863 3498 1907 notum
3523 1863 3611 1908 est
3634 1863 3813 1906 autem
3842 1894 3862 1918 ,

2273 1945 2539 2017 quomodo
2581 1945 2669 2000 ille
2715 1944 2938 2014 populus
2982 1957 3162 2011 regem
3217 1942 3316 1997 sibi
3361 1943 3605 2012 petiverit
3658 1942 3698 2013 (1
3727 1942 3860 2013 Reg.

2274 2052 2369 2091 vul
2393 2077 2408 2102 ,
2437 2037 2492 2105 5)
2523 2044 2574 2091 et
2600 2034 2866 2105 acceperit
2888 2075 2903 2097 .
2934 2049 3040 2088 non
3068 2033 3360 2089 secundum
3392 2033 3520 2100 Dei,
3547 2034 3637 2087 sed
3660 2048 3863 2089 secun-

2273 2127 2400 2181 dum
2430 2141 2579 2181 suam
2603 2125 2953 2179 voluntatem.

2343 2219 2397 2273 2.
2437 2217 2586 2291 [vers.
2615 2215 2695 2288 2.]
2728 2216 2862 2272 Dicit
2908 2220 3035 2286 ergo
3060 2213 3147 2269 hic
3169 2214 3411 2270 Christus
3433 2223 3488 2269 et
3515 2213 3774 2277 Ecclesia,
3804 2214 3863 2269 id

2274 2319 2376 2373 esu
2411 2315 2548 2362 totus
2575 2305 2839 2371 Christus,
2863 2314 3023 2374 caput
3053 2312 3109 2360 et
3134 2319 3328 2373 corpus
3353 2320 3370 2358 :
3405 2303 3625 2374 Diligum
3651 2314 3697 2356 te
3717 2344 3731 2365 ,
3754 2302 3864 2357 Do-

2275 2399 2425 2463 mine,
2440 2399 2599 2452 virtus
2624 2413 2735 2452 mea
2757 2412 2776 2451 :
2803 2395 3017 2467 diligam
3039 2403 3112 2458 te,
3142 2394 3385 2460 Domine,
3403 2409 3495 2462 per
3522 2408 3681 2464 quem
3704 2393 3866 2449 fortis

2274 2502 2413 2542 sum.

2344 2579 2398 2633 3.
2440 2576 2606 2649 [uers.
2638 2574 2719 2647 5.]
2743 2574 2978 2641 Domine,
3008 2574 3377 2643 ﬁrmamentum
3404 2589 3570 2627 meum
3589 2615 3603 2637 ,
3636 2584 3683 2628 et
3709 2579 3860 2643 refu-

2273 2669 2412 2739 gium
2432 2683 2615 2732 meum,
2633 2675 2678 2719 et
2696 2666 2933 2720 liberator
2952 2680 3091 2719 meus
3107 2680 3126 2719 :
3143 2663 3384 2728 Domine,
3400 2663 3491 2733 qui
3512 2679 3597 2718 me
3612 2662 3861 2731 lirtuasti,

2273 2758 2396 2828 quia
2438 2755 2606 2826 refugi
2638 2755 2704 2810 ad
2744 2762 2830 2821 te;
2874 2753 3044 2824 refugi
3091 2764 3269 2808 autem
3312 2752 3435 2823 quia
3463 2753 3695 2808 liberasti
3746 2769 3860 2809 me.

2273 2846 2413 2902 Deus
2452 2862 2593 2900 nteus
2629 2845 2837 2913 adjutor
2883 2860 3045 2908 meus,
3073 2852 3117 2898 et
3162 2842 3372 2911 sperabo
3415 2844 3467 2896 in
3508 2859 3620 2896 eum
3647 2857 3667 2897 ε
3713 2842 3865 2897 Deus

2275 2952 2447 3004 meus,
2474 2936 2564 3007 qui
2588 2935 2717 2990 mihi
2743 2933 3062 3004 adiutorium
3090 2934 3235 3003 prius
3262 2932 3554 2987 vocationis
3588 2942 3689 2987 tum
3716 2948 3862 3002 pra:-

2274 3029 2473 3095 stitisti,
2518 3038 2574 3082 ut
2621 3041 2838 3097 sperare
2889 3026 2939 3079 iu
2986 3033 3038 3079 te
3093 3025 3320 3093 possim.
3347 3022 3606 3078 Protector
3647 3039 3784 3077 meus
3810 3032 3866 3078 es

2275 3135 2433 3173 cornu
2456 3117 2633 3172 salutis
2652 3130 2794 3179 mea,
2817 3125 2863 3169 et
2889 3122 3170 3183 redemptor
3192 3131 3328 3171 meus
3348 3129 3367 3167 :
3392 3122 3659 3182 protector
3681 3128 3860 3178 meus,

2274 3214 2395 3284 quia
2427 3226 2532 3267 non
2570 3210 2639 3264 de
2668 3225 2755 3264 me
2782 3209 3090 3279 przesumpsi
3113 3250 3127 3270 ,
3159 3209 3308 3278 quasi
3339 3210 3549 3278 erigens
3576 3208 3863 3263 adversum

2276 3312 2329 3358 te
2350 3317 2516 3358 cornu
2562 3299 2862 3368 superbiae;
2910 3298 3005 3353 sed
3061 3307 3112 3354 te
3139 3300 3156 3331 ¹
3185 3300 3355 3369 ipsum
3397 3313 3586 3363 cornu,
3636 3297 3737 3353 hoc
3774 3309 3868 3354 est

2275 3396 2481 3449 ﬁrmam
2520 3391 2888 3447 celsitudinem
2925 3391 3109 3446 salutis
3137 3390 3312 3445 inveni
3337 3406 3352 3456 ;
3378 3389 3523 3460 quod
3562 3399 3621 3444 ut
3650 3390 3865 3445 inveni-

2274 3498 2412 3551 rem,
2440 3481 2711 3538 redemisti
2735 3495 2842 3536 me.

2343 3577 2399 3632 4.
2440 3573 2604 3648 [υεη.
2636 3572 2719 3646 4.]
2749 3572 2991 3628 Laudans
3018 3572 3256 3627 invocabo
3286 3570 3577 3634 Dominum,
3605 3582 3651 3625 et
3675 3570 3736 3623 ab
3762 3571 3869 3624 ini-

2274 3667 2418 3722 micis
2441 3666 2562 3720 meis
2586 3665 2753 3719 saleus
2777 3680 2863 3718 ero
2882 3678 2903 3717 :
2932 3679 3035 3717 non
3064 3677 3234 3717 meam
3261 3662 3506 3731 gloriam,
3531 3661 3623 3717 sed
3651 3660 3868 3715 Domini

2277 3771 2523 3825 quaerens
2541 3797 2556 3819 ,
2603 3753 2862 3809 invocabo
2886 3768 3009 3808 eum
3032 3794 3049 3816 ,
3073 3762 3129 3808 et
3156 3767 3263 3808 non
3290 3752 3392 3807 erit
3418 3750 3560 3807 unde
3598 3750 3725 3805 mihi
3758 3767 3868 3805 no-

2277 3856 2430 3903 ceant
2455 3846 2740 3916 impietatis
2770 3858 3006 3900 errores.

2348 3940 2401 3996 5.
2441 3937 2591 4010 [vers.
2616 3934 2698 4009 5.]
2746 3935 3187 3991 Circumdederunt
3210 3950 3289 3989 me
3316 3933 3520 3989 dolores
3549 3933 3724 3986 mortis
3748 3948 3768 3986 :
3812 3933 3874 3987 id

2278 4037 2361 4082 est
2381 4026 2576 4082 carnis.
2606 4025 2672 4080 Et
2712 4033 2953 4080 torrentes
2980 4023 3254 4094 iniquitatis
3298 4023 3714 4077 conturbauerunt
3745 4037 3830 4075 me
3854 4037 3876 4075 :

2279 4118 2448 4175 turbae
2491 4116 2684 4186 iniquae
2732 4114 2802 4170 ad
2845 4123 3051 4185 tempus
3082 4122 3396 4179 commotae,
3441 4112 3599 4167 veluti
3645 4109 3875 4167 ﬂumina

2278 4208 2525 4281 pluvialis
2554 4208 2661 4263 cito
2689 4206 2920 4262 desitura
2941 4248 2957 4273 ,
2987 4214 3212 4277 egerunt
3236 4213 3293 4259 ut
3333 4206 3714 4262 conturbareut
3756 4220 3873 4258 me.

2351 4299 2405 4355 6.
2447 4297 2611 4372 [νει-ε.
2657 4294 2741 4369 6.]
2772 4295 2982 4350 Dolores
3006 4296 3192 4366 inferni
3219 4294 3648 4349 circumdederunt
3675 4309 3753 4346 me
3777 4309 3794 4346 :
3816 4296 3877 4348 in

2282 4388 2366 4444 his
2391 4390 2481 4459 qui
2509 4403 2597 4444 me
2637 4384 3100 4441 circumdederunt
3137 4392 3197 4439 ut
3240 4383 3524 4453 perderent
3547 4387 3675 4446 'me,
3712 4392 3879 4437 erant

2282 4479 2494 4535 dolores
2541 4475 2868 4537 invidentia,
2926 4473 3017 4544 qui
3065 4481 3290 4527 mortem
3335 4481 3624 4542 aperautur
3668 4470 3878 4540 perdu-

2283 4576 2514 4638 cuntque
2538 4565 2606 4621 ad
2634 4564 2897 4620 infernum
2922 4564 3149 4635 peccati.
3197 4562 3552 4618 Pratumerunt
3583 4578 3661 4614 me
3700 4562 3880 4631 laquei

2283 4659 2505 4725 mortis;
2549 4664 2919 4727 praevenerunt
2956 4670 3078 4722 me,
3106 4663 3165 4709 ut
3189 4653 3391 4723 priores
3430 4668 3620 4707 nocere
3650 4651 3878 4720 vellent,

2285 4750 2427 4821 quod
2452 4750 2529 4804 eis
2558 4757 2741 4818 postea
2766 4747 3095 4803 redderetur.
3125 4747 3283 4801 Tales
3308 4756 3482 4801 autem
3514 4745 3758 4799 homines
3782 4760 3884 4800 ca-

2286 4841 2436 4910 piunt
2456 4840 2506 4894 iu
2528 4836 2877 4909 perditionem
2897 4838 3089 4908 quibus
3111 4838 3246 4892 male
3266 4839 3287 4869 ’
3312 4847 3684 4906 persuaserunt
3701 4834 3888 4904 jacta-

2289 4930 2431 4985 tione
2474 4929 2724 4999 justitiaa;
2765 4929 2916 4999 cujus
2955 4944 3062 4984 non
3089 4943 3170 4995 re,
3209 4922 3308 4983 sed
3341 4928 3574 4992 nomine,
3617 4926 3885 4983 adversus

2287 5018 2485 5075 Gentes
2508 5019 2820 5089 gloriantur.

2360 5111 2412 5163 7.
2453 5109 2619 5181 [uers.
2651 5107 2730 5181 7.]
2760 5106 2828 5162 Et
2848 5108 2900 5162 in
2928 5124 3162 5177 pressura
3186 5123 3296 5160 mea
3321 5106 3546 5161 invocavi
3575 5094 3882 5171 Dominum,

2289 5209 2336 5254 et
2380 5200 2449 5253 ad
2480 5197 2640 5253 Deum
2677 5215 2842 5252 meum
2884 5197 3118 5251 clamavi.
3170 5195 3239 5251 Et
3282 5198 3532 5252 exaudiuit
3580 5196 3642 5250 de
3683 5198 3887 5266 templo

2355 5330 2373 5395 ξ
2400 5330 2624 5395 Plerique
2644 5338 2774 5391 Mss,
2796 5333 2881 5395 sed
2901 5329 3063 5395 ipsum
3091 5342 3243 5381 cornu
3269 5342 3287 5380 :
3308 5342 3406 5381 nec
3427 5329 3629 5390 habent»
3649 5335 3715 5381 ιεο

2354 5393 2376 5424 ³
2402 5390 2566 5443 Plures
2589 5400 2714 5451 Mss,
2745 5390 2889 5441 mata.

2354 5452 2427 5514 (a)
2450 5451 2638 5501 Scilicet
2657 5448 2709 5501 in
2724 5451 3262 5514 eodieibusquibusdam
3287 5460 3364 5502 est
3383 5448 3509 5509 πίονι,
3529 5448 3674 5515 ﬁliis;
3696 5450 3746 5499 in
3765 5450 3884 5505 aliis

2291 5512 2402 5563 ubu.
2424 5512 2602 5563 mrcis:
2626 5522 2709 5563 aut
2745 5511 2902 5563 neit'm.
2933 5513 3160 5563 narcim's.
3193 5515 3301 5563 sive
3344 5511 3561 5563 porcina.
3593 5520 3662 5561 De
3694 5513 3884 5563 eodem

2291 5520 2402 5569 non,
2422 5520 2602 5576 porcis;
2626 5522 2709 5563 aut
2745 5520 2902 5569 neten,
2933 5520 3160 5585 parcatis,
3193 5520 3301 5563 sive
3344 5520 3561 5575 porcina.
3593 5520 3662 5561 De
3694 5520 3891 5565 eouem

2291 5588 2424 5645 vers.
2451 5634 2462 5645 .
2481 5573 2546 5645 1ᾴῄ
2563 5582 2733 5624 tractat
2745 5582 3045 5645 _A_ugtt_stnnits
3080 5576 3131 5624 in
3147 5573 3373 5645 ⁸ςενὶειριξξ
3398 5573 3580 5645 119Aad
3604 5572 3884 5645 Paulinum,

2291 5636 2398 5684 data
2421 5634 2613 5683 circiter
2633 5647 2711 5682 an.
2733 5634 2844 5697 411;
2864 5635 3045 5697 ibique,
3072 5650 3120 5685 η.
3144 5634 3383 5697 5,ξδει’ἰὶ)ἰι
3406 5649 3418 5682 :
3446 5652 3468 5680 α
3488 5636 3719 5684 Recensui
3756 5634 3891 5685 ιιι-θ..

2300 5712 2325 5742 ι
2347 5697 2589 5770 vissiniam
2603 5694 2856 5770 quamdam
2876 5694 3093 5770 ejusdem
3117 5696 3285 5770 psalmi
3305 5697 3661 5770 exliteitionem
3676 5730 3710 5770 ._
3727 5707 3891 5770 quas}:

2300 5773 2325 5821 ει
2340 5756 2438 5816 jam
2469 5754 2582 5804 olim
2602 5754 2918 5821 dictaveram.‘
2937 5774 2959 5802 ι
2990 5765 3097 5809 1ΙὶΕο
3118 5754 3266 5821 igitur
3291 5754 3532 5820 expositio
3570 5754 3764 5806 dictata
3787 5755 3893 5814 iui;

2294 5815 2439 5880 longe
2461 5824 2573 5866 ante
2608 5829 2670 5866 an
2690 5830 2787 5867 sum
2812 5817 2918 5867 lli.
