  <div class='ocr_page' id='page_1' title='image "/cluster/home/n/w/nwhite01/storage/ocr_20150623/36/hvd.32044015471469/080.png"; bbox 0 0 4042 6492; ppageno 0'>
   <div class='ocr_carea' id='block_1_1' title="bbox 165 351 263 409">
    <p class='ocr_par' dir='ltr' id='par_1_1' title="bbox 165 351 263 409">
     <span class='ocr_line' id='line_1_1' title="bbox 165 351 263 409; baseline -0.02 0"><span class='ocrx_word' id='word_1_1' title='bbox 165 351 263 409; x_wconf 60' lang='grc'>119</span> 
     </span>
    </p>
   </div>
   <div class='ocr_carea' id='block_1_2' title="bbox 162 459 1761 531">
    <p class='ocr_par' dir='ltr' id='par_1_2' title="bbox 162 459 1761 531">
     <span class='ocr_line' id='line_1_2' title="bbox 162 459 1761 531; baseline -0.011 -1"><span class='ocrx_word' id='word_1_2' title='bbox 162 482 343 531; x_wconf 81' lang='lat' dir='ltr'><strong>sancto</strong></span> <span class='ocrx_word' id='word_1_3' title='bbox 368 489 461 527; x_wconf 83' lang='lat' dir='ltr'><strong>suo</strong></span> <span class='ocrx_word' id='word_1_4' title='bbox 504 487 684 527; x_wconf 80' lang='lat' dir='ltr'><strong>vocem</strong></span> <span class='ocrx_word' id='word_1_5' title='bbox 715 487 919 527; x_wconf 77' lang='lat' dir='ltr'><strong>meam:</strong></span> <span class='ocrx_word' id='word_1_6' title='bbox 952 468 1219 525; x_wconf 75' lang='lat' dir='ltr'><strong>exaudivit</strong></span> <span class='ocrx_word' id='word_1_7' title='bbox 1247 467 1313 520; x_wconf 89' lang='lat' dir='ltr'><strong>de</strong></span> <span class='ocrx_word' id='word_1_8' title='bbox 1337 464 1497 519; x_wconf 88' lang='lat' dir='ltr'><strong>corde</strong></span> <span class='ocrx_word' id='word_1_9' title='bbox 1527 477 1645 516; x_wconf 91' lang='lat' dir='ltr'><strong>meo</strong></span> <span class='ocrx_word' id='word_1_10' title='bbox 1665 501 1678 522; x_wconf 90' lang='lat'><strong>,</strong></span> <span class='ocrx_word' id='word_1_11' title='bbox 1709 459 1761 514; x_wconf 88' lang='lat' dir='ltr'><strong>in</strong></span> 
     </span>
    </p>
   </div>
   <div class='ocr_carea' id='block_1_3' title="bbox 162 557 1771 638">
    <p class='ocr_par' dir='ltr' id='par_1_3' title="bbox 162 557 1771 638">
     <span class='ocr_line' id='line_1_3' title="bbox 162 557 1771 638; baseline -0.01 -16"><span class='ocrx_word' id='word_1_12' title='bbox 162 584 281 638; x_wconf 81' lang='lat' dir='ltr'><strong>quo</strong></span> <span class='ocrx_word' id='word_1_13' title='bbox 324 564 552 631; x_wconf 87' lang='lat' dir='ltr'><strong>habitat,</strong></span> <span class='ocrx_word' id='word_1_14' title='bbox 593 580 790 620; x_wconf 81' lang='lat' dir='ltr'><strong>vocem</strong></span> <span class='ocrx_word' id='word_1_15' title='bbox 824 578 1013 618; x_wconf 85' lang='lat' dir='ltr'><strong>meam.</strong></span> <span class='ocrx_word' id='word_1_16' title='bbox 1055 561 1119 615; x_wconf 85' lang='lat' dir='ltr'><strong>Et</strong></span> <span class='ocrx_word' id='word_1_17' title='bbox 1164 560 1354 614; x_wconf 89' lang='lat' dir='ltr'><strong>clamor</strong></span> <span class='ocrx_word' id='word_1_18' title='bbox 1397 574 1534 610; x_wconf 88' lang='lat' dir='ltr'><strong>meus</strong></span> <span class='ocrx_word' id='word_1_19' title='bbox 1557 557 1610 608; x_wconf 90' lang='lat' dir='ltr'><strong>in</strong></span> <span class='ocrx_word' id='word_1_20' title='bbox 1653 569 1771 608; x_wconf 86' lang='lat' dir='ltr'><strong>con-</strong></span> 
     </span>
    </p>
   </div>
   <div class='ocr_carea' id='block_1_4' title="bbox 161 645 1772 728">
    <p class='ocr_par' dir='ltr' id='par_1_4' title="bbox 161 645 1772 728">
     <span class='ocr_line' id='line_1_4' title="bbox 161 645 1772 728; baseline -0.01 -16"><span class='ocrx_word' id='word_1_21' title='bbox 161 669 352 728; x_wconf 72' lang='lat' dir='ltr'><strong>spectu</strong></span> <span class='ocrx_word' id='word_1_22' title='bbox 399 657 550 726; x_wconf 75' lang='lat' dir='ltr'><strong>eius:</strong></span> <span class='ocrx_word' id='word_1_23' title='bbox 589 665 646 710; x_wconf 89' lang='lat' dir='ltr'><strong>et</strong></span> <span class='ocrx_word' id='word_1_24' title='bbox 684 656 889 710; x_wconf 87' lang='lat' dir='ltr'><strong>clamor</strong></span> <span class='ocrx_word' id='word_1_25' title='bbox 936 667 1104 717; x_wconf 88' lang='lat' dir='ltr'><strong>meus,</strong></span> <span class='ocrx_word' id='word_1_26' title='bbox 1133 666 1289 720; x_wconf 85' lang='lat' dir='ltr'><strong>quem</strong></span> <span class='ocrx_word' id='word_1_27' title='bbox 1330 666 1437 702; x_wconf 90' lang='lat' dir='ltr'><strong>non</strong></span> <span class='ocrx_word' id='word_1_28' title='bbox 1474 648 1525 700; x_wconf 92' lang='lat' dir='ltr'><strong>in</strong></span> <span class='ocrx_word' id='word_1_29' title='bbox 1558 645 1772 699; x_wconf 89' lang='lat' dir='ltr'><strong>auribus</strong></span> 
     </span>
    </p>
   </div>
   <div class='ocr_carea' id='block_1_5' title="bbox 163 738 1775 815">
    <p class='ocr_par' dir='ltr' id='par_1_5' title="bbox 163 738 1775 815">
     <span class='ocr_line' id='line_1_5' title="bbox 163 738 1775 815; baseline -0.009 -11"><span class='ocrx_word' id='word_1_30' title='bbox 163 751 460 804; x_wconf 85' lang='lat' dir='ltr'><strong>hominum</strong></span> <span class='ocrx_word' id='word_1_31' title='bbox 487 789 501 813; x_wconf 92' lang='lat'><strong>,</strong></span> <span class='ocrx_word' id='word_1_32' title='bbox 533 748 628 802; x_wconf 91' lang='lat' dir='ltr'><strong>sed</strong></span> <span class='ocrx_word' id='word_1_33' title='bbox 656 762 840 801; x_wconf 92' lang='lat' dir='ltr'><strong>coram</strong></span> <span class='ocrx_word' id='word_1_34' title='bbox 871 746 984 815; x_wconf 90' lang='lat' dir='ltr'><strong>ipso</strong></span> <span class='ocrx_word' id='word_1_35' title='bbox 1013 745 1149 798; x_wconf 85' lang='lat' dir='ltr'><strong>intus</strong></span> <span class='ocrx_word' id='word_1_36' title='bbox 1188 742 1356 796; x_wconf 81' lang='lat' dir='ltr'><strong>habeo</strong></span> <span class='ocrx_word' id='word_1_37' title='bbox 1376 783 1390 808; x_wconf 94' lang='lat'><strong>,</strong></span> <span class='ocrx_word' id='word_1_38' title='bbox 1421 738 1643 793; x_wconf 89' lang='lat' dir='ltr'><strong>introibit</strong></span> <span class='ocrx_word' id='word_1_39' title='bbox 1674 738 1691 769; x_wconf 71' lang='grc' dir='ltr'>ι</span> <span class='ocrx_word' id='word_1_40' title='bbox 1721 738 1775 790; x_wconf 90' lang='lat' dir='ltr'><strong>in</strong></span> 
     </span>
    </p>
   </div>
   <div class='ocr_carea' id='block_1_6' title="bbox 162 841 490 909">
    <p class='ocr_par' dir='ltr' id='par_1_6' title="bbox 162 841 490 909">
     <span class='ocr_line' id='line_1_6' title="bbox 162 841 490 909; baseline -0.006 -16"><span class='ocrx_word' id='word_1_41' title='bbox 162 858 338 893; x_wconf 77' lang='lat' dir='ltr'><strong>aures</strong></span> <span class='ocrx_word' id='word_1_42' title='bbox 363 841 490 909; x_wconf 87' lang='lat' dir='ltr'><strong>ejus.</strong></span> 
     </span>
    </p>
   </div>
   <div class='ocr_carea' id='block_1_7' title="bbox 246 919 1778 1004">
    <p class='ocr_par' dir='ltr' id='par_1_7' title="bbox 246 919 1778 1004">
     <span class='ocr_line' id='line_1_7' title="bbox 246 919 1778 1004; baseline -0.009 -18"><span class='ocrx_word' id='word_1_43' title='bbox 246 933 316 986; x_wconf 87' lang='lat'><strong>8.</strong></span> <span class='ocrx_word' id='word_1_44' title='bbox 356 929 521 1004; x_wconf 83' lang='lat' dir='ltr'><strong>[vers.</strong></span> <span class='ocrx_word' id='word_1_45' title='bbox 547 928 632 1002; x_wconf 89' lang='lat'><strong>8.]</strong></span> <span class='ocrx_word' id='word_1_46' title='bbox 667 927 731 982; x_wconf 83' lang='lat' dir='ltr'><strong>Et</strong></span> <span class='ocrx_word' id='word_1_47' title='bbox 757 937 1002 982; x_wconf 89' lang='lat' dir='ltr'><strong>commota</strong></span> <span class='ocrx_word' id='word_1_48' title='bbox 1021 936 1093 980; x_wconf 83' lang='lat' dir='ltr'><strong>est</strong></span> <span class='ocrx_word' id='word_1_49' title='bbox 1119 934 1164 980; x_wconf 86' lang='lat' dir='ltr'><strong>et</strong></span> <span class='ocrx_word' id='word_1_50' title='bbox 1191 922 1489 977; x_wconf 87' lang='lat' dir='ltr'><strong>contrenmit</strong></span> <span class='ocrx_word' id='word_1_51' title='bbox 1510 931 1640 974; x_wconf 88' lang='lat' dir='ltr'><strong>terra</strong></span> <span class='ocrx_word' id='word_1_52' title='bbox 1664 936 1682 974; x_wconf 91' lang='lat'><strong><em>:</em></strong></span> <span class='ocrx_word' id='word_1_53' title='bbox 1707 919 1778 975; x_wconf 84' lang='lat' dir='ltr'><strong>ita</strong></span> 
     </span>
    </p>
   </div>
   <div class='ocr_carea' id='block_1_8' title="bbox 167 1018 1777 1083">
    <p class='ocr_par' dir='ltr' id='par_1_8' title="bbox 167 1018 1777 1083">
     <span class='ocr_line' id='line_1_8' title="bbox 167 1018 1777 1083; baseline -0.007 -5"><span class='ocrx_word' id='word_1_54' title='bbox 167 1023 486 1079; x_wconf 80' lang='lat' dir='ltr'><strong>elariﬁcato</strong></span> <span class='ocrx_word' id='word_1_55' title='bbox 512 1022 620 1076; x_wconf 86' lang='lat' dir='ltr'><strong>tilio</strong></span> <span class='ocrx_word' id='word_1_56' title='bbox 650 1021 913 1083; x_wconf 85' lang='lat' dir='ltr'><strong>hominis,</strong></span> <span class='ocrx_word' id='word_1_57' title='bbox 940 1018 1188 1074; x_wconf 81' lang='lat' dir='ltr'><strong>commoti</strong></span> <span class='ocrx_word' id='word_1_58' title='bbox 1212 1024 1332 1070; x_wconf 80' lang='lat' dir='ltr'><strong>smit</strong></span> <span class='ocrx_word' id='word_1_59' title='bbox 1362 1024 1416 1069; x_wconf 90' lang='lat' dir='ltr'><strong>et</strong></span> <span class='ocrx_word' id='word_1_60' title='bbox 1440 1024 1777 1068; x_wconf 82' lang='lat' dir='ltr'><strong>con-tremue-</strong></span> 
     </span>
    </p>
   </div>
   <div class='ocr_carea' id='block_1_9' title="bbox 169 1105 1782 1185">
    <p class='ocr_par' dir='ltr' id='par_1_9' title="bbox 169 1105 1782 1185">
     <span class='ocr_line' id='line_1_9' title="bbox 169 1105 1782 1185; baseline -0.009 -13"><span class='ocrx_word' id='word_1_61' title='bbox 169 1126 318 1171; x_wconf 81' lang='lat' dir='ltr'><strong>runt</strong></span> <span class='ocrx_word' id='word_1_62' title='bbox 345 1126 672 1185; x_wconf 83' lang='lat' dir='ltr'><strong>peccatores.</strong></span> <span class='ocrx_word' id='word_1_63' title='bbox 723 1112 785 1166; x_wconf 86' lang='lat' dir='ltr'><strong>Et</strong></span> <span class='ocrx_word' id='word_1_64' title='bbox 830 1112 1158 1183; x_wconf 75' lang='lat' dir='ltr'><strong>fundamenta</strong></span> <span class='ocrx_word' id='word_1_65' title='bbox 1199 1109 1441 1162; x_wconf 86' lang='lat' dir='ltr'><strong>montium</strong></span> <span class='ocrx_word' id='word_1_66' title='bbox 1483 1105 1782 1160; x_wconf 90' lang='lat' dir='ltr'><strong>conturbata</strong></span> 
     </span>
    </p>
   </div>
   <div class='ocr_carea' id='block_1_10' title="bbox 173 1196 1786 1276">
    <p class='ocr_par' dir='ltr' id='par_1_10' title="bbox 173 1196 1786 1276">
     <span class='ocr_line' id='line_1_10' title="bbox 173 1196 1786 1276; baseline -0.007 -14"><span class='ocrx_word' id='word_1_67' title='bbox 173 1218 306 1262; x_wconf 75' lang='lat' dir='ltr'><strong>sunt</strong></span> <span class='ocrx_word' id='word_1_68' title='bbox 332 1223 350 1262; x_wconf 92' lang='lat'><strong><em>:</em></strong></span> <span class='ocrx_word' id='word_1_69' title='bbox 378 1217 434 1262; x_wconf 92' lang='lat' dir='ltr'><strong>et</strong></span> <span class='ocrx_word' id='word_1_70' title='bbox 458 1221 580 1276; x_wconf 86' lang='lat' dir='ltr'><strong>spes</strong></span> <span class='ocrx_word' id='word_1_71' title='bbox 606 1205 952 1274; x_wconf 88' lang='lat' dir='ltr'><strong>superborum</strong></span> <span class='ocrx_word' id='word_1_72' title='bbox 979 1245 992 1267; x_wconf 87' lang='lat'><strong>,</strong></span> <span class='ocrx_word' id='word_1_73' title='bbox 1026 1217 1145 1271; x_wconf 68' lang='lat' dir='ltr'><strong>quae</strong></span> <span class='ocrx_word' id='word_1_74' title='bbox 1174 1201 1200 1232; x_wconf 73' lang='lat'><strong>’</strong></span> <span class='ocrx_word' id='word_1_75' title='bbox 1227 1201 1279 1255; x_wconf 91' lang='lat' dir='ltr'><strong>in</strong></span> <span class='ocrx_word' id='word_1_76' title='bbox 1307 1200 1406 1253; x_wconf 88' lang='lat' dir='ltr'><strong>hoc</strong></span> <span class='ocrx_word' id='word_1_77' title='bbox 1449 1198 1642 1252; x_wconf 73' lang='lat' dir='ltr'><strong>smeulo</strong></span> <span class='ocrx_word' id='word_1_78' title='bbox 1671 1196 1786 1250; x_wconf 84' lang='lat' dir='ltr'><strong>fue-</strong></span> 
     </span>
    </p>
   </div>
   <div class='ocr_carea' id='block_1_11' title="bbox 175 1287 1783 1358">
    <p class='ocr_par' dir='ltr' id='par_1_11' title="bbox 175 1287 1783 1358">
     <span class='ocr_line' id='line_1_11' title="bbox 175 1287 1783 1358; baseline -0.009 -6"><span class='ocrx_word' id='word_1_79' title='bbox 175 1307 339 1358; x_wconf 82' lang='lat' dir='ltr'><strong>runt,</strong></span> <span class='ocrx_word' id='word_1_80' title='bbox 388 1295 720 1350; x_wconf 72' lang='lat' dir='ltr'><strong>conturbatze</strong></span> <span class='ocrx_word' id='word_1_81' title='bbox 757 1305 900 1347; x_wconf 89' lang='lat' dir='ltr'><strong>sunt.</strong></span> <span class='ocrx_word' id='word_1_82' title='bbox 953 1291 1017 1346; x_wconf 88' lang='lat' dir='ltr'><strong>Et</strong></span> <span class='ocrx_word' id='word_1_83' title='bbox 1060 1299 1308 1344; x_wconf 88' lang='lat' dir='ltr'><strong>commota</strong></span> <span class='ocrx_word' id='word_1_84' title='bbox 1355 1296 1489 1357; x_wconf 75' lang='lat' dir='ltr'><strong>sunt,</strong></span> <span class='ocrx_word' id='word_1_85' title='bbox 1545 1287 1783 1356; x_wconf 85' lang='lat' dir='ltr'><strong>quoniam</strong></span> 
     </span>
    </p>
   </div>
   <div class='ocr_carea' id='block_1_12' title="bbox 175 1379 1784 1452">
    <p class='ocr_par' dir='ltr' id='par_1_12' title="bbox 175 1379 1784 1452">
     <span class='ocr_line' id='line_1_12' title="bbox 175 1379 1784 1452; baseline -0.006 -9"><span class='ocrx_word' id='word_1_86' title='bbox 175 1391 357 1443; x_wconf 79' lang='lat' dir='ltr'><strong>iratus</strong></span> <span class='ocrx_word' id='word_1_87' title='bbox 406 1396 480 1442; x_wconf 84' lang='lat' dir='ltr'><strong>est</strong></span> <span class='ocrx_word' id='word_1_88' title='bbox 528 1390 598 1442; x_wconf 83' lang='lat' dir='ltr'><strong>eis</strong></span> <span class='ocrx_word' id='word_1_89' title='bbox 651 1386 834 1441; x_wconf 88' lang='lat' dir='ltr'><strong>Deus:</strong></span> <span class='ocrx_word' id='word_1_90' title='bbox 891 1394 946 1440; x_wconf 93' lang='lat' dir='ltr'><strong>ut</strong></span> <span class='ocrx_word' id='word_1_91' title='bbox 989 1384 1190 1439; x_wconf 73' lang='lat' dir='ltr'><strong>scilicet</strong></span> <span class='ocrx_word' id='word_1_92' title='bbox 1231 1382 1340 1452; x_wconf 88' lang='lat' dir='ltr'><strong>jam</strong></span> <span class='ocrx_word' id='word_1_93' title='bbox 1393 1379 1784 1435; x_wconf 89' lang='lat' dir='ltr'><strong>ﬁrmamentum</strong></span> 
     </span>
    </p>
   </div>
   <div class='ocr_carea' id='block_1_13' title="bbox 179 1470 1784 1544">
    <p class='ocr_par' dir='ltr' id='par_1_13' title="bbox 179 1470 1784 1544">
     <span class='ocr_line' id='line_1_13' title="bbox 179 1470 1784 1544; baseline -0.007 -10"><span class='ocrx_word' id='word_1_94' title='bbox 179 1497 298 1534; x_wconf 75' lang='lat' dir='ltr'><strong>non</strong></span> <span class='ocrx_word' id='word_1_95' title='bbox 333 1480 560 1534; x_wconf 81' lang='lat' dir='ltr'><strong>haberet</strong></span> <span class='ocrx_word' id='word_1_96' title='bbox 585 1479 636 1532; x_wconf 91' lang='lat' dir='ltr'><strong>in</strong></span> <span class='ocrx_word' id='word_1_97' title='bbox 668 1478 917 1532; x_wconf 88' lang='lat' dir='ltr'><strong>cordibus</strong></span> <span class='ocrx_word' id='word_1_98' title='bbox 960 1475 1230 1529; x_wconf 86' lang='lat' dir='ltr'><strong>hominum</strong></span> <span class='ocrx_word' id='word_1_99' title='bbox 1263 1487 1385 1544; x_wconf 84' lang='lat' dir='ltr'><strong>spes</strong></span> <span class='ocrx_word' id='word_1_100' title='bbox 1419 1470 1784 1541; x_wconf 85' lang='lat' dir='ltr'><strong>temporalium</strong></span> 
     </span>
    </p>
   </div>
   <div class='ocr_carea' id='block_1_14' title="bbox 179 1574 487 1627">
    <p class='ocr_par' dir='ltr' id='par_1_14' title="bbox 179 1574 487 1627">
     <span class='ocr_line' id='line_1_14' title="bbox 179 1574 487 1627; baseline -0.006 0"><span class='ocrx_word' id='word_1_101' title='bbox 179 1574 487 1627; x_wconf 75' lang='lat' dir='ltr'><strong>bonorum.</strong></span> 
     </span>
    </p>
   </div>
   <div class='ocr_carea' id='block_1_15' title="bbox 257 1652 1792 1736">
    <p class='ocr_par' dir='ltr' id='par_1_15' title="bbox 257 1652 1792 1736">
     <span class='ocr_line' id='line_1_15' title="bbox 257 1652 1792 1736; baseline -0.007 -18"><span class='ocrx_word' id='word_1_102' title='bbox 257 1663 322 1718; x_wconf 85' lang='lat'><strong>9.</strong></span> <span class='ocrx_word' id='word_1_103' title='bbox 365 1661 529 1736; x_wconf 67' lang='lat' dir='ltr'><strong>[vers</strong></span> <span class='ocrx_word' id='word_1_104' title='bbox 560 1660 638 1734; x_wconf 87' lang='lat'><strong>9.]</strong></span> <span class='ocrx_word' id='word_1_105' title='bbox 675 1660 911 1714; x_wconf 74' lang='lat' dir='ltr'><strong>Ascendit</strong></span> <span class='ocrx_word' id='word_1_106' title='bbox 955 1661 1124 1730; x_wconf 77' lang='lat' dir='ltr'><strong>fumus</strong></span> <span class='ocrx_word' id='word_1_107' title='bbox 1160 1658 1211 1710; x_wconf 91' lang='lat' dir='ltr'><strong>in</strong></span> <span class='ocrx_word' id='word_1_108' title='bbox 1239 1657 1315 1710; x_wconf 89' lang='lat' dir='ltr'><strong>ira</strong></span> <span class='ocrx_word' id='word_1_109' title='bbox 1360 1655 1468 1724; x_wconf 84' lang='lat' dir='ltr'><strong>ejus</strong></span> <span class='ocrx_word' id='word_1_110' title='bbox 1503 1652 1792 1708; x_wconf 84' lang='lat' dir='ltr'><strong>:ascendit</strong></span> 
     </span>
    </p>
   </div>
   <div class='ocr_carea' id='block_1_16' title="bbox 183 1747 1791 1826">
    <p class='ocr_par' dir='ltr' id='par_1_16' title="bbox 183 1747 1791 1826">
     <span class='ocr_line' id='line_1_16' title="bbox 183 1747 1791 1826; baseline -0.005 -18"><span class='ocrx_word' id='word_1_111' title='bbox 183 1757 500 1826; x_wconf 74' lang='lat' dir='ltr'><strong>lacrymosa</strong></span> <span class='ocrx_word' id='word_1_112' title='bbox 521 1753 823 1822; x_wconf 88' lang='lat' dir='ltr'><strong>deprecatio</strong></span> <span class='ocrx_word' id='word_1_113' title='bbox 845 1751 1208 1820; x_wconf 70' lang='lat' dir='ltr'><strong>pmnitentium</strong></span> <span class='ocrx_word' id='word_1_114' title='bbox 1230 1791 1244 1814; x_wconf 86' lang='lat'><strong>,</strong></span> <span class='ocrx_word' id='word_1_115' title='bbox 1271 1764 1389 1803; x_wconf 91' lang='lat' dir='ltr'><strong>cum</strong></span> <span class='ocrx_word' id='word_1_116' title='bbox 1420 1747 1791 1817; x_wconf 82' lang='lat' dir='ltr'><strong>cognovissent</strong></span> 
     </span>
    </p>
   </div>
   <div class='ocr_carea' id='block_1_17' title="bbox 187 1837 1793 1916">
    <p class='ocr_par' dir='ltr' id='par_1_17' title="bbox 187 1837 1793 1916">
     <span class='ocr_line' id='line_1_17' title="bbox 187 1837 1793 1916; baseline -0.006 -16"><span class='ocrx_word' id='word_1_117' title='bbox 187 1847 330 1916; x_wconf 79' lang='lat' dir='ltr'><strong>quid</strong></span> <span class='ocrx_word' id='word_1_118' title='bbox 359 1846 588 1900; x_wconf 85' lang='lat' dir='ltr'><strong>minetur</strong></span> <span class='ocrx_word' id='word_1_119' title='bbox 620 1845 758 1898; x_wconf 89' lang='lat' dir='ltr'><strong>Deus</strong></span> <span class='ocrx_word' id='word_1_120' title='bbox 797 1842 994 1910; x_wconf 86' lang='lat' dir='ltr'><strong>impiis.</strong></span> <span class='ocrx_word' id='word_1_121' title='bbox 1026 1840 1090 1894; x_wconf 82' lang='lat' dir='ltr'><strong>Et</strong></span> <span class='ocrx_word' id='word_1_122' title='bbox 1119 1839 1248 1911; x_wconf 81' lang='lat' dir='ltr'><strong>ignis</strong></span> <span class='ocrx_word' id='word_1_123' title='bbox 1287 1856 1317 1891; x_wconf 90' lang='lat' dir='ltr'><strong>a</strong></span> <span class='ocrx_word' id='word_1_124' title='bbox 1348 1841 1477 1909; x_wconf 80' lang='lat' dir='ltr'><strong>facie</strong></span> <span class='ocrx_word' id='word_1_125' title='bbox 1502 1837 1608 1908; x_wconf 86' lang='lat' dir='ltr'><strong>ejus</strong></span> <span class='ocrx_word' id='word_1_126' title='bbox 1647 1853 1793 1891; x_wconf 75' lang='lat' dir='ltr'><strong>exar—</strong></span> 
     </span>
    </p>
   </div>
   <div class='ocr_carea' id='block_1_18' title="bbox 187 1928 1792 2005">
    <p class='ocr_par' dir='ltr' id='par_1_18' title="bbox 187 1928 1792 2005">
     <span class='ocr_line' id='line_1_18' title="bbox 187 1928 1792 2005; baseline -0.006 -13"><span class='ocrx_word' id='word_1_127' title='bbox 187 1939 407 1992; x_wconf 77' lang='lat' dir='ltr'><strong>descit:</strong></span> <span class='ocrx_word' id='word_1_128' title='bbox 459 1947 510 1989; x_wconf 85' lang='lat' dir='ltr'><strong>et</strong></span> <span class='ocrx_word' id='word_1_129' title='bbox 540 1935 810 2005; x_wconf 82' lang='lat' dir='ltr'><strong>ﬂagrantia</strong></span> <span class='ocrx_word' id='word_1_130' title='bbox 851 1933 1122 1988; x_wconf 85' lang='lat' dir='ltr'><strong>charitatis</strong></span> <span class='ocrx_word' id='word_1_131' title='bbox 1166 1941 1285 2002; x_wconf 85' lang='lat' dir='ltr'><strong>post</strong></span> <span class='ocrx_word' id='word_1_132' title='bbox 1323 1931 1686 2002; x_wconf 77' lang='lat' dir='ltr'><strong>paenitentiam</strong></span> <span class='ocrx_word' id='word_1_133' title='bbox 1726 1928 1792 1983; x_wconf 91' lang='lat' dir='ltr'><strong>de</strong></span> 
     </span>
    </p>
   </div>
   <div class='ocr_carea' id='block_1_19' title="bbox 189 2019 1791 2095">
    <p class='ocr_par' dir='ltr' id='par_1_19' title="bbox 189 2019 1791 2095">
     <span class='ocr_line' id='line_1_19' title="bbox 189 2019 1791 2095; baseline -0.006 -14"><span class='ocrx_word' id='word_1_134' title='bbox 189 2027 406 2081; x_wconf 79' lang='lat' dir='ltr'><strong>notitia</strong></span> <span class='ocrx_word' id='word_1_135' title='bbox 434 2026 540 2095; x_wconf 84' lang='lat' dir='ltr'><strong>ejus</strong></span> <span class='ocrx_word' id='word_1_136' title='bbox 577 2024 875 2079; x_wconf 85' lang='lat' dir='ltr'><strong>inardescit.</strong></span> <span class='ocrx_word' id='word_1_137' title='bbox 907 2020 1155 2078; x_wconf 85' lang='lat' dir='ltr'><strong>Carbones</strong></span> <span class='ocrx_word' id='word_1_138' title='bbox 1199 2021 1421 2075; x_wconf 81' lang='lat' dir='ltr'><strong>succensi</strong></span> <span class='ocrx_word' id='word_1_139' title='bbox 1465 2029 1581 2073; x_wconf 82' lang='lat' dir='ltr'><strong>sunt</strong></span> <span class='ocrx_word' id='word_1_140' title='bbox 1609 2019 1671 2072; x_wconf 90' lang='lat' dir='ltr'><strong>ab</strong></span> <span class='ocrx_word' id='word_1_141' title='bbox 1700 2034 1791 2072; x_wconf 87' lang='lat' dir='ltr'><strong>eo:</strong></span> 
     </span>
    </p>
   </div>
   <div class='ocr_carea' id='block_1_20' title="bbox 191 2109 1793 2187">
    <p class='ocr_par' dir='ltr' id='par_1_20' title="bbox 191 2109 1793 2187">
     <span class='ocr_line' id='line_1_20' title="bbox 191 2109 1793 2187; baseline -0.004 -17"><span class='ocrx_word' id='word_1_142' title='bbox 191 2118 293 2186; x_wconf 81' lang='lat' dir='ltr'><strong>qui</strong></span> <span class='ocrx_word' id='word_1_143' title='bbox 316 2117 434 2187; x_wconf 84' lang='lat' dir='ltr'><strong>jam</strong></span> <span class='ocrx_word' id='word_1_144' title='bbox 464 2117 647 2170; x_wconf 89' lang='lat' dir='ltr'><strong>mortui</strong></span> <span class='ocrx_word' id='word_1_145' title='bbox 668 2123 822 2169; x_wconf 86' lang='lat' dir='ltr'><strong>erant</strong></span> <span class='ocrx_word' id='word_1_146' title='bbox 850 2113 1043 2167; x_wconf 85' lang='lat' dir='ltr'><strong>deserti</strong></span> <span class='ocrx_word' id='word_1_147' title='bbox 1070 2113 1136 2167; x_wconf 90' lang='lat' dir='ltr'><strong>ab</strong></span> <span class='ocrx_word' id='word_1_148' title='bbox 1163 2112 1284 2177; x_wconf 65' lang='lat' dir='ltr'><strong>igne</strong></span> <span class='ocrx_word' id='word_1_149' title='bbox 1309 2110 1430 2165; x_wconf 92' lang='lat' dir='ltr'><strong>boni</strong></span> <span class='ocrx_word' id='word_1_150' title='bbox 1459 2109 1710 2165; x_wconf 89' lang='lat' dir='ltr'><strong>desiderii</strong></span> <span class='ocrx_word' id='word_1_151' title='bbox 1730 2125 1793 2164; x_wconf 89' lang='lat' dir='ltr'><strong>ac</strong></span> 
     </span>
    </p>
   </div>
   <div class='ocr_carea' id='block_1_21' title="bbox 196 2203 1792 2274">
    <p class='ocr_par' dir='ltr' id='par_1_21' title="bbox 196 2203 1792 2274">
     <span class='ocr_line' id='line_1_21' title="bbox 196 2203 1792 2274; baseline -0.005 -13"><span class='ocrx_word' id='word_1_152' title='bbox 196 2210 324 2262; x_wconf 85' lang='lat' dir='ltr'><strong>lucc</strong></span> <span class='ocrx_word' id='word_1_153' title='bbox 361 2208 616 2274; x_wconf 65' lang='lat' dir='ltr'><strong>justitiaa,</strong></span> <span class='ocrx_word' id='word_1_154' title='bbox 667 2214 720 2258; x_wconf 88' lang='lat' dir='ltr'><strong>et</strong></span> <span class='ocrx_word' id='word_1_155' title='bbox 765 2203 937 2273; x_wconf 79' lang='lat' dir='ltr'><strong>frigidi</strong></span> <span class='ocrx_word' id='word_1_156' title='bbox 990 2203 1362 2272; x_wconf 81' lang='lat' dir='ltr'><strong>tenebmsique</strong></span> <span class='ocrx_word' id='word_1_157' title='bbox 1405 2210 1792 2267; x_wconf 86' lang='lat' dir='ltr'><strong>remanserant,</strong></span> 
     </span>
    </p>
   </div>
   <div class='ocr_carea' id='block_1_22' title="bbox 195 2294 1374 2352">
    <p class='ocr_par' dir='ltr' id='par_1_22' title="bbox 195 2294 1374 2352">
     <span class='ocr_line' id='line_1_22' title="bbox 195 2294 1374 2352; baseline -0.006 0"><span class='ocrx_word' id='word_1_158' title='bbox 195 2314 392 2352; x_wconf 79' lang='lat' dir='ltr'><strong>rursus</strong></span> <span class='ocrx_word' id='word_1_159' title='bbox 419 2297 628 2350; x_wconf 65' lang='lat' dir='ltr'><strong>accensi</strong></span> <span class='ocrx_word' id='word_1_160' title='bbox 657 2305 710 2349; x_wconf 92' lang='lat' dir='ltr'><strong>et</strong></span> <span class='ocrx_word' id='word_1_161' title='bbox 743 2295 1020 2349; x_wconf 83' lang='lat' dir='ltr'><strong>illtnuinati</strong></span> <span class='ocrx_word' id='word_1_162' title='bbox 1051 2294 1374 2347; x_wconf 80' lang='lat' dir='ltr'><strong>revixerunt.</strong></span> 
     </span>
    </p>
   </div>
   <div class='ocr_carea' id='block_1_23' title="bbox 274 2381 1796 2459">
    <p class='ocr_par' dir='ltr' id='par_1_23' title="bbox 274 2381 1796 2459">
     <span class='ocr_line' id='line_1_23' title="bbox 274 2381 1796 2459; baseline -0.005 -16"><span class='ocrx_word' id='word_1_163' title='bbox 274 2389 367 2442; x_wconf 88' lang='lat'><strong>10.</strong></span> <span class='ocrx_word' id='word_1_164' title='bbox 414 2386 580 2459; x_wconf 72' lang='lat' dir='ltr'><strong>(vers.</strong></span> <span class='ocrx_word' id='word_1_165' title='bbox 610 2383 724 2458; x_wconf 88' lang='lat'><strong>10.]</strong></span> <span class='ocrx_word' id='word_1_166' title='bbox 760 2385 818 2439; x_wconf 79' lang='lat' dir='ltr'><strong>Et</strong></span> <span class='ocrx_word' id='word_1_167' title='bbox 845 2384 1099 2438; x_wconf 82' lang='lat' dir='ltr'><strong>inclinavit</strong></span> <span class='ocrx_word' id='word_1_168' title='bbox 1128 2383 1326 2450; x_wconf 72' lang='lat' dir='ltr'><strong>corium,</strong></span> <span class='ocrx_word' id='word_1_169' title='bbox 1356 2391 1400 2436; x_wconf 88' lang='lat' dir='ltr'><strong>ct</strong></span> <span class='ocrx_word' id='word_1_170' title='bbox 1429 2381 1722 2436; x_wconf 88' lang='lat' dir='ltr'><strong>descendit:</strong></span> <span class='ocrx_word' id='word_1_171' title='bbox 1742 2390 1796 2435; x_wconf 90' lang='lat' dir='ltr'><strong>et</strong></span> 
     </span>
    </p>
   </div>
   <div class='ocr_carea' id='block_1_24' title="bbox 199 2471 1798 2543">
    <p class='ocr_par' dir='ltr' id='par_1_24' title="bbox 199 2471 1798 2543">
     <span class='ocr_line' id='line_1_24' title="bbox 199 2471 1798 2543; baseline -0.004 -11"><span class='ocrx_word' id='word_1_172' title='bbox 199 2479 506 2532; x_wconf 76' lang='lat' dir='ltr'><strong>hnmiliavit</strong></span> <span class='ocrx_word' id='word_1_173' title='bbox 527 2478 724 2543; x_wconf 85' lang='lat' dir='ltr'><strong>justum</strong></span> <span class='ocrx_word' id='word_1_174' title='bbox 748 2519 762 2538; x_wconf 85' lang='lat'><strong>,</strong></span> <span class='ocrx_word' id='word_1_175' title='bbox 796 2485 854 2530; x_wconf 93' lang='lat' dir='ltr'><strong>ut</strong></span> <span class='ocrx_word' id='word_1_176' title='bbox 877 2474 1220 2530; x_wconf 87' lang='lat' dir='ltr'><strong>descenderet</strong></span> <span class='ocrx_word' id='word_1_177' title='bbox 1246 2474 1312 2527; x_wconf 89' lang='lat' dir='ltr'><strong>ad</strong></span> <span class='ocrx_word' id='word_1_178' title='bbox 1341 2473 1614 2527; x_wconf 85' lang='lat' dir='ltr'><strong>hominum</strong></span> <span class='ocrx_word' id='word_1_179' title='bbox 1646 2471 1798 2526; x_wconf 81' lang='lat' dir='ltr'><strong>inﬁr-</strong></span> 
     </span>
    </p>
   </div>
   <div class='ocr_carea' id='block_1_25' title="bbox 200 2565 1795 2639">
    <p class='ocr_par' dir='ltr' id='par_1_25' title="bbox 200 2565 1795 2639">
     <span class='ocr_line' id='line_1_25' title="bbox 200 2565 1795 2639; baseline -0.003 -15"><span class='ocrx_word' id='word_1_180' title='bbox 200 2572 467 2625; x_wconf 81' lang='lat' dir='ltr'><strong>mitatem.</strong></span> <span class='ocrx_word' id='word_1_181' title='bbox 508 2570 578 2622; x_wconf 79' lang='lat' dir='ltr'><strong>Et</strong></span> <span class='ocrx_word' id='word_1_182' title='bbox 625 2571 787 2639; x_wconf 82' lang='lat' dir='ltr'><strong>caligo</strong></span> <span class='ocrx_word' id='word_1_183' title='bbox 829 2568 917 2623; x_wconf 90' lang='lat' dir='ltr'><strong>sub</strong></span> <span class='ocrx_word' id='word_1_184' title='bbox 956 2567 1161 2638; x_wconf 84' lang='lat' dir='ltr'><strong>pedibus</strong></span> <span class='ocrx_word' id='word_1_185' title='bbox 1212 2567 1339 2638; x_wconf 87' lang='lat' dir='ltr'><strong>ejus.</strong></span> <span class='ocrx_word' id='word_1_186' title='bbox 1400 2565 1466 2622; x_wconf 89' lang='lat' dir='ltr'><strong>Et</strong></span> <span class='ocrx_word' id='word_1_187' title='bbox 1514 2565 1660 2635; x_wconf 90' lang='lat' dir='ltr'><strong>impii</strong></span> <span class='ocrx_word' id='word_1_188' title='bbox 1707 2565 1795 2636; x_wconf 89' lang='lat' dir='ltr'><strong>qui</strong></span> 
     </span>
    </p>
   </div>
   <div class='ocr_carea' id='block_1_26' title="bbox 201 2659 1796 2732">
    <p class='ocr_par' dir='ltr' id='par_1_26' title="bbox 201 2659 1796 2732">
     <span class='ocr_line' id='line_1_26' title="bbox 201 2659 1796 2732; baseline -0.003 -16"><span class='ocrx_word' id='word_1_189' title='bbox 201 2674 414 2718; x_wconf 86' lang='lat' dir='ltr'><strong>terrena</strong></span> <span class='ocrx_word' id='word_1_190' title='bbox 448 2663 696 2732; x_wconf 88' lang='lat' dir='ltr'><strong>sapiunt,</strong></span> <span class='ocrx_word' id='word_1_191' title='bbox 725 2661 951 2730; x_wconf 81' lang='lat' dir='ltr'><strong>caligine</strong></span> <span class='ocrx_word' id='word_1_192' title='bbox 980 2659 1197 2713; x_wconf 74' lang='lat' dir='ltr'><strong>malitia:</strong></span> <span class='ocrx_word' id='word_1_193' title='bbox 1237 2674 1347 2711; x_wconf 67' lang='lat' dir='ltr'><strong>sua:</strong></span> <span class='ocrx_word' id='word_1_194' title='bbox 1386 2672 1489 2711; x_wconf 92' lang='lat' dir='ltr'><strong>non</strong></span> <span class='ocrx_word' id='word_1_195' title='bbox 1531 2673 1652 2710; x_wconf 91' lang='lat' dir='ltr'><strong>eum</strong></span> <span class='ocrx_word' id='word_1_196' title='bbox 1701 2672 1796 2712; x_wconf 82' lang='lat' dir='ltr'><strong>c0-</strong></span> 
     </span>
    </p>
   </div>
   <div class='ocr_carea' id='block_1_27' title="bbox 201 2748 1795 2824">
    <p class='ocr_par' dir='ltr' id='par_1_27' title="bbox 201 2748 1795 2824">
     <span class='ocr_line' id='line_1_27' title="bbox 201 2748 1795 2824; baseline -0.003 -18"><span class='ocrx_word' id='word_1_197' title='bbox 201 2762 538 2824; x_wconf 76' lang='lat' dir='ltr'><strong>gnoverunt;</strong></span> <span class='ocrx_word' id='word_1_198' title='bbox 591 2761 726 2806; x_wconf 88' lang='lat' dir='ltr'><strong>terra</strong></span> <span class='ocrx_word' id='word_1_199' title='bbox 773 2753 915 2806; x_wconf 79' lang='lat' dir='ltr'><strong>enim</strong></span> <span class='ocrx_word' id='word_1_200' title='bbox 959 2751 1060 2806; x_wconf 87' lang='lat' dir='ltr'><strong>sub</strong></span> <span class='ocrx_word' id='word_1_201' title='bbox 1107 2749 1328 2820; x_wconf 79' lang='lat' dir='ltr'><strong>pedibus</strong></span> <span class='ocrx_word' id='word_1_202' title='bbox 1367 2748 1500 2819; x_wconf 84' lang='lat' dir='ltr'><strong>ejus,</strong></span> <span class='ocrx_word' id='word_1_203' title='bbox 1550 2760 1795 2818; x_wconf 83' lang='lat' dir='ltr'><strong>tanquam</strong></span> 
     </span>
    </p>
   </div>
   <div class='ocr_carea' id='block_1_28' title="bbox 202 2843 886 2912">
    <p class='ocr_par' dir='ltr' id='par_1_28' title="bbox 202 2843 886 2912">
     <span class='ocr_line' id='line_1_28' title="bbox 202 2843 886 2912; baseline -0.006 -12"><span class='ocrx_word' id='word_1_204' title='bbox 202 2846 495 2900; x_wconf 66' lang='lat' dir='ltr'><strong>smbellum</strong></span> <span class='ocrx_word' id='word_1_205' title='bbox 527 2845 716 2912; x_wconf 81' lang='lat' dir='ltr'><strong>pedum</strong></span> <span class='ocrx_word' id='word_1_206' title='bbox 748 2843 886 2911; x_wconf 85' lang='lat' dir='ltr'><strong>ejus.</strong></span> 
     </span>
    </p>
   </div>
   <div class='ocr_carea' id='block_1_29' title="bbox 273 2927 1798 3004">
    <p class='ocr_par' dir='ltr' id='par_1_29' title="bbox 273 2927 1798 3004">
     <span class='ocr_line' id='line_1_29' title="bbox 273 2927 1798 3004; baseline -0.005 -15"><span class='ocrx_word' id='word_1_207' title='bbox 273 2936 364 2989; x_wconf 89' lang='lat'><strong>11.</strong></span> <span class='ocrx_word' id='word_1_208' title='bbox 407 2933 576 3004; x_wconf 68' lang='lat' dir='ltr'><strong>Iners.</strong></span> <span class='ocrx_word' id='word_1_209' title='bbox 609 2930 724 3004; x_wconf 90' lang='lat'><strong>11.]</strong></span> <span class='ocrx_word' id='word_1_210' title='bbox 768 2931 834 2984; x_wconf 86' lang='lat' dir='ltr'><strong>Et</strong></span> <span class='ocrx_word' id='word_1_211' title='bbox 868 2930 1089 2984; x_wconf 80' lang='lat' dir='ltr'><strong>ascendit</strong></span> <span class='ocrx_word' id='word_1_212' title='bbox 1113 2947 1263 3000; x_wconf 82' lang='lat' dir='ltr'><strong>super</strong></span> <span class='ocrx_word' id='word_1_213' title='bbox 1293 2927 1561 2984; x_wconf 78' lang='lat' dir='ltr'><strong>Clicrubim</strong></span> <span class='ocrx_word' id='word_1_214' title='bbox 1584 2970 1598 2994; x_wconf 87' lang='lat'><strong>,</strong></span> <span class='ocrx_word' id='word_1_215' title='bbox 1636 2939 1684 2982; x_wconf 88' lang='lat' dir='ltr'><strong>et</strong></span> <span class='ocrx_word' id='word_1_216' title='bbox 1708 2945 1798 2982; x_wconf 90' lang='lat' dir='ltr'><strong>vo-</strong></span> 
     </span>
    </p>
   </div>
   <div class='ocr_carea' id='block_1_30' title="bbox 202 3021 1800 3092">
    <p class='ocr_par' dir='ltr' id='par_1_30' title="bbox 202 3021 1800 3092">
     <span class='ocr_line' id='line_1_30' title="bbox 202 3021 1800 3092; baseline -0.003 -12"><span class='ocrx_word' id='word_1_217' title='bbox 202 3028 342 3080; x_wconf 75' lang='lat' dir='ltr'><strong>larit.</strong></span> <span class='ocrx_word' id='word_1_218' title='bbox 375 3027 442 3080; x_wconf 85' lang='lat' dir='ltr'><strong>Et</strong></span> <span class='ocrx_word' id='word_1_219' title='bbox 468 3025 727 3080; x_wconf 76' lang='lat' dir='ltr'><strong>csaltatus</strong></span> <span class='ocrx_word' id='word_1_220' title='bbox 755 3033 838 3078; x_wconf 90' lang='lat' dir='ltr'><strong>est</strong></span> <span class='ocrx_word' id='word_1_221' title='bbox 863 3039 1022 3092; x_wconf 89' lang='lat' dir='ltr'><strong>super</strong></span> <span class='ocrx_word' id='word_1_222' title='bbox 1051 3021 1428 3092; x_wconf 87' lang='lat' dir='ltr'><strong>plenitudinem</strong></span> <span class='ocrx_word' id='word_1_223' title='bbox 1460 3021 1716 3088; x_wconf 64' lang='lat' dir='ltr'><strong>scientiae,</strong></span> <span class='ocrx_word' id='word_1_224' title='bbox 1742 3030 1800 3076; x_wconf 91' lang='lat' dir='ltr'><strong>ut</strong></span> 
     </span>
    </p>
   </div>
   <div class='ocr_carea' id='block_1_31' title="bbox 205 3112 1802 3186">
    <p class='ocr_par' dir='ltr' id='par_1_31' title="bbox 205 3112 1802 3186">
     <span class='ocr_line' id='line_1_31' title="bbox 205 3112 1802 3186; baseline -0.003 -15"><span class='ocrx_word' id='word_1_225' title='bbox 205 3133 364 3172; x_wconf 86' lang='lat' dir='ltr'><strong>nemo</strong></span> <span class='ocrx_word' id='word_1_226' title='bbox 393 3117 464 3170; x_wconf 90' lang='lat' dir='ltr'><strong>ad</strong></span> <span class='ocrx_word' id='word_1_227' title='bbox 491 3133 609 3171; x_wconf 91' lang='lat' dir='ltr'><strong>eum</strong></span> <span class='ocrx_word' id='word_1_228' title='bbox 638 3115 959 3186; x_wconf 83' lang='lat' dir='ltr'><strong>perveniret,</strong></span> <span class='ocrx_word' id='word_1_229' title='bbox 991 3114 1088 3168; x_wconf 90' lang='lat' dir='ltr'><strong>nisi</strong></span> <span class='ocrx_word' id='word_1_230' title='bbox 1119 3129 1212 3182; x_wconf 91' lang='lat' dir='ltr'><strong>per</strong></span> <span class='ocrx_word' id='word_1_231' title='bbox 1240 3113 1550 3168; x_wconf 89' lang='lat' dir='ltr'><strong>charitatem</strong></span> <span class='ocrx_word' id='word_1_232' title='bbox 1578 3130 1592 3166; x_wconf 89' lang='lat'><strong>:</strong></span> <span class='ocrx_word' id='word_1_233' title='bbox 1628 3112 1802 3181; x_wconf 84' lang='lat' dir='ltr'><strong>pleni-</strong></span> 
     </span>
    </p>
   </div>
   <div class='ocr_carea' id='block_1_32' title="bbox 207 3202 1801 3275">
    <p class='ocr_par' dir='ltr' id='par_1_32' title="bbox 207 3202 1801 3275">
     <span class='ocr_line' id='line_1_32' title="bbox 207 3202 1801 3275; baseline -0.004 -12"><span class='ocrx_word' id='word_1_234' title='bbox 207 3209 334 3263; x_wconf 84' lang='lat' dir='ltr'><strong>tudo</strong></span> <span class='ocrx_word' id='word_1_235' title='bbox 357 3207 508 3262; x_wconf 84' lang='lat' dir='ltr'><strong>enim</strong></span> <span class='ocrx_word' id='word_1_236' title='bbox 551 3207 680 3275; x_wconf 82' lang='lat' dir='ltr'><strong>legis</strong></span> <span class='ocrx_word' id='word_1_237' title='bbox 713 3206 944 3259; x_wconf 83' lang='lat' dir='ltr'><strong>cliaritas</strong></span> <span class='ocrx_word' id='word_1_238' title='bbox 975 3202 1151 3274; x_wconf 84' lang='lat' dir='ltr'><strong>(Rom.</strong></span> <span class='ocrx_word' id='word_1_239' title='bbox 1197 3219 1322 3268; x_wconf 79' lang='lat' dir='ltr'><strong>xm,</strong></span> <span class='ocrx_word' id='word_1_240' title='bbox 1353 3202 1461 3273; x_wconf 93' lang='lat'><strong>10).</strong></span> <span class='ocrx_word' id='word_1_241' title='bbox 1511 3202 1576 3256; x_wconf 88' lang='lat' dir='ltr'><strong>Et</strong></span> <span class='ocrx_word' id='word_1_242' title='bbox 1613 3202 1718 3256; x_wconf 91' lang='lat' dir='ltr'><strong>cito</strong></span> <span class='ocrx_word' id='word_1_243' title='bbox 1742 3217 1801 3257; x_wconf 88' lang='lat' dir='ltr'><strong>se</strong></span> 
     </span>
    </p>
   </div>
   <div class='ocr_carea' id='block_1_33' title="bbox 204 3292 1800 3369">
    <p class='ocr_par' dir='ltr' id='par_1_33' title="bbox 204 3292 1800 3369">
     <span class='ocr_line' id='line_1_33' title="bbox 204 3292 1800 3369; baseline -0.004 -14"><span class='ocrx_word' id='word_1_244' title='bbox 204 3297 805 3369; x_wconf 87' lang='lat' dir='ltr'><strong>incomprehensibilem</strong></span> <span class='ocrx_word' id='word_1_245' title='bbox 857 3309 975 3350; x_wconf 90' lang='lat' dir='ltr'><strong>esse</strong></span> <span class='ocrx_word' id='word_1_246' title='bbox 1020 3293 1403 3350; x_wconf 79' lang='lat' dir='ltr'><strong>demonstravit</strong></span> <span class='ocrx_word' id='word_1_247' title='bbox 1456 3292 1800 3349; x_wconf 81' lang='lat' dir='ltr'><strong>dilectoribus</strong></span> 
     </span>
    </p>
   </div>
   <div class='ocr_carea' id='block_1_34' title="bbox 206 3384 1799 3456">
    <p class='ocr_par' dir='ltr' id='par_1_34' title="bbox 206 3384 1799 3456">
     <span class='ocr_line' id='line_1_34' title="bbox 206 3384 1799 3456; baseline -0.003 -12"><span class='ocrx_word' id='word_1_248' title='bbox 206 3391 338 3452; x_wconf 72' lang='lat' dir='ltr'><strong>auis,</strong></span> <span class='ocrx_word' id='word_1_249' title='bbox 370 3405 440 3443; x_wconf 85' lang='lat' dir='ltr'><strong>ne</strong></span> <span class='ocrx_word' id='word_1_250' title='bbox 484 3389 627 3442; x_wconf 89' lang='lat' dir='ltr'><strong>illum</strong></span> <span class='ocrx_word' id='word_1_251' title='bbox 677 3386 950 3455; x_wconf 86' lang='lat' dir='ltr'><strong>corporeis</strong></span> <span class='ocrx_word' id='word_1_252' title='bbox 989 3384 1450 3456; x_wconf 85' lang='lat' dir='ltr'><strong>imaginationibus</strong></span> <span class='ocrx_word' id='word_1_253' title='bbox 1492 3385 1514 3416; x_wconf 85' lang='grc'>³</span> <span class='ocrx_word' id='word_1_254' title='bbox 1550 3399 1799 3455; x_wconf 83' lang='lat' dir='ltr'><strong>compre-</strong></span> 
     </span>
    </p>
   </div>
   <div class='ocr_carea' id='block_1_35' title="bbox 207 3474 1798 3544">
    <p class='ocr_par' dir='ltr' id='par_1_35' title="bbox 207 3474 1798 3544">
     <span class='ocr_line' id='line_1_35' title="bbox 207 3474 1798 3544; baseline -0.004 -10"><span class='ocrx_word' id='word_1_255' title='bbox 207 3479 367 3534; x_wconf 80' lang='lat' dir='ltr'><strong>hendi</strong></span> <span class='ocrx_word' id='word_1_256' title='bbox 407 3479 820 3532; x_wconf 85' lang='lat' dir='ltr'><strong>arbitrarentur.</strong></span> <span class='ocrx_word' id='word_1_257' title='bbox 877 3474 1070 3529; x_wconf 86' lang='lat' dir='ltr'><strong>Volavit</strong></span> <span class='ocrx_word' id='word_1_258' title='bbox 1113 3492 1265 3544; x_wconf 84' lang='lat' dir='ltr'><strong>super</strong></span> <span class='ocrx_word' id='word_1_259' title='bbox 1296 3491 1484 3540; x_wconf 80' lang='lat' dir='ltr'><strong>pennas</strong></span> <span class='ocrx_word' id='word_1_260' title='bbox 1518 3484 1798 3528; x_wconf 86' lang='lat' dir='ltr'><strong>ventorum.</strong></span> 
     </span>
    </p>
   </div>
   <div class='ocr_carea' id='block_1_36' title="bbox 209 3563 1801 3636">
    <p class='ocr_par' dir='ltr' id='par_1_36' title="bbox 209 3563 1801 3636">
     <span class='ocr_line' id='line_1_36' title="bbox 209 3563 1801 3636; baseline -0.003 -13"><span class='ocrx_word' id='word_1_261' title='bbox 209 3569 295 3624; x_wconf 79' lang='lat' dir='ltr'><strong>Illa</strong></span> <span class='ocrx_word' id='word_1_262' title='bbox 327 3580 508 3623; x_wconf 82' lang='lat' dir='ltr'><strong>autem</strong></span> <span class='ocrx_word' id='word_1_263' title='bbox 539 3569 819 3632; x_wconf 87' lang='lat' dir='ltr'><strong>celeritas,</strong></span> <span class='ocrx_word' id='word_1_264' title='bbox 847 3581 949 3636; x_wconf 89' lang='lat' dir='ltr'><strong>qua</strong></span> <span class='ocrx_word' id='word_1_265' title='bbox 979 3579 1037 3619; x_wconf 89' lang='lat' dir='ltr'><strong>se</strong></span> <span class='ocrx_word' id='word_1_266' title='bbox 1063 3563 1653 3634; x_wconf 87' lang='lat' dir='ltr'><strong>incomprehensibilem</strong></span> <span class='ocrx_word' id='word_1_267' title='bbox 1681 3579 1801 3618; x_wconf 85' lang='lat' dir='ltr'><strong>esse</strong></span> 
     </span>
    </p>
   </div>
   <div class='ocr_carea' id='block_1_37' title="bbox 209 3655 1803 3726">
    <p class='ocr_par' dir='ltr' id='par_1_37' title="bbox 209 3655 1803 3726">
     <span class='ocr_line' id='line_1_37' title="bbox 209 3655 1803 3726; baseline -0.006 -9"><span class='ocrx_word' id='word_1_268' title='bbox 209 3661 567 3726; x_wconf 77' lang='lat' dir='ltr'><strong>monstravit,</strong></span> <span class='ocrx_word' id='word_1_269' title='bbox 600 3673 758 3726; x_wconf 85' lang='lat' dir='ltr'><strong>super</strong></span> <span class='ocrx_word' id='word_1_270' title='bbox 797 3658 1020 3711; x_wconf 86' lang='lat' dir='ltr'><strong>virtutes</strong></span> <span class='ocrx_word' id='word_1_271' title='bbox 1046 3657 1340 3710; x_wconf 88' lang='lat' dir='ltr'><strong>animarum</strong></span> <span class='ocrx_word' id='word_1_272' title='bbox 1369 3664 1484 3720; x_wconf 92' lang='lat' dir='ltr'><strong>est,</strong></span> <span class='ocrx_word' id='word_1_273' title='bbox 1514 3655 1704 3724; x_wconf 91' lang='lat' dir='ltr'><strong>quibus</strong></span> <span class='ocrx_word' id='word_1_274' title='bbox 1744 3670 1803 3708; x_wconf 90' lang='lat' dir='ltr'><strong>se</strong></span> 
     </span>
    </p>
   </div>
   <div class='ocr_carea' id='block_1_38' title="bbox 213 3745 1804 3821">
    <p class='ocr_par' dir='ltr' id='par_1_38' title="bbox 213 3745 1804 3821">
     <span class='ocr_line' id='line_1_38' title="bbox 213 3745 1804 3821; baseline -0.003 -16"><span class='ocrx_word' id='word_1_275' title='bbox 213 3753 352 3806; x_wconf 76' lang='lat' dir='ltr'><strong>velut</strong></span> <span class='ocrx_word' id='word_1_276' title='bbox 377 3753 573 3821; x_wconf 89' lang='lat' dir='ltr'><strong>pennis</strong></span> <span class='ocrx_word' id='word_1_277' title='bbox 612 3765 641 3803; x_wconf 93' lang='lat' dir='ltr'><strong>a</strong></span> <span class='ocrx_word' id='word_1_278' title='bbox 683 3749 907 3804; x_wconf 86' lang='lat' dir='ltr'><strong>terrenis</strong></span> <span class='ocrx_word' id='word_1_279' title='bbox 949 3747 1222 3802; x_wconf 85' lang='lat' dir='ltr'><strong>timoribus</strong></span> <span class='ocrx_word' id='word_1_280' title='bbox 1263 3746 1314 3800; x_wconf 93' lang='lat' dir='ltr'><strong>in</strong></span> <span class='ocrx_word' id='word_1_281' title='bbox 1349 3761 1506 3800; x_wconf 88' lang='lat' dir='ltr'><strong>auras</strong></span> <span class='ocrx_word' id='word_1_282' title='bbox 1545 3745 1804 3800; x_wconf 86' lang='lat' dir='ltr'><strong>libertatis</strong></span> 
     </span>
    </p>
   </div>
   <div class='ocr_carea' id='block_1_39' title="bbox 209 3844 478 3897">
    <p class='ocr_par' dir='ltr' id='par_1_39' title="bbox 209 3844 478 3897">
     <span class='ocr_line' id='line_1_39' title="bbox 209 3844 478 3897; baseline -0.011 -1"><span class='ocrx_word' id='word_1_283' title='bbox 209 3844 478 3897; x_wconf 82' lang='lat' dir='ltr'><strong>attollunt.</strong></span> 
     </span>
    </p>
   </div>
   <div class='ocr_carea' id='block_1_40' title="bbox 283 3928 1798 4006">
    <p class='ocr_par' dir='ltr' id='par_1_40' title="bbox 283 3928 1798 4006">
     <span class='ocr_line' id='line_1_40' title="bbox 283 3928 1798 4006; baseline -0.005 -18"><span class='ocrx_word' id='word_1_284' title='bbox 283 3934 370 3988; x_wconf 75' lang='lat'><strong>12.</strong></span> <span class='ocrx_word' id='word_1_285' title='bbox 410 3931 578 4006; x_wconf 80' lang='lat' dir='ltr'><strong>[vers.</strong></span> <span class='ocrx_word' id='word_1_286' title='bbox 615 3929 731 4003; x_wconf 72' lang='lat'><strong>12.]</strong></span> <span class='ocrx_word' id='word_1_287' title='bbox 755 3929 819 3983; x_wconf 84' lang='lat' dir='ltr'><strong>Et</strong></span> <span class='ocrx_word' id='word_1_288' title='bbox 847 3929 1012 4000; x_wconf 81' lang='lat' dir='ltr'><strong>posuit</strong></span> <span class='ocrx_word' id='word_1_289' title='bbox 1037 3929 1263 3983; x_wconf 86' lang='lat' dir='ltr'><strong>tenebras</strong></span> <span class='ocrx_word' id='word_1_290' title='bbox 1284 3928 1544 3981; x_wconf 86' lang='lat' dir='ltr'><strong>latibulum</strong></span> <span class='ocrx_word' id='word_1_291' title='bbox 1593 3942 1743 3981; x_wconf 85' lang='lat' dir='ltr'><strong>suum</strong></span> <span class='ocrx_word' id='word_1_292' title='bbox 1783 3943 1798 3981; x_wconf 91' lang='lat'><strong>:</strong></span> 
     </span>
    </p>
   </div>
   <div class='ocr_carea' id='block_1_41' title="bbox 210 4021 1800 4094">
    <p class='ocr_par' dir='ltr' id='par_1_41' title="bbox 210 4021 1800 4094">
     <span class='ocr_line' id='line_1_41' title="bbox 210 4021 1800 4094; baseline -0.003 -15"><span class='ocrx_word' id='word_1_293' title='bbox 210 4036 263 4079; x_wconf 84' lang='lat' dir='ltr'><strong>et</strong></span> <span class='ocrx_word' id='word_1_294' title='bbox 311 4027 492 4094; x_wconf 87' lang='lat' dir='ltr'><strong>posuit</strong></span> <span class='ocrx_word' id='word_1_295' title='bbox 533 4024 916 4076; x_wconf 87' lang='lat' dir='ltr'><strong>obscuritatem</strong></span> <span class='ocrx_word' id='word_1_296' title='bbox 945 4029 1417 4081; x_wconf 85' lang='lat' dir='ltr'><strong>sacramentorum,</strong></span> <span class='ocrx_word' id='word_1_297' title='bbox 1457 4030 1510 4074; x_wconf 91' lang='lat' dir='ltr'><strong>et</strong></span> <span class='ocrx_word' id='word_1_298' title='bbox 1539 4021 1800 4074; x_wconf 87' lang='lat' dir='ltr'><strong>occultam</strong></span> 
     </span>
    </p>
   </div>
   <div class='ocr_carea' id='block_1_42' title="bbox 209 4110 1802 4184">
    <p class='ocr_par' dir='ltr' id='par_1_42' title="bbox 209 4110 1802 4184">
     <span class='ocr_line' id='line_1_42' title="bbox 209 4110 1802 4184; baseline -0.003 -15"><span class='ocrx_word' id='word_1_299' title='bbox 209 4131 361 4184; x_wconf 79' lang='lat' dir='ltr'><strong>Spem</strong></span> <span class='ocrx_word' id='word_1_300' title='bbox 393 4116 444 4168; x_wconf 90' lang='lat' dir='ltr'><strong>in</strong></span> <span class='ocrx_word' id='word_1_301' title='bbox 473 4112 637 4168; x_wconf 90' lang='lat' dir='ltr'><strong>corde</strong></span> <span class='ocrx_word' id='word_1_302' title='bbox 667 4111 1028 4172; x_wconf 84' lang='lat' dir='ltr'><strong>credentium,</strong></span> <span class='ocrx_word' id='word_1_303' title='bbox 1060 4111 1145 4164; x_wconf 91' lang='lat' dir='ltr'><strong>ubi</strong></span> <span class='ocrx_word' id='word_1_304' title='bbox 1177 4110 1363 4164; x_wconf 89' lang='lat' dir='ltr'><strong>lateret</strong></span> <span class='ocrx_word' id='word_1_305' title='bbox 1392 4110 1503 4178; x_wconf 89' lang='lat' dir='ltr'><strong>ipse</strong></span> <span class='ocrx_word' id='word_1_306' title='bbox 1526 4151 1540 4175; x_wconf 97' lang='lat'><strong>,</strong></span> <span class='ocrx_word' id='word_1_307' title='bbox 1575 4124 1681 4164; x_wconf 92' lang='lat' dir='ltr'><strong>non</strong></span> <span class='ocrx_word' id='word_1_308' title='bbox 1709 4124 1802 4164; x_wconf 90' lang='lat' dir='ltr'><strong>eos</strong></span> 
     </span>
    </p>
   </div>
   <div class='ocr_carea' id='block_1_43' title="bbox 211 4198 1804 4269">
    <p class='ocr_par' dir='ltr' id='par_1_43' title="bbox 211 4198 1804 4269">
     <span class='ocr_line' id='line_1_43' title="bbox 211 4198 1804 4269; baseline -0.003 -11"><span class='ocrx_word' id='word_1_309' title='bbox 211 4205 501 4266; x_wconf 79' lang='lat' dir='ltr'><strong>deserens;</strong></span> <span class='ocrx_word' id='word_1_310' title='bbox 533 4203 585 4256; x_wconf 93' lang='lat' dir='ltr'><strong>in</strong></span> <span class='ocrx_word' id='word_1_311' title='bbox 620 4203 700 4257; x_wconf 88' lang='lat' dir='ltr'><strong>his</strong></span> <span class='ocrx_word' id='word_1_312' title='bbox 725 4203 884 4255; x_wconf 84' lang='lat' dir='ltr'><strong>etiam</strong></span> <span class='ocrx_word' id='word_1_313' title='bbox 915 4201 1145 4254; x_wconf 87' lang='lat' dir='ltr'><strong>tenebris</strong></span> <span class='ocrx_word' id='word_1_314' title='bbox 1168 4199 1231 4268; x_wconf 94' lang='lat' dir='ltr'><strong>(Il</strong></span> <span class='ocrx_word' id='word_1_315' title='bbox 1263 4198 1378 4253; x_wconf 84' lang='lat' dir='ltr'><strong>Cor.</strong></span> <span class='ocrx_word' id='word_1_316' title='bbox 1409 4215 1442 4253; x_wconf 91' lang='lat' dir='ltr'><strong>v</strong></span> <span class='ocrx_word' id='word_1_317' title='bbox 1463 4241 1476 4261; x_wconf 93' lang='lat'><strong>,</strong></span> <span class='ocrx_word' id='word_1_318' title='bbox 1509 4200 1564 4267; x_wconf 86' lang='lat'><strong>7)</strong></span> <span class='ocrx_word' id='word_1_319' title='bbox 1592 4199 1677 4254; x_wconf 90' lang='lat' dir='ltr'><strong>ubi</strong></span> <span class='ocrx_word' id='word_1_320' title='bbox 1710 4215 1804 4269; x_wconf 90' lang='lat' dir='ltr'><strong>per</strong></span> 
     </span>
    </p>
   </div>
   <div class='ocr_carea' id='block_1_44' title="bbox 213 4291 1802 4360">
    <p class='ocr_par' dir='ltr' id='par_1_44' title="bbox 213 4291 1802 4360">
     <span class='ocr_line' id='line_1_44' title="bbox 213 4291 1802 4360; baseline -0.003 -10"><span class='ocrx_word' id='word_1_321' title='bbox 213 4298 372 4350; x_wconf 80' lang='lat' dir='ltr'><strong>ﬁdem</strong></span> <span class='ocrx_word' id='word_1_322' title='bbox 399 4295 579 4348; x_wconf 86' lang='lat' dir='ltr'><strong>adhuc</strong></span> <span class='ocrx_word' id='word_1_323' title='bbox 605 4293 936 4347; x_wconf 89' lang='lat' dir='ltr'><strong>ambulamus</strong></span> <span class='ocrx_word' id='word_1_324' title='bbox 955 4333 970 4356; x_wconf 94' lang='lat'><strong>,</strong></span> <span class='ocrx_word' id='word_1_325' title='bbox 1001 4306 1103 4345; x_wconf 90' lang='lat' dir='ltr'><strong>non</strong></span> <span class='ocrx_word' id='word_1_326' title='bbox 1133 4307 1227 4360; x_wconf 91' lang='lat' dir='ltr'><strong>per</strong></span> <span class='ocrx_word' id='word_1_327' title='bbox 1254 4291 1484 4360; x_wconf 85' lang='lat' dir='ltr'><strong>speciem</strong></span> <span class='ocrx_word' id='word_1_328' title='bbox 1509 4331 1524 4355; x_wconf 92' lang='lat'><strong>,</strong></span> <span class='ocrx_word' id='word_1_329' title='bbox 1551 4291 1802 4360; x_wconf 91' lang='lat' dir='ltr'><strong>quamdiu</strong></span> 
     </span>
    </p>
   </div>
   <div class='ocr_carea' id='block_1_45' title="bbox 212 4382 1805 4460">
    <p class='ocr_par' dir='ltr' id='par_1_45' title="bbox 212 4382 1805 4460">
     <span class='ocr_line' id='line_1_45' title="bbox 212 4382 1805 4460; baseline -0.001 -20"><span class='ocrx_word' id='word_1_330' title='bbox 212 4389 354 4458; x_wconf 84' lang='lat' dir='ltr'><strong>quod</strong></span> <span class='ocrx_word' id='word_1_331' title='bbox 383 4405 488 4441; x_wconf 93' lang='lat' dir='ltr'><strong>non</strong></span> <span class='ocrx_word' id='word_1_332' title='bbox 520 4387 759 4460; x_wconf 79' lang='lat' dir='ltr'><strong>videmus</strong></span> <span class='ocrx_word' id='word_1_333' title='bbox 782 4399 1058 4453; x_wconf 89' lang='lat' dir='ltr'><strong>speramus</strong></span> <span class='ocrx_word' id='word_1_334' title='bbox 1082 4392 1134 4437; x_wconf 90' lang='lat' dir='ltr'><strong>et</strong></span> <span class='ocrx_word' id='word_1_335' title='bbox 1162 4398 1256 4450; x_wconf 88' lang='lat' dir='ltr'><strong>per</strong></span> <span class='ocrx_word' id='word_1_336' title='bbox 1284 4382 1587 4451; x_wconf 89' lang='lat' dir='ltr'><strong>patientiam</strong></span> <span class='ocrx_word' id='word_1_337' title='bbox 1615 4398 1805 4451; x_wconf 84' lang='lat' dir='ltr'><strong>exspe-</strong></span> 
     </span>
    </p>
   </div>
   <div class='ocr_carea' id='block_1_46' title="bbox 215 4473 1804 4547">
    <p class='ocr_par' dir='ltr' id='par_1_46' title="bbox 215 4473 1804 4547">
     <span class='ocr_line' id='line_1_46' title="bbox 215 4473 1804 4547; baseline -0.005 -13"><span class='ocrx_word' id='word_1_338' title='bbox 215 4493 428 4534; x_wconf 75' lang='lat' dir='ltr'><strong>ctamus</strong></span> <span class='ocrx_word' id='word_1_339' title='bbox 457 4477 635 4547; x_wconf 79' lang='lat' dir='ltr'><strong>(Rom.</strong></span> <span class='ocrx_word' id='word_1_340' title='bbox 664 4493 755 4530; x_wconf 77' lang='grc' dir='ltr'><strong>νηί</strong></span> <span class='ocrx_word' id='word_1_341' title='bbox 777 4517 792 4541; x_wconf 89' lang='grc'><em>,</em></span> <span class='ocrx_word' id='word_1_342' title='bbox 820 4474 936 4544; x_wconf 69' lang='grc'><strong>25).</strong></span> <span class='ocrx_word' id='word_1_343' title='bbox 969 4473 1035 4528; x_wconf 86' lang='lat' dir='ltr'><strong>In</strong></span> <span class='ocrx_word' id='word_1_344' title='bbox 1064 4474 1278 4527; x_wconf 86' lang='lat' dir='ltr'><strong>circuitu</strong></span> <span class='ocrx_word' id='word_1_345' title='bbox 1297 4475 1405 4544; x_wconf 73' lang='lat' dir='ltr'><strong>eius</strong></span> <span class='ocrx_word' id='word_1_346' title='bbox 1432 4473 1804 4526; x_wconf 84' lang='lat' dir='ltr'><strong>tabernaculum</strong></span> 
     </span>
    </p>
   </div>
   <div class='ocr_carea' id='block_1_47' title="bbox 211 4563 1805 4640">
    <p class='ocr_par' dir='ltr' id='par_1_47' title="bbox 211 4563 1805 4640">
     <span class='ocr_line' id='line_1_47' title="bbox 211 4563 1805 4640; baseline -0.004 -17"><span class='ocrx_word' id='word_1_347' title='bbox 211 4574 317 4640; x_wconf 77' lang='lat' dir='ltr'><strong>ejus</strong></span> <span class='ocrx_word' id='word_1_348' title='bbox 341 4586 362 4622; x_wconf 89' lang='lat'><em>:</em></span> <span class='ocrx_word' id='word_1_349' title='bbox 392 4568 638 4623; x_wconf 86' lang='lat' dir='ltr'><strong>conversi</strong></span> <span class='ocrx_word' id='word_1_350' title='bbox 684 4577 858 4621; x_wconf 90' lang='lat' dir='ltr'><strong>tamen</strong></span> <span class='ocrx_word' id='word_1_351' title='bbox 885 4565 953 4619; x_wconf 91' lang='lat' dir='ltr'><strong>ad</strong></span> <span class='ocrx_word' id='word_1_352' title='bbox 982 4565 1154 4634; x_wconf 91' lang='lat' dir='ltr'><strong>ipsum</strong></span> <span class='ocrx_word' id='word_1_353' title='bbox 1181 4563 1420 4617; x_wconf 89' lang='lat' dir='ltr'><strong>ambiunt</strong></span> <span class='ocrx_word' id='word_1_354' title='bbox 1457 4563 1544 4632; x_wconf 85' lang='lat' dir='ltr'><strong>qui</strong></span> <span class='ocrx_word' id='word_1_355' title='bbox 1584 4563 1805 4616; x_wconf 87' lang='lat' dir='ltr'><strong>credunt</strong></span> 
     </span>
    </p>
   </div>
   <div class='ocr_carea' id='block_1_48' title="bbox 211 4653 1806 4730">
    <p class='ocr_par' dir='ltr' id='par_1_48' title="bbox 211 4653 1806 4730">
     <span class='ocr_line' id='line_1_48' title="bbox 211 4653 1806 4730; baseline -0.003 -18"><span class='ocrx_word' id='word_1_356' title='bbox 211 4664 256 4715; x_wconf 78' lang='lat' dir='ltr'><strong>ei</strong></span> <span class='ocrx_word' id='word_1_357' title='bbox 282 4680 297 4723; x_wconf 90' lang='lat'><strong>;</strong></span> <span class='ocrx_word' id='word_1_358' title='bbox 327 4661 455 4730; x_wconf 89' lang='lat' dir='ltr'><strong>quia</strong></span> <span class='ocrx_word' id='word_1_359' title='bbox 488 4661 540 4713; x_wconf 90' lang='lat' dir='ltr'><strong>in</strong></span> <span class='ocrx_word' id='word_1_360' title='bbox 571 4658 745 4712; x_wconf 90' lang='lat' dir='ltr'><strong>medio</strong></span> <span class='ocrx_word' id='word_1_361' title='bbox 770 4673 955 4712; x_wconf 91' lang='lat' dir='ltr'><strong>eorum</strong></span> <span class='ocrx_word' id='word_1_362' title='bbox 986 4664 1088 4722; x_wconf 90' lang='lat' dir='ltr'><strong>est,</strong></span> <span class='ocrx_word' id='word_1_363' title='bbox 1117 4670 1235 4709; x_wconf 90' lang='lat' dir='ltr'><strong>cum</strong></span> <span class='ocrx_word' id='word_1_364' title='bbox 1262 4653 1508 4706; x_wconf 91' lang='lat' dir='ltr'><strong>omnibus</strong></span> <span class='ocrx_word' id='word_1_365' title='bbox 1534 4653 1806 4722; x_wconf 81' lang='lat' dir='ltr'><strong>:equalitcr</strong></span> 
     </span>
    </p>
   </div>
   <div class='ocr_carea' id='block_1_49' title="bbox 213 4742 1806 4818">
    <p class='ocr_par' dir='ltr' id='par_1_49' title="bbox 213 4742 1806 4818">
     <span class='ocr_line' id='line_1_49' title="bbox 213 4742 1806 4818; baseline -0.004 -14"><span class='ocrx_word' id='word_1_366' title='bbox 213 4751 378 4814; x_wconf 81' lang='lat' dir='ltr'><strong>favet,</strong></span> <span class='ocrx_word' id='word_1_367' title='bbox 412 4751 466 4804; x_wconf 92' lang='lat' dir='ltr'><strong>in</strong></span> <span class='ocrx_word' id='word_1_368' title='bbox 495 4749 687 4818; x_wconf 88' lang='lat' dir='ltr'><strong>quibus</strong></span> <span class='ocrx_word' id='word_1_369' title='bbox 730 4759 980 4816; x_wconf 89' lang='lat' dir='ltr'><strong>tanquam</strong></span> <span class='ocrx_word' id='word_1_370' title='bbox 1009 4745 1060 4799; x_wconf 90' lang='lat' dir='ltr'><strong>in</strong></span> <span class='ocrx_word' id='word_1_371' title='bbox 1104 4745 1445 4798; x_wconf 87' lang='lat' dir='ltr'><strong>tabernaculo</strong></span> <span class='ocrx_word' id='word_1_372' title='bbox 1473 4743 1674 4797; x_wconf 84' lang='lat' dir='ltr'><strong>habitat</strong></span> <span class='ocrx_word' id='word_1_373' title='bbox 1702 4742 1806 4798; x_wconf 86' lang='lat' dir='ltr'><strong>hoc</strong></span> 
     </span>
    </p>
   </div>
   <div class='ocr_carea' id='block_1_50' title="bbox 217 4835 1805 4910">
    <p class='ocr_par' dir='ltr' id='par_1_50' title="bbox 217 4835 1805 4910">
     <span class='ocr_line' id='line_1_50' title="bbox 217 4835 1805 4910; baseline -0.007 -11"><span class='ocrx_word' id='word_1_374' title='bbox 217 4856 482 4910; x_wconf 81' lang='lat' dir='ltr'><strong>tempore.</strong></span> <span class='ocrx_word' id='word_1_375' title='bbox 517 4840 798 4894; x_wconf 83' lang='lat' dir='ltr'><strong>Tenebrosa</strong></span> <span class='ocrx_word' id='word_1_376' title='bbox 823 4854 954 4907; x_wconf 83' lang='lat' dir='ltr'><strong>aqua</strong></span> <span class='ocrx_word' id='word_1_377' title='bbox 990 4837 1042 4890; x_wconf 86' lang='lat' dir='ltr'><strong>in</strong></span> <span class='ocrx_word' id='word_1_378' title='bbox 1090 4837 1301 4889; x_wconf 75' lang='lat' dir='ltr'><strong>nubibus</strong></span> <span class='ocrx_word' id='word_1_379' title='bbox 1345 4835 1514 4888; x_wconf 87' lang='lat' dir='ltr'><strong>aeris:</strong></span> <span class='ocrx_word' id='word_1_380' title='bbox 1546 4849 1644 4890; x_wconf 87' lang='lat' dir='ltr'><strong>nec</strong></span> <span class='ocrx_word' id='word_1_381' title='bbox 1681 4849 1805 4904; x_wconf 88' lang='lat' dir='ltr'><strong>pro-</strong></span> 
     </span>
    </p>
   </div>
   <div class='ocr_carea' id='block_1_51' title="bbox 219 4925 1806 5005">
    <p class='ocr_par' dir='ltr' id='par_1_51' title="bbox 219 4925 1806 5005">
     <span class='ocr_line' id='line_1_51' title="bbox 219 4925 1806 5005; baseline -0.007 -14"><span class='ocrx_word' id='word_1_382' title='bbox 219 4949 402 5005; x_wconf 84' lang='lat' dir='ltr'><strong>pterea</strong></span> <span class='ocrx_word' id='word_1_383' title='bbox 428 4935 710 5005; x_wconf 89' lang='lat' dir='ltr'><strong>quisquam</strong></span> <span class='ocrx_word' id='word_1_384' title='bbox 741 4931 793 4985; x_wconf 93' lang='lat' dir='ltr'><strong>in</strong></span> <span class='ocrx_word' id='word_1_385' title='bbox 825 4929 913 4984; x_wconf 85' lang='lat' dir='ltr'><strong>illa</strong></span> <span class='ocrx_word' id='word_1_386' title='bbox 958 4929 1098 4994; x_wconf 86' lang='lat' dir='ltr'><strong>luce,</strong></span> <span class='ocrx_word' id='word_1_387' title='bbox 1125 4943 1242 4996; x_wconf 74' lang='lat' dir='ltr'><strong>qua:</strong></span> <span class='ocrx_word' id='word_1_388' title='bbox 1271 4925 1443 4979; x_wconf 81' lang='lat' dir='ltr'><strong>futura</strong></span> <span class='ocrx_word' id='word_1_389' title='bbox 1475 4933 1557 4979; x_wconf 90' lang='lat' dir='ltr'><strong>est</strong></span> <span class='ocrx_word' id='word_1_390' title='bbox 1593 4940 1712 4979; x_wconf 91' lang='lat' dir='ltr'><strong>cum</strong></span> <span class='ocrx_word' id='word_1_391' title='bbox 1740 4942 1806 4980; x_wconf 82' lang='lat' dir='ltr'><strong>ex</strong></span> 
     </span>
    </p>
   </div>
   <div class='ocr_carea' id='block_1_52' title="bbox 219 5016 1807 5095">
    <p class='ocr_par' dir='ltr' id='par_1_52' title="bbox 219 5016 1807 5095">
     <span class='ocr_line' id='line_1_52' title="bbox 219 5016 1807 5095; baseline -0.007 -13"><span class='ocrx_word' id='word_1_392' title='bbox 219 5029 316 5084; x_wconf 82' lang='lat' dir='ltr'><strong>ﬁde</strong></span> <span class='ocrx_word' id='word_1_393' title='bbox 345 5027 415 5080; x_wconf 86' lang='lat' dir='ltr'><strong>ad</strong></span> <span class='ocrx_word' id='word_1_394' title='bbox 441 5025 676 5095; x_wconf 87' lang='lat' dir='ltr'><strong>speciem</strong></span> <span class='ocrx_word' id='word_1_395' title='bbox 703 5022 1030 5086; x_wconf 88' lang='lat' dir='ltr'><strong>venerimus,</strong></span> <span class='ocrx_word' id='word_1_396' title='bbox 1054 5019 1164 5088; x_wconf 82' lang='lat' dir='ltr'><strong>jam</strong></span> <span class='ocrx_word' id='word_1_397' title='bbox 1193 5033 1250 5072; x_wconf 86' lang='lat' dir='ltr'><strong>se</strong></span> <span class='ocrx_word' id='word_1_398' title='bbox 1279 5032 1398 5071; x_wconf 89' lang='lat' dir='ltr'><strong>esse</strong></span> <span class='ocrx_word' id='word_1_399' title='bbox 1425 5016 1730 5082; x_wconf 87' lang='lat' dir='ltr'><strong>arbitretur,</strong></span> <span class='ocrx_word' id='word_1_400' title='bbox 1761 5017 1807 5071; x_wconf 87' lang='lat' dir='ltr'><strong>si</strong></span> 
     </span>
    </p>
   </div>
   <div class='ocr_carea' id='block_1_53' title="bbox 219 5105 1808 5188">
    <p class='ocr_par' dir='ltr' id='par_1_53' title="bbox 219 5105 1808 5188">
     <span class='ocr_line' id='line_1_53' title="bbox 219 5105 1808 5188; baseline -0.008 -15"><span class='ocrx_word' id='word_1_401' title='bbox 219 5119 526 5188; x_wconf 80' lang='lat' dir='ltr'><strong>Scripturas</strong></span> <span class='ocrx_word' id='word_1_402' title='bbox 553 5123 697 5169; x_wconf 83' lang='lat' dir='ltr'><strong>recte</strong></span> <span class='ocrx_word' id='word_1_403' title='bbox 723 5110 998 5180; x_wconf 82' lang='lat' dir='ltr'><strong>intelligit;</strong></span> <span class='ocrx_word' id='word_1_404' title='bbox 1028 5109 1080 5163; x_wconf 92' lang='lat' dir='ltr'><strong>in</strong></span> <span class='ocrx_word' id='word_1_405' title='bbox 1108 5106 1385 5177; x_wconf 82' lang='lat' dir='ltr'><strong>Prophetis</strong></span> <span class='ocrx_word' id='word_1_406' title='bbox 1407 5105 1548 5160; x_wconf 90' lang='lat' dir='ltr'><strong>enim</strong></span> <span class='ocrx_word' id='word_1_407' title='bbox 1575 5114 1732 5175; x_wconf 90' lang='lat' dir='ltr'><strong>atque</strong></span> <span class='ocrx_word' id='word_1_408' title='bbox 1754 5107 1808 5160; x_wconf 90' lang='lat' dir='ltr'><strong>in</strong></span> 
     </span>
    </p>
   </div>
   <div class='ocr_carea' id='block_1_54' title="bbox 221 5196 1806 5271">
    <p class='ocr_par' dir='ltr' id='par_1_54' title="bbox 221 5196 1806 5271">
     <span class='ocr_line' id='line_1_54' title="bbox 221 5196 1806 5271; baseline -0.009 -7"><span class='ocrx_word' id='word_1_409' title='bbox 221 5211 468 5265; x_wconf 84' lang='lat' dir='ltr'><strong>omnibus</strong></span> <span class='ocrx_word' id='word_1_410' title='bbox 495 5206 655 5262; x_wconf 80' lang='lat' dir='ltr'><strong>divini</strong></span> <span class='ocrx_word' id='word_1_411' title='bbox 682 5203 832 5259; x_wconf 88' lang='lat' dir='ltr'><strong>verbi</strong></span> <span class='ocrx_word' id='word_1_412' title='bbox 860 5199 1294 5271; x_wconf 74' lang='lat' dir='ltr'><strong>przedicaloribus</strong></span> <span class='ocrx_word' id='word_1_413' title='bbox 1322 5197 1546 5252; x_wconf 88' lang='lat' dir='ltr'><strong>obscura</strong></span> <span class='ocrx_word' id='word_1_414' title='bbox 1567 5196 1806 5252; x_wconf 89' lang='lat' dir='ltr'><strong>doctrina</strong></span> 
     </span>
    </p>
   </div>
   <div class='ocr_carea' id='block_1_55' title="bbox 223 5313 318 5356">
    <p class='ocr_par' dir='ltr' id='par_1_55' title="bbox 223 5313 318 5356">
     <span class='ocr_line' id='line_1_55' title="bbox 223 5313 318 5356; baseline 0 0"><span class='ocrx_word' id='word_1_415' title='bbox 223 5313 318 5356; x_wconf 66' lang='lat'><strong>€51.</strong></span> 
     </span>
    </p>
   </div>
   <div class='ocr_carea' id='block_1_56' title="bbox 290 5379 1810 5463">
    <p class='ocr_par' dir='ltr' id='par_1_56' title="bbox 290 5379 1810 5463">
     <span class='ocr_line' id='line_1_56' title="bbox 290 5379 1810 5463; baseline -0.011 -15"><span class='ocrx_word' id='word_1_416' title='bbox 290 5394 377 5448; x_wconf 82' lang='lat'><strong>13.</strong></span> <span class='ocrx_word' id='word_1_417' title='bbox 423 5387 693 5463; x_wconf 77' lang='lat' dir='ltr'><strong>[vers.15].</strong></span> <span class='ocrx_word' id='word_1_418' title='bbox 718 5386 840 5440; x_wconf 77' lang='lat' dir='ltr'><strong>Pra:</strong></span> <span class='ocrx_word' id='word_1_419' title='bbox 856 5383 1056 5456; x_wconf 75' lang='lat' dir='ltr'><strong>fulgore</strong></span> <span class='ocrx_word' id='word_1_420' title='bbox 1078 5382 1129 5435; x_wconf 89' lang='lat' dir='ltr'><strong>in</strong></span> <span class='ocrx_word' id='word_1_421' title='bbox 1150 5389 1417 5446; x_wconf 88' lang='lat' dir='ltr'><strong>conspectu</strong></span> <span class='ocrx_word' id='word_1_422' title='bbox 1432 5379 1540 5444; x_wconf 87' lang='lat' dir='ltr'><strong>ejus</strong></span> <span class='ocrx_word' id='word_1_423' title='bbox 1558 5395 1576 5432; x_wconf 92' lang='lat'><strong><em>:</em></strong></span> <span class='ocrx_word' id='word_1_424' title='bbox 1595 5379 1646 5432; x_wconf 92' lang='lat' dir='ltr'><strong>in</strong></span> <span class='ocrx_word' id='word_1_425' title='bbox 1664 5393 1810 5433; x_wconf 91' lang='lat' dir='ltr'><strong>com-</strong></span> 
     </span>
    </p>
   </div>
   <div class='ocr_carea' id='block_1_57' title="bbox 223 5467 1809 5551">
    <p class='ocr_par' dir='ltr' id='par_1_57' title="bbox 223 5467 1809 5551">
     <span class='ocr_line' id='line_1_57' title="bbox 223 5467 1809 5551; baseline -0.01 -13"><span class='ocrx_word' id='word_1_426' title='bbox 223 5485 492 5551; x_wconf 78' lang='lat' dir='ltr'><strong>paratione</strong></span> <span class='ocrx_word' id='word_1_427' title='bbox 516 5480 754 5551; x_wconf 86' lang='lat' dir='ltr'><strong>lulgoris,</strong></span> <span class='ocrx_word' id='word_1_428' title='bbox 779 5474 872 5546; x_wconf 89' lang='lat' dir='ltr'><strong>qui</strong></span> <span class='ocrx_word' id='word_1_429' title='bbox 892 5483 972 5528; x_wconf 88' lang='lat' dir='ltr'><strong>est</strong></span> <span class='ocrx_word' id='word_1_430' title='bbox 991 5472 1042 5526; x_wconf 90' lang='lat' dir='ltr'><strong>in</strong></span> <span class='ocrx_word' id='word_1_431' title='bbox 1059 5481 1347 5540; x_wconf 88' lang='lat' dir='ltr'><strong>conspectu</strong></span> <span class='ocrx_word' id='word_1_432' title='bbox 1370 5467 1809 5523; x_wconf 83' lang='lat' dir='ltr'><strong>maniiestationis</strong></span> 
     </span>
    </p>
   </div>
   <div class='ocr_carea' id='block_1_58' title="bbox 285 5640 1714 5717">
    <p class='ocr_par' dir='ltr' id='par_1_58' title="bbox 285 5640 1714 5717">
     <span class='ocr_line' id='line_1_58' title="bbox 285 5640 1714 5717; baseline -0.01 -16"><span class='ocrx_word' id='word_1_433' title='bbox 285 5661 302 5690; x_wconf 71' lang='grc' dir='ltr'><strong>ι</strong></span> <span class='ocrx_word' id='word_1_434' title='bbox 326 5660 402 5707; x_wconf 82' lang='lat' dir='ltr'><strong>sic</strong></span> <span class='ocrx_word' id='word_1_435' title='bbox 422 5655 629 5708; x_wconf 79' lang='lat' dir='ltr'><strong>nonnulli</strong></span> <span class='ocrx_word' id='word_1_436' title='bbox 655 5652 829 5717; x_wconf 70' lang='lat' dir='ltr'><strong>probae</strong></span> <span class='ocrx_word' id='word_1_437' title='bbox 858 5654 985 5717; x_wconf 67' lang='lat' dir='ltr'><strong>natm</strong></span> <span class='ocrx_word' id='word_1_438' title='bbox 1009 5653 1112 5717; x_wconf 83' lang='lat' dir='ltr'><strong>M_s_s.</strong></span> <span class='ocrx_word' id='word_1_439' title='bbox 1134 5643 1272 5705; x_wconf 78' lang='lat' dir='ltr'><strong>juxta</strong></span> <span class='ocrx_word' id='word_1_440' title='bbox 1292 5648 1421 5692; x_wconf 72' lang='lat' dir='ltr'><strong>LXX.</strong></span> <span class='ocrx_word' id='word_1_441' title='bbox 1449 5640 1714 5704; x_wconf 53' lang='lat' dir='ltr'><strong>[introivit]</strong></span> 
     </span>
    </p>
   </div>
   <div class='ocr_carea' id='block_1_59' title="bbox 287 5707 1485 5782">
    <p class='ocr_par' dir='ltr' id='par_1_59' title="bbox 287 5707 1485 5782">
     <span class='ocr_line' id='line_1_59' title="bbox 287 5707 1485 5782; baseline 0 0"><span class='ocrx_word' id='word_1_442' title='bbox 287 5723 392 5782; x_wconf 52' lang='lat' dir='ltr'><strong>tua</strong></span> <span class='ocrx_word' id='word_1_443' title='bbox 413 5722 456 5769; x_wconf 81' lang='lat' dir='ltr'><strong>in</strong></span> <span class='ocrx_word' id='word_1_444' title='bbox 475 5707 810 5782; x_wconf 65' lang='lat' dir='ltr'><strong>septeni</strong></span> <span class='ocrx_word' id='word_1_445' title='bbox 824 5717 903 5782; x_wconf 66' lang='lat'><strong>3“.</strong></span> <span class='ocrx_word' id='word_1_446' title='bbox 918 5707 1120 5782; x_wconf 69' lang='grc' dir='ltr'><strong>ίη.ει¹ξ¹;ν</strong></span> <span class='ocrx_word' id='word_1_447' title='bbox 1144 5719 1336 5782; x_wconf 47' lang='grc' dir='ltr'><strong>φεμ.--</strong></span> 
     </span>
    </p>
   </div>
   <div class='ocr_carea' id='block_1_60' title="bbox 290 5763 1588 5847">
    <p class='ocr_par' dir='ltr' id='par_1_60' title="bbox 290 5763 1588 5847">
     <span class='ocr_line' id='line_1_60' title="bbox 290 5763 1588 5847; baseline -0.015 -14"><span class='ocrx_word' id='word_1_448' title='bbox 290 5781 314 5816; x_wconf 81' lang='grc'><strong><em>⁸</em></strong></span> <span class='ocrx_word' id='word_1_449' title='bbox 330 5763 456 5845; x_wconf 58' lang='lat' dir='ltr'><strong>13v:</strong></span> <span class='ocrx_word' id='word_1_450' title='bbox 813 5771 984 5821; x_wconf 58' lang='lat' dir='ltr'><strong>caeteri</strong></span> <span class='ocrx_word' id='word_1_451' title='bbox 1009 5763 1141 5830; x_wconf 82' lang='lat' dir='ltr'><strong>edd.,</strong></span> <span class='ocrx_word' id='word_1_452' title='bbox 1158 5763 1588 5829; x_wconf 75' lang='lat' dir='ltr'><strong>imaginationibus.</strong></span> 
     </span>
    </p>
   </div>
   <div class='ocr_carea' id='block_1_61' title="bbox 1285 333 2340 399">
    <p class='ocr_par' dir='ltr' id='par_1_61' title="bbox 1285 333 2340 399">
     <span class='ocr_line' id='line_1_61' title="bbox 1285 333 2340 399; baseline -0.011 0"><span class='ocrx_word' id='word_1_453' title='bbox 1285 338 1676 399; x_wconf 77' lang='lat' dir='ltr'><strong>ENABRATIU</strong></span> <span class='ocrx_word' id='word_1_454' title='bbox 1715 335 1780 388; x_wconf 73' lang='lat' dir='ltr'><strong>1N</strong></span> <span class='ocrx_word' id='word_1_455' title='bbox 1820 333 2141 388; x_wconf 64' lang='lat' dir='ltr'><strong>PSAIMUM</strong></span> <span class='ocrx_word' id='word_1_456' title='bbox 2182 334 2340 388; x_wconf 71' lang='lat' dir='ltr'><strong>XVII.</strong></span> 
     </span>
    </p>
   </div>
   <div class='ocr_carea' id='block_1_62' title="bbox 3357 350 3491 406">
    <p class='ocr_par' dir='ltr' id='par_1_62' title="bbox 3357 350 3491 406">
     <span class='ocr_line' id='line_1_62' title="bbox 3357 350 3491 406; baseline 0.022 -3"><span class='ocrx_word' id='word_1_457' title='bbox 3357 350 3491 406; x_wconf 49' lang='lat'><strong>150*</strong></span> 
     </span>
    </p>
   </div>
   <div class='ocr_carea' id='block_1_63' title="bbox 1875 459 3460 542">
    <p class='ocr_par' dir='ltr' id='par_1_63' title="bbox 1875 459 3460 542">
     <span class='ocr_line' id='line_1_63' title="bbox 1875 459 3460 542; baseline 0.008 -28"><span class='ocrx_word' id='word_1_458' title='bbox 1875 459 2010 529; x_wconf 86' lang='lat' dir='ltr'><strong>ejus.</strong></span> <span class='ocrx_word' id='word_1_459' title='bbox 2037 459 2206 516; x_wconf 82' lang='lat' dir='ltr'><strong>Nubes</strong></span> <span class='ocrx_word' id='word_1_460' title='bbox 2227 463 2382 530; x_wconf 85' lang='lat' dir='ltr'><strong>ipsius</strong></span> <span class='ocrx_word' id='word_1_461' title='bbox 2406 464 2710 517; x_wconf 87' lang='lat' dir='ltr'><strong>transierunt</strong></span> <span class='ocrx_word' id='word_1_462' title='bbox 2736 481 2754 516; x_wconf 90' lang='lat'><strong><em>:</em></strong></span> <span class='ocrx_word' id='word_1_463' title='bbox 2782 465 3154 534; x_wconf 72' lang='lat' dir='ltr'><strong>przedicatores</strong></span> <span class='ocrx_word' id='word_1_464' title='bbox 3175 470 3320 525; x_wconf 89' lang='lat' dir='ltr'><strong>verbi</strong></span> <span class='ocrx_word' id='word_1_465' title='bbox 3338 472 3460 542; x_wconf 86' lang='lat' dir='ltr'><strong>ejus</strong></span> 
     </span>
    </p>
   </div>
   <div class='ocr_carea' id='block_1_64' title="bbox 1876 553 3458 624">
    <p class='ocr_par' dir='ltr' id='par_1_64' title="bbox 1876 553 3458 624">
     <span class='ocr_line' id='line_1_64' title="bbox 1876 553 3458 624; baseline 0.008 -17"><span class='ocrx_word' id='word_1_466' title='bbox 1876 569 1980 607; x_wconf 89' lang='lat' dir='ltr'><strong>non</strong></span> <span class='ocrx_word' id='word_1_467' title='bbox 1999 553 2105 622; x_wconf 84' lang='lat' dir='ltr'><strong>jam</strong></span> <span class='ocrx_word' id='word_1_468' title='bbox 2135 555 2184 607; x_wconf 91' lang='lat' dir='ltr'><strong>in</strong></span> <span class='ocrx_word' id='word_1_469' title='bbox 2206 553 2403 609; x_wconf 67' lang='grc' dir='ltr'><strong>ιῐιιάίητρ</strong></span> <span class='ocrx_word' id='word_1_470' title='bbox 2433 556 2620 610; x_wconf 87' lang='lat' dir='ltr'><strong>linibus</strong></span> <span class='ocrx_word' id='word_1_471' title='bbox 2645 557 3000 624; x_wconf 85' lang='lat' dir='ltr'><strong>continentur,</strong></span> <span class='ocrx_word' id='word_1_472' title='bbox 3023 560 3114 615; x_wconf 91' lang='lat' dir='ltr'><strong>sed</strong></span> <span class='ocrx_word' id='word_1_473' title='bbox 3136 565 3458 620; x_wconf 79' lang='lat' dir='ltr'><strong>transierunt</strong></span> 
     </span>
    </p>
   </div>
   <div class='ocr_carea' id='block_1_65' title="bbox 1877 641 3483 722">
    <p class='ocr_par' dir='ltr' id='par_1_65' title="bbox 1877 641 3483 722">
     <span class='ocr_line' id='line_1_65' title="bbox 1877 641 3483 722; baseline 0.011 -28"><span class='ocrx_word' id='word_1_474' title='bbox 1877 641 1942 695; x_wconf 89' lang='lat' dir='ltr'><strong>ad</strong></span> <span class='ocrx_word' id='word_1_475' title='bbox 1983 642 2199 698; x_wconf 87' lang='lat' dir='ltr'><strong>Gentes.</strong></span> <span class='ocrx_word' id='word_1_476' title='bbox 2243 642 2450 698; x_wconf 77' lang='lat' dir='ltr'><strong>Grande</strong></span> <span class='ocrx_word' id='word_1_477' title='bbox 2493 656 2539 699; x_wconf 84' lang='lat' dir='ltr'><strong>et</strong></span> <span class='ocrx_word' id='word_1_478' title='bbox 2575 646 2814 701; x_wconf 86' lang='lat' dir='ltr'><strong>carbones</strong></span> <span class='ocrx_word' id='word_1_479' title='bbox 2855 647 3002 719; x_wconf 84' lang='lat' dir='ltr'><strong>ignis.</strong></span> <span class='ocrx_word' id='word_1_480' title='bbox 3055 650 3483 722; x_wconf 56' lang='lat' dir='ltr'><strong>Objurgationes.</strong></span> 
     </span>
    </p>
   </div>
   <div class='ocr_carea' id='block_1_66' title="bbox 1881 733 3458 808">
    <p class='ocr_par' dir='ltr' id='par_1_66' title="bbox 1881 733 3458 808">
     <span class='ocr_line' id='line_1_66' title="bbox 1881 733 3458 808; baseline 0.008 -21"><span class='ocrx_word' id='word_1_481' title='bbox 1881 733 2114 802; x_wconf 67' lang='lat' dir='ltr'><strong>ﬁgurata:</strong></span> <span class='ocrx_word' id='word_1_482' title='bbox 2145 736 2183 800; x_wconf 83' lang='grc'><strong>¹,</strong></span> <span class='ocrx_word' id='word_1_483' title='bbox 2210 735 2400 804; x_wconf 88' lang='lat' dir='ltr'><strong>quibus</strong></span> <span class='ocrx_word' id='word_1_484' title='bbox 2431 738 2575 791; x_wconf 79' lang='lat' dir='ltr'><strong>velut</strong></span> <span class='ocrx_word' id='word_1_485' title='bbox 2603 738 2858 808; x_wconf 84' lang='lat' dir='ltr'><strong>grandine</strong></span> <span class='ocrx_word' id='word_1_486' title='bbox 2881 739 3039 793; x_wconf 88' lang='lat' dir='ltr'><strong>corda</strong></span> <span class='ocrx_word' id='word_1_487' title='bbox 3063 740 3190 795; x_wconf 93' lang='lat' dir='ltr'><strong>dura</strong></span> <span class='ocrx_word' id='word_1_488' title='bbox 3225 745 3458 799; x_wconf 83' lang='lat' dir='ltr'><strong>tundun-</strong></span> 
     </span>
    </p>
   </div>
   <div class='ocr_carea' id='block_1_67' title="bbox 1884 826 3459 904">
    <p class='ocr_par' dir='ltr' id='par_1_67' title="bbox 1884 826 3459 904">
     <span class='ocr_line' id='line_1_67' title="bbox 1884 826 3459 904; baseline 0.008 -28"><span class='ocrx_word' id='word_1_489' title='bbox 1884 832 2002 877; x_wconf 79' lang='lat' dir='ltr'><strong>tur:</strong></span> <span class='ocrx_word' id='word_1_490' title='bbox 2035 826 2079 878; x_wconf 88' lang='lat' dir='ltr'><strong>si</strong></span> <span class='ocrx_word' id='word_1_491' title='bbox 2124 835 2298 879; x_wconf 90' lang='lat' dir='ltr'><strong>autem</strong></span> <span class='ocrx_word' id='word_1_492' title='bbox 2341 835 2477 880; x_wconf 88' lang='lat' dir='ltr'><strong>terra</strong></span> <span class='ocrx_word' id='word_1_493' title='bbox 2506 829 2646 882; x_wconf 92' lang='lat' dir='ltr'><strong>culta</strong></span> <span class='ocrx_word' id='word_1_494' title='bbox 2691 839 2743 882; x_wconf 90' lang='lat' dir='ltr'><strong>et</strong></span> <span class='ocrx_word' id='word_1_495' title='bbox 2770 829 2941 894; x_wconf 90' lang='lat' dir='ltr'><strong>mitis,</strong></span> <span class='ocrx_word' id='word_1_496' title='bbox 2971 831 3021 884; x_wconf 91' lang='lat' dir='ltr'><strong>id</strong></span> <span class='ocrx_word' id='word_1_497' title='bbox 3044 841 3145 896; x_wconf 90' lang='lat' dir='ltr'><strong>est,</strong></span> <span class='ocrx_word' id='word_1_498' title='bbox 3186 833 3304 904; x_wconf 83' lang='lat' dir='ltr'><strong>pius</strong></span> <span class='ocrx_word' id='word_1_499' title='bbox 3350 838 3459 889; x_wconf 85' lang='lat' dir='ltr'><strong>ani-</strong></span> 
     </span>
    </p>
   </div>
   <div class='ocr_carea' id='block_1_68' title="bbox 1883 911 3468 994">
    <p class='ocr_par' dir='ltr' id='par_1_68' title="bbox 1883 911 3468 994">
     <span class='ocr_line' id='line_1_68' title="bbox 1883 911 3468 994; baseline 0.008 -25"><span class='ocrx_word' id='word_1_500' title='bbox 1883 932 2000 970; x_wconf 91' lang='lat' dir='ltr'><strong>mus</strong></span> <span class='ocrx_word' id='word_1_501' title='bbox 2043 919 2327 987; x_wconf 78' lang='lat' dir='ltr'><strong>exceperit,</strong></span> <span class='ocrx_word' id='word_1_502' title='bbox 2376 917 2566 974; x_wconf 83' lang='lat' dir='ltr'><strong>duritia</strong></span> <span class='ocrx_word' id='word_1_503' title='bbox 2615 911 2904 988; x_wconf 74' lang='lat' dir='ltr'><strong>grandinis</strong></span> <span class='ocrx_word' id='word_1_504' title='bbox 2932 922 2982 977; x_wconf 93' lang='lat' dir='ltr'><strong>in</strong></span> <span class='ocrx_word' id='word_1_505' title='bbox 3028 939 3240 994; x_wconf 83' lang='lat' dir='ltr'><strong>aquam,</strong></span> <span class='ocrx_word' id='word_1_506' title='bbox 3286 925 3335 980; x_wconf 90' lang='lat' dir='ltr'><strong>id</strong></span> <span class='ocrx_word' id='word_1_507' title='bbox 3382 937 3468 981; x_wconf 85' lang='lat' dir='ltr'><strong>est</strong></span> 
     </span>
    </p>
   </div>
   <div class='ocr_carea' id='block_1_69' title="bbox 1887 1007 3462 1086">
    <p class='ocr_par' dir='ltr' id='par_1_69' title="bbox 1887 1007 3462 1086">
     <span class='ocr_line' id='line_1_69' title="bbox 1887 1007 3462 1086; baseline 0.005 -24"><span class='ocrx_word' id='word_1_508' title='bbox 1887 1018 2057 1062; x_wconf 85' lang='lat' dir='ltr'><strong>terror</strong></span> <span class='ocrx_word' id='word_1_509' title='bbox 2083 1007 2357 1079; x_wconf 72' lang='lat' dir='ltr'><strong>fulguratze</strong></span> <span class='ocrx_word' id='word_1_510' title='bbox 2385 1019 2438 1064; x_wconf 89' lang='lat' dir='ltr'><strong>et</strong></span> <span class='ocrx_word' id='word_1_511' title='bbox 2459 1011 2604 1079; x_wconf 88' lang='lat' dir='ltr'><strong>quasi</strong></span> <span class='ocrx_word' id='word_1_512' title='bbox 2634 1013 2923 1082; x_wconf 74' lang='lat' dir='ltr'><strong>congelata:</strong></span> <span class='ocrx_word' id='word_1_513' title='bbox 2951 1013 3329 1086; x_wconf 87' lang='lat' dir='ltr'><strong>objurgationis</strong></span> <span class='ocrx_word' id='word_1_514' title='bbox 3359 1019 3380 1048; x_wconf 88' lang='grc'>²</span> <span class='ocrx_word' id='word_1_515' title='bbox 3412 1018 3462 1070; x_wconf 91' lang='lat' dir='ltr'><strong>in</strong></span> 
     </span>
    </p>
   </div>
   <div class='ocr_carea' id='block_1_70' title="bbox 1885 1099 3471 1174">
    <p class='ocr_par' dir='ltr' id='par_1_70' title="bbox 1885 1099 3471 1174">
     <span class='ocr_line' id='line_1_70' title="bbox 1885 1099 3471 1174; baseline 0.006 -22"><span class='ocrx_word' id='word_1_516' title='bbox 1885 1099 2179 1153; x_wconf 87' lang='lat' dir='ltr'><strong>doctrinam</strong></span> <span class='ocrx_word' id='word_1_517' title='bbox 2200 1101 2478 1156; x_wconf 78' lang='lat' dir='ltr'><strong>sntiantem</strong></span> <span class='ocrx_word' id='word_1_518' title='bbox 2500 1103 2782 1157; x_wconf 84' lang='lat' dir='ltr'><strong>resolvitur</strong></span> <span class='ocrx_word' id='word_1_519' title='bbox 2805 1126 2817 1158; x_wconf 91' lang='lat'><strong><em>:</em></strong></span> <span class='ocrx_word' id='word_1_520' title='bbox 2852 1105 2970 1174; x_wconf 84' lang='lat' dir='ltr'><strong>igne</strong></span> <span class='ocrx_word' id='word_1_521' title='bbox 2990 1118 3166 1162; x_wconf 89' lang='lat' dir='ltr'><strong>autem</strong></span> <span class='ocrx_word' id='word_1_522' title='bbox 3191 1107 3471 1163; x_wconf 81' lang='lat' dir='ltr'><strong>cltaritatis</strong></span> 
     </span>
    </p>
   </div>
   <div class='ocr_carea' id='block_1_71' title="bbox 1886 1192 3468 1255">
    <p class='ocr_par' dir='ltr' id='par_1_71' title="bbox 1886 1192 3468 1255">
     <span class='ocr_line' id='line_1_71' title="bbox 1886 1192 3468 1255; baseline 0.005 -10"><span class='ocrx_word' id='word_1_523' title='bbox 1886 1206 2106 1246; x_wconf 89' lang='lat' dir='ltr'><strong>accensa</strong></span> <span class='ocrx_word' id='word_1_524' title='bbox 2153 1192 2309 1246; x_wconf 85' lang='lat' dir='ltr'><strong>corda</strong></span> <span class='ocrx_word' id='word_1_525' title='bbox 2361 1195 2698 1249; x_wconf 76' lang='lat' dir='ltr'><strong>reviviscunt.</strong></span> <span class='ocrx_word' id='word_1_526' title='bbox 2747 1195 2870 1254; x_wconf 65' lang='lat' dir='ltr'><strong>llaec</strong></span> <span class='ocrx_word' id='word_1_527' title='bbox 2911 1198 3087 1253; x_wconf 88' lang='lat' dir='ltr'><strong>omnia</strong></span> <span class='ocrx_word' id='word_1_528' title='bbox 3137 1199 3190 1252; x_wconf 93' lang='lat' dir='ltr'><strong>in</strong></span> <span class='ocrx_word' id='word_1_529' title='bbox 3241 1201 3468 1255; x_wconf 88' lang='lat' dir='ltr'><strong>nubibus</strong></span> 
     </span>
    </p>
   </div>
   <div class='ocr_carea' id='block_1_72' title="bbox 1889 1282 2732 1352">
    <p class='ocr_par' dir='ltr' id='par_1_72' title="bbox 1889 1282 2732 1352">
     <span class='ocr_line' id='line_1_72' title="bbox 1889 1282 2732 1352; baseline 0.005 -16"><span class='ocrx_word' id='word_1_530' title='bbox 1889 1283 2052 1352; x_wconf 90' lang='lat' dir='ltr'><strong>ipsius</strong></span> <span class='ocrx_word' id='word_1_531' title='bbox 2077 1283 2141 1336; x_wconf 91' lang='lat' dir='ltr'><strong>ad</strong></span> <span class='ocrx_word' id='word_1_532' title='bbox 2172 1282 2368 1338; x_wconf 82' lang='lat' dir='ltr'><strong>Gentes</strong></span> <span class='ocrx_word' id='word_1_533' title='bbox 2394 1286 2732 1340; x_wconf 89' lang='lat' dir='ltr'><strong>transierunt.</strong></span> 
     </span>
    </p>
   </div>
   <div class='ocr_carea' id='block_1_73' title="bbox 1964 1374 3474 1450">
    <p class='ocr_par' dir='ltr' id='par_1_73' title="bbox 1964 1374 3474 1450">
     <span class='ocr_line' id='line_1_73' title="bbox 1964 1374 3474 1450; baseline 0.009 -22"><span class='ocrx_word' id='word_1_534' title='bbox 1964 1376 2048 1428; x_wconf 70' lang='grc'><strong>14.</strong></span> <span class='ocrx_word' id='word_1_535' title='bbox 2093 1374 2258 1448; x_wconf 87' lang='lat' dir='ltr'><strong>[vers.</strong></span> <span class='ocrx_word' id='word_1_536' title='bbox 2292 1375 2404 1450; x_wconf 70' lang='lat'><strong>14.]</strong></span> <span class='ocrx_word' id='word_1_537' title='bbox 2445 1377 2510 1432; x_wconf 78' lang='lat' dir='ltr'><strong>Et</strong></span> <span class='ocrx_word' id='word_1_538' title='bbox 2556 1381 2772 1434; x_wconf 82' lang='lat' dir='ltr'><strong>intonuit</strong></span> <span class='ocrx_word' id='word_1_539' title='bbox 2817 1381 2879 1435; x_wconf 88' lang='lat' dir='ltr'><strong>de</strong></span> <span class='ocrx_word' id='word_1_540' title='bbox 2914 1384 3036 1437; x_wconf 77' lang='lat' dir='ltr'><strong>caelo</strong></span> <span class='ocrx_word' id='word_1_541' title='bbox 3076 1383 3363 1441; x_wconf 88' lang='lat' dir='ltr'><strong>Dominus:</strong></span> <span class='ocrx_word' id='word_1_542' title='bbox 3417 1396 3474 1442; x_wconf 92' lang='lat' dir='ltr'><strong>et</strong></span> 
     </span>
    </p>
   </div>
   <div class='ocr_carea' id='block_1_74' title="bbox 1891 1465 3474 1542">
    <p class='ocr_par' dir='ltr' id='par_1_74' title="bbox 1891 1465 3474 1542">
     <span class='ocr_line' id='line_1_74' title="bbox 1891 1465 3474 1542; baseline 0.008 -23"><span class='ocrx_word' id='word_1_543' title='bbox 1891 1465 2205 1536; x_wconf 79' lang='lat' dir='ltr'><strong>Erangelica</strong></span> <span class='ocrx_word' id='word_1_544' title='bbox 2237 1467 2424 1522; x_wconf 83' lang='lat' dir='ltr'><strong>ﬁducia</strong></span> <span class='ocrx_word' id='word_1_545' title='bbox 2451 1469 2516 1523; x_wconf 88' lang='lat' dir='ltr'><strong>de</strong></span> <span class='ocrx_word' id='word_1_546' title='bbox 2542 1473 2703 1526; x_wconf 84' lang='lat' dir='ltr'><strong>corde</strong></span> <span class='ocrx_word' id='word_1_547' title='bbox 2726 1473 2854 1542; x_wconf 82' lang='lat' dir='ltr'><strong>justi</strong></span> <span class='ocrx_word' id='word_1_548' title='bbox 2881 1476 3057 1529; x_wconf 84' lang='lat' dir='ltr'><strong>sonuit</strong></span> <span class='ocrx_word' id='word_1_549' title='bbox 3101 1477 3372 1533; x_wconf 89' lang='lat' dir='ltr'><strong>Dominus.</strong></span> <span class='ocrx_word' id='word_1_550' title='bbox 3403 1477 3474 1532; x_wconf 88' lang='lat' dir='ltr'><strong>Et</strong></span> 
     </span>
    </p>
   </div>
   <div class='ocr_carea' id='block_1_75' title="bbox 1893 1561 3472 1637">
    <p class='ocr_par' dir='ltr' id='par_1_75' title="bbox 1893 1561 3472 1637">
     <span class='ocr_line' id='line_1_75' title="bbox 1893 1561 3472 1637; baseline 0.007 -24"><span class='ocrx_word' id='word_1_551' title='bbox 1893 1561 2174 1614; x_wconf 84' lang='lat' dir='ltr'><strong>Altissimus</strong></span> <span class='ocrx_word' id='word_1_552' title='bbox 2198 1561 2332 1615; x_wconf 83' lang='lat' dir='ltr'><strong>dedit</strong></span> <span class='ocrx_word' id='word_1_553' title='bbox 2359 1579 2519 1616; x_wconf 81' lang='lat' dir='ltr'><strong>vocem</strong></span> <span class='ocrx_word' id='word_1_554' title='bbox 2541 1581 2680 1618; x_wconf 89' lang='lat' dir='ltr'><strong>suam</strong></span> <span class='ocrx_word' id='word_1_555' title='bbox 2705 1581 2724 1619; x_wconf 88' lang='lat'><strong><em>:</em></strong></span> <span class='ocrx_word' id='word_1_556' title='bbox 2761 1575 2818 1620; x_wconf 92' lang='lat' dir='ltr'><strong>ut</strong></span> <span class='ocrx_word' id='word_1_557' title='bbox 2843 1566 3156 1623; x_wconf 81' lang='lat' dir='ltr'><strong>haberemus</strong></span> <span class='ocrx_word' id='word_1_558' title='bbox 3181 1586 3319 1637; x_wconf 88' lang='lat' dir='ltr'><strong>eam,</strong></span> <span class='ocrx_word' id='word_1_559' title='bbox 3343 1579 3398 1626; x_wconf 90' lang='lat' dir='ltr'><strong>et</strong></span> <span class='ocrx_word' id='word_1_560' title='bbox 3420 1572 3472 1625; x_wconf 92' lang='lat' dir='ltr'><strong>in</strong></span> 
     </span>
    </p>
   </div>
   <div class='ocr_carea' id='block_1_76' title="bbox 1893 1651 3347 1720">
    <p class='ocr_par' dir='ltr' id='par_1_76' title="bbox 1893 1651 3347 1720">
     <span class='ocr_line' id='line_1_76' title="bbox 1893 1651 3347 1720; baseline 0.008 -17"><span class='ocrx_word' id='word_1_561' title='bbox 1893 1651 2154 1720; x_wconf 79' lang='lat' dir='ltr'><strong>profundo</strong></span> <span class='ocrx_word' id='word_1_562' title='bbox 2182 1668 2359 1706; x_wconf 88' lang='lat' dir='ltr'><strong>rerum</strong></span> <span class='ocrx_word' id='word_1_563' title='bbox 2386 1653 2730 1710; x_wconf 86' lang='lat' dir='ltr'><strong>lmmanarum</strong></span> <span class='ocrx_word' id='word_1_564' title='bbox 2760 1657 3060 1714; x_wconf 89' lang='lat' dir='ltr'><strong>audiremus</strong></span> <span class='ocrx_word' id='word_1_565' title='bbox 3088 1662 3347 1716; x_wconf 59' lang='lat' dir='ltr'><strong>caelestia.</strong></span> 
     </span>
    </p>
   </div>
   <div class='ocr_carea' id='block_1_77' title="bbox 1967 1741 3477 1823">
    <p class='ocr_par' dir='ltr' id='par_1_77' title="bbox 1967 1741 3477 1823">
     <span class='ocr_line' id='line_1_77' title="bbox 1967 1741 3477 1823; baseline 0.007 -26"><span class='ocrx_word' id='word_1_566' title='bbox 1967 1744 2052 1797; x_wconf 79' lang='grc'><strong>15.</strong></span> <span class='ocrx_word' id='word_1_567' title='bbox 2095 1741 2264 1815; x_wconf 86' lang='lat' dir='ltr'><strong>[vers.</strong></span> <span class='ocrx_word' id='word_1_568' title='bbox 2297 1743 2404 1816; x_wconf 80' lang='lat'><strong>15.]</strong></span> <span class='ocrx_word' id='word_1_569' title='bbox 2448 1745 2514 1798; x_wconf 84' lang='lat' dir='ltr'><strong>Et</strong></span> <span class='ocrx_word' id='word_1_570' title='bbox 2552 1747 2712 1800; x_wconf 85' lang='lat' dir='ltr'><strong>emisit</strong></span> <span class='ocrx_word' id='word_1_571' title='bbox 2740 1749 2948 1818; x_wconf 86' lang='lat' dir='ltr'><strong>sagittas</strong></span> <span class='ocrx_word' id='word_1_572' title='bbox 2986 1767 3136 1818; x_wconf 89' lang='lat' dir='ltr'><strong>suas,</strong></span> <span class='ocrx_word' id='word_1_573' title='bbox 3171 1762 3215 1805; x_wconf 88' lang='lat' dir='ltr'><strong>et</strong></span> <span class='ocrx_word' id='word_1_574' title='bbox 3243 1753 3477 1823; x_wconf 85' lang='lat' dir='ltr'><strong>dispersit</strong></span> 
     </span>
    </p>
   </div>
   <div class='ocr_carea' id='block_1_78' title="bbox 1894 1835 3476 1908">
    <p class='ocr_par' dir='ltr' id='par_1_78' title="bbox 1894 1835 3476 1908">
     <span class='ocr_line' id='line_1_78' title="bbox 1894 1835 3476 1908; baseline 0.008 -21"><span class='ocrx_word' id='word_1_575' title='bbox 1894 1851 2017 1888; x_wconf 88' lang='lat' dir='ltr'><strong>eos:</strong></span> <span class='ocrx_word' id='word_1_576' title='bbox 2067 1844 2120 1888; x_wconf 90' lang='lat' dir='ltr'><strong>et</strong></span> <span class='ocrx_word' id='word_1_577' title='bbox 2163 1835 2339 1889; x_wconf 89' lang='lat' dir='ltr'><strong>emisit</strong></span> <span class='ocrx_word' id='word_1_578' title='bbox 2390 1835 2750 1906; x_wconf 58' lang='lat' dir='ltr'><strong>Evangelistas</strong></span> <span class='ocrx_word' id='word_1_579' title='bbox 2794 1841 2981 1908; x_wconf 90' lang='lat' dir='ltr'><strong>pennis</strong></span> <span class='ocrx_word' id='word_1_580' title='bbox 3032 1841 3278 1896; x_wconf 87' lang='lat' dir='ltr'><strong>virtutum</strong></span> <span class='ocrx_word' id='word_1_581' title='bbox 3329 1856 3476 1900; x_wconf 88' lang='lat' dir='ltr'><strong>recta</strong></span> 
     </span>
    </p>
   </div>
   <div class='ocr_carea' id='block_1_79' title="bbox 1896 1925 3475 2003">
    <p class='ocr_par' dir='ltr' id='par_1_79' title="bbox 1896 1925 3475 2003">
     <span class='ocr_line' id='line_1_79' title="bbox 1896 1925 3475 2003; baseline 0.007 -25"><span class='ocrx_word' id='word_1_582' title='bbox 1896 1925 2081 1978; x_wconf 86' lang='lat' dir='ltr'><strong>itinera</strong></span> <span class='ocrx_word' id='word_1_583' title='bbox 2113 1925 2134 1957; x_wconf 83' lang='grc'><em>³</em></span> <span class='ocrx_word' id='word_1_584' title='bbox 2156 1927 2560 1994; x_wconf 83' lang='lat' dir='ltr'><strong>transvolantcs,</strong></span> <span class='ocrx_word' id='word_1_585' title='bbox 2596 1945 2700 1982; x_wconf 90' lang='lat' dir='ltr'><strong>non</strong></span> <span class='ocrx_word' id='word_1_586' title='bbox 2725 1929 2854 1990; x_wconf 87' lang='lat' dir='ltr'><strong>suis.</strong></span> <span class='ocrx_word' id='word_1_587' title='bbox 2879 1931 2970 1986; x_wconf 88' lang='lat' dir='ltr'><strong>sed</strong></span> <span class='ocrx_word' id='word_1_588' title='bbox 3002 1931 3117 2000; x_wconf 88' lang='lat' dir='ltr'><strong>ejus</strong></span> <span class='ocrx_word' id='word_1_589' title='bbox 3142 1947 3171 1985; x_wconf 92' lang='lat' dir='ltr'><strong>a</strong></span> <span class='ocrx_word' id='word_1_590' title='bbox 3197 1950 3302 2003; x_wconf 86' lang='lat' dir='ltr'><strong>quo</strong></span> <span class='ocrx_word' id='word_1_591' title='bbox 3327 1936 3475 1989; x_wconf 91' lang='lat' dir='ltr'><strong>missi</strong></span> 
     </span>
    </p>
   </div>
   <div class='ocr_carea' id='block_1_80' title="bbox 1895 2015 3478 2091">
    <p class='ocr_par' dir='ltr' id='par_1_80' title="bbox 1895 2015 3478 2091">
     <span class='ocr_line' id='line_1_80' title="bbox 1895 2015 3478 2091; baseline 0.005 -21"><span class='ocrx_word' id='word_1_592' title='bbox 1895 2025 2018 2070; x_wconf 88' lang='lat' dir='ltr'><strong>sunt</strong></span> <span class='ocrx_word' id='word_1_593' title='bbox 2047 2015 2278 2069; x_wconf 86' lang='lat' dir='ltr'><strong>viribus:</strong></span> <span class='ocrx_word' id='word_1_594' title='bbox 2310 2027 2361 2072; x_wconf 92' lang='lat' dir='ltr'><strong>et</strong></span> <span class='ocrx_word' id='word_1_595' title='bbox 2399 2018 2648 2088; x_wconf 88' lang='lat' dir='ltr'><strong>dispersit</strong></span> <span class='ocrx_word' id='word_1_596' title='bbox 2673 2034 2765 2073; x_wconf 90' lang='lat' dir='ltr'><strong>eos</strong></span> <span class='ocrx_word' id='word_1_597' title='bbox 2793 2019 2860 2074; x_wconf 91' lang='lat' dir='ltr'><strong>ad</strong></span> <span class='ocrx_word' id='word_1_598' title='bbox 2903 2036 3034 2091; x_wconf 90' lang='lat' dir='ltr'><strong>quos</strong></span> <span class='ocrx_word' id='word_1_599' title='bbox 3061 2023 3204 2077; x_wconf 89' lang='lat' dir='ltr'><strong>missi</strong></span> <span class='ocrx_word' id='word_1_600' title='bbox 3232 2032 3386 2090; x_wconf 85' lang='lat' dir='ltr'><strong>sunt,</strong></span> <span class='ocrx_word' id='word_1_601' title='bbox 3419 2035 3478 2078; x_wconf 90' lang='lat' dir='ltr'><strong>ut</strong></span> 
     </span>
    </p>
   </div>
   <div class='ocr_carea' id='block_1_81' title="bbox 1897 2108 3479 2181">
    <p class='ocr_par' dir='ltr' id='par_1_81' title="bbox 1897 2108 3479 2181">
     <span class='ocr_line' id='line_1_81' title="bbox 1897 2108 3479 2181; baseline 0.005 -21"><span class='ocrx_word' id='word_1_602' title='bbox 1897 2108 2013 2161; x_wconf 90' lang='lat' dir='ltr'><strong>aliis</strong></span> <span class='ocrx_word' id='word_1_603' title='bbox 2058 2123 2240 2161; x_wconf 90' lang='lat' dir='ltr'><strong>eorum</strong></span> <span class='ocrx_word' id='word_1_604' title='bbox 2284 2118 2460 2162; x_wconf 84' lang='lat' dir='ltr'><strong>essent</strong></span> <span class='ocrx_word' id='word_1_605' title='bbox 2512 2109 2647 2163; x_wconf 87' lang='lat' dir='ltr'><strong>odor</strong></span> <span class='ocrx_word' id='word_1_606' title='bbox 2696 2110 2815 2165; x_wconf 68' lang='lat' dir='ltr'><strong>vita:</strong></span> <span class='ocrx_word' id='word_1_607' title='bbox 2856 2110 2906 2164; x_wconf 93' lang='lat' dir='ltr'><strong>in</strong></span> <span class='ocrx_word' id='word_1_608' title='bbox 2954 2112 3134 2181; x_wconf 79' lang='lat' dir='ltr'><strong>vitam,</strong></span> <span class='ocrx_word' id='word_1_609' title='bbox 3180 2115 3297 2168; x_wconf 88' lang='lat' dir='ltr'><strong>aliis</strong></span> <span class='ocrx_word' id='word_1_610' title='bbox 3345 2114 3479 2168; x_wconf 81' lang='lat' dir='ltr'><strong>uan</strong></span> 
     </span>
    </p>
   </div>
   <div class='ocr_carea' id='block_1_82' title="bbox 1898 2199 3479 2273">
    <p class='ocr_par' dir='ltr' id='par_1_82' title="bbox 1898 2199 3479 2273">
     <span class='ocr_line' id='line_1_82' title="bbox 1898 2199 3479 2273; baseline 0.004 -22"><span class='ocrx_word' id='word_1_611' title='bbox 1898 2199 2084 2252; x_wconf 80' lang='lat' dir='ltr'><strong>mortis</strong></span> <span class='ocrx_word' id='word_1_612' title='bbox 2127 2199 2180 2252; x_wconf 93' lang='lat' dir='ltr'><strong>in</strong></span> <span class='ocrx_word' id='word_1_613' title='bbox 2226 2209 2449 2253; x_wconf 90' lang='lat' dir='ltr'><strong>mortem</strong></span> <span class='ocrx_word' id='word_1_614' title='bbox 2497 2199 2951 2273; x_wconf 81' lang='lat' dir='ltr'><strong>(llCor.n,16).</strong></span> <span class='ocrx_word' id='word_1_615' title='bbox 3003 2202 3067 2254; x_wconf 75' lang='lat' dir='ltr'><strong>Et</strong></span> <span class='ocrx_word' id='word_1_616' title='bbox 3110 2205 3479 2258; x_wconf 85' lang='lat' dir='ltr'><strong>coruscationes</strong></span> 
     </span>
    </p>
   </div>
   <div class='ocr_carea' id='block_1_83' title="bbox 1897 2292 3480 2367">
    <p class='ocr_par' dir='ltr' id='par_1_83' title="bbox 1897 2292 3480 2367">
     <span class='ocr_line' id='line_1_83' title="bbox 1897 2292 3480 2367; baseline 0.003 -22"><span class='ocrx_word' id='word_1_617' title='bbox 1897 2292 2245 2364; x_wconf 79' lang='lat' dir='ltr'><strong>multiplicauit</strong></span> <span class='ocrx_word' id='word_1_618' title='bbox 2269 2335 2282 2358; x_wconf 93' lang='lat'><strong>,</strong></span> <span class='ocrx_word' id='word_1_619' title='bbox 2313 2304 2358 2348; x_wconf 87' lang='lat' dir='ltr'><strong>et</strong></span> <span class='ocrx_word' id='word_1_620' title='bbox 2387 2294 2694 2348; x_wconf 88' lang='lat' dir='ltr'><strong>conturbavit</strong></span> <span class='ocrx_word' id='word_1_621' title='bbox 2721 2312 2802 2350; x_wconf 85' lang='lat' dir='ltr'><strong>eos</strong></span> <span class='ocrx_word' id='word_1_622' title='bbox 2821 2312 2840 2349; x_wconf 92' lang='lat'><strong><em>:</em></strong></span> <span class='ocrx_word' id='word_1_623' title='bbox 2864 2307 2917 2351; x_wconf 86' lang='lat' dir='ltr'><strong>et</strong></span> <span class='ocrx_word' id='word_1_624' title='bbox 2945 2296 3194 2351; x_wconf 88' lang='lat' dir='ltr'><strong>miracula</strong></span> <span class='ocrx_word' id='word_1_625' title='bbox 3222 2297 3480 2367; x_wconf 84' lang='lat' dir='ltr'><strong>utnltipli-</strong></span> 
     </span>
    </p>
   </div>
   <div class='ocr_carea' id='block_1_84' title="bbox 1897 2387 2626 2450">
    <p class='ocr_par' dir='ltr' id='par_1_84' title="bbox 1897 2387 2626 2450">
     <span class='ocr_line' id='line_1_84' title="bbox 1897 2387 2626 2450; baseline -0.005 -8"><span class='ocrx_word' id='word_1_626' title='bbox 1897 2389 2055 2450; x_wconf 86' lang='lat' dir='ltr'><strong>cavit,</strong></span> <span class='ocrx_word' id='word_1_627' title='bbox 2083 2397 2135 2442; x_wconf 91' lang='lat' dir='ltr'><strong>et</strong></span> <span class='ocrx_word' id='word_1_628' title='bbox 2159 2387 2488 2442; x_wconf 87' lang='lat' dir='ltr'><strong>conturbavit</strong></span> <span class='ocrx_word' id='word_1_629' title='bbox 2512 2404 2626 2443; x_wconf 89' lang='lat' dir='ltr'><strong>eos.</strong></span> 
     </span>
    </p>
   </div>
   <div class='ocr_carea' id='block_1_85' title="bbox 1971 2478 3480 2554">
    <p class='ocr_par' dir='ltr' id='par_1_85' title="bbox 1971 2478 3480 2554">
     <span class='ocr_line' id='line_1_85' title="bbox 1971 2478 3480 2554; baseline 0.003 -20"><span class='ocrx_word' id='word_1_630' title='bbox 1971 2478 2057 2534; x_wconf 86' lang='lat'><strong>16.</strong></span> <span class='ocrx_word' id='word_1_631' title='bbox 2099 2478 2262 2552; x_wconf 86' lang='lat' dir='ltr'><strong>[vers.</strong></span> <span class='ocrx_word' id='word_1_632' title='bbox 2297 2478 2411 2552; x_wconf 88' lang='lat'><strong>16.]</strong></span> <span class='ocrx_word' id='word_1_633' title='bbox 2452 2480 2520 2534; x_wconf 83' lang='lat' dir='ltr'><strong>Et</strong></span> <span class='ocrx_word' id='word_1_634' title='bbox 2547 2491 2885 2552; x_wconf 80' lang='lat' dir='ltr'><strong>apparuerunt</strong></span> <span class='ocrx_word' id='word_1_635' title='bbox 2913 2486 3073 2552; x_wconf 74' lang='lat' dir='ltr'><strong>fontes</strong></span> <span class='ocrx_word' id='word_1_636' title='bbox 3100 2499 3346 2554; x_wconf 84' lang='lat' dir='ltr'><strong>aquarum</strong></span> <span class='ocrx_word' id='word_1_637' title='bbox 3375 2499 3394 2537; x_wconf 86' lang='lat'><strong>.&#39;</strong></span> <span class='ocrx_word' id='word_1_638' title='bbox 3424 2494 3480 2538; x_wconf 90' lang='lat' dir='ltr'><strong>et</strong></span> 
     </span>
    </p>
   </div>
   <div class='ocr_carea' id='block_1_86' title="bbox 1899 2574 3480 2646">
    <p class='ocr_par' dir='ltr' id='par_1_86' title="bbox 1899 2574 3480 2646">
     <span class='ocr_line' id='line_1_86' title="bbox 1899 2574 3480 2646; baseline 0.002 -20"><span class='ocrx_word' id='word_1_639' title='bbox 1899 2582 2258 2642; x_wconf 85' lang='lat' dir='ltr'><strong>apparuerunt</strong></span> <span class='ocrx_word' id='word_1_640' title='bbox 2293 2575 2380 2644; x_wconf 90' lang='lat' dir='ltr'><strong>qui</strong></span> <span class='ocrx_word' id='word_1_641' title='bbox 2409 2575 2527 2628; x_wconf 80' lang='lat' dir='ltr'><strong>facti</strong></span> <span class='ocrx_word' id='word_1_642' title='bbox 2570 2584 2721 2628; x_wconf 86' lang='lat' dir='ltr'><strong>erant</strong></span> <span class='ocrx_word' id='word_1_643' title='bbox 2763 2577 2813 2629; x_wconf 91' lang='lat' dir='ltr'><strong>in</strong></span> <span class='ocrx_word' id='word_1_644' title='bbox 2858 2576 3266 2646; x_wconf 65' lang='lat' dir='ltr'><strong>praedicantibus</strong></span> <span class='ocrx_word' id='word_1_645' title='bbox 3307 2574 3480 2629; x_wconf 81' lang='lat' dir='ltr'><strong>fontes</strong></span> 
     </span>
    </p>
   </div>
   <div class='ocr_carea' id='block_1_87' title="bbox 1900 2664 3474 2736">
    <p class='ocr_par' dir='ltr' id='par_1_87' title="bbox 1900 2664 3474 2736">
     <span class='ocr_line' id='line_1_87' title="bbox 1900 2664 3474 2736; baseline 0.003 -19"><span class='ocrx_word' id='word_1_646' title='bbox 1900 2680 2152 2735; x_wconf 82' lang='lat' dir='ltr'><strong>aquarum</strong></span> <span class='ocrx_word' id='word_1_647' title='bbox 2179 2665 2476 2720; x_wconf 89' lang='lat' dir='ltr'><strong>salientium</strong></span> <span class='ocrx_word' id='word_1_648' title='bbox 2506 2665 2742 2720; x_wconf 88' lang='lat' dir='ltr'><strong>invitam</strong></span> <span class='ocrx_word' id='word_1_649' title='bbox 2773 2676 3023 2720; x_wconf 73' lang='lat' dir='ltr'><strong>mternam</strong></span> <span class='ocrx_word' id='word_1_650' title='bbox 3055 2664 3229 2736; x_wconf 88' lang='lat' dir='ltr'><strong>(Joan.</strong></span> <span class='ocrx_word' id='word_1_651' title='bbox 3262 2682 3334 2733; x_wconf 84' lang='lat' dir='ltr'><strong>tv,</strong></span> <span class='ocrx_word' id='word_1_652' title='bbox 3366 2669 3474 2736; x_wconf 66' lang='lat' dir='ltr'><strong>1b).</strong></span> 
     </span>
    </p>
   </div>
   <div class='ocr_carea' id='block_1_88' title="bbox 1901 2751 3480 2825">
    <p class='ocr_par' dir='ltr' id='par_1_88' title="bbox 1901 2751 3480 2825">
     <span class='ocr_line' id='line_1_88' title="bbox 1901 2751 3480 2825; baseline 0.002 -18"><span class='ocrx_word' id='word_1_653' title='bbox 1901 2752 1966 2807; x_wconf 85' lang='lat' dir='ltr'><strong>Et</strong></span> <span class='ocrx_word' id='word_1_654' title='bbox 1997 2755 2212 2808; x_wconf 88' lang='lat' dir='ltr'><strong>revelata</strong></span> <span class='ocrx_word' id='word_1_655' title='bbox 2237 2764 2352 2807; x_wconf 89' lang='lat' dir='ltr'><strong>sunt</strong></span> <span class='ocrx_word' id='word_1_656' title='bbox 2373 2755 2701 2825; x_wconf 81' lang='lat' dir='ltr'><strong>fundamenta</strong></span> <span class='ocrx_word' id='word_1_657' title='bbox 2725 2755 2856 2808; x_wconf 89' lang='lat' dir='ltr'><strong>orbis</strong></span> <span class='ocrx_word' id='word_1_658' title='bbox 2878 2766 3121 2809; x_wconf 86' lang='lat' dir='ltr'><strong>terrarum</strong></span> <span class='ocrx_word' id='word_1_659' title='bbox 3141 2773 3160 2810; x_wconf 89' lang='lat'><strong><em>:</em></strong></span> <span class='ocrx_word' id='word_1_660' title='bbox 3185 2767 3236 2810; x_wconf 92' lang='lat' dir='ltr'><strong>et</strong></span> <span class='ocrx_word' id='word_1_661' title='bbox 3263 2751 3480 2812; x_wconf 83' lang='lat' dir='ltr'><strong>revelati</strong></span> 
     </span>
    </p>
   </div>
   <div class='ocr_carea' id='block_1_89' title="bbox 1901 2844 3490 2915">
    <p class='ocr_par' dir='ltr' id='par_1_89' title="bbox 1901 2844 3490 2915">
     <span class='ocr_line' id='line_1_89' title="bbox 1901 2844 3490 2915; baseline 0.001 -17"><span class='ocrx_word' id='word_1_662' title='bbox 1901 2854 2025 2898; x_wconf 87' lang='lat' dir='ltr'><strong>sunt</strong></span> <span class='ocrx_word' id='word_1_663' title='bbox 2051 2844 2365 2913; x_wconf 76' lang='lat' dir='ltr'><strong>Prophetze,</strong></span> <span class='ocrx_word' id='word_1_664' title='bbox 2397 2844 2482 2913; x_wconf 89' lang='lat' dir='ltr'><strong>qui</strong></span> <span class='ocrx_word' id='word_1_665' title='bbox 2511 2861 2616 2898; x_wconf 86' lang='lat' dir='ltr'><strong>non</strong></span> <span class='ocrx_word' id='word_1_666' title='bbox 2658 2845 3116 2915; x_wconf 86' lang='lat' dir='ltr'><strong>intelligebantur,</strong></span> <span class='ocrx_word' id='word_1_667' title='bbox 3157 2861 3315 2915; x_wconf 88' lang='lat' dir='ltr'><strong>super</strong></span> <span class='ocrx_word' id='word_1_668' title='bbox 3343 2862 3490 2914; x_wconf 84' lang='lat' dir='ltr'><strong>quos</strong></span> 
     </span>
    </p>
   </div>
   <div class='ocr_carea' id='block_1_90' title="bbox 1901 2932 3482 2997">
    <p class='ocr_par' dir='ltr' id='par_1_90' title="bbox 1901 2932 3482 2997">
     <span class='ocr_line' id='line_1_90' title="bbox 1901 2932 3482 2997; baseline -0.001 -9"><span class='ocrx_word' id='word_1_669' title='bbox 1901 2934 2254 2989; x_wconf 62' lang='lat' dir='ltr'><strong>aediﬁcaretur</strong></span> <span class='ocrx_word' id='word_1_670' title='bbox 2302 2933 2444 2987; x_wconf 90' lang='lat' dir='ltr'><strong>orbis</strong></span> <span class='ocrx_word' id='word_1_671' title='bbox 2494 2943 2748 2987; x_wconf 91' lang='lat' dir='ltr'><strong>terrarum</strong></span> <span class='ocrx_word' id='word_1_672' title='bbox 2795 2934 3020 2988; x_wconf 80' lang='lat' dir='ltr'><strong>credens</strong></span> <span class='ocrx_word' id='word_1_673' title='bbox 3066 2932 3358 2997; x_wconf 54' lang='lat' dir='ltr'><strong>Domino}.</strong></span> <span class='ocrx_word' id='word_1_674' title='bbox 3403 2934 3482 2987; x_wconf 81' lang='lat' dir='ltr'><strong>Ab</strong></span> 
     </span>
    </p>
   </div>
   <div class='ocr_carea' id='block_1_91' title="bbox 1902 3022 3481 3096">
    <p class='ocr_par' dir='ltr' id='par_1_91' title="bbox 1902 3022 3481 3096">
     <span class='ocr_line' id='line_1_91' title="bbox 1902 3022 3481 3096; baseline -0.002 -18"><span class='ocrx_word' id='word_1_675' title='bbox 1902 3024 2241 3096; x_wconf 87' lang='lat' dir='ltr'><strong>increpatione</strong></span> <span class='ocrx_word' id='word_1_676' title='bbox 2267 3033 2376 3090; x_wconf 89' lang='lat' dir='ltr'><strong>tua,</strong></span> <span class='ocrx_word' id='word_1_677' title='bbox 2411 3022 2624 3078; x_wconf 87' lang='lat' dir='ltr'><strong>Domine</strong></span> <span class='ocrx_word' id='word_1_678' title='bbox 2649 3038 2667 3077; x_wconf 93' lang='lat'><em>:</em></span> <span class='ocrx_word' id='word_1_679' title='bbox 2691 3023 2968 3077; x_wconf 88' lang='lat' dir='ltr'><strong>clamantis</strong></span> <span class='ocrx_word' id='word_1_680' title='bbox 2993 3064 3008 3088; x_wconf 94' lang='lat'><strong>,</strong></span> <span class='ocrx_word' id='word_1_681' title='bbox 3047 3024 3481 3094; x_wconf 83' lang='lat' dir='ltr'><strong>Appropinquavit</strong></span> 
     </span>
    </p>
   </div>
   <div class='ocr_carea' id='block_1_92' title="bbox 1902 3113 3486 3187">
    <p class='ocr_par' dir='ltr' id='par_1_92' title="bbox 1902 3113 3486 3187">
     <span class='ocr_line' id='line_1_92' title="bbox 1902 3113 3486 3187; baseline -0.001 -17"><span class='ocrx_word' id='word_1_682' title='bbox 1902 3134 2052 3187; x_wconf 89' lang='lat' dir='ltr'><strong>super</strong></span> <span class='ocrx_word' id='word_1_683' title='bbox 2075 3132 2160 3170; x_wconf 89' lang='lat' dir='ltr'><strong>vos</strong></span> <span class='ocrx_word' id='word_1_684' title='bbox 2189 3133 2396 3186; x_wconf 86' lang='lat' dir='ltr'><strong>regnum</strong></span> <span class='ocrx_word' id='word_1_685' title='bbox 2429 3114 2518 3169; x_wconf 79' lang='lat' dir='ltr'><strong>Dei</strong></span> <span class='ocrx_word' id='word_1_686' title='bbox 2544 3114 2692 3186; x_wconf 90' lang='lat' dir='ltr'><strong>(Luc.</strong></span> <span class='ocrx_word' id='word_1_687' title='bbox 2724 3131 2757 3168; x_wconf 71' lang='grc' dir='ltr'>ι</span> <span class='ocrx_word' id='word_1_688' title='bbox 2779 3157 2792 3176; x_wconf 83' lang='grc'>,</span> <span class='ocrx_word' id='word_1_689' title='bbox 2820 3113 2896 3184; x_wconf 85' lang='lat'><strong>9).</strong></span> <span class='ocrx_word' id='word_1_690' title='bbox 2927 3115 3000 3168; x_wconf 79' lang='lat' dir='ltr'><strong>Ab</strong></span> <span class='ocrx_word' id='word_1_691' title='bbox 3030 3115 3357 3184; x_wconf 87' lang='lat' dir='ltr'><strong>inspiratione</strong></span> <span class='ocrx_word' id='word_1_692' title='bbox 3376 3115 3486 3183; x_wconf 82' lang='lat' dir='ltr'><strong>spi-</strong></span> 
     </span>
    </p>
   </div>
   <div class='ocr_carea' id='block_1_93' title="bbox 1903 3205 3498 3278">
    <p class='ocr_par' dir='ltr' id='par_1_93' title="bbox 1903 3205 3498 3278">
     <span class='ocr_line' id='line_1_93' title="bbox 1903 3205 3498 3278; baseline -0.002 -14"><span class='ocrx_word' id='word_1_693' title='bbox 1903 3210 2029 3264; x_wconf 85' lang='lat' dir='ltr'><strong>ritus</strong></span> <span class='ocrx_word' id='word_1_694' title='bbox 2071 3211 2161 3264; x_wconf 74' lang='lat' dir='ltr'><strong>ira:</strong></span> <span class='ocrx_word' id='word_1_695' title='bbox 2207 3218 2350 3263; x_wconf 65' lang='lat' dir='ltr'><strong>tum:</strong></span> <span class='ocrx_word' id='word_1_696' title='bbox 2397 3208 2650 3272; x_wconf 90' lang='lat' dir='ltr'><strong>dicentis,</strong></span> <span class='ocrx_word' id='word_1_697' title='bbox 2708 3205 2824 3262; x_wconf 86' lang='lat' dir='ltr'><strong>Nisi</strong></span> <span class='ocrx_word' id='word_1_698' title='bbox 2871 3208 3213 3278; x_wconf 73' lang='lat' dir='ltr'><strong>pmnitentiam</strong></span> <span class='ocrx_word' id='word_1_699' title='bbox 3265 3207 3498 3278; x_wconf 73' lang='lat' dir='ltr'><strong>egeritis,</strong></span> 
     </span>
    </p>
   </div>
   <div class='ocr_carea' id='block_1_94' title="bbox 1904 3297 3022 3368">
    <p class='ocr_par' dir='ltr' id='par_1_94' title="bbox 1904 3297 3022 3368">
     <span class='ocr_line' id='line_1_94' title="bbox 1904 3297 3022 3368; baseline -0.005 -12"><span class='ocrx_word' id='word_1_700' title='bbox 1904 3319 2074 3356; x_wconf 86' lang='lat' dir='ltr'><strong>omnes</strong></span> <span class='ocrx_word' id='word_1_701' title='bbox 2101 3299 2330 3355; x_wconf 86' lang='lat' dir='ltr'><strong>similiter</strong></span> <span class='ocrx_word' id='word_1_702' title='bbox 2353 3300 2630 3354; x_wconf 85' lang='lat' dir='ltr'><strong>moriemini</strong></span> <span class='ocrx_word' id='word_1_703' title='bbox 2650 3297 2758 3368; x_wconf 88' lang='lat' dir='ltr'><strong>(Id.</strong></span> <span class='ocrx_word' id='word_1_704' title='bbox 2789 3315 2880 3352; x_wconf 78' lang='lat' dir='ltr'><strong>xm</strong></span> <span class='ocrx_word' id='word_1_705' title='bbox 2901 3340 2914 3362; x_wconf 87' lang='lat'><strong>,</strong></span> <span class='ocrx_word' id='word_1_706' title='bbox 2946 3298 3022 3368; x_wconf 80' lang='lat'><strong>5).</strong></span> 
     </span>
    </p>
   </div>
   <div class='ocr_carea' id='block_1_95' title="bbox 1977 3391 3486 3468">
    <p class='ocr_par' dir='ltr' id='par_1_95' title="bbox 1977 3391 3486 3468">
     <span class='ocr_line' id='line_1_95' title="bbox 1977 3391 3486 3468; baseline -0.003 -19"><span class='ocrx_word' id='word_1_707' title='bbox 1977 3395 2062 3449; x_wconf 92' lang='lat'><strong>17.</strong></span> <span class='ocrx_word' id='word_1_708' title='bbox 2096 3393 2244 3468; x_wconf 87' lang='lat' dir='ltr'><strong>[vers.</strong></span> <span class='ocrx_word' id='word_1_709' title='bbox 2280 3391 2390 3466; x_wconf 86' lang='lat'><strong>17.]</strong></span> <span class='ocrx_word' id='word_1_710' title='bbox 2434 3393 2570 3447; x_wconf 81' lang='lat' dir='ltr'><strong>Misit</strong></span> <span class='ocrx_word' id='word_1_711' title='bbox 2597 3393 2657 3445; x_wconf 88' lang='lat' dir='ltr'><strong>de</strong></span> <span class='ocrx_word' id='word_1_712' title='bbox 2681 3409 2895 3456; x_wconf 89' lang='lat' dir='ltr'><strong>summo,</strong></span> <span class='ocrx_word' id='word_1_713' title='bbox 2948 3401 2996 3445; x_wconf 90' lang='lat' dir='ltr'><strong>et</strong></span> <span class='ocrx_word' id='word_1_714' title='bbox 3023 3393 3213 3460; x_wconf 80' lang='lat' dir='ltr'><strong>accepit</strong></span> <span class='ocrx_word' id='word_1_715' title='bbox 3242 3407 3319 3444; x_wconf 89' lang='lat' dir='ltr'><strong>me</strong></span> <span class='ocrx_word' id='word_1_716' title='bbox 3339 3403 3360 3445; x_wconf 82' lang='lat'><strong>.°</strong></span> <span class='ocrx_word' id='word_1_717' title='bbox 3387 3406 3486 3444; x_wconf 81' lang='lat' dir='ltr'><strong>vo-</strong></span> 
     </span>
    </p>
   </div>
   <div class='ocr_carea' id='block_1_96' title="bbox 1903 3481 3481 3552">
    <p class='ocr_par' dir='ltr' id='par_1_96' title="bbox 1903 3481 3481 3552">
     <span class='ocr_line' id='line_1_96' title="bbox 1903 3481 3481 3552; baseline -0.004 -11"><span class='ocrx_word' id='word_1_718' title='bbox 1903 3485 2072 3541; x_wconf 88' lang='lat' dir='ltr'><strong>cando</strong></span> <span class='ocrx_word' id='word_1_719' title='bbox 2107 3501 2173 3539; x_wconf 80' lang='lat' dir='ltr'><strong>ex</strong></span> <span class='ocrx_word' id='word_1_720' title='bbox 2215 3482 2472 3540; x_wconf 87' lang='lat' dir='ltr'><strong>Gentibus</strong></span> <span class='ocrx_word' id='word_1_721' title='bbox 2515 3484 2565 3536; x_wconf 93' lang='lat' dir='ltr'><strong>in</strong></span> <span class='ocrx_word' id='word_1_722' title='bbox 2616 3482 2998 3548; x_wconf 79' lang='lat' dir='ltr'><strong>luereditatem,</strong></span> <span class='ocrx_word' id='word_1_723' title='bbox 3046 3484 3328 3552; x_wconf 86' lang='lat' dir='ltr'><strong>gloriosam</strong></span> <span class='ocrx_word' id='word_1_724' title='bbox 3375 3481 3481 3535; x_wconf 86' lang='lat' dir='ltr'><strong>Ec-</strong></span> 
     </span>
    </p>
   </div>
   <div class='ocr_carea' id='block_1_97' title="bbox 1904 3572 3478 3645">
    <p class='ocr_par' dir='ltr' id='par_1_97' title="bbox 1904 3572 3478 3645">
     <span class='ocr_line' id='line_1_97' title="bbox 1904 3572 3478 3645; baseline -0.002 -14"><span class='ocrx_word' id='word_1_725' title='bbox 1904 3576 2118 3632; x_wconf 79' lang='lat' dir='ltr'><strong>clesium</strong></span> <span class='ocrx_word' id='word_1_726' title='bbox 2148 3591 2250 3628; x_wconf 92' lang='lat' dir='ltr'><strong>non</strong></span> <span class='ocrx_word' id='word_1_727' title='bbox 2279 3573 2560 3628; x_wconf 87' lang='lat' dir='ltr'><strong>habentem</strong></span> <span class='ocrx_word' id='word_1_728' title='bbox 2587 3575 2845 3628; x_wconf 88' lang='lat' dir='ltr'><strong>maculam</strong></span> <span class='ocrx_word' id='word_1_729' title='bbox 2869 3589 3040 3643; x_wconf 88' lang='lat' dir='ltr'><strong>neque</strong></span> <span class='ocrx_word' id='word_1_730' title='bbox 3060 3589 3238 3643; x_wconf 89' lang='lat' dir='ltr'><strong>rugam</strong></span> <span class='ocrx_word' id='word_1_731' title='bbox 3263 3572 3478 3645; x_wconf 76' lang='lat' dir='ltr'><strong>(Ep/tes.</strong></span> 
     </span>
    </p>
   </div>
   <div class='ocr_carea' id='block_1_98' title="bbox 1905 3663 3482 3735">
    <p class='ocr_par' dir='ltr' id='par_1_98' title="bbox 1905 3663 3482 3735">
     <span class='ocr_line' id='line_1_98' title="bbox 1905 3663 3482 3735; baseline -0.001 -15"><span class='ocrx_word' id='word_1_732' title='bbox 1905 3683 1937 3720; x_wconf 81' lang='grc' dir='ltr'><strong>ν</strong></span> <span class='ocrx_word' id='word_1_733' title='bbox 1960 3709 1975 3734; x_wconf 87' lang='grc'><em>,</em></span> <span class='ocrx_word' id='word_1_734' title='bbox 2003 3665 2119 3734; x_wconf 72' lang='lat'><strong>27).</strong></span> <span class='ocrx_word' id='word_1_735' title='bbox 2162 3666 2450 3735; x_wconf 76' lang='lat' dir='ltr'><strong>Assumpsit</strong></span> <span class='ocrx_word' id='word_1_736' title='bbox 2473 3682 2552 3719; x_wconf 85' lang='lat' dir='ltr'><strong>me</strong></span> <span class='ocrx_word' id='word_1_737' title='bbox 2607 3663 2670 3718; x_wconf 86' lang='lat' dir='ltr'><strong>de</strong></span> <span class='ocrx_word' id='word_1_738' title='bbox 2705 3663 3024 3717; x_wconf 87' lang='lat' dir='ltr'><strong>multitudine</strong></span> <span class='ocrx_word' id='word_1_739' title='bbox 3063 3678 3350 3732; x_wconf 85' lang='lat' dir='ltr'><strong>aquarum:</strong></span> <span class='ocrx_word' id='word_1_740' title='bbox 3391 3678 3482 3720; x_wconf 86' lang='lat' dir='ltr'><strong>as-</strong></span> 
     </span>
    </p>
   </div>
   <div class='ocr_carea' id='block_1_99' title="bbox 1905 3755 3057 3828">
    <p class='ocr_par' dir='ltr' id='par_1_99' title="bbox 1905 3755 3057 3828">
     <span class='ocr_line' id='line_1_99' title="bbox 1905 3755 3057 3828; baseline -0.004 -15"><span class='ocrx_word' id='word_1_741' title='bbox 1905 3759 2132 3828; x_wconf 87' lang='lat' dir='ltr'><strong>sumpsit</strong></span> <span class='ocrx_word' id='word_1_742' title='bbox 2157 3774 2240 3812; x_wconf 93' lang='lat' dir='ltr'><strong>me</strong></span> <span class='ocrx_word' id='word_1_743' title='bbox 2265 3756 2334 3813; x_wconf 88' lang='lat' dir='ltr'><strong>de</strong></span> <span class='ocrx_word' id='word_1_744' title='bbox 2360 3755 2694 3811; x_wconf 91' lang='lat' dir='ltr'><strong>multitudine</strong></span> <span class='ocrx_word' id='word_1_745' title='bbox 2719 3756 3057 3826; x_wconf 90' lang='lat' dir='ltr'><strong>populorum.</strong></span> 
     </span>
    </p>
   </div>
   <div class='ocr_carea' id='block_1_100' title="bbox 1977 3845 3483 3922">
    <p class='ocr_par' dir='ltr' id='par_1_100' title="bbox 1977 3845 3483 3922">
     <span class='ocr_line' id='line_1_100' title="bbox 1977 3845 3483 3922; baseline -0.001 -19"><span class='ocrx_word' id='word_1_746' title='bbox 1977 3849 2063 3903; x_wconf 83' lang='lat'><strong>18.</strong></span> <span class='ocrx_word' id='word_1_747' title='bbox 2105 3847 2269 3922; x_wconf 84' lang='lat' dir='ltr'><strong>[vers.</strong></span> <span class='ocrx_word' id='word_1_748' title='bbox 2299 3845 2414 3919; x_wconf 90' lang='lat'><strong>18.]</strong></span> <span class='ocrx_word' id='word_1_749' title='bbox 2436 3845 2584 3901; x_wconf 84' lang='lat' dir='ltr'><strong>Eruit</strong></span> <span class='ocrx_word' id='word_1_750' title='bbox 2598 3863 2677 3901; x_wconf 85' lang='lat' dir='ltr'><strong>me</strong></span> <span class='ocrx_word' id='word_1_751' title='bbox 2698 3845 2761 3900; x_wconf 86' lang='lat' dir='ltr'><strong>de</strong></span> <span class='ocrx_word' id='word_1_752' title='bbox 2783 3846 3002 3900; x_wconf 87' lang='lat' dir='ltr'><strong>inimicis</strong></span> <span class='ocrx_word' id='word_1_753' title='bbox 3014 3847 3134 3900; x_wconf 89' lang='lat' dir='ltr'><strong>meis</strong></span> <span class='ocrx_word' id='word_1_754' title='bbox 3155 3847 3442 3918; x_wconf 77' lang='lat' dir='ltr'><strong>fortissimis</strong></span> <span class='ocrx_word' id='word_1_755' title='bbox 3463 3863 3483 3901; x_wconf 91' lang='lat'><strong><em>:</em></strong></span> 
     </span>
    </p>
   </div>
   <div class='ocr_carea' id='block_1_101' title="bbox 1904 3937 3489 4010">
    <p class='ocr_par' dir='ltr' id='par_1_101' title="bbox 1904 3937 3489 4010">
     <span class='ocr_line' id='line_1_101' title="bbox 1904 3937 3489 4010; baseline -0.001 -15"><span class='ocrx_word' id='word_1_756' title='bbox 1904 3937 2044 3995; x_wconf 89' lang='lat' dir='ltr'><strong>eruit</strong></span> <span class='ocrx_word' id='word_1_757' title='bbox 2063 3939 2223 3996; x_wconf 89' lang='lat' dir='ltr'><strong>mede</strong></span> <span class='ocrx_word' id='word_1_758' title='bbox 2243 3939 2470 3995; x_wconf 90' lang='lat' dir='ltr'><strong>inimicis</strong></span> <span class='ocrx_word' id='word_1_759' title='bbox 2491 3937 2743 4008; x_wconf 88' lang='lat' dir='ltr'><strong>meis,qui</strong></span> <span class='ocrx_word' id='word_1_760' title='bbox 2767 3937 3160 4008; x_wconf 75' lang='lat' dir='ltr'><strong>przevaluerunt</strong></span> <span class='ocrx_word' id='word_1_761' title='bbox 3184 3939 3246 3992; x_wconf 90' lang='lat' dir='ltr'><strong>ad</strong></span> <span class='ocrx_word' id='word_1_762' title='bbox 3257 3939 3489 4010; x_wconf 79' lang='lat' dir='ltr'><strong>afﬂigen-</strong></span> 
     </span>
    </p>
   </div>
   <div class='ocr_carea' id='block_1_102' title="bbox 1905 4029 3484 4100">
    <p class='ocr_par' dir='ltr' id='par_1_102' title="bbox 1905 4029 3484 4100">
     <span class='ocr_line' id='line_1_102' title="bbox 1905 4029 3484 4100; baseline 0 -16"><span class='ocrx_word' id='word_1_763' title='bbox 1905 4030 2028 4085; x_wconf 88' lang='lat' dir='ltr'><strong>dam</strong></span> <span class='ocrx_word' id='word_1_764' title='bbox 2045 4039 2097 4085; x_wconf 92' lang='lat' dir='ltr'><strong>et</strong></span> <span class='ocrx_word' id='word_1_765' title='bbox 2123 4030 2520 4100; x_wconf 88' lang='lat' dir='ltr'><strong>pervertendam</strong></span> <span class='ocrx_word' id='word_1_766' title='bbox 2537 4029 2559 4062; x_wconf 80' lang='grc'><strong><em>⁵</em></strong></span> <span class='ocrx_word' id='word_1_767' title='bbox 2571 4029 2916 4099; x_wconf 80' lang='lat' dir='ltr'><strong>temporalem</strong></span> <span class='ocrx_word' id='word_1_768' title='bbox 2933 4029 3086 4084; x_wconf 90' lang='lat' dir='ltr'><strong>istam</strong></span> <span class='ocrx_word' id='word_1_769' title='bbox 3105 4030 3264 4084; x_wconf 85' lang='lat' dir='ltr'><strong>vitam</strong></span> <span class='ocrx_word' id='word_1_770' title='bbox 3289 4047 3484 4086; x_wconf 91' lang='lat' dir='ltr'><strong>meam.</strong></span> 
     </span>
    </p>
   </div>
   <div class='ocr_carea' id='block_1_103' title="bbox 1906 4120 3486 4193">
    <p class='ocr_par' dir='ltr' id='par_1_103' title="bbox 1906 4120 3486 4193">
     <span class='ocr_line' id='line_1_103' title="bbox 1906 4120 3486 4193; baseline 0 -17"><span class='ocrx_word' id='word_1_771' title='bbox 1906 4122 1974 4176; x_wconf 88' lang='lat' dir='ltr'><strong>Et</strong></span> <span class='ocrx_word' id='word_1_772' title='bbox 1999 4123 2060 4176; x_wconf 91' lang='lat' dir='ltr'><strong>ab</strong></span> <span class='ocrx_word' id='word_1_773' title='bbox 2085 4123 2162 4177; x_wconf 76' lang='lat' dir='ltr'><strong>Itis</strong></span> <span class='ocrx_word' id='word_1_774' title='bbox 2176 4123 2260 4193; x_wconf 87' lang='lat' dir='ltr'><strong>qui</strong></span> <span class='ocrx_word' id='word_1_775' title='bbox 2275 4120 2486 4175; x_wconf 85' lang='lat' dir='ltr'><strong>oderunt</strong></span> <span class='ocrx_word' id='word_1_776' title='bbox 2510 4139 2607 4187; x_wconf 85' lang='lat' dir='ltr'><strong>me,</strong></span> <span class='ocrx_word' id='word_1_777' title='bbox 2647 4121 2884 4192; x_wconf 90' lang='lat' dir='ltr'><strong>quoniam</strong></span> <span class='ocrx_word' id='word_1_778' title='bbox 2901 4122 3171 4193; x_wconf 80' lang='lat' dir='ltr'><strong>confortati</strong></span> <span class='ocrx_word' id='word_1_779' title='bbox 3191 4133 3306 4177; x_wconf 90' lang='lat' dir='ltr'><strong>sunt</strong></span> <span class='ocrx_word' id='word_1_780' title='bbox 3331 4141 3486 4193; x_wconf 88' lang='lat' dir='ltr'><strong>super</strong></span> 
     </span>
    </p>
   </div>
   <div class='ocr_carea' id='block_1_104' title="bbox 1907 4205 3268 4284">
    <p class='ocr_par' dir='ltr' id='par_1_104' title="bbox 1907 4205 3268 4284">
     <span class='ocr_line' id='line_1_104' title="bbox 1907 4205 3268 4284; baseline 0 -16"><span class='ocrx_word' id='word_1_781' title='bbox 1907 4231 2022 4269; x_wconf 87' lang='lat' dir='ltr'><strong>me:</strong></span> <span class='ocrx_word' id='word_1_782' title='bbox 2063 4212 2310 4284; x_wconf 88' lang='lat' dir='ltr'><strong>quamdiu</strong></span> <span class='ocrx_word' id='word_1_783' title='bbox 2336 4213 2434 4268; x_wconf 92' lang='lat' dir='ltr'><strong>sub</strong></span> <span class='ocrx_word' id='word_1_784' title='bbox 2460 4205 2586 4278; x_wconf 68' lang='lat' dir='ltr'><strong>ipsis</strong></span> <span class='ocrx_word' id='word_1_785' title='bbox 2612 4228 2730 4267; x_wconf 90' lang='lat' dir='ltr'><strong>sum</strong></span> <span class='ocrx_word' id='word_1_786' title='bbox 2758 4213 3006 4284; x_wconf 86' lang='lat' dir='ltr'><strong>ignorans</strong></span> <span class='ocrx_word' id='word_1_787' title='bbox 3037 4215 3199 4268; x_wconf 91' lang='lat' dir='ltr'><strong>Deum</strong></span> <span class='ocrx_word' id='word_1_788' title='bbox 3229 4214 3268 4268; x_wconf 85' lang='grc'><strong>⁸.</strong></span> 
     </span>
    </p>
   </div>
   <div class='ocr_carea' id='block_1_105' title="bbox 1979 4299 3487 4375">
    <p class='ocr_par' dir='ltr' id='par_1_105' title="bbox 1979 4299 3487 4375">
     <span class='ocr_line' id='line_1_105' title="bbox 1979 4299 3487 4375; baseline 0 -16"><span class='ocrx_word' id='word_1_789' title='bbox 1979 4305 2069 4359; x_wconf 89' lang='grc'><strong>19.</strong></span> <span class='ocrx_word' id='word_1_790' title='bbox 2114 4301 2262 4375; x_wconf 65' lang='grc' dir='ltr'><strong>[ωριτε.</strong></span> <span class='ocrx_word' id='word_1_791' title='bbox 2319 4299 2452 4372; x_wconf 88' lang='grc'><strong>19.]</strong></span> <span class='ocrx_word' id='word_1_792' title='bbox 2495 4301 2850 4356; x_wconf 75' lang='lat' dir='ltr'><strong>Prteveuerunt</strong></span> <span class='ocrx_word' id='word_1_793' title='bbox 2889 4318 2967 4355; x_wconf 89' lang='lat' dir='ltr'><strong>me</strong></span> <span class='ocrx_word' id='word_1_794' title='bbox 2994 4302 3047 4354; x_wconf 88' lang='lat' dir='ltr'><strong>in</strong></span> <span class='ocrx_word' id='word_1_795' title='bbox 3073 4303 3156 4356; x_wconf 88' lang='lat' dir='ltr'><strong>die</strong></span> <span class='ocrx_word' id='word_1_796' title='bbox 3203 4305 3487 4374; x_wconf 72' lang='lat' dir='ltr'><strong>aﬂlictionis</strong></span> 
     </span>
    </p>
   </div>
   <div class='ocr_carea' id='block_1_106' title="bbox 1906 4393 3482 4464">
    <p class='ocr_par' dir='ltr' id='par_1_106' title="bbox 1906 4393 3482 4464">
     <span class='ocr_line' id='line_1_106' title="bbox 1906 4393 3482 4464; baseline -0.001 -16"><span class='ocrx_word' id='word_1_797' title='bbox 1906 4411 2031 4448; x_wconf 76' lang='lat' dir='ltr'><strong>mete</strong></span> <span class='ocrx_word' id='word_1_798' title='bbox 2054 4410 2072 4448; x_wconf 91' lang='lat'><strong><em>:</em></strong></span> <span class='ocrx_word' id='word_1_799' title='bbox 2097 4395 2301 4464; x_wconf 90' lang='lat' dir='ltr'><strong>priores</strong></span> <span class='ocrx_word' id='word_1_800' title='bbox 2330 4393 2456 4446; x_wconf 87' lang='lat' dir='ltr'><strong>mihi</strong></span> <span class='ocrx_word' id='word_1_801' title='bbox 2490 4402 2814 4454; x_wconf 89' lang='lat' dir='ltr'><strong>nocuerunt,</strong></span> <span class='ocrx_word' id='word_1_802' title='bbox 2843 4395 2892 4444; x_wconf 87' lang='lat' dir='ltr'><strong>in</strong></span> <span class='ocrx_word' id='word_1_803' title='bbox 2918 4401 3157 4460; x_wconf 89' lang='lat' dir='ltr'><strong>tempore</strong></span> <span class='ocrx_word' id='word_1_804' title='bbox 3193 4410 3296 4460; x_wconf 83' lang='lat' dir='ltr'><strong>quo</strong></span> <span class='ocrx_word' id='word_1_805' title='bbox 3332 4409 3482 4447; x_wconf 90' lang='lat' dir='ltr'><strong>mor-</strong></span> 
     </span>
    </p>
   </div>
   <div class='ocr_carea' id='block_1_107' title="bbox 1908 4483 3485 4553">
    <p class='ocr_par' dir='ltr' id='par_1_107' title="bbox 1908 4483 3485 4553">
     <span class='ocr_line' id='line_1_107' title="bbox 1908 4483 3485 4553; baseline -0.003 -11"><span class='ocrx_word' id='word_1_806' title='bbox 1908 4489 2011 4542; x_wconf 85' lang='lat' dir='ltr'><strong>tale</strong></span> <span class='ocrx_word' id='word_1_807' title='bbox 2039 4497 2090 4541; x_wconf 90' lang='lat' dir='ltr'><strong>et</strong></span> <span class='ocrx_word' id='word_1_808' title='bbox 2118 4486 2442 4541; x_wconf 88' lang='lat' dir='ltr'><strong>laboriosum</strong></span> <span class='ocrx_word' id='word_1_809' title='bbox 2467 4498 2661 4550; x_wconf 84' lang='lat' dir='ltr'><strong>corpus</strong></span> <span class='ocrx_word' id='word_1_810' title='bbox 2679 4500 2826 4553; x_wconf 83' lang='lat' dir='ltr'><strong>gero.</strong></span> <span class='ocrx_word' id='word_1_811' title='bbox 2859 4483 2924 4536; x_wconf 83' lang='lat' dir='ltr'><strong>Et</strong></span> <span class='ocrx_word' id='word_1_812' title='bbox 2945 4483 3110 4553; x_wconf 83' lang='lat' dir='ltr'><strong>factus</strong></span> <span class='ocrx_word' id='word_1_813' title='bbox 3134 4495 3207 4536; x_wconf 85' lang='lat' dir='ltr'><strong>est</strong></span> <span class='ocrx_word' id='word_1_814' title='bbox 3235 4483 3485 4540; x_wconf 86' lang='lat' dir='ltr'><strong>Dominus</strong></span> 
     </span>
    </p>
   </div>
   <div class='ocr_carea' id='block_1_108' title="bbox 1908 4574 3485 4648">
    <p class='ocr_par' dir='ltr' id='par_1_108' title="bbox 1908 4574 3485 4648">
     <span class='ocr_line' id='line_1_108' title="bbox 1908 4574 3485 4648; baseline 0 -17"><span class='ocrx_word' id='word_1_815' title='bbox 1908 4579 2278 4648; x_wconf 85' lang='lat' dir='ltr'><strong>ﬁrmamentum</strong></span> <span class='ocrx_word' id='word_1_816' title='bbox 2324 4592 2489 4628; x_wconf 89' lang='lat' dir='ltr'><strong>meum</strong></span> <span class='ocrx_word' id='word_1_817' title='bbox 2515 4590 2534 4629; x_wconf 90' lang='lat'><strong><em>:</em></strong></span> <span class='ocrx_word' id='word_1_818' title='bbox 2563 4583 2618 4630; x_wconf 90' lang='lat' dir='ltr'><strong>et</strong></span> <span class='ocrx_word' id='word_1_819' title='bbox 2653 4574 2901 4644; x_wconf 88' lang='lat' dir='ltr'><strong>quoniam</strong></span> <span class='ocrx_word' id='word_1_820' title='bbox 2938 4574 3290 4630; x_wconf 89' lang='lat' dir='ltr'><strong>amaritudine</strong></span> <span class='ocrx_word' id='word_1_821' title='bbox 3321 4577 3485 4631; x_wconf 86' lang='lat' dir='ltr'><strong>mise-</strong></span> 
     </span>
    </p>
   </div>
   <div class='ocr_carea' id='block_1_109' title="bbox 1908 4664 3488 4734">
    <p class='ocr_par' dir='ltr' id='par_1_109' title="bbox 1908 4664 3488 4734">
     <span class='ocr_line' id='line_1_109' title="bbox 1908 4664 3488 4734; baseline -0.004 -10"><span class='ocrx_word' id='word_1_822' title='bbox 1908 4669 2107 4724; x_wconf 89' lang='lat' dir='ltr'><strong>riarum</strong></span> <span class='ocrx_word' id='word_1_823' title='bbox 2160 4666 2549 4721; x_wconf 87' lang='lat' dir='ltr'><strong>ﬁrmamentum</strong></span> <span class='ocrx_word' id='word_1_824' title='bbox 2599 4674 2820 4720; x_wconf 73' lang='lat' dir='ltr'><strong>terrena:</strong></span> <span class='ocrx_word' id='word_1_825' title='bbox 2865 4664 3150 4734; x_wconf 88' lang='lat' dir='ltr'><strong>voluptatis</strong></span> <span class='ocrx_word' id='word_1_826' title='bbox 3200 4667 3488 4721; x_wconf 83' lang='lat' dir='ltr'><strong>conturba-</strong></span> 
     </span>
    </p>
   </div>
   <div class='ocr_carea' id='block_1_110' title="bbox 1910 4754 3488 4828">
    <p class='ocr_par' dir='ltr' id='par_1_110' title="bbox 1910 4754 3488 4828">
     <span class='ocr_line' id='line_1_110' title="bbox 1910 4754 3488 4828; baseline -0.004 -12"><span class='ocrx_word' id='word_1_827' title='bbox 1910 4770 2022 4816; x_wconf 88' lang='lat' dir='ltr'><strong>tum</strong></span> <span class='ocrx_word' id='word_1_828' title='bbox 2060 4768 2218 4828; x_wconf 88' lang='lat' dir='ltr'><strong>atque</strong></span> <span class='ocrx_word' id='word_1_829' title='bbox 2260 4756 2584 4812; x_wconf 86' lang='lat' dir='ltr'><strong>convulsum</strong></span> <span class='ocrx_word' id='word_1_830' title='bbox 2625 4765 2730 4823; x_wconf 89' lang='lat' dir='ltr'><strong>est,</strong></span> <span class='ocrx_word' id='word_1_831' title='bbox 2785 4754 2954 4811; x_wconf 83' lang='lat' dir='ltr'><strong>factus</strong></span> <span class='ocrx_word' id='word_1_832' title='bbox 2979 4765 3062 4811; x_wconf 91' lang='lat' dir='ltr'><strong>est</strong></span> <span class='ocrx_word' id='word_1_833' title='bbox 3091 4756 3347 4812; x_wconf 89' lang='lat' dir='ltr'><strong>Dominus</strong></span> <span class='ocrx_word' id='word_1_834' title='bbox 3397 4759 3488 4811; x_wconf 87' lang='lat' dir='ltr'><strong>tir-</strong></span> 
     </span>
    </p>
   </div>
   <div class='ocr_carea' id='block_1_111' title="bbox 1911 4859 2458 4906">
    <p class='ocr_par' dir='ltr' id='par_1_111' title="bbox 1911 4859 2458 4906">
     <span class='ocr_line' id='line_1_111' title="bbox 1911 4859 2458 4906; baseline -0.007 0"><span class='ocrx_word' id='word_1_835' title='bbox 1911 4859 2233 4906; x_wconf 89' lang='lat' dir='ltr'><strong>mamentum</strong></span> <span class='ocrx_word' id='word_1_836' title='bbox 2262 4864 2458 4903; x_wconf 90' lang='lat' dir='ltr'><strong>meum.</strong></span> 
     </span>
    </p>
   </div>
   <div class='ocr_carea' id='block_1_112' title="bbox 1982 4937 3492 5014">
    <p class='ocr_par' dir='ltr' id='par_1_112' title="bbox 1982 4937 3492 5014">
     <span class='ocr_line' id='line_1_112' title="bbox 1982 4937 3492 5014; baseline -0.002 -17"><span class='ocrx_word' id='word_1_837' title='bbox 1982 4943 2075 4998; x_wconf 73' lang='lat'><strong>20.</strong></span> <span class='ocrx_word' id='word_1_838' title='bbox 2101 4941 2250 5014; x_wconf 84' lang='lat' dir='ltr'><strong>[vers.</strong></span> <span class='ocrx_word' id='word_1_839' title='bbox 2271 4939 2403 5013; x_wconf 55' lang='grc' dir='ltr'><strong>εει]</strong></span> <span class='ocrx_word' id='word_1_840' title='bbox 2429 4939 2496 4994; x_wconf 86' lang='lat' dir='ltr'><strong>Et</strong></span> <span class='ocrx_word' id='word_1_841' title='bbox 2520 4940 2689 4995; x_wconf 62' lang='lat' dir='ltr'><strong>edam</strong></span> <span class='ocrx_word' id='word_1_842' title='bbox 2713 4954 2791 4993; x_wconf 89' lang='lat' dir='ltr'><strong>me</strong></span> <span class='ocrx_word' id='word_1_843' title='bbox 2820 4938 2874 4992; x_wconf 81' lang='lat' dir='ltr'><strong>in</strong></span> <span class='ocrx_word' id='word_1_844' title='bbox 2901 4937 3220 4994; x_wconf 82' lang='lat' dir='ltr'><strong>latitudinem</strong></span> <span class='ocrx_word' id='word_1_845' title='bbox 3248 4955 3267 4994; x_wconf 91' lang='lat'><strong><em>:</em></strong></span> <span class='ocrx_word' id='word_1_846' title='bbox 3287 4947 3343 4995; x_wconf 88' lang='lat' dir='ltr'><strong>et</strong></span> <span class='ocrx_word' id='word_1_847' title='bbox 3367 4941 3492 5011; x_wconf 87' lang='lat' dir='ltr'><strong>quia</strong></span> 
     </span>
    </p>
   </div>
   <div class='ocr_carea' id='block_1_113' title="bbox 1976 5135 2568 5204">
    <p class='ocr_par' dir='ltr' id='par_1_113' title="bbox 1976 5135 2568 5204">
     <span class='ocr_line' id='line_1_113' title="bbox 1976 5135 2568 5204; baseline 0 0"><span class='ocrx_word' id='word_1_848' title='bbox 1976 5144 1994 5176; x_wconf 75' lang='grc'><em>³</em></span> <span class='ocrx_word' id='word_1_849' title='bbox 2021 5140 2207 5204; x_wconf 70' lang='grc' dir='ltr'><strong>Αιίςιιοι</strong></span> <span class='ocrx_word' id='word_1_850' title='bbox 2221 5145 2346 5196; x_wconf 60' lang='grc' dir='ltr'><strong>ωδε-ν</strong></span> <span class='ocrx_word' id='word_1_851' title='bbox 2370 5135 2568 5204; x_wconf 44' lang='lat' dir='ltr'><strong>MV“:</strong></span> 
     </span>
    </p>
   </div>
   <div class='ocr_carea' id='block_1_114' title="bbox 1974 5193 3492 5260">
    <p class='ocr_par' dir='ltr' id='par_1_114' title="bbox 1974 5193 3492 5260">
     <span class='ocr_line' id='line_1_114' title="bbox 1974 5193 3492 5260; baseline -0.006 -9"><span class='ocrx_word' id='word_1_852' title='bbox 1974 5205 1995 5236; x_wconf 75' lang='grc'>³</span> <span class='ocrx_word' id='word_1_853' title='bbox 2018 5193 2150 5258; x_wconf 81' lang='lat' dir='ltr'><strong>Edd&#39;.,</strong></span> <span class='ocrx_word' id='word_1_854' title='bbox 2176 5193 2671 5260; x_wconf 65' lang='lat' dir='ltr'><strong>eccepefii&#39;duritimn</strong></span> <span class='ocrx_word' id='word_1_855' title='bbox 2715 5193 2985 5260; x_wconf 80' lang='lat' dir='ltr'><strong>grandinis,</strong></span> <span class='ocrx_word' id='word_1_856' title='bbox 3021 5193 3074 5243; x_wconf 85' lang='lat' dir='ltr'><strong>in</strong></span> <span class='ocrx_word' id='word_1_857' title='bbox 3103 5206 3284 5260; x_wconf 67' lang='lat' dir='ltr'><strong>almam</strong></span> <span class='ocrx_word' id='word_1_858' title='bbox 3303 5194 3492 5260; x_wconf 69' lang='lat' dir='ltr'><strong>eadem</strong></span> 
     </span>
    </p>
   </div>
   <div class='ocr_carea' id='block_1_115' title="bbox 1911 5254 3492 5334">
    <p class='ocr_par' dir='ltr' id='par_1_115' title="bbox 1911 5254 3492 5334">
     <span class='ocr_line' id='line_1_115' title="bbox 1911 5254 3492 5334; baseline 0 0"><span class='ocrx_word' id='word_1_859' title='bbox 1911 5273 2042 5334; x_wconf 61' lang='lat' dir='ltr'><strong>em</strong></span> <span class='ocrx_word' id='word_1_860' title='bbox 2060 5254 2321 5334; x_wconf 65' lang='grc' dir='ltr'><strong>[ηιέιιιναέἀε</strong></span> <span class='ocrx_word' id='word_1_861' title='bbox 2332 5262 2414 5334; x_wconf 55' lang='grc'><strong>,4,</strong></span> <span class='ocrx_word' id='word_1_862' title='bbox 2426 5254 3312 5334; x_wconf 56' lang='lat' dir='ltr'><strong>,Mseiaétetecbteraaiioiéni‘!</strong></span> <span class='ocrx_word' id='word_1_863' title='bbox 3329 5262 3421 5334; x_wconf 56' lang='lat' dir='ltr'><strong>fil-</strong></span> <span class='ocrx_word' id='word_1_864' title='bbox 3432 5255 3492 5334; x_wconf 57' lang='grc' dir='ltr'><strong>ἐξ</strong></span> 
     </span>
    </p>
   </div>
   <div class='ocr_carea' id='block_1_116' title="bbox 1912 5319 3489 5380">
    <p class='ocr_par' dir='ltr' id='par_1_116' title="bbox 1912 5319 3489 5380">
     <span class='ocr_line' id='line_1_116' title="bbox 1912 5319 3489 5380; baseline -0.01 -2"><span class='ocrx_word' id='word_1_865' title='bbox 1912 5319 2200 5380; x_wconf 72' lang='lat' dir='ltr'><strong>doctrinam,</strong></span> <span class='ocrx_word' id='word_1_866' title='bbox 2220 5327 2312 5370; x_wconf 75' lang='lat' dir='ltr'><strong>etc.</strong></span> <span class='ocrx_word' id='word_1_867' title='bbox 2332 5319 2504 5368; x_wconf 62' lang='lat' dir='ltr'><strong>locum</strong></span> <span class='ocrx_word' id='word_1_868' title='bbox 2520 5319 2833 5380; x_wconf 75' lang='lat' dir='ltr'><strong>emendaipus</strong></span> <span class='ocrx_word' id='word_1_869' title='bbox 2851 5319 2912 5368; x_wconf 91' lang='lat' dir='ltr'><strong>ad</strong></span> <span class='ocrx_word' id='word_1_870' title='bbox 2946 5324 3052 5367; x_wconf 88' lang='lat' dir='ltr'><strong>Mss.</strong></span> <span class='ocrx_word' id='word_1_871' title='bbox 3079 5329 3110 5366; x_wconf 89' lang='lat' dir='ltr'><strong>e</strong></span> <span class='ocrx_word' id='word_1_872' title='bbox 3131 5319 3308 5380; x_wconf 78' lang='lat' dir='ltr'><strong>quibus</strong></span> <span class='ocrx_word' id='word_1_873' title='bbox 3329 5324 3489 5380; x_wconf 76' lang='lat' dir='ltr'><strong>tanien</strong></span> 
     </span>
    </p>
   </div>
   <div class='ocr_carea' id='block_1_117' title="bbox 1911 5375 3467 5450">
    <p class='ocr_par' dir='ltr' id='par_1_117' title="bbox 1911 5375 3467 5450">
     <span class='ocr_line' id='line_1_117' title="bbox 1911 5375 3467 5450; baseline -0.01 -13"><span class='ocrx_word' id='word_1_874' title='bbox 1911 5375 2058 5450; x_wconf 73' lang='lat' dir='ltr'><strong>aliqui</strong></span> <span class='ocrx_word' id='word_1_875' title='bbox 2085 5398 2169 5448; x_wconf 88' lang='lat' dir='ltr'><strong>pro</strong></span> <span class='ocrx_word' id='word_1_876' title='bbox 2188 5375 2468 5450; x_wconf 65' lang='lat' dir='ltr'><strong>fulgurata},</strong></span> <span class='ocrx_word' id='word_1_877' title='bbox 2499 5380 2698 5438; x_wconf 86' lang='lat' dir='ltr'><strong>habent,</strong></span> <span class='ocrx_word' id='word_1_878' title='bbox 2717 5375 2970 5443; x_wconf 67' lang='lat' dir='ltr'><strong>ﬁguratae;</strong></span> <span class='ocrx_word' id='word_1_879' title='bbox 2994 5385 3046 5428; x_wconf 88' lang='lat' dir='ltr'><strong>et</strong></span> <span class='ocrx_word' id='word_1_880' title='bbox 3068 5375 3260 5441; x_wconf 77' lang='lat' dir='ltr'><strong>quidam</strong></span> <span class='ocrx_word' id='word_1_881' title='bbox 3281 5376 3467 5438; x_wconf 84' lang='lat' dir='ltr'><strong>conliga</strong></span> 
     </span>
    </p>
   </div>
   <div class='ocr_carea' id='block_1_118' title="bbox 1911 5444 2402 5511">
    <p class='ocr_par' dir='ltr' id='par_1_118' title="bbox 1911 5444 2402 5511">
     <span class='ocr_line' id='line_1_118' title="bbox 1911 5444 2402 5511; baseline -0.012 -15"><span class='ocrx_word' id='word_1_882' title='bbox 1911 5444 2008 5507; x_wconf 56' lang='lat' dir='ltr'><strong>te;</strong></span> <span class='ocrx_word' id='word_1_883' title='bbox 2026 5444 2112 5511; x_wconf 83' lang='lat' dir='ltr'><strong>pro</strong></span> <span class='ocrx_word' id='word_1_884' title='bbox 2129 5444 2402 5508; x_wconf 44' lang='lat' dir='ltr'><strong>congelatas</strong></span> 
     </span>
    </p>
   </div>
   <div class='ocr_carea' id='block_1_119' title="bbox 1975 5500 2736 5567">
    <p class='ocr_par' dir='ltr' id='par_1_119' title="bbox 1975 5500 2736 5567">
     <span class='ocr_line' id='line_1_119' title="bbox 1975 5500 2736 5567; baseline -0.008 -9"><span class='ocrx_word' id='word_1_885' title='bbox 1975 5500 1996 5542; x_wconf 67' lang='grc' dir='ltr'><strong>ί</strong></span> <span class='ocrx_word' id='word_1_886' title='bbox 2018 5500 2372 5567; x_wconf 50' lang='lat' dir='ltr'><strong>Quatuor-&quot;Mss,</strong></span> <span class='ocrx_word' id='word_1_887' title='bbox 2395 5509 2526 5567; x_wconf 80' lang='lat' dir='ltr'><strong>recto</strong></span> <span class='ocrx_word' id='word_1_888' title='bbox 2547 5500 2736 5552; x_wconf 81' lang='lat' dir='ltr'><strong>itinere.</strong></span> 
     </span>
    </p>
   </div>
   <div class='ocr_carea' id='block_1_120' title="bbox 1975 5560 3488 5628">
    <p class='ocr_par' dir='ltr' id='par_1_120' title="bbox 1975 5560 3488 5628">
     <span class='ocr_line' id='line_1_120' title="bbox 1975 5560 3488 5628; baseline -0.009 -11"><span class='ocrx_word' id='word_1_889' title='bbox 1975 5573 2000 5603; x_wconf 71' lang='grc' dir='ltr'><strong>ι</strong></span> <span class='ocrx_word' id='word_1_890' title='bbox 2024 5560 2118 5617; x_wconf 68' lang='grc' dir='ltr'><strong>Ᾰω.</strong></span> <span class='ocrx_word' id='word_1_891' title='bbox 2146 5573 2219 5615; x_wconf 84' lang='lat' dir='ltr'><strong>Er.</strong></span> <span class='ocrx_word' id='word_1_892' title='bbox 2258 5575 2308 5616; x_wconf 89' lang='lat' dir='ltr'><strong>et</strong></span> <span class='ocrx_word' id='word_1_893' title='bbox 2331 5565 2552 5628; x_wconf 87' lang='lat' dir='ltr'><strong>plerique</strong></span> <span class='ocrx_word' id='word_1_894' title='bbox 2576 5573 2700 5624; x_wconf 74' lang='lat' dir='ltr'><strong>Mss,</strong></span> <span class='ocrx_word' id='word_1_895' title='bbox 2723 5561 2993 5614; x_wconf 85' lang='lat' dir='ltr'><strong>Dominum.</strong></span> <span class='ocrx_word' id='word_1_896' title='bbox 3021 5560 3150 5609; x_wconf 88' lang='lat' dir='ltr'><strong>Colb.</strong></span> <span class='ocrx_word' id='word_1_897' title='bbox 3171 5565 3274 5619; x_wconf 67' lang='lat' dir='ltr'><strong>Ms,</strong></span> <span class='ocrx_word' id='word_1_898' title='bbox 3309 5568 3361 5606; x_wconf 80' lang='lat' dir='ltr'><strong>tu</strong></span> <span class='ocrx_word' id='word_1_899' title='bbox 3393 5563 3488 5605; x_wconf 77' lang='lat' dir='ltr'><strong>Do-</strong></span> 
     </span>
    </p>
   </div>
   <div class='ocr_carea' id='block_1_121' title="bbox 1910 5646 2882 5759">
    <p class='ocr_par' dir='ltr' id='par_1_121' title="bbox 1910 5646 2882 5759">
     <span class='ocr_line' id='line_1_121' title="bbox 1910 5646 2882 5759; baseline -0.009 -18"><span class='ocrx_word' id='word_1_900' title='bbox 1910 5646 2092 5759; x_wconf 38' lang='lat' dir='ltr'><strong>mitgic</strong></span> <span class='ocrx_word' id='word_1_901' title='bbox 2115 5697 2220 5739; x_wconf 87' lang='lat' dir='ltr'><strong>Mss.</strong></span> <span class='ocrx_word' id='word_1_902' title='bbox 2243 5697 2296 5759; x_wconf 79' lang='lat' dir='ltr'><strong>At</strong></span> <span class='ocrx_word' id='word_1_903' title='bbox 2320 5687 2546 5759; x_wconf 76' lang='lat' dir='ltr'><strong>edd.,_ad</strong></span> <span class='ocrx_word' id='word_1_904' title='bbox 2569 5683 2882 5759; x_wconf 70' lang='lat' dir='ltr'><strong>perdendam.</strong></span> 
     </span>
    </p>
   </div>
   <div class='ocr_carea' id='block_1_122' title="bbox 1980 5753 2906 5816">
    <p class='ocr_par' dir='ltr' id='par_1_122' title="bbox 1980 5753 2906 5816">
     <span class='ocr_line' id='line_1_122' title="bbox 1980 5753 2906 5816; baseline -0.01 -12"><span class='ocrx_word' id='word_1_905' title='bbox 1980 5757 2000 5788; x_wconf 82' lang='grc'><strong><em>⁶</em></strong></span> <span class='ocrx_word' id='word_1_906' title='bbox 2022 5762 2216 5816; x_wconf 76' lang='lat' dir='ltr'><strong>septem</strong></span> <span class='ocrx_word' id='word_1_907' title='bbox 2238 5758 2366 5813; x_wconf 73' lang='lat' dir='ltr'><strong>Mss,</strong></span> <span class='ocrx_word' id='word_1_908' title='bbox 2389 5753 2474 5814; x_wconf 79' lang='lat' dir='ltr'><strong>qui</strong></span> <span class='ocrx_word' id='word_1_909' title='bbox 2494 5753 2711 5815; x_wconf 77' lang='lat' dir='ltr'><strong>ignorant</strong></span> <span class='ocrx_word' id='word_1_910' title='bbox 2736 5755 2906 5796; x_wconf 82' lang='lat' dir='ltr'><strong>Deum.</strong></span> 
     </span>
    </p>
   </div>
  </div>
