4042 6492
509 395 605 452 151

504 509 747 567 carnales
767 505 1007 579 patiebar
1031 503 1328 575 angustias,
1351 501 1538 559 eduxit
1568 515 1655 557 me
1681 501 1733 556 in
1755 498 2086 569 spiritualem

505 601 839 659 latitudinem
869 599 1010 654 ﬁdei.
1037 597 1185 652 Eruit
1205 613 1306 661 me,
1338 596 1576 664 quoniam
1604 593 1762 647 voluit
1789 609 1866 648 me
1891 608 1909 646 :
1935 599 2089 644 ante-

507 709 667 764 quam
716 693 862 747 illum
891 706 991 762 ego
1028 690 1252 752 vellem,
1286 687 1425 742 eruit
1468 702 1555 741 me
1581 685 1647 739 ab
1678 683 1905 738 inimicis
1958 681 2091 736 meis

503 784 924 855 potentissimis,
958 782 1048 854 qui
1079 781 1206 836 mihi
1246 780 1547 835 invidebant
1572 779 1680 848 jam
1718 776 1914 831 volenti
1944 791 2088 840 eum,

506 887 561 933 et
585 877 654 932 ab
682 878 763 931 his
783 876 875 946 qui
905 877 1134 930 oderunt
1157 890 1263 940 me,
1290 873 1410 944 quia
1443 872 1567 926 volo
1593 885 1737 924 eum.

574 967 669 1021 2|.
694 965 842 1041 [vers.
869 966 985 1040 2L]
1020 966 1083 1020 Et
1120 966 1354 1020 retribuet
1379 964 1504 1016 mihi
1539 961 1785 1015 Dominus
1817 959 2093 1015 secundum

503 1058 756 1132 justitiam
773 1074 933 1112 meam
959 1073 977 1111 :
1001 1067 1054 1111 et
1075 1056 1332 1110 retribuet
1357 1053 1486 1108 mihi
1515 1052 1772 1105 Dominus
1801 1049 2090 1105 secundum

506 1151 768 1222 justitiam
797 1151 949 1205 bona:
987 1149 1294 1214 voluntatis,
1322 1146 1410 1216 qui
1441 1146 1588 1216 prior
1617 1143 1840 1215 praebuit
1879 1141 2086 1196 miseri-

506 1244 765 1308 cordiam,
816 1252 1097 1312 antequam
1140 1240 1390 1294 haberem
1425 1239 1616 1291 bonam
1647 1237 1994 1291 voluntatem.
2023 1232 2094 1288 Et

507 1335 785 1390 secundum
814 1335 1080 1402 puritatent
1115 1347 1356 1385 manuum
1401 1344 1627 1382 mearum
1656 1328 1894 1380 retribuet
1920 1325 2049 1379 mihi
2074 1340 2093 1379 :

507 1437 562 1481 ct
584 1426 874 1480 secundum
920 1424 1204 1493 puritatem
1239 1421 1495 1476 factorum
1535 1433 1775 1474 meorum
1833 1415 2094 1470 retribuet

506 1518 659 1584 mihi,
684 1518 772 1588 qui
800 1517 982 1571 tribuit
1009 1515 1137 1568 mihi
1171 1524 1228 1568 ut
1257 1513 1392 1568 bene
1419 1511 1669 1575 facerem,
1703 1506 1978 1564 educendo
2006 1521 2092 1560 me

506 1613 558 1667 in
586 1611 860 1665 latitudine
887 1609 1031 1662 ﬁdei.

577 1703 667 1756 22.
712 1701 859 1774 [vers.
889 1699 1006 1771 22.]
1035 1699 1166 1766 Quia
1206 1696 1452 1752 custodivi
1485 1696 1590 1748 vias
1619 1693 1858 1748 Domini:
1889 1700 1946 1746 ut
1973 1691 2093 1746 lati-

507 1794 635 1849 tudo
666 1795 682 1826 ³
716 1795 974 1847 bonorum
999 1804 1242 1859 operum,
1273 1803 1393 1858 quae
1414 1801 1506 1856 per
1537 1786 1693 1839 ﬁdem
1726 1791 1868 1848 sunt,
1891 1791 1945 1838 et
1979 1783 2095 1837 lon-

507 1885 790 1956 ganimitas
811 1879 1190 1952 perseverandi
1221 1886 1598 1946 consequatur.

576 1975 664 2027 23.
712 1970 862 2044 [vers.
901 1969 1016 2041 23.]
1068 1967 1176 2022 Nec
1210 1967 1362 2036 impie
1387 1965 1517 2034 gessi
1543 1980 1576 2016 a
1627 1962 1732 2016 Deo
1765 1977 1894 2015 meo.
1950 1959 2098 2026 Quo-

505 2065 642 2118 niam
693 2065 714 2096 ²
767 2061 936 2116 omnia
978 2060 1178 2130 judicia
1232 2059 1341 2119 eius
1386 2057 1439 2109 in
1493 2061 1760 2123 conspectu
1811 2067 1920 2105 meo
1952 2061 2092 2106 sunt.

507 2157 760 2222 Quoniam
811 2155 981 2209 omnia
1019 2152 1220 2223 judicia
1269 2153 1377 2221 ejus
1447 2165 1468 2202 :
1507 2147 1559 2200 id
1618 2155 1719 2212 est,
1777 2153 1832 2199 et
1881 2143 2096 2214 praemia

505 2249 789 2319 iustorum,
822 2253 876 2300 et
904 2259 1089 2315 pinnas
1119 2242 1423 2312 impiorum,
1452 2248 1506 2292 et
1525 2237 1730 2308 ﬂagella
1754 2233 2098 2304 corrigendo-

506 2357 647 2401 rum,
691 2349 744 2394 et
773 2339 1093 2394 tentationes
1132 2334 1549 2406 probandorum,
1579 2327 1940 2400 perseveranti
1969 2340 2099 2380 eon-

509 2433 855 2503 templatione
883 2428 1189 2486 considero.
1235 2425 1303 2480 Et
1324 2425 1554 2496 justitias
1592 2423 1702 2493 ejus
1730 2436 1831 2474 non
1867 2417 2033 2488 repuli
2067 2433 2100 2470 a

508 2541 626 2580 me:
655 2523 796 2595 quod
844 2521 1042 2578 faciunt
1081 2519 1391 2574 deﬁcientes
1421 2515 1520 2570 sub
1559 2513 1764 2568 sarcina
1794 2525 1978 2567 earum
1999 2551 2014 2577 ,
2045 2517 2102 2565 et

509 2624 847 2673 revertuntur
873 2613 941 2670 ad
960 2612 1216 2668 vomitum
1251 2624 1424 2664 suum.

577 2709 668 2764 2t.
698 2706 763 2762 Et
790 2722 875 2761 ero
899 2703 1254 2760 immaculatus
1283 2717 1392 2754 cum
1420 2715 1477 2752 eo
1512 2739 1526 2762 ,
1554 2705 1600 2750 et
1627 2693 1894 2751 observabo
1923 2709 2004 2749 me
2029 2692 2095 2748 ab

510 2801 771 2871 iniquitate
798 2814 928 2853 mea.

583 2891 676 2946 25.
706 2889 860 2963 [vers.
887 2885 1006 2959 25.]
1030 2884 1098 2939 Et
1119 2882 1357 2938 retribuet
1401 2879 1527 2933 mihi
1550 2875 1799 2932 Dominus
1827 2873 2102 2930 secundum

511 2982 759 3056 iustitiam
774 2995 937 3035 meam
961 2994 979 3032 :
1000 2977 1177 3044 itaque
1198 2988 1302 3028 non
1331 2973 1498 3026 solum
1530 2975 1749 3040 propter
1767 2963 2101 3020 latitudinem

520 3073 670 3141 ﬁdei,
697 3087 817 3143 qua:
840 3085 935 3141 per
957 3067 1298 3123 dilectionem
1315 3070 1568 3133 cperatur
1598 3057 1738 3129 (Gal.
1775 3072 1831 3124 v,
1885 3055 1980 3126 6),
2007 3054 2104 3110 sed

514 3167 675 3223 etiam
701 3171 920 3236 propter
945 3157 1326 3231 longitudinem
1375 3149 1784 3224 perseverantiae
1803 3190 1819 3215 ,
1849 3146 2106 3204 retribuet

515 3259 647 3314 mihi
677 3256 934 3311 Dominus
973 3249 1264 3309 secundum
1292 3246 1549 3318 justitiam
1597 3255 1794 3298 meam.
1830 3238 1900 3294 Et
1923 3255 2106 3295 secun-

518 3349 644 3403 dum
680 3346 948 3418 puritatem
977 3358 1218 3396 manuum
1253 3353 1480 3392 mearum
1523 3336 1578 3389 in
1619 3340 1890 3402 conspectu
1931 3330 2107 3384 oculo-

517 3456 634 3495 rum
648 3439 759 3508 eius
774 3453 792 3492 :
810 3451 914 3490 non
935 3433 1074 3504 quod
1095 3431 1116 3463 ³
1145 3430 1385 3484 homines
1405 3425 1604 3489 vident,
1624 3422 1719 3480 sed
1744 3422 1798 3477 in
1819 3429 2105 3490 conspectu

518 3533 796 3588 oculorum
839 3530 975 3597 ejus.
1012 3525 1273 3593 Quoniam
1325 3535 1444 3592 quae
1485 3518 1765 3582 videntur,
1797 3511 2106 3583 temporalia

521 3632 679 3686 sunt;
730 3634 848 3692 qua).
875 3626 1053 3673 autem
1097 3630 1202 3671 non
1229 3612 1494 3676 videntur,
1525 3619 1724 3665 aeterna
1767 3605 1838 3678 (ll
1867 3605 1986 3660 Cor.
2012 3619 2104 3669 tv,

524 3713 616 3783 18)
641 3731 654 3766 :
677 3726 784 3782 quo
819 3709 1046 3779 pertinet
1089 3703 1310 3759 altitudo
1344 3701 1477 3771 spei.

595 3802 688 3857 26.
716 3799 882 3874 [vers.
923 3795 1044 3868 26.]
1077 3797 1202 3850 Cum
1230 3801 1403 3849 sancto
1448 3801 1652 3845 sanctus
1675 3788 1773 3842 eris
1803 3801 1823 3841 :
1843 3793 1926 3842 est
1948 3784 2108 3840 etiam

523 3893 732 3950 occulta
782 3888 1148 3961 profunditas,
1206 3899 1305 3954 qua
1376 3881 1686 3951 intelligeris
1748 3893 1868 3934 cum
1923 3883 2108 3931 sancto

525 3993 763 4047 sanctus,
807 3981 928 4051 quia
972 3988 1030 4033 tu
1080 3974 1397 4031 sanctiﬁeas.
1441 3971 1509 4026 Et
1556 3987 1669 4024 cum
1701 3969 1807 4022 viro
1846 3967 2112 4021 innocente

526 4075 767 4129 innocens
817 4072 916 4125 eris
947 4085 966 4123 :
990 4067 1112 4138 quia
1134 4075 1188 4121 tu
1211 4065 1340 4119 nulli
1371 4077 1555 4125 noces,
1577 4061 1671 4116 sed
1695 4059 1961 4115 criniculis
1981 4072 2110 4128 pec-

526 4177 768 4224 catorum
822 4177 1041 4219 suorum
1096 4156 1455 4228 unusquisque
1496 4150 1876 4223 constringitur
1911 4146 2109 4223 (Prov.

526 4277 586 4329 v,
615 4259 744 4331 22).

601 4351 694 4408 27.
742 4349 892 4425 [vers.
917 4343 1033 4419 27.]
1058 4341 1128 4398 Et
1152 4357 1266 4398 cum
1302 4340 1458 4396 electo
1493 4337 1676 4392 electus
1701 4334 1799 4389 eris
1831 4348 1850 4388 :
1877 4341 1933 4388 et
1957 4331 2024 4386 ab
2049 4346 2114 4386 eo

529 4460 690 4517 quem
743 4441 934 4515 eligis,
985 4435 1219 4510 eligeris.
1271 4431 1342 4488 Et
1389 4447 1501 4487 cum
1561 4443 1791 4501 perverso
1856 4438 2114 4517 perversus

532 4512 632 4594 eris
655 4535 732 4608 (a)
747 4534 770 4568 δ
789 4553 802 4587 :
823 4512 886 4588 et
905 4546 1024 4586 eum
1039 4541 1288 4599 perverso
1303 4522 1500 4578 videris
1527 4530 1806 4590 perversus
1829 4532 1842 4568 :
1866 4512 2114 4584 quoniam

539 4602 744 4686 dicunt,
779 4622 899 4677 Non
934 4628 1006 4674 est
1031 4627 1169 4672 recta
1195 4615 1276 4668 via
1315 4612 1521 4666 Domini
1549 4608 1763 4681 (Ezech.
1794 4621 1942 4669 ιγιιι,
1969 4602 2074 4672 25)
2099 4619 2112 4655 :

536 4725 591 4773 et
610 4716 844 4784 ipsorum
866 4710 947 4762 via
979 4722 1084 4760 non
1114 4713 1195 4760 est
1221 4711 1385 4757 recta.

607 4779 702 4857 28.
723 4800 875 4874 [vers.
899 4793 1016 4868 28.]
1044 4792 1294 4860 Quoniam
1323 4797 1376 4842 tu
1403 4786 1644 4858 populum
1665 4783 1901 4836 humilem
1924 4779 2118 4833 salvum

541 4871 852 4966 {aciem—Hoc
878 4897 1055 4942 autem
1083 4894 1391 4955 perversum
1420 4877 1631 4932 videtur
1661 4873 1944 4944 perversis,
1976 4871 2116 4936 quod

539 4961 856 5040 conﬁtentes
881 4984 1094 5049 peccata
1119 4988 1212 5029 sua
1243 4971 1418 5026 salvos
1456 4967 1639 5021 facies.
1667 4963 1736 5018 Et
1761 4961 1932 5017 oculos
1951 4976 2120 5029 super-

543 5075 719 5128 borum
774 5067 1062 5123 humiliabis
1094 5078 1112 5118 :
1162 5063 1468 5132 ignorantes
1511 5063 1687 5110 autem
1717 5053 1808 5107 Dei
1839 5051 2113 5121 justitiam,

545 5174 600 5220 et
626 5176 776 5218 suam
813 5158 1053 5214 volentes
1088 5155 1412 5210 constituere
1437 5146 1628 5221 (Rom.
1656 5161 1711 5210 ι,
1734 5141 1802 5214 5)
1828 5183 1843 5207 ,
1872 5139 2116 5195 humilia-

544 5257 682 5398 bgii.
695 5339 848 5414 [vers.
860 5333 976 5408 29.]
1000 5331 1249 5402 Quoniam
1267 5337 1318 5382 tu
1339 5325 1645 5381 illuminabis
1663 5325 1916 5380 lucernam
1936 5338 2118 5388 meam,

610 5476 630 5509 ³
653 5472 908 5524 'n'edecim
929 5476 1057 5524 Mss...
1087 5469 1146 5516 Ut
1163 5459 1479 5513 latitudinem.

610 5539 632 5570 ²
657 5543 704 5584 ιη
729 5533 859 5590 edd.,
1206 5529 1313 5574 sunt
1334 5532 1521 5591 semper
1543 5531 1562 5570 :
1585 5533 1694 5582 quae
1715 5531 1831 5578 vox,
1871 5529 2076 5580 semper,
2092 5529 2121 5565 a

548 5584 762 5648 melioris
778 5584 908 5644 notae“
929 5598 1032 5638 Mss.
1060 5595 1111 5636 et
1133 5601 1159 5635 a
1178 5584 1514 5648 Graycoabest.

615 5641 908 5713 ἦᾙόἷξ-Ᾱνὸη
931 5662 1037 5714 quo.
1062 5647 1232 5697 Cameri
1248 5644 1376 5700 libri,
1397 5652 1492 5692 Non
1516 5641 1660 5714 quod.

614 5719 637 5751 δ
655 5698 1111 5778 ένῖτέἓὶρίἶίἰιίὲὲξὶ-Ει
1135 5719 1243 5778 cum
1265 5698 1485 5778 peruerso
1503 5698 1802 5778 subuerteris.

616 5761 990 5840 (a)-ﬁe'mfvers.
1009 5761 1068 5821 27
1091 5761 1355 5832 explicatur
1381 5767 1427 5814 in
1447 5770 1580 5812 Enar.
1608 5763 1725 5813 Psal.
1750 5775 1877 5821 xuv,
1895 5774 1944 5809 n.
1973 5761 2046 5822 l7,
2070 5766 2122 5810 et

556 5837 679 5889 Psal.
700 5853 847 5896 usu,
869 5850 917 5883 η.
941 5837 989 5884 7.

1741 385 1801 441 S.
1841 379 2204 440 AUGUSTlNl
2243 382 2545 441 EPlSCOPl

3678 388 3782 446 £52

2198 496 2414 553 Domine
2449 498 2734 570 :quoniam
2763 517 2866 556 non
2893 510 2976 558 est
3001 501 3179 558 lumen
3221 511 3459 559 nostrum
3484 520 3550 560 ex
3580 509 3736 562 nobis
3761 525 3780 573 ;

2198 589 2290 642 sed
2333 598 2386 643 tu
2415 591 2736 646 illuminabis
2780 593 3048 648 lucernam
3104 607 3298 657 meam,
3345 594 3582 650 Domine.
3643 596 3784 652 Deus

2197 695 2356 741 meus,
2384 679 2692 734 illuminabis
2737 681 2963 736 tenebras
3009 698 3142 735 meas
3172 697 3192 735 :
3219 698 3317 736 nos
3356 683 3495 737 enim
3548 686 3785 754 peccatis

2200 771 2401 825 nostris
2429 773 2663 826 tenebrae
2701 787 2916 839 sumus;
2944 772 3058 838 sed,
3092 773 3235 828 Deus
3258 788 3428 840 meus,
3458 775 3784 831 illuminabis

2199 862 2444 915 tenebras
2475 877 2637 916 meas.

2269 952 2356 1006 50.
2389 950 2538 1024 [vers.
2578 951 2692 1024 50.]
2724 952 2975 1020 Quoniam
3020 971 3050 1008 a
3102 965 3149 1008 te
3196 972 3351 1009 eruar
3387 974 3420 1009 a
3463 957 3735 1012 tentatione
3766 973 3790 1011 :

2197 1042 2444 1109 quoniam
2469 1057 2570 1096 non
2600 1058 2629 1096 a
2658 1058 2762 1106 me,
2791 1042 2883 1097 sed
2911 1060 2940 1097 a
2973 1054 3022 1097 te
3041 1060 3198 1099 eruar
3225 1061 3254 1098 a
3298 1047 3603 1102 teutatione.
3631 1047 3698 1102 Et
3728 1050 3788 1102 in

2198 1134 2306 1188 Deo
2351 1152 2460 1190 meo
2508 1135 2848 1205 transgredior
2885 1153 3082 1190 murum
3112 1153 3130 1191 :
3169 1147 3222 1192 et
3246 1153 3349 1192 non
3373 1139 3424 1192 in
3456 1153 3558 1203 me,
3588 1139 3682 1194 sed
3730 1140 3788 1194 in

2199 1226 2308 1281 Deo
2338 1241 2457 1280 meo
2499 1225 2856 1295 trausgrcdiar
2887 1242 3095 1280 murum
3122 1269 3137 1292 ,
3165 1243 3319 1294 quem
3351 1228 3487 1282 inter
3542 1228 3789 1284 homines

2197 1325 2252 1371 et
2276 1317 2544 1371 caelestem
2584 1317 2876 1372 Jerusalem
2907 1327 3120 1388 peccata
3149 1328 3452 1373 erexerunt.

2270 1411 2358 1463 51.
2389 1407 2537 1481 [vers.
2567 1407 2679 1482 31.]
2705 1409 2840 1466 Deus
2869 1427 3028 1476 meus,
3074 1411 3396 1464 immaculata
3422 1420 3495 1465 est
3524 1411 3602 1464 via
3619 1412 3731 1477 eius
3763 1427 3786 1464 :

2199 1498 2338 1553 Deus
2367 1515 2515 1554 meus
2559 1515 2661 1554 non
2689 1503 2835 1556 venit
2861 1503 2914 1556 in
2969 1501 3229 1565 homines,
3277 1503 3376 1556 nisi
3417 1502 3788 1558 mundaverint

2199 1589 2336 1643 viam
2371 1589 2488 1644 ﬁdei
2517 1605 2620 1659 qua
2651 1591 2826 1645 veniat
2875 1590 2941 1645 ad
2983 1605 3115 1655 eos;
3159 1592 3278 1660 quia
3336 1591 3669 1646 immaculata
3699 1601 3789 1648 est

2198 1679 2281 1733 via
2305 1680 2437 1748 ejus.
2467 1678 2688 1749 Eloquia
2720 1679 2920 1734 Domini
2940 1681 3057 1752 igne
3079 1681 3364 1734 examinata
3393 1697 3411 1735 :
3437 1681 3640 1750 eloquia
3665 1681 3784 1735 Do-

2198 1771 2326 1824 mini
2361 1770 2481 1840 igne
2528 1768 2880 1825 tribulationis
2927 1771 3236 1842 probantur.
3280 1769 3541 1824 Protector
3568 1781 3639 1824 est
3666 1788 3786 1824 om-

2200 1859 2339 1912 nium
2378 1861 2690 1929 sperantium
2731 1861 2784 1913 in
2810 1877 2866 1914 se
2890 1875 2908 1914 :
2932 1871 2988 1915 et
3013 1875 3201 1914 omnes
3227 1861 3314 1930 qui
3347 1875 3451 1914 non
3476 1861 3529 1914 in
3568 1861 3787 1929 seipsis,

2200 1950 2293 2005 sed
2329 1950 2380 2004 in
2419 1951 2510 2004 illo
2540 1958 2778 2020 Sperant,
2824 1950 3014 2007 eadem
3063 1951 3404 2007 tribulatione
3433 1967 3538 2006 non
3586 1967 3790 2007 consu-

2200 2053 2450 2108 muntur;
2479 2058 2604 2112 spes
2622 2044 2762 2097 enim
2791 2044 3029 2113 sequitur
3059 2043 3235 2098 ﬁdem.

2272 2134 2359 2188 52.
2383 2131 2533 2206 [vers.
2549 2132 2663 2205 32.]
2685 2134 2934 2199 Quoniam
2961 2133 3072 2203 quis
3091 2132 3247 2195 Deus,
3273 2143 3454 2202 prwter
3473 2133 3745 2186 Dominum
3761 2133 3796 2186 ἵ

2201 2227 2284 2282 cui
2313 2230 2592 2281 servimus.
2623 2225 2692 2280 Et
2719 2228 2828 2294 quis
2865 2225 2999 2281 Deus
3027 2239 3210 2298 printer
3233 2225 3394 2279 Deum
3433 2237 3653 2279 nostrum
3677 2226 3702 2278 .9
3731 2235 3793 2279 et

2201 2318 2320 2388 quis
2361 2318 2501 2372 Deus
2541 2325 2734 2386 praeter
2777 2317 3079 2382 Dominum,
3111 2331 3268 2386 quem
3291 2325 3410 2386 post
3433 2316 3618 2370 bonum
3670 2330 3794 2369 ser-

2203 2409 2442 2471 vitutem,
2473 2417 2722 2479 tanquam
2763 2407 3128 2462 iamreditatcm
3171 2417 3434 2477 speratam
3479 2405 3568 2460 ﬁlii
3601 2407 3778 2476 possi-

2202 2500 2484 2557 debimus?
3373 2553 3380 2556 _

2274 2592 2362 2647 55.
2395 2589 2545 2664 [vers.
2573 2589 2696 2665 53.]
2724 2589 2861 2644 Deus
2889 2591 2974 2661 qui
3007 2590 3270 2659 pra‘cinxit
3294 2606 3371 2643 me
3391 2590 3567 2642 virtute
3596 2604 3615 2642 :
3642 2588 3798 2642 Deus

2203 2682 2291 2753 qui
2319 2696 2406 2735 me
2448 2681 2724 2750 prmcinxit
2767 2691 2824 2734 ut
2851 2679 3001 2734 fortis
3025 2681 3146 2742 sim,
3207 2695 3274 2734 ne
3303 2677 3601 2734 difﬂuentes
3639 2679 3794 2732 sinus

2204 2771 2506 2842 cupiditatis
2528 2771 2818 2842 impediant
2862 2786 3024 2841 opera
3065 2779 3118 2825 et
3157 2785 3368 2840 gressus
3397 2784 3560 2822 meos.
3595 2766 3659 2820 Et
3690 2785 3794 2837 po-

2203 2863 2305 2916 suit
2335 2863 2712 2917 immaculatam
2738 2862 2869 2914 viam
2908 2877 3107 2915 meam:
3125 2868 3180 2916 et
3199 2861 3376 2930 posuit
3396 2860 3794 2914 immaculatum

2205 2954 2343 3007 viam
2372 2954 2666 3019 charitatis,
2696 2968 2796 3022 qua
2826 2953 2890 3006 ad
2915 2952 3061 3005 illum
3089 2951 3296 3007 veniam
3316 2990 3331 3016 ,
3357 2950 3496 3005 sicut
3521 2950 3786 3004 immacu-

2208 3042 2311 3098 lata
2337 3053 2417 3097 est
2441 3042 2583 3106 ﬁdei,
2607 3058 2708 3112 qua
2734 3044 2871 3096 venit
2898 3041 2962 3094 ad
2986 3056 3090 3096 mc.

2278 3135 2366 3189 54.
2404 3133 2566 3207 [vers.
2595 3132 2722 3204 3L]
2775 3133 2874 3200 Qui
2921 3133 3127 3203 perfecit
3175 3131 3324 3200 pedes
3373 3146 3506 3183 meos
3551 3138 3798 3200 tanquam

2208 3225 2339 3278 cervi
2368 3239 2386 3278 :
2414 3225 2502 3294 qui
2526 3224 2746 3295 perfecit
2769 3237 3005 3277 amorem
3038 3237 3236 3286 meum,
3267 3219 3333 3274 ad
3364 3218 3790 3274 transcendenda

2208 3315 2422 3384 spinosa
2445 3323 2500 3368 et
2543 3314 2791 3368 umbrosa
2836 3313 3224 3382 implicamenta
3269 3311 3424 3379 hujus
3475 3310 3671 3365 sarculi.
3725 3309 3797 3364 Et

2209 3425 2360 3479 super
2387 3408 2583 3462 excelsa
2626 3415 2805 3460 statuet
2845 3423 2922 3459 me
2950 3421 2969 3459 :
3011 3415 3065 3460 et
3093 3419 3253 3474 super
3279 3405 3551 3460 caelestem
3582 3402 3800 3456 habita-

2213 3499 2408 3553 tionem
2451 3497 2577 3568 ﬁget
2624 3497 2968 3552 intentionem
3011 3511 3181 3550 meam
3209 3537 3222 3560 ,
3255 3504 3312 3550 ut
3339 3495 3560 3564 implear
3587 3495 3640 3548 in
3669 3507 3798 3548 om-

2213 3604 2334 3643 nem
2363 3586 2744 3657 plenitudinem
2775 3587 2864 3641 Dei
2892 3587 2910 3658 (
2938 3586 3126 3656 Ephes.
3155 3601 3232 3650 ut,
3267 3583 3335 3640 {9
3361 3586 3402 3654 ).

2285 3679 2370 3735 53.
2405 3679 2554 3750 [vers.
2583 3677 2697 3751 55.]
2729 3678 2826 3746 Qui
2852 3679 2992 3732 docet
3019 3693 3196 3731 manus
3224 3693 3360 3730 meas
3378 3675 3446 3728 ad
3473 3675 3702 3743 praelium
3730 3678 3748 3708 ⁸
3777 3694 3792 3728 :

2212 3771 2304 3840 qui
2350 3770 2508 3824 docet
2551 3785 2637 3825 me
2678 3767 2892 3839 operari
2939 3767 3006 3822 ad
3056 3766 3385 3838 superandos
3415 3765 3674 3827 inimicos,
3702 3766 3801 3835 qui

2215 3861 2370 3916 nobis
2399 3859 2753 3916 intercludere
2795 3859 3028 3913 cmlestia
3073 3871 3235 3927 regna
3281 3865 3557 3911 conantur.
3592 3855 3796 3923 Elpe-

2213 3952 2360 4006 suisti
2382 3960 2435 4005 ut
2454 3966 2628 4004 arcum
2654 3965 2839 4004 meum
2866 3948 3068 4002 brachia
3089 3963 3198 4001 mea
3225 3957 3316 4000 :et
3346 3945 3565 4016 posuisti
3608 3943 3797 3998 infati-

2214 4045 2440 4116 gabilem
2468 4042 2812 4098 intentionem
2841 4040 3098 4095 bonorum
3127 4053 3344 4108 operum
3388 4052 3646 4092 meorum.

2287 4136 2377 4192 56.
2408 4133 2559 4207 [vers.
2611 4132 2727 4206 56.]
2751 4131 2822 4187 Et
2848 4132 3029 4186 dedisti
3065 4131 3187 4185 mihi
3215 4130 3566 4200 protectionem
3616 4127 3808 4182 salutis

2215 4241 2339 4281 meae
2364 4227 2384 4258 ’
2407 4265 2423 4290 ,
2451 4234 2498 4279 et
2516 4223 2720 4278 dextera
2747 4232 2834 4276 tua
2852 4223 3069 4294 suscepit
3091 4238 3206 4276 me:
3236 4230 3289 4275 et
3317 4218 3462 4274 favor
3483 4219 3660 4289 gratiae
3691 4227 3802 4271 tua:

2217 4315 2449 4385 suscepit
2492 4301 2608 4369 me:
2650 4313 2715 4367 Et
2742 4313 3012 4382 disciplina
3040 4321 3127 4364 tua
3174 4327 3252 4364 me
3277 4309 3456 4368 direxit
3503 4311 3552 4360 in
3592 4308 3746 4372 linem
3781 4324 3802 4361 :

2219 4419 2273 4464 ct
2310 4405 2576 4474 correptio
2615 4414 2702 4459 tua
2744 4418 2832 4459 me
2872 4403 3086 4456 deviare
3113 4414 3219 4455 non
3248 4401 3428 4454 sineus
3471 4398 3681 4462 direxit,
3741 4408 3803 4451 ut

2219 4498 2470 4570 quidquid
2495 4512 2612 4566 ago,
2647 4495 2700 4550 in
2743 4510 2862 4550 eum
2896 4495 3053 4549 ﬁnem
3081 4492 3333 4554 referam,
3372 4507 3477 4561 quo
3500 4490 3804 4545 colueretur

2220 4591 2332 4647 tibi.
2363 4589 2430 4643 Et
2467 4588 2736 4658 disciplina
2761 4597 2846 4640 tua
2871 4588 2981 4657 ipsa
3019 4602 3097 4639 me
3124 4585 3315 4639 docebit
3340 4601 3359 4637 :
3389 4594 3441 4637 et
3467 4583 3648 4636 eadem
3675 4596 3806 4636 cor-

2220 4681 2392 4751 reptio
2418 4690 2505 4733 tua
2555 4694 2641 4733 me
2666 4677 2879 4732 docebit
2907 4677 3179 4745 pervenire
3207 4691 3309 4744 quo
3335 4673 3544 4728 direxit.

2299 4769 2388 4824 57.
2427 4767 2573 4839 [vers.
2600 4765 2714 4838 57.]
2751 4766 2988 4818 Dilatasti
3006 4782 3206 4836 gressus
3226 4779 3358 4818 meos
3373 4764 3538 4816 subter
3567 4777 3806 4816 me:nec

2223 4859 2509 4928 impedient
2536 4857 2776 4912 carnales
2811 4858 3106 4926 angustias;
3147 4855 3396 4924 quoniam
3429 4853 3585 4906 latam
3626 4852 3806 4906 fecisti

2221 4949 2531 5004 charitatem
2556 4962 2728 5001 meam
2757 4955 3064 5015 operantem
3096 4945 3356 5006 hilariter,
3385 4943 3543 4996 etiam
3571 4942 3638 4996 de
3662 4941 3803 5010 ipsis

2221 5053 2340 5107 qua:
2369 5037 2550 5092 subter
2597 5051 2682 5091 me
2722 5045 2846 5090 sunt
2889 5035 3196 5089 mortalibus
3247 5032 3407 5088 rebus
3450 5043 3498 5085 et
3526 5031 3808 5092 membris.

2225 5126 2291 5182 Et
2315 5143 2416 5181 non
2438 5135 2555 5181 sunt
2576 5128 2831 5195 inﬁrmata
2860 5126 3064 5195 vestigia
3086 5141 3194 5178 mea
3220 5139 3239 5176 :
3272 5132 3327 5178 et
3354 5138 3457 5177 non
3487 5131 3610 5176 sunt
3652 5122 3810 5174 inﬁr-

2224 5228 2387 5283 mata,
2419 5219 2530 5272 sive
2574 5218 2759 5271 itinera
2788 5233 2901 5272 mea
2929 5257 2943 5281 ,
2974 5215 3086 5269 sive
3113 5215 3262 5285 signa
3304 5229 3423 5284 quae
3465 5212 3705 5282 impressi
3738 5212 3812 5265 ad

2225 5308 2538 5364 imitandum
2567 5308 2931 5377 sequentibus.

2295 5404 2386 5459 58.
2420 5400 2571 5474 [vers.
2623 5399 2751 5472 38.]
2803 5399 3086 5470 Persequar
3120 5397 3350 5452 inimicos
3383 5412 3538 5460 meos,
3574 5403 3620 5448 et
3667 5410 3816 5446 com-

2290 5575 2306 5606 ¹
2333 5579 2437 5641 Mss.
2463 5572 2578 5641 duo,
2599 5569 2650 5641 in
2681 5569 2922 5631 praelium.
2955 5568 3041 5616 Alii
3073 5567 3316 5631 plerique,
3353 5566 3406 5617 in
3442 5561 3630 5626 prtelio.
3669 5567 3812 5624 Apud

2227 5642 2334 5685 Lxx
2364 5640 2440 5681 est
2461 5631 2530 5681 eis
2551 5631 2781 5694 polemtm.

2293 5699 2312 5727 ’
2334 5697 2408 5743 sic
2431 5687 2578 5742 editio
2595 5699 2702 5740 Lov.
2723 5698 2774 5740 et
2795 5687 3012 5740 melioris
3026 5698 3152 5739 noue
3172 5695 3278 5737 atas.
3307 5695 3358 5736 At
3381 5693 3453 5735 Er.
3473 5693 3525 5735 et
3541 5691 3650 5735 octo
3669 5691 3782 5734 uss.
3798 5723 3812 5739 .

2229 5755 2394 5807 salutis
2417 5760 2514 5804 tua:
2540 5765 2557 5802 :
2579 5765 2721 5815 quam
2745 5751 3002 5815 lectionem
3025 5753 3228 5815 Hebraeo
3263 5748 3564 5811 restiondere
3600 5753 3819 5796 testatur

2235 5820 2560 5879 Hieronymus,
2584 5813 2629 5862 in
2655 5816 2792 5875 Epist.
2813 5814 2922 5871 555,
2946 5813 3002 5862 ad
3026 5814 3230 5859 Sunium.
