4042 6482
236 389 348 448 153

233 501 561 572 prehendam
587 503 710 560 illos
737 519 759 559 :
803 519 1094 576 persequar
1135 505 1354 562 allectus
1381 507 1627 562 carnales
1668 520 1850 569 meos,

233 612 357 651 nec
391 595 458 648 ab
497 595 577 649 eis
633 598 1096 667 comprehendar;
1129 599 1580 668 comprehendam
1631 599 1770 661 illos,
1801 607 1856 652 ut

232 689 626 742 absumantur.
665 689 732 742 Et
761 707 866 743 non
908 699 1166 743 convertar
1209 690 1366 743 donec
1390 690 1665 758 deﬁciant:
1696 700 1751 745 et
1787 689 1854 742 ab

235 777 363 832 ista
411 778 707 833 intentione
761 795 866 832 non
914 787 1194 833 convertar
1244 778 1310 833 ad
1363 781 1635 850 quietem,
1682 779 1854 834 donec

236 867 510 922 deliciant
537 869 626 938 qui
657 868 974 940 obstrepunt
1017 869 1166 922 mihi.

328 961 422 1018 39.
459 960 608 1034 [verm
641 961 758 1034 39.]
783 964 1112 1034 Confringam
1135 965 1269 1026 illos,
1299 980 1390 1017 nec
1415 972 1644 1032 poterunt
1673 973 1804 1018 stare
1831 978 1852 1016 :

239 1069 360 1108 nec
385 1055 653 1109 durabunt
675 1055 957 1110 adversum
975 1071 1080 1110 me.
1094 1055 1286 1111 Cadent
1306 1056 1482 1129 subtus
1501 1056 1650 1125 pedes
1676 1071 1809 1109 meos
1830 1070 1851 1108 :

238 1145 487 1213 deiectis
536 1145 642 1200 illis
666 1186 683 1212 ,
713 1160 1015 1216 praeponam
1055 1161 1269 1201 amores
1318 1145 1510 1218 quibus
1536 1145 1749 1200 ambulo
1776 1144 1830 1200 in

241 1246 545 1290 :l‘ternum.

326 1326 422 1381 40.
480 1324 630 1398 [τετε.
658 1325 791 1397 40.]
822 1327 888 1381 Et
933 1328 1240 1397 prwcinxisti
1281 1343 1360 1382 me
1403 1328 1581 1382 virtute
1630 1328 1698 1381 ad
1743 1327 1846 1381 bel-

242 1417 366 1470 lum
399 1433 418 1471 :
458 1427 514 1472 et
535 1419 902 1473 constrinxisti
933 1420 1146 1476 ﬂuentia
1180 1420 1442 1491 desideria
1485 1419 1661 1474 carnis
1713 1435 1846 1474 mete

241 1510 486 1570 virtute,
533 1523 600 1562 ne
653 1509 708 1562 in
755 1509 846 1563 tali
886 1525 1058 1579 pugna
1115 1509 1456 1579 prmpedirer.
1491 1508 1846 1580 Supplantasti

243 1601 574 1671 insurgentes
595 1601 648 1654 in
675 1615 755 1656 me
774 1602 944 1656 subter
969 1619 1084 1657 me:
1115 1602 1286 1670 decipi
1314 1601 1482 1657 fecisti
1529 1617 1622 1656 eos
1642 1602 1733 1672 qui
1760 1618 1849 1657 me

246 1693 698 1760 insequebantur,
757 1701 816 1748 ut
845 1694 1029 1748 subter
1077 1709 1163 1749 me
1208 1693 1396 1750 tierent
1434 1693 1524 1763 qui
1574 1708 1732 1764 super
1759 1709 1848 1749 me

247 1798 383 1838 esse
405 1781 706 1851 cupiebant.
1443 1853 1446 1856 .

331 1874 431 1928 4|.
463 1872 608 1946 [rem
651 1872 786 1946 4L]
815 1872 884 1926 Et
916 1873 1142 1928 inimicos
1184 1890 1322 1928 meos
1365 1873 1546 1928 dedisti
1570 1873 1695 1927 mihi
1720 1873 1846 1927 dor-

252 1981 387 2017 sum
414 1981 433 2017 :
459 1974 510 2018 et
543 1965 782 2019 inimicos
823 1980 971 2020 meos
1017 1965 1324 2020 convertisti
1348 2007 1363 2032 ,
1389 1974 1442 2020 et
1471 1965 1686 2020 dorsum
1717 1966 1846 2020 mihi

249 2069 508 2110 eosesse
533 2054 718 2119 fecisti,
767 2055 816 2109 id
865 2066 967 2119 est,
995 2064 1051 2110 ut
1085 2066 1436 2126 sequerentur
1479 2071 1586 2111 me.
1618 2056 1687 2110 Et
1728 2057 1844 2111 odio

251 2144 500 2197 habentes
524 2161 602 2198 me
628 2145 972 2214 disperdidiin
1016 2161 1037 2200 :
1069 2146 1202 2200 alios
1230 2155 1405 2202 autem
1454 2161 1637 2202 eorum
1675 2148 1762 2218 qui
1790 2147 1844 2202 in

247 2235 384 2290 odio
415 2235 858 2304 perduraverunt,
887 2237 1275 2306 disperdidisti.

327 2324 422 2380 42.
450 2324 600 2398 [verm
629 2325 743 2399 42.]
773 2325 1159 2392 Clamat-erunt,
1176 2344 1265 2382 nec
1289 2337 1396 2382 erat
1417 2328 1504 2398 qui
1527 2328 1690 2383 salvos
1710 2333 1847 2400 face-

249 2425 329 2470 ret
353 2432 373 2469 :
407 2417 528 2484 quis
572 2417 714 2471 enim
753 2419 930 2471 salvos
958 2416 1193 2486 faceret,
1223 2433 1358 2488 quos
1387 2428 1441 2472 tu
1470 2434 1572 2473 non
1600 2417 1846 2474 faceres?

247 2506 337 2560 Ad
353 2505 653 2570 Dominum,
677 2524 764 2560 nec
786 2508 1038 2561 exaudivit
1061 2525 1145 2562 eos
1175 2524 1192 2561 :
1220 2523 1317 2563 nec
1335 2507 1400 2562 ad
1422 2507 1726 2576 quemlibet,
1751 2508 1845 2562 sed

249 2597 320 2651 ad
363 2597 650 2652 Dominum
707 2598 1104 2662 elamaverunt;
1135 2614 1234 2654 nec
1271 2599 1633 2668 esauditione.
1661 2599 1848 2670 dignos

248 2690 512 2761 judicavit
540 2705 645 2745 non
672 2691 982 2746 recedentes
1004 2707 1033 2744 a
1059 2691 1256 2746 malitia
1281 2707 1398 2747 sua.

330 2781 428 2835 43.
487 2779 646 2852 [υεη.
683 2777 806 2852 ’45.]
857 2780 922 2835 Et
971 2783 1310 2835 comminuam
1347 2782 1463 2835 illos
1495 2791 1551 2835 ut
1594 2780 1848 2852 pulverem

252 2881 372 2924 ante
399 2872 414 2901 ¹
453 2870 636 2939 {aciem
661 2872 790 2925 venti
836 2886 856 2926 :
882 2881 938 2926 et
962 2873 1319 2927 comminuam
1364 2872 1514 2936 illos;
1542 2872 1678 2926 aridi
1704 2873 1844 2926 enim

255 2974 400 3027 sunt,
439 2979 546 3016 non
606 2963 924 3033 recipientes
965 2963 1188 3018 imbrem
1219 2962 1596 3018 misericordiae
1625 2963 1719 3018 Dei
1747 2979 1760 3013 :
1793 2971 1849 3017 ut

255 3057 381 3109 elati
399 3064 563 3125 atque
586 3054 748 3109 inﬂati
775 3056 1044 3126 superbia,
1071 3071 1102 3110 a
1130 3071 1224 3125 spe
1247 3055 1394 3109 firma
1413 3065 1466 3109 et
1496 3055 1808 3109 inconcussa
1827 3094 1844 3118 ,

253 3160 304 3199 et
339 3157 599 3217 tanquam
619 3163 648 3200 a
679 3157 835 3202 terra:
865 3147 1130 3202 soliditate
1152 3155 1207 3202 et
1229 3145 1519 3201 stabilitate
1544 3146 1839 3215 rapiantur.

259 3238 326 3291 ιιι
354 3240 518 3291 latam
554 3238 832 3308 platearum
871 3237 1042 3292 delebo
1074 3255 1157 3292 eos
1182 3255 1201 3292 :
1230 3253 1323 3307 per
1349 3237 1483 3291 latas
1525 3252 1655 3307 quas
1694 3237 1848 3292 multi

254 3331 537 3384 ambulant
568 3331 878 3400 perditionis
894 3331 1024 3397 vias,
1052 3331 1382 3386 luxuriantes
1405 3342 1458 3385 et
1486 3331 1719 3386 lubricos
1744 3330 1845 3386 de-

255 3421 378 3473 lebo
403 3435 520 3475 eos.
1043 3474 1049 3480 .

326 3512 415 3566 44.
447 3512 599 3583 lum.
625 3513 739 3586 44.]
764 3512 929 3568 Erues
954 3531 1032 3567 me
1047 3514 1109 3568 de
1131 3514 1604 3568 contradictionibus
1633 3513 1848 3582 populi:

257 3620 417 3659 eroes
449 3621 536 3658 me
563 3605 632 3659 de
656 3606 1171 3661 contradictionibus
1213 3619 1398 3660 eorum
1428 3605 1517 3674 qui
1548 3605 1799 3658 dixerunt
1829 3620 1842 3658 :

262 3694 320 3748 Si
345 3695 685 3749 dimiserimus
719 3712 836 3749 eum
861 3698 882 3728 ³
902 3737 918 3761 ,
955 3713 1100 3752 omne
1135 3696 1377 3752 swculum
1423 3705 1534 3765 post
1560 3694 1706 3748 illum
1756 3694 1845 3748 ibit

258 3785 440 3855 (Joan.
464 3802 545 3850 ιι,
577 3786 707 3857 48).

325 3877 418 3931 45.
450 3876 604 3949 [vers.
620 3877 734 3951 45.]
746 3877 1028 3934 Constitues
1045 3895 1124 3934 me
1150 3880 1202 3932 in
1221 3888 1374 3948 caput
1392 3877 1643 3932 Gentium.
1668 3876 1846 3946 Papu-

256 3970 335 4024 ιω
357 3986 507 4039 quem
545 3987 646 4024 non
667 3971 873 4041 cognovi
898 3972 1093 4024 servivit
1116 3971 1239 4024 mihi
1283 3988 1302 4024 :
1342 3970 1571 4040 populus
1599 3970 1847 4025 Gentium

254 4075 416 4129 quem
449 4061 718 4128 corporali
751 4062 1027 4130 prrsentia
1057 4077 1160 4116 non
1182 4063 1412 4128 visitavi,
1436 4062 1650 4116 servivit
1671 4063 1818 4115 mihi.

255 4148 323 4202 In
343 4150 588 4203 obauditu
613 4152 750 4204 auris
775 4150 986 4204 obedivit
1014 4151 1135 4204 mihi
1163 4167 1181 4204 :
1208 4166 1375 4221 neque
1395 4151 1560 4206 oculis
1577 4167 1660 4206 me
1681 4151 1806 4204 vidit
1829 4165 1845 4214 ;

253 4239 352 4292 sed
380 4239 648 4308 recipiens
689 4240 1065 4311 praedicatores
1103 4255 1276 4306 meos,
1323 4241 1375 4295 in
1412 4242 1661 4296 obauditu
1705 4241 1849 4296 auris

251 4329 492 4383 obedivit
516 4329 665 4384 mihi.

323 4418 707 4494 46.[cers.46.]
725 4421 849 4475 Filii
869 4423 1022 4476 alieni
1055 4423 1247 4477 mentiti
1272 4434 1386 4478 sunt
1421 4426 1544 4478 mihi
1569 4441 1587 4479 :
1619 4425 1711 4480 lilii
1742 4440 1846 4479 non

252 4512 362 4564 mei
381 4511 617 4576 dicendi,
637 4512 731 4566 sed
753 4513 926 4582 potius
952 4514 1130 4579 alieni,
1148 4515 1341 4583 quibus
1369 4515 1732 4578 roctedicitur,
1750 4514 1850 4568 Vos

253 4617 320 4653 ex
365 4612 511 4669 patre
533 4603 732 4656 diabolo
760 4605 876 4657 estis
907 4602 1017 4671 (Id.
1046 4619 1158 4670 vm,
1189 4606 1300 4675 44),
1321 4604 1523 4659 mentiti
1544 4615 1666 4659 sunt
1697 4605 1845 4660 mihi.

255 4690 385 4744 Filii
405 4692 563 4744 alieni
583 4693 977 4747 inveteraverunt
1006 4711 1024 4748 :
1048 4694 1140 4748 ﬁlii
1171 4696 1352 4759 alieni,
1376 4697 1572 4764 quibus
1603 4704 1662 4750 ut
1682 4710 1846 4752 reno-

251 4792 519 4836 varentur
568 4782 774 4837 Novum
814 4783 1213 4840 Testamentum
1260 4785 1430 4849 attuli,
1460 4786 1514 4841 in
1543 4796 1723 4841 vetere
1752 4785 1850 4841 ho-

252 4875 402 4927 mine
427 4884 819 4929 remanserunt.
855 4874 919 4928 Et
947 4876 1355 4931 claudicaverunt
1383 4895 1415 4931 a
1443 4878 1634 4932 semitis
1685 4879 1791 4933 suis
1822 4896 1835 4932 :

255 4975 309 5017 et
353 4974 604 5033 tanquam
647 4982 752 5020 uno
785 4966 919 5036 pede
949 4967 1170 5032 debiles,
1203 4969 1322 5037 quia
1375 4967 1541 5023 Vetus
1581 4977 1845 5036 tenentes,

255 5055 468 5108 Novum
490 5055 898 5112 Testamentum
923 5067 1262 5128 respuerant,
1295 5060 1468 5114 claudi
1496 5059 1669 5116 eﬂ'ecti
1700 5070 1843 5128 sunt,

256 5147 422 5197 etiam
447 5147 501 5198 in
535 5148 644 5215 ipsa
668 5157 852 5202 vetere
892 5148 1032 5218 Lege
1072 5150 1247 5219 potius
1276 5149 1587 5206 traditiones
1610 5167 1734 5206 suas
1760 5167 1848 5208 se-

257 5247 508 5305 quentes,
541 5254 696 5310 quam
740 5239 866 5305 Dei;
897 5241 1366 5296 calumniabantur
1390 5243 1532 5297 enim
1574 5242 1641 5298 de
1670 5245 1844 5298 mani-

260 5329 358 5382 bus
405 5346 512 5384 non
557 5332 679 5387 lotis
713 5330 942 5403 (Matth.
967 5340 1053 5397 xv,
1082 5333 1184 5406 2),
1234 5334 1353 5404 quia
1394 5335 1524 5394 tales
1565 5344 1718 5390 erant
1762 5351 1846 5392 se-

258 5421 403 5473 mita:
431 5435 563 5490 quas
609 5422 714 5494 ipsi
769 5421 1004 5476 fecerant
1050 5432 1102 5476 et
1154 5424 1536 5480 consuetudine
1570 5425 1843 5492 triverant,

259 5511 550 5568 aberrando
584 5515 653 5569 ab
679 5513 964 5568 itineribus
992 5524 1376 5584 praeceptorum
1411 5515 1524 5572 Dei.

319 5689 337 5760 ξ
363 5691 576 5760 Undecim
599 5697 738 5760 19s..
748 5687 1096 5760 βιαία-ταφῆς
1118 5688 1258 5758 renti.
1521 5751 1531 5760 ι

258 5752 338 5860 ω’
359 5759 400 5799 In
423 5754 678 5817 plerisque
719 5748 852 5808 uss,
887 5748 936 5798 Si
975 5748 1297 5800 dimiserimus
1333 5764 1442 5802 eum
1488 5751 1662 5811 rivum,
1688 5764 1839 5803 steat-

303 5825 365 5871 m,
386 5826 472 5865 tflC.

386 5834 472 5862 tflC.

1393 391 1785 449 ENARRATIO
1822 391 1886 446 IN
1926 391 2240 454 PSALMUM
2277 399 2460 457 XVIII.

3440 435 3542 493 ιιι

2036 511 2124 565 47.
2153 511 2300 584 [ινεη.
2351 519 2466 591 47.]
2497 520 2628 578 Vivit
2685 525 2939 586 Dominus
2959 574 2974 598 ,
3003 544 3050 590 et
3087 538 3371 601 benedictus
3389 547 3533 606 Deus

1960 615 2142 656 meus:
2183 609 2474 664 secundum
2512 627 2726 671 carnem
2768 631 2944 676 autem
2992 640 3211 696 sapere,
3260 651 3404 693 mors
3449 652 3535 697 est

1959 693 2290 790 (_Rom.vn|.
2321 701 2416 769 6);
2466 706 2756 765 vivitenim
2805 693 3078 784 Dominus,
3129 735 3182 777 et
3228 693 3536 790 benedictus

1959 784 2097 840 Deus
2137 804 2308 845 meus.
2351 793 2417 846 Et
2439 797 2685 854 exaltetur
2719 802 2853 858 Deus
2877 809 3054 865 salutis
3096 830 3220 870 mete
3256 835 3276 872 :
3328 784 3530 882 etnon

1959 883 2166 932 terrena
2199 887 2582 943 consuetudine
2620 890 2686 946 de
2711 893 2818 949 Deo
2862 899 3046 956 salutis
3089 920 3220 960 mete
3268 917 3528 980 sentiam;

1953 1234 2032 1288 dis
2057 1240 2277 1333 populos
2295 1244 2386 1296 sub
2415 1262 2494 1300 me
2515 1264 2535 1301 :
2567 1250 2707 1307 Deus
2734 1257 2823 1324 qui
2852 1259 3091 1320 vindicas
3111 1282 3218 1333 me,
3249 1234 3529 1330 solidet-nido

1952 1328 2174 1422 populos
2203 1332 2301 1386 sub
2327 1348 2434 1390 me.
2476 1337 2738 1396 Liberator
2765 1363 2904 1403 meus
2949 1352 3013 1406 de
3035 1328 3253 1414 inimicis
3276 1363 3292 1394 ¹
3323 1328 3530 1422 ἱναξιιιιέ

1949 1415 2078 1562 31ζεὶ
2103 1418 2472 1519 clamantibus,
2504 1429 2771 1503 Cruciﬁge,
2799 1441 3041 1512 cruci/ige
3062 1445 3240 1515 (Joan.
3270 1415 3521 1527 καῖέ-ᾖ,

2055 1523 2168 1562 sets.

2055 1523 2168 1562 IBIS.

2019 1597 2108 1693 49‘.
2140 1599 2288 1693 [pera
2314 1604 2430 1678 49.]
2458 1608 2532 1663 Ab
2550 1611 2919 1684 insurgentibus
2943 1622 2994 1676 in
3022 1641 3102 1680 me
3125 1632 3368 1688 exultabis
3391 1655 3470 1690 ine
3504 1656 3524 1693 :

1949 1701 1978 1740 a
1999 1687 2196 1744 Judteis
2223 1692 2615 1766 insurgentibus
2637 1704 2686 1757 in
2709 1721 2794 1761 me
2819 1711 3128 1782 patientem,
3156 1687 3416 1778 exultabis
3427 1687 3524 1784 ne

1949 1794 2331 1883 resurgentem.
2358 1788 2404 1841 A
2431 1791 2537 1846 viro
2567 1794 2738 1864 iniquo
2764 1815 2908 1854 erues
2930 1819 3009 1858 me
3033 1821 3055 1860 :
3074 1822 3104 1861 a
3136 1825 3300 1880 regno
3336 1831 3518 1873 eorum

1949 1886 2128 1941 tnupto
2149 1889 2304 1932 erues
2335 1893 2440 1934 me.

2019 1963 2106 2058 50.
2136 1963 2284 2038 [vers.
2315 1970 2430 2044 50.]
2470 1970 3047 2050 Propterea'conﬁtebor
3075 1990 3162 2042 tibi
3185 1992 3237 2046 in
3265 1993 3521 2058 Gentibus,

1952 2051 2164 2154 Domine
2196 2074 2208 2110 :
2237 2069 2513 2154 propterea
2543 2066 2632 2121 tibi
2659 2083 2755 2138 per
2780 2087 2863 2127 me
2886 2078 3276 2135 confitebuntur
3303 2051 3520 2154 Gentes,

1949 2142 2191 2200 Domine.
2229 2145 2296 2202 Et
2322 2153 2516 2206 nomini
2533 2163 2619 2210 tuo
2647 2159 2864 2227 psallam
2891 2175 2988 2220 :et
3024 2166 3178 2224 latius
3222 2142 3523 2232 innotesces

1948 2235 2102 2292 bonis
2131 2242 2384 2308 operibus
2405 2247 2558 2301 meis.

2019 2332 2106 2423 5t.
2137 2331 2285 2404 [rem
2307 2337 2364 2390 5|
2381 2335 2422 2408 .]
2453 2337 2789 2410 Magnificam
2810 2347 2997 2403 salutes
3019 2353 3148 2421 regis
3167 2353 3326 2423 ipsius
3343 2373 3362 2410 :
3383 2357 3528 2414 Deus

1949 2422 2045 2518 qui
2067 2425 2385 2494 magniﬁcat,
2415 2439 2472 2483 ut
2499 2431 2836 2491 admirabiles
2867 2440 3020 2496 iaciat
3043 2422 3242 2500 salutes
3261 2462 3392 2516 quas
3411 2450 3528 2518 ejus

1951 2512 2117 2569 Filius
2141 2515 2228 2570 dat
2255 2519 2614 2578 credentibus.
2651 2525 2716 2579 Et
2741 2530 2930 2597 faciens
2955 2512 3352 2591 misericordiam
3375 2512 3528 2594 Chri-

1949 2613 2026 2656 sto
2050 2621 2143 2658 suo
2171 2623 2190 2660 :
2222 2607 2358 2664 Dens
2397 2613 2484 2681 qui
2526 2612 2651 2670 facit
2693 2618 3106 2677 misericordiam
3153 2626 3363 2682 Christo
3407 2646 3524 2686 suo.

1950 2689 2117 2746 Dauid
2139 2705 2185 2749 et
2212 2700 2392 2753 semini
2414 2703 2522 2772 ejus
2550 2721 2706 2773 usque
2731 2707 2784 2761 in
2809 2713 3049 2765 steculum
3078 2730 3098 2768 :
3127 2715 3225 2784 ipsi
3257 2717 3528 2775 liberatori

1953 2799 2108 2875 manu
2130 2789 2331 2856 potenti
2356 2791 2442 2860 qui
2464 2793 2586 2848 vicit
2614 2795 2754 2852 hunc
2777 2801 3051 2868 mundum,
3072 2814 3126 2858 et
3154 2807 3230 2860 eis
3255 2823 3388 2875 quos
3410 2825 3529 2864 ere»

1950 2872 2138 2968 dentes
2179 2877 2458 2949 Evangelio
2485 2886 2666 2952 genuit
2698 2888 2750 2942 in
2776 2899 3052 2946 aeternum.
3092 2872 3447 2968 Qmectimque
3473 2902 3529 2955 in

1951 2964 2053 3020 hoc
2083 2968 2290 3037 psalmo
2317 2971 2454 3027 dicta
2491 2986 2634 3041 sunt,
2665 2993 2783 3046 quae
2823 2981 2921 3048 ipsi
2963 2982 3185 3038 Domino
3210 2964 3442 3056 preprie,
3473 2990 3525 3044 id

1950 3065 2032 3110 est
2056 3059 2212 3129 capiti
2241 3061 2492 3118 Ecclesia:
2516 3081 2810 3136 congruere
2840 3087 2946 3125 non
2973 3085 3209 3141 possunt,
3239 3077 3305 3130 ad
3340 3077 3527 3134 Eccle-

1949 3145 2081 3202 siam
2121 3150 2394 3206 referenda
2433 3167 2576 3210 sunt.
2616 3157 2781 3214 Totus
2806 3162 2944 3216 enim
2975 3165 3216 3220 Christus
3241 3167 3326 3222 hic
3354 3170 3528 3238 loqui-

1949 3247 2056 3302 tur,
2084 3239 2137 3294 ia
2163 3257 2268 3310 quo
2285 3256 2409 3299 sunt
2433 3249 2609 3301 omnia
2642 3252 2876 3306 membra
2904 3255 3041 3321 ejus.

1958 3347 3512 3383 ——_—__________

2371 3431 2453 3491 IN
2496 3433 2874 3497 PSALMUM
2917 3440 3126 3502 XVIII

2506 3555 2900 3613 ENARRATIO
2940 3560 2979 3614 I.

2303 3666 2369 3720 In
2395 3669 2565 3737 ﬁnem,
2601 3669 2837 3725 Psalmus
2866 3674 2962 3744 ipsi
2991 3675 3177 3730 David.

2020 3781 2072 3836 I.
2105 3799 2254 3854 [νει-ο.
2287 3783 2365 3856 1.]
2394 3784 2602 3840 Titulus
2627 3795 2782 3842 notus
2811 3797 2892 3842 est
2918 3807 2931 3845 :
2962 3805 3059 3845 nec
3092 3791 3346 3848 Dominus
3370 3793 3526 3851 Jesus

1949 3869 2190 3927 Christus
2213 3873 2322 3928 haec
2345 3875 2491 3940 dicit,
2521 3877 2613 3930 sed
2640 3878 2705 3931 de
2732 3879 2819 3930 illo
2847 3880 2956 3934 haec
2983 3881 3247 3937 dicuntur.

2020 3962 2073 4016 2.
2105 3963 2252 4037 [vers.
2277 3964 2356 4038 2.]
2385 3965 2509 4021 Caeli
2537 3980 2772 4022 enarrant
2799 3971 3012 4039 gloriam
3041 3971 3138 4025 Dei
3161 3989 3178 4026 :
3202 3975 3324 4042 justi
3349 3975 3525 4031 Evan-

1950 4054 2173 4122 gelistze,
2206 4055 2257 4108 in
2283 4056 2474 4125 quibus
2506 4056 2643 4110 Deus
2673 4067 2918 4127 tanquam
2951 4061 3000 4114 in
3026 4063 3174 4116 cwlis
3198 4064 3416 4129 habitat,
3436 4081 3528 4120 ex-

1954 4155 2154 4214 ponunt
2189 4147 2409 4216 gloriam
2425 4146 2642 4208 Domini
2675 4151 2836 4204 nostri
2867 4151 2989 4206 .lesu
3028 4154 3244 4217 Christi,
3273 4157 3384 4210 sive
3411 4159 3528 4226 glo-

1952 4234 2082 4288 riam
2111 4250 2214 4305 qua
2241 4236 2552 4306 glorificavit
2580 4237 2790 4294 Patrem
2821 4241 2986 4295 Filius
3014 4259 3174 4311 super
3205 4253 3418 4300 terram.
3461 4247 3528 4301 Et

1952 4340 2104 4393 opera
2132 4343 2370 4380 manuum
2411 4329 2518 4398 ejus
2559 4331 2824 4382 annuntiat
2862 4332 3226 4398 ﬁrmamentum
3259 4352 3277 4388 :
3304 4345 3354 4390 et
3394 4336 3528 4392 facta

1953 4416 2201 4469 virtutum
2232 4417 2437 4470 Domini
2465 4419 2739 4471 annuntiat
2762 4420 3171 4489 ﬁrmamentum,
3192 4424 3381 4478 fiducia
3408 4427 3529 4496 Spi-

1952 4504 2084 4558 ritus
2111 4507 2277 4560 sancti
2304 4515 2357 4560 et
2377 4507 2569 4561 coelum
2597 4507 2810 4575 factum,
2835 4511 2975 4580 quod
2994 4521 3149 4568 antea
3175 4515 3364 4572 timore
3385 4527 3528 4574 terra

1951 4605 2084 4648 erat.
2358 4657 2371 4665 _

2024 4687 2075 4740 5.
2110 4685 2258 4758 [υενε.
2287 4687 2365 4760 5.]
2408 4687 2524 4743 Dies
2551 4689 2649 4744 diei
2669 4701 2862 4746 eructat
2887 4693 3089 4748 verbum
3119 4711 3138 4750 :
3164 4695 3386 4766 Spiritus
3415 4699 3529 4770 Spi-

1953 4775 2227 4834 ritualibus
2269 4779 2468 4848 prolert
2511 4781 2889 4851 plenitudinem
2935 4784 3380 4844 incommutabilis
3427 4789 3532 4844 Sa-

1953 4868 2162 4936 pientiae
2206 4869 2320 4932 Dei,
2346 4869 2488 4939 quod
2521 4869 2754 4926 Verbum
2806 4872 2857 4926 in
2903 4874 3158 4944 principio
3209 4877 3348 4933 Deus
3391 4879 3531 4950 apud

1955 4959 2123 5014 Deum
2152 4971 2234 5016 est
2258 4963 2275 5031 (
2296 4961 2450 5016 Joan.
2483 4979 2519 5030 ι,
2554 4963 2575 5015 1
2607 4964 2646 5033 ).
2695 4963 2761 5016 Et
2790 4981 2892 5019 nox
2917 4967 3050 5020 nocti
3077 4971 3342 5022 annuntiat
3368 4973 3528 5026 scien-

1952 5053 2075 5106 tiam
2098 5069 2117 5108 :
2141 5063 2194 5108 et
2221 5054 2516 5108 mortalitas
2540 5055 2713 5108 carnis
2742 5063 2990 5126 tanquam
3021 5057 3174 5128 longe
3205 5063 3385 5130 positis
3411 5079 3526 5117 car«

1953 5146 2192 5212 nalibus,
2234 5146 2390 5201 ﬁdem
2423 5147 2754 5214 insinuando,
2787 5151 3064 5204 annuntiat
3094 5152 3318 5208 futuram
3359 5155 3526 5209 scien-

1953 5234 2101 5289 tiam.

2022 5328 2076 5382 4.
2107 5325 2254 5398 [vers.
2281 5326 2358 5399 4.]
2388 5326 2508 5382 Non
2533 5341 2649 5384 sunt
2674 5330 2904 5400 loquela,
2934 5349 3090 5402 neque
3119 5349 3388 5396 sermones,
3416 5349 3515 5395 quo

1953 5435 2065 5471 rum
2089 5436 2189 5472 non
2217 5418 2491 5473 audiantur
2510 5435 2652 5475 voces
2677 5438 2850 5476 eorum
2881 5438 2899 5476 :
2925 5439 3019 5492 per
3043 5440 3175 5492 quos
3205 5440 3307 5477 non
3335 5423 3522 5476 audite

1952 5511 2058 5565 sint
2075 5525 2233 5566 voces
2248 5510 2726 5582 Evangelistarum,
2749 5529 2868 5568 cum
2888 5515 3131 5569 omnibus
3151 5515 3337 5582 linguis
3360 5513 3518 5566 Evan-

1952 5603 2144 5674 gelium
2173 5603 2570 5672 praedicaretur.

2018 5757 2032 5787 ¹
2059 5758 2130 5804 Sic
2152 5755 2331 5825 aliquot
2355 5756 2568 5825 melioris
2604 5765 2730 5825 notae
2757 5765 2858 5825 uss.
2884 5759 3053 5825 omissa
3091 5770 3227 5818 voce,
3257 5761 3389 5822 meis,
3417 5774 3525 5825 qua

1954 5830 2048 5866 nec
2070 5825 2145 5867 est
2169 5817 2290 5881 apud
2316 5825 2440 5867 Lxx.
2468 5817 2693 5880 [inimicis
2713 5819 2845 5880 auiis,
2871 5820 2985 5880 elc.]
