4042 6470
487 300 590 358 155

560 414 615 468 5.
644 409 707 465 In
731 425 925 465 onmem
955 417 1137 463 terram
1158 407 1277 462 exiit
1297 421 1448 462 sonus
1473 420 1666 471 eorum,
1691 414 1737 458 et
1757 404 1810 458 in
1836 405 1963 473 ﬁnes
1986 419 2062 456 or-

483 506 560 562 bis
574 514 720 559 terra:
742 505 888 559 verba
911 519 1105 557 eorum.

555 597 608 652 ϐ.
641 594 806 668 [ειη.
834 593 912 667 6.]
941 594 1009 648 In
1031 595 1138 649 sole
1165 594 1331 664 posuit
1355 591 1731 646 tabernaculum
1759 607 1904 645 suum
1935 591 2008 661 (a)
2043 607 2059 644 :

486 687 741 743 Dominus
763 696 938 742 autem
965 694 1023 740 ut
1041 685 1295 740 adversus
1323 700 1482 756 regna
1513 684 1880 754 temporalium
1908 698 2060 738 erro-

488 791 606 832 rum
648 777 1010 848 bdligeraret,
1046 791 1150 830 non
1189 791 1392 845 pacem,
1425 775 1516 830 sed
1542 775 1772 845 gladium
1803 775 2061 828 missurus

493 867 548 923 in
582 876 777 922 terram
805 867 1033 938 (Matth.
1057 866 1257 938 κω),
1285 866 1336 920 in
1383 876 1620 936 tempore
1644 865 1732 920 vel
1759 865 1810 918 in
1839 863 2058 919 manife-

489 957 718 1012 statione
743 957 915 1026 posuit
943 966 1189 1026 tanquam
1219 956 1444 1010 militare
1483 955 1838 1009 habitaculum
1865 969 2019 1008 suum
2043 993 2065 1019 ,

487 1046 592 1102 hoc
640 1055 720 1102 est
765 1046 1206 1115 dispensationem
1250 1045 1625 1100 incarnationis
1664 1059 1796 1099 suae.
1847 1044 1916 1097 Et
1955 1045 2066 1113 ipse

487 1149 726 1204 tanquam
760 1155 976 1209 sponsus
1013 1138 1284 1209 procedens
1325 1137 1390 1192 de
1430 1137 1652 1192 thalamo
1685 1153 1776 1190 suo
1806 1154 1825 1190 :
1854 1143 1908 1190 et
1949 1136 2064 1206 ipse

488 1229 782 1301 procedens
807 1230 872 1284 de
898 1240 1048 1285 utero
1076 1230 1337 1300 virginali,
1365 1229 1455 1284 ubi
1483 1229 1620 1283 Deus
1651 1237 1852 1282 natura:
1878 1228 2068 1282 huma-

491 1336 574 1376 nae
595 1331 840 1390 tanquam
873 1335 1098 1390 sponsus
1123 1335 1332 1390 sponsa:
1351 1321 1625 1390 copulatus
1647 1327 1749 1375 est.
1781 1317 2067 1372 Exsultavit

487 1411 616 1464 sicut
644 1413 785 1481 gigas
811 1411 878 1464 ad
904 1411 1203 1464 currendam
1223 1411 1354 1464 viam
1382 1425 1401 1464 :
1419 1409 1701 1464 exsultavit
1728 1409 1861 1463 sicut
1883 1408 2065 1462 fortis-

491 1502 677 1567 simus,
701 1513 754 1558 et
775 1512 998 1556 caeteros
1027 1503 1268 1555 homines
1291 1500 1685 1569 incomparabili
1711 1500 1904 1554 virtute
1932 1514 2068 1568 prte-

489 1593 703 1658 cedens,
734 1609 837 1646 non
865 1593 930 1646 ad
962 1593 1319 1658 habitandam,
1348 1592 1442 1647 sed
1463 1592 1528 1646 ad
1555 1591 1870 1646 curreudam
1900 1592 2063 1644 viam.

488 1682 603 1738 Non
630 1687 768 1738 enim
799 1685 853 1738 in
883 1686 964 1739 via
995 1693 1328 1754 peccatorum
1355 1685 1496 1739 stetit
1529 1683 1699 1752 (Psal.
1724 1700 1761 1748 ι,
1792 1685 1868 1752 1).
1961 1702 1973 1719 ·

562 1775 612 1828 7.
641 1773 790 1846 [vers.
816 1774 891 1846 7.]
921 1776 962 1827 A
987 1791 1183 1829 summo
1211 1775 1335 1828 calo
1355 1775 1570 1845 egressio
1589 1775 1697 1846 ejus
1723 1773 1795 1844 (b)
1823 1789 1886 1828 :a
1911 1773 2067 1829 Patre

489 1868 724 1935 egressio
762 1869 876 1934 ejus
898 1909 914 1934 ,
961 1883 1067 1921 non
1113 1869 1417 1938 temporalis
1437 1909 1451 1932 ,
1480 1867 1574 1920 sed
1604 1877 1802 1922 aeterna
1823 1907 1840 1931 ,
1867 1882 1966 1936 qua
1997 1865 2067 1922 de

488 1954 646 2014 Patre
686 1967 838 2012 natus
877 1968 977 2012 est.
1017 1957 1087 2012 Et
1127 1971 1364 2012 occursus
1403 1959 1512 2030 ejus
1549 1976 1703 2027 usque
1725 1963 1792 2012 ad
1819 1975 2067 2012 summum

487 2047 636 2108 cteli‘
684 2048 749 2101 Et
793 2049 1024 2104 occurrit
1073 2050 1400 2118 plenitudine
1445 2051 1738 2106 divinitatis
1785 2067 1954 2121 usque
2000 2051 2065 2106 ad

489 2138 840 2206 aequalitatem
889 2139 1078 2194 Patris.
1115 2140 1178 2193 Et
1203 2157 1304 2194 non
1334 2150 1404 2194 est
1433 2143 1518 2211 qui
1543 2158 1596 2195 se
1618 2141 1890 2196 abscondat
1916 2160 1948 2195 a
1977 2159 2066 2197 ca-

490 2225 596 2280 lore
635 2229 744 2298 ejus
767 2246 786 2281 :
807 2244 926 2282 eum
957 2241 1130 2284 autem
1159 2230 1390 2284 Verbum
1418 2233 1577 2286 etiam
1602 2247 1729 2287 caro
1761 2232 1952 2286 factum
1985 2242 2068 2286 est

492 2327 547 2372 et
561 2317 875 2373 habitavitin
899 2320 1049 2374 nobis
1065 2320 1239 2390 (Joan.
1265 2338 1301 2385 ι,
1324 2323 1412 2392 14)
1439 2323 1810 2378 mortalitatem
1833 2334 2066 2379 nostram

491 2410 806 2476 suscipiens,
837 2426 942 2463 non
986 2412 1224 2479 permisit
1263 2413 1426 2467 ullum
1471 2415 1771 2469 mortalium
1813 2431 2070 2471 excusare

491 2513 550 2553 se
576 2499 642 2554 de
667 2501 852 2554 umbra
880 2503 1098 2568 mortis;
1137 2511 1192 2558 et
1218 2503 1384 2573 ipsam
1413 2505 1554 2558 enim
1586 2506 1884 2574 penetravit
1911 2506 2068 2560 Verbi

490 2591 654 2644 calor.

563 2683 616 2738 8.
646 2683 794 2755 [vers.
824 2685 902 2757 8.]
929 2685 1035 2740 Lea:
1059 2685 1272 2741 Domini
1288 2688 1615 2741 immaculata
1639 2699 1929 2744 convertens
1953 2688 2068 2742 ani-

493 2789 622 2827 mas.
668 2775 776 2828 Lex
807 2791 934 2847 ergo
971 2779 1176 2832 Domini
1215 2779 1326 2848 ipse
1360 2787 1464 2843 est,
1494 2778 1583 2850 qui
1608 2781 1752 2834 venit
1778 2780 1946 2849 legem
1969 2781 2068 2834 im-

493 2865 675 2934 plere,
720 2881 824 2922 non
873 2869 1082 2924 solvere
1116 2868 1345 2941 (Matth.
1371 2885 1424 2935 v,
1459 2871 1561 2940 17)
1595 2888 1608 2924 :
1639 2880 1693 2925 et
1735 2872 2069 2928 immaculata

493 2953 600 3020 lex,
629 2956 716 3025 qui
748 2968 1019 3025 peceatum
1061 2975 1169 3014 non
1211 2960 1359 3023 fecit,
1394 2974 1493 3015 nec
1538 2961 1781 3016 inventus
1804 2970 1888 3017 est
1916 2961 2071 3017 dolus

491 3045 545 3099 in
562 3062 653 3099 ore
673 3047 788 3114 ejus
813 3047 876 3117 (ll
903 3046 1042 3102 Petr.
1072 3064 1130 3112 ιι,
1158 3049 1283 3118 2‘2);
1305 3065 1406 3103 non
1445 3065 1690 3118 premens
1718 3051 1923 3105 animas
1952 3066 2070 3106 ser-

491 3137 675 3192 vitutis
709 3139 834 3207 jugo
859 3179 874 3201 ,
905 3140 997 3193 sed
1025 3139 1090 3194 ad
1120 3155 1179 3194 se
1208 3141 1514 3194 imitandum
1560 3141 1803 3199 libertate
1844 3157 2071 3198 conver-

493 3239 631 3284 tens.
679 3230 1036 3284 Testimonium
1065 3231 1268 3286 Domini
1306 3234 1474 3301 ﬁdele,
1501 3235 1800 3302 sapientiam
1824 3245 2071 3304 prcestans

493 3323 714 3391 parvulis
740 3321 1137 3376 :Testimonium
1161 3323 1362 3377 Domini
1391 3325 1557 3391 ﬁdele,
1589 3326 1709 3395 quia
1741 3342 1898 3382 nemo
1924 3327 2071 3382 novit

493 3412 702 3466 Patrem
747 3414 846 3467 nisi
901 3415 1080 3479 Filius,
1128 3425 1181 3469 et
1221 3416 1307 3469 cui
1356 3417 1580 3472 voluerit
1626 3417 1791 3473 Filius
1833 3419 2072 3475 revelare

493 3501 706 3570 (Matth.
733 3520 808 3568 xl,
835 3505 929 3573 27)
967 3524 979 3557 :
1010 3522 1126 3575 qum
1156 3506 1460 3562 abscondita
1493 3518 1615 3568 sunt
1641 3525 1672 3564 a
1699 3510 2026 3579 sapientibus
2051 3553 2068 3578 ,

491 3602 544 3647 et
575 3596 799 3647 revelata
829 3599 1091 3663 parvulis;
1121 3599 1368 3666 quoniam
1402 3598 1545 3655 Deus
1571 3603 1817 3670 superbis
1844 3603 2063 3672 resistit,

492 3681 778 3737 humilibus
807 3697 979 3740 autem
1006 3688 1096 3740 dat
1125 3690 1345 3756 gratiam
1378 3688 1579 3759 (Jacobi
1604 3707 1678 3757 tv,
1708 3690 1784 3763 6).

562 3776 613 3828 9.
645 3775 791 3847 [vers
817 3777 893 3849 9.]
915 3778 1136 3832 Iustitia:
1160 3780 1363 3834 Domini
1386 3792 1552 3848 rectte,
1575 3783 1886 3852 (militantes
1905 3807 1992 3846 cor
2007 3795 2028 3826 ⁸
2053 3812 2068 3849 :

494 3874 918 3940 omnesjnstitize
952 3878 1157 3931 Domini
1199 3880 1248 3932 in
1287 3881 1377 3934 illo
1421 3892 1598 3945 rectm.
1629 3886 1718 3954 qui
1757 3901 1862 3939 non
1890 3886 2072 3940 docuit

493 3963 632 4032 quod
661 3965 773 4034 ipse
797 3983 898 4020 non
923 3966 1075 4033 fecit;
1110 3979 1166 4024 ut
1193 3973 1280 4040 qui
1310 3973 1661 4042 imitarentur,
1688 3977 1850 4032 corde
1873 3979 2071 4048 gaude-

492 4062 650 4116 rent,
693 4055 744 4108 in
786 4057 864 4110 eis
897 4074 1014 4126 qua:
1044 4059 1206 4115 libere
1235 4077 1353 4115 cum
1383 4065 1641 4121 charilate
1679 4067 1935 4130 facerent,
1963 4084 2069 4123 non

492 4143 758 4199 serviliter
801 4163 920 4201 cum
969 4149 1178 4204 timore.
1224 4149 1541 4220 Prwceplum
1581 4154 1784 4210 Domini
1822 4158 2066 4224 lucidum,

491 4231 788 4290 illuminans
817 4238 988 4292 oculos
1018 4255 1036 4293 :
1062 4252 1384 4311 praeceptum
1423 4243 1628 4298 Domini
1661 4245 1922 4314 lucidum,
1954 4249 2070 4303 sine

491 4325 789 4381 velamento
826 4329 1116 4385 carnalium
1160 4331 1610 4400 Observationum,
1643 4335 1944 4391 illuminans
1975 4337 2070 4392 ho-

491 4417 648 4471 minis
674 4419 940 4475 interioris
959 4432 1252 4492 aspectum.

564 4507 652 4562 10.
693 4506 841 4580 [vers.
878 4510 987 4583 10.]
1026 4511 1200 4566 Timor
1237 4513 1444 4568 Domini
1483 4525 1654 4571 castus
1687 4534 1984 4588 permanens
2015 4520 2069 4573 in

489 4599 728 4653 saeuiunt
757 4603 928 4654 swculi
949 4618 967 4654 :
994 4603 1152 4657 timor
1174 4604 1403 4671 Domini,
1436 4621 1542 4660 non
1571 4609 1657 4663 ille
1685 4610 1784 4664 sub
1811 4611 1929 4680 lege
1952 4627 2068 4681 pae-

491 4687 659 4753 nalis,
707 4692 1017 4758 temporalia
1048 4693 1183 4746 bona
1214 4695 1313 4748 sibi
1349 4697 1588 4752 subtrahi
1630 4700 2065 4769 perhorrescens,

489 4792 712 4847 quorum
743 4779 1026 4836 dilectione
1051 4783 1226 4838 anima
1257 4783 1578 4854 fornicatur;
1616 4789 1706 4844 sed
1737 4802 1933 4858 castus,
1963 4811 2070 4864 quo

489 4868 724 4924 Ecclesia
749 4885 1000 4939 sponsum
1021 4887 1174 4928 suum
1195 4885 1392 4945 quanto
1416 4876 1686 4934 ardentius
1705 4880 1895 4952 diligit,
1921 4893 2068 4939 tanto

489 4960 793 5031 diligentius
817 4976 968 5020 cavet
997 4967 1266 5024 offendere
1299 4987 1312 5023 :
1349 4978 1404 5026 et
1440 4971 1559 5025 ideo
1597 4988 1700 5026 non
1733 4974 1874 5029 foras
1902 4977 2065 5031 mittit

489 5063 851 5108 consummata
877 5055 1093 5112 dilectio
1121 5059 1362 5115 timorem
1389 5061 1530 5118 hunc
1555 5063 1574 5134 (
1598 5061 1614 5116 l
1641 5061 1796 5119 Joan.
1831 5081 1904 5133 Iv,
1936 5066 2001 5122 18
2024 5069 2064 5138 ),

490 5143 582 5198 sed
605 5155 878 5212 permanet
906 5148 957 5201 in
982 5150 1232 5204 szeculum
1262 5153 1462 5207 saeculi.

561 5236 646 5290 11.
675 5235 825 5308 [vers.
855 5237 966 5311 11.]
993 5239 1200 5295 Iudicia
1225 5241 1429 5297 Domini
1449 5259 1584 5312 vera,
1598 5246 1882 5316 justificata
1908 5249 1962 5303 in
1985 5248 2069 5303 id-

552 5417 571 5483 ξ
595 5417 794 5483 slc_Mss.
812 5417 952 5483 juxta
966 5425 1095 5466 LXX.
1118 5426 1173 5468 At
1190 5419 1326 5478 editi,
1357 5420 1423 5472 ad
1445 5435 1679 5472 summum
1701 5424 1820 5483 eius.

489 5477 934 5589 Πξεοωῖἰὲχεόνάα.
976 5487 1034 5530 At
1068 5487 1198 5539 uss,
1235 5477 1353 5542 cor,
1384 5485 1617 5546 singulari
1656 5477 1891 5547 numero,
1929 5489 2072 5552 juxta

551 5598 625 5719 Ea;
653 5607 720 5649 De
744 5589 919 5651 eodem
941 5615 1072 5652 vers.
1095 5603 1127 5651 6
1147 5604 1258 5653 vide
1281 5611 1418 5653 Enar.
1445 5606 1562 5655 Psal.
1589 5622 1716 5660 xuv.
1744 5623 1793 5658 n.
1819 5611 1866 5659 5.

577 5661 604 5709 b
653 5662 779 5712 Idem
805 5677 933 5714 vers.
952 5667 1000 5716 7.
1021 5667 1278 5719 exponitur
1302 5669 1348 5716 in
1367 5673 1500 5716 Euar.
1528 5670 1645 5719 Psal.
1667 5686 1776 5719 Lvm
1794 5707 1808 5719 .
1828 5687 1866 5719 St

497 5661 779 5773 εις(ῗόοιάοπη
805 5677 933 5714 vers.
952 5667 1000 5716 7.
1021 5667 1278 5727 exponitur
1302 5669 1348 5716 in
1367 5673 1500 5716 Euar.
1528 5670 1645 5719 Psal.
1667 5686 1776 5721 Lvm
1794 5707 1808 5733 ,
1828 5687 1977 5723 serm.
2007 5676 2028 5724 1
2052 5711 2067 5735 ,

1716 287 1774 341 S.
1815 283 2181 341 AUGUSTINI
2221 287 2516 345 EPISCOPI

2167 401 2332 475 ipsum
2361 421 2380 460 :
2403 406 2597 474 judicia
2630 407 2746 478 ejus
2769 409 2858 480 qui
2891 424 2994 465 non
3019 409 3222 482 judicat
3258 427 3574 485 quemquam
3596 458 3612 484 ,
3645 420 3742 473 sed

2167 509 2325 549 omne
2343 495 2598 565 judicium
2624 497 2772 553 dedit
2797 499 2933 554 Filio
2959 499 3144 571 (Joan.
3173 519 3230 570 v,
3253 503 3375 574 22),
3398 521 3523 560 vere
3544 506 3741 577 justiti-

2167 596 2286 640 cata
2326 587 2853 654 incommutabiliter;
2900 608 3072 660 neque
3110 593 3250 648 enim
3280 597 3368 651 vel
3407 598 3636 653 minatus
3660 600 3746 655 vel

2167 675 2430 745 pollicitus
2458 679 2596 732 Dens
2618 695 2936 750 quemquam
2959 682 3108 749 fallit,
3129 694 3218 738 aut
3237 687 3512 756 quisquam
3534 691 3615 745 vel
3639 691 3710 744 im
3725 720 3750 732 -

2169 767 2268 836 piis
2294 771 2630 838 supplicium,
2654 773 2742 826 vel
2765 774 2863 842 piis
2893 775 3166 843 praemium
3187 776 3300 845 ejus
3328 789 3499 847 potest
3518 783 3748 850 eripere.

2170 858 2534 913 Desiderabilia
2562 879 2713 932 super
2747 881 2930 917 aurum
2971 875 3018 919 et
3057 866 3276 936 lapidem
3319 871 3587 938 pretiosum
3618 873 3750 925 mul-

2169 959 2273 1003 tum
2305 953 2455 1005 :sive
2500 953 2719 1006 multum
2768 955 2936 1023 ipsum
2986 971 3170 1010 aurum
3218 968 3269 1011 et
3321 960 3586 1029 lapidem,
3637 963 3750 1017 sive

2170 1043 2390 1097 multum
2413 1046 2720 1113 pretiosum,
2749 1045 2860 1100 sive
2886 1048 3106 1101 multum
3134 1047 3532 1116 desiderabilia;
3565 1065 3740 1107 tamen

2170 1134 2540 1190 desiderabilia
2567 1135 2764 1206 judicia
2798 1138 2888 1193 Dei
2921 1153 3080 1207 super
3109 1154 3328 1209 pompas
3357 1143 3510 1212 hujus
3535 1144 3742 1209 szeculi,

2169 1241 2391 1295 quarum
2439 1227 2710 1283 desiderio
2759 1229 2818 1284 fit
2857 1239 2913 1284 ut
2959 1247 3064 1285 non
3104 1232 3495 1298 desiderentur,
3542 1236 3635 1290 sed
3685 1237 3746 1290 ti-

2169 1329 2437 1386 meantur,
2469 1331 2558 1374 aut
2587 1329 3015 1389 contemnantur,
3045 1334 3134 1378 aut
3164 1340 3267 1378 non
3295 1327 3579 1381 credantur
3603 1328 3742 1396 judi-

2169 1411 2247 1464 cia
2278 1411 2394 1466 Dei.
2425 1412 2575 1479 Quod
2599 1413 2643 1466 si
2667 1413 2887 1482 quisque
2915 1413 3028 1482 ipse
3052 1415 3119 1469 sit
3143 1431 3330 1469 aurum
3357 1417 3594 1487 lapisque
3623 1435 3749 1486 prc-

2173 1503 2358 1566 tiosus,
2391 1510 2447 1554 ut
2487 1503 2604 1570 igne
2641 1517 2746 1556 non
2785 1495 3159 1568 consumatur,
3207 1505 3299 1559 sed
3342 1519 3646 1562 assumatur
3696 1508 3758 1563 in

2171 1593 2476 1648 thesaurum
2507 1594 2631 1658 Dei,
2661 1596 2780 1664 plus
2806 1611 2963 1666 quam
2994 1598 3226 1665 seipsum
3261 1598 3527 1652 desiderat
3551 1600 3758 1667 judicia

2172 1685 2300 1751 Dei,
2329 1685 2479 1753 cujus
2499 1686 2822 1740 voluntatem
2851 1688 3118 1757 praeponit
3142 1704 3271 1742 sum.
3306 1688 3374 1741 Et
3402 1689 3631 1744 dulciora
3660 1709 3756 1744 sn-

2170 1791 2260 1846 per
2284 1776 2380 1829 mel
2409 1785 2454 1829 et
2476 1780 2647 1847 favum
2677 1794 2696 1831 :
2725 1788 2778 1832 et
2806 1778 2917 1832 sive
2954 1779 3177 1847 quisque
3209 1779 3318 1849 jam
3359 1781 3427 1834 sit
3472 1782 3574 1836 tnel
3603 1823 3616 1845 ,
3659 1783 3755 1852 qui

2165 1863 2274 1933 jam
2300 1865 2505 1921 solutus
2523 1866 2644 1920 vitze
2663 1868 2818 1937 hujus
2841 1869 3062 1922 vinculis
3079 1858 3354 1936 exspectat
3375 1870 3513 1926 diem
3540 1888 3643 1941 quo
3660 1889 3757 1928 ve-

2171 1955 2281 2009 niat
2307 1956 2357 2010 in
2382 1957 2563 2025 epulas
2594 1958 2715 2022 Dei;
2743 1959 2853 2012 sive
2879 1958 3052 2013 adhuc
3078 1958 3143 2012 sit
3172 1959 3339 2025 favus,
3368 1970 3425 2015 ut
3449 1963 3596 2030 quasi
3624 1978 3763 2017 cera

2172 2046 2596 2116 circumplicetur
2622 2046 2721 2102 hac
2745 2049 2869 2112 vita,
2894 2065 2998 2102 non
3034 2048 3154 2103 huic
3185 2061 3485 2115 concretus,
3518 2051 3608 2106 sed
3650 2053 3758 2106 im-

2172 2135 2325 2205 plens
2351 2153 2468 2191 eam
2491 2179 2504 2201 ,
2537 2138 2619 2190 cui
2656 2151 2790 2206 Opus
2827 2139 2893 2193 sit
2921 2139 3094 2208 aliqua
3138 2141 3384 2208 pressura
3426 2159 3528 2195 non
3565 2145 3761 2212 oppri-

2172 2230 2366 2282 mentis
2391 2271 2404 2291 ,
2446 2229 2536 2282 sed
2568 2231 2918 2298 exprimentis
2945 2247 3132 2285 manus
3162 2232 3286 2295 Dei,
3318 2248 3420 2303 qua
3458 2233 3524 2288 de
3551 2241 3761 2302 tempo-

2171 2320 2269 2376 rali
2299 2321 2404 2375 vita
2432 2321 2480 2374 in
2519 2331 2771 2376 teternam
2800 2322 3100 2392 eliquetur;
3133 2325 3367 2379 dulciora
3406 2326 3477 2380 illi
3506 2335 3629 2380 sunt
3662 2327 3760 2394 ju-

2171 2410 2304 2463 dicia
2335 2409 2446 2474 Dei,
2477 2426 2632 2480 quam
2659 2411 2756 2466 sibi
2778 2411 2891 2481 ipse
2906 2421 3008 2478 est,
3035 2414 3158 2483 quia
3180 2431 3340 2483 super
3360 2415 3465 2470 mel
3486 2425 3539 2470 et
3565 2416 3751 2470 favum

2173 2499 2249 2554 illi
2276 2500 2511 2554 dulciora
2538 2509 2680 2554 sunt.

2244 2590 2331 2644 η.
2365 2589 2512 2662 [vers.
2546 2590 2658 2663 12.]
2688 2591 2886 2645 Etenim
2911 2610 3078 2648 servus
3105 2603 3219 2647 tuus
3247 2595 3464 2648 custodit
3491 2611 3550 2648 ea
3578 2609 3598 2649 :
3625 2612 3756 2649 nam

2172 2695 2279 2736 non
2321 2683 2636 2738 custodienti
2675 2699 2856 2739 amara
2896 2685 3014 2740 dies
3056 2685 3285 2740 Domini.
3323 2686 3391 2740 In
3429 2687 3776 2742 custodiendo-

2171 2771 2263 2825 illa
2290 2773 2547 2826 retributio
2576 2774 2732 2828 multa
2761 2790 2782 2828 :
2808 2789 2915 2828 non
2948 2775 2998 2828 in
3029 2776 3206 2844 aliquo
3233 2786 3380 2830 extra
3407 2777 3579 2845 posito
3603 2792 3768 2833 ουηιο

2173 2863 2352 2925 modo.
2381 2863 2472 2917 sed
2509 2865 2560 2917 in
2606 2879 2670 2918 eo
2713 2865 2828 2934 ipso
2863 2880 2968 2934 quo
3003 2865 3201 2934 judicia
3234 2867 3324 2920 Dei
3359 2867 3758 2934 custodiuntur,

2173 2953 2338 3008 multa
2364 2953 2639 3008 retributio
2671 2973 2684 3009 :
2711 2955 2875 3008 multa
2905 2965 3007 3021 est,
3041 2956 3162 3024 quia
3191 2955 3447 3026 gaudetur
3474 2957 3525 3011 in
3555 2958 3654 3012 eis.

2245 3046 2334 3101 15.
2366 3045 2516 3117 (vers.
2545 3044 2657 3118 15.]
2685 3045 2880 3100 Delicta
2899 3049 3010 3115 quis
3036 3047 3311 3118 intelligit?
3337 3046 3393 3102 In
3422 3047 3631 3103 delictis
3656 3063 3759 3103 au-

2175 3142 2282 3190 tem
2325 3136 2496 3206 qualis
2523 3137 2753 3190 suavitas
2789 3145 2962 3206 potest
2996 3151 3118 3192 esse
3141 3179 3156 3202 ,
3184 3138 3273 3193 ubi
3299 3154 3405 3193 non
3435 3148 3517 3195 est
3544 3139 3762 3195 intelle-

2174 3228 2329 3282 ctus?
2352 3228 2600 3298 quoniam
2631 3228 2818 3284 delicta
2845 3229 2961 3299 quis
2991 3229 3252 3300 intelligit,
3282 3247 3403 3300 qua:
3429 3231 3598 3301 ipsum
3620 3248 3766 3286 oen-

2174 3319 2281 3374 lum
2303 3318 2575 3386 claudunt,
2600 3319 2685 3374 cui
2712 3321 2889 3374 suavis
2913 3329 2997 3376 est
3024 3322 3242 3387 veritas,
3272 3323 3356 3376 cui
3386 3322 3761 3378 desiderabilia

2174 3419 2229 3467 et
2252 3411 2423 3467 dulcia
2451 3421 2573 3466 sunt
2595 3411 2788 3481 judicia
2826 3413 2948 3478 Dei;
2998 3421 3054 3468 et
3092 3413 3230 3468 sicut
3273 3413 3506 3469 tenebra:
3550 3417 3761 3481 oculos,

2174 3504 2246 3558 ita
2270 3503 2462 3559 delicta
2480 3515 2710 3560 mentem
2739 3505 3010 3571 claudunt,
3034 3521 3134 3564 nec
3158 3507 3331 3563 lucem
3350 3507 3529 3562 sinunt
3548 3507 3770 3576 videre,

2173 3608 2272 3649 nec
2295 3595 2398 3649 se?

2246 3685 2334 3738 14.
2367 3683 2515 3756 [vers.
2541 3683 2652 3756 14.]
2680 3685 2755 3739 Ab
2783 3686 2990 3739 occultis
3009 3687 3132 3740 meis
3154 3686 3344 3740 munda
3363 3703 3460 3752 me,
3494 3685 3711 3741 Domine
3737 3703 3761 3741 :

2173 3789 2204 3829 a
2233 3775 2607 3844 cupiditatibus
2638 3777 2689 3829 in
2718 3792 2803 3831 me
2833 3776 3116 3831 latentibus
3143 3778 3336 3831 munda
3370 3794 3473 3841 me,
3507 3778 3762 3832 Domine.

2175 3866 2243 3921 Et
2269 3869 2331 3921 ab
2354 3869 2531 3922 alienis
2556 3884 2705 3935 parce
2727 3884 2869 3922 servo
2890 3879 2975 3923 tuo
3005 3869 3085 3940 (a)
3113 3887 3128 3923 :
3160 3885 3227 3924 ne
3248 3870 3474 3924 sedncar
3499 3872 3564 3923 ab
3589 3872 3709 3926 aliis
3740 3888 3768 3936 ;.

2177 3973 2346 4028 neque
2371 3959 2511 4012 enim
2540 3959 2730 4013 alienis
2771 3960 2980 4029 capitur
3015 3962 3104 4031 qui
3148 3971 3231 4016 est
3275 3961 3502 4015 mundus
3548 3978 3576 4014 a
3621 3964 3761 4016 suis.

2175 4048 2339 4102 Parce
2377 4048 2554 4118 itaque
2590 4049 2658 4104 ab
2691 4050 2875 4105 alienis
2898 4051 3290 4122 cupiditatibus,
3323 4067 3425 4105 non
3453 4053 3681 4122 superbo
3703 4062 3766 4108 et

2175 4139 2228 4194 in
2258 4155 2351 4194 sua
2383 4149 2642 4210 potestate
2680 4156 2799 4197 esse
2841 4141 3094 4212 cupienti,
3127 4143 3220 4197 sed
3248 4156 3400 4198 servo
3431 4154 3537 4197 tuo.
3569 4142 3630 4198 Si
3657 4146 3767 4198 mei

2173 4247 2276 4285 non
2319 4232 2504 4301 fuerint
2545 4233 2823 4296 dominata,
2851 4245 2969 4288 tunc
3014 4235 3370 4290 immaculatus
3414 4252 3499 4289 ero
3529 4252 3548 4289 :
3573 4236 3616 4289 si
3649 4238 3763 4292 mei

2173 4337 2280 4376 non
2310 4321 2504 4378 fuerint
2523 4323 2791 4378 dominata
2821 4325 3026 4379 occulta
3053 4341 3167 4379 mea
3188 4368 3202 4390 ,
3228 4337 3282 4380 et
3304 4327 3472 4380 aliena
3506 4338 3716 4396 peccata
3743 4371 3760 4392 ,

2174 4420 2298 4466 tunc
2342 4413 2711 4468 immaculatus
2750 4429 2874 4478 ero;
2922 4430 3028 4468 non
3070 4416 3212 4470 enim
3253 4425 3336 4470 est
3379 4418 3530 4471 tertia
3557 4419 3571 4448 ¹
3603 4417 3766 4486 origo

2173 4507 2396 4579 peccati,
2422 4516 2613 4576 praeter
2637 4507 2899 4562 occultum
2939 4522 3091 4562 suum
3126 4523 3232 4578 quo
3259 4508 3451 4563 cecidit
3477 4509 3754 4572 diabolus,

2171 4608 2226 4655 et
2257 4599 2483 4655 alienum
2523 4614 2630 4670 quo
2675 4599 2922 4654 seductus
2948 4609 3030 4654 est
3060 4599 3239 4663 homo,
3269 4607 3329 4652 ut
3367 4598 3766 4652 consentiendo

2172 4705 2329 4745 suum
2355 4689 2571 4744 faceret.
2605 4688 2672 4742 Et
2697 4688 2975 4743 mundabor
2996 4706 3026 4741 a
3044 4689 3226 4742 delicto
3252 4705 3434 4756 magno
3457 4703 3476 4740 :
3496 4701 3600 4755 quo
3624 4686 3764 4750 alio,

2173 4783 2272 4837 nisi
2301 4780 2603 4850 superbiae?
2649 4780 2762 4834 Non
2794 4781 2936 4835 enim
2967 4790 3048 4834 est
3079 4780 3249 4849 majus
3287 4779 3562 4843 delictum,
3593 4793 3762 4847 quam

2173 4881 2472 4942 apostatarc
2497 4886 2524 4923 a
2553 4871 2682 4936 Deo,
2713 4871 2854 4941 quod
2883 4880 2964 4924 est
2995 4871 3198 4924 initium
3231 4869 3492 4940 superbia:
3523 4869 3762 4923 hominis

2173 4963 2358 5036 (Eccli.
2387 4981 2440 5029 x,
2475 4961 2603 5033 14)’:
2633 4975 2686 5018 et
2706 4979 2828 5018 vere
2855 4965 2944 5018 ille
2967 4965 3331 5017 immaculatus
3353 4973 3454 5024 est,
3478 4961 3564 5031 qui
3593 4961 3764 5015 etiam

2175 5058 2277 5114 hoc
2303 5057 2498 5112 delicto
2524 5065 2702 5120 caret;
2743 5056 2864 5123 quia
2897 5055 2994 5108 hoc
3021 5064 3102 5108 est
3130 5055 3370 5107 ultimum
3413 5053 3767 5108 redeuntibus

2172 5147 2239 5204 ad
2267 5149 2454 5214 Deum,
2483 5147 2622 5216 quod
2653 5145 3019 5200 recedentibus
3041 5146 3265 5212 primum
3299 5142 3412 5196 fuit.

2245 5240 2332 5295 15.
2381 5239 2532 5312 [vers.
2561 5235 2672 5310 15.]
2707 5236 2771 5290 Et
2800 5245 2941 5289 erant
2974 5244 3028 5288 ut
3053 5233 3400 5302 complaceant
3426 5233 3623 5302 eloquia
3651 5233 3766 5288 oris

2173 5332 2293 5399 mei,
2317 5340 2362 5384 et
2388 5331 2645 5384 meditatio
2683 5329 2850 5383 cordis
2884 5327 2981 5381 mei
3021 5329 3075 5380 in
3113 5337 3380 5394 conspectu
3405 5335 3489 5377 tuo
3517 5339 3715 5392 semper
3739 5339 3764 5380 :

2174 5424 2451 5480 meditatio
2483 5421 2661 5476 cordis
2684 5422 2788 5477 mei
2818 5436 2922 5475 non
2954 5419 3020 5474 ad
3043 5419 3350 5488 jactantiam
3380 5416 3616 5487 placendi
3650 5415 3762 5471 bo-

2174 5517 2426 5582 minibus,
2455 5515 2576 5585 quia
2600 5515 2711 5584 jam
2740 5513 2878 5566 nulla
2911 5511 3155 5581 superbia
3183 5519 3292 5575 est;
3326 5510 3419 5565 sed
3452 5511 3501 5562 in
3531 5523 3761 5576 consrc-

2240 5680 2254 5709 ί
2285 5673 2416 5728 ικιιι..
2442 5670 2616 5721 certior
2635 5667 2785 5731 origo.
2817 5665 2908 5731 sed
2934 5668 3099 5731 verius
3120 5673 3248 5723 uss,
3275 5664 3418 5731 tertia
3440 5673 3591 5728 ungo.

2243 5740 2315 5802 (a)
2337 5724 2467 5784 Idem
2491 5744 2621 5782 vers.
2652 5724 3002 5790 “explicatur
3025 5729 3075 5776 in
3097 5734 3234 5778 Enar.
3261 5726 3378 5777 Psal.
3397 5724 3570 5789 xxxix,
3597 5738 3648 5774 n.
3674 5724 3762 5776 20.
