4042 6494
283 394 385 451 15⁸1

286 521 375 568 ctu
395 518 488 566 tuo
501 522 756 579 semper,
775 509 870 582 qui
893 510 1275 566 conscientiam
1300 523 1486 580 puram
1514 509 1753 580 inspicis.
1784 508 1895 564 Do-

289 604 422 656 mine
444 600 659 671 adiutor
681 617 834 656 meus
851 642 868 668 ,
893 611 941 656 et
967 601 1251 671 redemptor
1277 616 1419 654 meus
1441 615 1461 654 :
1482 600 1705 655 Domine
1735 599 1892 669 adju-

292 704 375 748 tor
397 707 573 758 mens,
601 690 884 748 tendentis
907 691 975 746 ad
1011 699 1094 757 te;
1136 691 1387 762 quoniam
1414 690 1720 760 redemptor
1741 703 1893 745 meus

293 800 356 839 es
383 791 458 846 tu,
490 791 548 836 ut
577 781 860 838 tenderem
881 781 948 836 ad
978 790 1030 836 te
1061 799 1074 834 :
1107 797 1173 836 ne
1197 782 1473 851 quisquam
1497 781 1579 836 vel
1611 781 1892 850 sapientia:

289 892 401 931 suae
431 875 674 930 tribuens
699 873 846 944 quod
873 875 940 929 ad
962 883 1013 929 te
1035 874 1386 938 convertitur,
1417 873 1498 928 vel
1523 873 1720 926 viribus
1746 871 1890 942 quod

287 968 358 1022 ad
388 978 440 1023 te
477 967 726 1038 pervenit
747 1008 764 1029 ,
799 967 968 1036 magis
1006 965 1293 1035 repellatur
1312 965 1407 1019 abs
1439 972 1491 1018 te
1517 964 1606 1035 qui
1633 963 1884 1032 superbis

286 1062 530 1124 resistis;
565 1060 689 1130 quia
719 1057 1007 1114 mundatus
1029 1072 1134 1112 non
1154 1067 1239 1112 est
1264 1071 1295 1111 a
1323 1055 1519 1111 delicto
1547 1069 1762 1126 magno,
1787 1068 1886 1109 nec

286 1153 614 1223 complacuit
643 1153 696 1206 in
725 1160 1019 1221 conspectu
1048 1160 1139 1205 tuo
1162 1192 1179 1217 ,
1210 1149 1300 1220 qui
1328 1149 1548 1206 redimis
1580 1157 1638 1204 ut
1664 1163 1888 1206 conver-

288 1253 485 1310 tamur,
518 1252 576 1298 et
597 1242 825 1313 adjuvas
850 1251 910 1296 ut
939 1241 1308 1310 perveniamus
1333 1241 1401 1295 ad
1430 1248 1503 1296 te.

845 1329 1242 1389 ENARBATIO
1279 1332 1346 1388 ll.

843 1439 1014 1478 διίκεο
1039 1440 1107 1479 ιι)
1135 1438 1362 1479 rnsssu.
1429 1485 1437 1496 ,

355 1518 408 1572 1.
443 1515 725 1590 Deprecati
754 1517 1058 1580 Dominum,
1082 1525 1140 1570 ut
1164 1516 1231 1570 ab
1256 1514 1479 1570 occultis
1503 1513 1704 1570 nostris
1726 1529 1882 1568 mun-

284 1610 374 1667 det
401 1625 524 1673 nos,
553 1619 608 1665 et
634 1610 705 1662 ab
731 1609 926 1664 alienis
954 1619 1135 1679 parcat
1161 1606 1333 1664 servis
1357 1607 1468 1664 suis
1491 1649 1506 1674 ,
1535 1605 1660 1677 quid
1691 1605 1791 1661 hoc
1812 1607 1882 1662 sit

282 1702 582 1770 intelligere
618 1699 914 1764 debemus,
955 1708 1013 1753 ut
1055 1701 1285 1754 humana
1329 1698 1556 1764 ratione,
1593 1713 1699 1750 non
1727 1697 1877 1766 quasi

281 1795 460 1848 avium
487 1809 620 1848 voce
644 1804 944 1849 cantemus.
989 1794 1118 1849 Nam
1165 1803 1221 1850 et
1257 1794 1446 1848 meruli
1489 1801 1544 1847 et
1587 1791 1795 1862 psittaci
1824 1799 1880 1846 et

280 1886 432 1939 corvi
457 1893 510 1938 et
541 1885 671 1952 piae
699 1892 755 1938 et
783 1883 1088 1952 hujusmodi
1118 1884 1363 1938 volucres
1384 1923 1400 1949 ,
1433 1897 1577 1951 saepe
1604 1879 1672 1935 ab
1701 1880 1878 1935 homi-

287 1975 450 2028 nibus
470 1974 726 2027 docentur
747 1988 944 2028 sonare
965 1972 1105 2043 quod
1134 1972 1399 2027 nesciunt.
1425 1971 1671 2028 Scienter
1693 1979 1876 2026 autem

281 2074 531 2128 cantare,
567 2075 771 2120 natura:
810 2065 1040 2120 hominis
1060 2065 1237 2120 divina
1259 2066 1532 2120 voluntate
1557 2078 1870 2119 concessum

277 2166 379 2212 est.
408 2157 478 2210 Et
503 2172 667 2226 quam
692 2157 847 2211 multi
868 2158 992 2212 mali
1013 2166 1066 2212 et
1092 2157 1353 2211 luxuriosi
1381 2157 1458 2211 sic
1477 2165 1695 2210 cantant
1713 2154 1874 2224 digna

276 2249 496 2302 auribus
507 2249 623 2301 suis
637 2255 693 2302 et
709 2247 983 2314 cordibus,
1009 2248 1252 2303 novimus
1269 2255 1325 2302 et
1342 2246 1603 2302 dolemus.
1632 2245 1712 2300 Eo
1731 2245 1872 2299 enim

275 2338 485 2407 pejores
511 2347 661 2402 sunt,
691 2353 798 2408 quo
825 2353 929 2392 non
953 2348 1180 2408 possunt
1199 2339 1444 2408 ignorare
1467 2336 1608 2406 quod
1631 2345 1870 2391 cantant.

273 2428 459 2483 Sciunt
507 2429 654 2484 enim
701 2445 763 2485 se
807 2439 1026 2484 cantare
1074 2429 1290 2499 ﬂagitia,
1339 2436 1390 2482 et
1440 2438 1614 2482 tamen
1657 2435 1874 2481 cantant

279 2528 423 2572 tanto
469 2519 744 2582 libentius,
787 2528 990 2589 quanto
1031 2519 1355 2574 immundius
1388 2518 1680 2588 :quoniam
1723 2527 1870 2571 tanto

275 2625 332 2663 se
367 2621 560 2679 potam
603 2610 854 2674 laetiores,
883 2619 1082 2680 quanto
1103 2610 1298 2665 fuerint
1320 2610 1604 2678 turpiores.
1641 2607 1748 2662 Nos
1771 2623 1869 2662 au-

278 2712 378 2755 tem
407 2701 500 2772 qui
530 2703 583 2755 in
615 2702 855 2757 Ecclesia
876 2702 1052 2757 divina
1081 2703 1292 2771 eloquia
1319 2711 1538 2756 cantare
1559 2701 1865 2767 didicimus,

277 2795 431 2848 simul
455 2795 620 2849 etiam
650 2795 848 2849 instare
877 2794 1134 2849 debemus
1156 2807 1277 2848 esse
1303 2792 1445 2863 quod
1475 2793 1730 2862 scriptum
1761 2801 1865 2854 est,

273 2883 458 2938 Beatus
529 2887 753 2953 populus
815 2885 903 2956 qui
967 2885 1204 2957 intelligit
1260 2885 1617 2956 jubilationem
1674 2880 1864 2952 (Psal.

275 2992 524 3041 unvtu,
561 2976 629 3031 i6
648 2976 690 3045 ).
720 2975 970 3041 Proinde,
995 2975 1275 3042 carissimi,
1303 2975 1444 3045 quod
1475 2988 1709 3030 consona
1736 2989 1868 3030 voce

274 3066 602 3120 mutavimus
621 3106 637 3132 ,
677 3081 872 3122 sereno
910 3067 1068 3121 etiam
1097 3066 1260 3120 corde
1290 3080 1448 3120 nosse
1471 3080 1533 3120 ac
1559 3065 1742 3121 videre
1769 3065 1866 3119 dc-

273 3158 476 3212 bemus.
508 3157 736 3228 Rogavit
763 3158 907 3212 enim
933 3158 1212 3212 Dominum
1232 3158 1598 3228 unusquisque
1621 3167 1860 3212 nostrum

273 3253 322 3305 in
362 3252 462 3306 hoc
486 3252 719 3309 cantico.
749 3260 804 3305 et
826 3249 959 3304 dixit
985 3250 1093 3304 Deo
1121 3267 1137 3303 :
1167 3249 1243 3302 Ab
1279 3249 1488 3302 occultis
1526 3249 1646 3302 meis
1675 3249 1866 3302 munda

273 3363 369 3408 me,
397 3343 615 3396 Domine
633 3383 646 3403 ,
682 3351 728 3395 et
753 3341 816 3394 ab
839 3341 1019 3395 alienis
1047 3356 1198 3410 parce
1221 3356 1360 3393 servo
1381 3349 1485 3393 tuo.
1531 3340 1591 3394 Si
1631 3340 1728 3393 mei
1764 3356 1866 3392 non

277 3436 459 3506 fuerint
484 3435 770 3498 dominata,
792 3443 913 3486 tunc
946 3433 1298 3487 immaculatus
1323 3449 1424 3494 ero,
1454 3442 1499 3485 et
1527 3433 1812 3486 tumulabor
1833 3449 1866 3486 a

274 3528 450 3580 delicto
468 3542 672 3594 magno.
696 3523 848 3591 Quod
878 3534 932 3576 ut
955 3525 1088 3579 bene
1115 3523 1346 3578 sciamus
1370 3521 1495 3591 quid
1516 3523 1604 3588 sit,
1625 3531 1682 3577 ct
1698 3522 1860 3593 quale

276 3619 372 3671 hoc
393 3618 492 3679 sit,
525 3617 693 3685 ipsius
722 3615 911 3684 psalmi
942 3625 1178 3682 textum,
1207 3624 1462 3686 quantum
1488 3614 1652 3670 donat
1680 3616 1859 3670 Domi-

279 3725 398 3774 nus,
431 3708 666 3763 breviter
693 3722 1085 3777 percurramus.

337 3801 388 3854 9..
420 3801 682 3855 Cantatur
718 3801 859 3855 enim
903 3799 970 3853 de
996 3800 1238 3863 Christo;
1271 3799 1412 3868 quod
1459 3798 1738 3854 evidenter
1793 3800 1863 3854 ibi

273 3902 506 3962 apparet,
534 3893 660 3962 quia
689 3892 795 3947 illic
823 3893 1077 3960 scriptum
1106 3900 1220 3946 est:
1245 3892 1352 3962 ipse
1377 3899 1618 3960 tanquam
1639 3906 1860 3960 sponsus

273 3987 541 4055 procedens
569 3985 634 4038 de
659 3984 884 4037 thalamo
903 3999 1018 4038 suo.
1046 3981 1178 4050 Quis
1198 3991 1281 4037 est
1306 3982 1447 4036 enim
1475 3995 1731 4051 sponsus,
1762 3981 1864 4036 nisi

272 4077 350 4130 cui
376 4076 700 4145 desponsata
747 4084 830 4129 est
875 4074 960 4128 illa
991 4073 1142 4144 virgo
1165 4073 1234 4127 ab
1263 4073 1540 4142 Apostolo,
1579 4073 1667 4127 cui
1714 4073 1865 4128 timet

270 4179 410 4222 caste
437 4176 620 4222 castus
657 4166 837 4235 sponsi
884 4166 1107 4230 amicus,
1140 4181 1209 4220 ne
1249 4167 1388 4220 sicut
1435 4179 1656 4234 serpens
1698 4164 1863 4218 Evam

269 4257 452 4313 fefellit
481 4258 678 4312 astutia
699 4271 812 4320 sua,
842 4256 922 4310 sic
951 4266 1004 4311 et
1033 4255 1189 4324 hujus
1209 4254 1428 4325 virginis
1454 4269 1664 4323 sponsa:
1701 4253 1862 4309 Chri-

269 4350 334 4404 sti
359 4364 554 4403 sensus
584 4356 998 4417 corrumpantur
1022 4363 1050 4401 a
1081 4347 1325 4402 castitate
1351 4364 1471 4417 qua:
1513 4356 1593 4401 cst
1617 4347 1670 4402 111
1713 4349 1866 4403 Chri-

270 4441 447 4509 stolll
478 4440 599 4493 Cor.
629 4455 708 4503 xu,
736 4439 834 4509 5)?
869 4439 922 4493 In
956 4438 1056 4493 hoc
1081 4453 1208 4508 ergo
1249 4437 1473 4491 Domino
1500 4447 1553 4491 et
1575 4438 1862 4493 Salvatorc

271 4542 453 4584 nostro
476 4529 605 4585 Jcsu
634 4530 844 4585 Christo
871 4530 1040 4599 posita
1070 4538 1150 4584 est
1181 4543 1372 4598 magna
1404 4538 1455 4582 ct
1493 4528 1644 4597 plena
1672 4529 1860 4598 gratia,

268 4619 336 4674 de
367 4637 468 4690 qua
513 4620 644 4674 dicit
673 4621 948 4689 apostolus
983 4618 1256 4674 Joannes:
1286 4616 1351 4671 Et
1388 4618 1605 4672 vidimus
1645 4619 1864 4687 gloriam

270 4699 400 4781 ejus,
427 4712 649 4782 gloriam
675 4721 915 4782 tanquam
939 4710 1197 4781 Unigeniti
1224 4726 1256 4763 a
1280 4709 1459 4772 Patre,
1479 4709 1680 4779 plenum
1700 4708 1865 4779 gratia

269 4814 316 4857 et
343 4805 554 4858 veritate
582 4803 761 4873 (Joan.
796 4820 834 4869 1,
866 4801 973 4873 id).
1001 4803 1150 4858 Hauc
1174 4802 1394 4874 gloriant
1435 4800 1547 4856 cali
1575 4809 1816 4854 enarrant
1844 4815 1865 4855 :

271 4897 414 4961 cceli,
444 4897 617 4950 sancti
639 4905 782 4961 sunt;
811 4895 998 4951 elevati
1017 4910 1046 4948 a
1075 4903 1236 4959 terra,
1267 4903 1538 4964 portantes
1555 4893 1861 4948 Dominum.

272 4988 582 5058 Quanquam
610 4989 832 5058 gloriam
861 4987 1054 5042 Christi
1075 4987 1268 5042 caelum
1295 4987 1452 5040 etiam
1473 4985 1866 5055 quodammodo

273 5081 503 5134 narravit
523 5100 537 5136 :
557 5081 767 5150 quando
783 5081 1019 5134 narravit
1033 5079 1056 5132 ?
1070 5078 1282 5149 quando
1299 5086 1424 5131 nato
1434 5077 1620 5132 eodem
1640 5077 1864 5131 Domino

269 5173 418 5227 stella
444 5189 578 5228 nova
604 5189 725 5242 qua:
754 5187 1023 5242 nunquam
1050 5171 1327 5226 videbatur
1354 5170 1617 5240 apparuit.
1649 5168 1754 5224 Sed
1779 5177 1860 5222 ta-

271 5279 392 5320 men
440 5274 567 5320 snnt
613 5266 852 5320 veriores
880 5273 934 5318 et
977 5263 1313 5318 sublimiores
1335 5263 1351 5293 ¹
1383 5261 1528 5326 cmli,
1574 5260 1642 5314 de
1671 5259 1864 5329 quibus

270 5369 661 5430 consequenter
688 5359 756 5414 ibi
787 5357 983 5413 dicitur
1011 5374 1024 5410 :
1059 5355 1179 5410 Non
1208 5363 1324 5410 sunt
1351 5355 1563 5423 loquela:
1584 5369 1739 5422 neque
1757 5368 1867 5406 ser-

271 5465 459 5514 mones,
486 5466 702 5521 quorum
728 5465 830 5502 non
863 5447 1139 5500 audiantur
1166 5461 1307 5499 voces
1339 5460 1531 5498 eorum.
1560 5441 1628 5495 In
1667 5457 1865 5495 onment

271 5553 451 5597 terram
476 5546 599 5598 exiit
637 5559 792 5597 sonus
821 5557 1010 5603 eorum,
1041 5551 1086 5593 et
1121 5541 1173 5592 in
1200 5540 1324 5606 fines
1367 5538 1502 5591 orbis
1528 5545 1676 5590 terra:
1713 5536 1864 5587 verba

269 5651 455 5689 eorum.
495 5639 766 5703 Quorum,
816 5633 914 5684 nisi
958 5629 1258 5685 cmlnrum?
1295 5643 1520 5698 quormn
1563 5639 1711 5694 ergo,
1763 5623 1863 5676 nisi

271 5729 683 5800 Apostolorum?
713 5725 816 5795 ipsi
842 5733 1092 5779 enarrant
1135 5722 1287 5776 nobis
1313 5720 1532 5792 gloriam
1578 5717 1691 5780 Dei,
1725 5715 1860 5784 posi-

335 5846 350 5877 ‘
372 5852 471 5898 itas.
498 5850 674 5897 arent
701 5841 780 5890 his
811 5837 992 5899 verbis,
1019 5841 1128 5888 sunt
1152 5835 1357 5888 veriores
1379 5841 1424 5886 et
1447 5830 1760 5885 sublimiores.

1402 394 1802 453 ENARRATIO
1840 395 1904 452 IN
1947 396 2263 458 PSALMUM
2305 403 2489 460 XVlll.

3484 422 3592 480 158

2005 514 2189 568 tamin
2228 515 2442 572 Christo
2480 518 2625 584 Jesu,
2659 535 2754 590 per
2787 524 3012 593 gratiam
3062 527 3116 582 in
3162 531 3532 592 remissionem
3565 537 3586 570 ι

1999 616 2357 672 peccatorum.
2385 609 2586 667 Omnes
2613 614 2754 667 enim
2783 629 3155 686 peccaverunt,
3185 633 3240 676 et
3283 636 3446 694 egent
3467 629 3585 699 glo-

1996 699 2073 752 ria
2105 699 2215 791 Dei,
2241 702 2512 768 justilicati
2536 707 2699 774 gratis
2727 723 2823 776 per
2857 712 3166 782 sanguinem
3208 716 3372 784 ipsius
3402 720 3581 791 (Rom.

1996 803 2071 854 111,
2103 789 2219 859 25).
2245 792 2378 858 Quia
2397 797 2581 863 gratis,
2614 797 2734 852 ideo
2757 801 2958 868 gratia;
2990 817 3094 857 non
3117 814 3198 859 est
3216 808 3359 861 enim
3383 789 3579 879 gratia,
3629 815 3642 828 ’

1994 881 2038 935 si
2067 897 2169 936 non
2197 886 2443 952 gratuita.
2475 888 2606 954 Quia
2637 889 2765 944 nihil
2793 891 2916 946 boni
2941 903 3066 949 ante
3085 895 3406 962 feceramus,
3437 903 3580 958 unde

1994 973 2115 1027 talia
2141 973 2282 1029 dona
2304 991 2660 1043 mereremur;
2693 983 2861 1050 magis
2885 984 3006 1052 quia
3033 987 3050 1015 '
3089 1000 3192 1040 non
3220 990 3385 1057 gratis
3413 990 3580 1046 inter.

1990 1075 2139 1119 retur
2167 1068 2506 1137 supplicium,
2549 1071 2669 1126 ideo
2705 1075 2870 1144 gratis
2907 1079 3199 1145 praestitum
3242 1089 3327 1134 est
3369 1081 3576 1138 beneﬁ-

1988 1156 2129 1211 cium
2158 1174 2171 1211 :
2201 1159 2331 1214 nihil
2359 1173 2706 1229 praeessent
2735 1165 2787 1219 in
2822 1168 3027 1223 meritis
3056 1171 3274 1237 nostris,
3317 1172 3417 1228 nisi
3439 1175 3580 1230 unde

1989 1247 2230 1304 damnari
2266 1250 2603 1310 deberemus.
2634 1256 2731 1311 llle
2751 1266 2928 1312 autem
2957 1275 3060 1314 non
3099 1272 3315 1332 propter
3336 1273 3576 1322 nostram

1981 1337 2268 1407 justitiam,
2297 1341 2390 1396 sed
2416 1352 2631 1414 propter
2659 1360 2808 1400 suam
2831 1348 3251 1406 misericordiam
3281 1354 3458 1408 salvos
3475 1371 3576 1410 nos

1986 1429 2113 1486 fecit
2132 1447 2228 1502 per
2247 1433 2512 1490 lavacrum
2536 1441 2952 1507 regenerationis
2969 1439 3096 1508 (Tit.
3130 1457 3208 1509 tu,
3230 1444 3309 1515 5).
3331 1444 3454 1500 Hcce
3469 1457 3572 1510 est,

1986 1521 2222 1592 inquam,
2266 1525 2432 1594 gloria
2482 1527 2619 1582 Dei:
2654 1528 2792 1584 hanc
2832 1532 2952 1588 cteli
2998 1546 3397 1588 enarraverunt.
3449 1535 3576 1593 "me

1985 1623 2088 1677 est.
2117 1614 2356 1686 inquam,
2387 1619 2552 1689 gloria
2581 1621 2699 1686 Dei,
2731 1638 2836 1676 non
2866 1631 2952 1677 tua
2983 1640 2996 1677 :
3025 1624 3152 1678 nihil
3182 1625 3324 1679 enim
3351 1626 3575 1682 111111119-

1983 1705 2120 1768 cisti,
2151 1715 2203 1761 et
2225 1716 2400 1763 tamen
2424 1719 2625 1764 tantum
2649 1711 2846 1766 bonum
2871 1714 3144 1784 accepisti.
3169 1714 3224 1769 Si
3255 1731 3384 1784 ergo
3411 1717 3576 1784 perli-

1982 1815 2079 1854 nes
2099 1801 2164 1855 ad
2195 1802 2416 1870 gloriam
2438 1819 2596 1873 quam
2624 1806 2746 1861 εωιί
2775 1817 3182 1871 enarraverunt,
3223 1808 3308 1863 die
3349 1809 3572 1864 Domino

1983 1893 2094 1947 Deo
2125 1902 2215 1947 tuo
2244 1911 2256 1946 :
2290 1893 2429 1948 Deus
2455 1912 2613 1958 meus,
2658 1897 3004 1951 misericordia
3031 1900 3144 1968 ejus
3189 1901 3453 1966 praeveniet
3491 1917 3573 1955 me

1986 1983 2155 2052 (Psal.
2183 2001 2327 2050 LVIII,
2378 1986 2465 2054 11)
2503 2005 2516 2040 :
2549 1989 2808 2055 praevenit
2836 1989 2978 2043 enim
3013 1999 3098 2053 te;
3143 1991 3324 2058 utique
3363 2007 3569 2059 praeve—

1980 2074 2078 2140 nit,
2109 2076 2229 2144 quia
2261 2076 2390 2130 nihil
2434 2077 2486 2130 in
2520 2088 2570 2132 te
2601 2077 2727 2132 boni
2771 2080 2990 2133 invenit.
3022 2079 3331 2138 vaenisti
3362 2082 3570 2149 suppli-

1979 2167 2118 2220 cium
2147 2167 2167 2198 ³
2206 2169 2321 2237 ejus
2354 2169 2710 2239 superbiendo
2757 2188 2770 2223 :
2817 2170 2908 2226 ille
2948 2173 3204 2242 praevenit
3249 2174 3564 2240 supplicium

1981 2264 2126 2311 ttmm
2157 2268 2374 2327 peccata
2419 2259 2667 2314 delenda.
2711 2260 2983 2330 Tanquam
3019 2264 3160 2316 enim
3199 2279 3262 2315 et
3291 2273 3568 2330 peccatore

1972 2348 2312 2418 justilicatus,
2342 2367 2407 2406 ex
2445 2352 2610 2422 impio
2653 2353 2770 2422 pius
2811 2353 2998 2416 iactus,
3032 2370 3098 2409 ex
3123 2355 3373 2408 damnato
3402 2355 3452 2407 in
3484 2370 3569 2409 re-

1977 2456 2137 2509 gnum
2168 2441 2190 2474 ⁸
2220 2454 2544 2511 assumptus,
2573 2445 2661 2500 dic
2693 2445 2917 2500 Domino
2945 2447 3054 2500 Deo
3088 2457 3179 2500 tuo
3204 2464 3223 2500 :
3262 2447 3380 2501 Non
3402 2450 3562 2507 nobis,

1978 2530 2212 2598 Domine,
2243 2551 2345 2587 non
2375 2535 2536 2599 nobis,
2565 2536 2654 2588 sed
2681 2537 2870 2589 nomini
2899 2547 2984 2590 tuo
3023 2538 3090 2590 da
3128 2538 3341 2608 gloriam
3391 2537 3562 2607 (Psal.

1975 2638 2096 2678 cxut
2138 2629 2346 2677 secund.
2380 2624 2458 2691 l).
2494 2626 2756 2690 Dicamus,
2804 2625 2926 2680 Non
2965 2627 3105 2680 nobis
3128 2644 3147 2681 :
3191 2628 3382 2697 quibus
3420 2630 3563 2682 enim

1973 2718 2018 2771 si
2038 2718 2187 2787 quasi
2211 2719 2394 2772 nobis?
2421 2718 2687 2785 Dicamus,
2727 2720 2962 2790 inquam,
2995 2719 3118 2774 Non
3162 2721 3302 2774 nobis
3321 2763 3336 2785 ,
3367 2721 3488 2790 quia
3517 2723 3564 2777 si

1976 2809 2044 2861 ita
2079 2808 2278 2863 iaceret
2301 2809 2438 2863 sicut
2461 2809 2636 2875 nobis,
2656 2811 2866 2864 nonnisi
2890 2825 3075 2880 pmnas
3103 2811 3364 2880 inlligeret
3391 2811 3561 2866 nobis.

1972 2903 2089 2958 Non
2121 2903 2297 2968 nobis,
2319 2903 2414 2958 sed
2443 2904 2642 2958 nomini
2669 2919 2768 2957 suo
2791 2904 2881 2958 det
2906 2904 3127 2973 gloriam
3157 2921 3171 2955 :
3203 2904 3322 2971 quia
3351 2919 3453 2957 non
3476 2919 3564 2957 se-

1972 2994 2204 3048 cundum
2237 2994 2540 3064 iniquitates
2570 3000 2778 3048 nostras
2802 2993 2928 3048 fecit
2955 2993 3108 3048 nobis
3134 2991 3304 3061 (Psal.
3327 3008 3418 3053 cu,
3444 2993 3560 3062 10).

1975 3084 2096 3139 Non
2125 3100 2254 3155 ergo
2281 3085 2442 3149 nobis,
2477 3083 2711 3148 Domine,
2742 3101 2843 3138 non
2865 3084 3005 3137 nobis
3029 3100 3047 3136 :
3083 3084 3331 3154 repetitio
3358 3083 3558 3137 contir-

1973 3177 2135 3231 matio
2163 3186 2268 3231 est.
2305 3174 2424 3230 Non
2450 3177 2614 3241 nobis,
2644 3175 2880 3241 Domine,
2913 3176 3001 3231 sed
3025 3176 3217 3229 nomini
3245 3185 3330 3229 tuo
3355 3176 3422 3228 da
3445 3177 3559 3244 glo-

1972 3270 2102 3322 riam
2137 3284 2156 3322 :
2185 3267 2285 3323 hoc
2322 3268 2394 3322 illi
2422 3275 2685 3322 noverant
2729 3267 2872 3333 εαξη,
2909 3267 2997 3337 qui
3028 3277 3416 3322 cnarraverunt
3442 3265 3560 3336 glo-

1972 3363 2104 3415 riam
2135 3360 2248 3415 Dei.

2043 3455 2096 3508 3.
2127 3451 2275 3523 Ivers.
2308 3450 2388 3522 2.]
2433 3450 2496 3505 Et
2522 3467 2676 3522 Opera
2705 3467 2943 3503 manuum
2963 3451 3072 3517 eius
3093 3451 3358 3502 annuntiat
3383 3449 3560 3517 firma-

1970 3557 2191 3602 mentum
2213 3563 2231 3600 :
2255 3545 2395 3617 quod
2420 3545 2618 3601 dictum
2645 3552 2746 3610 est,
2769 3544 2981 3614 gloriam
3012 3542 3125 3604 Dei,
3145 3543 3245 3594 hoc
3274 3543 3555 3609 repetitum

1970 3649 2072 3705 cst,
2098 3655 2252 3709 opera
2292 3653 2534 3691 manuum
2575 3638 2702 3704 ejus.
2734 3636 2864 3703 Qum
2905 3649 3066 3703 opera
3107 3648 3354 3684 manumn
3397 3631 3557 3698 ejus?

1969 3729 2084 3785 Non
2111 3730 2250 3783 sicut
2276 3729 2489 3799 quidam
2535 3727 2790 3791 sentiunt,
2836 3726 2972 3779 Deus
2997 3724 3160 3777 verbo
3202 3722 3325 3777 fecit
3351 3722 3554 3784 omnia.

1969 3830 2022 3876 et
2048 3831 2297 3890 tanquam
2327 3819 2747 3889 praistantiorem
2769 3815 2977 3871 cmteris
3005 3815 3271 3869 hominem
3309 3813 3420 3868 suis
3441 3829 3557 3866 ma-

1971 3913 2125 3968 nibus
2154 3911 2296 3968 fecit.
2327 3910 2442 3965 Non
2475 3912 2545 3964 ita
2573 3907 2908 3963 sentiendum
2936 3916 3020 3960 est
3049 3923 3060 3959 :
3089 3907 3296 3959 inlirma
3324 3915 3405 3959 est
3433 3904 3554 3966 ista,

1970 4015 2152 4062 ctnon
2179 4005 2308 4059 satis
2336 4003 2548 4058 climata
2577 4001 2878 4071 sententia;
2909 4000 3087 4052 omnia
3117 3999 3261 4052 enim
3291 3997 3453 4051 verba
3481 3998 3559 4051 le-

1969 4099 2059 4153 cit.
2090 4096 2221 4152 Nam
2253 4096 2375 4150 licet
2401 4109 2561 4162 opera
2589 4092 2682 4148 Dei
2711 4092 2920 4148 diverSa
2953 4099 3253 4153 narrentur,
3287 4089 3339 4142 in
3366 4087 3558 4157 quibus

1972 4190 2241 4244 Immineat
2286 4187 2354 4242 ad
2403 4187 2686 4256 imaginem
2726 4199 2876 4239 suam
2916 4182 3043 4237 fecit
3073 4181 3225 4249 (Gen.
3259 4183 3333 4249 t);
3381 4190 3556 4233 tamen

1969 4281 2146 4336 omnia
2172 4296 2268 4350 per
2308 4280 2478 4349 ipsum
2511 4277 2648 4332 facta
2677 4285 2822 4340 sunt,
2848 4282 2903 4329 et
2930 4272 3048 4328 sine
3092 4273 3208 4340 ipso
3240 4270 3430 4323 factum
3473 4277 3561 4324 est

1969 4373 2100 4428 nihil
2129 4371 2308 4442 (Joan.
2339 4387 2373 4435 1,
2406 4371 2487 4440 5).
2519 4367 2670 4436 Quod
2698 4374 2874 4421 autem
2902 4364 2967 4418 ad
2997 4377 3187 4417 manus
3220 4363 3306 4415 Dei
3339 4363 3554 4415 attinet.

1969 4473 2021 4518 et
2048 4464 2116 4519 dc
2141 4464 2289 4519 rmlis
2307 4461 2504 4516 dictum
2525 4468 2626 4520 est,
2656 4457 2725 4510 Et
2751 4471 2908 4525 opera
2939 4468 3178 4505 manuum
3209 4459 3411 4503 tuarum
3437 4462 3557 4502 sunt

1969 4555 2080 4610 cmli
2111 4553 2280 4625 (Psal.
2307 4566 2378 4612 Cl,
2408 4550 2540 4620 26);
2571 4557 2626 4605 et
2655 4562 2723 4603 ne
2754 4555 2906 4614 putes
2929 4546 3088 4599 etiam
3129 4541 3200 4596 ibi
3239 4542 3404 4596 caelos
3429 4555 3556 4593 san-

1968 4660 2082 4704 ctos
2111 4648 2281 4701 dictos
2301 4643 2565 4712 subjecit:
2599 4639 2709 4711 Ipsi
2736 4637 2982 4711 peribunt,
3009 4646 3064 4689 tu
3101 4643 3264 4688 autem
3297 4649 3558 4701 permane:

1971 4741 2024 4815 (1
2029 4741 2157 4807 bid.,
2176 4738 2293 4810 ‘27).
2327 4738 2468 4807 Ergo
2485 4750 2588 4790 non
2606 4735 2776 4789 solum
2800 4730 3061 4792 homines,
3087 4727 3179 4783 sed
3209 4727 3368 4781 etiam
3392 4727 3558 4780 castos

1969 4835 2058 4904 qui
2101 4832 2370 4903 peribunt,
2407 4829 2547 4884 Deus
2598 4827 2844 4881 manibus
2886 4823 2997 4878 suis
3037 4821 3184 4887 fecit,
3221 4819 3305 4873 cui
3351 4818 3553 4872 dictum

1970 4935 2072 4991 cst,
2108 4923 2278 4988 Opera
2303 4937 2548 4975 manuum
2577 4928 2776 4971 tuarum
2799 4922 2916 4968 sunt
2943 4913 3088 4974 caeli;
3113 4917 3169 4965 et
3191 4909 3260 4965 de
3290 4918 3429 4964 terra
3458 4910 3558 4958 hoc

1972 5018 2110 5071 idem
2137 5015 2336 5068 dictum
2358 5022 2441 5065 est
2466 5030 2478 5064 :
2508 5008 2759 5076 Quoniam
2783 5005 2943 5073 ipsius
2965 5012 3036 5056 est
3063 5016 3216 5063 mare,
3248 5011 3292 5053 et
3310 5000 3417 5066 ipse
3441 4999 3559 5066 fecit

1970 5109 2120 5170 illud,
2135 5118 2181 5161 et
2206 5106 2404 5159 aridam
2433 5118 2612 5156 manus
2634 5094 2742 5168 ejus
2759 5097 3094 5168 fundaverant
3111 5091 3283 5161 (Psal.
3299 5107 3443 5154 χειν,
3464 5088 3557 5152 5)?

1971 5201 2114 5270 Ergo
2140 5199 2182 5251 si
2214 5207 2267 5252 et
2314 5195 2483 5248 coglns
2531 5191 2774 5245 manibus
2805 5197 2860 5242 et
2909 5197 3100 5241 terram
3155 5184 3414 5244 manibus,
3450 5195 3557 5235 non

1971 5291 2142 5346 solum
2168 5288 2440 5342 hominem
2467 5283 2592 5339 fecit
2629 5282 2873 5336 manilius
2897 5298 2909 5334 :
2933 5288 2987 5334 et
3017 5279 3058 5332 si
3087 5278 3252 5332 caelos
3293 5274 3476 5335 verbo,
3503 5279 3560 5326 et

1973 5393 2166 5437 terram
2197 5380 2380 5442 verbo,
2411 5393 2539 5447 ergo
2561 5385 2615 5430 et
2641 5374 2912 5430 hominem
2959 5370 3142 5425 verbo.
3191 5367 3341 5434 Quod
3370 5363 3556 5428 verbo,

2034 5578 2050 5609 ι
2077 5575 2256 5624 (:alian.
2293 5572 2449 5622 Codex
2482 5583 2496 5619 ε
2536 5567 2756 5633 gratiam
2781 5564 3070 5633 remissionis
3106 5565 3426 5633 peccatorum.
3468 5554 3554 5605 alii

1970 5639 2163 5704 quidam
2188 5643 2320 5704 Mss,
2340 5628 2612 5698 gratiant'et
2636 5628 3314 5704 rt?!)tisafottettl_1t6(:€lll.9_l'lllll

2036 5686 2209 5755 δίων..
2227 5686 2422 5760 συὶὶιίηε
2444 5708 2538 5760 non
2559 5691 2727 5760 grgtis.
2755 5692 2916 5748 Abest,
2941 5686 3016 5743 ne,
3042 5687 3101 5734 ah
3127 5690 3197 5730 I'LI‘.
3226 5690 3316 5731 eta
3337 5686 3442 5729 Mss.

2035 5763 2055 5794 ³
2078 5747 2258 5809 batia'n'.
2285 5757 2460 5813 codex.
2486 5747 2782 5814 beneﬁcium.

2037 5825 2057 5856 ⁸
2081 5830 2154 5873 Er.
2180 5829 2234 5872 et
2255 5811 2476 5886 plerique
2499 5811 2626 5878 Mssl,
2649 5827 2714 5866 ex
2732 5812 2956 5863 danuwto
2976 5818 3120 5870 regno
3142 5811 3431 5868 assumptus.
