4042 6490
1263 275 1329 300 κς.
1341 297 1346 299 Α
1361 288 1528 306 ..ην-.-.Μ

450 392 553 448 159

449 507 550 561 hoc
581 519 774 568 manu;
803 511 857 558 et
877 501 1018 568 quod
1047 515 1228 564 manu,
1253 499 1357 554 hoc
1384 495 1585 552 verbo:
1615 508 1722 549 non
1758 492 1899 547 enim
1931 490 2030 544 hu—

448 595 624 650 manis
651 593 905 649 membris
934 601 1132 645 statura
1172 589 1264 644 Dei
1291 587 1535 642 distincta
1564 593 1667 649 est,
1700 583 1791 653 qui
1836 581 2031 648 ubique

448 692 591 738 totus
617 691 718 747 est,
751 692 804 736 et
825 681 973 736 nullo
999 680 1304 734 continetur
1334 678 1491 742 loco;
1538 673 1681 744 quod
1706 684 1836 741 ergo
1865 668 2030 724 verbo

447 775 591 839 fecit,
621 776 878 843 sapientia
910 772 1055 836 fecit,
1085 782 1142 828 et
1173 770 1312 841 quod
1344 785 1505 824 manu
1533 766 1681 830 fecit,
1712 765 1910 818 virtute
1947 761 2030 816 fe-

447 866 541 920 cit.
572 864 818 920 Christus
843 873 926 919 est
954 873 1129 918 autem
1181 861 1274 915 Dei
1313 859 1495 914 Virtus
1540 865 1596 912 et
1627 856 1724 910 Dei
1758 852 2029 923 Sapientia

448 955 504 1028 (l
536 955 652 1010 Cor.
681 971 720 1023 ι,
759 954 848 1023 24)
871 973 882 1007 :
907 953 1095 1010 Omnia
1119 960 1297 1006 autem
1330 964 1427 1021 per
1445 949 1615 1017 ipsum
1643 944 1776 1000 facta
1805 951 1947 1008 sunt,
1975 949 2032 997 et

447 1051 565 1105 sine
611 1050 728 1120 ipso
779 1049 974 1103 factum
1019 1057 1102 1102 est
1148 1044 1303 1100 nihil.
1356 1043 1705 1105 Enarrarunt,
1753 1043 2026 1102 enarrant,

447 1143 773 1197 enarrabunt
798 1141 922 1196 cali
961 1140 1182 1210 gloriam
1229 1135 1323 1193 Dei
1353 1153 1367 1191 :
1397 1133 1744 1196 enarrabunt,
1789 1129 2025 1198 inquam,

446 1233 592 1296 cmli,
627 1232 730 1286 hoc
761 1240 845 1287 est
886 1231 1078 1296 sancti,
1103 1230 1325 1300 gloriam
1368 1225 1484 1290 Dei,
1511 1240 1542 1279 a
1581 1233 1721 1279 terra
1760 1219 2026 1290 suspensi.

447 1323 616 1380 Deum
645 1334 940 1395 portantes,
968 1323 1248 1394 prmceptis
1273 1328 1538 1384 tonantes,
1569 1315 1826 1386 sapientia
1871 1327 2028 1368 coru-

447 1426 698 1481 scantes;
734 1417 901 1483 illam,
931 1425 990 1471 ut
1018 1416 1146 1482 dixi,
1179 1414 1400 1485 gloriam
1435 1410 1551 1476 Dei,
1588 1423 1692 1479 qua
1728 1405 1860 1461 salvi
1904 1403 2028 1458 facti

448 1522 633 1561 sumus
661 1506 881 1576 indigni.
916 1507 1064 1561 Hane
1088 1504 1476 1575 indignitatem,
1515 1499 1568 1554 id
1608 1507 1711 1562 est,
1743 1509 1845 1566 qua
1880 1492 2025 1563 digni

447 1613 554 1652 non
584 1599 804 1670 fuimus,
854 1598 1093 1669 agnoscit
1133 1597 1274 1650 ﬁlius
1304 1596 1481 1650 minor
1520 1599 1755 1663 egestate
1799 1587 2031 1644 constri-

447 1699 564 1743 ctus
588 1707 602 1744 :
632 1691 894 1760 agnoscit,
919 1690 1157 1760 inquam,
1183 1689 1321 1743 hanc
1348 1685 1716 1756 indignitatem
1743 1683 1881 1737 ﬁlius
1928 1679 2029 1734 mi-

447 1794 550 1833 nor
575 1793 604 1832 a
627 1789 775 1848 patre
802 1781 954 1849 longe
997 1778 1325 1849 peregrinus,
1354 1776 1656 1831 daemonum
1684 1773 1876 1835 cultor,
1906 1779 2024 1824 tan-

444 1883 603 1937 quam
648 1883 929 1937 porcorum
973 1879 1182 1937 pastor;
1219 1867 1458 1937 agnoscit
1499 1865 1719 1934 gloriam
1770 1861 1886 1927 Dei,
1930 1859 2029 1915 sed

444 1967 680 2028 egestate
708 1959 1050 2014 constrictus.
1078 1960 1142 2013 Et
1177 1959 1300 2028 quia
1327 1958 1414 2012 illa
1451 1957 1616 2026 gloria
1664 1955 1756 2010 Dei
1786 1953 1904 2008 facti
1931 1969 2024 2009 su-

443 2063 564 2100 mns
589 2049 728 2117 quod
754 2049 897 2119 digni
925 2066 1032 2104 non
1075 2049 1292 2115 fuimus,
1335 2048 1464 2103 dicit
1489 2047 1562 2101 ad.
1586 2048 1792 2102 Patrem
1826 2061 1980 2100 suum
2007 2063 2022 2099 :

448 2137 567 2191 Non
595 2155 706 2191 sum
745 2139 930 2209 dignus
957 2140 1124 2193 uocari
1167 2139 1304 2207 ﬁlius
1333 2148 1447 2193 tuus
1474 2137 1622 2209 (Luc.
1653 2152 1745 2203 xv,
1770 2135 1861 2206 2i)
1897 2153 1910 2189 :
1942 2137 2025 2189 itt-

445 2229 588 2292 fclix,
622 2245 716 2296 per
742 2229 1094 2284 humilitatem
1135 2231 1380 2298 impetrat
1404 2229 1742 2291 felicitatem;
1771 2237 1824 2281 et
1860 2242 1926 2281 eo
1965 2241 2026 2281 se

441 2318 672 2372 ostendit
697 2319 934 2388 dignum,
964 2333 1072 2387 quo
1091 2318 1376 2373 conﬁtetur
1408 2317 1702 2387 indignum.
1737 2315 1883 2370 Hanc
1907 2316 2022 2386 glo-

441 2409 568 2460 riam
595 2406 691 2461 Dei
721 2408 833 2461 exii
863 2418 1121 2472 euarrant,
1163 2417 1211 2461 et
1236 2425 1392 2477 opera
1418 2423 1662 2461 manuum
1685 2407 1795 2476 ejus
1820 2423 2023 2460 annun-

441 2499 530 2552 tiat
554 2499 928 2567 ﬁrmamentum
956 2516 978 2553 :
1002 2499 1196 2555 crelnm
1221 2498 1638 2564 firmamentum,
1667 2499 1877 2551 ﬁrmum
1903 2512 2018 2559 cor,

439 2601 545 2640 non
597 2587 837 2643 timidum
874 2604 986 2643 cor.
1033 2591 1359 2644 Annuntiata
1394 2589 1536 2644 enim
1573 2598 1698 2644 sunt
1741 2588 1841 2643 ista
1885 2588 2025 2642 inter

440 2679 654 2747 impios,
703 2681 842 2735 inter
884 2681 1137 2735 adversos
1176 2680 1310 2747 Deo,
1351 2681 1488 2734 inter
1531 2686 1798 2734 amatores
1839 2677 2022 2733 mundi

443 2780 918 2840 persecutoresque
942 2771 1204 2841 justerum
1232 2788 1244 2823 :
1276 2772 1415 2827 inter
1428 2770 1736 2826 saevientem
1767 2769 2021 2825 mundum

440 2865 748 2917 annuntiata
770 2875 892 2918 sunt
919 2864 1039 2918 ista.
1071 2863 1174 2918 Sed
1201 2863 1426 2919 saaviens
1455 2862 1687 2918 mundus
1710 2861 1836 2932 quid
1874 2871 2024 2932 pote-

439 2965 522 3010 rat
571 2957 767 3022 tacere,
798 2957 1010 3026 quando
1060 2956 1451 3011 ﬁrmamentum
1493 2957 1593 3010 ista
1632 2953 2023 3010 annuntiabat?

439 3045 717 3098 Annuntiat
757 3047 1128 3115 ﬁrmamentum
1157 3063 1174 3099 :
1204 3046 1367 3116 quid?
1400 3047 1572 3113 Opera
1621 3062 1861 3100 manuum
1889 3046 2018 3112 eius.

439 3136 568 3202 Quae
594 3145 719 3189 sunt
745 3153 906 3206 opera
930 3153 1180 3191 manuum
1208 3137 1365 3205 ejus?
1403 3136 1580 3192 Gloria
1615 3137 1713 3190 Dei
1761 3137 1873 3200 illa,
1916 3151 2020 3207 qua

439 3228 570 3282 salvi
600 3227 721 3282 facti
766 3244 983 3293 sumus,
1010 3243 1113 3297 qua
1156 3229 1319 3284 creati
1369 3228 1426 3283 in
1467 3227 1621 3282 bonis
1640 3228 1890 3296 operibus
1929 3243 2022 3282 su-

440 3335 590 3373 mus:
618 3320 778 3384 ipsius
799 3320 940 3374 enim
962 3336 1144 3376 snnms
1172 3321 1501 3389 ﬁgmentum,
1539 3318 1703 3372 creati
1727 3319 1776 3371 in
1809 3317 2024 3372 Christo

439 3408 564 3462 .lesn
601 3410 651 3462 in
679 3411 929 3478 operibus
969 3411 1122 3464 bonis
1167 3409 1386 3478 (Epltes.
1432 3426 1489 3473 tt,
1535 3411 1661 3480 10);
1709 3425 1814 3462 non
1845 3409 2018 3463 solum

441 3498 635 3569 quippe
657 3500 918 3569 homines,
933 3503 1024 3556 sed
1041 3503 1196 3556 etiam
1212 3504 1403 3573 justas,
1428 3504 1472 3558 si
1491 3514 1664 3556 tamen
1682 3517 1885 3568 sumus,
1911 3503 2023 3572 ipse

442 3590 566 3645 fecit
592 3607 709 3656 nos,
735 3602 788 3646 et
827 3608 930 3645 non
963 3593 1058 3663 ipsi
1083 3609 1178 3647 nos
1204 3593 1373 3666 (Psat.
1408 3609 1556 3654 xcrx.
1587 3594 1666 3662 3).

512 3682 565 3734 4.
596 3680 744 3753 [vers.
775 3681 853 3752 5.]
884 3682 1000 3738 Dies
1024 3685 1122 3736 diei
1163 3693 1354 3736 eructat
1394 3683 1616 3746 verbum,
1655 3692 1702 3737 et
1748 3699 1850 3738 nox
1891 3685 2028 3737 nocti

442 3773 708 3825 annuntiat
733 3775 989 3826 scientiam
1016 3791 1034 3827 :
1060 3775 1184 3843 quid
1216 3777 1333 3829 est?
1363 3775 1522 3829 Forte
1552 3775 1764 3844 planum
1790 3785 1845 3830 et
1871 3790 2026 3844 aper-

445 3872 556 3918 tum
586 3873 692 3924 est,
727 3861 846 3916 Dies
893 3865 993 3916 diei
1032 3875 1223 3917 eructat
1253 3866 1485 3929 verbum;
1523 3873 1765 3933 apertum
1803 3874 1858 3920 et
1906 3867 2022 3935 pla-

445 3964 592 4014 num,
623 3957 868 4018 tanqnatn
901 3965 996 4017 per
1021 3949 1160 4004 diem
1194 3967 1208 4003 :
1239 3951 1378 4020 quod
1423 3962 1597 4006 autem
1624 3967 1727 4004 uox
1751 3952 1884 4004 nocti
1931 3969 2024 4004 au-

446 4041 642 4094 nuntiat
667 4042 946 4104 scicntiam,
975 4041 1258 4096 obscurum
1285 4051 1386 4107 est,
1411 4055 1656 4112 tanquam
1677 4059 1770 4112 per
1793 4052 2023 4098 noctem.

443 4130 568 4184 Dies
594 4132 713 4197 diei,
744 4133 910 4185 sancti
941 4133 1159 4198 sanctis,
1187 4135 1424 4202 Apostoli
1455 4135 1718 4199 fidelibus,
1749 4136 1863 4204 ipse
1883 4133 2026 4190 Chri-

443 4231 558 4277 stus
586 4224 873 4292 Apostolis,
905 4226 1096 4294 quibus
1124 4225 1256 4280 dixit
1286 4245 1298 4278 :
1337 4226 1432 4280 Vos
1481 4227 1597 4281 estis
1635 4228 1806 4282 lumen
1849 4228 2026 4282 mundi

449 4313 655 4382 (Matth.
687 4331 737 4368 ν.
765 4317 874 4381 li).
905 4321 1156 4386 Apertum
1186 4317 1287 4372 hoc
1313 4319 1516 4374 videtur
1535 4329 1589 4373 et
1611 4321 1824 4389 cognitu
1848 4319 2022 4375 facile.

444 4408 722 4473 Quomodo
751 4419 926 4463 autem
957 4427 1060 4464 ηοω
1089 4412 1222 4464 nocti
1254 4413 1519 4466 annuntiat
1544 4413 1844 4466 scientiam?
1886 4411 2028 4466 Non-

445 4501 570 4555 nulli
598 4501 711 4556 haac
741 4504 899 4557 verba
924 4505 1232 4573 simpliciter
1257 4505 1654 4571 intellexerunt,
1687 4516 1740 4561 et
1759 4504 1896 4560 forte
1927 4506 2028 4561 hoc

446 4594 513 4646 sit
536 4609 750 4657 verum;
771 4597 1096 4650 insinuantes
1122 4597 1219 4650 hac
1235 4599 1495 4652 sententia
1514 4599 1863 4668 signiﬁcatum
1883 4614 2025 4665 esse,

445 4685 586 4754 quod
631 4695 869 4752 tempore
912 4686 1118 4740 Domini
1171 4688 1334 4742 nostri
1383 4688 1510 4742 Jesu
1553 4689 1768 4756 Christi,
1814 4704 1935 4743 cum
1974 4691 2026 4744 in

446 4785 586 4831 terra
616 4782 934 4838 versaretur,
968 4776 1205 4844 Apostoli
1239 4776 1539 4842 audierunt,
1567 4777 1668 4830 hoc
1699 4779 1750 4832 in
1785 4789 2028 4846 posteros

440 4881 566 4920 esse
597 4865 896 4935 trajectum,
929 4874 1173 4936 tanquam
1200 4866 1268 4921 de
1294 4873 1534 4937 tempore
1559 4867 1610 4920 in
1640 4876 1847 4937 tempus
1875 4885 1888 4922 :
1922 4869 2028 4922 dies

457 4956 566 5020 liei,
599 4971 701 5008 nox
729 4955 884 5018 nocti,
915 4956 1058 5023 prior
1083 4956 1198 5011 dies
1225 4957 1504 5026 posteriori
1525 4956 1650 5020 diei,
1675 4967 1729 5012 ct
1759 4957 1901 5026 prior
1922 4975 2027 5012 nox

448 5047 725 5116 posteriori
754 5047 928 5112 nocti;
951 5049 1074 5117 quia
1103 5047 1216 5102 hare
1241 5048 1480 5102 doctrina
1502 5049 1686 5104 diebus
1711 5059 1765 5103 et
1788 5051 2027 5104 noctibus

449 5135 790 5206 praedicatur.
817 5137 920 5192 iste
944 5138 1167 5207 simplex
1210 5139 1510 5194 intellectus
1530 5141 1616 5194 cui
1661 5139 1856 5198 sufﬁcit
1881 5142 2027 5194 sul‘ti-

451 5231 576 5284 ciat.
618 5229 722 5284 Sed
767 5229 1022 5282 nonnulla
1062 5230 1220 5284 verba
1264 5231 1653 5298 Scripturarum
1701 5231 2025 5288 obscuritate

458 5335 550 5376 sua
582 5321 682 5374 hoc
709 5320 1038 5389 profuerunt,
1079 5320 1220 5390 quod
1247 5321 1440 5376 multas
1468 5323 1839 5392 intelligentias
1865 5340 2028 5393 pepe-

452 5422 638 5466 rerunt
665 5428 680 5466 :
712 5413 890 5482 itaque
921 5411 1022 5467 hoc
1045 5412 1088 5465 si
1116 5414 1326 5481 planum
1349 5424 1510 5477 esset,
1530 5432 1690 5469 unum
1717 5418 1911 5487 aliquid
1929 5434 2026 5473 au-

457 5503 680 5567 diretis;
712 5504 833 5574 quia
857 5517 984 5558 vero
1010 5503 1236 5558 obscure
1260 5503 1456 5558 dictum
1479 5517 1579 5570 est,
1611 5508 1774 5561 inulta
1795 5509 2026 5565 audituri

451 5595 600 5650 eSIis.
628 5595 724 5649 Est
748 5603 802 5649 et
821 5595 955 5649 alius
981 5594 1279 5649 intellectus
1309 5611 1322 5647 :
1353 5595 1456 5648 dies
1481 5597 1600 5661 diei,
1621 5614 1721 5652 uox
1745 5602 1898 5666 nocti,
1927 5601 2030 5658 hoc

451 5693 553 5747 est,
581 5685 797 5752 spiritus
825 5685 1031 5753 spiritui
1052 5728 1065 5747 ,
1101 5701 1225 5739 caro
1253 5686 1421 5738 carni.
1454 5687 1544 5739 Est
1570 5689 1706 5742 alius
1731 5707 1741 5742 :
1773 5691 1880 5744 dies
1905 5693 2024 5756 dici,

447 5777 750 5848 διιίι·ίιυ;ιι.-δ
778 5777 1173 5858 spiritalibus;
1203 5787 1250 5826 κι
1285 5793 1389 5830 nux
1409 5780 1562 5846 nocti,
1591 5783 1830 5839 carnales
1851 5800 2027 5840 curua-

1677 379 1733 435 S.
1776 369 2136 433 AUGUSTINI
2179 374 2481 433 EPISCOPI’

3616 387 3737 444 150³

2138 487 2297 544 libus.
2331 489 2553 560 Utrique
2580 489 2722 545 enim
2745 490 2986 556 audiunt,
3018 493 3116 547 etsi
3150 508 3258 548 non
3286 495 3496 566 utrique
3525 497 3719 553 simili-

2136 589 2221 634 ter
2246 583 2458 650 sapiunt
2487 601 2501 638 :
2534 583 2607 637 illi
2629 585 2770 638 enim
2799 584 3024 640 audiunt
3062 596 3310 656 tanquam
3340 589 3560 644 verbum
3588 608 3717 646 eru-

2138 679 2374 736 ctatum;
2404 673 2478 727 illi
2531 683 2778 745 tanquam
2806 677 3083 731 scientiam
3125 681 3488 734 annuntiatam
3527 699 3540 734 :
3569 681 3716 750 quod

2135 761 2277 816 enim
2327 772 2588 830 ructatur,
2632 766 2985 834 przesentibus
3027 777 3300 835 ructatur;
3352 771 3495 840 quod
3534 783 3717 828 autem

2135 855 2502 918 annuntiatur,
2532 855 2690 925 longe
2717 859 2903 926 positis
2927 861 3291 915 annuntiatur.
3339 862 3567 917 Possunt
3590 865 3715 919 creli

2134 955 2325 997 sensus
2355 944 2535 1012 plures
2589 947 2836 1014 inveniri,
2879 949 2973 1004 sed
3020 951 3354 1008 adhibendus
3401 964 3484 1010 est
3525 955 3738 1011 modus-

2136 1042 2360 1104 propter
2411 1037 2701 1105 anguStias.
2733 1041 3012 1108 praesentis
3041 1045 3321 1113 temporis.
3349 1047 3593 1102 Dicamus
3622 1065 3718 1104 auo

2136 1131 2244 1178 tem
2270 1132 2326 1179 et
2363 1140 2530 1181 unum
2569 1128 2789 1199 aliquid,
2821 1131 2974 1201 quod
2992 1134 3208 1203 quidam
3236 1137 3383 1192 velut
3425 1140 3719 1209 conjicien-

2134 1220 2216 1268 tes
2243 1213 2261 1245 ¹
2290 1227 2615 1284 aperuerunt
2648 1237 2662 1274 :
2687 1221 2901 1289 quando
2947 1223 3223 1291 Dominus,
3252 1226 3515 1298 inquiunt,
3558 1231 3732 1286 Chri--

2133 1310 2246 1358 stus
2276 1304 2592 1375 loquebatur
2625 1309 2917 1379 Apostolis,
2961 1313 3078 1369 dies
3120 1315 3224 1371 diei
3265 1319 3542 1375 eructabat
3585 1338 3716 1378 ver-

2132 1391 2290 1458 bum;
2313 1397 2526 1464 quando
2546 1399 2713 1456 Judas
2745 1401 3028 1458 Dominum
3053 1403 3324 1462 Christum
3363 1411 3594 1480 prodidit
3620 1414 3729 1468 tiu--

2132 1482 2285 1550 deris,
2312 1502 2417 1541 nox
2451 1491 2593 1544 nocti
2621 1495 2967 1548 annuntiabat
2989 1497 3288 1554 scientiam.
3481 1559 3506 1575 ν

2201 1575 2256 1629 5.
2299 1573 2320 1646 [
2344 1592 2472 1631 vers.
2513 1579 2568 1644 5,
2597 1580 2676 1652 4.]
2702 1580 2824 1637 Νοη
2853 1594 2970 1639 sunt
3010 1586 3226 1656 loquelae
3251 1606 3408 1660 neque
3426 1573 3732 1663 sermones,

2130 1679 2344 1734 quorum
2377 1684 2476 1722 non
2497 1671 2773 1725 audiantur
2794 1689 2937 1730 voces
2965 1691 3135 1730 eorum
3163 1695 3184 1733 :
3208 1695 3455 1750 quorum,
3479 1685 3579 1738 nisi
3599 1701 3716 1742 cce-

2133 1753 2307 1810 lorum
2340 1757 2553 1814 illorum
2598 1764 2688 1831 qui
2729 1776 2982 1821 enarrant
3023 1768 3243 1838 gloriam
3283 1771 3418 1827 Dei?
3446 1774 3568 1830 Non
3596 1789 3735 1832 sunt-

2130 1845 2343 1916 loquela
2380 1867 2539 1922 neque
2561 1869 2850 1920 sermones,
2880 1874 3093 1929 quorum
3138 1877 3242 1915 non
3269 1863 3541 1920 audiantur
3569 1884 3724 1924 voces

2129 1955 2329 1994 eorum.
2359 1941 2544 2012 Legite
2561 1945 2726 2002 Actus
2749 1951 3146 2018 Apostolorum,
3174 1955 3444 2022 quomodo
3466 1960 3716 2015 veniente

2129 2043 2291 2100 super
2311 2047 2406 2088 eos
2429 2033 2629 2105 Spiritu
2677 2049 2884 2104 sancto,
2914 2056 3103 2097 omnes
3128 2043 3329 2113 impleti
3353 2057 3475 2102 sunt
3501 2049 3626 2114 illo;
3655 2061 3732 2105 es-

2131 2120 2489 2190 loqnebantur
2529 2125 2722 2198 linguis
2757 2132 2994 2186 omnium
3035 2135 3292 2204 gentium,
3325 2139 3463 2193 sicut
3484 2143 3726 2210 Spiritus

2129 2210 2288 2266 dabat
2322 2215 2402 2269 eis
2434 2219 2778 2284 pronuntiare
2807 2221 2941 2290 (Act.
2975 2238 3031 2288 n,
3060 2224 3136 2293 4).
3189 2225 3324 2281 Ecce
3353 2245 3454 2282 non
3485 2243 3600 2285 sunt
3628 2232 3712 2285 ιο-

2127 2303 2290 2371 quelae
2322 2320 2482 2374 neque
2525 2324 2797 2376 sermones,
2845 2329 3058 2378 quorum
3111 2333 3214 2370 non
3261 2320 3533 2375 audiantur
3569 2339 3734 2379 uoces.

2127 2407 2301 2446 eorum
2328 2409 2347 2447 :
2373 2395 2467 2450 sed
2495 2412 2603 2452 non
2629 2399 2700 2454 ibi
2745 2408 2948 2457 tantum
2991 2404 3077 2458 ubi
3119 2405 3321 2476 impleti
3352 2419 3477 2464 sunt
3511 2427 3714 2467 sonue-

2127 2491 2291 2550 runt;
2320 2484 2388 2538 In
2415 2502 2612 2541 omnem
2635 2498 2822 2545 terram
2860 2494 2979 2547 exiit
3022 2511 3176 2550 sonus
3209 2514 3402 2564 eorum,
3435 2511 3480 2554 et
3504 2503 3556 2556 in
3585 2503 3714 2570 ﬁnes

2128 2573 2264 2627 orbis
2294 2583 2443 2630 terra:
2471 2578 2619 2633 verba
2643 2596 2836 2635 eorum.
2886 2583 3010 2638 Ideo
3043 2595 3099 2642 et
3127 2602 3224 2642 nos
3258 2587 3346 2644 hic
3397 2591 3661 2661 loquimur
3696 2616 3709 2649 :

2127 2676 2292 2719 sonus
2311 2668 2456 2721 enim
2487 2668 2578 2724 ille
2614 2670 2682 2727 ad
2716 2688 2816 2728 nos
2842 2689 3014 2744 usque
3059 2681 3321 2746 pervenit,
3349 2696 3511 2737 sonus
3543 2688 3629 2755 qui
3656 2688 3713 2742 in

2127 2769 2340 2811 omnem
2369 2768 2565 2814 terram
2611 2763 2762 2830 exiit,
2789 2775 2844 2820 et
2873 2765 3157 2824 haereticus
3185 2772 3474 2828 Ecclesium
3499 2793 3601 2831 non
3629 2779 3716 2833 in-

2127 2853 2256 2901 trat.
2290 2847 2416 2903 Ideo
2439 2865 2604 2906 sonus
2635 2854 2687 2907 in
2718 2871 2934 2911 onmem
2959 2869 3154 2915 terram
3184 2863 3333 2931 exiit,
3363 2877 3418 2918 ut
3439 2877 3492 2920 tu
3524 2868 3574 2920 in
3599 2886 3714 2924 caa-

2127 2937 2236 2992 lum
2289 2940 2476 2997 intres.
2524 2944 2570 3000 0
2609 2949 2993 3017 pestilentiose,
3038 2953 3302 3023 litigiose,
3355 2961 3608 3028 pessime,
3655 2973 3737 3016 et.

2126 3029 2304 3087 adhuc
2333 3049 2516 3089 errare
2546 3037 2728 3091 volens
2754 3056 2768 3101 ;
2797 3055 2832 3094 ο
2869 3043 3099 3112 superbe
3144 3045 3236 3108 ﬁli,
3269 3048 3389 3102 audi
3418 3060 3726 3108 testamen-

2130 3129 2241 3176 tum
2268 3125 2432 3192 patris
2455 3127 2550 3180 tui.
2579 3127 2741 3196 Ecce,
2770 3132 2896 3201 quid
2928 3134 3156 3203 planius,
3183 3139 3310 3207 quid
3339 3143 3612 3209 apertius?
3643 3143 3734 3197 Irr-

2128 3229 2329 3268 omnent
2361 3227 2548 3272 terram
2574 3221 2693 3274 exiit
2713 3239 2868 3278 sonus
2893 3241 3087 3292 eorum,
3114 3229 3235 3283 etin
3260 3231 3385 3298 ﬁnes
3406 3234 3539 3287 orbis
3562 3244 3720 3289 teme

2127 3307 2277 3360 verba
2295 3324 2494 3364 eorum.
2523 3311 2785 3383 Numquid
2813 3318 3118 3384 expositore
3140 3335 3274 3390 Opus
3289 3324 3404 3376 est?
3429 3325 3563 3392 Quid
3581 3341 3740 3381 con--

2127 3406 2208 3452 tra
2239 3408 2290 3454 te
2311 3403 2560 3457 conaris?
2590 3404 2798 3460 Partem
2840 3411 2917 3462 vis
2955 3409 3128 3466 in-lite
3167 3414 3418 3482 retinere,
3447 3417 3535 3486 qui
3558 3428 3741 3487 potes—

2128 3497 2296 3544 totum
2324 3493 2384 3546 in
2401 3495 2940 3555 concordiaretinere
2954 3501 2995 3554 ?*

2200 3582 2254 3638 6.
2297 3583 2470 3654 [vers.
2511 3585 2590 3659 6.]
2631 3587 2698 3642 In
2737 3590 2844 3643 sole
2884 3595 3052 3662 posuit
3095 3595 3473 3653 tabernaculum
3514 3618 3662 3655 suum
3695 3621 3722 3658 :

2131 3671 2186 3727 in
2215 3675 2644 3734 manifestationc
2671 3679 2972 3737 Ecclesiam
3005 3700 3155 3739 suam
3175 3726 3190 3752 ,
3241 3703 3347 3742 non
3395 3691 3445 3743 in
3470 3693 3738 3757 occulto,-

2133 3778 2240 3819 non
2291 3781 2412 3836 quae
2455 3768 2635 3834 lateat,
2670 3787 2773 3826 non
2813 3774 2969 3829 velut.
2997 3786 3236 3844 opertam
3265 3783 3322 3846 ¹;
3366 3798 3431 3836 ne
3462 3783 3597 3839 forte
3624 3785 3720 3841 ﬁat

2129 3859 2267 3914 sicut
2293 3869 2476 3928 operta
2501 3877 2662 3931 super
2681 3879 2870 3933 greges
2896 3865 3288 3923 luereticornm.
3326 3872 3528 3928 Dictum
3559 3887 3636 3930 est
3658 3890 3718 3932 et

2128 3952 2337 4008 cuidam
2385 3954 2439 4008 in
2487 3954 2757 4026 Scriptura
2797 3969 3002 4026 sancta,
3035 3960 3287 4028 Quoniam
3323 3975 3375 4018 tu
3415 3967 3465 4020 in
3517 3971 3742 4023 occulto.

2130 4043 2310 4112 fecisti,
2338 4045 2542 4114 patieris
2577 4045 2633 4101 in
2664 4048 2770 4102 sole
2800 4047 2864 4118 (ll
2898 4048 3026 4120 Reg.
3066 4067 3160 4119 xu,
3184 4052 3271 4125 l9.)
3301 4070 3317 4108 :
3349 4056 3448 4110 hoc
3475 4067 3554 4111 est
3573 4099 3588 4123 ,
3615 4073 3716 4114 oc-

2131 4138 2273 4191 culte
2295 4138 2493 4192 malum
2514 4138 2708 4206 fecisti,
2739 4155 2927 4210 pennas
2951 4144 3166 4210 patieris
3199 4146 3249 4198 in
3275 4149 3510 4201 omnium
3538 4152 3724 4203 niani—

2130 4225 2435 4282 festatione.
2477 4228 2546 4281 In
2595 4229 2702 4283 sole
2749 4246 2880 4301 ergo
2926 4233 3093 4300 posuit
3136 4236 3514 4290 tabernaculum
3541 4255 3735 4293 suum»

2131 4316 2266 4385 Quid
2291 4325 2378 4381 tu,
2398 4317 2674 4382 haeretice,
2703 4317 2840 4390 fugis
2869 4321 2922 4374 in
2955 4324 3243 4378 tenebras?
3268 4325 3599 4381 Christianus
3619 4333 3721 4384 es?

2131 4409 2254 4463 audi
2281 4408 2579 4464 Christum.
2607 4410 2814 4467 Servus
2839 4415 2936 4466 es?
2961 4414 3080 4468 andi
3108 4415 3402 4472 dominum.
3433 4418 3595 4475 Filius
3619 4427 3736 4477 es?‘

2131 4500 2253 4554 audi
2284 4510 2488 4570 patrem
2516 4501 2854 4570 :emendare,
2875 4504 3152 4558 revivisce.
3187 4506 3435 4562 Dicamus
3460 4519 3513 4564 et
3535 4511 3600 4565 de
3626 4521 3716 4566 te:

2135 4592 2370 4648 Mortuus
2400 4605 2527 4660 erat,
2552 4605 2600 4649 et
2626 4597 2843 4662 revixit;
2875 4597 3112 4667 perierat,
3137 4609 3182 4652 et
3207 4599 3435 4654 inventus
3462 4611 3534 4655 est
3561 4601 3717 4672 (Luc.

2132 4699 2220 4747 xv,
2249 4685 2365 4753 52).
2391 4684 2506 4740 Non
2544 4685 2674 4739 mihi
2693 4685 2870 4751 'dicas,
2899 4687 3095 4756 thnid
3123 4703 3208 4742 me
3233 4691 3448 4758 quaeris,
3471 4693 3515 4745 si
3541 4694 3674 4762 perii
3695 4697 3730 4746 1'-

2132 4773 2258 4829 ldeo
2284 4775 2427 4829 enim
2459 4786 2509 4828 te
2548 4791 2753 4846 quaero,
2786 4777 2908 4847 quia
2937 4779 3159 4846 periisti.
3187 4779 3304 4834 Noli
3324 4822 3338 4844 ,
3389 4782 3584 4852 inquit.
3627 4800 3724 4840 me

2133 4881 2375 4935 quaerere
2403 4884 2418 4920 :
2449 4866 2552 4921 hoc
2581 4883 2710 4921 sane
2741 4868 2849 4921 vult
2881 4868 3150 4938 iniquitas,
3181 4886 3282 4941 qua
3307 4872 3462 4927 divisi
3497 4890 3718 4938 sumus;

2133 4958 2240 5026 sed_
2257 4973 2362 5011 non
2391 4959 2506 5012 vult
2546 4958 2803 5024 Charitas,
2834 4976 2936 5030 qua
2968 4960 3156 5017 fratres
3205 4977 3409 5018 sumus.
3442 4966 3724 5034 Improbus

2135 5063 2240 5101 non
2261 5064 2459 5115 essem,
2490 5049 2533 5102 si
2561 5066 2860 5119 quaererem
2888 5067 3100 5106 servum
3128 5069 3338 5117 meum;
3370 5065 3425 5109 et
3447 5056 3725 5126 improbus

2133 5138 2305 5201 dicor,
2335 5140 2458 5208 quia
2485 5156 2667 5209 quzero
2700 5142 2913 5196 fratrem
2945 5145 3163 5198 meum?
3191 5144 3279 5199 Sic
3302 5146 3471 5214 sapiat
3514 5148 3568 5202 in
3610 5164 3728 5216 quo

2135 5230 2364 5286 fraterna
2386 5233 2621 5288 charitas
2648 5249 2754 5288 non
2785 5243 2889 5300 est,
2921 5250 3020 5305 ego
3059 5244 3235 5292 tamen
3282 5254 3464 5306 quaero
3493 5239 3727 5296 fratrem

2133 5338 2336 5377 meum.
2369 5321 2653 5390 lrascatnr,
2678 5325 2806 5378 dum
2840 5337 3015 5380 tamen
3045 5335 3333 5395 qumratur,
3355 5330 3444 5397 qui
3471 5331 3726 5387 inventus

2139 5415 2400 5484 placatur.
2447 5416 2664 5483 Quarro,
2714 5419 2948 5487 inquam,
2999 5417 3214 5474 fratrem
3242 5437 3442 5488 meum,
3469 5431 3525 5476 et
3550 5423 3725 5478 inter-

2136 5507 2276 5575 pello
2299 5522 2405 5560 non
2435 5517 2620 5560 contra
2645 5507 2814 5573 illum,
2833 5508 2929 5563 scd
2952 5525 3048 5578 pro
3077 5511 3167 5564 illo
3194 5511 3474 5566 Dominum
3497 5528 3676 5569 meum
3703 5532 3726 5568 :

2135 5614 2236 5655 nec
2260 5599 2431 5653 dicam
2459 5600 2827 5670 interpellans,
2863 5602 3105 5670 Domine,
3130 5602 3215 5658 dic
3242 5602 3392 5659 fratri
3419 5619 3540 5660 meo
3563 5614 3617 5660 ut
3639 5606 3730 5663 di-

2199 5735 2216 5766 ί
2247 5732 2432 5795 Aliquot
2453 5740 2578 5792 Mss,
2606 5734 2872 5784 concinens.

2200 5798 2220 5828 ¹
2244 5805 2317 5846 sic
2472 5804 2528 5846 Al.
2550 5804 2657 5848 Lov.
2682 5799 2858 5850 omissa
2881 5800 3163 5863 negatione,
3187 5795 3311 5848 velut
3327 5804 3515 5862 operta.
