4042 6474
183 411 215 469 εἰ
251 409 346 466 161

262 524 400 578 vitiat
425 536 651 577 mecum
683 523 1049 579 haereditatem
1081 521 1230 596 (Luc.
1260 537 1352 584 sn,
1374 521 1491 594 13);
1513 519 1627 581 sed,
1655 519 1739 574 dic
1758 517 1864 572 fra-

257 615 330 669 tri
357 628 480 668 meo
523 623 590 666 ut
632 624 818 669 teneat
862 629 1068 670 mecum
1114 614 1505 668 litereditatem.
1548 611 1688 678 Quid
1734 623 1864 679 ergo

261 717 439 769 erras,
471 701 693 758 frater?
734 702 863 773 quid
891 719 987 773 per
1014 704 1237 772 angulos
1285 702 1457 772 fugis?
1506 701 1630 770 quid
1658 700 1866 754 latitare

264 784 526 852 conaris?
557 795 632 850 In
675 797 785 850 sole
823 797 987 866 posuit
1016 796 1393 849 tabernaculum
1435 810 1604 848 suum.
1645 789 1714 844 Et
1759 790 1869 859 ipse

279 903 512 957 tanquam
540 905 774 958 sponsus
795 889 1071 958 procedens
1095 890 1158 943 de
1177 888 1400 942 thalamo
1425 903 1538 941 suo.
1569 886 1702 940 Puto
1724 882 1866 953 quod

280 995 536 1050 agnoscas
575 995 724 1035 eum.
771 979 866 1036 Ille
909 989 1158 1050 tanquam
1202 994 1429 1049 sponsus
1467 976 1763 1048 procedens
1801 975 1868 1030 de

283 1072 514 1125 thalamo
542 1085 668 1137 suo,
698 1071 970 1126 exsultavit
1005 1081 1060 1124 ut
1097 1070 1241 1141 gigas
1263 1069 1330 1122 ad
1375 1068 1675 1122 currendum
1701 1067 1868 1129 viam;

285 1165 391 1234 ipse
429 1163 487 1217 in
527 1165 635 1218 sole
664 1164 834 1233 posuit
871 1162 1252 1217 tabernaculum
1292 1177 1441 1215 suum
1472 1159 1617 1214 :hoc
1645 1169 1747 1225 est,
1779 1157 1868 1212 ille

287 1265 538 1324 tanquam
567 1269 822 1324 sponsus,
863 1268 982 1308 cum
1023 1251 1260 1307 Verbum
1299 1266 1426 1306 caro
1457 1251 1652 1304 factum
1679 1257 1784 1314 est,
1811 1249 1864 1303 in

284 1356 433 1402 utero
460 1347 713 1417 virginali
741 1344 1039 1400 thalamum
1067 1343 1296 1407 invenit;
1337 1350 1496 1412 atque
1526 1340 1647 1395 inde
1667 1348 1870 1394 natura;

281 1439 608 1509 coniunctus
638 1437 908 1502 humanae,
951 1444 1203 1505 tanquam
1246 1432 1314 1488 de
1358 1432 1655 1488 castissimo
1683 1445 1872 1502 proce-

277 1529 420 1583 dens
449 1527 641 1592 cubili,
674 1526 894 1580 humilis
922 1523 1290 1580 misericordia
1321 1522 1456 1577 infra
1476 1535 1682 1588 omnes,
1719 1519 1872 1575 fortis

267 1619 564 1688 majestate
592 1632 756 1686 super
779 1631 989 1671 omnes.
1023 1614 1137 1670 Hoc
1165 1622 1247 1669 est
1274 1614 1439 1678 enim,
1473 1614 1616 1683 gigas
1645 1610 1872 1665 exsulta-

268 1714 349 1766 -uit
372 1711 440 1762 ad
469 1709 773 1764 currendum
799 1709 931 1761 uiam
954 1723 972 1761 :
994 1714 1153 1760 natus
1173 1713 1277 1770 est,
1301 1703 1496 1768 crevit,
1526 1701 1724 1767 docuit,
1755 1715 1874 1770 pas-

271 1817 378 1856 sus
405 1809 538 1866 est,
585 1799 917 1865 resurrexit,
961 1796 1233 1862 ascendit;
1272 1793 1508 1850 cucurrit
1547 1793 1722 1858 viam,
1764 1805 1870 1846 non

278 1893 448 1948 haesit
471 1893 524 1946 in
555 1892 664 1946 via.
696 1891 841 1946 Idem
869 1890 984 1960 ipse
1021 1904 1150 1959 ergo
1188 1901 1418 1958 sponsus
1449 1885 1547 1956 qui
1585 1883 1702 1940 huic
1725 1882 1868 1948 fecit,

296 1983 416 2052 ipse
439 1983 611 2052 posuit
632 1983 688 2035 in
717 1982 841 2045 sole,
884 1981 988 2037 hoc
1025 1989 1108 2035 est
1150 1980 1203 2033 in
1232 1977 1680 2040 manifestatione,
1711 1975 1876 2029 taber-

291 2075 528 2128 naculum
564 2091 737 2138 suum,
761 2073 871 2129 hoc
897 2087 982 2129 est
1009 2082 1247 2128 sanctam
1276 2071 1566 2126 Ecclesium
1595 2083 1764 2124 suam.

357 2168 410 2220 7.
453 2164 630 2239 [ειη.
661 2165 740 2238 7.]
779 2167 948 2233 Quam
985 2173 1164 2220 autem
1206 2165 1344 2218 viam
1399 2163 1507 2218 cito
1534 2161 1769 2217 cucurrit
1793 2161 1874 2216 vis

283 2256 510 2311 audire?
543 2258 581 2309 A
607 2273 801 2310 summa
826 2256 952 2324 creto
984 2256 1208 2327 egressio
1248 2255 1380 2325 ejus,
1425 2263 1472 2308 et
1501 2269 1740 2308 occursus
1765 2253 1874 2323 ejus

289 2365 443 2415 usque
476 2348 547 2400 ad
572 2364 827 2402 summum
861 2349 991 2418 ejus.
1031 2347 1223 2402 Postea
1252 2362 1380 2401 vero
1429 2361 1590 2416 quam
1639 2345 1874 2400 excurrit

287 2439 433 2501 inde,
463 2449 519 2494 et
547 2440 875 2496 recurrendo
898 2440 1184 2505 remeavit,
1227 2439 1372 2493 misit
1406 2433 1670 2507 Spirituni
1693 2452 1870 2492 suum.

297 2531 432 2584 Visa:
454 2541 582 2584 sunt
605 2530 714 2584 illis
738 2545 900 2599 super
945 2545 1077 2600 quos
1101 2531 1264 2594 venit,
1297 2529 1491 2600 linguae
1519 2529 1703 2584 divisa:
1728 2530 1875 2584 velut

294 2623 422 2690 ignis
445 2620 588 2694 (Act.
622 2639 681 2686 tt,
711 2621 788 2694 3).
819 2621 968 2677 Sicut
995 2623 1131 2693 ignis
1175 2623 1323 2677 venit
1374 2622 1604 2691 Spiritus
1635 2630 1870 2686 sanctus,

293 2713 484 2768 fmnum
517 2713 699 2768 carnis
720 2722 1157 2784 consumpturus,
1186 2728 1373 2769 aurum
1395 2722 1645 2767 cocturus
1670 2721 1725 2766 et
1744 2726 1873 2781 pur-

291 2815 548 2873 gaturus;
581 2806 719 2860 sicut
745 2806 882 2874 ignis
913 2805 1078 2866 venit,
1115 2814 1171 2860 et
1212 2803 1331 2859 ideo
1370 2804 1631 2874 sequitur,
1678 2801 1744 2856 Et
1772 2818 1874 2855 non

293 2909 358 2949 est
384 2897 468 2966 qui
489 2913 545 2951 se
560 2897 836 2952 abscondat
855 2913 888 2950 a
908 2895 1078 2950 calore
1098 2898 1229 2966 ejus.

355 2987 408 3040 8.
450 2985 629 3057 [cers.
679 2985 759 3058 8.]
800 2985 908 3040 Lex
956 2986 1160 3039 Domini
1210 2984 1540 3039 immaculata
1585 2993 1874 3038 convertens

291 3078 502 3129 animas.
541 3077 654 3131 lloc
683 3086 766 3131 est
796 3075 1022 3144 Spiritus
1067 3084 1302 3130 sanctus.
1355 3075 1716 3130 Testimonium
1763 3073 1871 3126 Do-

289 3169 411 3220 mini
439 3169 608 3234 ﬁdele,
639 3167 943 3236 sapientiam
982 3176 1232 3236 praestans
1262 3167 1490 3237 paruulis
1517 3179 1660 3220 :non
1690 3179 1875 3235 super-

295 3259 390 3311 his.
419 3258 531 3312 Hoc
559 3267 644 3312 est
667 3258 896 3326 Spiritus
923 3266 1159 3312 sanctus.

359 3350 411 3402 9.
457 3346 633 3419 [vers.
675 3347 754 3419 9.]
794 3347 1018 3402 Justitiw
1056 3347 1269 3402 Domini
1293 3357 1442 3401 rectae
1471 3363 1490 3401 :
1527 3362 1631 3402 non
1660 3356 1873 3401 terren-

297 3449 388 3499 tes,
419 3439 513 3493 sed
552 3439 867 3506 hctiﬁcantes
907 3439 1080 3492 corda.
1113 3437 1226 3493 Hoc
1255 3449 1338 3493 est
1367 3438 1596 3508 Spiritus
1635 3447 1869 3493 sanctus.

301 3527 610 3598 Prteceptum
648 3527 856 3582 Domini
901 3529 1144 3595 lucidum,
1189 3530 1484 3583 illuminaus
1528 3529 1720 3596 oculos,
1767 3545 1872 3584 non

296 3618 552 3672 hebetans
585 3637 598 3670 :
625 3635 730 3673 non
755 3620 932 3674 carnis
971 3622 1178 3686 oculos,
1229 3621 1322 3675 sed
1349 3621 1560 3686 cordis;
1590 3637 1698 3676 non
1727 3631 1873 3678 exte-

299 3711 448 3764 riuris
473 3710 710 3766 hominis
729 3752 746 3776 ,
778 3711 875 3765 sed
905 3711 1197 3766 interioris.
1242 3710 1356 3766 [Ioc
1383 3722 1465 3767 est
1491 3711 1871 3782 Spiritussan-

293 3809 426 3855 ctus.

359 3893 446 3945 10.
489 3890 662 3964 [υρη.
693 3891 810 3964 10.]
853 3891 1026 3946 Timor
1068 3891 1279 3946 Domini
1307 3909 1325 3947 :
1353 3907 1458 3947 non
1496 3893 1728 3959 servilis,
1777 3893 1871 3950 sed

292 3993 489 4049 castus;
517 3985 686 4055 gratis
712 3999 919 4050 amans,
953 4001 1058 4038 nou
1089 3985 1266 4054 puniri
1307 3985 1502 4039 timens
1527 3984 1594 4039 ab
1618 4001 1688 4040 eo
1707 4001 1870 4055 quem

292 4077 487 4140 tremit,
517 4075 614 4129 sed
642 4077 876 4144 separari
905 4075 974 4128 ab
998 4090 1062 4129 eo
1083 4091 1242 4145 quem
1268 4074 1457 4144 diligit.
1488 4074 1590 4130 Iste
1611 4085 1691 4131 est
1713 4077 1874 4132 timor

293 4178 485 4233 castus,
515 4182 624 4222 non
651 4181 808 4237 quem
849 4177 1214 4220 consummata
1253 4165 1488 4220 charitas
1522 4164 1666 4222 foras
1701 4167 1870 4222 mittit

291 4258 334 4328 (l
359 4258 517 4311 Joan.
552 4273 630 4323 tv,
673 4258 797 4328 18);
842 4257 937 4312 sed
981 4273 1280 4328 permanens
1315 4258 1370 4312 in
1400 4259 1640 4312 saeculum
1674 4259 1870 4314 surculi.

292 4349 384 4403 Hic
411 4361 496 4404 est
539 4349 772 4420 Spiritus
811 4358 1060 4415 sanctus;
1113 4349 1296 4422 idest,
1343 4349 1484 4406 hunc
1517 4349 1701 4412 donat,
1725 4351 1868 4406 hunc

291 4439 514 4504 confert,
543 4439 684 4494 hunc
705 4441 889 4495 inserit
909 4439 1133 4509 Spiritus
1162 4449 1399 4496 sanctus.
1429 4439 1640 4495 Iudicia
1661 4440 1872 4496 Domini

289 4548 422 4598 uera,
447 4533 736 4601 justiﬁcata
769 4533 824 4586 in
860 4533 1082 4603 idipsum
1117 4549 1135 4586 :
1161 4549 1267 4588 non
1308 4534 1374 4587 ad
1405 4533 1547 4588 rixas
1574 4533 1869 4601 divisionis,

290 4624 380 4676 sed
425 4623 494 4677 ad
541 4621 1010 4692 congregationem
1057 4623 1309 4689 unitatis;
1353 4623 1456 4678 hoc
1496 4633 1580 4678 est
1621 4624 1786 4690 enim,
1818 4625 1873 4679 in

293 4714 530 4783 idipsum.
593 4713 706 4770 Hoc
771 4724 856 4770 est
909 4715 1140 4785 Spiritus
1195 4725 1428 4771 sanctus.
1492 4715 1616 4771 Ideo
1679 4716 1873 4788 linguis

288 4809 526 4862 onitiium
556 4806 700 4877 loqui
749 4807 892 4873 fecit,
936 4808 988 4862 in
1033 4824 1166 4878 quos
1195 4809 1370 4878 primo
1399 4809 1576 4871 venit;
1613 4811 1734 4879 quia
1766 4810 1870 4864 lin-

294 4912 416 4968 guas
448 4899 688 4954 omttium
713 4901 951 4970 gentium
976 4901 1027 4954 in
1064 4902 1323 4957 unitatem
1350 4917 1408 4958 se
1428 4913 1871 4973 congregaturum

293 5005 412 5044 esse
454 4991 738 5044 nuntiavit.
780 4992 933 5058 Quod
979 5000 1104 5047 tunc
1133 4991 1361 5047 faciebat
1398 5009 1537 5048 unus
1577 4994 1738 5050 homo
1784 5011 1874 5052 ac-

296 5091 454 5149 cepto
480 5081 682 5149 Spiritu
715 5089 921 5144 sancto,
959 5091 1014 5135 ut
1049 5096 1186 5136 unus
1228 5081 1388 5136 homo
1417 5083 1608 5153 linguis
1634 5085 1871 5140 omnium

294 5169 629 5239 loqueretur;
662 5171 763 5225 hoc
788 5171 948 5225 modo
983 5172 1094 5240 ipsa
1123 5173 1298 5227 unitas
1325 5173 1467 5240 facit,
1488 5175 1678 5244 linguis
1698 5177 1870 5231 omni-

294 5262 391 5318 bus
417 5264 672 5335 loquitur.
707 5265 771 5318 Et
797 5264 956 5319 modo
985 5281 1119 5319 unus
1149 5266 1307 5320 homo
1334 5267 1386 5319 in
1415 5267 1661 5322 omnibus
1701 5269 1874 5338 genti-

295 5352 390 5408 bus
420 5355 612 5426 linguis
658 5357 907 5410 omnibus
947 5356 1200 5425 loquitur,
1248 5373 1383 5411 unus
1427 5356 1588 5411 homo
1635 5371 1793 5427 caput
1818 5367 1873 5414 et

295 5459 498 5516 corpus,
547 5461 685 5502 unus
716 5447 878 5502 homo
922 5448 1162 5503 Christus
1201 5458 1254 5504 ct
1287 5449 1542 5515 Ecclesia,
1591 5451 1672 5504 vir
1698 5451 1898 5520 perfe-'

294 5548 423 5598 stus.
453 5539 539 5592 ille
564 5553 817 5609 sponsus,
844 5540 932 5594 illa
963 5555 1155 5609 sponsa
1182 5559 1195 5594 :
1227 5541 1318 5594 sed
1347 5552 1514 5604 erunt,
1553 5543 1742 5611 inquit,
1767 5543 1869 5597 duo

291 5628 342 5681 in
365 5646 510 5684 carne
539 5648 641 5684 una
670 5629 821 5701 (Gen.
853 5646 910 5696 ιι,
933 5630 1044 5703 2t).
1079 5631 1284 5687 Judicia
1315 5632 1409 5687 Dei
1447 5649 1565 5688 vera
1582 5635 1871 5704 justiﬁcata

298 5723 350 5773 in
377 5722 592 5789 idipsum
623 5741 642 5776 :
675 5731 898 5792 promer
921 5725 1198 5778 unitatem.

367 5815 445 5870 11.
486 5815 659 5890 [rem
707 5815 822 5888 11.]
864 5814 1227 5871 Desiderabilia
1253 5833 1406 5888 super
1443 5833 1624 5872 aurum
1646 5826 1695 5874 et
1720 5817 1854 5890 lapi-

1373 405 1765 466 ENARRATIO
1805 405 1868 460 IN
1910 405 2232 462 PSALMUM
2271 407 2456 462 XVIII.

3455 413 3557 469 162

1975 516 2092 569 dent
2139 519 2408 586 pretiosum
2463 522 2671 572 multum
2715 537 2732 574 :
2774 528 2863 576 aut
2909 523 3130 578 multum
3186 541 3372 580 aurmn
3399 569 3412 589 ,
3467 541 3558 582 aut

1974 609 2206 663 multum
2232 612 2541 679 pretiosum,
2564 623 2652 666 aut
2680 614 2902 668 multum
2938 614 3305 672 desiderabilia
3329 636 3342 682 ;
3370 630 3547 676 tamen

1975 700 2236 766 multum,
2293 700 2547 756 haeretico
2611 719 2816 772 parum.
2866 705 2981 760 Non
3040 709 3314 764 nobiscum
3367 724 3546 766 amant

1977 787 2228 860 idipsum,
2257 801 2318 846 et
2364 793 2646 848 nobiscum
2690 799 3011 852 confitentur
3052 800 3339 854 Christum.
3375 801 3550 869 Ipsum

1976 896 2134 949 quem
2156 898 2372 939 mecum
2395 886 2666 941 confiteris
2683 887 2975 956 Christum,
2997 891 3166 961 ipsum
3186 909 3300 945 ama
3327 910 3556 950 mecum.

1977 972 2045 1026 Et
2073 975 2164 1042 qui
2214 974 2443 1044 idipsum
2488 993 2591 1032 non
2621 981 2767 1042 vult,
2805 994 3044 1046 recusat,
3094 985 3425 1052 recalcitrat,
3469 1003 3558 1042 re-

1975 1065 2118 1133 spuit
2157 1082 2171 1119 :
2200 1079 2309 1120 non
2341 1067 2414 1120 illi
2444 1077 2528 1122 est
2559 1069 2911 1125 desiderabile
2956 1072 3058 1128 hoc
3087 1089 3248 1143 super
3290 1091 3477 1130 aurum
3507 1088 3562 1132 et

1977 1153 2209 1223 lapidem
2239 1158 2533 1225 pretiosum
2561 1161 2808 1215 multum.
2842 1163 2977 1217 Audi
3009 1165 3149 1218 aliud
3177 1185 3189 1220 :
3217 1166 3282 1220 Et
3307 1168 3559 1231 dulciora,

1975 1244 2186 1314 inquit,
2239 1265 2389 1314 super
2432 1249 2534 1304 mel
2570 1261 2616 1304 et
2645 1255 2836 1323 favum.
2870 1253 2975 1308 Sed
3021 1255 3122 1310 hoc
3151 1257 3431 1311 adversum
3481 1271 3562 1313 est

1975 1337 2172 1392 erranti
2220 1357 2234 1394 :
2271 1340 2373 1395 mel
2402 1355 2644 1397 amarum
2680 1353 2765 1399 est
2811 1345 3078 1410 febrienti,
3117 1347 3275 1403 dulce
3303 1357 3478 1403 tamen
3509 1363 3563 1406 et

1975 1429 2304 1497 accep‘tabile
2345 1441 2553 1499 sanato,
2582 1433 2706 1503 quia
2741 1449 2924 1490 carum
2972 1446 3052 1491 est
3081 1439 3316 1492 sanitati.
3351 1438 3563 1493 Deside-

1976 1518 2159 1572 rabilia
2197 1536 2351 1588 super
2388 1537 2570 1576 aurum
2597 1533 2644 1577 et
2669 1523 2889 1594 lapidem
2937 1529 3212 1596 pretiosum
3253 1531 3486 1596 multum,
3517 1542 3562 1584 et

1978 1607 2208 1662 dulciora
2233 1627 2384 1680 super
2417 1613 2516 1666 mel
2541 1622 2586 1666 et
2613 1617 2805 1684 favum.

2052 1700 2138 1753 12.
2183 1700 2359 1773 iners.
2403 1703 2515 1777 12.]
2559 1704 2697 1760 Nam
2737 1718 2786 1761 et
2832 1725 3004 1765 servus
3028 1719 3143 1766 tuus
3193 1714 3409 1766 custodit
3447 1729 3506 1766 ea
3545 1729 3564 1768 :

1977 1805 2134 1861 quam
2180 1791 2359 1847 dulcia
2406 1795 2508 1849 ista
2551 1807 2694 1860 sunt,
2746 1800 3098 1856 custodiendo
3141 1804 3327 1872 probat
3378 1819 3564 1860 servus

1983 1892 2126 1949 tuus,
2161 1900 2272 1939 non
2303 1886 2586 1956 loquendo.
2615 1888 2861 1945 Custodit
2890 1907 2951 1944 ea
2977 1907 3164 1948 servus
3196 1904 3336 1960 tuus,
3365 1897 3483 1964 quia
3511 1907 3563 1950 et

1981 1989 2123 2030 nunc
2148 1976 2325 2030 dulcia
2355 1971 2501 2044 sunt,
2530 1989 2582 2034 et
2603 1981 2652 2033 in
2687 1991 2960 2050 posterum
2991 1984 3222 2038 salubria
3245 1996 3402 2049 sunt;
3437 2002 3559 2040 nam

1982 2064 2036 2116 in
2061 2066 2391 2120 custodiendo
2423 2085 2479 2120 ea
2507 2069 2766 2123 retributio
2787 2073 2947 2124 multa
2975 2087 2993 2125 :
3023 2073 3116 2128 sed
3147 2090 3334 2128 amans
3354 2077 3562 2129 animo-

1981 2153 2192 2209 sitatem
2221 2171 2396 2221 suam,
2428 2174 2526 2213 nec
2557 2160 2701 2215 videt
2728 2161 2869 2217 hunc
2888 2163 3227 2233 splendorem
3259 2167 3562 2233 haereticus,

1983 2263 2082 2302 nec
2109 2249 2268 2303 sentit
2294 2250 2651 2307 dulcedinem.

2050 2341 2138 2396 13.
2179 2339 2328 2413 [vers.
2374 2344 2461 2408 13,
2489 2343 2601 2416 14.]
2643 2345 2838 2400 Delicta
2855 2347 2996 2401 enim
3023 2348 3134 2416 quis
3163 2349 3439 2420 intelligit?
3461 2351 3558 2403 Pa-

1984 2438 2084 2496 ter,
2136 2431 2351 2500 ignosce
2392 2434 2517 2500 illis,
2553 2436 2676 2504 quia
2721 2439 2962 2492 nesciunt
3002 2439 3126 2508 quid
3174 2439 3364 2493 faciunt
3411 2440 3562 2510 (Luc.

1977 2537 2129 2590 xxm,
2165 2523 2276 2593 34).
2312 2524 2456 2589 Ideo,
2497 2527 2684 2595 inquit,
2732 2528 2830 2583 iste
2877 2537 2960 2582 est
2998 2545 3183 2583 servus
3209 2531 3298 2600 qui
3329 2533 3565 2584 custodit

1978 2613 2117 2668 hanc
2144 2615 2503 2684 dulcedinem,
2558 2619 2878 2674 suavitatem
2934 2620 3225 2685 charitatis,
3271 2637 3510 2676 amorem
3543 2624 3560 2654 ι

1979 2705 2217 2761 unitatis.
2241 2707 2375 2777 Ego,
2408 2709 2596 2778 inquit,
2618 2711 2732 2778 ipse
2761 2711 2848 2779 qui
2876 2713 3142 2776 custodio,
3172 2729 3302 2780 rogo
3327 2723 3397 2777 te,
3428 2728 3569 2781 quo-

1977 2797 2121 2851 niam
2143 2799 2324 2851 delicta
2343 2801 2454 2870 quis
2475 2800 2757 2871 intelligit?
2777 2817 2844 2856 ne
2872 2803 2999 2856 mihi
3024 2815 3075 2856 ut
3099 2803 3299 2857 homini
3322 2804 3566 2873 qumdam

1977 2886 2294 2956 subrepant,
2343 2899 2398 2942 et
2450 2890 2764 2956 quibusdam
2810 2900 2867 2944 ut
2911 2893 3070 2946 homo
3097 2909 3458 2962 praeoccuper,
3490 2896 3566 2947 Ab

1980 2979 2191 3032 occultis
2216 2982 2340 3033 meis
2385 2980 2576 3033 munda
2613 2997 2712 3046 me,
2759 2979 2989 3036 Domine.
3020 2982 3131 3037 Hoc
3171 2999 3302 3052 ergo
3327 2987 3567 3040 cantavi-

1987 3085 2126 3135 mus,
2155 3084 2281 3124 ecce
2309 3070 2374 3124 ad
2406 3069 2508 3125 hoc
2539 3072 2804 3142 loquendo
2831 3075 3189 3142 pervenimus.
3221 3077 3485 3144 Dicamus,
3514 3087 3569 3132 et

1977 3174 2099 3214 cum
2155 3161 2429 3217 intellectu
2473 3174 2771 3228 cantemus,
2820 3176 2873 3218 et
2923 3168 3188 3220 cantando
3229 3183 3463 3236 oremus,
3513 3179 3569 3225 et

1981 3252 2186 3307 orando
2212 3253 2590 3324 impetremus:
2623 3256 2881 3323 dicamus,
2903 3257 2979 3312 Ab
3005 3260 3213 3315 occultis
3233 3263 3353 3316 meis
3378 3263 3569 3318 munda

1981 3360 2082 3409 nte,
2114 3344 2352 3400 Domine.
2371 3347 2513 3414 Quis
2541 3349 2681 3402 enim
2707 3348 2899 3403 delicta
2931 3350 3207 3421 intelligit?
3243 3353 3298 3406 Si
3324 3355 3569 3409 videntur

1981 3435 2235 3498 tenebrae,
2267 3436 2632 3507 intelliguntur
2675 3438 2891 3494 delicta.
2940 3439 3178 3510 Denique
3227 3445 3440 3512 quando
3469 3461 3566 3500 nos

1977 3525 2154 3581 delicti
2183 3529 2421 3595 pmnitet,
2455 3529 2507 3582 in
2537 3529 2655 3584 luce
2697 3543 2902 3586 sumus.
2933 3530 3070 3585 Nam
3102 3533 3312 3601 quando
3339 3534 3566 3604 quisque

1985 3618 2104 3687 ipso
2127 3618 2325 3674 delicto
2365 3621 2632 3677 involutus
2673 3625 2972 3693 est,‘quasi
3017 3624 3382 3681 obtenebratis
3407 3642 3567 3695 oper-

1983 3707 2158 3778 tisque
2185 3709 2354 3764 oculis
2377 3725 2481 3765 non
2510 3711 2655 3766 videt
2689 3711 2942 3767 delictum
2975 3730 2987 3766 :
3015 3714 3139 3782 quia
3167 3715 3212 3768 si
3241 3715 3330 3770 tibi
3363 3726 3568 3787 tegatur

1976 3807 2031 3852 et
2058 3799 2233 3853 carnis
2263 3802 2468 3867 oculus,
2501 3817 2599 3856 nec
2624 3802 2767 3857 aliud
2805 3803 2971 3869 vides,
3002 3819 3102 3859 nec
3131 3804 3233 3860 huc
3261 3807 3403 3862 unde
3434 3808 3568 3879 tegi-

1982 3897 2066 3943 tur
2094 3890 2264 3944 vides.
2301 3890 2443 3961 Ergo
2492 3891 2602 3946 Deo
2626 3891 2885 3958 dicamus,
2918 3895 3008 3964 qui
3039 3898 3186 3949 novit
3211 3897 3395 3952 videre
3424 3900 3565 3968 quod

1977 3991 2189 4051 purget,
2217 3985 2363 4038 novit
2391 3985 2656 4054 inspicere
2684 3986 2824 4056 quod
2855 3998 3041 4053 sanet;
3073 3988 3146 4041 illi
3175 3987 3416 4044 dicamus
3448 4009 3462 4046 :
3493 3990 3567 4043 Ab

1979 4074 2189 4127 occultis
2217 4077 2339 4129 meis
2362 4077 2555 4129 munda
2585 4092 2680 4142 me,
2736 4075 2990 4142 Domine;
3021 4088 3066 4132 et
3111 4080 3174 4132 ab
3215 4081 3392 4134 alienis
3421 4098 3568 4141 parre

1977 4179 2118 4217 servo
2147 4173 2252 4218 tuo.
2288 4165 2507 4232 Delicta,
2541 4166 2731 4236 inquit,
2761 4183 2880 4222 mea
2937 4169 3213 4238 inquinant
3240 4186 3344 4232 me,
3377 4171 3566 4225 delicua

1978 4255 2148 4308 aliena
2175 4255 2416 4326 afﬂigunt
2443 4271 2529 4312 me
2556 4274 2570 4310 :
2599 4257 2668 4312 ab
2698 4257 2781 4312 his
2809 4260 3002 4314 munda
3031 4276 3138 4325 tne,
3167 4261 3234 4314 ab
3255 4261 3360 4315 illis
3389 4277 3567 4331 parco.

1978 4343 2128 4400 Tolle
2163 4346 2293 4400 mihi
2333 4362 2401 4402 ex
2441 4347 2603 4404 corde
2642 4347 2836 4402 malam
2888 4350 3286 4417 cogitationem,
3313 4354 3512 4420 repelle
3539 4372 3565 4404 a

1979 4452 2066 4493 me
2095 4439 2292 4493 malum
2319 4453 2594 4494 suasorem
2623 4457 2637 4491 :
2667 4439 2771 4495 hoc
2797 4450 2908 4503 est,
2935 4441 3008 4493 Ab
3036 4443 3244 4496 occultis
3265 4433 3388 4497 meis
3414 4461 3565 4497 mun-

1977 4528 2046 4581 da
2073 4545 2173 4590 me,
2202 4538 2250 4582 et
2279 4529 2342 4582 ab
2365 4530 2546 4584 alienis
2571 4546 2724 4601 parce
2744 4546 2886 4584 servo
2915 4541 3019 4585 tuo.
3054 4531 3185 4586 Nam
3215 4534 3310 4587 ista
3341 4535 3448 4590 duo
3477 4553 3567 4604 ge-

1978 4633 2104 4674 nera
2134 4619 2476 4686 delictorum,
2511 4622 2726 4692 propria
2754 4622 2913 4678 simul
2954 4633 3008 4679 et
3054 4625 3248 4692 aliena,
3277 4629 3436 4681 ctiam
3461 4631 3567 4696 pri-

1981 4711 2142 4765 mitus
2183 4711 2238 4766 in
2278 4713 2499 4768 exordio
2542 4713 2849 4769 claruerunt
2902 4733 2916 4769 :
2951 4715 3194 4772 diabolus
3237 4731 3336 4772 suo
3374 4719 3569 4774 delicto

1977 4805 2202 4868 cecidit,
2249 4805 2418 4860 Adam
2464 4806 2643 4861 alieno
2675 4805 2890 4875 dejecit.
2944 4806 3040 4862 Hic
3079 4809 3192 4877 ipse
3237 4808 3326 4863 Dei
3381 4825 3567 4864 servus

1978 4895 2282 4950 custodiens
2301 4897 2499 4966 judicia
2526 4896 2642 4962 Dei,
2670 4897 2725 4951 in
2755 4898 2946 4966 quibus
2995 4900 3273 4954 retributio
3298 4902 3480 4967 multa,
3512 4914 3567 4957 et

1982 4987 2032 5040 in
2061 4988 2166 5041 alio
2195 4987 2400 5054 psalmo
2442 4987 2522 5041 sic
2551 4995 2668 5041 orat
2701 5003 2714 5039 :
2745 4985 2870 5040 Non
2899 4988 3066 5041 ueniat
3121 4990 3246 5043 mihi
3275 5007 3360 5060 pes
3386 5009 3568 5061 super-

1979 5078 2107 5144 biw,
2152 5089 2199 5132 et
2255 5093 2438 5130 manus
2484 5087 2806 5147 peccatorum
2857 5096 2957 5134 non
3001 5094 3230 5137 moueant
3269 5101 3350 5138 me
3395 5083 3564 5153 (Psal.

1981 5187 2150 5236 xxxv,
2190 5167 2301 5241 1%).
2334 5170 2448 5224 Non
2494 5170 2696 5235 veniat,
2736 5171 2925 5241 inquit,
2977 5173 3105 5226 mihi
3153 5189 3248 5243 pes
3277 5177 3564 5244 superliite,

1979 5262 2080 5317 hoc
2109 5272 2210 5327 est,
2243 5264 2316 5317 Ab
2359 5259 2570 5316 occultis
2594 5263 2719 5316 meis
2747 5265 2938 5317 munda
2959 5281 3058 5330 me,
3091 5264 3338 5329 Domine;
3369 5277 3422 5319 et
3453 5281 3566 5317 ma-

1980 5369 2082 5407 nus
2114 5364 2450 5422 peccatorum
2480 5369 2584 5408 non
2615 5366 2864 5410 moveant
2885 5371 2990 5423 me,
3024 5355 3125 5412 hoc
3150 5369 3252 5420 est,
3281 5357 3362 5410 Ab
3385 5355 3584 5412 alienis.

1977 5461 2128 5515 parce
2141 5461 2282 5499 servo
2309 5455 2415 5499 tuo.

2051 5537 2137 5590 Η.
2181 5535 2241 5590 Si
2285 5538 2381 5590 mei
2410 5554 2511 5590 non
2559 5537 2746 5605 fuerint
2788 5539 3046 5592 dominata
3075 5554 3095 5591 :
3121 5538 3324 5592 occulta
3355 5553 3472 5593 mea
3511 5549 3562 5595 et

1977 5623 2172 5678 delicta
2211 5624 2405 5677 aliena.
2449 5623 2593 5676 Tunc
2640 5625 2996 5678 immaculatus
3021 5635 3108 5676 ero
3134 5641 3153 5677 :
3187 5624 3286 5678 hoc
3318 5639 3420 5678 non
3450 5629 3564 5681 suis

1976 5716 2174 5771 viribus
2198 5718 2377 5783 audet,
2423 5717 2516 5771 sed
2560 5717 2842 5771 Domimnu
2873 5717 3190 5788 deprecatur
3219 5728 3275 5772 ut
3325 5717 3558 5788 impleat,

2043 5832 2058 5860 ¹
2087 5837 2134 5878 tn
2158 5829 2406 5896 plerisque
2427 5836 2557 5890 Mss,
2580 5827 2761 5879 amore.
