4032 6476
486 376 592 432 163

485 492 568 546 (ειιί
598 489 796 545 dicitur
827 486 880 542 in
922 485 1166 557 psalmo:
1205 483 1400 539 Itinera
1441 497 1552 536 mea
1604 481 1768 552 dirige
1791 479 2062 535 secundum

487 583 688 635 verbum
729 590 890 644 tuum,
929 588 976 632 et
1018 594 1120 632 non
1161 576 1444 630 dominetur
1470 575 1594 628 mihi
1642 574 1803 627 omnis
1827 572 2066 638 iniquitas

486 673 658 746 (Psal.
692 686 873 731 csvnt.
906 669 1055 740 155).
1078 668 1195 723 Noli
1221 669 1429 730 timere,
1457 668 1499 719 si
1522 665 1840 720 christianos
1859 677 1942 726 es,
1969 661 2066 716 do-

487 766 688 817 minmn
719 762 847 816 foris
877 761 1148 814 hominem
1181 776 1194 811 :
1227 758 1508 811 Domimnn
1540 757 1706 812 Deum
1741 763 1886 808 tuum
1925 767 2065 806 sem-

445 918 450 926 .
487 871 582 925 per
609 854 755 908 time.
775 854 966 907 Malum
985 854 1035 905 iu
1061 862 1111 906 te
1131 853 1276 916 time,
1305 849 1406 903 hoc
1427 856 1509 902 est
1528 845 1876 944 cupiditatem
1899 852 2062 944 tuam,

486 963 588 998 non
612 945 752 1014 quod
777 945 826 998 in
857 954 906 998 te
934 945 1074 997 Deus
1103 941 1247 1006 fecit,
1276 940 1369 994 sed
1405 937 1546 1008 quod
1576 937 1667 990 tibi
1699 937 1811 1004 ipse
1840 934 2014 988 fecisti
2047 949 2060 986 :

485 1048 536 1092 te
570 1039 826 1090 Dominus
851 1036 1047 1089 bonum
1077 1047 1288 1088 servum
1323 1031 1476 1092 fecit;
1508 1039 1562 1082 tu
1593 1028 1683 1082 tibi
1711 1027 1762 1080 in
1788 1025 1951 1080 corde
1971 1033 2064 1078 tuo

483 1129 681 1182 malum
706 1127 980 1180 dominum
1011 1123 1224 1178 creasti.
1259 1121 1448 1175 Merito
1485 1117 1729 1173 subderis
1779 1114 2061 1185 iniquitati,

480 1219 670 1270 merito
698 1216 944 1270 subderis
971 1214 1188 1268 domino
1209 1226 1363 1280 quem
1393 1219 1446 1264 tu
1468 1209 1562 1262 tibi
1581 1207 1679 1277 ipsi
1705 1205 1910 1272 fecisti;
1940 1204 2063 1274 quia

479 1311 528 1364 ei
559 1310 647 1378 qui
673 1320 721 1362 te
745 1308 865 1362 fecit
886 1305 1128 1360 subditus
1154 1319 1275 1359 esse
1305 1301 1544 1356 noluisti.

553 1401 640 1456 15.
680 1399 784 1454 Sed
809 1400 852 1454 si
883 1398 1000 1464 mei,
1033 1395 1222 1466 inquit,
1272 1411 1374 1446 non
1403 1392 1592 1464 fuerint
1635 1389 1914 1455 dominata,
1943 1397 2062 1441 tunc

476 1491 831 1545 immaculatus
862 1505 982 1553 ero;
1010 1497 1058 1541 ct
1092 1484 1373 1538 mundabor
1420 1500 1451 1536 a
1494 1482 1674 1535 delicto
1697 1496 1879 1550 magno
1907 1494 1926 1532 :
1955 1492 2060 1549 quo

485 1596 732 1654 putamus
761 1582 1000 1637 delicto?
1039 1579 1181 1650 quod
1227 1579 1354 1634 illud
1383 1590 1464 1636 est
1500 1576 1750 1631 delictum
1777 1574 2060 1643 magnum?

478 1679 640 1732 Forte
668 1677 807 1730 aliud
834 1675 903 1729 sit
927 1689 1082 1743 quam
1105 1672 1345 1727 dicturus
1365 1686 1505 1735 sum,
1539 1683 1645 1723 non
1673 1676 1847 1721 tamen
1874 1665 2060 1720 celabo

477 1771 619 1840 quod
648 1770 842 1823 sentio.
888 1768 1143 1821 Delictum
1184 1778 1433 1833 magnum
1459 1763 1693 1816 arbitror
1719 1775 1840 1816 esse
1867 1774 2057 1862 stuper-

477 1862 639 1914 hiam.
668 1861 780 1914 Iloc
810 1861 1034 1912 fortasse
1076 1867 1130 1909 et
1169 1856 1326 1908 aliter
1369 1852 1720 1923 significatum
1769 1860 1853 1905 est
1898 1852 1950 1904 in
1977 1865 2058 1906 'eo

474 1952 615 2020 quod
644 1952 736 2014 ait,
760 1949 823 2002 Et
844 1946 1124 2000 mundabor
1145 1962 1176 1999 a
1192 1945 1374 1999 delicto
1394 1958 1596 2014 magno.
1626 1941 1879 2008 Quatritis
1897 1956 2056 2010 quam

395 2050 406 2062 '
474 2057 724 2111 magnum
784 2040 853 2093 sit
901 2039 1003 2093 hoc
1039 2038 1312 2100 delictum,
1358 2036 1501 2105 quod
1539 2035 1735 2104 dejecit
1769 2034 2053 2103 Angelum,

478 2134 617 2202 quod
647 2149 710 2186 ex
741 2132 944 2201 Angelo
973 2130 1095 2186 fecit
1119 2129 1410 2194 diabolum,
1434 2129 1588 2198 eique
1618 2130 1669 2182 iu
1696 2139 1952 2182 aeternum
1985 2128 2058 2182 in-

475 2226 711 2279 terclusit
733 2240 949 2293 regnum
982 2221 1276 2277 caelorum?
1296 2222 1538 2291 Magnum
1568 2222 1669 2276 hoc
1685 2221 1932 2276 delictum
1951 2231 2051 2284 est,

470 2326 525 2372 et
553 2325 710 2384 caput
755 2325 918 2383 atque
962 2329 1122 2368 causa
1149 2313 1384 2366 omnium
1414 2311 1765 2375 delictorum;
1798 2311 2052 2378 scriptum

471 2417 555 2461 est
579 2407 720 2460 enim
756 2423 769 2458 :
799 2404 1010 2458 Initium
1037 2404 1228 2474 peccati
1255 2403 1420 2456 omnis
1446 2403 1698 2467 superbia.
1729 2403 1795 2456 Et
1815 2417 1881 2458 ne
1903 2403 2052 2472 quasi

475 2499 590 2553 leve
612 2496 814 2566 aliquid
835 2504 1168 2558 contemnas,
1201 2493 1439 2562 Initium,
1473 2494 1662 2563 inquit,
1691 2494 1941 2563 superbia:
1963 2493 2055 2547 Ito-

467 2591 619 2644 minis
655 2599 946 2659 apostatare
973 2605 1004 2641 a
1033 2587 1141 2642 Deo
1172 2585 1359 2660 (Eccli.
1408 2604 1468 2652 ι,
1502 2588 1591 2651 15.
1633 2586 1747 2660 14).
1797 2587 1912 2642 Non
1938 2588 2054 2644 leve

467 2683 667 2737 malum
694 2691 778 2736 est
807 2680 909 2735 hoc
938 2679 1144 2746 vitium,
1177 2679 1368 2734 fratres
1393 2679 1499 2734 mei
1533 2695 1546 2732 :
1571 2677 1692 2734 huic
1732 2679 1861 2733 vitio
1888 2679 1939 2733 in
1971 2678 2052 2734 his

467 2773 734 2843 personis,
785 2786 919 2842 quas
971 2771 1162 2825 videtis
1210 2771 1446 2839 amplas,
1494 2769 1740 2840 displicet
1781 2769 2051 2828 humilitas

461 2866 779 2921 christiana.
815 2864 1042 2932 Propter
1062 2862 1166 2916 hoc
1195 2862 1377 2916 vitium
1397 2861 1754 2931 dedignantur
1769 2862 1908 2916 colla
1926 2863 2053 2916 sub-

465 2959 595 3014 dere
617 2957 746 3026 jugo
773 2954 995 3019 Christi,
1024 2953 1246 3022 obligati
1288 2953 1488 3007 arctius
1527 2952 1655 3023 jugo
1683 2956 1904 3022 peccati.
1934 2955 2048 3009 Non

465 3049 611 3104 enim
641 3047 844 3100 servire
871 3061 976 3098 non
1004 3043 1083 3096 eis
1103 3044 1373 3112 continget
1398 3059 1412 3096 :
1447 3058 1564 3095 nam
1596 3044 1782 3096 nolunt
1825 3045 2045 3109 servire,

463 3141 563 3198 sed
604 3140 684 3194 eis
711 3137 928 3208 expedit
951 3136 1174 3192 servire.
1217 3135 1458 3191 Nolendo
1507 3137 1710 3192 servire
1755 3137 1880 3192 nihil
1904 3139 2048 3194 aliud

465 3241 648 3303 agunt,
680 3246 840 3300 quam
869 3239 926 3284 ut
971 3229 1114 3282 bono
1148 3229 1372 3282 Domino
1414 3244 1520 3283 non
1561 3230 1827 3294 serviant;
1859 3246 1962 3286 non
1991 3241 2050 3287 ut

463 3324 682 3378 omnino
704 3338 806 3378 non
834 3322 1068 3376 serviant
1091 3337 1105 3373 :
1133 3321 1253 3389 quia
1292 3320 1380 3390 qui
1410 3320 1640 3374 noluerit
1685 3323 1891 3377 servire
1915 3323 2043 3378 cha-

463 3415 632 3479 ritati,
665 3428 886 3468 necesse
913 3421 998 3466 est
1025 3419 1083 3465 ut
1109 3411 1306 3465 serviat
1343 3411 1625 3480 iniquitati.
1651 3412 1734 3466 Ab
1773 3413 1875 3467 hoc
1895 3415 2044 3480 vitio,

462 3505 604 3574 quod
646 3513 728 3558 est
752 3513 913 3572 caput
957 3501 1198 3556 omnium
1248 3501 1522 3567 vitiorum,
1551 3502 1670 3573 quia
1699 3503 1822 3558 inde
1852 3515 2045 3559 cartera

463 3596 590 3649 vitia
617 3605 734 3647 nata
759 3604 902 3655 sunt,
931 3592 1064 3646 facta
1095 3601 1178 3646 est
1205 3593 1468 3660 apostasia
1493 3608 1521 3644 a
1548 3593 1676 3657 Deo,
1695 3603 1854 3649 eunte
1868 3594 2044 3648 anima

464 3687 517 3740 in
554 3685 821 3746 tenebras,
855 3695 906 3738 ct
939 3684 1077 3737 male
1113 3693 1298 3738 utente
1347 3683 1517 3738 libero
1540 3685 1780 3748 arbitrio,
1816 3687 2046 3754 peccatis

463 3779 624 3832 etiam
654 3777 863 3830 czeteris
904 3777 1210 3830 consecutis
1256 3792 1270 3829 :
1309 3783 1365 3830 ut
1408 3787 1461 3830 et
1502 3777 1850 3832 substantiam
1891 3793 2044 3832 suam

462 3870 743 3938 dissiparet
793 3885 911 3921 eum
951 3867 1319 3923 meretricibus
1362 3869 1547 3923 vivens
1587 3870 1828 3940 prodige,
1875 3879 1928 3923 et
1950 3886 2046 3940 per

461 3968 752 4030 egestatem
787 3959 939 4013 fieret
969 3968 1148 4023 pastor
1187 3973 1466 4028 porcorum
1496 3959 1644 4031 (Luc.
1673 3977 1763 4026 xv,
1813 3961 1924 4034 15),
1955 3964 2044 4033 qui

462 4060 581 4106 erat
609 4050 787 4105 socius
815 4050 1160 4118 Angelorum.
1191 4049 1416 4118 Pr0pter
1444 4049 1546 4104 hoc
1576 4051 1785 4119 vitium,
1825 4063 2044 4122 propter

463 4142 567 4196 hoc
590 4155 834 4209 magnum
860 4139 1121 4208 superbiae
1145 4148 1441 4207 peccatum,
1460 4139 1602 4196 Deus
1627 4140 1840 4196 humilis
1864 4144 2040 4198 venit:

463 4233 580 4290 htec
598 4246 781 4297 causa,
828 4230 928 4285 hoe
957 4241 1232 4302 peccatum
1263 4245 1534 4300 magnum,
1569 4232 1668 4286 iste
1695 4231 1880 4302 ingens
1901 4249 2042 4289 mor-

461 4324 564 4380 bus
584 4324 900 4385 animarum,
929 4322 1349 4390 omnipotentem
1388 4321 1650 4376 medicum
1691 4322 1759 4378 de
1783 4325 1922 4378 coelo
1949 4324 2044 4379 de-

460 4417 632 4481 duxit,
666 4430 832 4484 usque
854 4413 919 4467 ad
947 4412 1171 4468 formam
1199 4413 1340 4468 servi
1367 4413 1682 4480 humiliavit,
1707 4419 2042 4475 contumeliis

460 4508 587 4577 egit,
615 4507 755 4573 ligno
779 4503 1092 4573 suspendit;
1123 4515 1180 4557 ut
1211 4519 1304 4571 per
1334 4504 1560 4560 salutem
1584 4515 1742 4560 tantae
1767 4509 2043 4564 medicina;

402 4581 416 4624 "
461 4606 678 4651 curetur
703 4593 790 4648 hic
817 4604 1012 4646 tumor.
1045 4592 1162 4647 Iam
1195 4592 1408 4646 tandem
1435 4595 1715 4650 erubescat
1734 4595 1896 4652 homo
1923 4613 2044 4654 esse

461 4685 743 4755 superbus.
769 4692 985 4751 propter
1005 4697 1164 4752 quem
1197 4681 1366 4736 factus
1389 4692 1474 4737 est
1509 4685 1726 4740 humilis
1754 4688 1914 4742 Deus.
1943 4687 2038 4756 Ita,

465 4776 652 4846 inquit,
681 4771 962 4826 mundubor
988 4789 1021 4825 a
1057 4772 1240 4827 delicto
1279 4789 1480 4843 magno,
1527 4775 1649 4844 quia
1689 4776 1828 4830 Deus
1857 4793 2042 4847 super-

465 4869 546 4922 bis
589 4865 822 4930 resistit,
867 4863 1156 4918 humilibus
1197 4873 1375 4918 autem
1427 4864 1520 4920 dat
1565 4866 1790 4936 gratiam
1837 4867 2042 4940 (Jacobi

461 4978 549 5024 tv,
590 4961 643 5014 6.
678 4957 700 5012 Ι
731 4958 870 5012 Petr.
900 4973 950 5022 v,
972 4957 1051 5028 5).

534 5049 622 5105 16.
652 5046 802 5120 [rers.
847 5045 958 5118 l5.]
998 5045 1066 5100 Et
1110 5064 1199 5117 per
1243 5048 1337 5102 hoc
1375 5057 1429 5102 ut
1475 5049 1816 5118 complaceant
1844 5052 2042 5122 eloquia

462 5143 566 5195 oris
593 5141 709 5202 mei,
739 5149 788 5192 et
814 5139 1072 5194 meditatio
1101 5140 1268 5193 cordis
1294 5141 1391 5193 mei
1417 5144 1469 5193 in
1499 5151 1769 5212 conspectu
1797 5152 1882 5197 tuo
1904 5161 2040 5199 sem-

464 5249 552 5302 per
580 5248 598 5285 :
625 5246 746 5284 nam
775 5231 816 5284 si
843 5229 910 5284 ab
938 5230 1038 5284 hoc
1067 5246 1258 5301 magno
1285 5231 1478 5286 delicto
1505 5248 1610 5289 non
1637 5234 1953 5299 mundabor,
1988 5238 2040 5291 in

460 5329 746 5390 conSpectu
777 5319 1048 5374 hominum
1095 5320 1375 5388 placebunt
1414 5322 1621 5392 eloquia
1659 5339 1808 5389 mea,
1850 5341 1954 5380 non
1987 5327 2039 5381 in

460 5423 750 5480 eonspccm
778 5421 886 5464 tuo.
910 5411 1146 5478 Superba
1169 5412 1341 5464 anima
1367 5411 1418 5464 iu
1449 5425 1737 5482 consipectu
1765 5416 2040 5472 hominum

462 5506 572 5558 vult
596 5506 806 5574 placere
836 5523 848 5558 :
885 5503 1097 5557 hmnilis
1126 5505 1299 5557 anima
1330 5506 1382 5557 in
1409 5507 1638 5572 occulto,
1677 5509 1763 5564 ubi
1792 5509 1933 5564 Deus
1958 5511 2042 5563 vi-

462 5595 570 5659 det,
596 5597 708 5650 vult
734 5596 942 5666 placere
967 5611 982 5654 ;
1016 5604 1073 5648 ut
1110 5594 1154 5648 si
1183 5595 1438 5659 placuerit
1467 5597 1769 5653 hominibus
1793 5600 1862 5654 de
1900 5601 2041 5657 bono

461 5699 644 5754 opere,
678 5689 780 5743 illis
799 5688 1093 5758 gratuletur
1114 5687 1305 5756 quibus
1334 5689 1506 5757 placet
1531 5690 1725 5745 bonum
1754 5707 1909 5761 opus,
1935 5711 2038 5749 non

462 5779 561 5831 stb'i
586 5778 669 5831 cui
703 5770 948 5834 snftlcere
973 5779 1132 5834 debet
1157 5779 1277 5849 quia
1305 5778 1432 5835 fecit
1474 5781 1667 5838 bonum
1697 5796 1831 5852 opus
1865 5801 1877 5838 :
1910 5784 2036 5840 Glo-

1715 367 1771 424 S.
1813 361 2178 422 AUGUSTINI
2217 363 2517 422 EPISCOPI

3641 378 3756 434 ’161

2171 479 2249 531 ria
2277 491 2466 545 nostra,
2499 483 2686 552 inquit,
2717 485 2823 540 luce
2846 495 2937 554 est,
2963 489 3297 546 testimonium
3321 495 3638 552 conscientia
3656 517 3755 553 no-

2171 577 2289 622 stra:
2318 570 2385 639 (ll
2412 573 2527 625 Cor.
2553 589 2598 639 ι,
2633 574 2743 645 12).
2773 576 3003 648 Ideoque
3031 580 3271 637 dicamus
3293 585 3454 639 etiam
3485 589 3624 655 quod
3667 605 3754 644 se-

2172 661 2368 729 quitur,
2401 663 2615 719 Domine
2631 669 2837 737 adjutor
2857 687 2995 738 meus
3015 683 3060 726 et
3083 673 3365 744 redemptor
3392 693 3528 733 meus
3557 696 3576 734 :
3602 681 3754 750 adju-

2171 757 2257 803 tor
2281 751 2333 804 in
2360 751 2530 818 bonis,
2563 756 2869 822 redemptor
2897 775 2926 813 a
2959 762 3148 828 malis;
3182 765 3393 832 adjutor
3419 779 3475 822 ut
3515 769 3750 827 habitem

2172 843 2224 897 in
2251 844 2511 902 charitate
2542 858 2628 904 tua
2649 891 2664 917 ,
2695 853 3001 923 redemptor
3029 865 3086 910 ut
3123 859 3319 916 liberes
3341 877 3428 919 me
3455 864 3524 918 ab
3553 866 3750 936 iniqui-

2171 943 2278 988 tate
2304 952 2440 990 mea.

2602 1148 2686 1211 IN
2726 1151 3104 1221 PSALMUM
3123 1163 3301 1228 XIX

2766 1275 3180 1339 ENARRATIO.

2578 1381 2644 1439 In
2670 1387 2842 1456 linem,
2873 1391 3110 1450 Psalmus
3139 1396 3325 1456 David.

2237 1490 2289 1542 1.
2332 1488 2482 1564 [νει-ε.
2525 1495 2602 1567 1.]
2641 1496 2808 1553 Notus
2850 1511 2932 1557 est
2975 1505 3075 1561 ista
3116 1509 3320 1577 titulus,
3364 1529 3463 1569 nec
3499 1515 3746 1576 Christus

2166 1581 2327 1649 dicit,
2359 1585 2455 1640 sed
2484 1587 2696 1645 Christo
2726 1593 2854 1648 dicit
2876 1595 3159 1668 Propheta,
3192 1603 3356 1675 ﬁgura
3380 1614 3596 1680 optandi
3625 1630 3744 1684 qua:

2166 1684 2382 1730 ventura
2411 1689 2534 1734 sunt
2569 1695 2628 1735 Ca
2636 1698 2786 1740 "808.

2234 1767 2289 1821 2.
2325 1767 2475 1840 [verm
2505 1771 2540 1825 Ω
2566 1771 2584 1844 ]
2619 1775 2872 1832 Exaudiat
2901 1789 2950 1835 te
2972 1780 3221 1840 Dominus
3246 1789 3298 1842 in
3331 1790 3414 1844 die
3452 1794 3739 1851 tribulatio-

2163 1857 2242 1910 nis
2275 1861 2563 1916 :exaudiat
2589 1872 2639 1918 te
2667 1867 2923 1925 Dominus
2952 1871 3004 1926 in
3038 1874 3125 1930 die
3163 1892 3263 1946 qua
3289 1879 3502 1949 dixisti,
3546 1884 3738 1955 Pater,

2158 1949 2389 2019 clari/ica
2414 1952 2607 2008 Filium
2629 1966 2770 2012 tuum
2803 1959 2985 2028 (Joan.
3019 1982 3129 2022 xvu
3153 2009 3168 2035 ,
3201 1969 3274 2041 1).
3308 1971 3548 2044 Protegat
3573 1987 3623 2031 te
3649 1949 3742 2033 ne;

2161 2057 2272 2095 men
2305 2041 2402 2097 Dei
2423 2045 2588 2100 Iacob
2618 2063 2637 2102 :
2666 2050 2730 2103 ad
2763 2061 2814 2106 te
2840 2056 2981 2109 enim
3029 2061 3258 2128 pertinet
3299 2041 3520 2133 populus
3561 2083 3744 2140 poste-

2161 2130 2273 2185 rior
2297 2143 2421 2187 natu
2444 2175 2462 2200 ,
2489 2137 2611 2206 quia
2637 2142 2808 2208 major
2835 2147 3030 2201 serviet
3056 2151 3245 2206 minori
3278 2154 3427 2225 (Gen.
3461 2130 3587 2228 xxv,
3619 2165 3736 2233 2‘5).

2229 2223 2283 2277 5.
2325 2222 2476 2296 [vers.
2517 2227 2594 2300 5.]
2639 2230 2811 2286 Mittat
2845 2237 2934 2288 tibi
2971 2241 3216 2295 auxilium
3245 2222 3309 2299 de
3349 2222 3650 2319 sancto,vet
3677 2222 3740 2310 de

2160 2312 2289 2367 Sion
2318 2325 2520 2371 tueatur
2547 2329 2594 2373 te
2627 2359 2644 2374 .
2677 2321 2875 2379 faciens
2925 2328 3020 2383 tibi
3066 2335 3450 2393 sanctilicatum
3500 2312 3695 2414 corpus
3720 2388 3736 2412 ,

2160 2404 2448 2460 Ecclesium
2475 2449 2490 2474 ,
2545 2409 2613 2466 de
2658 2416 3023 2483 speculatione
3056 2430 3227 2500 tutam
3253 2467 3267 2491 ,
3299 2443 3416 2497 quae
3459 2404 3742 2505 exspectai

2155 2497 2369 2563 quando
2391 2501 2574 2555 venias
2595 2518 2627 2557 a
2654 2507 2852 2574 nuptiis
2880 2509 2922 2561 ⁸.

2225 2588 2282 2640 4.
2311 2584 2459 2660 [nem
2488 2589 2566 2662 4.]
2602 2592 2800 2649 Memor
2822 2599 2888 2652 sit
2921 2603 3084 2656 omnis
3107 2607 3346 2677 sacriﬁcii
3381 2612 3456 2666 tui
3480 2629 3500 2667 ε
3529 2631 3742 2674 memo-

2157 2694 2244 2736 res
2271 2697 2368 2735 nos
2407 2682 2564 2741 faciat
2592 2687 2828 2743 omnium
2875 2691 3184 2761 iniuriarum
3213 2707 3420 2757 tuarum
3455 2716 3508 2759 et
3549 2719 3744 2763 contu-

2156 2771 2460 2838 meliarum,
2499 2789 2633 2843 quas
2665 2791 2761 2846 pro
2795 2781 2950 2836 nobis
2977 2787 3259 2853 pertulisti.
3289 2789 3357 2845 Et
3385 2794 3742 2860 holocaustum

2153 2870 2294 2958 tuum
2336 2867 2523 2940 pingue
2563 2873 2654 2942 ﬁat
2683 2891 2702 2929 :
2729 2886 2783 2932 et
2808 2894 3018 2938 crucem
3044 2925 3059 2953 ,
3107 2902 3210 2958 qua
3247 2898 3387 2948 lotus
3421 2897 3630 2953 oblatus
3675 2916 3742 2957 es

2155 2955 2288 3022 Deo,
2314 2960 2364 3014 in
2395 2962 2628 3020 ltetitiam
2657 2978 3060 3033 resurrectionis
3083 2995 3377 3040 convertat.

2223 3049 2278 3104 5.
2321 3049 2470 3123 [uers.
2499 3056 2578 3128 5.]
2624 3058 2700 3130 (a)
2734 3063 2940 3120 Tribuat
2967 3071 3054 3123 tibi
3083 3071 3328 3131 Dominus
3353 3084 3622 3137 secundum
3647 3102 3743 3140 eor

2152 3148 2294 3195 tuum
2315 3159 2334 3196 :
2357 3145 2547 3202 tribuat
2572 3151 2662 3204 tibi
2690 3153 2962 3223 Dominus,
2989 3176 3092 3215 non
3120 3167 3411 3223 secundum
3433 3186 3526 3226 cor
3546 3190 3736 3233 eorum

2152 3231 2245 3300 qui
2277 3243 2593 3301 putaverunt
2619 3248 2988 3312 persequendo
3016 3252 3195 3309 delere
3224 3266 3274 3310 te
3300 3273 3490 3327 posse;
3522 3265 3614 3318 sed
3641 3283 3739 3321 se-

2149 3324 2381 3381 cundum
2417 3343 2512 3383 cor
2540 3339 2721 3399 tuum,
2750 3349 2857 3405 quo
2883 3340 3029 3394 scisti
3058 3345 3182 3412 quid
3226 3324 3486 3405 utilitatis.
3510 3352 3740 3412 haberet

2150 3421 2328 3488 passio
2371 3431 2476 3476 tua.
2527 3424 2597 3478 Et
2640 3443 2787 3483 omne
2832 3433 3098 3489 consilium
3139 3448 3279 3493 tuum
3324 3445 3572 3515 compleat
3612 3464 3632 3502 :
3676 3460 3739 3505 et

2149 3514 2415 3581 compleat
2441 3532 2599 3570 omne
2629 3522 2908 3577 consilium
2943 3535 3110 3594 tuum,
3150 3547 3253 3584 non
3283 3533 3452 3588 solum
3481 3552 3585 3606 quo
3611 3541 3736 3594 ani—

2149 3617 2288 3656 mam
2316 3613 2454 3658 tuam
2483 3609 2704 3676 posuisti
2737 3627 2833 3680 pro
2859 3617 3043 3670 amicis
3066 3620 3167 3673 tuis
3194 3620 3373 3691 (Joan.
3407 3641 3495 3690 xv,
3531 3628 3640 3699 l3),
3671 3641 3739 3686 ut

2149 3696 2524 3752 mortificatum
2555 3716 2776 3769 granum
2807 3707 3072 3774 cepiosius
3127 3724 3426 3782 resurgeret
3453 3716 3474 3786 (
3501 3696 3731 3788 Idam,

2148 3783 2272 3856 25);
2308 3787 2399 3841 sed
2430 3790 2589 3842 etiam
2612 3807 2718 3860 quo
2743 3796 2956 3850 Caecitas
2981 3814 3051 3852 ex
3083 3811 3230 3868 parte
3262 3803 3420 3860 Israel
3450 3783 3580 3863 facta
3610 3821 3688 3864 est

2149 3887 2207 3930 ut
2229 3879 2501 3946 plenitudo
2521 3880 2768 3937 Gentium
2799 3886 3039 3956 intraret,
3067 3900 3121 3945 et
3144 3893 3222 3948 sic
3245 3897 3417 3951 oumis
3444 3897 3600 3956 Israel
3623 3903 3737 3958 sal-

2147 3982 2244 4022 vus
2273 3969 2424 4024 ﬁeret
2450 3971 2624 4043 (Rom.
2656 3991 2712 4029 χι
2731 4019 2745 4041 ,
2776 3977 2892 4042 25).

2218 4061 2273 4115 6.
2315 4060 2466 4134 [vers
2503 4063 2583 4137 6.]
2624 4065 3003 4126 Exsultabimus
3027 4073 3080 4126 in
3102 4078 3314 4131 salutari
3337 4087 3421 4134 tuo
3447 4097 3466 4135 :
3495 4083 3736 4138 exsulta-

2149 4149 2324 4206 bimus
2347 4153 2489 4223 quod
2520 4155 2612 4209 tibi
2635 4173 2778 4213 mors
2806 4160 2933 4215 nihil
2964 4166 3173 4220 nocebit
3196 4183 3209 4229 ;
3241 4169 3311 4222 ita
3339 4172 3480 4224 enim
3509 4188 3604 4228 nec
3630 4190 3737 4230 no-

2146 4243 2229 4298 bis
2255 4259 2373 4298 eam
2403 4260 2597 4301 nocere
2621 4263 2778 4316 posse
2803 4256 3144 4310 monstrabis.
3175 4257 3243 4311 Et
3271 4260 3324 4313 in
3355 4264 3554 4316 nomine
3578 4265 3600 4295 ²
3629 4265 3738 4321 Dei

2147 4337 2306 4390 nostri
2331 4339 2766 4408 magniﬁcabimur
2795 4361 2814 4398 :
2843 4354 2896 4400 et
2936 4348 3203 4404 confessio
3252 4354 3323 4406 tui
3361 4357 3591 4411 nominis
3620 4375 3731 4415 non

2147 4430 2320 4484 solum
2346 4446 2449 4484 non
2478 4433 2702 4502 perdet,
2733 4436 2827 4491 sed
2858 4439 3017 4492 etiam
3049 4443 3406 4512 magnifieabit
3430 4463 3543 4502 nos.

2219 4520 2269 4574 7.
2293 4519 2441 4593 [vers.
2469 4521 2545 4596 7.]
2581 4522 2800 4594 Impleat
2824 4527 3070 4584 Dominus
3104 4549 3273 4588 omnes
3294 4539 3555 4605 petitiones
3575 4549 3686 4595 tuas
3715 4560 3738 4599 :

2146 4612 2364 4682 impleat
2404 4615 2658 4672 Dominus
2684 4634 2789 4673 non
2818 4621 2986 4675 solum
3015 4625 3300 4692 petitiones
3326 4645 3456 4700 quas
3499 4631 3735 4692 habuisti

2147 4705 2200 4759 in
2228 4714 2389 4769 terra,
2413 4709 2507 4763 sed
2534 4711 2692 4764 etiam
2719 4713 2910 4781 quibus
2938 4715 2991 4769 in
3019 4718 3156 4773 cmlo
3177 4719 3483 4790 interpellas
3511 4742 3604 4794 pro
3633 4745 3737 4781 no-

2146 4796 2248 4852 bis.
2282 4797 2435 4852 Nunc
2458 4804 2667 4871 cognovi
2684 4806 2923 4874 quoniam
2945 4809 3137 4864 salvum
3159 4813 3275 4882 fecit
3302 4813 3552 4870 Dominus
3577 4818 3737 4874 Chri-

2145 4896 2275 4941 stum
2318 4906 2466 4943 suum
2493 4907 2512 4945 :
2541 4907 2682 4949 nunc
2723 4895 2853 4951 mihi
2885 4913 2980 4967 per
3022 4902 3350 4971 prophetiam
3392 4907 3739 4965 demonstra-

2146 4988 2258 5032 tum
2306 4989 2425 5043 est,
2480 4984 2726 5052 quoniam
2773 4990 3108 5044 resuscitabit
3158 4993 3412 5052 Dominus
3454 4999 3737 5058 Christum

2144 5086 2318 5127 suum.
2352 5073 2603 5130 Exaudiet
2626 5076 2770 5131 illum
2797 5079 2861 5134 de
2881 5081 3006 5135 caelo
3031 5093 3204 5138 sancto
3223 5101 3314 5140 suo
3339 5103 3359 5142 :
3387 5090 3635 5145 exaudiet
3665 5094 3736 5146 il-

2144 5163 2252 5218 lum
2277 5205 2292 5231 ,
2323 5181 2428 5220 non
2458 5167 2525 5221 de
2563 5176 2704 5222 terra
2746 5177 2950 5228 tantum
2979 5215 2993 5238 ,
3025 5173 3112 5228 ubi
3157 5191 3214 5231 se
3258 5177 3410 5247 petiit
3449 5181 3734 5240 clariﬁcari

2146 5253 2326 5325 (Joan.
2358 5273 2464 5312 xvu
2489 5300 2504 5323 ,
2533 5258 2624 5330 1);
2656 5277 2840 5316 verum
2866 5265 3025 5318 etiam
3056 5265 3123 5322 de
3164 5270 3302 5325 cutio
3324 5312 3338 5334 ,
3389 5271 3475 5326 ubi
3502 5272 3610 5343 jam
3653 5277 3727 5330 ad

2145 5345 2415 5403 dexteram
2448 5350 2620 5404 Patris
2660 5352 3008 5422 interpellans
3055 5373 3150 5427 pro
3191 5360 3347 5415 nobis
3390 5361 3562 5433 (Rom.
3600 5382 3730 5432 vm,

2147 5439 2272 5511 5i),
2303 5440 2511 5495 diffudit
2547 5443 2671 5498 inde
2699 5444 2952 5514 Spiritum
2990 5461 3231 5506 sanctum
3258 5468 3420 5524 super
3447 5455 3734 5512 credentes

2208 5615 2228 5689 ξ
2251 5613 2384 5689 add,
2408 5614 2473 5664 ad
2496 5615 2702 5689 implies.
2727 5627 2783 5668 Αι
2817 5628 2951 5689 ιιιεε»,Δ
2969 5637 3000 5672 a
3016 5625 3213 5689 nuptiis.

2145 5742 2188 5784 Β
2210 5677 2330 5784 isicl
2364 5690 2425 5798 e]x
2468 5677 2749 5730 melioribus
2788 5689 2894 5733 Mss.
2932 5677 3241 5747 juxta'Lxx.
3288 5688 3497 5752 [nomine
3540 5700 3736 5746 nonum

2190 5749 2252 5791 ei,
2283 5750 2310 5783 e
2333 5749 2375 5784 ς.

2190 5749 2252 5791 ρι,
2283 5749 2375 5784 εις.

2211 5797 2285 5859 (a)
2319 5799 2592 5860 Diarsahm.
