4032 6488
219 483 314 544 103

234 602 281 654 in
302 611 377 652 se.
420 593 490 649 In
530 594 886 668 potentatibus
920 589 1057 645 salus
1083 589 1302 645 dextera
1339 586 1448 654 eius
1477 600 1494 638 :
1526 589 1827 652 potentatus

236 686 391 744 nostri
417 693 548 740 sunt
577 686 736 739 salus
767 682 962 738 favoris
993 682 1108 749 ejus
1127 721 1142 744 ,
1171 694 1292 732 cum
1323 677 1482 731 etiam
1509 674 1576 727 de
1608 670 1824 726 tribula—

240 781 374 834 tione
403 776 495 830 dat
523 777 814 834 auxilium.
848 783 903 826 ut
929 771 1139 840 quando
1185 769 1534 828 inlirmamur,
1579 772 1700 817 tunc
1728 774 1828 830 po-

245 881 409 925 tentes
436 869 610 922 simus
643 867 709 938 (ll
745 865 863 919 Cor.
896 879 989 926 xu,
1024 862 1133 931 10).
1163 859 1294 914 Nam
1325 873 1460 910 vana
1491 855 1633 908 salus
1660 849 1830 904 homi-

248 978 364 1016 uum
388 958 567 1030 (Psal.
601 974 714 1021 tax,
753 956 867 1025 1'5),
897 969 1013 1023 qua:
1043 967 1148 1006 non
1187 950 1442 1012 dexterae,
1477 945 1568 998 sed
1597 942 1828 997 sinistrze

242 1058 350 1124 ejus
377 1063 462 1108 est
498 1071 513 1107 :
547 1051 651 1105 hac
694 1052 838 1104 enim
880 1045 1212 1102 extolluntur
1257 1043 1306 1095 in
1357 1052 1600 1109 magnam
1630 1049 1832 1124 super-

244 1114 375 1200 binm
403 1186 418 1211 ,
447 1144 782 1214 quicumque
813 1145 1093 1211 peccantes
1125 1132 1489 1203 temporaliter
1529 1114 1661 1182 salii
1706 1123 1827 1178 lacti

243 1245 376 1292 sunt.

308 1327 360 1383 8.
391 1324 546 1399 [βενε.
577 1321 657 1396 8.]
704 1321 775 1376 Hi
818 1322 870 1374 in
910 1318 1138 1373 curribus
1175 1325 1221 1370 et
1259 1315 1311 1368 hi
1348 1315 1401 1367 in
1446 1312 1581 1382 cquis
1615 1306 1690 1380 (ιι)
1725 1325 1738 1360 :
1776 1305 1828 1360 hi

242 1417 455 1472 volubili
504 1415 851 1471 successione
889 1409 1259 1480 temporalium
1299 1406 1559 1460 bonorum
1613 1401 1833 1454 trahun-

243 1519 346 1573 tur,
372 1517 428 1563 et
455 1507 510 1560 hi
536 1505 784 1574 superbis
817 1500 1168 1572 praeferuntur
1195 1499 1212 1530 ¹
1243 1496 1556 1556 honoribus,
1588 1501 1746 1561 atque
1774 1487 1826 1542 in

245 1599 324 1653 his
350 1598 644 1652 exsultant.
673 1593 786 1648 Nos
810 1603 974 1646 autem
1001 1592 1052 1645 in
1080 1589 1281 1644 nomine
1315 1585 1521 1640 Domini
1553 1583 1645 1636 Dei
1674 1580 1831 1634 nostri

240 1689 607 1744 exsultabimus
635 1703 654 1741 :
687 1702 784 1739 nos
811 1694 986 1738 autem
1018 1697 1166 1752 spem
1213 1680 1432 1750 ﬁgentes
1477 1676 1528 1730 in
1573 1672 1786 1728 azternis
1813 1710 1828 1734 ,

243 1796 417 1850 neque
443 1778 669 1848 gloriam
699 1785 934 1829 nostram
962 1779 1282 1842 quaerentes,
1311 1769 1362 1823 in
1386 1767 1598 1821 nomine
1623 1761 1829 1817 Domini

245 1874 339 1927 Dei
371 1871 538 1926 nostri
567 1867 978 1922 cxsnltabimus.

315 1964 378 2018 9.
423 1962 567 2035 (vers.
609 1959 691 2033 9.]
737 1958 850 2022 Ipsi
894 1955 1100 2026 obligati
1140 1962 1298 2015 sunt,
1337 1961 1385 2006 et
1424 1948 1704 2003 ceciderunt
1733 1960 1751 1999 :
1779 1951 1834 1998 et

249 2054 380 2110 ideo
399 2056 493 2122 ipsi
521 2051 894 2121 temporalium
924 2062 1098 2102 rerum
1125 2043 1415 2112 cupiditate
1439 2038 1655 2108 obligati
1686 2043 1829 2098 sunt,

249 2148 499 2201 timentes
538 2159 758 2213 parcere
792 2139 1017 2193 Domino
1041 2177 1057 2203 ,
1107 2151 1174 2190 ne
1199 2152 1225 2187 a
1253 2131 1512 2188 Romanis
1552 2127 1835 2198 perderent

251 2240 424 2293 locum
453 2235 637 2306 (Joan.
662 2249 737 2296 xl,
768 2231 893 2300 48);
921 2240 974 2284 et
1001 2230 1265 2282 inuentes
1308 2224 1359 2278 in
1399 2221 1626 2306 lapidem
1658 2216 1832 2272 olTen-

250 2329 412 2382 sionis
441 2297 620 2398 (Rom.
653 2339 732 2388 Ix,
761 2297 854 2391 52)
884 2329 939 2374 et
975 2328 1179 2389 petram
1220 2297 1476 2379 scandali,
1508 2312 1575 2365 de
1605 2325 1699 2378 Spe
1726 2324 1836 2363 ete-

250 2419 363 2475 lesti
391 2415 707 2472 ceciderunt
741 2433 751 2466 :
781 2413 974 2482 quibus
1007 2410 1221 2463 czreitas
1249 2423 1310 2461 ex
1337 2416 1486 2476 parte
1512 2401 1670 2457 Israel
1700 2400 1833 2454 facta

245 2519 347 2575 est,
380 2504 753 2577 ignorantibus
782 2502 875 2556 Dei
917 2499 1176 2570 justitiam
1205 2539 1218 2559 ,
1263 2504 1320 2550 et
1344 2510 1492 2550 suam
1538 2490 1836 2545 volentibus

252 2599 575 2654 constituere
600 2593 713 2665 (Id.
746 2609 799 2656 χ,
835 2591 911 2663 3).
949 2588 1058 2644 Nos
1079 2603 1194 2642 vero
1219 2586 1529 2641 surreximus
1551 2582 1594 2647 ’,
1616 2590 1659 2633 et
1689 2579 1838 2634 erecti

254 2706 422 2743 unius
449 2704 468 2742 :
500 2701 602 2742 nos
633 2700 760 2739 vero
788 2693 845 2738 ut
870 2681 1098 2753 populus
1126 2678 1374 2734 Gentium
1401 2675 1642 2737 intraret,
1669 2671 1734 2725 de
1765 2671 1841 2724 la.

256 2781 459 2851 pidibus
494 2776 714 2834 excitati
750 2775 841 2828 lilii
872 2771 1140 2826 Abraham
1173 2767 1382 2840 (Matth.
1408 2782 1484 2830 ιιι,
1510 2762 1565 2835 9)
1597 2763 1685 2832 qui
1730 2778 1834 2815 non

258 2873 590 2927 sectabamur
609 2867 866 2936 justitiam
886 2905 904 2930 ,
934 2859 1379 2932 apprehendimus
1402 2872 1520 2912 eam
1549 2855 1721 2926 (Rom.
1751 2869 1824 2918 Ix,

258 2961 373 3032 30),
418 2972 471 3016 et
500 2957 869 3018 surreximus;
900 2969 997 3008 nec
1036 2951 1238 3007 viribus
1263 2950 1494 3012 nostris,
1535 2945 1628 3001 sed
1658 2961 1750 3016 per
1776 2941 1839 2996 li-

261 3055 371 3110 dem
395 3049 674 3124 justiticati
702 3048 865 3102 erecti
897 3060 1100 3100 smnus.

327 3149 410 3202 10.
459 3145 612 3218 [vers
651 3139 765 3213 10.]
808 3141 1040 3205 Domine,
1076 3139 1270 3191 salvum
1295 3138 1376 3206 [ac
1404 3148 1569 3202 regem
1597 3146 1615 3183 :
1648 3140 1703 3182 ut
1730 3129 1842 3197 ipse

255 3240 345 3310 qui
387 3237 544 3292 nobis
570 3232 845 3304 praeliandi
886 3230 1186 3298 exemplum
1219 3225 1463 3297 passione
1491 3219 1840 3284 monstravit,

257 3330 442 3385 oderat
484 3328 652 3383 etiam
687 3323 946 3380 sacrilicia
975 3329 1153 3376 nostra
1177 3359 1197 3386 ,
1235 3316 1482 3372 sacerdos
1510 3313 1771 3367 excitatus
1813 3325 1843 3363 a

264 3421 478 3474 mortuis
498 3459 514 3483 ,
543 3427 601 3473 et
629 3415 684 3470 in
715 3414 854 3468 cmlo
879 3411 1219 3466 constitutus.
1262 3405 1330 3459 Et
1356 3404 1538 3459 exaudi
1565 3419 1654 3455 nos
1682 3403 1735 3454 in
1767 3400 1848 3452 die

260 3508 776 3580 quainvooaverimus
805 3515 852 3558 te
884 3519 902 3557 :
930 3517 1037 3572 quo
1055 3501 1163 3570 jam
1192 3515 1286 3568 pro
1313 3497 1466 3552 nobis
1493 3493 1752 3549 oli'erente
1782 3491 1803 3523 ³
1827 3533 1844 3559 ,

266 3602 447 3656 exaudi
471 3613 578 3655 nos
604 3597 664 3651 in
691 3595 780 3651 die
805 3609 908 3665 qua
933 3591 1358 3646 invocaverimus
1387 3599 1458 3642 te.

273 3716 1839 3750 _____________________._.__.

707 3827 784 3889 IN
825 3824 1206 3887 PSALMUM
1246 3821 1374 3882 XX

859 3947 993 4002 ENA
1004 3945 1278 4000 RIiATlO.

623 4060 689 4114 In
715 4061 886 4130 linem,
918 4057 1154 4112 Psalmus
1181 4057 1279 4127 ipsi
1309 4054 1492 4109 David.

342 4205 386 4256 l.
436 4201 594 4273 hers.
637 4195 717 4270 1.]
748 4197 956 4251 Titulus
1005 4202 1164 4248 notus
1212 4201 1331 4257 est;
1381 4189 1450 4246 de
1493 4189 1706 4244 Christo
1756 4202 1848 4242 ca-

269 4294 440 4349 uitur-

340 4385 391 4438 2.
419 4383 574 4456 [vers.
610 4379 695 4452 2.]
738 4379 981 4437 Domine,
1019 4378 1070 4430 in
1105 4376 1290 4429 virtute
1317 4386 1404 4428 tua
1433 4373 1682 4428 lmtabitur
1719 4385 1810 4425 rea:
1833 4385 1855 4425 :

273 4476 494 4531 Domine
517 4516 534 4540 ,
563 4475 616 4528 in
644 4473 840 4526 virtute
884 4481 1003 4533 tua,
1033 4483 1136 4539 qua
1166 4467 1186 4498 ⁸
1219 4467 1446 4522 Verbum
1487 4480 1612 4519 caro
1661 4464 1852 4516 factum

273 4578 376 4633 est,
403 4565 671 4621 lzetabitur
698 4562 859 4617 homo
884 4560 1126 4614 Christus
1161 4557 1335 4612 Jesus.
1383 4555 1447 4609 Et
1474 4571 1625 4625 super
1645 4552 1857 4606 salutari

277 4672 362 4711 tuo
389 4655 660 4712 exsultabit
691 4654 1000 4708 vehementer
1027 4668 1046 4705 :
1075 4658 1129 4705 et
1157 4664 1317 4720 super
1341 4648 1462 4714 hoc,
1493 4661 1600 4717 quo
1623 4644 1860 4700 viviﬁcas

277 4752 474 4813 omnia,
504 4747 792 4804 exsultabit
825 4745 1185 4799 vehementer.

348 4843 402 4895 '5.
430 4839 583 4912 [rem
612 4835 691 4910 5.]
735 4835 1054 4891 Desiderium
1088 4835 1270 4888 anima:
1307 4834 1416 4902 ejus
1441 4830 1623 4884 dedisti
1648 4829 1692 4882 ei
1718 4844 1738 4883 :
1764 4826 1860 4883 de-

282 4933 541 4988 sideravit
565 4929 886 4986 manducare
912 4927 1112 4982 Pascha
1154 4925 1304 4995 (Luc.
1329 4940 1436 4979 χχιι
1459 4965 1474 4990 ,
1508 4922 1596 4993 15)
1621 4963 1635 4988 ,
1669 4930 1723 4976 et
1761 4935 1862 4991 po-

284 5041 412 5079 nere
429 5040 552 5080 cnm
580 5024 759 5086 vellet,
789 5031 949 5090 atque
976 5021 1167 5076 iterum
1192 5033 1312 5072 cum
1333 5017 1493 5071 vellet
1518 5030 1728 5069 sumere
1751 5015 1866 5067 ani-

288 5135 424 5173 mam
453 5133 606 5172 suam
637 5115 814 5186 (Joan.
843 5131 899 5181 Χ,
933 5113 1059 5185 18);
1100 5123 1155 5168 et
1191 5112 1380 5167 dedisti
1410 5112 1478 5166 ei.
1524 5109 1588 5163 Et
1618 5110 1868 5162 voluntate

287 5211 536 5264 labiorum
562 5209 671 5278 ejus
695 5224 797 5261 non
827 5207 1032 5274 privasti
1054 5205 1076 5237 ⁸
1099 5221 1233 5258 eum.
1263 5202 1444 5255 Pacem
1470 5217 1652 5266 meam,
1676 5199 1866 5268 inquit,

288 5302 517 5367 relinquo
545 5300 682 5354 vobis
710 5297 820 5370 (Id.
848 5313 937 5352 xlv
957 5337 971 5358 ,
1001 5297 1097 5363 Ξῖ)
1140 5312 1152 5346 :
1181 5304 1235 5348 et
1263 5294 1456 5347 factum
1484 5296 1584 5346 e'st.

360 5395 416 5448 ι.
456 5391 609 5466 [vers.
652 5389 732 5463 4.]
775 5389 1026 5455 Quoniam
1053 5387 1334 5458 praevenisti
1360 5402 1470 5439 eum
1495 5386 1548 5438 in
1572 5383 1873 5438 benedictio—

356 5551 374 5582 ι
397 5548 525 5597 mlh.
549 5554 654 5606 ls.,
679 5547 916 5608 feruntur.

355 5613 378 5642 ³
402 5613 612 5660 notiores
631 5604 764 5664 ὡς..
787 5604 1161 5657 resurreximus.

357 5675 382 5704 ³
402 5674 471 5722 sic
492 5677 598 5722 Mss.
623 5678 685 5733 at
707 5662 840 5728 edd.,
867 5666 1097 5733 Quoniam
1119 5677 1208 5728 pro
1221 5662 1352 5733 nobis
1365 5663 1514 5733 mers
1531 5669 1591 5712 te.

359 5735 378 5763 ⁸
404 5733 533 5797 Ftld.,_
556 5731 686 5797 quod
711 5745 728 5782 :
756 5740 809 5780 et
830 5723 976 5797 paulo
1001 5723 1129 5797 post,
1166 5728 1291 5797 quod
1323 5723 1558 5797 .rjr'i/icus.
1611 5731 1666 5774 Al.
1697 5723 1878 5783 aliquot

297 5803 402 5843 ms.
428 5796 502 5844 hic
521 5787 726 5856 habent,
753 5787 865 5856 qua,
891 5799 942 5841 et
962 5787 1101 5847 infra,
1125 5787 1217 5856 quo
1242 5787 1466 5856 tjriﬁcas.

359 5858 380 5888 ⁸
393 5859 518 5915 titul,
532 5847 794 5917 fraudaui.
808 5847 1058 5908 Mssvcro,
1069 5850 1266 5914 prirasti
1274 5890 1280 5896 .
1299 5847 1343 5897 tsi
1359 5857 1518 5898 (Ii-aco
1529 5855 1620 5908 est,
1632 5847 1874 5897 esterésar.

361 5941 434 6003 (α)
457 5941 584 5994 hiem
607 5953 741 5993 vers.
766 5937 799 5988 8
817 5944 1045 5988 tractatur
1073 5936 1120 5984 in
1143 5942 1277 5983 Enar.
1305 5938 1421 5983 t‘sn.
1445 5947 1601 5986 σιω-ι.
1625 5945 1671 5980 ιι.
1705 5931 1780 5979 19.

1371 466 1765 529 ENARIIATIO
1805 462 1866 518 IN
1909 462 2227 524 PSALMUM
2271 470 2386 524 XX.

3419 480 3520 536 166

1936 581 2080 634 nibus
2107 583 2386 638 dulcedinis
2419 600 2437 638 :
2467 586 2712 654 quoniam
2744 587 2888 656 prius
2913 587 3162 646 hauserat
3186 592 3510 650 benedictio-

1936 671 2373 728 nemdnlccdinis
2400 684 2533 740 tuzu,
2567 676 2632 731 fel
2679 689 3014 746 peccatorum
3058 692 3358 738 nostrormn
3403 700 3514 741 non

1933 765 2114 816 nocuit
2142 765 2189 818 ei
2221 766 2316 834 (ιι).
2349 764 2574 819 Posuisti
2595 768 2643 820 in
2667 769 2833 837 capite
2859 770 2966 840 ejus
2999 787 3236 825 coronam
3261 775 3323 827 de
3342 777 3513 843 lapide

1931 855 2151 922 pretioso
2179 871 2198 908 :
2225 856 2274 908 in
2309 859 2565 925 principio
2604 860 2864 914 sermonis
2909 861 3022 930 ejus
3051 864 3363 919 accedentes
3398 881 3512 920 am-

1933 948 2143 1000 bierunt
2171 963 2237 1001 en
2262 968 2290 1000 ιι
2322 949 2528 1018 lapides
2550 953 2802 1021 pretiosi,
2835 953 3078 1024 discipuli
3105 957 3220 1020 sui,
3249 972 3278 1010 a
3319 960 3513 1028 quibus

1935 1040 2208 1093 exordium
2239 1043 2650 1096 anmmtiationis
2681 1046 2797 1111 ejus
2825 1046 2993 1100 licret.

2003 1131 2059 1183 5.
2102 1128 2250 1201 [vers.
2422 1131 2587 1186 Vitam
2631 1136 2807 1202 petiit,
2850 1145 2894 1189 et
2933 1137 3114 1190 dedisti
3149 1138 3196 1192 ei
3221 1155 3240 1192 :
3270 1155 3514 1196 resurre-

1933 1221 2162 1274 ctionem
2194 1223 2380 1292 petiit,
2408 1223 2622 1285 dicens,
2653 1224 2810 1279 Pater
2832 1267 2846 1292 ,
2879 1228 3104 1294 clari/ica
3131 1229 3323 1284 Filium
3363 1245 3506 1286 tuum

1937 1311 2117 1382 (Joun.
2147 1329 2259 1368 xvn
2281 1355 2295 1378 ,
2331 1313 2415 1386 1);
2444 1325 2496 1370 et
2522 1316 2714 1371 dedisti
2744 1319 2811 1371 ei.
2842 1317 3231 1388 Longitudinem
3252 1323 3446 1376 dierum
3459 1325 3512 1377 in

1934 1405 2170 1458 sazculum
2209 1406 2383 1460 saeculi
2410 1423 2428 1460 :
2456 1408 2607 1477 longa
2654 1418 2888 1480 tempora
2935 1413 3112 1467 smelili
3160 1415 3351 1484 lmjus,
3396 1431 3514 1484 qnze

1935 1495 2156 1552 haberet
2186 1497 2440 1564 Ecclesia,
2463 1509 2516 1555 et
2536 1499 2786 1571 deinceps
2803 1505 3150 1560 aeternitatem
3176 1507 3228 1560 in
3257 1509 3514 1563 saeculum

1935 1588 2138 1642 smeuli.

2007 1678 2058 1733 6.
2098 1677 2247 1750 (vers.
2288 1679 2366 1752 6.]
2397 1681 2588 1752 Magna
2627 1693 2698 1737 est
2741 1684 2903 1754 gloria
2940 1687 3049 1755 ejus
3091 1689 3142 1741 in
3181 1691 3342 1742 salute
3381 1699 3466 1742 tua
3495 1707 3515 1745 :

1937 1785 2123 1840 magna
2153 1781 2233 1824 est
2260 1773 2470 1838 quidem
2497 1773 2662 1843 gloria
2687 1775 2802 1843 ejus
2835 1777 2883 1829 in
2911 1777 3080 1832 salute
3102 1820 3116 1842 ,
3147 1795 3247 1847 qua
3280 1795 3400 1833 eum
3431 1796 3517 1834 re-

1935 1863 2223 1917 suscitasti.
2255 1863 2482 1917 Gloriam
2513 1876 2560 1918 et
2593 1883 2829 1936 magnum
2858 1869 3083 1921 decorem
3115 1870 3338 1937 impones
3367 1888 3517 1939 super

1937 1969 2049 2005 eum
2078 1969 2098 2007 :
2123 1953 2216 2008 sed
2257 1955 2430 2008 adhuc
2456 1956 2677 2024 gloriam
2706 1965 2761 2012 et
2789 1973 3036 2026 magnum
3073 1959 3319 2015 decorem
3351 1961 3515 2017 addes

1937 2043 1984 2097 ei
2005 2085 2019 2109 ,
2051 2058 2168 2098 cum
2199 2046 2247 2098 in
2279 2047 2416 2098 cmlo
2445 2047 2731 2102 collocabis
2756 2049 2821 2103 ad
2849 2049 3119 2105 dexteram
3149 2061 3311 2106 tuam.

2009 2135 2060 2187 7.
2093 2133 2240 2206 [vers.
2271 2134 2347 2208 7.]
2379 2135 2630 2202 Quoniam
2657 2138 2798 2193 dabis
2823 2141 2867 2192 ei
2895 2141 3278 2195 benedictionem
3321 2145 3374 2197 in
3417 2160 3516 2199 sat-

1939 2224 2109 2276 culum
2136 2227 2306 2278 swculi
2337 2242 2356 2278 :
2385 2227 2496 2281 haec
2526 2239 2607 2282 est
2649 2229 2977 2294 benedictio,
3012 2247 3166 2301 quam
3195 2234 3243 2287 ei
3285 2234 3436 2287 dabis
3466 2237 3517 2289 in

1940 2315 2189 2369 satculum
2215 2317 2390 2370 saeculi
2424 2335 2437 2371 :
2469 2316 2773 2386 Lwtiﬁcabis
2801 2337 2912 2374 eum
2945 2321 2999 2375 in
3024 2324 3210 2393 gaudio
3235 2341 3350 2377 cum
3379 2326 3519 2380 vultu

1941 2413 2024 2456 tuo
2053 2419 2072 2456 :
2097 2406 2389 2461 secundum
2421 2407 2686 2463 hominem
2731 2409 3022 2467 laniﬁcabis
3047 2427 3172 2468 eum
3207 2429 3330 2469 cum
3371 2417 3519 2470 vultu

1944 2502 2054 2558 tuo,
2082 2510 2237 2564 quem
2271 2497 2461 2552 levavit
2485 2500 2550 2552 ad
2581 2509 2650 2553 te.

2013 2584 2066 2638 8.
2111 2584 2258 2658 (vers.
2287 2585 2366 2660 8.]
2400 2589 2651 2656 Quoniam
2688 2607 2778 2644 rex
2799 2601 2970 2660 sperat
3005 2593 3058 2646 in
3091 2593 3306 2649 Domino
3341 2611 3360 2650 :
3385 2611 3520 2666 quo-

1946 2676 2084 2729 niam
2117 2692 2209 2732 rex
2235 2693 2340 2732 non
2366 2680 2637 2748 superbit,
2680 2682 2774 2736 sed
2812 2682 3024 2738 humilis
3051 2685 3214 2740 corde
3252 2697 3433 2756 sperat
3469 2688 3523 2742 in

1947 2766 2194 2820 Domino.
2225 2766 2288 2820 Et
2324 2769 2376 2822 in
2403 2769 2648 2823 Altissinn'
2678 2771 3022 2828 misericordia
3049 2790 3152 2828 non
3190 2777 3523 2830 commovebi-

1899 2911 1905 2916 ,
1947 2867 2027 2910 tur
2068 2872 2086 2910 :
2125 2867 2178 2911 et
2220 2858 2271 2912 in
2317 2859 2573 2915 Altissimi
2623 2862 2983 2918 misericordia
3031 2881 3138 2920 non
3187 2869 3526 2924 conturbabit

1947 2945 2298 3004 humilitatem
2347 2950 2464 3019 ejus
2521 2951 2825 3008 obedientia
2874 2955 2892 2986 ι
2955 2970 3124 3026 usque
3179 2958 3248 3012 ad
3292 2968 3521 3014 mortem

1945 3051 2137 3090 Cl‘llClS.

2018 3129 2071 3183 9.
2115 3129 2263 3201 [vers.
2295 3129 2374 3204 9.]
2405 3131 2697 3188 Inveniatur
2721 3152 2902 3190 manus
2926 3146 3011 3190 tua
3048 3140 3280 3193 omnibus
3312 3141 3528 3196 inimicis

1949 3221 2045 3274 tuis
2074 3237 2091 3273 :
2120 3221 2438 3290 inveniatur,
2463 3239 2496 3278 o
2523 3241 2636 3292 rex,
2668 3235 2904 3294 potestas
2932 3238 3039 3294 tua,
3063 3244 3180 3282 eum
3203 3230 3268 3284 ad
3287 3230 3528 3299 judican-

1949 3311 2074 3365 dum
2101 3314 2311 3368 veneris
2332 3355 2347 3379 ,
2379 3315 2625 3370 omnibus
2650 3317 2876 3371 inimicis
2905 3320 3007 3374 tuis
3032 3361 3047 3385 ,
3077 3322 3166 3390 qui
3193 3337 3310 3375 cam
3345 3321 3396 3376 in
3426 3323 3530 3376 hu-

1952 3404 2177 3459 militate
2214 3413 2299 3458 tua
2337 3421 2441 3459 non
2484 3407 2878 3462 intellexerunt.
2925 3408 3144 3463 Dextera
3183 3420 3271 3464 tua
3314 3412 3531 3466 inveniat

1953 3509 2121 3546 omnes
2145 3495 2230 3563 qui
2258 3505 2304 3549 te
2345 3496 2556 3549 oderunt
2583 3512 2602 3550 :
2628 3498 2841 3552 claritas
2877 3515 2978 3567 qua
3010 3515 3201 3568 regnas
3238 3501 3303 3555 ad
3345 3502 3532 3557 dexte-

1954 3600 2067 3639 ram
2141 3585 2351 3652 Patris,
2429 3588 2659 3643 inveniat
2722 3592 2775 3642 tn
2841 3589 2928 3644 die
2991 3592 3172 3658 judicii
3235 3594 3532 3662 puniendos

1953 3692 2137 3732 omnes
2160 3678 2250 3748 qui
2277 3689 2326 3734 te
2353 3679 2610 3743 oderunt;
2640 3681 2760 3752 quia
2790 3696 2931 3735 nunc
2961 3683 3058 3750 ipsi
3084 3697 3190 3736 non
3213 3684 3532 3740 invenerunt

1954 3784 2094 3823 eam.

2029 3863 2114 3918 10.
2147 3862 2294 3935 [vet-s.
2332 3862 2444 3935 10.]
2489 3862 2655 3917 Panes
2698 3881 2783 3920 eos
2826 3875 2878 3917 nt
2910 3864 3161 3918 clibanum
3194 3867 3325 3936 ignis
3358 3881 3376 3919 :
3404 3881 3536 3921 con-

1955 3955 2144 4010 stitues
2173 3971 2267 4009 eos
2292 3956 2542 4010 ardentes
2567 3955 2904 4016 intrinsecus,
2935 3956 3258 4010 conscientia
3287 3955 3533 4026 impieta-

1958 4049 2024 4103 tis
2048 4065 2177 4104 suar.
2207 4047 2273 4102 In
2303 4060 2523 4116 tempore
2550 4049 2716 4102 vultus
2741 4049 2815 4102 tui
2842 4064 2858 4102 :
2887 4050 2936 4101 in
2969 4056 3204 4117 tempore
3229 4049 3538 4104 manifesta-

1955 4142 2119 4195 tioais
2148 4150 2271 4194 tute.
2299 4137 2548 4193 Dominus
2574 4140 2626 4192 in
2653 4139 2733 4193 ira
2765 4156 2857 4193 sua
2887 4142 3196 4194 conturbabit
3233 4155 3316 4195 eos
3339 4183 3354 4207 ,
3381 4151 3428 4194 et
3450 4142 3540 4193 de-

1957 4236 2152 4288 vorabit
2178 4251 2261 4288 eos
2287 4234 2417 4305 ignis
2446 4249 2464 4287 :
2491 4231 2686 4287 deinde
2707 4232 3004 4286 conturbati
3034 4231 3258 4286 vindicta
3291 4233 3496 4285 Domini
3522 4273 3538 4297 ,

1959 4334 2077 4396 post
2103 4324 2498 4380 accusationem
2522 4321 2884 4387 conscientiae,
2907 4320 3172 4376 dabuntur
3200 4321 3306 4390 igni
3336 4330 3541 4376 aeterno

1958 4416 2265 4472 devorandi.

2033 4509 2119 4562 11.
2162 4505 2312 4579 [vers.
2359 4505 2470 4580 11.]
2508 4505 2752 4559 Fructum
2789 4503 2995 4558 illorum
3030 4501 3092 4555 de
3137 4511 3271 4554 terra
3314 4501 3492 4570 perdes
3519 4517 3540 4558 .'

1963 4599 2192 4654 fructum
2218 4599 2428 4652 illorum
2447 4638 2462 4665 ,
2493 4599 2614 4667 quia
2644 4607 2884 4651 terrenus
2915 4603 2998 4650 est
3018 4635 3031 4658 ,
3061 4593 3251 4663 perdes
3276 4592 3344 4648 de
3375 4601 3538 4647 terra.

1964 4693 2031 4748 Et
2055 4710 2221 4747 semen
2250 4708 2423 4746 eorum
2460 4708 2491 4744 a
2529 4691 2652 4759 ﬁliis
2676 4689 2937 4744 hominum
2966 4704 2986 4742 :
3010 4695 3065 4741 et
3097 4701 3258 4756 opera
3285 4686 3493 4740 illorum
3523 4727 3540 4753 ,

1964 4787 2050 4843 vel
2076 4800 2440 4857 quoscumque
2478 4783 2837 4846 seduxerunt,
2870 4796 2976 4836 non
3002 4779 3281 4849 deputabis
3311 4779 3449 4833 inter
3475 4779 3541 4832 li-

1969 4879 2071 4934 lios
2101 4879 2396 4945 hominum,
2424 4893 2560 4948 quos
2584 4876 2641 4931 in
2661 4873 3023 4929 lmreditatem
3049 4871 3427 4941 sempiternam
3453 4884 3551 4922 vo-

1968 4972 2122 5027 casti.

2046 5067 2132 5120 19..
2166 5065 2314 5137 (vers.
2373 5061 2485 5134 12.]
2534 5059 2787 5128 Quoniam
2815 5057 3186 5111 declinaverunt
3215 5056 3266 5110 in
3297 5065 3345 5110 te
3369 5053 3506 5110 mala
3533 5071 3548 5109 :

1973 5157 2089 5212 hrcc
2113 5165 2289 5211 autem
2319 5168 2472 5224 paena
2499 5151 2822 5206 retribuetur
2849 5150 2947 5211 eis,
2976 5149 3222 5218 quoniam
3251 5147 3386 5200 mala
3431 5160 3551 5215 quae

1976 5249 2075 5303 sibi
2096 5249 2370 5303 imminere
2385 5256 2435 5300 te
2458 5254 2711 5314 regnante
2731 5241 3141 5306 arbitrabantur,
3167 5241 3218 5294 in
3239 5250 3291 5294 te
3305 5238 3551 5293 occiden-

1977 5341 2101 5396 dum
2120 5339 2480 5394 detorserant.
2509 5336 2860 5407 Cogitavernnt
2886 5333 3170 5396 consilium,
3187 5331 3321 5400 quod
3341 5346 3439 5382 non
3466 5345 3562 5395 ρο-

1981 5442 2180 5486 luerunt
2203 5430 2426 5485 stabilire
2447 5430 2840 5497 :cogitaverunt
2854 5425 3154 5487 consilium,
3181 5423 3436 5483 dicentes,
3458 5416 3560 5472 Ea:-

1984 5524 2114 5593 pedit
2138 5539 2292 5575 unum
2312 5538 2404 5590 pro
2436 5519 2663 5573 omnibus
2715 5517 2844 5571 mori
2874 5517 2890 5586 (
2921 5514 3008 5567 Id.
3040 5513 3252 5579 30.50);
3279 5509 3419 5576 quod
3448 5524 3555 5563 non

1988 5623 2272 5684 potuerunt
2296 5611 2552 5674 stabilire,
2583 5609 2882 5664 nescientes
2905 5605 3030 5674 quid
3061 5602 3307 5658 dixerint.

2049 5864 2063 5894 ί
2093 5861 2165 5907 sic
2187 5859 2378 5966 optinlue
2401 5864 2528 5907 nota:
2550 5861 2658 5902 Mss.
2688 5857 2739 5899 At
2762 5845 2894 5906 edd.,
2921 5849 3062 5905 atque
3083 5838 3418 5889 obedientiam.

2049 5926 2120 5966 (al
2145 5925 2238 5966 In:r
2259 5934 2309 5966 sa
2332 5932 2422 5966 Hla.

2047 5926 2120 5986 (α)
2145 5925 2241 5983 Dia;
2259 5925 2422 5969 saluta.
