4032 6528
470 439 570 496 167

545 549 631 602 13.
673 547 822 617 [vers.
881 542 993 614 13.]
1036 541 1285 608 Quoniam
1326 555 1478 610 pones
1519 555 1601 592 eos
1647 538 1890 590 dorsum:
1916 550 2052 602 quo-

472 644 614 694 niam
644 636 914 692 ordmaltis
953 651 1046 689 eos
1093 636 1143 687 in
1194 635 1296 696 his,
1341 648 1368 684 a
1409 632 1602 701 quibus
1647 629 1954 699 postpositis
2003 635 2058 679 ct

471 733 790 797 contemptis
819 727 1093 781 averteris.
1124 724 1191 778 In
1222 724 1445 793 reliquiis
1470 723 1568 775 tuis
1608 719 1914 789 praeparubis
1948 719 2059 770 vul-

474 832 579 874 tum
603 835 810 874 eorum:
840 827 893 872 et
922 821 973 871 in
1004 817 1084 870 his
1111 832 1228 885 que
1257 814 1533 883 relinquis,
1562 812 1612 864 id
1643 820 1724 864 est
1757 811 1805 862 in
1845 807 2057 875 cupidi-

478 915 672 967 tatibus
711 910 858 981 regni
901 909 1119 974 terreni,
1165 905 1486 977 prarpat‘abis
1525 903 1618 956 tibi
1655 901 1722 956 ad
1754 899 2056 970 passiooem

478 1004 861 1074 impudentiam
882 1016 1088 1055 eorum.

553 1094 639 1148 14.
683 1089 832 1163 [vers.
880 1088 992 1161 11.]
1026 1089 1286 1145 Exultare,
1343 1083 1577 1147 Domine,
1622 1081 1674 1134 in
1718 1080 1900 1134 virtute
1935 1087 2062 1133 tua:

480 1202 637 1254 quem
669 1186 920 1238 humilem
962 1199 1067 1234 non
1098 1185 1477 1242 cognoverunt,
1518 1173 1782 1234 exaltare,
1816 1171 2059 1234 Domine,

480 1276 534 1329 in
563 1276 754 1328 virtute
787 1283 896 1336 tua,
923 1286 1083 1340 quam
1114 1269 1470 1322 inlirmitatem
1503 1272 1839 1334 putaverunt.
1883 1259 2066 1314 Canta-

487 1365 652 1419 bimus
679 1374 722 1418 et
746 1363 1014 1434 psallentus
1044 1362 1244 1414 virtutes
1271 1367 1383 1412 tuas
1409 1371 1428 1411 :
1458 1354 1622 1410 corde
1659 1360 1714 1407 et
1740 1366 1901 1421 Opere
1927 1350 2069 1406 cele-

482 1455 756 1510 brabimus
777 1465 830 1508 et
860 1463 980 1507 nota
1013 1451 1268 1505 faciemus
1299 1447 1554 1502 mirabilia
1586 1453 1696 1498 tua.

492 1571 2076 1604 _____________________.

878 1639 959 1700 IN
1003 1633 1382 1698 PSALMUM
1425 1632 1583 1693 XXI
1619 1628 1704 1710 (a)

1025 1755 1422 1813 ΕΝΑιιιιΑΤιο
1463 1753 1502 1807 I.

541 1876 608 1930 In
629 1877 799 1945 ﬁnem,
830 1890 922 1944 pro
951 1872 1264 1942 susceptione
1287 1867 1555 1929 matutina,
1588 1863 1826 1917 Psalmus
1851 1857 2036 1914 David.

555 1991 607 2043 1.
650 1987 798 2060 [νέης
829 1984 905 2056 1.]
926 1985 983 2038 ln
1012 1983 1191 2046 linem,
1217 1995 1311 2051 pro
1330 1977 1722 2035 resurrectione
1735 1989 1826 2028 sua
1846 1973 1959 2041 ipse
1983 1970 2078 2024 Do-

481 2082 658 2137 minus
679 2079 834 2135 Jesus
852 2075 1095 2132 Christus
1109 2074 1359 2144 loquitur.
1377 2070 1624 2125 Matutina
1641 2067 1781 2123 enim
1803 2064 2078 2132 fuitprima

482 2173 686 2228 sabbati
716 2170 1036 2226 resurrectio
1061 2167 1197 2236 ejus,
1216 2181 1319 2234 qua
1344 2171 1624 2230 susceptus
1643 2159 1797 2214 estin
1821 2167 2077 2211 aeternam

483 2267 672 2328 vitam,
703 2263 789 2316 cui
818 2275 963 2315 mors
990 2261 1127 2313 ultra
1157 2273 1263 2311 non
1292 2254 1652 2309 dominabitur
1692 2249 1867 2322 (Rom.
1895 2263 1966 2311 vt,
1997 2245 2075 2314 9).

485 2357 746 2411 Dicuntur
775 2361 952 2406 autem
977 2351 1075 2404 ista
1097 2365 1163 2403 ex
1187 2362 1414 2418 persona
1441 2342 1680 2400 cruciﬁxi
1701 2361 1714 2396 :
1739 2356 1858 2394 nam
1887 2339 1955 2394 de
1977 2353 2070 2393 ca-

487 2432 596 2516 pite
619 2444 806 2514 psalmi
837 2441 994 2511 hujus
1029 2448 1155 2495 sunt
1180 2439 1340 2493 verba
1370 2453 1486 2507 quae
1515 2437 1630 2506 ipse
1657 2433 1908 2488 clamavit
1947 2447 2068 2485 eum

487 2538 540 2592 in
568 2551 728 2591 cruce
757 2533 1030 2604 penderet,
1085 2545 1364 2599 personam
1405 2529 1565 2582 etiam
1613 2538 1832 2580 servans
1883 2523 2079 2578 veteris

489 2628 740 2693 hominis,
769 2625 922 2694 cujus
943 2623 1315 2678 mortalitatem
1347 2621 1598 2691 portavit.
1632 2618 1763 2672 Nam
1798 2626 1955 2671 vetus
1976 2614 2076 2670 ho-

489 2735 580 2774 mo
609 2715 1038 2772 uestereonlixus
1064 2721 1146 2767 est
1169 2713 1311 2767 cruci
1341 2727 1461 2766 cum
1491 2711 1582 2763 illo
1603 2707 1786 2780 (Ibid.,
1821 2705 1898 2779 6).

562 2810 618 2864 2.
661 2807 812 2880 [vers.
864 2805 943 2878 2.]
986 2806 1140 2868 Deus,
1173 2804 1310 2857 Deus
1331 2820 1466 2857 meus
1487 2807 1677 2868 respice
1696 2816 1792 2864 me,
1822 2815 1976 2867 quare
2001 2813 2079 2851 me

491 2900 804 2970 dereliquiin
840 2898 985 2966 longe
1021 2913 1052 2949 a
1081 2897 1241 2951 salute
1271 2911 1380 2947 mea
1423 2893 1533 2964 (b)?
1563 2893 1720 2962 longe
1747 2891 1916 2945 lactus
1939 2906 1968 2943 a
1994 2905 2080 2943 sa-

493 2991 605 3045 lute
633 3005 779 3053 mea;
825 2988 1072 3058 quoniam
1119 2987 1273 3055 longe
1317 2994 1398 3038 est
1441 2999 1472 3038 a
1515 2983 1886 3054 peccatoribus
1933 2982 2078 3035 salus

502 3080 672 3149 (Psal.
715 3094 872 3133 cxvm
899 3118 913 3142 ,
943 3077 1088 3142 155).
1120 3074 1280 3128 Verba
1320 3075 1616 3128 delictorum
1653 3089 1877 3125 mearum
1908 3087 1927 3125 :
1957 3086 2078 3124 nam

495 3168 613 3222 bare
633 3169 793 3220 verba
824 3175 947 3219 sunt
965 3181 1069 3218 non
1089 3165 1329 3232 justitiae,
1355 3163 1446 3216 sed
1469 3163 1782 3216 delictorum
1811 3177 2074 3216 meorum.

495 3258 662 3314 Vetus
689 3259 829 3312 enim
862 3258 1024 3311 homo
1050 3257 1292 3311 conﬁxus
1309 3255 1452 3309 cruci
1477 3254 1742 3324 loquitur;
1766 3255 1927 3308 etiam
1953 3269 2080 3311 eau-

497 3363 613 3402 sam
659 3349 907 3418 ignorans
950 3363 1116 3416 quare
1163 3360 1284 3402 eum
1334 3344 1684 3415 dereliquerit
1736 3344 1878 3399 Deus
1923 3361 1940 3400 :
1989 3354 2082 3401 aut

495 3451 644 3494 certe
666 3482 680 3502 .
712 3439 886 3510 Longe
908 3455 941 3492 a
965 3437 1130 3493 salute
1155 3454 1265 3491 mea
1293 3447 1409 3491 sunt
1433 3437 1580 3491 verba
1616 3435 1914 3491 delictorum
1940 3453 2078 3492 meo-

495 3547 632 3585 rum.
1619 3537 1630 3547 "

567 3624 623 3678 5.
652 3621 800 3696 [vers.
859 3621 938 3696 5.]
974 3621 1112 3676 Deus
1146 3637 1314 3689 meus,
1361 3619 1590 3676 clamabo
1617 3621 1684 3674 ad
1713 3629 1758 3674 te
1783 3637 1872 3692 per
1909 3621 2076 3688 diem,

498 3731 589 3768 nec
614 3714 852 3768 exaudies
880 3714 951 3784 (ο)
983 3730 998 3767 :
1032 3713 1172 3767 Deus
1195 3727 1368 3780 meus,
1395 3713 1638 3768 clamabo
1665 3713 1730 3766 ad
1761 3721 1812 3768 te
1847 3713 1898 3767 in
1921 3714 2080 3770 rebus

495 3806 766 3876 prosperis
795 3806 953 3873 hujus
973 3805 1113 3866 vitae.
1137 3813 1196 3858 ut
1215 3819 1321 3859 non
1349 3813 1653 3868 mutentur;
1686 3819 1786 3859 nec
1803 3803 2077 3872 exaudies,

497 3898 618 3964 quia
665 3895 841 3950 verbis
868 3895 1182 3949 delictorum
1219 3911 1461 3950 meorum
1511 3895 1577 3948 ad
1624 3905 1675 3949 te
1718 3896 1982 3950 clamabo.
2011 3895 2080 3950 Et

502 3991 739 4047 nocte,‘et
775 4001 875 4038 non
901 3983 969 4037 ad
994 3983 1333 4053 insipientiam
1360 3985 1484 4038 mihi
1504 4000 1522 4038 :
1541 3994 1595 4040 et
1625 3985 1677 4039 in
1707 3985 1948 4040 adversis
1973 3985 2080 4040 uti-

495 4090 600 4144 que
631 4074 786 4145 hujus
811 4076 933 4128 vitaa
957 4073 1202 4129 clamabo
1227 4083 1286 4129 ut
1321 4086 1724 4145 prosperentur,
1755 4085 1809 4131 et
1836 4076 2080 4132 similiter

497 4180 604 4220 non
631 4164 906 4220 exaudies.
934 4164 1116 4234 Neque
1141 4165 1242 4219 hoc
1269 4167 1398 4220 facis
1425 4167 1490 4219 ad
1523 4165 1880 4236 insipientiam
1924 4168 2077 4234 mihi,

499 4257 592 4312 sed
614 4257 792 4326 potius
814 4265 873 4312 ut
896 4257 1096 4326 sapiam
1122 4257 1246 4324 qttid
1273 4257 1506 4312 clamare
1527 4274 1612 4312 me
1640 4259 1800 4323 velis;
1826 4275 1931 4313 non
1960 4275 2081 4314 ver-

497 4349 581 4404 bis
609 4347 920 4405 delictorum
947 4365 1012 4404 ex
1042 4349 1306 4403 desiderio
1328 4350 1638 4419 temporalis
1664 4351 1810 4417 vitaz,
1843 4351 1938 4406 sed
1961 4367 2076 4407 vcr-

497 4439 582 4498 bis
606 4441 970 4497 conversionis
996 4441 1059 4494 ad
1085 4451 1135 4494 te
1159 4442 1208 4495 in
1232 4443 1393 4495 vitam
1416 4451 1691 4497 aeternam.

565 4533 620 4590 4.
662 4530 812 4604 [vers.
865 4531 943 4605 4.]
973 4531 1047 4584 Tu
1073 4543 1238 4584 autem
1261 4533 1311 4585 in
1329 4541 1502 4586 sancto
1527 4533 1743 4596 habitas,
1764 4533 1874 4588 laus
1893 4532 2080 4587 Israel:

496 4633 554 4678 tu
579 4633 755 4677 autem
784 4624 835 4675 in
863 4633 1047 4675 sancto
1074 4623 1300 4685 habitas,
1333 4632 1386 4676 et
1416 4622 1536 4677 ideo
1566 4623 1835 4678 immunda
1860 4624 2081 4679 delicto-

496 4727 616 4768 rum
641 4713 803 4766 verba
845 4728 948 4764 non
977 4712 1247 4765 cxaudies.
1279 4711 1417 4765 Laus
1459 4712 1686 4766 videntis
1709 4724 1781 4778 te,
1826 4729 1930 4768 non
1963 4715 2078 4784 ejus

497 4803 588 4874 qui
617 4801 826 4856 laudem
855 4817 1004 4855 suam
1027 4803 1273 4869 quaasivit
1298 4802 1350 4855 in
1380 4802 1643 4871 gustando
1673 4805 1836 4858 vetito
1862 4805 2003 4870 cibo,
2025 4814 2082 4860 ut

499 4895 701 4965 apertis
739 4893 1011 4961 corporeis
1051 4894 1218 4948 oculis
1263 4892 1595 4948 abscondere
1636 4908 1696 4949 se
1737 4903 2022 4950 conaretur
2048 4911 2079 4950 a

498 4995 786 5052 conspectu
814 4993 902 5036 tuo
923 4982 1073 5048 (Gen.
1093 4991 1194 5053 ιιι).

569 5077 623 5131 5.
667 5073 817 5146 [vers.
871 5074 951 5147 5.]
1003 5075 1069 5128 In
1091 5086 1137 5129 te
1161 5085 1487 5145 speraverant
1502 5083 1670 5146 patres
1686 5076 2079 5131 nostri:omnes

499 5165 625 5233 iusti
653 5165 876 5231 scilicet,
905 5180 1010 5220 non
1031 5174 1331 5235 quaerentes
1357 5181 1506 5221 suam
1532 5165 1767 5232 laudem,
1796 5167 1889 5222 sed
1910 5176 2075 5233 tuam;

497 5265 839 5326 speraverant,
869 5265 913 5308 et
939 5256 1110 5309 eruisti
1141 5272 1244 5310 eos.

568 5344 621 5400 6.
665 5343 813 5417 [vers.
875 5345 952 5418 6.]
979 5345 1058 5399 Ad
1086 5356 1132 5399 te
1159 5345 1520 5414 clamaverunt,
1549 5358 1596 5402 et
1621 5349 1748 5403 salvi
1774 5349 1897 5420 facti
1923 5359 2037 5404 sum
2061 5368 2079 5403 .-

499 5437 564 5492 sd
594 5447 644 5493 te
674 5438 1056 5504 clamaveruut,
1099 5455 1206 5494 non
1252 5440 1431 5495 verbis
1471 5441 1792 5496 delictorum
1819 5457 1848 5497 a
1878 5444 2074 5513 quibus

581 5613 796 5682 mttunt;
812 5615 968 5675 ipsum
991 5613 1225 5663 Psalmum
1248 5628 1332 5664 xxt
1351 5617 1555 5678 exponit
1579 5619 1872 5678 Augustinus
1892 5618 1943 5667 in
1967 5622 2074 5682 Epi-

494 5675 616 5725 stula
636 5675 722 5724 140
741 5676 798 5724 ad
821 5683 1125 5724 Honoratum.

561 5736 632 5797 (b)
657 5736 921 5805 Deﬂeodem
943 5749 1072 5785 vers.
1096 5736 1132 5805 2
1142 5737 1302 5805 agitur
1326 5738 1374 5786 in
1398 5744 1534 5786 Enar.
1561 5737 1897 5805 Psal._xxxvu,
1939 5755 1989 5792 n.
2012 5743 2070 5805 6;

495 5809 628 5859 suit,
654 5811 698 5859 η.
726 5796 773 5856 ’2;
799 5812 922 5857 Lvm,
945 5811 1094 5846 serm.
1117 5796 1233 5853 1,11.
1254 5797 1308 5859 2;
1332 5813 1549 5858 Lxxxvu,
1574 5813 1622 5847 ιι.
1652 5801 1726 5849 14.

559 5856 631 5920 (ε)
655 5857 782 5908 Idem
807 5856 933 5910 vers.
959 5861 992 5910 5
1009 5867 1239 5911 tractatur
1262 5856 1312 5910 in
1333 5866 1472 5912 Enar.
1633 5877 1729 5926 un,
1754 5875 1805 5913 ιι.
1829 5866 1880 5915 5.

1698 424 1757 482 S.
1798 419 2162 480 AUGUSTINI
2201 422 2504 478 EPISCOPI

3635 415 3739 473 168

2170 535 2324 604 longe
2353 545 2436 590 est
2461 534 2626 599 salus,
2656 541 2712 590 et
2739 533 2859 590 ideo
2883 534 3011 589 salvi
3035 532 3156 589 facti
3184 541 3326 588 sunt.
3350 532 3415 586 In
3441 542 3488 588 te
3511 549 3736 604 sperave-

2163 640 2300 695 runt,
2345 638 2390 682 et
2421 645 2519 681 non
2548 639 2662 681 sunt
2690 628 2888 695 confusi
2911 642 2929 681 :
2954 627 3004 680 in
3036 637 3086 681 te
3124 636 3489 694 spcraverunt,
3521 641 3621 681 nec
3651 641 3749 681 eos

2166 719 2352 773 fefellit
2380 733 2532 787 spes;
2565 733 2667 771 non
2699 719 2839 771 enim
2871 717 2920 771 in
2953 731 3010 771 se
3040 716 3185 770 illam
3216 724 3529 785 posuerunt.

2236 812 2288 865 7.
2332 808 2481 882 [vers.
2536 809 2614 882 7.]
2642 809 2751 879 Ego
2777 821 2941 862 autent
2970 825 3082 862 sunt
3115 807 3313 874 vermis,
3344 817 3390 861 et
3424 824 3524 860 non
3552 806 3704 862 homo
3734 823 3755 861 :

2166 917 2265 970 ego
2293 912 2470 954 autem
2497 900 2605 970 jam
2653 916 2755 953 non
2787 915 2851 953 ex
2883 913 3107 968 persona
3141 896 3308 951 Adam
3362 897 3604 966 loquens,
3653 897 3755 952 sed

2167 1007 2266 1060 ego
2298 993 2509 1058 preprie
2535 990 2688 1044 lesus
2713 989 2955 1044 Christus
2980 989 3097 1042 sine
3134 988 3339 1042 semine
3369 987 3424 1041 in
3465 1002 3625 1042 carne
3656 1003 3758 1042 na-

2172 1093 2255 1135 tus
2279 1096 2394 1134 sum
2413 1082 2455 1144 ¹,
2485 1090 2540 1133 ιιι
2564 1095 2739 1134 essem
2765 1081 2816 1142 in
2850 1079 3067 1134 homine
3099 1078 3235 1132 ultra
3279 1078 3552 1142 homines;
3583 1087 3641 1132 ut
3667 1079 3759 1133 vel

2169 1174 2247 1226 sic
2268 1173 2574 1242 dignaretur
2613 1172 2804 1225 imitari
2839 1171 3066 1225 humana
3113 1169 3360 1238 superbia
3403 1170 3756 1224 humilitatem

2171 1277 2366 1316 meam.
2399 1261 2737 1331 Opprobrtum
2763 1261 3020 1314 hominum
3039 1269 3087 1313 et
3111 1259 3324 1328 abjectio
3350 1260 3506 1330 plebis
3527 1275 3546 1312 :
3569 1261 3620 1312 in
3650 1274 3761 1328 qua

2178 1351 2351 1407 factus
2382 1368 2498 1406 smn
2530 1351 2873 1422 opprobrium
2900 1350 3197 1411 hominum,
3245 1349 3313 1403 ita
3341 1359 3399 1403 ut
3435 1364 3534 1419 pro
3571 1349 3763 1404 convi-

2171 1444 2321 1499 cioso
2337 1443 2618 1498 maledicto
2640 1442 2933 1506 diceretur;
2954 1440 3034 1494 Tu
3059 1442 3127 1495 sis
3152 1441 3428 1510 discipulus
3443 1441 3552 1510 ejus
3574 1438 3761 1512 (Joan.

2175 1551 2249 1602 ix,
2276 1536 2393 1605 28),
2421 1545 2475 1590 et
2503 1535 2652 1605 plebs
2679 1549 2766 1590 me
2793 1544 3182 1590 contemneret.

2246 1626 2298 1679 8.
2342 1624 2494 1697 [vers.
2550 1623 2628 1696 8.]
2671 1623 2857 1678 Omnes
2889 1625 2974 1692 qui
3000 1623 3372 1692 conspiciebant
3405 1639 3502 1687 me,
3548 1623 3766 1677 subsan-

2175 1707 2362 1769 nabant
2393 1732 2470 1768 me
2490 1731 2508 1768 :
2538 1730 2725 1769 omnes
2765 1715 2852 1784 qui
2884 1715 3281 1782 conspiciebant
3319 1729 3426 1778 me,
3463 1714 3767 1769 irridebant

2177 1820 2284 1868 me,
2317 1803 2381 1858 Et
2423 1803 2576 1857 locuti
2605 1814 2719 1858 sunt
2745 1803 2907 1866 labiis,
2937 1812 2982 1858 et
3009 1812 3264 1856 moverunt
3304 1812 3498 1872 caput:
3517 1811 3572 1857 et
3596 1803 3765 1858 locuti

2178 1904 2302 1949 sunt
2329 1909 2432 1948 non
2464 1895 2516 1948 in
2545 1894 2728 1960 corde,
2752 1894 2842 1947 sed
2869 1895 2918 1947 in
2945 1891 3122 1947 labiis.

2248 1986 2301 2040 9.
2347 1983 2497 2058 [vers.
2549 1984 2628 2058 9.]
2668 1985 2798 2040 Nam
2844 1984 3129 2038 irridcntcr
3174 1990 3454 2038 moverunt.
3478 1982 3772 2051 caput,di-

2179 2086 2361 2133 centes
2404 2096 2417 2131 :
2449 2077 2682 2148 Speravit
2708 2077 2762 2130 in
2788 2075 3087 2140 Dominum,
3115 2086 3256 2129 eruat
3294 2091 3439 2138 eum;
3459 2076 3653 2128 salvum
3684 2079 3774 2144 fa-

2179 2169 2280 2222 ciat
2308 2184 2442 2234 eum,
2469 2168 2707 2238 quoniam
2734 2169 2837 2221 vult
2865 2183 3000 2221 eum.
3047 2166 3172 2220 llaec
3195 2167 3355 2221 verba
3386 2175 3555 2231 erant,
3579 2165 3676 2220 sed
3709 2167 3769 2219 in

2181 2259 2331 2312 labiis
2352 2259 2684 2314 dicebantur.

2254 2348 2340 2403 10.
2401 2346 2551 2420 [vers.
2606 2347 2719 2418 10.]
2761 2347 3013 2413 Quoniam
3040 2356 3093 2399 tu
3121 2361 3172 2399 es
3203 2345 3286 2414 qui
3316 2343 3575 2398 extraxiin
3601 2359 3678 2396 me
3703 2343 3777 2398 de

2180 2448 2347 2492 ventre
2367 2438 2650 2509 :quoniam
2681 2448 2733 2492 tu
2757 2453 2815 2492 es
2838 2438 2927 2508 qui
2947 2437 3220 2491 extraxisti
3250 2450 3354 2496 me,
3379 2450 3482 2488 non
3509 2433 3679 2488 solum
3695 2433 3776 2489 de

2182 2527 2275 2582 illo
2300 2537 2485 2582 ventre
2512 2527 2775 2596 virginali,
2805 2542 2926 2580 nam
2953 2526 3202 2582 omnibus
3232 2523 3530 2579 hominibus
3559 2525 3641 2578 lex
3661 2525 3769 2580 ista

2183 2618 2431 2673 nascendi
2467 2627 2550 2672 est
2582 2627 2638 2672 ut
2675 2617 2742 2672 de
2767 2625 2952 2671 ventre
2983 2615 3352 2679 extrahantur,
3387 2615 3479 2669 sed
3509 2616 3669 2670 etiam
3699 2615 3776 2670 de

2183 2721 2367 2766 ventre
2391 2693 2628 2766 ‘Judaica:
2673 2710 2876 2780 gentis;
2908 2708 3062 2777 cujus
3110 2707 3342 2763 tenebris
3383 2707 3673 2776 obtegitur,
3715 2716 3779 2764 et

2182 2802 2416 2856 nondmn
2447 2803 2499 2855 in
2523 2801 2697 2856 lucem
2726 2799 2921 2855 Christi
2954 2810 3108 2854 natus
3136 2807 3239 2866 est,
3279 2799 3518 2869 quisquis
3551 2798 3605 2853 in
3645 2814 3777 2853 car-

2182 2891 2286 2946 nali
2309 2891 2679 2946 observatione
2693 2891 2895 2946 sabbati
2914 2899 2966 2945 et
2986 2887 3409 2946 circumcisiouis
3425 2900 3782 2944 cmterorum-

2181 2999 2286 3053 que
2304 2983 2486 3038 talium
2503 2983 2730 3040 salutem
2761 2983 2930 3054 ponit.
2965 2984 3096 3056 Spes
3117 3001 3227 3037 mea
3247 2984 3308 3036 ab
3335 2983 3565 3036 uberibus
3591 2983 3779 3037 matris

2183 3091 2342 3130 mete:
2371 3090 2496 3146 spes
2538 3092 2656 3131 mea
2694 3077 2858 3143 Deus,
2891 3092 2996 3130 non
3022 3093 3086 3131 ex
3127 3090 3232 3146 quo
3270 3075 3522 3129 uberibus
3549 3074 3776 3143 virginis

2183 3166 2369 3224 lactari
2398 3167 2556 3238 cmpi,
2581 3183 2701 3222 nant
2724 3176 2777 3222 et
2796 3176 2917 3222 ante
2939 3167 3147 3237 utique;
3180 3163 3274 3221 seu
3301 3166 3368 3219 ab
3397 3165 3648 3220 uberibus
3669 3163 3781 3236 Sy-

2183 3275 2422 3331 nagogze,
2446 3260 2582 3314 sicut
2607 3258 2675 3314 de
2699 3268 2885 3314 ventre
2911 3259 3042 3324 dixi,
3089 3257 3364 3312 extruxisti
3405 3273 3507 3323 me,
3555 3272 3622 3312 ne
3648 3272 3780 3312 car-

2184 3350 2359 3406 nalem
2389 3349 2830 3405 consuetudinem
2856 3365 3124 3420 sugcrem.

2256 3442 2342 3496 11.
2384 3439 2533 3512 [vers.
2591 3439 2702 3513 11.]
2731 3439 2793 3494 In
2817 3451 2863 3495 te
2891 3442 3216 3510 conﬁrmatus
3242 3457 3441 3496 sumes:
3463 3451 3603 3495 utero
3621 3442 3782 3511 :ipse

2182 3541 2265 3586 est
2293 3541 2476 3586 uterus
2503 3531 2822 3603 Synagogae,
2853 3532 2942 3601 qui
2971 3547 3054 3586 me
3080 3548 3183 3585 non
3218 3530 3568 3608 pertulit,‘sed
3600 3531 3779 3600 jacta-

2182 3623 2258 3677 vit
2287 3639 2400 3678 me:
2434 3639 2536 3677 non
2567 3634 2743 3679 autem
2781 3623 2972 3686 'cecidi,
3015 3624 3138 3692 quia
3185 3624 3490 3677 continuisd
3541 3639 3647 3677 me.
3700 3625 3782 3677 De

2183 3724 2350 3768 ventre
2371 3716 2546 3768 matris
2581 3731 2704 3769 mea:
2737 3713 2876 3768 Deus
2913 3732 3051 3771 meus
3085 3731 3136 3770 εδ
3179 3726 3252 3768 tu.
3296 3714 3373 3769 De
3399 3725 3566 3768 ventre
3593 3719 3783 3771 matris

2183 3823 2307 3862 mete
2329 3822 2348 3860 :
2382 3822 2484 3861 non
2512 3805 2688 3862 ell‘ecit
2717 3815 2903 3861 venter
2929 3808 3113 3862 matris
3144 3823 3277 3861 mea:
3299 3817 3354 3860 ut
3374 3817 3620 3876 tauquam
3645 3823 3780 3874 par-

2184 3898 2339 3951 vulus
2359 3897 2554 3950 oblitus
2573 3912 2746 3950 essent
2772 3897 2868 3950 tui.

2257 3988 2343 4043 12.
2387 3987 2538 4061 [vers.
2589 3985 2699 4061 12.]
2742 3987 2876 4041 Deus
2901 4005 3040 4042 meus
3064 4004 3115 4041 es
3155 3997 3228 4054 tu,
3252 4005 3314 4042 nc
3341 3989 3569 4042 discedas
3591 4005 3624 4040 a
3648 4006 3735 4042 me
3757 4005 3779 4044 :

2183 4079 2419 4150 quoniam
2449 4079 2703 4133 tribulatio
2729 4080 2960 4150 prox-ima
2985 4089 3074 4134 est.
3103 4080 3241 4134 Deus
3271 4096 3420 4134 meus
3445 4096 3570 4150 ergo
3599 4095 3659 4134 es
3689 4091 3780 4148 tu,

2185 4188 2253 4228 ne
2275 4171 2519 4227 discedas
2544 4188 2575 4226 a
2605 4189 2726 4226 me:
2755 4173 3007 4243 quoniam
3036 4173 3302 4227 tribulatio
3337 4173 3483 4244 juxta
3531 4188 3617 4227 me
3646 4184 3780 4239 est;

2185 4278 2306 4317 nam
2329 4271 2411 4316 est
2435 4262 2484 4315 in
2512 4278 2740 4332 eorpore
2764 4277 2904 4317 meo.
2933 4263 3184 4330 Quoniam
3213 4281 3311 4317 non
3338 4274 3410 4318 est
3432 4265 3515 4334 qui
3534 4264 3784 4332 adjuvet:

2185 4355 2302 4425 quis
2319 4354 2462 4408 enim
2483 4355 2722 4423 adjuvat,
2751 4355 2795 4408 si
2830 4365 2884 4408 tu
2915 4371 3018 4409 non
3049 4355 3304 4425 adjuvas?

2256 4447 2342 4500 13.
2385 4444 2533 4517 [vers.
2579 4445 2692 4517 15.]
2751 4445 3199 4500 Circumdederunt
3255 4463 3334 4500 me
3375 4447 3516 4500 vituli
3571 4447 3730 4500 multi
3763 4465 3784 4503 :

2183 4536 2534 4592 circumdedit
2564 4553 2649 4592 me
2691 4538 2973 4592 multitudo
3020 4539 3335 4592 luxuriantis
3377 4539 3565 4609 plebis.
3607 4539 3781 4596 Tauri

2186 4627 2396 4697 pingues
2433 4625 2731 4682 obsederunt
2761 4625 2838 4682 me
2862 4644 2880 4681 :
2902 4637 2956 4682 et
2986 4629 3250 4698 principes
3294 4630 3411 4700 ejus
3453 4631 3520 4685 de
3545 4645 3786 4700 oppres-

2185 4720 2335 4774 sione
2366 4735 2482 4772 mea
2510 4719 2636 4778 lzuti.
2669 4719 2995 4774 obsederunt
3020 4737 3122 4775 me.

2259 4809 2345 4862 14.
2389 4807 2540 4880 [vers.
2601 4809 2710 4882 11.]
2748 4809 3067 4880 Aperuerunt
3110 4813 3162 4865 in
3202 4829 3280 4866 me
3309 4830 3364 4866 os
3401 4830 3546 4866 suum
3580 4829 3597 4866 :
3639 4829 3784 4883 ape-

2185 4910 2407 4955 ruerunt
2437 4902 2486 4954 iu
2516 4918 2600 4957 me
2633 4920 2714 4966 os,
2746 4919 2849 4957 non
2879 4904 2947 4958 de
2976 4903 3266 4973 Scripturis
3295 4906 3419 4970 tuis,
3451 4906 3542 4960 sed
3571 4905 3636 4961 de
3674 4921 3784 4962 cu-

2185 4993 2494 5062 piditatibus
2515 4997 2645 5047 suis.
2679 4995 2824 5048 Sicut
2853 4997 2928 5048 leo
2958 4997 3163 5064 rapiens
3190 5006 3236 5049 et
3263 4997 3500 5066 rugiens:
3519 4998 3656 5052 sicut
3686 4997 3787 5053 leo

2183 5084 2334 5153 cujus
2370 5085 2550 5155 rapina
2579 5095 2681 5148 est,
2709 5087 2849 5155 quod
2879 5089 3247 5156 apprehensus
3274 5088 3534 5144 adductus
3552 5091 3572 5120 '
3612 5105 3739 5144 sum
3764 5108 3781 5158 ;

2184 5183 2238 5230 ct
2263 5176 2482 5244 rugitus,
2512 5175 2780 5248 Cruci/iga,
2809 5177 3102 5249 Ct‘uciﬁge(
3141 5177 3234 5232 Id.
3266 5196 3373 5244 xIx,
3411 5180 3468 5253 6)
3494 5186 3508 5236 ι

2262 5267 2343 5320 15.
2383 5261 2538 5341 [vers.
2592 5267 2702 5340 15.]
2736 5271 2880 5324 Sicut
2911 5287 3045 5341 aqua
3071 5270 3262 5338 effusus
3303 5290 3434 5336 sum,
3467 5283 3513 5328 et
3540 5274 3787 5342 dispersa

2183 5363 2299 5409 sunt
2327 5357 2497 5409 omnia
2517 5375 2630 5412 ossa
2653 5375 2760 5411 mea
2781 5375 2798 5412 :
2825 5361 2960 5414 sicut
2985 5375 3118 5430 aqua
3145 5362 3344 5416 elfusus
3364 5379 3502 5430 smn,
3523 5365 3610 5420 ubi
3632 5366 3782 5436 lapsi

2183 5457 2308 5502 sunt
2334 5460 2706 5519 persecutores
2732 5451 2865 5514 mei;
2905 5461 2956 5504 et
2983 5452 3172 5507 timore
3200 5454 3436 5522 dispersa
3464 5467 3585 5509 sunt
3611 5472 3641 5509 a
3673 5474 3774 5515 me

2184 5537 2514 5592 firmamenta
2545 5541 2804 5607 corporis,
2837 5541 2936 5594 hoc
2966 5554 3047 5595 est
3073 5543 3343 5608 Ei-clcsim,
3377 5545 3616 5615 discipuli
3640 5551 3779 5607 mei.

2185 5629 2401 5688 Fadum
2444 5642 2515 5684 est
2561 5648 2646 5684 cor
2690 5650 2852 5686 meum
2880 5637 3009 5688 sicut
3049 5653 3164 5689 cera
3191 5639 3488 5705 liquescens,
3523 5642 3571 5693 in
3600 5641 3781 5700 medio

2247 5809 2262 5840 ⁸
2294 5805 2478 5870 Aliquot
2501 5815 2626 5864 Mss,
2651 5809 2751 5859 sine
2773 5810 2950 5859 semine
2972 5811 3248 5865 incantatus
3271 5828 3394 5864 sum.

2246 5871 2267 5901 ³
2289 5871 2360 5918 Sic
2381 5877 2487 5918 Mss.
2515 5880 2568 5920 At
2595 5872 2654 5918 l-Ld
2677 5872 2686 5918 l
2717 5909 2726 5930 ,
2755 5872 3008 5923 abductus.
