4032 6470
173 497 270 558 ιω

189 614 366 672 ventris
386 611 497 668 mei
524 627 547 669 :
575 612 857 697 sapientia
900 626 1040 682 mea,
1068 626 1189 685 quas
1230 612 1284 670 in
1326 615 1525 671 sanctis
1564 614 1716 671 libris
1735 613 1805 671 de

200 726 279 766 me
302 707 626 774 conscripta
654 716 766 774 est,
795 716 1045 778 tanquam
1071 705 1205 763 dura
1233 715 1289 762 et
1312 707 1492 765 clausa
1519 722 1624 763 non
1650 706 1807 763 intel-

208 801 495 875 ligebatur',
536 798 641 855 sed
688 807 972 870 postquam
1012 798 1149 869 ignis
1180 813 1313 856 meae
1341 798 1601 870 passionis
1628 811 1807 854 acces-

209 895 294 957 sit,
316 902 573 961 tanquam
602 888 920 960 liquefacta,
943 887 1279 945 manifestata
1295 899 1398 957 est,
1416 897 1470 945 et
1484 897 1705 960 excepta
1725 895 1809 945 est

216 988 264 1040 in
289 982 543 1039 memoria
565 980 834 1037 Ecclesia:
864 996 1018 1036 meat.

291 1079 365 1134 I6.
408 1076 566 1150 [νινε.
624 1074 741 1149 16.]
780 1074 996 1130 Exaruit
1024 1076 1156 1130 velut
1183 1083 1308 1130 testa
1342 1074 1499 1130 virtus
1551 1089 1809 1129 memer-

215 1173 347 1226 aruit
369 1169 629 1241 passione
647 1169 819 1223 virtus
846 1182 993 1233 mea;
1017 1183 1122 1222 non
1146 1166 1290 1222 velut
1313 1164 1513 1230 fenum,
1540 1165 1634 1221 sed
1663 1165 1810 1221 velut

219 1274 367 1329 testa,
401 1278 523 1333 quae
568 1260 631 1316 ﬁt
655 1262 779 1333 igne
801 1260 1025 1315 lirmior.
1050 1259 1114 1314 Et
1131 1259 1306 1333 lingua
1325 1277 1438 1314 mea
1461 1259 1674 1315 adluesit
1693 1259 1812 1329 faup

219 1356 353 1409 cibus
380 1354 508 1408 meis
532 1370 550 1407 :
577 1363 635 1408 et
663 1361 1009 1408 servaverunt
1036 1351 1177 1422 apud
1206 1366 1264 1407 se
1292 1358 1556 1423 prrecepta
1573 1366 1689 1406 mea
1709 1350 1807 1419 illi,

218 1462 470 1520 perquos
497 1438 773 1502 locuturus
812 1459 977 1501 eram.
1024 1443 1092 1498 Et
1131 1445 1183 1499 in
1228 1445 1481 1517 pulverem
1511 1445 1685 1499 mortis
1713 1443 1809 1500 de-

219 1539 405 1593 duxisti
435 1554 552 1592 me:
576 1546 635 1593 et
660 1536 712 1591 in
738 1536 929 1607 impios
972 1535 1132 1591 morti
1170 1534 1485 1604 destinatos,
1532 1549 1667 1606 quos
1693 1543 1811 1590 tan-

218 1649 373 1703 quam
402 1631 685 1703 pulverem
714 1628 925 1701 projicit
944 1637 1134 1685 ventus
1159 1645 1189 1683 a
1210 1627 1345 1685 facie
1372 1639 1548 1696 terrm,
1585 1626 1810 1684 deduxi-

219 1728 285 1780 sti
309 1741 419 1781 me.

287 1817 378 1871 l7.
422 1814 575 1888 [rem
630 1811 743 1888 17.]
785 1812 1035 1880 Quoniam
1073 1812 1505 1870 circumdeth
1545 1829 1624 1869 me
1659 1829 1809 1870 canes

218 1909 370 1962 πιαιιί
387 1928 405 1965 :
432 1907 681 1979 quoniam
707 1905 1174 1962 circumdederunt
1196 1921 1303 1974 me,
1322 1920 1426 1960 non
1445 1920 1541 1977 pro
1562 1906 1806 1972 veritate,

219 2002 325 2057 sed
351 2016 452 2071 pro
470 2000 873 2066 consuetudine,
904 1999 1161 2055 latrantes
1186 2000 1363 2055 multi.
1391 1998 1672 2055 Concilium
1695 2017 1807 2055 ma-

216 2096 523 2168 lignantium
568 2094 899 2149 circumdedit
935 2110 1032 2148 me.
1087 2092 1351 2148 Foderunt
1394 2110 1573 2149 manus
1596 2110 1733 2150 meas
1761 2103 1808 2149 et

220 2188 372 2258 pedes
393 2186 471 2258 (a)
492 2202 512 2241 :
544 2185 794 2241 foderunt
816 2186 981 2241 clavis
1010 2200 1199 2240 manus
1220 2200 1368 2241 meas
1400 2196 1455 2241 et
1478 2184 1662 2256 pedes.

286 2284 373 2338 18.
418 2282 572 2356 [rem
624 2282 739 2354 18.]
780 2282 1235 2337 Dinumeraverunt
1286 2281 1457 2336 omnia
1500 2297 1615 2336 ossa
1656 2297 1767 2337 mea
1789 2296 1810 2336 :

218 2372 695 2429 dinunicravcrunt
723 2373 776 2427 in
808 2373 952 2443 ligno
996 2372 1167 2427 crucis
1206 2379 1419 2427 extenta
1466 2372 1646 2427 omnia
1685 2385 1808 2428 ossa

217 2481 349 2519 mea.
376 2464 403 2518 1
410 2467 491 2536 psi
512 2481 626 2519 vero
651 2464 1091 2519 consideraverunt
1111 2472 1157 2517 et
1181 2472 1547 2529 conspexerunt
1568 2479 1648 2518 me
1669 2478 1689 2517 :
1708 2462 1808 2534 ipsi

217 2572 360 2619 vero,
394 2557 447 2612 id
474 2565 691 2612 estnon
719 2556 929 2621 mutati,
949 2554 1492 2610 consideraveruntet
1509 2568 1811 2624 conspexe-

218 2658 337 2703 runt
360 2664 470 2704 me.

286 2741 370 2797 i9.
414 2739 582 2814 [vers
641 2740 727 2797 l9.
755 2740 779 2815 ]
806 2740 1094 2796 Diviserunt
1137 2739 1231 2795 sibi
1258 2739 1548 2795 vestimenta
1581 2754 1713 2808 mea,
1757 2748 1810 2795 et

217 2851 361 2908 super
386 2845 573 2891 vestem
600 2852 764 2890 meam
788 2836 1028 2890 miserunt
1051 2843 1253 2889 sortem.

284 2928 373 2983 20.
416 2926 571 3002 [verm
626 2928 746 3003 20.]
788 2928 864 2982 Tu
893 2937 1078 2996 autem,
1113 2926 1345 2992 Domine,
1371 2943 1434 2982 ne
1459 2925 1608 2999 longe
1632 2925 1808 3000 feceris

220 3022 461 3074 mitium
486 3031 631 3075 tuum
658 3038 691 3074 a
732 3037 811 3074 me
843 3036 861 3075 :
894 3028 950 3074 tu
978 3028 1177 3085 autem,
1208 3017 1454 3085 Domine,
1482 3032 1588 3073 non
1617 3019 1669 3072 in
1702 3018 1809 3074 ﬁne

220 3113 417 3179 seaculi,
449 3114 586 3168 sicut
612 3121 869 3177 caeteros;
902 3111 997 3167 sed
1026 3113 1203 3167 statim
1227 3110 1485 3166 resuscita
1506 3124 1613 3165 me.
1633 3107 1699 3163 In
1721 3107 1809 3163 de-

219 3205 494 3273 fensionem
533 3221 698 3259 meam
742 3204 954 3275 aspice:
982 3203 1198 3274 aspice,
1242 3217 1311 3258 ne
1351 3200 1479 3273 quid
1529 3200 1659 3256 mihi
1703 3214 1806 3256 no-

220 3307 390 3353 erant.

285 3391 349 3445 2i
362 3431 375 3445 .
418 3390 573 3464 [rem
629 3391 694 3446 2i
707 3389 748 3464 .]
788 3389 928 3445 Erue
946 3407 978 3445 a
1004 3390 1199 3461 framea
1219 3389 1443 3444 animam
1462 3404 1627 3443 meam
1642 3403 1662 3442 :
1675 3400 1807 3446 erue

222 3483 451 3538 animam
480 3497 656 3538 meam
683 3497 713 3535 a
744 3483 917 3551 lingua
946 3480 1320 3536 dissensionis.
1353 3478 1419 3534 Et
1450 3479 1514 3534 de
1538 3494 1691 3533 manu
1712 3493 1806 3536 ca-

220 3575 296 3627 nis
313 3576 515 3628 unicam
544 3591 710 3630 meant
729 3590 748 3629 :
772 3573 914 3629 etde
936 3581 1201 3644 petestate
1227 3572 1406 3645 populi
1435 3587 1503 3628 ex
1528 3581 1809 3629 consuetu-

222 3663 341 3718 dine
366 3666 615 3721 latrantis
641 3664 937 3721 Ecclesiam
971 3678 1168 3720 meam.

287 3754 375 3809 22.
419 3755 577 3829 [εει-ε.
633 3754 753 3830 22.]
792 3755 1004 3812 Salvum
1030 3772 1109 3811 me
1134 3759 1217 3827 fac
1258 3755 1323 3811 de
1347 3769 1435 3810 ore
1470 3756 1666 3812 leonis:
1695 3758 1804 3813 sal-

216 3864 338 3903 vum
355 3866 443 3905 me
465 3849 548 3905 fac
574 3850 641 3905 de
667 3865 762 3906 ore
788 3851 940 3921 regni
967 3848 1260 3906 mularis.
1288 3848 1355 3903 Et
1379 3866 1411 3902 a
1434 3850 1667 3905 cornibus
1686 3853 1803 3906 uni-

216 3956 520 3996 cornuorum
551 3943 887 3997 humilitatem
916 3958 1115 3997 meam:
1139 3950 1194 3998 et
1212 3958 1243 3997 a
1264 3941 1683 3999 sublimitatibus
1707 3958 1769 3999 su
1786 3975 1803 3988 -

218 4034 502 4102 perbcrum
546 4048 606 4089 se
649 4034 993 4104 singulariter
1038 4034 1379 4104 erigentium,
1422 4042 1807 4105 consortesque

217 4141 325 4181 non
352 4127 662 4194 ferentium,
687 4127 888 4183 salvam
915 4126 999 4183 fac
1028 4127 1379 4183 humilitatem
1407 4142 1604 4183 meam.
1790 4198 1793 4203 _

282 4220 373 4276 23.
438 4236 573 4275 vers.
623 4217 739 4293 23.]
769 4218 1006 4274 Narrabo
1026 4236 1206 4275 nomen
1226 4229 1366 4274 tuum
1397 4220 1640 4291 fratribus
1659 4222 1806 4277 meis:

214 4314 443 4367 narrabo
470 4327 667 4368 nomen
711 4322 859 4367 tuum
904 4311 1216 4379 humilibus,
1244 4320 1299 4367 et
1324 4327 1383 4368 se
1421 4312 1647 4369 invicem
1677 4314 1804 4370 dili-

214 4404 456 4472 gentibus
478 4404 618 4459 sicut
643 4420 674 4457 a
702 4418 787 4458 me
815 4402 994 4459 dilecti
1020 4413 1143 4458 sunt
1164 4403 1412 4460 fratribus
1433 4404 1583 4459 meis.
1615 4403 1681 4458 In
1702 4422 1806 4460 me-

214 4497 293 4548 dio
339 4495 587 4550 Ecclesia:
623 4495 837 4549 cantabo
881 4504 967 4550 te:
1007 4494 1061 4550 in
1086 4494 1260 4552 medio
1285 4494 1542 4551 Ecclesiae
1567 4495 1804 4567 gaudens

215 4588 517 4657 prrdicabo
543 4598 614 4643 tc.

279 4682 372 4735 24.
414 4680 575 4754 [veru
617 4680 735 4755 2b.]
770 4681 870 4749 Qui
895 4682 1078 4737 timetis
1100 4680 1397 4751 Dominum,
1430 4683 1636 4738 laudate
1656 4700 1804 4741 eum:

212 4777 295 4843 qui
326 4773 527 4827 timetis
546 4772 851 4837 Dominum,
871 4773 1037 4828 nolite
1052 4788 1295 4844 quaerere
1319 4773 1530 4830 laudem
1546 4784 1798 4843 vestram,

213 4867 300 4921 sed
334 4865 511 4935 ipsum
540 4864 772 4920 laudate.
808 4862 1108 4919 Universum
1148 4882 1315 4920 semen
1340 4864 1523 4934 Iacob,
1560 4868 1802 4940 magniﬁ-

211 4969 314 5010 cate
356 4974 471 5010 eum
496 4972 513 5010 :
539 4956 846 5010 universum
876 4971 1058 5011 semen
1104 4955 1221 5027 ejus
1251 4956 1334 5013 cui
1377 4958 1548 5029 major
1574 4959 1799 5030 serviet,

211 5067 255 5103 ιιι
277 5050 544 5117 οςειίῐὶσειο
585 5065 726 5104 cum.

276 5148 368 5201 25.
414 5145 573 5219 [rem
636 5143 757 5220 25.]
793 5144 991 5200 Timent
1034 5162 1147 5199 eum
1185 5161 1334 5201 omne
1380 5162 1544 5201 semen
1592 5145 1800 5203 Israel:

214 5239 429 5293 timeant
462 5255 586 5296 eum
616 5254 804 5294 omnes
827 5238 897 5292 ad
928 5253 1117 5294 novam
1142 5238 1303 5293 vitam
1346 5237 1475 5302 nati,
1519 5247 1575 5294 et
1603 5238 1669 5295 ad
1712 5240 1795 5295 vi-

210 5334 411 5384 sionem
444 5330 537 5384 Dei
568 5330 817 5394 reparati.
868 5328 1122 5398 Quoniam
1163 5345 1264 5384 non
1306 5330 1494 5401 spreuit
1528 5347 1685 5402 neque
1711 5332 1800 5387 de-

210 5424 368 5489 spexit
397 5439 597 5492 precem
628 5424 865 5493 pauperis
884 5438 903 5475 :
923 5422 1171 5494 quoniam
1198 5436 1304 5477 non
1332 5422 1534 5493 Sprevit
1560 5438 1796 5494 precem,

212 5532 314 5571 non
341 5518 486 5571 illius
511 5516 600 5589 qui
626 5514 804 5571 verbis
831 5515 1146 5572 delictorum
1177 5515 1410 5571 clamans
1426 5518 1494 5572 ad
1519 5516 1686 5573 Deum
1714 5518 1799 5581 vis

210 5614 312 5661 tam
358 5623 552 5663 vanam
595 5607 822 5664 transire
862 5607 1094 5674 nolebat,
1141 5606 1239 5662 sed
1280 5622 1495 5678 precem
1545 5610 1795 5679 pauperis

211 5713 310 5755 non
340 5709 597 5757 tumentis
626 5700 681 5756 in
712 5700 920 5771 pompis
951 5698 1369 5755 transeuntibus.
1403 5697 1584 5771 Neque
1619 5702 1797 5756 avertit

214 5795 390 5863 {nam
414 5810 561 5850 suam
586 5810 618 5847 a
640 5809 722 5849 me
748 5808 764 5847 :
794 5792 932 5850 sicut
956 5792 1024 5849 ab
1053 5792 1144 5848 illo
1172 5792 1262 5863 qui
1286 5790 1515 5862 dicebat,
1538 5792 1797 5851 Clamabo

238 5984 312 6054 (a)
334 5993 407 6038 De
428 5999 557 6040 vers.
584 5990 664 6050 t7,
691 5988 770 6051 18,
791 5994 909 6051 etc.,
928 5987 1042 6040 vide
1065 5993 1201 6039 Enar.
1228 5987 1349 6042 Psal.
1373 6000 1572 6054 sum,
1597 6002 1647 6043 ιι.
1666 5989 1724 6046 3.

489 6078 741 6156 Sanan-
766 6081 1039 6143 Anatrsr.
1087 6080 1192 6143 IV.

1358 498 1753 559 ENARRATIO
1787 494 1855 559 ΙΝ
1892 498 2213 561 PSALIUII
2250 501 2393 561 XXI.

1912 524 2213 561 ramum
2251 524 2393 561 λλι.
3388 524 3493 587 17.

1912 613 2207 759 ἒέἰυὶἱθῦιέιθο
2234 618 2507 677 exaudies.
2539 617 2606 675 Et
2632 637 2748 679 cum
2772 623 3044 684 clamarem
3066 629 3135 685 ad
3169 648 3301 703 eum,
3328 653 3490 695 mu-

1948 706 2036 761 icit
2057 724 2152 763 me.

1982 796 2073 854 26.
2102 796 2249 873 [vers.
2279 801 2394 876 26.]
2417 804 2571 875 Apud
2589 815 2637 862 te
2653 807 2765 865 laus
2786 826 2923 866 meas
2940 828 2961 867 :
2977 828 3081 870 non
3112 817 3252 873 enim
3280 818 3491 878 laudem

1914 901 2087 944 meam
2117 904 2333 961 quaero,
2375 895 2496 966 quia
2541 905 2596 952 tu
2634 898 2764 955 mihi
2790 916 2850 957 es
2905 902 3054 974 laus,
3097 908 3184 978 qui
3224 910 3276 963 in
3306 922 3494 969 sancto

1916 979 2125 1073 habitas
2147 1025 2162 1050 ,
2214 994 2270 1042 et
2304 985 2413 1056 jam
2454 1001 2696 1046 sanctum
2739 1001 2792 1049 te
2827 993 3204 1066 deprecantem
3235 1004 3494 1073 exaudis,

1913 1070 2031 1129 laus
2076 1073 2259 1131 Israel.
2292 1075 2359 1131 In
2383 1077 2616 1135 Ecclesia
2643 1100 2827 1154 magna
2851 1088 3124 1157 confitebor
3150 1092 3237 1145 tibi
3263 1106 3284 1148 .'
3308 1093 3361 1149 in
3389 1070 3495 1152 Ec;

1914 1163 2079 1219 clesia
2109 1166 2256 1223 orbis
2287 1178 2547 1227 terrarum
2574 1174 2874 1233 conﬁtebor
2910 1179 3025 1237 tibi.
3068 1181 3196 1238 Vota
3230 1203 3340 1240 mea
3372 1188 3496 1244 rul-

1915 1256 2035 1311 dam
2072 1275 2242 1314 coram
2283 1262 2568 1319 timentibus
2611 1282 3116 1328 eum:sacramenta
3158 1280 3397 1348 corporis
3441 1290 3498 1339 et

1918 1351 2192 1422 sanguinis
2217 1354 2323 1409 mei
2350 1355 2571 1413 reddam
2599 1374 2779 1415 coram
2811 1362 3118 1422 timentibus
3147 1383 3292 1425 eum.

1987 1440 2075 1495 27.
2108 1440 2400 1537 _[vers.27.]
2431 1447 2597 1504 Edent
2626 1468 2890 1522 pauperes,
2922 1466 2967 1510 et
2995 1459 3355 1517 saturabuntur
3382 1465 3457 1537 (a)
3475 1481 3498 1521 :

1915 1529 2075 1587 edent
2108 1533 2337 1591 humiles
2365 1547 2420 1593 et
2448 1549 2848 1613 contemptores
2882 1549 3093 1617 saeculi,
3126 1561 3179 1607 et
3204 1529 3496 1613 imitabitu-

1918 1631 2035 1691 tur;
2063 1624 2134 1680 ita
2166 1627 2308 1682 enim
2336 1643 2436 1685 nec
2462 1632 2668 1703 copiam
2697 1633 2857 1706 hujus
2880 1639 3061 1695 saeculi
3084 1645 3499 1716 concupiscent,

1914 1730 2019 1772 nec
2044 1717 2320 1810 timebunt
2361 1721 2618 1793 inOpiam.
2659 1720 2728 1779 Et
2775 1727 3053 1785 laudabunt
3098 1732 3371 1791 Dominum
3412 1741 3501 1810 qui

1914 1806 2176 1875 requirunt
2203 1825 2318 1863 eum
2342 1825 2362 1865 :
2380 1826 2505 1867 nam
2534 1812 2650 1869 laus
2679 1814 2888 1872 Domini
2914 1828 2997 1875 est
3015 1826 3276 1882 eructatio
3301 1806 3499 1884 saturi-

1914 1898 2038 1954 tatis
2082 1898 2244 1955 illius.
2301 1899 2480 1957 Vivent
2523 1906 2679 1959 corda
2718 1922 2891 1963 eorum
2930 1925 2987 1965 tn
3021 1915 3260 1969 secutum
3288 1920 3498 1975 seculi:

1914 2003 2036 2045 nam
2066 1990 2216 2047 cibus
2243 1992 2333 2048 ille
2358 1993 2536 2050 cordis
2561 2004 2661 2051 est.

1983 2081 2072 2138 28.
2107 2080 2258 2156 [νοτε.
2304 2082 2422 2157 28.]
2463 2086 3024 2161 Commemorabuntur,
3066 2103 3111 2150 et
3150 2107 3497 2157 convertentur

1913 2175 1981 2228 ad
2004 2173 2282 2231 Dominum
2310 2178 2530 2234 universi
2553 2181 2679 2244 ﬁnes
2700 2190 2845 2238 terra
2862 2192 3494 2264 :commemorabuntur;

1912 2266 2186 2323 exciderat
2223 2269 2366 2325 enim
2409 2271 2549 2327 Deus
2578 2272 2839 2330 Gentibus
2865 2280 3166 2335 mortaliter
3198 2282 3337 2338 natis
3360 2293 3417 2340 et
3442 2287 3499 2342 in

1914 2359 2179 2415 exteriora
2218 2360 2587 2430 tendentibus;
2618 2373 2674 2420 et
2710 2374 2836 2423 tunc
2876 2381 3260 2430 convertentur
3287 2375 3355 2431 ad
3385 2378 3499 2434 Do-

1915 2451 2115 2506 minum
2145 2453 2376 2511 universi
2399 2454 2533 2512 lines
2555 2465 2731 2514 teme.
2756 2459 2828 2515 Et
2846 2462 3131 2520 adorabunt
3152 2469 3211 2541 in
3232 2480 3500 2541 conspectu

1914 2542 2022 2613 ejus
2052 2544 2299 2600 universa:
2338 2548 2519 2617 patric
2556 2551 2819 2621 gentium:
2841 2563 2897 2610 et
2937 2556 3235 2616 adorabunt
3273 2562 3327 2617 in
3367 2577 3499 2619 con-

1916 2633 2160 2690 scientiis
2184 2636 2296 2713 suis
2323 2638 2587 2695 universa:
2613 2642 2799 2712 patriae
2825 2647 3084 2713 gentium.

1990 2725 2085 2818 29.
2116 2712 2266 2801 {ver}.
2296 2728 2417 2803 29.]
2443 2730 2693 2799 Quoniam
2719 2712 2926 2792 Domini
2952 2749 3025 2794 est
3052 2757 3279 2813 regnum,
3311 2754 3363 2799 et
3392 2746 3502 2818 ipse

1917 2816 2264 2873 dominabitur
2287 2822 2510 2892 gentium
2536 2826 2819 2894 :quoniam
2861 2827 3070 2886 Domini
3114 2844 3196 2889 est
3232 2816 3453 2909 regnum
3479 2879 3500 2908 ,

1913 2922 2023 2998 non
2051 2911 2405 2981 superborum
2434 2912 2741 2984 hominum;
2771 2925 2829 2973 et
2852 2918 2967 2989 ipse
2987 2919 3344 2981 dominabitur
3366 2942 3499 2998 gen-

1916 2997 2066 3055 tium.

1985 3091 2075 3147 50.
2103 3090 2253 3165 [vers.
2281 3094 2399 3170 ω]
2429 3095 2865 3156 Mandueauerunt
2892 3111 2939 3158 et
2963 3103 3299 3164 adoraoerunt
3322 3125 3495 3168 omnes

1912 3182 2091 3239 divites
2113 3194 2258 3241 terra:
2279 3204 2297 3241 :
2319 3190 2772 3249 manducaverunt
2804 3209 3007 3268 corpus
3046 3198 3359 3259 humilitatis
3390 3205 3501 3261 Do-

1912 3275 2047 3331 mini
2094 3277 2178 3333 sui
2223 3281 2385 3336 etiam
2437 3282 2628 3340 divites
2673 3294 2867 3357 terrae,
2914 3305 3016 3346 nec
3056 3292 3193 3349 sicut
3236 3310 3503 3369 pauperes

1912 3372 2135 3425 saturati
2164 3382 2287 3427 sunt
2314 3388 2479 3445 usque
2520 3377 2588 3433 ad
2629 3378 3012 3450 imitationem,
3052 3385 3146 3441 sed
3196 3396 3371 3444 tamen
3400 3392 3503 3447 ado

1912 3473 2217 3520 braverunt.
2252 3464 2319 3520 In
2366 3479 2631 3539 conspectu
2670 3473 2779 3543 ejus
2826 3475 3086 3543 procident
3138 3480 3358 3535 universi
3409 3484 3502 3553 qui

1912 3556 2226 3610 descendunt
2273 3558 2325 3611 in
2377 3567 2562 3615 terram
2593 3578 2612 3616 :
2643 3562 2790 3619 solus
2841 3566 2985 3621 enim
3033 3568 3180 3625 videt
3227 3573 3502 3641 quomodo

1915 3649 2196 3719 procidant
2244 3653 2513 3721 universi,
2565 3656 2655 3726 qui
2705 3657 2981 3717 cmlestem
3033 3665 3501 3724 conversationem

1915 3743 2258 3811 deserentes,
2298 3748 2351 3803 in
2394 3757 2533 3805 terra
2564 3751 2768 3823 eligunt
2797 3754 2936 3811 beati
2968 3771 3226 3829 apparere
3256 3760 3496 3819 homini-

1912 3835 2031 3903 bus,
2064 3853 2168 3893 non
2196 3839 2496 3899 videntibus
2520 3844 2725 3900 ruinam
2750 3860 2955 3904 eorum.

1984 3928 2073 3984 51.
2114 3929 2264 4001 [vers.
2306 3930 2420 4003 3L]
2460 3931 2529 3987 Et
2572 3937 2741 3991 anima
2781 3955 2893 3994 mea
2920 3940 3021 4011 ipsi
3048 3942 3285 4001 υὲυιειτει
3319 3948 3497 4006 anima

1912 4032 2030 4073 mea
2054 4034 2172 4090 quae
2199 4021 2251 4075 in
2281 4032 2592 4095 contemptu
2620 4028 2813 4087 saeculi
2833 4028 2991 4101 hujus
3016 4035 3168 4104 quasi
3192 4038 3326 4093 mori
3350 4041 3499 4097 vide-

1912 4116 2000 4164 tur
2040 4110 2367 4180 hominibus,
2415 4131 2522 4172 non
2566 4119 2703 4186 sibi,
2751 4120 2845 4177 sed
2889 4122 2990 4193 ipsi
3037 4125 3197 4183 vivet.
3229 4128 3299 4183 Et
3328 4148 3498 4189 semen

1911 4218 2078 4257 meum
2102 4206 2279 4273 serviet
2302 4206 2420 4262 illi:
2440 4216 2494 4264 et
2517 4223 2681 4279 opera
2707 4226 2849 4281 mea,
2874 4215 2957 4270 vel
2985 4230 3081 4285 per
3104 4233 3190 4274 me
3214 4221 3501 4282 credentes

1910 4293 1963 4349 in
1985 4310 2130 4362 eum,
2150 4296 2382 4354 servient
2409 4299 2507 4355 illi.

1989 4383 2080 4440 '52.
2139 4385 2289 4458 [vers.
2344 4387 2459 4463 32.]
2514 4391 2908 4448 Annuntiabitur
2962 4395 3183 4453 Domino
3239 4406 3494 4472 generatio

1910 4484 2120 4529 ventura
2142 4494 2161 4531 :
2182 4479 2585 4535 annuntiabitur
2613 4482 2666 4536 in
2702 4482 2960 4542 honorem
2987 4487 3195 4545 Domini
3221 4497 3499 4561 generatio

1908 4564 2044 4623 Novi
2065 4567 2414 4625 Testamenti.
2440 4570 2505 4625 Et
2526 4575 2894 4630 annuntiabunt
2919 4579 3029 4633 cali
3046 4581 3329 4651 ‘justitiam
3349 4587 3457 4658 ejus
3474 4604 3499 4643 :

1910 4666 1967 4714 et
2010 4659 2404 4717 aununtiabunt
2433 4662 2787 4736 Evangelista:
2810 4667 3069 4738 justitiam
3108 4672 3247 4743 ejus.
3291 4675 3496 4748 Populo

1908 4753 1994 4830 qui
2019 4763 2248 4810 nascetur
2267 4772 2414 4827 quem
2435 4758 2550 4830 fecit
2574 4757 2825 4816 Dominus
2857 4777 2879 4817 :
2907 4764 3104 4835 populo
3128 4768 3220 4838 qui
3245 4780 3495 4830 nascetur

1909 4860 1979 4901 ex
1999 4845 2105 4903 ﬁde
2132 4846 2381 4905 Domino.

2438 4944 2836 5003 ENARRATIO
2891 4947 2955 5005 ll.

1914 5104 1917 5105 ν
2031 5030 2218 5088 Concio
2243 5033 2412 5089 habita
2432 5035 2484 5089 in
2506 5036 2821 5093 solemnitate
2843 5037 3109 5097 Passionis
3143 5043 3371 5104 Domini.

1980 5125 2032 5179 l.
2064 5124 2217 5193 Quod
2264 5127 2425 5183 taceri
2466 5127 2607 5184 Deus
2645 5128 2814 5185 noluit
2857 5147 2953 5203 per
2992 5132 3295 5206 Scripturas
3337 5156 3495 5213 suns,

1907 5231 2008 5272 nec
2050 5232 2079 5271 a
2126 5217 2281 5274 nobis
2322 5218 2604 5275 tacendum
2646 5230 2727 5277 est
2746 5242 2767 5289 ,η
2805 5232 2859 5279 et
2898 5240 2927 5280 ι
2966 5227 3119 5283 vobis
3144 5231 3489 5290 audiendum».

1908 5306 2093 5364 Passio
2122 5309 2366 5377 Domini,
2396 5308 2536 5365 sicut
2562 5313 2761 5370 scimus
2779 5355 2794 5380 ,
2823 5318 2989 5373 semel
3018 5317 3151 5374 facta
3179 5332 3292 5388 est;
3323 5328 3491 5380 semei

1904 5399 2048 5454 enim
2074 5399 2319 5455 Christus
2339 5410 2579 5459 mortuus
2604 5414 2705 5472 est,
2718 5406 2893 5476 justus
2914 5424 3013 5479 pro
3038 5411 3248 5481 injustis
3280 5415 3320 5485 (Ι
3343 5415 3489 5471 Petr.

1905 5505 1982 5558 tu,
2016 5491 2128 5562 18).
2158 5491 2226 5546 Ει
2251 5493 2485 5562 scimus,
2515 5505 2571 5553 et
2602 5508 2807 5556 certum
2844 5500 3129 5568 habemus,
3174 5514 3227 5560 et
3251 5505 3353 5559 lide
3380 5508 3487 5561 im-

1904 5580 2087 5667 mobili
2115 5582 2406 5641 retinemus
2429 5628 2445 5655 ,
2486 5588 2605 5657 quia
2629 5587 2858 5653 Christus
2881 5608 3146 5664 resurgens
3170 5610 3202 5647 a
3230 5601 3444 5653 mortuis
3465 5640 3487 5668 ,

1894 5674 2009 5745 jam
2047 5690 2147 5728 non
2191 5677 2434 5745 moritur,
2480 5688 2527 5733 et
2562 5696 2694 5735 mors
2736 5683 2785 5737 ei
2822 5683 2959 5737 ultra
2996 5701 3096 5738 non
3147 5685 3492 5745 dominabitur

1966 5808 2229 5890 3.39992“?
2250 5818 2461 5890 P‘ﬁ-F‘
2480 5815 3089 5890 WWWJ'WW'
3114 5821 3221 5886 sit“
3247 5835 3267 5876 -'
3288 5838 3491 5890 οωιεεορ

1901 5870 2027 5937 cali,
2053 5874 2180 5937 quod
2204 5886 2232 5923 a
2252 5870 2541 5928 Lxx'abest.

1965 5932 2328 6013 (a)-Explicatur
2351 5938 2481 5990 idem
2501 5953 2634 5992 vers.
2652 5940 2712 5994 τι
2728 5943 2779 5996 in
2802 5944 2982 5997 lEnar.
2996 5945 3117 5998 Psal.
3134 5961 3294 6013 nun,
3329 5965 3488 6007 sema.

1903 5994 1952 6063 t,
1976 5994 2090 6047 ags.

2941 6098 3163 6177 (Sita)
