  <div class='ocr_page' id='page_1' title='image "/cluster/home/n/w/nwhite01/storage/ocr_20150623/36/hvd.32044015471469/093.png"; bbox 0 0 4032 6486; ppageno 0'>
   <div class='ocr_carea' id='block_1_1' title="bbox 578 481 683 541">
    <p class='ocr_par' dir='ltr' id='par_1_1' title="bbox 578 481 683 541">
     <span class='ocr_line' id='line_1_1' title="bbox 578 481 683 541; baseline 0.01 -2"><span class='ocrx_word' id='word_1_1' title='bbox 578 481 683 541; x_wconf 77' lang='grc'><strong>175</strong></span> 
     </span>
    </p>
   </div>
   <div class='ocr_carea' id='block_1_2' title="bbox 573 596 2158 666">
    <p class='ocr_par' dir='ltr' id='par_1_2' title="bbox 573 596 2158 666">
     <span class='ocr_line' id='line_1_2' title="bbox 573 596 2158 666; baseline -0.003 -8"><span class='ocrx_word' id='word_1_2' title='bbox 573 617 699 658; x_wconf 88' lang='lat' dir='ltr'><strong>nam</strong></span> <span class='ocrx_word' id='word_1_3' title='bbox 725 599 793 658; x_wconf 90' lang='lat' dir='ltr'><strong>de</strong></span> <span class='ocrx_word' id='word_1_4' title='bbox 834 607 888 656; x_wconf 89' lang='lat' dir='ltr'><strong>te</strong></span> <span class='ocrx_word' id='word_1_5' title='bbox 913 599 1070 656; x_wconf 87' lang='lat' dir='ltr'><strong>Pater</strong></span> <span class='ocrx_word' id='word_1_6' title='bbox 1092 610 1246 655; x_wconf 90' lang='lat' dir='ltr'><strong>meus</strong></span> <span class='ocrx_word' id='word_1_7' title='bbox 1280 615 1292 652; x_wconf 91' lang='lat'>:</span> <span class='ocrx_word' id='word_1_8' title='bbox 1325 596 1419 653; x_wconf 91' lang='lat' dir='ltr'><strong>sed</strong></span> <span class='ocrx_word' id='word_1_9' title='bbox 1459 596 1524 652; x_wconf 87' lang='lat' dir='ltr'><strong>de</strong></span> <span class='ocrx_word' id='word_1_10' title='bbox 1554 603 1736 653; x_wconf 89' lang='lat' dir='ltr'><strong>ventre</strong></span> <span class='ocrx_word' id='word_1_11' title='bbox 1774 600 1958 654; x_wconf 78' lang='lat' dir='ltr'><strong>matris</strong></span> <span class='ocrx_word' id='word_1_12' title='bbox 1987 616 2118 655; x_wconf 72' lang='lat' dir='ltr'><strong>mem</strong></span> <span class='ocrx_word' id='word_1_13' title='bbox 2143 641 2158 666; x_wconf 93' lang='lat'><strong>,</strong></span> 
     </span>
    </p>
   </div>
   <div class='ocr_carea' id='block_1_3' title="bbox 573 695 920 753">
    <p class='ocr_par' dir='ltr' id='par_1_3' title="bbox 573 695 920 753">
     <span class='ocr_line' id='line_1_3' title="bbox 573 695 920 753; baseline -0.017 0"><span class='ocrx_word' id='word_1_14' title='bbox 573 695 720 753; x_wconf 88' lang='lat' dir='ltr'><strong>Deus</strong></span> <span class='ocrx_word' id='word_1_15' title='bbox 752 710 920 750; x_wconf 90' lang='lat' dir='ltr'><strong>meus.</strong></span> 
     </span>
    </p>
   </div>
   <div class='ocr_carea' id='block_1_4' title="bbox 647 774 2165 862">
    <p class='ocr_par' dir='ltr' id='par_1_4' title="bbox 647 774 2165 862">
     <span class='ocr_line' id='line_1_4' title="bbox 647 774 2165 862; baseline -0.004 -20"><span class='ocrx_word' id='word_1_16' title='bbox 647 787 733 842; x_wconf 90' lang='lat'><strong><em>12.</em></strong></span> <span class='ocrx_word' id='word_1_17' title='bbox 768 774 922 862; x_wconf 72' lang='grc' dir='ltr'><strong>[υενε.</strong></span> <span class='ocrx_word' id='word_1_18' title='bbox 953 784 1068 861; x_wconf 88' lang='lat'><strong><em>12.]</em></strong></span> <span class='ocrx_word' id='word_1_19' title='bbox 1089 784 1174 841; x_wconf 90' lang='lat' dir='ltr'><strong>Ne</strong></span> <span class='ocrx_word' id='word_1_20' title='bbox 1199 785 1428 840; x_wconf 83' lang='lat' dir='ltr'><strong>discedas</strong></span> <span class='ocrx_word' id='word_1_21' title='bbox 1456 801 1487 838; x_wconf 94' lang='lat' dir='ltr'><strong>a</strong></span> <span class='ocrx_word' id='word_1_22' title='bbox 1519 801 1628 839; x_wconf 87' lang='lat' dir='ltr'><strong>me:</strong></span> <span class='ocrx_word' id='word_1_23' title='bbox 1648 783 1881 855; x_wconf 87' lang='lat' dir='ltr'><strong>quoniam</strong></span> <span class='ocrx_word' id='word_1_24' title='bbox 1910 783 2165 837; x_wconf 77' lang='lat' dir='ltr'><strong>tribulatio</strong></span> 
     </span>
    </p>
   </div>
   <div class='ocr_carea' id='block_1_5' title="bbox 576 872 2164 952">
    <p class='ocr_par' dir='ltr' id='par_1_5' title="bbox 576 872 2164 952">
     <span class='ocr_line' id='line_1_5' title="bbox 576 872 2164 952; baseline -0.004 -18"><span class='ocrx_word' id='word_1_25' title='bbox 576 881 815 952; x_wconf 80' lang='lat' dir='ltr'><strong>proxima</strong></span> <span class='ocrx_word' id='word_1_26' title='bbox 839 888 933 944; x_wconf 88' lang='lat' dir='ltr'><strong>est,</strong></span> <span class='ocrx_word' id='word_1_27' title='bbox 953 879 1192 946; x_wconf 88' lang='lat' dir='ltr'><strong>quoniam</strong></span> <span class='ocrx_word' id='word_1_28' title='bbox 1219 894 1318 931; x_wconf 90' lang='lat' dir='ltr'><strong>non</strong></span> <span class='ocrx_word' id='word_1_29' title='bbox 1345 887 1414 930; x_wconf 90' lang='lat' dir='ltr'><strong>est</strong></span> <span class='ocrx_word' id='word_1_30' title='bbox 1430 877 1514 946; x_wconf 86' lang='lat' dir='ltr'><strong>qui</strong></span> <span class='ocrx_word' id='word_1_31' title='bbox 1539 875 1741 947; x_wconf 88' lang='lat' dir='ltr'><strong>adjuvet</strong></span> <span class='ocrx_word' id='word_1_32' title='bbox 1759 890 1777 928; x_wconf 92' lang='lat'><strong><em>:</em></strong></span> <span class='ocrx_word' id='word_1_33' title='bbox 1795 874 1968 928; x_wconf 88' lang='lat' dir='ltr'><strong>videte</strong></span> <span class='ocrx_word' id='word_1_34' title='bbox 1983 872 2164 929; x_wconf 84' lang='lat' dir='ltr'><strong>deser-</strong></span> 
     </span>
    </p>
   </div>
   <div class='ocr_carea' id='block_1_6' title="bbox 571 968 2164 1041">
    <p class='ocr_par' dir='ltr' id='par_1_6' title="bbox 571 968 2164 1041">
     <span class='ocr_line' id='line_1_6' title="bbox 571 968 2164 1041; baseline -0.006 -12"><span class='ocrx_word' id='word_1_35' title='bbox 571 982 720 1040; x_wconf 77' lang='lat' dir='ltr'><strong>tum;</strong></span> <span class='ocrx_word' id='word_1_36' title='bbox 750 981 804 1028; x_wconf 90' lang='lat' dir='ltr'><strong>et</strong></span> <span class='ocrx_word' id='word_1_37' title='bbox 829 988 908 1026; x_wconf 78' lang='lat' dir='ltr'><strong>va:</strong></span> <span class='ocrx_word' id='word_1_38' title='bbox 936 972 1108 1038; x_wconf 87' lang='lat' dir='ltr'><strong>nobis,</strong></span> <span class='ocrx_word' id='word_1_39' title='bbox 1133 970 1178 1026; x_wconf 91' lang='lat' dir='ltr'><strong>si</strong></span> <span class='ocrx_word' id='word_1_40' title='bbox 1205 971 1320 1041; x_wconf 87' lang='lat' dir='ltr'><strong>ipse</strong></span> <span class='ocrx_word' id='word_1_41' title='bbox 1346 986 1441 1025; x_wconf 86' lang='lat' dir='ltr'><strong>nos</strong></span> <span class='ocrx_word' id='word_1_42' title='bbox 1466 969 1696 1035; x_wconf 88' lang='lat' dir='ltr'><strong>deserat,</strong></span> <span class='ocrx_word' id='word_1_43' title='bbox 1714 968 1951 1039; x_wconf 84' lang='lat' dir='ltr'><strong>quoniam</strong></span> <span class='ocrx_word' id='word_1_44' title='bbox 1972 983 2072 1021; x_wconf 87' lang='lat' dir='ltr'><strong>non</strong></span> <span class='ocrx_word' id='word_1_45' title='bbox 2093 975 2164 1021; x_wconf 89' lang='lat' dir='ltr'><strong>est</strong></span> 
     </span>
    </p>
   </div>
   <div class='ocr_carea' id='block_1_7' title="bbox 571 1066 900 1138">
    <p class='ocr_par' dir='ltr' id='par_1_7' title="bbox 571 1066 900 1138">
     <span class='ocr_line' id='line_1_7' title="bbox 571 1066 900 1138; baseline -0.006 -17"><span class='ocrx_word' id='word_1_46' title='bbox 571 1066 659 1137; x_wconf 76' lang='lat' dir='ltr'><strong>qui</strong></span> <span class='ocrx_word' id='word_1_47' title='bbox 678 1066 900 1138; x_wconf 78' lang='lat' dir='ltr'><strong>adjuvet.</strong></span> 
     </span>
    </p>
   </div>
   <div class='ocr_carea' id='block_1_8' title="bbox 642 1152 2166 1232">
    <p class='ocr_par' dir='ltr' id='par_1_8' title="bbox 642 1152 2166 1232">
     <span class='ocr_line' id='line_1_8' title="bbox 642 1152 2166 1232; baseline -0.006 -18"><span class='ocrx_word' id='word_1_48' title='bbox 642 1159 732 1214; x_wconf 76' lang='lat'><strong><em>15.</em></strong></span> <span class='ocrx_word' id='word_1_49' title='bbox 767 1157 917 1232; x_wconf 86' lang='lat' dir='ltr'><strong>[uers.</strong></span> <span class='ocrx_word' id='word_1_50' title='bbox 952 1154 1066 1231; x_wconf 79' lang='lat'><strong><em>13.]</em></strong></span> <span class='ocrx_word' id='word_1_51' title='bbox 1089 1155 1536 1212; x_wconf 86' lang='lat' dir='ltr'><strong>Circumdederunt</strong></span> <span class='ocrx_word' id='word_1_52' title='bbox 1563 1169 1640 1208; x_wconf 89' lang='lat' dir='ltr'><strong>me</strong></span> <span class='ocrx_word' id='word_1_53' title='bbox 1663 1153 1806 1208; x_wconf 77' lang='lat' dir='ltr'><strong>uituli</strong></span> <span class='ocrx_word' id='word_1_54' title='bbox 1831 1152 1996 1218; x_wconf 89' lang='lat' dir='ltr'><strong>multi,</strong></span> <span class='ocrx_word' id='word_1_55' title='bbox 2032 1153 2166 1206; x_wconf 88' lang='lat' dir='ltr'><strong>tauri</strong></span> 
     </span>
    </p>
   </div>
   <div class='ocr_carea' id='block_1_9' title="bbox 570 1246 2160 1326">
    <p class='ocr_par' dir='ltr' id='par_1_9' title="bbox 570 1246 2160 1326">
     <span class='ocr_line' id='line_1_9' title="bbox 570 1246 2160 1326; baseline -0.006 -18"><span class='ocrx_word' id='word_1_56' title='bbox 570 1253 786 1326; x_wconf 87' lang='lat' dir='ltr'><strong>pingues</strong></span> <span class='ocrx_word' id='word_1_57' title='bbox 812 1253 1109 1308; x_wconf 87' lang='lat' dir='ltr'><strong>obsederunt</strong></span> <span class='ocrx_word' id='word_1_58' title='bbox 1136 1268 1213 1306; x_wconf 91' lang='lat' dir='ltr'><strong>me</strong></span> <span class='ocrx_word' id='word_1_59' title='bbox 1228 1268 1247 1305; x_wconf 91' lang='lat'><strong><em>:</em></strong></span> <span class='ocrx_word' id='word_1_60' title='bbox 1267 1249 1492 1320; x_wconf 89' lang='lat' dir='ltr'><strong>populus</strong></span> <span class='ocrx_word' id='word_1_61' title='bbox 1517 1257 1571 1304; x_wconf 91' lang='lat' dir='ltr'><strong>et</strong></span> <span class='ocrx_word' id='word_1_62' title='bbox 1597 1247 1894 1319; x_wconf 84' lang='lat' dir='ltr'><strong>principes;</strong></span> <span class='ocrx_word' id='word_1_63' title='bbox 1913 1246 2160 1317; x_wconf 89' lang='lat' dir='ltr'><strong>populus,</strong></span> 
     </span>
    </p>
   </div>
   <div class='ocr_carea' id='block_1_10' title="bbox 568 1341 1664 1415">
    <p class='ocr_par' dir='ltr' id='par_1_10' title="bbox 568 1341 1664 1415">
     <span class='ocr_line' id='line_1_10' title="bbox 568 1341 1664 1415; baseline -0.005 -15"><span class='ocrx_word' id='word_1_64' title='bbox 568 1345 719 1400; x_wconf 82' lang='lat' dir='ltr'><strong>vituli</strong></span> <span class='ocrx_word' id='word_1_65' title='bbox 742 1345 922 1411; x_wconf 89' lang='lat' dir='ltr'><strong>multi;</strong></span> <span class='ocrx_word' id='word_1_66' title='bbox 949 1344 1213 1415; x_wconf 86' lang='lat' dir='ltr'><strong>principes</strong></span> <span class='ocrx_word' id='word_1_67' title='bbox 1227 1385 1240 1408; x_wconf 94' lang='lat'><strong>,</strong></span> <span class='ocrx_word' id='word_1_68' title='bbox 1267 1342 1401 1397; x_wconf 89' lang='lat' dir='ltr'><strong>tauri</strong></span> <span class='ocrx_word' id='word_1_69' title='bbox 1422 1341 1664 1412; x_wconf 81' lang='lat' dir='ltr'><strong>pingues.</strong></span> 
     </span>
    </p>
   </div>
   <div class='ocr_carea' id='block_1_11' title="bbox 641 1430 2165 1510">
    <p class='ocr_par' dir='ltr' id='par_1_11' title="bbox 641 1430 2165 1510">
     <span class='ocr_line' id='line_1_11' title="bbox 641 1430 2165 1510; baseline -0.006 -18"><span class='ocrx_word' id='word_1_70' title='bbox 641 1437 730 1492; x_wconf 74' lang='lat'><strong><em>1-1.</em></strong></span> <span class='ocrx_word' id='word_1_71' title='bbox 749 1435 899 1510; x_wconf 75' lang='grc' dir='ltr'><strong>[υετε.</strong></span> <span class='ocrx_word' id='word_1_72' title='bbox 934 1433 1046 1508; x_wconf 71' lang='grc'><strong>14.]</strong></span> <span class='ocrx_word' id='word_1_73' title='bbox 1067 1435 1382 1506; x_wconf 82' lang='lat' dir='ltr'><strong>Aperuerunt</strong></span> <span class='ocrx_word' id='word_1_74' title='bbox 1401 1449 1552 1504; x_wconf 97' lang='lat' dir='ltr'><strong>super</strong></span> <span class='ocrx_word' id='word_1_75' title='bbox 1571 1449 1650 1487; x_wconf 89' lang='lat' dir='ltr'><strong>me</strong></span> <span class='ocrx_word' id='word_1_76' title='bbox 1668 1448 1724 1487; x_wconf 92' lang='lat' dir='ltr'><strong>os</strong></span> <span class='ocrx_word' id='word_1_77' title='bbox 1744 1448 1912 1497; x_wconf 89' lang='lat' dir='ltr'><strong>suum,</strong></span> <span class='ocrx_word' id='word_1_78' title='bbox 1930 1430 2058 1484; x_wconf 90' lang='lat' dir='ltr'><strong>sicut</strong></span> <span class='ocrx_word' id='word_1_79' title='bbox 2087 1431 2165 1484; x_wconf 90' lang='lat' dir='ltr'><strong>leo</strong></span> 
     </span>
    </p>
   </div>
   <div class='ocr_carea' id='block_1_12' title="bbox 567 1522 2166 1600">
    <p class='ocr_par' dir='ltr' id='par_1_12' title="bbox 567 1522 2166 1600">
     <span class='ocr_line' id='line_1_12' title="bbox 567 1522 2166 1600; baseline -0.006 -16"><span class='ocrx_word' id='word_1_80' title='bbox 567 1530 772 1600; x_wconf 78' lang='lat' dir='ltr'><strong>rapiens</strong></span> <span class='ocrx_word' id='word_1_81' title='bbox 789 1538 832 1582; x_wconf 89' lang='lat' dir='ltr'><strong>et</strong></span> <span class='ocrx_word' id='word_1_82' title='bbox 853 1529 1055 1599; x_wconf 80' lang='lat' dir='ltr'><strong>rugiens</strong></span> <span class='ocrx_word' id='word_1_83' title='bbox 1073 1544 1090 1583; x_wconf 91' lang='lat'><strong><em>:</em></strong></span> <span class='ocrx_word' id='word_1_84' title='bbox 1111 1527 1388 1582; x_wconf 90' lang='lat' dir='ltr'><strong>audiamus</strong></span> <span class='ocrx_word' id='word_1_85' title='bbox 1405 1526 1635 1596; x_wconf 87' lang='lat' dir='ltr'><strong>rugitum</strong></span> <span class='ocrx_word' id='word_1_86' title='bbox 1658 1525 1895 1594; x_wconf 87' lang='lat' dir='ltr'><strong>ipsorum</strong></span> <span class='ocrx_word' id='word_1_87' title='bbox 1917 1522 1971 1577; x_wconf 92' lang='lat' dir='ltr'><strong>in</strong></span> <span class='ocrx_word' id='word_1_88' title='bbox 1992 1522 2166 1577; x_wconf 84' lang='lat' dir='ltr'><strong>Evan-</strong></span> 
     </span>
    </p>
   </div>
   <div class='ocr_carea' id='block_1_13' title="bbox 567 1616 1735 1695">
    <p class='ocr_par' dir='ltr' id='par_1_13' title="bbox 567 1616 1735 1695">
     <span class='ocr_line' id='line_1_13' title="bbox 567 1616 1735 1695; baseline -0.008 -16"><span class='ocrx_word' id='word_1_89' title='bbox 567 1623 727 1695; x_wconf 82' lang='lat' dir='ltr'><strong>gelio,</strong></span> <span class='ocrx_word' id='word_1_90' title='bbox 751 1620 1021 1692; x_wconf 82' lang='lat' dir='ltr'><strong>Crttciﬁge,</strong></span> <span class='ocrx_word' id='word_1_91' title='bbox 1043 1618 1294 1690; x_wconf 74' lang='lat' dir='ltr'><strong>Cruci/iga</strong></span> <span class='ocrx_word' id='word_1_92' title='bbox 1311 1617 1490 1688; x_wconf 75' lang='lat' dir='ltr'><strong>(Joan.</strong></span> <span class='ocrx_word' id='word_1_93' title='bbox 1514 1633 1624 1684; x_wconf 69' lang='lat' dir='ltr'><strong>xxx,</strong></span> <span class='ocrx_word' id='word_1_94' title='bbox 1650 1616 1735 1686; x_wconf 83' lang='lat'><strong>6)!</strong></span> 
     </span>
    </p>
   </div>
   <div class='ocr_carea' id='block_1_14' title="bbox 640 1705 2165 1788">
    <p class='ocr_par' dir='ltr' id='par_1_14' title="bbox 640 1705 2165 1788">
     <span class='ocr_line' id='line_1_14' title="bbox 640 1705 2165 1788; baseline -0.008 -19"><span class='ocrx_word' id='word_1_95' title='bbox 640 1713 728 1769; x_wconf 85' lang='lat'><strong>15.</strong></span> <span class='ocrx_word' id='word_1_96' title='bbox 762 1709 911 1788; x_wconf 87' lang='lat' dir='ltr'><strong>[vers.</strong></span> <span class='ocrx_word' id='word_1_97' title='bbox 945 1709 1060 1784; x_wconf 82' lang='lat'><strong><em>15.]</em></strong></span> <span class='ocrx_word' id='word_1_98' title='bbox 1093 1710 1236 1767; x_wconf 89' lang='lat' dir='ltr'><strong>Sicut</strong></span> <span class='ocrx_word' id='word_1_99' title='bbox 1264 1726 1395 1780; x_wconf 83' lang='lat' dir='ltr'><strong>aqua</strong></span> <span class='ocrx_word' id='word_1_100' title='bbox 1435 1707 1626 1775; x_wconf 73' lang='lat' dir='ltr'><strong>eﬂ&#39;usus</strong></span> <span class='ocrx_word' id='word_1_101' title='bbox 1668 1723 1812 1774; x_wconf 86' lang='lat' dir='ltr'><strong>sunt,</strong></span> <span class='ocrx_word' id='word_1_102' title='bbox 1859 1714 1907 1760; x_wconf 85' lang='lat' dir='ltr'><strong>et</strong></span> <span class='ocrx_word' id='word_1_103' title='bbox 1936 1705 2165 1775; x_wconf 88' lang='lat' dir='ltr'><strong>dispersa</strong></span> 
     </span>
    </p>
   </div>
   <div class='ocr_carea' id='block_1_15' title="bbox 566 1798 2163 1869">
    <p class='ocr_par' dir='ltr' id='par_1_15' title="bbox 566 1798 2163 1869">
     <span class='ocr_line' id='line_1_15' title="bbox 566 1798 2163 1869; baseline -0.007 -7"><span class='ocrx_word' id='word_1_104' title='bbox 566 1816 684 1869; x_wconf 80' lang='lat' dir='ltr'><strong>sunt</strong></span> <span class='ocrx_word' id='word_1_105' title='bbox 707 1805 878 1860; x_wconf 82' lang='lat' dir='ltr'><strong>omnia</strong></span> <span class='ocrx_word' id='word_1_106' title='bbox 905 1822 1018 1859; x_wconf 86' lang='lat' dir='ltr'><strong>ossa</strong></span> <span class='ocrx_word' id='word_1_107' title='bbox 1042 1820 1152 1858; x_wconf 91' lang='lat' dir='ltr'><strong>mea</strong></span> <span class='ocrx_word' id='word_1_108' title='bbox 1174 1820 1193 1858; x_wconf 92' lang='lat'><em>:</em></span> <span class='ocrx_word' id='word_1_109' title='bbox 1215 1816 1334 1856; x_wconf 88' lang='lat' dir='ltr'><strong>ossa</strong></span> <span class='ocrx_word' id='word_1_110' title='bbox 1358 1817 1476 1868; x_wconf 89' lang='lat' dir='ltr'><strong>sua,</strong></span> <span class='ocrx_word' id='word_1_111' title='bbox 1500 1801 1683 1856; x_wconf 84' lang='lat' dir='ltr'><strong>firmos</strong></span> <span class='ocrx_word' id='word_1_112' title='bbox 1708 1814 1836 1854; x_wconf 91' lang='lat' dir='ltr'><strong>suos</strong></span> <span class='ocrx_word' id='word_1_113' title='bbox 1858 1798 2017 1864; x_wconf 90' lang='lat' dir='ltr'><strong>dicit;</strong></span> <span class='ocrx_word' id='word_1_114' title='bbox 2040 1811 2163 1852; x_wconf 89' lang='lat' dir='ltr'><strong>ossa</strong></span> 
     </span>
    </p>
   </div>
   <div class='ocr_carea' id='block_1_16' title="bbox 565 1889 2164 1964">
    <p class='ocr_par' dir='ltr' id='par_1_16' title="bbox 565 1889 2164 1964">
     <span class='ocr_line' id='line_1_16' title="bbox 565 1889 2164 1964; baseline -0.007 -11"><span class='ocrx_word' id='word_1_115' title='bbox 565 1898 710 1953; x_wconf 87' lang='lat' dir='ltr'><strong>enim</strong></span> <span class='ocrx_word' id='word_1_116' title='bbox 737 1897 888 1950; x_wconf 84' lang='lat' dir='ltr'><strong>firma</strong></span> <span class='ocrx_word' id='word_1_117' title='bbox 910 1905 1032 1950; x_wconf 87' lang='lat' dir='ltr'><strong>sunt</strong></span> <span class='ocrx_word' id='word_1_118' title='bbox 1057 1895 1372 1964; x_wconf 90' lang='lat' dir='ltr'><strong>incorpore.</strong></span> <span class='ocrx_word' id='word_1_119' title='bbox 1393 1891 1618 1961; x_wconf 85' lang='lat' dir='ltr'><strong>Quando</strong></span> <span class='ocrx_word' id='word_1_120' title='bbox 1635 1891 1885 1961; x_wconf 78' lang='lat' dir='ltr'><strong>diepersit</strong></span> <span class='ocrx_word' id='word_1_121' title='bbox 1900 1904 2024 1944; x_wconf 91' lang='lat' dir='ltr'><strong>ossa</strong></span> <span class='ocrx_word' id='word_1_122' title='bbox 2041 1889 2164 1944; x_wconf 73' lang='lat' dir='ltr'><strong>sua?</strong></span> 
     </span>
    </p>
   </div>
   <div class='ocr_carea' id='block_1_17' title="bbox 564 1983 2162 2058">
    <p class='ocr_par' dir='ltr' id='par_1_17' title="bbox 564 1983 2162 2058">
     <span class='ocr_line' id='line_1_17' title="bbox 564 1983 2162 2058; baseline -0.004 -16"><span class='ocrx_word' id='word_1_123' title='bbox 564 1988 788 2058; x_wconf 81' lang='lat' dir='ltr'><strong>Quando</strong></span> <span class='ocrx_word' id='word_1_124' title='bbox 817 1988 948 2042; x_wconf 80' lang='lat' dir='ltr'><strong>dixit</strong></span> <span class='ocrx_word' id='word_1_125' title='bbox 978 1988 1082 2042; x_wconf 88' lang='lat' dir='ltr'><strong>illis</strong></span> <span class='ocrx_word' id='word_1_126' title='bbox 1113 2002 1126 2039; x_wconf 85' lang='lat'><strong>:</strong></span> <span class='ocrx_word' id='word_1_127' title='bbox 1161 1985 1296 2040; x_wconf 87' lang='lat' dir='ltr'><strong>Ecce</strong></span> <span class='ocrx_word' id='word_1_128' title='bbox 1339 2002 1428 2057; x_wconf 86' lang='lat' dir='ltr'><strong>ego</strong></span> <span class='ocrx_word' id='word_1_129' title='bbox 1457 1985 1599 2039; x_wconf 88' lang='lat' dir='ltr'><strong>mitto</strong></span> <span class='ocrx_word' id='word_1_130' title='bbox 1628 2000 1716 2039; x_wconf 84' lang='lat' dir='ltr'><strong>uos</strong></span> <span class='ocrx_word' id='word_1_131' title='bbox 1757 1983 1893 2038; x_wconf 80' lang='lat' dir='ltr'><strong>velut</strong></span> <span class='ocrx_word' id='word_1_132' title='bbox 1923 1999 2081 2054; x_wconf 82' lang='lat' dir='ltr'><strong>agnos</strong></span> <span class='ocrx_word' id='word_1_133' title='bbox 2108 1983 2162 2036; x_wconf 87' lang='lat' dir='ltr'><strong>in</strong></span> 
     </span>
    </p>
   </div>
   <div class='ocr_carea' id='block_1_18' title="bbox 564 2074 2162 2149">
    <p class='ocr_par' dir='ltr' id='par_1_18' title="bbox 564 2074 2162 2149">
     <span class='ocr_line' id='line_1_18' title="bbox 564 2074 2162 2149; baseline -0.003 -16"><span class='ocrx_word' id='word_1_134' title='bbox 564 2079 733 2135; x_wconf 87' lang='lat' dir='ltr'><strong>medio</strong></span> <span class='ocrx_word' id='word_1_135' title='bbox 759 2079 992 2148; x_wconf 88' lang='lat' dir='ltr'><strong>luporum</strong></span> <span class='ocrx_word' id='word_1_136' title='bbox 1019 2077 1233 2149; x_wconf 77' lang='lat' dir='ltr'><strong>(Matth.</strong></span> <span class='ocrx_word' id='word_1_137' title='bbox 1264 2093 1318 2145; x_wconf 87' lang='lat' dir='ltr'><strong>.x,</strong></span> <span class='ocrx_word' id='word_1_138' title='bbox 1340 2076 1436 2140; x_wconf 88' lang='lat'><strong>16;</strong></span> <span class='ocrx_word' id='word_1_139' title='bbox 1459 2075 1587 2130; x_wconf 88' lang='lat' dir='ltr'><strong>Luc.</strong></span> <span class='ocrx_word' id='word_1_140' title='bbox 1617 2091 1672 2143; x_wconf 84' lang='lat' dir='ltr'><strong>x,</strong></span> <span class='ocrx_word' id='word_1_141' title='bbox 1691 2075 1768 2145; x_wconf 74' lang='grc' dir='ltr'><strong>ὅ).</strong></span> <span class='ocrx_word' id='word_1_142' title='bbox 1799 2074 2011 2130; x_wconf 85' lang='lat' dir='ltr'><strong>Firmos</strong></span> <span class='ocrx_word' id='word_1_143' title='bbox 2035 2087 2162 2129; x_wconf 87' lang='lat' dir='ltr'><strong>suos</strong></span> 
     </span>
    </p>
   </div>
   <div class='ocr_carea' id='block_1_19' title="bbox 565 2165 2160 2242">
    <p class='ocr_par' dir='ltr' id='par_1_19' title="bbox 565 2165 2160 2242">
     <span class='ocr_line' id='line_1_19' title="bbox 565 2165 2160 2242; baseline -0.004 -14"><span class='ocrx_word' id='word_1_144' title='bbox 565 2171 836 2242; x_wconf 85' lang='lat' dir='ltr'><strong>dispersit,</strong></span> <span class='ocrx_word' id='word_1_145' title='bbox 854 2180 909 2226; x_wconf 88' lang='lat' dir='ltr'><strong>et</strong></span> <span class='ocrx_word' id='word_1_146' title='bbox 934 2171 1072 2226; x_wconf 81' lang='lat' dir='ltr'><strong>sicut</strong></span> <span class='ocrx_word' id='word_1_147' title='bbox 1093 2185 1230 2240; x_wconf 89' lang='lat' dir='ltr'><strong>aqua</strong></span> <span class='ocrx_word' id='word_1_148' title='bbox 1252 2168 1455 2224; x_wconf 86' lang='lat' dir='ltr'><strong>effusus</strong></span> <span class='ocrx_word' id='word_1_149' title='bbox 1479 2178 1593 2223; x_wconf 90' lang='lat' dir='ltr'><strong>est:</strong></span> <span class='ocrx_word' id='word_1_150' title='bbox 1613 2181 1752 2238; x_wconf 87' lang='lat' dir='ltr'><strong>aqua</strong></span> <span class='ocrx_word' id='word_1_151' title='bbox 1777 2166 1919 2222; x_wconf 83' lang='lat' dir='ltr'><strong>enim</strong></span> <span class='ocrx_word' id='word_1_152' title='bbox 1947 2165 2160 2236; x_wconf 83' lang='lat' dir='ltr'><strong>quando</strong></span> 
     </span>
    </p>
   </div>
   <div class='ocr_carea' id='block_1_20' title="bbox 565 2256 2160 2330">
    <p class='ocr_par' dir='ltr' id='par_1_20' title="bbox 565 2256 2160 2330">
     <span class='ocr_line' id='line_1_20' title="bbox 565 2256 2160 2330; baseline -0.006 -10"><span class='ocrx_word' id='word_1_153' title='bbox 565 2262 876 2330; x_wconf 68' lang='lat' dir='ltr'><strong>effunditur,</strong></span> <span class='ocrx_word' id='word_1_154' title='bbox 895 2271 986 2318; x_wconf 90' lang='lat' dir='ltr'><strong>aut</strong></span> <span class='ocrx_word' id='word_1_155' title='bbox 1013 2261 1199 2327; x_wconf 83' lang='lat' dir='ltr'><strong>abluit,</strong></span> <span class='ocrx_word' id='word_1_156' title='bbox 1222 2269 1314 2315; x_wconf 91' lang='lat' dir='ltr'><strong>aut</strong></span> <span class='ocrx_word' id='word_1_157' title='bbox 1339 2261 1556 2330; x_wconf 77' lang='lat' dir='ltr'><strong>irrigat;</strong></span> <span class='ocrx_word' id='word_1_158' title='bbox 1588 2257 1790 2315; x_wconf 82' lang='lat' dir='ltr'><strong>effusus</strong></span> <span class='ocrx_word' id='word_1_159' title='bbox 1811 2265 1894 2313; x_wconf 89' lang='lat' dir='ltr'><strong>est</strong></span> <span class='ocrx_word' id='word_1_160' title='bbox 1915 2256 2160 2312; x_wconf 82' lang='lat' dir='ltr'><strong>Christus</strong></span> 
     </span>
    </p>
   </div>
   <div class='ocr_carea' id='block_1_21' title="bbox 562 2349 2156 2429">
    <p class='ocr_par' dir='ltr' id='par_1_21' title="bbox 562 2349 2156 2429">
     <span class='ocr_line' id='line_1_21' title="bbox 562 2349 2156 2429; baseline -0.007 -15"><span class='ocrx_word' id='word_1_161' title='bbox 562 2358 702 2414; x_wconf 83' lang='lat' dir='ltr'><strong>sicut</strong></span> <span class='ocrx_word' id='word_1_162' title='bbox 722 2371 881 2429; x_wconf 83' lang='lat' dir='ltr'><strong>aqua,</strong></span> <span class='ocrx_word' id='word_1_163' title='bbox 900 2356 1065 2412; x_wconf 89' lang='lat' dir='ltr'><strong>abluti</strong></span> <span class='ocrx_word' id='word_1_164' title='bbox 1081 2362 1208 2411; x_wconf 90' lang='lat' dir='ltr'><strong>sunt</strong></span> <span class='ocrx_word' id='word_1_165' title='bbox 1225 2353 1523 2418; x_wconf 85' lang='lat' dir='ltr'><strong>sordentes,</strong></span> <span class='ocrx_word' id='word_1_166' title='bbox 1541 2353 1726 2423; x_wconf 68' lang='lat' dir='ltr'><strong>rigatce</strong></span> <span class='ocrx_word' id='word_1_167' title='bbox 1748 2359 1873 2406; x_wconf 90' lang='lat' dir='ltr'><strong>sunt</strong></span> <span class='ocrx_word' id='word_1_168' title='bbox 1889 2356 2098 2405; x_wconf 85' lang='lat' dir='ltr'><strong>mentes</strong></span> <span class='ocrx_word' id='word_1_169' title='bbox 2116 2349 2156 2403; x_wconf 74' lang='grc'><strong>⁸.</strong></span> 
     </span>
    </p>
   </div>
   <div class='ocr_carea' id='block_1_22' title="bbox 565 2440 2158 2516">
    <p class='ocr_par' dir='ltr' id='par_1_22' title="bbox 565 2440 2158 2516">
     <span class='ocr_line' id='line_1_22' title="bbox 565 2440 2158 2516; baseline -0.008 -9"><span class='ocrx_word' id='word_1_170' title='bbox 565 2449 784 2506; x_wconf 83' lang='lat' dir='ltr'><strong>Factum</strong></span> <span class='ocrx_word' id='word_1_171' title='bbox 807 2460 878 2505; x_wconf 91' lang='lat' dir='ltr'><strong>est</strong></span> <span class='ocrx_word' id='word_1_172' title='bbox 904 2467 992 2505; x_wconf 86' lang='lat' dir='ltr'><strong>cor</strong></span> <span class='ocrx_word' id='word_1_173' title='bbox 1017 2465 1182 2504; x_wconf 87' lang='lat' dir='ltr'><strong>meum</strong></span> <span class='ocrx_word' id='word_1_174' title='bbox 1205 2458 1447 2516; x_wconf 84' lang='lat' dir='ltr'><strong>tanquam</strong></span> <span class='ocrx_word' id='word_1_175' title='bbox 1467 2462 1582 2500; x_wconf 87' lang='lat' dir='ltr'><strong>cera</strong></span> <span class='ocrx_word' id='word_1_176' title='bbox 1607 2445 1902 2515; x_wconf 82' lang='lat' dir='ltr'><strong>liquescens,</strong></span> <span class='ocrx_word' id='word_1_177' title='bbox 1919 2443 1973 2497; x_wconf 84' lang='lat' dir='ltr'><strong>in</strong></span> <span class='ocrx_word' id='word_1_178' title='bbox 1995 2440 2158 2496; x_wconf 88' lang='lat' dir='ltr'><strong>medio</strong></span> 
     </span>
    </p>
   </div>
   <div class='ocr_carea' id='block_1_23' title="bbox 561 2535 2157 2602">
    <p class='ocr_par' dir='ltr' id='par_1_23' title="bbox 561 2535 2157 2602">
     <span class='ocr_line' id='line_1_23' title="bbox 561 2535 2157 2602; baseline -0.008 -1"><span class='ocrx_word' id='word_1_179' title='bbox 561 2537 748 2602; x_wconf 62' lang='lat' dir='ltr'><strong>uentris</strong></span> <span class='ocrx_word' id='word_1_180' title='bbox 793 2546 890 2599; x_wconf 90' lang='lat' dir='ltr'><strong>mei</strong></span> <span class='ocrx_word' id='word_1_181' title='bbox 931 2560 951 2600; x_wconf 91' lang='lat'><strong><em>:</em></strong></span> <span class='ocrx_word' id='word_1_182' title='bbox 999 2550 1239 2599; x_wconf 86' lang='lat' dir='ltr'><strong>ventrem</strong></span> <span class='ocrx_word' id='word_1_183' title='bbox 1289 2555 1443 2596; x_wconf 88' lang='lat' dir='ltr'><strong>suum</strong></span> <span class='ocrx_word' id='word_1_184' title='bbox 1491 2539 1622 2594; x_wconf 90' lang='lat' dir='ltr'><strong>dicit</strong></span> <span class='ocrx_word' id='word_1_185' title='bbox 1666 2538 1906 2592; x_wconf 83' lang='lat' dir='ltr'><strong>infirmos</strong></span> <span class='ocrx_word' id='word_1_186' title='bbox 1951 2535 2005 2590; x_wconf 91' lang='lat' dir='ltr'><strong>in</strong></span> <span class='ocrx_word' id='word_1_187' title='bbox 2053 2535 2157 2590; x_wconf 85' lang='lat' dir='ltr'><strong>Ec-</strong></span> 
     </span>
    </p>
   </div>
   <div class='ocr_carea' id='block_1_24' title="bbox 562 2628 2157 2709">
    <p class='ocr_par' dir='ltr' id='par_1_24' title="bbox 562 2628 2157 2709">
     <span class='ocr_line' id='line_1_24' title="bbox 562 2628 2157 2709; baseline -0.009 -13"><span class='ocrx_word' id='word_1_188' title='bbox 562 2638 738 2709; x_wconf 78' lang='lat' dir='ltr'><strong>clesia</strong></span> <span class='ocrx_word' id='word_1_189' title='bbox 775 2653 892 2694; x_wconf 88' lang='lat' dir='ltr'><strong>sua.</strong></span> <span class='ocrx_word' id='word_1_190' title='bbox 924 2635 1204 2706; x_wconf 86' lang='lat' dir='ltr'><strong>Quomodo</strong></span> <span class='ocrx_word' id='word_1_191' title='bbox 1232 2651 1328 2691; x_wconf 90' lang='lat' dir='ltr'><strong>cor</strong></span> <span class='ocrx_word' id='word_1_192' title='bbox 1357 2635 1522 2704; x_wconf 88' lang='lat' dir='ltr'><strong>ipsius</strong></span> <span class='ocrx_word' id='word_1_193' title='bbox 1550 2631 1747 2687; x_wconf 89' lang='lat' dir='ltr'><strong>factum</strong></span> <span class='ocrx_word' id='word_1_194' title='bbox 1777 2638 1860 2685; x_wconf 90' lang='lat' dir='ltr'><strong>est</strong></span> <span class='ocrx_word' id='word_1_195' title='bbox 1903 2628 2042 2684; x_wconf 85' lang='lat' dir='ltr'><strong>sicut</strong></span> <span class='ocrx_word' id='word_1_196' title='bbox 2068 2641 2157 2682; x_wconf 91' lang='lat' dir='ltr'><strong>ce-</strong></span> 
     </span>
    </p>
   </div>
   <div class='ocr_carea' id='block_1_25' title="bbox 559 2717 2153 2802">
    <p class='ocr_par' dir='ltr' id='par_1_25' title="bbox 559 2717 2153 2802">
     <span class='ocr_line' id='line_1_25' title="bbox 559 2717 2153 2802; baseline -0.01 -15"><span class='ocrx_word' id='word_1_197' title='bbox 559 2733 664 2787; x_wconf 80' lang='lat' dir='ltr'><strong>ra?</strong></span> <span class='ocrx_word' id='word_1_198' title='bbox 709 2730 816 2787; x_wconf 90' lang='lat' dir='ltr'><strong>Cor</strong></span> <span class='ocrx_word' id='word_1_199' title='bbox 862 2731 1030 2802; x_wconf 87' lang='lat' dir='ltr'><strong>ipsius</strong></span> <span class='ocrx_word' id='word_1_200' title='bbox 1058 2729 1328 2798; x_wconf 86' lang='lat' dir='ltr'><strong>Scriptura</strong></span> <span class='ocrx_word' id='word_1_201' title='bbox 1375 2726 1577 2796; x_wconf 89' lang='lat' dir='ltr'><strong>ipsius,</strong></span> <span class='ocrx_word' id='word_1_202' title='bbox 1629 2723 1682 2778; x_wconf 87' lang='lat' dir='ltr'><strong>id</strong></span> <span class='ocrx_word' id='word_1_203' title='bbox 1727 2730 1846 2787; x_wconf 89' lang='lat' dir='ltr'><strong>est,</strong></span> <span class='ocrx_word' id='word_1_204' title='bbox 1896 2717 2153 2790; x_wconf 81' lang='lat' dir='ltr'><strong>sapientia</strong></span> 
     </span>
    </p>
   </div>
   <div class='ocr_carea' id='block_1_26' title="bbox 558 2811 2154 2895">
    <p class='ocr_par' dir='ltr' id='par_1_26' title="bbox 558 2811 2154 2895">
     <span class='ocr_line' id='line_1_26' title="bbox 558 2811 2154 2895; baseline -0.01 -16"><span class='ocrx_word' id='word_1_205' title='bbox 558 2824 728 2895; x_wconf 85' lang='lat' dir='ltr'><strong>ipsius</strong></span> <span class='ocrx_word' id='word_1_206' title='bbox 779 2838 900 2894; x_wconf 70' lang='lat' dir='ltr'><strong>qua:</strong></span> <span class='ocrx_word' id='word_1_207' title='bbox 949 2830 1065 2878; x_wconf 90' lang='lat' dir='ltr'><strong>erat</strong></span> <span class='ocrx_word' id='word_1_208' title='bbox 1116 2821 1168 2875; x_wconf 90' lang='lat' dir='ltr'><strong>in</strong></span> <span class='ocrx_word' id='word_1_209' title='bbox 1221 2818 1530 2888; x_wconf 90' lang='lat' dir='ltr'><strong>Scripturis.</strong></span> <span class='ocrx_word' id='word_1_210' title='bbox 1589 2814 1782 2870; x_wconf 89' lang='lat' dir='ltr'><strong>Clausa</strong></span> <span class='ocrx_word' id='word_1_211' title='bbox 1838 2811 1982 2868; x_wconf 90' lang='lat' dir='ltr'><strong>enim</strong></span> <span class='ocrx_word' id='word_1_212' title='bbox 2039 2816 2154 2866; x_wconf 87' lang='lat' dir='ltr'><strong>erat</strong></span> 
     </span>
    </p>
   </div>
   <div class='ocr_carea' id='block_1_27' title="bbox 557 2905 2154 2987">
    <p class='ocr_par' dir='ltr' id='par_1_27' title="bbox 557 2905 2154 2987">
     <span class='ocr_line' id='line_1_27' title="bbox 557 2905 2154 2987; baseline -0.011 -14"><span class='ocrx_word' id='word_1_213' title='bbox 557 2913 872 2987; x_wconf 82' lang='lat' dir='ltr'><strong>Scriptura;</strong></span> <span class='ocrx_word' id='word_1_214' title='bbox 926 2928 1086 2970; x_wconf 90' lang='lat' dir='ltr'><strong>nemo</strong></span> <span class='ocrx_word' id='word_1_215' title='bbox 1135 2911 1277 2967; x_wconf 88' lang='lat' dir='ltr'><strong>illam</strong></span> <span class='ocrx_word' id='word_1_216' title='bbox 1325 2907 1656 2979; x_wconf 87' lang='lat' dir='ltr'><strong>intelligebat</strong></span> <span class='ocrx_word' id='word_1_217' title='bbox 1690 2924 1704 2960; x_wconf 90' lang='lat'><strong>:</strong></span> <span class='ocrx_word' id='word_1_218' title='bbox 1735 2905 2024 2960; x_wconf 82' lang='lat' dir='ltr'><strong>crueilixus</strong></span> <span class='ocrx_word' id='word_1_219' title='bbox 2071 2908 2154 2956; x_wconf 89' lang='lat' dir='ltr'><strong>est</strong></span> 
     </span>
    </p>
   </div>
   <div class='ocr_carea' id='block_1_28' title="bbox 558 2999 2154 3075">
    <p class='ocr_par' dir='ltr' id='par_1_28' title="bbox 558 2999 2154 3075">
     <span class='ocr_line' id='line_1_28' title="bbox 558 2999 2154 3075; baseline -0.01 -13"><span class='ocrx_word' id='word_1_220' title='bbox 558 3006 859 3073; x_wconf 87' lang='lat' dir='ltr'><strong>Dominus,</strong></span> <span class='ocrx_word' id='word_1_221' title='bbox 907 3015 961 3060; x_wconf 91' lang='lat' dir='ltr'><strong>et</strong></span> <span class='ocrx_word' id='word_1_222' title='bbox 1007 3001 1295 3075; x_wconf 85' lang='lat' dir='ltr'><strong>liquefacta</strong></span> <span class='ocrx_word' id='word_1_223' title='bbox 1343 3010 1426 3056; x_wconf 88' lang='lat' dir='ltr'><strong>est</strong></span> <span class='ocrx_word' id='word_1_224' title='bbox 1469 2999 1608 3055; x_wconf 91' lang='lat' dir='ltr'><strong>sicut</strong></span> <span class='ocrx_word' id='word_1_225' title='bbox 1653 3013 1814 3062; x_wconf 88' lang='lat' dir='ltr'><strong>cera,</strong></span> <span class='ocrx_word' id='word_1_226' title='bbox 1861 3005 1920 3050; x_wconf 90' lang='lat' dir='ltr'><strong>ut</strong></span> <span class='ocrx_word' id='word_1_227' title='bbox 1965 3005 2154 3048; x_wconf 88' lang='lat' dir='ltr'><strong>omnes</strong></span> 
     </span>
    </p>
   </div>
   <div class='ocr_carea' id='block_1_29' title="bbox 557 3085 2151 3166">
    <p class='ocr_par' dir='ltr' id='par_1_29' title="bbox 557 3085 2151 3166">
     <span class='ocr_line' id='line_1_29' title="bbox 557 3085 2151 3166; baseline -0.01 -13"><span class='ocrx_word' id='word_1_228' title='bbox 557 3098 758 3153; x_wconf 84' lang='lat' dir='ltr'><strong>infirmi</strong></span> <span class='ocrx_word' id='word_1_229' title='bbox 807 3096 1164 3166; x_wconf 77' lang='lat' dir='ltr'><strong>intelligerent</strong></span> <span class='ocrx_word' id='word_1_230' title='bbox 1207 3091 1577 3162; x_wconf 89' lang='lat' dir='ltr'><strong>Scripturam;</strong></span> <span class='ocrx_word' id='word_1_231' title='bbox 1623 3103 1746 3143; x_wconf 90' lang='lat' dir='ltr'><strong>nam</strong></span> <span class='ocrx_word' id='word_1_232' title='bbox 1791 3085 1915 3140; x_wconf 91' lang='lat' dir='ltr'><strong>inde</strong></span> <span class='ocrx_word' id='word_1_233' title='bbox 1962 3093 2015 3140; x_wconf 88' lang='lat' dir='ltr'><strong>et</strong></span> <span class='ocrx_word' id='word_1_234' title='bbox 2055 3097 2151 3137; x_wconf 89' lang='lat' dir='ltr'><strong>ve-</strong></span> 
     </span>
    </p>
   </div>
   <div class='ocr_carea' id='block_1_30' title="bbox 556 3174 2149 3259">
    <p class='ocr_par' dir='ltr' id='par_1_30' title="bbox 556 3174 2149 3259">
     <span class='ocr_line' id='line_1_30' title="bbox 556 3174 2149 3259; baseline -0.009 -13"><span class='ocrx_word' id='word_1_235' title='bbox 556 3189 667 3246; x_wconf 87' lang='lat' dir='ltr'><strong>lum</strong></span> <span class='ocrx_word' id='word_1_236' title='bbox 719 3188 899 3259; x_wconf 89' lang='lat' dir='ltr'><strong>templi</strong></span> <span class='ocrx_word' id='word_1_237' title='bbox 927 3187 1154 3242; x_wconf 89' lang='lat' dir='ltr'><strong>scissum</strong></span> <span class='ocrx_word' id='word_1_238' title='bbox 1199 3193 1322 3251; x_wconf 89' lang='lat' dir='ltr'><strong>est,</strong></span> <span class='ocrx_word' id='word_1_239' title='bbox 1354 3183 1476 3253; x_wconf 87' lang='lat' dir='ltr'><strong>quia</strong></span> <span class='ocrx_word' id='word_1_240' title='bbox 1505 3180 1647 3252; x_wconf 92' lang='lat' dir='ltr'><strong>quod</strong></span> <span class='ocrx_word' id='word_1_241' title='bbox 1679 3174 1958 3234; x_wconf 80' lang='lat' dir='ltr'><strong>velabatur</strong></span> <span class='ocrx_word' id='word_1_242' title='bbox 1986 3191 2149 3232; x_wconf 88' lang='lat' dir='ltr'><strong>reve-</strong></span> 
     </span>
    </p>
   </div>
   <div class='ocr_carea' id='block_1_31' title="bbox 556 3281 858 3336">
    <p class='ocr_par' dir='ltr' id='par_1_31' title="bbox 556 3281 858 3336">
     <span class='ocr_line' id='line_1_31' title="bbox 556 3281 858 3336; baseline -0.007 0"><span class='ocrx_word' id='word_1_243' title='bbox 556 3281 723 3336; x_wconf 90' lang='lat' dir='ltr'><strong>latum</strong></span> <span class='ocrx_word' id='word_1_244' title='bbox 754 3287 858 3336; x_wconf 88' lang='lat' dir='ltr'><strong>est.</strong></span> 
     </span>
    </p>
   </div>
   <div class='ocr_carea' id='block_1_32' title="bbox 629 3361 2148 3444">
    <p class='ocr_par' dir='ltr' id='par_1_32' title="bbox 629 3361 2148 3444">
     <span class='ocr_line' id='line_1_32' title="bbox 629 3361 2148 3444; baseline -0.01 -16"><span class='ocrx_word' id='word_1_245' title='bbox 629 3371 716 3428; x_wconf 84' lang='lat'><strong>16.</strong></span> <span class='ocrx_word' id='word_1_246' title='bbox 749 3369 899 3444; x_wconf 81' lang='lat' dir='ltr'><strong>[eers.</strong></span> <span class='ocrx_word' id='word_1_247' title='bbox 932 3365 1051 3442; x_wconf 89' lang='lat'><strong><em>16.]</em></strong></span> <span class='ocrx_word' id='word_1_248' title='bbox 1084 3365 1297 3422; x_wconf 73' lang='lat' dir='ltr'><strong>Exarttit</strong></span> <span class='ocrx_word' id='word_1_249' title='bbox 1333 3364 1464 3420; x_wconf 85' lang='lat' dir='ltr'><strong>uelut</strong></span> <span class='ocrx_word' id='word_1_250' title='bbox 1489 3371 1612 3418; x_wconf 90' lang='lat' dir='ltr'><strong>testa</strong></span> <span class='ocrx_word' id='word_1_251' title='bbox 1651 3361 1805 3417; x_wconf 85' lang='lat' dir='ltr'><strong>virtus</strong></span> <span class='ocrx_word' id='word_1_252' title='bbox 1843 3376 1952 3414; x_wconf 89' lang='lat' dir='ltr'><strong>mea</strong></span> <span class='ocrx_word' id='word_1_253' title='bbox 1979 3375 1998 3414; x_wconf 89' lang='lat'><strong><em>:</em></strong></span> <span class='ocrx_word' id='word_1_254' title='bbox 2029 3373 2148 3414; x_wconf 87' lang='lat' dir='ltr'><strong>ma-</strong></span> 
     </span>
    </p>
   </div>
   <div class='ocr_carea' id='block_1_33' title="bbox 553 3456 2146 3538">
    <p class='ocr_par' dir='ltr' id='par_1_33' title="bbox 553 3456 2146 3538">
     <span class='ocr_line' id='line_1_33' title="bbox 553 3456 2146 3538; baseline -0.01 -18"><span class='ocrx_word' id='word_1_255' title='bbox 553 3465 746 3538; x_wconf 82' lang='lat' dir='ltr'><strong>gnifice</strong></span> <span class='ocrx_word' id='word_1_256' title='bbox 774 3461 915 3535; x_wconf 91' lang='lat' dir='ltr'><strong>quod</strong></span> <span class='ocrx_word' id='word_1_257' title='bbox 954 3461 1122 3528; x_wconf 87' lang='lat' dir='ltr'><strong>dixit,</strong></span> <span class='ocrx_word' id='word_1_258' title='bbox 1150 3457 1386 3515; x_wconf 88' lang='lat' dir='ltr'><strong>Firmius</strong></span> <span class='ocrx_word' id='word_1_259' title='bbox 1411 3456 1606 3512; x_wconf 90' lang='lat' dir='ltr'><strong>factum</strong></span> <span class='ocrx_word' id='word_1_260' title='bbox 1636 3462 1718 3510; x_wconf 91' lang='lat' dir='ltr'><strong>est</strong></span> <span class='ocrx_word' id='word_1_261' title='bbox 1746 3465 1943 3508; x_wconf 88' lang='lat' dir='ltr'><strong>nomen</strong></span> <span class='ocrx_word' id='word_1_262' title='bbox 1968 3465 2146 3506; x_wconf 91' lang='lat' dir='ltr'><strong>meum</strong></span> 
     </span>
    </p>
   </div>
   <div class='ocr_carea' id='block_1_34' title="bbox 550 3543 2148 3621">
    <p class='ocr_par' dir='ltr' id='par_1_34' title="bbox 550 3543 2148 3621">
     <span class='ocr_line' id='line_1_34' title="bbox 550 3543 2148 3621; baseline -0.01 -7"><span class='ocrx_word' id='word_1_263' title='bbox 550 3557 622 3614; x_wconf 76' lang='lat' dir='ltr'><strong>de</strong></span> <span class='ocrx_word' id='word_1_264' title='bbox 645 3555 1004 3614; x_wconf 88' lang='lat' dir='ltr'><strong>tribulatione.</strong></span> <span class='ocrx_word' id='word_1_265' title='bbox 1025 3551 1307 3621; x_wconf 87' lang='lat' dir='ltr'><strong>Quomodo</strong></span> <span class='ocrx_word' id='word_1_266' title='bbox 1331 3550 1476 3606; x_wconf 91' lang='lat' dir='ltr'><strong>enim</strong></span> <span class='ocrx_word' id='word_1_267' title='bbox 1497 3555 1632 3602; x_wconf 87' lang='lat' dir='ltr'><strong>testa</strong></span> <span class='ocrx_word' id='word_1_268' title='bbox 1656 3553 1780 3601; x_wconf 88' lang='lat' dir='ltr'><strong>ante</strong></span> <span class='ocrx_word' id='word_1_269' title='bbox 1809 3545 1985 3616; x_wconf 91' lang='lat' dir='ltr'><strong>ignem</strong></span> <span class='ocrx_word' id='word_1_270' title='bbox 2013 3543 2148 3599; x_wconf 92' lang='lat' dir='ltr'><strong>mol-</strong></span> 
     </span>
    </p>
   </div>
   <div class='ocr_carea' id='block_1_35' title="bbox 553 3639 2151 3720">
    <p class='ocr_par' dir='ltr' id='par_1_35' title="bbox 553 3639 2151 3720">
     <span class='ocr_line' id='line_1_35' title="bbox 553 3639 2151 3720; baseline -0.009 -15"><span class='ocrx_word' id='word_1_271' title='bbox 553 3649 619 3706; x_wconf 87' lang='lat' dir='ltr'><strong>lis</strong></span> <span class='ocrx_word' id='word_1_272' title='bbox 645 3657 748 3715; x_wconf 90' lang='lat' dir='ltr'><strong>est,</strong></span> <span class='ocrx_word' id='word_1_273' title='bbox 770 3657 888 3720; x_wconf 87' lang='lat' dir='ltr'><strong>post</strong></span> <span class='ocrx_word' id='word_1_274' title='bbox 917 3647 1090 3716; x_wconf 90' lang='lat' dir='ltr'><strong>ignem</strong></span> <span class='ocrx_word' id='word_1_275' title='bbox 1117 3642 1300 3708; x_wconf 87' lang='lat' dir='ltr'><strong>fortis;</strong></span> <span class='ocrx_word' id='word_1_276' title='bbox 1325 3641 1402 3697; x_wconf 91' lang='lat' dir='ltr'><strong>sic</strong></span> <span class='ocrx_word' id='word_1_277' title='bbox 1427 3639 1636 3695; x_wconf 89' lang='lat' dir='ltr'><strong>Domini</strong></span> <span class='ocrx_word' id='word_1_278' title='bbox 1665 3653 1857 3691; x_wconf 90' lang='lat' dir='ltr'><strong>nomen</strong></span> <span class='ocrx_word' id='word_1_279' title='bbox 1886 3644 2010 3691; x_wconf 86' lang='lat' dir='ltr'><strong>ante</strong></span> <span class='ocrx_word' id='word_1_280' title='bbox 2027 3650 2151 3706; x_wconf 87' lang='lat' dir='ltr'><strong>pas-</strong></span> 
     </span>
    </p>
   </div>
   <div class='ocr_carea' id='block_1_36' title="bbox 551 3727 2144 3806">
    <p class='ocr_par' dir='ltr' id='par_1_36' title="bbox 551 3727 2144 3806">
     <span class='ocr_line' id='line_1_36' title="bbox 551 3727 2144 3806; baseline -0.008 -9"><span class='ocrx_word' id='word_1_281' title='bbox 551 3742 760 3797; x_wconf 86' lang='lat' dir='ltr'><strong>sionem</strong></span> <span class='ocrx_word' id='word_1_282' title='bbox 787 3737 1248 3803; x_wconf 89' lang='lat' dir='ltr'><strong>contemnebatur,</strong></span> <span class='ocrx_word' id='word_1_283' title='bbox 1269 3742 1394 3806; x_wconf 88' lang='lat' dir='ltr'><strong>post</strong></span> <span class='ocrx_word' id='word_1_284' title='bbox 1415 3732 1716 3803; x_wconf 87' lang='lat' dir='ltr'><strong>passionem</strong></span> <span class='ocrx_word' id='word_1_285' title='bbox 1743 3727 2144 3785; x_wconf 83' lang='lat' dir='ltr'><strong>honorificatur.</strong></span> 
     </span>
    </p>
   </div>
   <div class='ocr_carea' id='block_1_37' title="bbox 556 3819 2147 3901">
    <p class='ocr_par' dir='ltr' id='par_1_37' title="bbox 556 3819 2147 3901">
     <span class='ocr_line' id='line_1_37' title="bbox 556 3819 2147 3901; baseline -0.008 -16"><span class='ocrx_word' id='word_1_286' title='bbox 556 3829 625 3885; x_wconf 88' lang='lat' dir='ltr'><strong>Et</strong></span> <span class='ocrx_word' id='word_1_287' title='bbox 651 3831 828 3901; x_wconf 85' lang='lat' dir='ltr'><strong>lingua</strong></span> <span class='ocrx_word' id='word_1_288' title='bbox 851 3846 962 3883; x_wconf 88' lang='lat' dir='ltr'><strong>mea</strong></span> <span class='ocrx_word' id='word_1_289' title='bbox 986 3825 1200 3882; x_wconf 65' lang='lat' dir='ltr'><strong>adhesit</strong></span> <span class='ocrx_word' id='word_1_290' title='bbox 1228 3824 1458 3894; x_wconf 73' lang='lat' dir='ltr'><strong>faucibus</strong></span> <span class='ocrx_word' id='word_1_291' title='bbox 1482 3822 1605 3876; x_wconf 87' lang='lat' dir='ltr'><strong>meis</strong></span> <span class='ocrx_word' id='word_1_292' title='bbox 1635 3836 1654 3875; x_wconf 92' lang='lat'><strong><em>:</em></strong></span> <span class='ocrx_word' id='word_1_293' title='bbox 1682 3819 1951 3891; x_wconf 89' lang='lat' dir='ltr'><strong>quomodo</strong></span> <span class='ocrx_word' id='word_1_294' title='bbox 1978 3833 2147 3874; x_wconf 87' lang='lat' dir='ltr'><strong>mem-</strong></span> 
     </span>
    </p>
   </div>
   <div class='ocr_carea' id='block_1_38' title="bbox 551 3911 2144 3984">
    <p class='ocr_par' dir='ltr' id='par_1_38' title="bbox 551 3911 2144 3984">
     <span class='ocr_line' id='line_1_38' title="bbox 551 3911 2144 3984; baseline -0.01 -4"><span class='ocrx_word' id='word_1_295' title='bbox 551 3925 708 3980; x_wconf 88' lang='lat' dir='ltr'><strong>brum</strong></span> <span class='ocrx_word' id='word_1_296' title='bbox 755 3922 882 3978; x_wconf 92' lang='lat' dir='ltr'><strong>illud</strong></span> <span class='ocrx_word' id='word_1_297' title='bbox 928 3923 980 3976; x_wconf 91' lang='lat' dir='ltr'><strong>in</strong></span> <span class='ocrx_word' id='word_1_298' title='bbox 1013 3920 1166 3976; x_wconf 90' lang='lat' dir='ltr'><strong>nobis</strong></span> <span class='ocrx_word' id='word_1_299' title='bbox 1197 3932 1302 3973; x_wconf 93' lang='lat' dir='ltr'><strong>non</strong></span> <span class='ocrx_word' id='word_1_300' title='bbox 1336 3917 1480 3971; x_wconf 89' lang='lat' dir='ltr'><strong>valet</strong></span> <span class='ocrx_word' id='word_1_301' title='bbox 1524 3915 1626 3970; x_wconf 90' lang='lat' dir='ltr'><strong>nisi</strong></span> <span class='ocrx_word' id='word_1_302' title='bbox 1669 3913 1734 3968; x_wconf 90' lang='lat' dir='ltr'><strong>ad</strong></span> <span class='ocrx_word' id='word_1_303' title='bbox 1780 3911 2144 3984; x_wconf 88' lang='lat' dir='ltr'><strong>loquendum;</strong></span> 
     </span>
    </p>
   </div>
   <div class='ocr_carea' id='block_1_39' title="bbox 551 4001 2147 4084">
    <p class='ocr_par' dir='ltr' id='par_1_39' title="bbox 551 4001 2147 4084">
     <span class='ocr_line' id='line_1_39' title="bbox 551 4001 2147 4084; baseline -0.009 -14"><span class='ocrx_word' id='word_1_304' title='bbox 551 4013 631 4070; x_wconf 73' lang='lat' dir='ltr'><strong>Sic</strong></span> <span class='ocrx_word' id='word_1_305' title='bbox 685 4013 1060 4084; x_wconf 73' lang='lat' dir='ltr'><strong>prmdicatores</strong></span> <span class='ocrx_word' id='word_1_306' title='bbox 1110 4024 1276 4076; x_wconf 89' lang='lat' dir='ltr'><strong>suos,</strong></span> <span class='ocrx_word' id='word_1_307' title='bbox 1330 4008 1565 4078; x_wconf 88' lang='lat' dir='ltr'><strong>linguam</strong></span> <span class='ocrx_word' id='word_1_308' title='bbox 1617 4019 1806 4072; x_wconf 86' lang='lat' dir='ltr'><strong>suam,</strong></span> <span class='ocrx_word' id='word_1_309' title='bbox 1861 4002 1999 4058; x_wconf 82' lang='lat' dir='ltr'><strong>dixit</strong></span> <span class='ocrx_word' id='word_1_310' title='bbox 2049 4001 2147 4058; x_wconf 89' lang='lat' dir='ltr'><strong>ad-</strong></span> 
     </span>
    </p>
   </div>
   <div class='ocr_carea' id='block_1_40' title="bbox 552 4095 2145 4168">
    <p class='ocr_par' dir='ltr' id='par_1_40' title="bbox 552 4095 2145 4168">
     <span class='ocr_line' id='line_1_40' title="bbox 552 4095 2145 4168; baseline -0.008 -7"><span class='ocrx_word' id='word_1_311' title='bbox 552 4107 773 4161; x_wconf 62' lang='lat' dir='ltr'><strong>haesisse</strong></span> <span class='ocrx_word' id='word_1_312' title='bbox 815 4103 1053 4160; x_wconf 79' lang='lat' dir='ltr'><strong>faucibus</strong></span> <span class='ocrx_word' id='word_1_313' title='bbox 1095 4103 1246 4168; x_wconf 87' lang='lat' dir='ltr'><strong>suis,</strong></span> <span class='ocrx_word' id='word_1_314' title='bbox 1295 4109 1353 4156; x_wconf 92' lang='lat' dir='ltr'><strong>ut</strong></span> <span class='ocrx_word' id='word_1_315' title='bbox 1396 4100 1464 4154; x_wconf 92' lang='lat' dir='ltr'><strong>de</strong></span> <span class='ocrx_word' id='word_1_316' title='bbox 1507 4097 1850 4154; x_wconf 89' lang='lat' dir='ltr'><strong>interioribus</strong></span> <span class='ocrx_word' id='word_1_317' title='bbox 1891 4095 2007 4165; x_wconf 88' lang='lat' dir='ltr'><strong>ejus</strong></span> <span class='ocrx_word' id='word_1_318' title='bbox 2052 4110 2145 4150; x_wconf 84' lang='lat' dir='ltr'><strong>ca-</strong></span> 
     </span>
    </p>
   </div>
   <div class='ocr_carea' id='block_1_41' title="bbox 548 4188 2146 4269">
    <p class='ocr_par' dir='ltr' id='par_1_41' title="bbox 548 4188 2146 4269">
     <span class='ocr_line' id='line_1_41' title="bbox 548 4188 2146 4269; baseline -0.008 -14"><span class='ocrx_word' id='word_1_319' title='bbox 548 4191 742 4269; x_wconf 73' lang='lat' dir='ltr'><strong>perent</strong></span> <span class='ocrx_word' id='word_1_320' title='bbox 785 4197 1118 4268; x_wconf 87' lang='lat' dir='ltr'><strong>sapientiam.</strong></span> <span class='ocrx_word' id='word_1_321' title='bbox 1164 4193 1232 4249; x_wconf 87' lang='lat' dir='ltr'><strong>Et</strong></span> <span class='ocrx_word' id='word_1_322' title='bbox 1273 4194 1328 4248; x_wconf 90' lang='lat' dir='ltr'><strong>in</strong></span> <span class='ocrx_word' id='word_1_323' title='bbox 1370 4192 1626 4261; x_wconf 85' lang='lat' dir='ltr'><strong>puluerem</strong></span> <span class='ocrx_word' id='word_1_324' title='bbox 1672 4190 1849 4245; x_wconf 87' lang='lat' dir='ltr'><strong>mortis</strong></span> <span class='ocrx_word' id='word_1_325' title='bbox 1894 4188 2146 4244; x_wconf 68' lang='lat' dir='ltr'><strong>deduxisti</strong></span> 
     </span>
    </p>
   </div>
   <div class='ocr_carea' id='block_1_42' title="bbox 548 4311 648 4348">
    <p class='ocr_par' dir='ltr' id='par_1_42' title="bbox 548 4311 648 4348">
     <span class='ocr_line' id='line_1_42' title="bbox 548 4311 648 4348; baseline 0 -1"><span class='ocrx_word' id='word_1_326' title='bbox 548 4311 648 4348; x_wconf 86' lang='lat' dir='ltr'><strong>me.</strong></span> 
     </span>
    </p>
   </div>
   <div class='ocr_carea' id='block_1_43' title="bbox 624 4377 2145 4459">
    <p class='ocr_par' dir='ltr' id='par_1_43' title="bbox 624 4377 2145 4459">
     <span class='ocr_line' id='line_1_43' title="bbox 624 4377 2145 4459; baseline -0.007 -19"><span class='ocrx_word' id='word_1_327' title='bbox 624 4385 709 4440; x_wconf 90' lang='lat'><strong>17.</strong></span> <span class='ocrx_word' id='word_1_328' title='bbox 756 4383 908 4459; x_wconf 84' lang='lat' dir='ltr'><strong>[uers.</strong></span> <span class='ocrx_word' id='word_1_329' title='bbox 944 4381 1057 4456; x_wconf 91' lang='lat'><strong><em>17.]</em></strong></span> <span class='ocrx_word' id='word_1_330' title='bbox 1105 4381 1358 4450; x_wconf 81' lang='lat' dir='ltr'><strong>Quoniam</strong></span> <span class='ocrx_word' id='word_1_331' title='bbox 1400 4377 1835 4433; x_wconf 87' lang='lat' dir='ltr'><strong>circumdederunt</strong></span> <span class='ocrx_word' id='word_1_332' title='bbox 1876 4390 1956 4429; x_wconf 90' lang='lat' dir='ltr'><strong>me</strong></span> <span class='ocrx_word' id='word_1_333' title='bbox 1997 4391 2145 4430; x_wconf 89' lang='lat' dir='ltr'><strong>canes</strong></span> 
     </span>
    </p>
   </div>
   <div class='ocr_carea' id='block_1_44' title="bbox 546 4468 2141 4545">
    <p class='ocr_par' dir='ltr' id='par_1_44' title="bbox 546 4468 2141 4545">
     <span class='ocr_line' id='line_1_44' title="bbox 546 4468 2141 4545; baseline -0.004 -15"><span class='ocrx_word' id='word_1_334' title='bbox 546 4477 728 4539; x_wconf 88' lang='lat' dir='ltr'><strong>multi,</strong></span> <span class='ocrx_word' id='word_1_335' title='bbox 761 4477 1029 4530; x_wconf 84' lang='lat' dir='ltr'><strong>concilium</strong></span> <span class='ocrx_word' id='word_1_336' title='bbox 1056 4473 1444 4545; x_wconf 87' lang='lat' dir='ltr'><strong>malignantium</strong></span> <span class='ocrx_word' id='word_1_337' title='bbox 1471 4469 1798 4525; x_wconf 78' lang='lat' dir='ltr'><strong>circumdedit</strong></span> <span class='ocrx_word' id='word_1_338' title='bbox 1823 4484 1903 4525; x_wconf 86' lang='lat' dir='ltr'><strong>me</strong></span> <span class='ocrx_word' id='word_1_339' title='bbox 1931 4485 1952 4524; x_wconf 81' lang='lat'><strong>.&#39;</strong></span> <span class='ocrx_word' id='word_1_340' title='bbox 1981 4468 2141 4523; x_wconf 89' lang='lat' dir='ltr'><strong>etiam</strong></span> 
     </span>
    </p>
   </div>
   <div class='ocr_carea' id='block_1_45' title="bbox 548 4559 2143 4637">
    <p class='ocr_par' dir='ltr' id='par_1_45' title="bbox 548 4559 2143 4637">
     <span class='ocr_line' id='line_1_45' title="bbox 548 4559 2143 4637; baseline -0.004 -17"><span class='ocrx_word' id='word_1_341' title='bbox 548 4568 725 4622; x_wconf 89' lang='lat' dir='ltr'><strong>videte</strong></span> <span class='ocrx_word' id='word_1_342' title='bbox 774 4567 1138 4637; x_wconf 79' lang='lat' dir='ltr'><strong>Evangelium.</strong></span> <span class='ocrx_word' id='word_1_343' title='bbox 1186 4565 1449 4618; x_wconf 84' lang='lat' dir='ltr'><strong>Foderuut</strong></span> <span class='ocrx_word' id='word_1_344' title='bbox 1492 4579 1670 4616; x_wconf 88' lang='lat' dir='ltr'><strong>ntanus</strong></span> <span class='ocrx_word' id='word_1_345' title='bbox 1718 4578 1856 4616; x_wconf 88' lang='lat' dir='ltr'><strong>meas</strong></span> <span class='ocrx_word' id='word_1_346' title='bbox 1899 4570 1944 4614; x_wconf 90' lang='lat' dir='ltr'><strong>et</strong></span> <span class='ocrx_word' id='word_1_347' title='bbox 1993 4559 2143 4630; x_wconf 81' lang='lat' dir='ltr'><strong>pedes</strong></span> 
     </span>
    </p>
   </div>
   <div class='ocr_carea' id='block_1_46' title="bbox 543 4650 2139 4722">
    <p class='ocr_par' dir='ltr' id='par_1_46' title="bbox 543 4650 2139 4722">
     <span class='ocr_line' id='line_1_46' title="bbox 543 4650 2139 4722; baseline -0.005 -10"><span class='ocrx_word' id='word_1_348' title='bbox 543 4659 704 4712; x_wconf 53' lang='lat' dir='ltr'><strong>&#39;meos.</strong></span> <span class='ocrx_word' id='word_1_349' title='bbox 754 4657 900 4712; x_wconf 87' lang='lat' dir='ltr'><strong>Tunc</strong></span> <span class='ocrx_word' id='word_1_350' title='bbox 945 4657 1078 4710; x_wconf 89' lang='lat' dir='ltr'><strong>facta</strong></span> <span class='ocrx_word' id='word_1_351' title='bbox 1123 4665 1246 4710; x_wconf 88' lang='lat' dir='ltr'><strong>sunt</strong></span> <span class='ocrx_word' id='word_1_352' title='bbox 1286 4655 1542 4718; x_wconf 82' lang='lat' dir='ltr'><strong>vulnera,</strong></span> <span class='ocrx_word' id='word_1_353' title='bbox 1585 4668 1812 4722; x_wconf 88' lang='lat' dir='ltr'><strong>quorum</strong></span> <span class='ocrx_word' id='word_1_354' title='bbox 1859 4650 2139 4705; x_wconf 89' lang='lat' dir='ltr'><strong>vulnerum</strong></span> 
     </span>
    </p>
   </div>
   <div class='ocr_carea' id='block_1_47' title="bbox 545 4740 2138 4815">
    <p class='ocr_par' dir='ltr' id='par_1_47' title="bbox 545 4740 2138 4815">
     <span class='ocr_line' id='line_1_47' title="bbox 545 4740 2138 4815; baseline -0.005 -13"><span class='ocrx_word' id='word_1_355' title='bbox 545 4747 822 4803; x_wconf 88' lang='lat' dir='ltr'><strong>cicatrices</strong></span> <span class='ocrx_word' id='word_1_356' title='bbox 869 4746 1114 4801; x_wconf 89' lang='lat' dir='ltr'><strong>dubitans</strong></span> <span class='ocrx_word' id='word_1_357' title='bbox 1161 4743 1449 4815; x_wconf 88' lang='lat' dir='ltr'><strong>discipulus</strong></span> <span class='ocrx_word' id='word_1_358' title='bbox 1476 4743 1875 4808; x_wconf 89' lang='lat' dir='ltr'><strong>contrectavit,</strong></span> <span class='ocrx_word' id='word_1_359' title='bbox 1909 4741 2001 4796; x_wconf 89' lang='lat' dir='ltr'><strong>ille</strong></span> <span class='ocrx_word' id='word_1_360' title='bbox 2049 4740 2138 4810; x_wconf 87' lang='lat' dir='ltr'><strong>qui</strong></span> 
     </span>
    </p>
   </div>
   <div class='ocr_carea' id='block_1_48' title="bbox 546 4832 2138 4907">
    <p class='ocr_par' dir='ltr' id='par_1_48' title="bbox 546 4832 2138 4907">
     <span class='ocr_line' id='line_1_48' title="bbox 546 4832 2138 4907; baseline -0.004 -14"><span class='ocrx_word' id='word_1_361' title='bbox 546 4839 687 4893; x_wconf 82' lang='lat' dir='ltr'><strong>dixit</strong></span> <span class='ocrx_word' id='word_1_362' title='bbox 717 4856 729 4892; x_wconf 91' lang='lat'><strong>:</strong></span> <span class='ocrx_word' id='word_1_363' title='bbox 765 4837 879 4893; x_wconf 87' lang='lat' dir='ltr'><strong>Nisi</strong></span> <span class='ocrx_word' id='word_1_364' title='bbox 929 4838 1107 4892; x_wconf 85' lang='lat' dir='ltr'><strong>misero</strong></span> <span class='ocrx_word' id='word_1_365' title='bbox 1152 4837 1336 4907; x_wconf 82' lang='lat' dir='ltr'><strong>digitos</strong></span> <span class='ocrx_word' id='word_1_366' title='bbox 1380 4851 1516 4889; x_wconf 86' lang='lat' dir='ltr'><strong>meos</strong></span> <span class='ocrx_word' id='word_1_367' title='bbox 1559 4835 1613 4887; x_wconf 89' lang='lat' dir='ltr'><strong>in</strong></span> <span class='ocrx_word' id='word_1_368' title='bbox 1661 4835 1916 4887; x_wconf 85' lang='lat' dir='ltr'><strong>cicatrices</strong></span> <span class='ocrx_word' id='word_1_369' title='bbox 1959 4832 2138 4887; x_wconf 61' lang='lat' dir='ltr'><strong>uulneu</strong></span> 
     </span>
    </p>
   </div>
   <div class='ocr_carea' id='block_1_49' title="bbox 545 4925 2141 5000">
    <p class='ocr_par' dir='ltr' id='par_1_49' title="bbox 545 4925 2141 5000">
     <span class='ocr_line' id='line_1_49' title="bbox 545 4925 2141 5000; baseline -0.003 -14"><span class='ocrx_word' id='word_1_370' title='bbox 545 4949 660 4986; x_wconf 90' lang='lat' dir='ltr'><strong>rum</strong></span> <span class='ocrx_word' id='word_1_371' title='bbox 688 4933 798 5000; x_wconf 87' lang='lat' dir='ltr'><strong>ejus</strong></span> <span class='ocrx_word' id='word_1_372' title='bbox 822 4973 837 4999; x_wconf 92' lang='lat'><strong>,</strong></span> <span class='ocrx_word' id='word_1_373' title='bbox 870 4948 969 4985; x_wconf 88' lang='lat' dir='ltr'><strong>non</strong></span> <span class='ocrx_word' id='word_1_374' title='bbox 1001 4931 1222 4985; x_wconf 88' lang='lat' dir='ltr'><strong>credam.</strong></span> <span class='ocrx_word' id='word_1_375' title='bbox 1257 4929 1481 4998; x_wconf 88' lang='lat' dir='ltr'><strong>Quando</strong></span> <span class='ocrx_word' id='word_1_376' title='bbox 1511 4929 1558 4983; x_wconf 91' lang='lat' dir='ltr'><strong>ei</strong></span> <span class='ocrx_word' id='word_1_377' title='bbox 1589 4927 1763 4994; x_wconf 79' lang='lat' dir='ltr'><strong>dixit,</strong></span> <span class='ocrx_word' id='word_1_378' title='bbox 1805 4925 1969 4994; x_wconf 86' lang='lat' dir='ltr'><strong>Veni,</strong></span> <span class='ocrx_word' id='word_1_379' title='bbox 2003 4929 2141 4982; x_wconf 86' lang='lat' dir='ltr'><strong>mitte</strong></span> 
     </span>
    </p>
   </div>
   <div class='ocr_carea' id='block_1_50' title="bbox 545 5020 2140 5089">
    <p class='ocr_par' dir='ltr' id='par_1_50' title="bbox 545 5020 2140 5089">
     <span class='ocr_line' id='line_1_50' title="bbox 545 5020 2140 5089; baseline -0.001 -13"><span class='ocrx_word' id='word_1_380' title='bbox 545 5040 752 5076; x_wconf 88' lang='lat' dir='ltr'><strong>manum</strong></span> <span class='ocrx_word' id='word_1_381' title='bbox 797 5033 936 5076; x_wconf 90' lang='lat' dir='ltr'><strong>tuam</strong></span> <span class='ocrx_word' id='word_1_382' title='bbox 961 5064 974 5089; x_wconf 95' lang='lat'><strong>,</strong></span> <span class='ocrx_word' id='word_1_383' title='bbox 1020 5021 1314 5088; x_wconf 89' lang='lat' dir='ltr'><strong>incredule;</strong></span> <span class='ocrx_word' id='word_1_384' title='bbox 1345 5031 1399 5076; x_wconf 92' lang='lat' dir='ltr'><strong>et</strong></span> <span class='ocrx_word' id='word_1_385' title='bbox 1439 5020 1585 5074; x_wconf 92' lang='lat' dir='ltr'><strong>misit</strong></span> <span class='ocrx_word' id='word_1_386' title='bbox 1615 5034 1828 5074; x_wconf 86' lang='lat' dir='ltr'><strong>manum</strong></span> <span class='ocrx_word' id='word_1_387' title='bbox 1860 5034 2009 5072; x_wconf 88' lang='lat' dir='ltr'><strong>suam</strong></span> <span class='ocrx_word' id='word_1_388' title='bbox 2036 5061 2052 5087; x_wconf 90' lang='lat'><strong>,</strong></span> <span class='ocrx_word' id='word_1_389' title='bbox 2085 5027 2140 5074; x_wconf 91' lang='lat' dir='ltr'><strong>et</strong></span> 
     </span>
    </p>
   </div>
   <div class='ocr_carea' id='block_1_51' title="bbox 543 5112 2138 5178">
    <p class='ocr_par' dir='ltr' id='par_1_51' title="bbox 543 5112 2138 5178">
     <span class='ocr_line' id='line_1_51' title="bbox 543 5112 2138 5178; baseline -0.002 -8"><span class='ocrx_word' id='word_1_390' title='bbox 543 5117 799 5170; x_wconf 87' lang='lat' dir='ltr'><strong>clamavit</strong></span> <span class='ocrx_word' id='word_1_391' title='bbox 831 5135 842 5168; x_wconf 90' lang='lat'><strong>:</strong></span> <span class='ocrx_word' id='word_1_392' title='bbox 878 5115 1124 5170; x_wconf 86' lang='lat' dir='ltr'><strong>Dominus</strong></span> <span class='ocrx_word' id='word_1_393' title='bbox 1154 5131 1290 5169; x_wconf 87' lang='lat' dir='ltr'><strong>meus</strong></span> <span class='ocrx_word' id='word_1_394' title='bbox 1319 5125 1363 5168; x_wconf 91' lang='lat' dir='ltr'><strong>et</strong></span> <span class='ocrx_word' id='word_1_395' title='bbox 1392 5113 1530 5168; x_wconf 87' lang='lat' dir='ltr'><strong>Deus</strong></span> <span class='ocrx_word' id='word_1_396' title='bbox 1557 5113 1733 5166; x_wconf 86' lang='lat' dir='ltr'><strong>meus!</strong></span> <span class='ocrx_word' id='word_1_397' title='bbox 1761 5112 1830 5167; x_wconf 90' lang='lat' dir='ltr'><strong>Et</strong></span> <span class='ocrx_word' id='word_1_398' title='bbox 1853 5113 1941 5167; x_wconf 87' lang='lat' dir='ltr'><strong>ille</strong></span> <span class='ocrx_word' id='word_1_399' title='bbox 1965 5129 1978 5165; x_wconf 92' lang='lat'><strong>:</strong></span> <span class='ocrx_word' id='word_1_400' title='bbox 2007 5112 2138 5178; x_wconf 83' lang='lat' dir='ltr'><strong>Quia</strong></span> 
     </span>
    </p>
   </div>
   <div class='ocr_carea' id='block_1_52' title="bbox 541 5203 2136 5277">
    <p class='ocr_par' dir='ltr' id='par_1_52' title="bbox 541 5203 2136 5277">
     <span class='ocr_line' id='line_1_52' title="bbox 541 5203 2136 5277; baseline -0.003 -14"><span class='ocrx_word' id='word_1_401' title='bbox 541 5209 712 5264; x_wconf 79' lang='lat' dir='ltr'><strong>vidisti</strong></span> <span class='ocrx_word' id='word_1_402' title='bbox 758 5226 874 5276; x_wconf 90' lang='lat' dir='ltr'><strong>me,</strong></span> <span class='ocrx_word' id='word_1_403' title='bbox 923 5209 1224 5273; x_wconf 85' lang='lat' dir='ltr'><strong>credidisti;</strong></span> <span class='ocrx_word' id='word_1_404' title='bbox 1270 5207 1399 5262; x_wconf 84' lang='lat' dir='ltr'><strong>beati</strong></span> <span class='ocrx_word' id='word_1_405' title='bbox 1443 5207 1527 5277; x_wconf 87' lang='lat' dir='ltr'><strong>qui</strong></span> <span class='ocrx_word' id='word_1_406' title='bbox 1574 5222 1675 5260; x_wconf 88' lang='lat' dir='ltr'><strong>non</strong></span> <span class='ocrx_word' id='word_1_407' title='bbox 1721 5203 1889 5258; x_wconf 85' lang='lat' dir='ltr'><strong>uident</strong></span> <span class='ocrx_word' id='word_1_408' title='bbox 1933 5213 1981 5259; x_wconf 91' lang='lat' dir='ltr'><strong>et</strong></span> <span class='ocrx_word' id='word_1_409' title='bbox 2025 5221 2136 5259; x_wconf 81' lang='lat' dir='ltr'><strong>cre-</strong></span> 
     </span>
    </p>
   </div>
   <div class='ocr_carea' id='block_1_53' title="bbox 543 5297 2137 5372">
    <p class='ocr_par' dir='ltr' id='par_1_53' title="bbox 543 5297 2137 5372">
     <span class='ocr_line' id='line_1_53' title="bbox 543 5297 2137 5372; baseline -0.001 -17"><span class='ocrx_word' id='word_1_410' title='bbox 543 5303 669 5355; x_wconf 88' lang='lat' dir='ltr'><strong>dunt</strong></span> <span class='ocrx_word' id='word_1_411' title='bbox 701 5301 878 5372; x_wconf 86' lang='lat' dir='ltr'><strong>(Joau.</strong></span> <span class='ocrx_word' id='word_1_412' title='bbox 909 5317 1001 5368; x_wconf 80' lang='lat' dir='ltr'><strong>xx,</strong></span> <span class='ocrx_word' id='word_1_413' title='bbox 1028 5299 1119 5367; x_wconf 80' lang='lat'><strong>25,</strong></span> <span class='ocrx_word' id='word_1_414' title='bbox 1149 5299 1242 5367; x_wconf 85' lang='lat'><strong>27,</strong></span> <span class='ocrx_word' id='word_1_415' title='bbox 1274 5298 1390 5370; x_wconf 89' lang='lat'><strong>28).</strong></span> <span class='ocrx_word' id='word_1_416' title='bbox 1426 5297 1689 5352; x_wconf 81' lang='lat' dir='ltr'><strong>Foderunt</strong></span> <span class='ocrx_word' id='word_1_417' title='bbox 1717 5315 1896 5352; x_wconf 85' lang='lat' dir='ltr'><strong>manus</strong></span> <span class='ocrx_word' id='word_1_418' title='bbox 1926 5314 2061 5352; x_wconf 91' lang='lat' dir='ltr'><strong>meas</strong></span> <span class='ocrx_word' id='word_1_419' title='bbox 2089 5307 2137 5353; x_wconf 90' lang='lat' dir='ltr'><strong>et</strong></span> 
     </span>
    </p>
   </div>
   <div class='ocr_carea' id='block_1_54' title="bbox 542 5395 873 5465">
    <p class='ocr_par' dir='ltr' id='par_1_54' title="bbox 542 5395 873 5465">
     <span class='ocr_line' id='line_1_54' title="bbox 542 5395 873 5465; baseline 0 -17"><span class='ocrx_word' id='word_1_420' title='bbox 542 5395 694 5465; x_wconf 83' lang='lat' dir='ltr'><strong>pedes</strong></span> <span class='ocrx_word' id='word_1_421' title='bbox 719 5411 873 5449; x_wconf 90' lang='lat' dir='ltr'><strong>meos.</strong></span> 
     </span>
    </p>
   </div>
   <div class='ocr_carea' id='block_1_55' title="bbox 616 5481 2138 5558">
    <p class='ocr_par' dir='ltr' id='par_1_55' title="bbox 616 5481 2138 5558">
     <span class='ocr_line' id='line_1_55' title="bbox 616 5481 2138 5558; baseline -0.001 -19"><span class='ocrx_word' id='word_1_422' title='bbox 616 5487 704 5542; x_wconf 86' lang='lat'><strong><em>18.</em></strong></span> <span class='ocrx_word' id='word_1_423' title='bbox 723 5485 872 5558; x_wconf 87' lang='lat' dir='ltr'><strong>[vers.</strong></span> <span class='ocrx_word' id='word_1_424' title='bbox 889 5481 1005 5556; x_wconf 90' lang='lat'><strong><em>18.]</em></strong></span> <span class='ocrx_word' id='word_1_425' title='bbox 1021 5483 1469 5537; x_wconf 78' lang='lat' dir='ltr'><strong>Dinumerarerunt</strong></span> <span class='ocrx_word' id='word_1_426' title='bbox 1495 5481 1664 5535; x_wconf 84' lang='lat' dir='ltr'><strong>omnia</strong></span> <span class='ocrx_word' id='word_1_427' title='bbox 1679 5496 1794 5536; x_wconf 88' lang='lat' dir='ltr'><strong>ossa</strong></span> <span class='ocrx_word' id='word_1_428' title='bbox 1824 5498 1960 5537; x_wconf 83' lang='lat' dir='ltr'><strong>mea:</strong></span> <span class='ocrx_word' id='word_1_429' title='bbox 1975 5497 2138 5552; x_wconf 88' lang='lat' dir='ltr'><strong>quan-</strong></span> 
     </span>
    </p>
   </div>
   <div class='ocr_carea' id='block_1_56' title="bbox 542 5574 2137 5650">
    <p class='ocr_par' dir='ltr' id='par_1_56' title="bbox 542 5574 2137 5650">
     <span class='ocr_line' id='line_1_56' title="bbox 542 5574 2137 5650; baseline -0.005 -14"><span class='ocrx_word' id='word_1_430' title='bbox 542 5580 613 5636; x_wconf 86' lang='lat' dir='ltr'><strong>do</strong></span> <span class='ocrx_word' id='word_1_431' title='bbox 629 5578 868 5650; x_wconf 87' lang='lat' dir='ltr'><strong>pendens</strong></span> <span class='ocrx_word' id='word_1_432' title='bbox 881 5586 1130 5635; x_wconf 88' lang='lat' dir='ltr'><strong>extentus</strong></span> <span class='ocrx_word' id='word_1_433' title='bbox 1145 5576 1329 5631; x_wconf 91' lang='lat' dir='ltr'><strong>eratin</strong></span> <span class='ocrx_word' id='word_1_434' title='bbox 1348 5575 1510 5646; x_wconf 84' lang='lat' dir='ltr'><strong>ligno.</strong></span> <span class='ocrx_word' id='word_1_435' title='bbox 1526 5574 1638 5630; x_wconf 87' lang='lat' dir='ltr'><strong>Non</strong></span> <span class='ocrx_word' id='word_1_436' title='bbox 1658 5575 1828 5645; x_wconf 90' lang='lat' dir='ltr'><strong>potuit</strong></span> <span class='ocrx_word' id='word_1_437' title='bbox 1845 5575 2035 5630; x_wconf 88' lang='lat' dir='ltr'><strong>melius</strong></span> <span class='ocrx_word' id='word_1_438' title='bbox 2049 5574 2137 5629; x_wconf 88' lang='lat' dir='ltr'><strong>de-</strong></span> 
     </span>
    </p>
   </div>
   <div class='ocr_carea' id='block_1_57' title="bbox 544 5666 2134 5741">
    <p class='ocr_par' dir='ltr' id='par_1_57' title="bbox 544 5666 2134 5741">
     <span class='ocr_line' id='line_1_57' title="bbox 544 5666 2134 5741; baseline -0.005 -12"><span class='ocrx_word' id='word_1_439' title='bbox 544 5675 704 5729; x_wconf 86' lang='lat' dir='ltr'><strong>scribi</strong></span> <span class='ocrx_word' id='word_1_440' title='bbox 730 5672 970 5730; x_wconf 85' lang='lat' dir='ltr'><strong>extensio</strong></span> <span class='ocrx_word' id='word_1_441' title='bbox 993 5669 1234 5741; x_wconf 87' lang='lat' dir='ltr'><strong>corporis</strong></span> <span class='ocrx_word' id='word_1_442' title='bbox 1255 5669 1306 5723; x_wconf 93' lang='lat' dir='ltr'><strong>in</strong></span> <span class='ocrx_word' id='word_1_443' title='bbox 1335 5669 1498 5740; x_wconf 83' lang='lat' dir='ltr'><strong>ligno,</strong></span> <span class='ocrx_word' id='word_1_444' title='bbox 1516 5684 1676 5739; x_wconf 89' lang='lat' dir='ltr'><strong>quam</strong></span> <span class='ocrx_word' id='word_1_445' title='bbox 1704 5677 1763 5724; x_wconf 91' lang='lat' dir='ltr'><strong>ut</strong></span> <span class='ocrx_word' id='word_1_446' title='bbox 1783 5667 1984 5723; x_wconf 84' lang='lat' dir='ltr'><strong>diceret</strong></span> <span class='ocrx_word' id='word_1_447' title='bbox 2004 5686 2016 5721; x_wconf 92' lang='lat'>:</span> <span class='ocrx_word' id='word_1_448' title='bbox 2038 5666 2134 5722; x_wconf 89' lang='lat' dir='ltr'><strong>Di-</strong></span> 
     </span>
    </p>
   </div>
   <div class='ocr_carea' id='block_1_58' title="bbox 541 5765 1400 5819">
    <p class='ocr_par' dir='ltr' id='par_1_58' title="bbox 541 5765 1400 5819">
     <span class='ocr_line' id='line_1_58' title="bbox 541 5765 1400 5819; baseline -0.005 -1"><span class='ocrx_word' id='word_1_449' title='bbox 541 5774 926 5819; x_wconf 83' lang='lat' dir='ltr'><strong>numerauerunt</strong></span> <span class='ocrx_word' id='word_1_450' title='bbox 948 5765 1118 5818; x_wconf 88' lang='lat' dir='ltr'><strong>omnia</strong></span> <span class='ocrx_word' id='word_1_451' title='bbox 1138 5777 1251 5816; x_wconf 89' lang='lat' dir='ltr'><strong>ossa</strong></span> <span class='ocrx_word' id='word_1_452' title='bbox 1271 5777 1400 5815; x_wconf 91' lang='lat' dir='ltr'><strong>mea.</strong></span> 
     </span>
    </p>
   </div>
   <div class='ocr_carea' id='block_1_59' title="bbox 616 5853 2234 5928">
    <p class='ocr_par' dir='ltr' id='par_1_59' title="bbox 616 5853 2234 5928">
     <span class='ocr_line' id='line_1_59' title="bbox 616 5853 2234 5928; baseline -0.004 -15"><span class='ocrx_word' id='word_1_453' title='bbox 616 5855 708 5913; x_wconf 81' lang='lat'><strong>19.</strong></span> <span class='ocrx_word' id='word_1_454' title='bbox 742 5853 890 5928; x_wconf 84' lang='lat' dir='ltr'><strong>[vers.</strong></span> <span class='ocrx_word' id='word_1_455' title='bbox 923 5854 1037 5927; x_wconf 90' lang='lat'><strong><em>19.]</em></strong></span> <span class='ocrx_word' id='word_1_456' title='bbox 1066 5853 1180 5926; x_wconf 80' lang='lat' dir='ltr'><strong>Ipsi</strong></span> <span class='ocrx_word' id='word_1_457' title='bbox 1208 5870 1322 5910; x_wconf 80' lang='lat' dir='ltr'><strong>vero</strong></span> <span class='ocrx_word' id='word_1_458' title='bbox 1356 5853 1814 5924; x_wconf 66' lang='lat' dir='ltr'><strong>consideraret-unt,</strong></span> <span class='ocrx_word' id='word_1_459' title='bbox 1848 5862 1898 5910; x_wconf 88' lang='lat' dir='ltr'><strong>et</strong></span> <span class='ocrx_word' id='word_1_460' title='bbox 1925 5869 2135 5924; x_wconf 88' lang='lat' dir='ltr'><strong>conspe-</strong></span> <span class='ocrx_word' id='word_1_461' title='bbox 2231 5865 2234 5868; x_wconf 76' lang='grc'><strong>’</strong></span> 
     </span>
    </p>
   </div>
   <div class='ocr_carea' id='block_1_60' title="bbox 606 6012 1602 6080">
    <p class='ocr_par' dir='ltr' id='par_1_60' title="bbox 606 6012 1602 6080">
     <span class='ocr_line' id='line_1_60' title="bbox 606 6012 1602 6080; baseline -0.001 -15"><span class='ocrx_word' id='word_1_462' title='bbox 606 6015 626 6048; x_wconf 75' lang='grc'><strong>⁸</strong></span> <span class='ocrx_word' id='word_1_463' title='bbox 649 6014 824 6079; x_wconf 68' lang='lat' dir='ltr'><strong>Regius</strong></span> <span class='ocrx_word' id='word_1_464' title='bbox 841 6020 924 6065; x_wconf 69' lang='lat' dir='ltr'><strong>its.</strong></span> <span class='ocrx_word' id='word_1_465' title='bbox 947 6021 1000 6066; x_wconf 90' lang='lat' dir='ltr'><strong>et</strong></span> <span class='ocrx_word' id='word_1_466' title='bbox 1022 6015 1189 6078; x_wconf 81' lang='lat' dir='ltr'><strong>vstic.,</strong></span> <span class='ocrx_word' id='word_1_467' title='bbox 1209 6013 1355 6080; x_wconf 81' lang='lat' dir='ltr'><strong>rigati</strong></span> <span class='ocrx_word' id='word_1_468' title='bbox 1375 6012 1602 6066; x_wconf 69' lang='lat' dir='ltr'><strong>siticines.</strong></span> 
     </span>
    </p>
   </div>
   <div class='ocr_carea' id='block_1_61' title="bbox 1814 475 2610 542">
    <p class='ocr_par' dir='ltr' id='par_1_61' title="bbox 1814 475 2610 542">
     <span class='ocr_line' id='line_1_61' title="bbox 1814 475 2610 542; baseline 0.004 -6"><span class='ocrx_word' id='word_1_469' title='bbox 1814 479 1870 536; x_wconf 91' lang='lat' dir='ltr'><strong>S.</strong></span> <span class='ocrx_word' id='word_1_470' title='bbox 1902 475 2268 537; x_wconf 78' lang='lat' dir='ltr'><strong>AUGUSTINI</strong></span> <span class='ocrx_word' id='word_1_471' title='bbox 2306 480 2610 542; x_wconf 81' lang='lat' dir='ltr'><strong>EPISCOPI</strong></span> 
     </span>
    </p>
   </div>
   <div class='ocr_carea' id='block_1_62' title="bbox 3750 487 3912 546">
    <p class='ocr_par' dir='ltr' id='par_1_62' title="bbox 3750 487 3912 546">
     <span class='ocr_line' id='line_1_62' title="bbox 3750 487 3912 546; baseline 0.012 -3"><span class='ocrx_word' id='word_1_472' title='bbox 3750 487 3853 546; x_wconf 85' lang='lat'><strong>176</strong></span> <span class='ocrx_word' id='word_1_473' title='bbox 3903 527 3912 531; x_wconf 92' lang='lat'><strong>-</strong></span> 
     </span>
    </p>
   </div>
   <div class='ocr_carea' id='block_1_63' title="bbox 2273 601 3848 673">
    <p class='ocr_par' dir='ltr' id='par_1_63' title="bbox 2273 601 3848 673">
     <span class='ocr_line' id='line_1_63' title="bbox 2273 601 3848 673; baseline 0 -13"><span class='ocrx_word' id='word_1_474' title='bbox 2273 614 2453 660; x_wconf 71' lang='lat' dir='ltr'><strong>xerunt</strong></span> <span class='ocrx_word' id='word_1_475' title='bbox 2500 622 2579 660; x_wconf 89' lang='lat' dir='ltr'><strong>me</strong></span> <span class='ocrx_word' id='word_1_476' title='bbox 2609 622 2626 662; x_wconf 90' lang='lat'><em>:</em></span> <span class='ocrx_word' id='word_1_477' title='bbox 2655 603 3159 672; x_wconf 81' lang='lat' dir='ltr'><strong>consideraverunt,</strong></span> <span class='ocrx_word' id='word_1_478' title='bbox 3206 611 3261 661; x_wconf 91' lang='lat' dir='ltr'><strong>et</strong></span> <span class='ocrx_word' id='word_1_479' title='bbox 3288 615 3394 660; x_wconf 91' lang='lat' dir='ltr'><strong>non</strong></span> <span class='ocrx_word' id='word_1_480' title='bbox 3438 601 3848 673; x_wconf 85' lang='lat' dir='ltr'><strong>intellexerunt;</strong></span> 
     </span>
    </p>
   </div>
   <div class='ocr_carea' id='block_1_64' title="bbox 2271 695 3855 769">
    <p class='ocr_par' dir='ltr' id='par_1_64' title="bbox 2271 695 3855 769">
     <span class='ocr_line' id='line_1_64' title="bbox 2271 695 3855 769; baseline 0.001 -17"><span class='ocrx_word' id='word_1_481' title='bbox 2271 707 2686 768; x_wconf 85' lang='lat' dir='ltr'><strong>conspexerunt,</strong></span> <span class='ocrx_word' id='word_1_482' title='bbox 2706 706 2760 753; x_wconf 90' lang='lat' dir='ltr'><strong>et</strong></span> <span class='ocrx_word' id='word_1_483' title='bbox 2783 713 2888 754; x_wconf 91' lang='lat' dir='ltr'><strong>non</strong></span> <span class='ocrx_word' id='word_1_484' title='bbox 2906 698 3172 752; x_wconf 89' lang='lat' dir='ltr'><strong>viderunt.</strong></span> <span class='ocrx_word' id='word_1_485' title='bbox 3191 696 3370 769; x_wconf 83' lang='lat' dir='ltr'><strong>Usque</strong></span> <span class='ocrx_word' id='word_1_486' title='bbox 3394 695 3461 752; x_wconf 90' lang='lat' dir='ltr'><strong>ad</strong></span> <span class='ocrx_word' id='word_1_487' title='bbox 3485 712 3700 754; x_wconf 88' lang='lat' dir='ltr'><strong>carnem</strong></span> <span class='ocrx_word' id='word_1_488' title='bbox 3729 713 3855 754; x_wconf 88' lang='lat' dir='ltr'><strong>ocu-</strong></span> 
     </span>
    </p>
   </div>
   <div class='ocr_carea' id='block_1_65' title="bbox 2271 786 3853 860">
    <p class='ocr_par' dir='ltr' id='par_1_65' title="bbox 2271 786 3853 860">
     <span class='ocr_line' id='line_1_65' title="bbox 2271 786 3853 860; baseline 0.003 -19"><span class='ocrx_word' id='word_1_489' title='bbox 2271 786 2351 842; x_wconf 91' lang='lat' dir='ltr'><strong>los</strong></span> <span class='ocrx_word' id='word_1_490' title='bbox 2370 829 2385 854; x_wconf 93' lang='lat'><strong>,</strong></span> <span class='ocrx_word' id='word_1_491' title='bbox 2415 804 2520 843; x_wconf 93' lang='lat' dir='ltr'><strong>non</strong></span> <span class='ocrx_word' id='word_1_492' title='bbox 2549 804 2715 860; x_wconf 91' lang='lat' dir='ltr'><strong>usque</strong></span> <span class='ocrx_word' id='word_1_493' title='bbox 2743 789 2809 844; x_wconf 90' lang='lat' dir='ltr'><strong>ad</strong></span> <span class='ocrx_word' id='word_1_494' title='bbox 2839 790 3069 846; x_wconf 85' lang='lat' dir='ltr'><strong>Verbum</strong></span> <span class='ocrx_word' id='word_1_495' title='bbox 3093 804 3186 845; x_wconf 88' lang='lat' dir='ltr'><strong>cor</strong></span> <span class='ocrx_word' id='word_1_496' title='bbox 3215 789 3534 846; x_wconf 86' lang='lat' dir='ltr'><strong>habuerunt.</strong></span> <span class='ocrx_word' id='word_1_497' title='bbox 3564 788 3853 846; x_wconf 83' lang='lat' dir='ltr'><strong>Diviserunt</strong></span> 
     </span>
    </p>
   </div>
   <div class='ocr_carea' id='block_1_66' title="bbox 2233 879 3854 954">
    <p class='ocr_par' dir='ltr' id='par_1_66' title="bbox 2233 879 3854 954">
     <span class='ocr_line' id='line_1_66' title="bbox 2233 879 3854 954; baseline 0.004 -22"><span class='ocrx_word' id='word_1_498' title='bbox 2233 893 2237 897; x_wconf 77' lang='lat'><em>‘</em></span> <span class='ocrx_word' id='word_1_499' title='bbox 2270 879 2365 933; x_wconf 86' lang='lat' dir='ltr'><strong>sibi</strong></span> <span class='ocrx_word' id='word_1_500' title='bbox 2390 881 2678 934; x_wconf 84' lang='lat' dir='ltr'><strong>vestimenta</strong></span> <span class='ocrx_word' id='word_1_501' title='bbox 2703 897 2813 935; x_wconf 88' lang='lat' dir='ltr'><strong>mea</strong></span> <span class='ocrx_word' id='word_1_502' title='bbox 2843 897 2863 936; x_wconf 92' lang='lat'><strong><em>:</em></strong></span> <span class='ocrx_word' id='word_1_503' title='bbox 2891 881 3207 937; x_wconf 91' lang='lat' dir='ltr'><strong>vestimenta</strong></span> <span class='ocrx_word' id='word_1_504' title='bbox 3249 896 3342 937; x_wconf 87' lang='lat' dir='ltr'><strong>sua</strong></span> <span class='ocrx_word' id='word_1_505' title='bbox 3363 922 3378 947; x_wconf 90' lang='lat'><strong>,</strong></span> <span class='ocrx_word' id='word_1_506' title='bbox 3410 890 3739 938; x_wconf 82' lang='lat' dir='ltr'><strong>sacramenta</strong></span> <span class='ocrx_word' id='word_1_507' title='bbox 3769 883 3854 954; x_wconf 82' lang='lat' dir='ltr'><strong>ip-</strong></span> 
     </span>
    </p>
   </div>
   <div class='ocr_carea' id='block_1_67' title="bbox 2270 971 3855 1044">
    <p class='ocr_par' dir='ltr' id='par_1_67' title="bbox 2270 971 3855 1044">
     <span class='ocr_line' id='line_1_67' title="bbox 2270 971 3855 1044; baseline 0.002 -17"><span class='ocrx_word' id='word_1_508' title='bbox 2270 972 2399 1027; x_wconf 90' lang='lat' dir='ltr'><strong>sius.</strong></span> <span class='ocrx_word' id='word_1_509' title='bbox 2428 971 2715 1040; x_wconf 86' lang='lat' dir='ltr'><strong>Attendite,</strong></span> <span class='ocrx_word' id='word_1_510' title='bbox 2746 972 2956 1028; x_wconf 82' lang='lat' dir='ltr'><strong>fratres.</strong></span> <span class='ocrx_word' id='word_1_511' title='bbox 2987 972 3311 1029; x_wconf 85' lang='lat' dir='ltr'><strong>Vestimenta</strong></span> <span class='ocrx_word' id='word_1_512' title='bbox 3336 973 3521 1044; x_wconf 89' lang='lat' dir='ltr'><strong>ipsius,</strong></span> <span class='ocrx_word' id='word_1_513' title='bbox 3551 986 3855 1030; x_wconf 82' lang='lat' dir='ltr'><strong>sacramen-</strong></span> 
     </span>
    </p>
   </div>
   <div class='ocr_carea' id='block_1_68' title="bbox 2272 1064 3854 1136">
    <p class='ocr_par' dir='ltr' id='par_1_68' title="bbox 2272 1064 3854 1136">
     <span class='ocr_line' id='line_1_68' title="bbox 2272 1064 3854 1136; baseline 0.002 -19"><span class='ocrx_word' id='word_1_514' title='bbox 2272 1071 2321 1117; x_wconf 87' lang='lat' dir='ltr'><strong>ta</strong></span> <span class='ocrx_word' id='word_1_515' title='bbox 2349 1064 2514 1134; x_wconf 89' lang='lat' dir='ltr'><strong>ipsius</strong></span> <span class='ocrx_word' id='word_1_516' title='bbox 2541 1073 2828 1134; x_wconf 91' lang='lat' dir='ltr'><strong>potuerunt</strong></span> <span class='ocrx_word' id='word_1_517' title='bbox 2866 1064 3026 1121; x_wconf 85' lang='lat' dir='ltr'><strong>dividi</strong></span> <span class='ocrx_word' id='word_1_518' title='bbox 3057 1082 3152 1136; x_wconf 87' lang='lat' dir='ltr'><strong>per</strong></span> <span class='ocrx_word' id='word_1_519' title='bbox 3189 1065 3422 1122; x_wconf 61' lang='lat' dir='ltr'><strong>haereses</strong></span> <span class='ocrx_word' id='word_1_520' title='bbox 3453 1083 3469 1119; x_wconf 89' lang='lat'><strong>:</strong></span> <span class='ocrx_word' id='word_1_521' title='bbox 3501 1065 3596 1122; x_wconf 87' lang='lat' dir='ltr'><strong>sed</strong></span> <span class='ocrx_word' id='word_1_522' title='bbox 3639 1074 3754 1122; x_wconf 90' lang='lat' dir='ltr'><strong>erat</strong></span> <span class='ocrx_word' id='word_1_523' title='bbox 3783 1065 3854 1122; x_wconf 89' lang='lat' dir='ltr'><strong>ibi</strong></span> 
     </span>
    </p>
   </div>
   <div class='ocr_carea' id='block_1_69' title="bbox 2268 1158 3852 1230">
    <p class='ocr_par' dir='ltr' id='par_1_69' title="bbox 2268 1158 3852 1230">
     <span class='ocr_line' id='line_1_69' title="bbox 2268 1158 3852 1230; baseline 0.001 -18"><span class='ocrx_word' id='word_1_524' title='bbox 2268 1159 2643 1214; x_wconf 85' lang='lat' dir='ltr'><strong>vestimentum</strong></span> <span class='ocrx_word' id='word_1_525' title='bbox 2669 1159 2813 1230; x_wconf 92' lang='lat' dir='ltr'><strong>quod</strong></span> <span class='ocrx_word' id='word_1_526' title='bbox 2842 1175 2999 1214; x_wconf 92' lang='lat' dir='ltr'><strong>nemo</strong></span> <span class='ocrx_word' id='word_1_527' title='bbox 3024 1158 3219 1215; x_wconf 82' lang='lat' dir='ltr'><strong>divisit.</strong></span> <span class='ocrx_word' id='word_1_528' title='bbox 3249 1159 3313 1213; x_wconf 86' lang='lat' dir='ltr'><strong>Et</strong></span> <span class='ocrx_word' id='word_1_529' title='bbox 3337 1175 3489 1230; x_wconf 87' lang='lat' dir='ltr'><strong>super</strong></span> <span class='ocrx_word' id='word_1_530' title='bbox 3511 1160 3852 1214; x_wconf 81' lang='lat' dir='ltr'><strong>vestimentum</strong></span> 
     </span>
    </p>
   </div>
   <div class='ocr_carea' id='block_1_70' title="bbox 2271 1249 3854 1322">
    <p class='ocr_par' dir='ltr' id='par_1_70' title="bbox 2271 1249 3854 1322">
     <span class='ocr_line' id='line_1_70' title="bbox 2271 1249 3854 1322; baseline 0.002 -19"><span class='ocrx_word' id='word_1_531' title='bbox 2271 1267 2434 1304; x_wconf 88' lang='lat' dir='ltr'><strong>nteum</strong></span> <span class='ocrx_word' id='word_1_532' title='bbox 2460 1252 2700 1304; x_wconf 90' lang='lat' dir='ltr'><strong>miserunt</strong></span> <span class='ocrx_word' id='word_1_533' title='bbox 2727 1259 2926 1304; x_wconf 88' lang='lat' dir='ltr'><strong>sortem.</strong></span> <span class='ocrx_word' id='word_1_534' title='bbox 2960 1250 3087 1304; x_wconf 85' lang='lat' dir='ltr'><strong>Erat</strong></span> <span class='ocrx_word' id='word_1_535' title='bbox 3114 1250 3183 1304; x_wconf 90' lang='lat' dir='ltr'><strong>ibi</strong></span> <span class='ocrx_word' id='word_1_536' title='bbox 3211 1250 3403 1318; x_wconf 88' lang='lat' dir='ltr'><strong>tunica,</strong></span> <span class='ocrx_word' id='word_1_537' title='bbox 3431 1249 3560 1306; x_wconf 89' lang='lat' dir='ltr'><strong>dicit</strong></span> <span class='ocrx_word' id='word_1_538' title='bbox 3585 1251 3854 1322; x_wconf 86' lang='lat' dir='ltr'><strong>evangeli-</strong></span> 
     </span>
    </p>
   </div>
   <div class='ocr_carea' id='block_1_71' title="bbox 2269 1341 3852 1414">
    <p class='ocr_par' dir='ltr' id='par_1_71' title="bbox 2269 1341 3852 1414">
     <span class='ocr_line' id='line_1_71' title="bbox 2269 1341 3852 1414; baseline 0 -17"><span class='ocrx_word' id='word_1_539' title='bbox 2269 1351 2372 1409; x_wconf 88' lang='lat' dir='ltr'><strong>sta,</strong></span> <span class='ocrx_word' id='word_1_540' title='bbox 2400 1342 2612 1414; x_wconf 82' lang='lat' dir='ltr'><strong>desuper</strong></span> <span class='ocrx_word' id='word_1_541' title='bbox 2637 1352 2770 1397; x_wconf 75' lang='lat' dir='ltr'><strong>texta</strong></span> <span class='ocrx_word' id='word_1_542' title='bbox 2789 1341 2963 1411; x_wconf 87' lang='lat' dir='ltr'><strong>(Joan.</strong></span> <span class='ocrx_word' id='word_1_543' title='bbox 2985 1358 3092 1406; x_wconf 81' lang='lat' dir='ltr'><strong>xix,</strong></span> <span class='ocrx_word' id='word_1_544' title='bbox 3121 1341 3235 1412; x_wconf 72' lang='lat'><strong>23).</strong></span> <span class='ocrx_word' id='word_1_545' title='bbox 3264 1341 3404 1413; x_wconf 87' lang='lat' dir='ltr'><strong>Ergo</strong></span> <span class='ocrx_word' id='word_1_546' title='bbox 3419 1341 3486 1396; x_wconf 90' lang='lat' dir='ltr'><strong>de</strong></span> <span class='ocrx_word' id='word_1_547' title='bbox 3501 1341 3656 1407; x_wconf 67' lang='lat' dir='ltr'><strong>caelo,</strong></span> <span class='ocrx_word' id='word_1_548' title='bbox 3679 1357 3807 1413; x_wconf 83' lang='lat' dir='ltr'><strong>ergo</strong></span> <span class='ocrx_word' id='word_1_549' title='bbox 3823 1356 3852 1398; x_wconf 90' lang='lat' dir='ltr'><strong>a</strong></span> 
     </span>
    </p>
   </div>
   <div class='ocr_carea' id='block_1_72' title="bbox 2270 1431 3850 1503">
    <p class='ocr_par' dir='ltr' id='par_1_72' title="bbox 2270 1431 3850 1503">
     <span class='ocr_line' id='line_1_72' title="bbox 2270 1431 3850 1503; baseline 0 -15"><span class='ocrx_word' id='word_1_550' title='bbox 2270 1431 2464 1499; x_wconf 87' lang='lat' dir='ltr'><strong>Patre,</strong></span> <span class='ocrx_word' id='word_1_551' title='bbox 2499 1449 2625 1502; x_wconf 85' lang='lat' dir='ltr'><strong>ergo</strong></span> <span class='ocrx_word' id='word_1_552' title='bbox 2655 1448 2682 1486; x_wconf 91' lang='lat' dir='ltr'><strong>a</strong></span> <span class='ocrx_word' id='word_1_553' title='bbox 2713 1432 2909 1503; x_wconf 90' lang='lat' dir='ltr'><strong>Spiritu</strong></span> <span class='ocrx_word' id='word_1_554' title='bbox 2958 1439 3161 1488; x_wconf 88' lang='lat' dir='ltr'><strong>sancto.</strong></span> <span class='ocrx_word' id='word_1_555' title='bbox 3205 1433 3336 1499; x_wconf 76' lang='lat' dir='ltr'><strong>Qua:</strong></span> <span class='ocrx_word' id='word_1_556' title='bbox 3381 1440 3463 1488; x_wconf 91' lang='lat' dir='ltr'><strong>est</strong></span> <span class='ocrx_word' id='word_1_557' title='bbox 3490 1432 3590 1488; x_wconf 91' lang='lat' dir='ltr'><strong>ista</strong></span> <span class='ocrx_word' id='word_1_558' title='bbox 3634 1433 3810 1488; x_wconf 81' lang='lat' dir='ltr'><strong>tunica</strong></span> <span class='ocrx_word' id='word_1_559' title='bbox 3835 1475 3850 1500; x_wconf 93' lang='lat'><strong>,</strong></span> 
     </span>
    </p>
   </div>
   <div class='ocr_carea' id='block_1_73' title="bbox 2269 1523 3854 1597">
    <p class='ocr_par' dir='ltr' id='par_1_73' title="bbox 2269 1523 3854 1597">
     <span class='ocr_line' id='line_1_73' title="bbox 2269 1523 3854 1597; baseline -0.001 -17"><span class='ocrx_word' id='word_1_560' title='bbox 2269 1525 2369 1580; x_wconf 90' lang='lat' dir='ltr'><strong>nisi</strong></span> <span class='ocrx_word' id='word_1_561' title='bbox 2411 1525 2644 1580; x_wconf 89' lang='lat' dir='ltr'><strong>charitas</strong></span> <span class='ocrx_word' id='word_1_562' title='bbox 2667 1567 2682 1590; x_wconf 91' lang='lat'><strong>,</strong></span> <span class='ocrx_word' id='word_1_563' title='bbox 2714 1540 2870 1597; x_wconf 92' lang='lat' dir='ltr'><strong>quam</strong></span> <span class='ocrx_word' id='word_1_564' title='bbox 2913 1540 3070 1580; x_wconf 91' lang='lat' dir='ltr'><strong>nemo</strong></span> <span class='ocrx_word' id='word_1_565' title='bbox 3100 1532 3275 1595; x_wconf 89' lang='lat' dir='ltr'><strong>potest</strong></span> <span class='ocrx_word' id='word_1_566' title='bbox 3303 1523 3584 1580; x_wconf 79' lang='lat' dir='ltr'><strong>dividere?</strong></span> <span class='ocrx_word' id='word_1_567' title='bbox 3611 1524 3741 1593; x_wconf 77' lang='lat' dir='ltr'><strong>Qua:</strong></span> <span class='ocrx_word' id='word_1_568' title='bbox 3769 1531 3854 1581; x_wconf 87' lang='lat' dir='ltr'><strong>est</strong></span> 
     </span>
    </p>
   </div>
   <div class='ocr_carea' id='block_1_74' title="bbox 2269 1617 3851 1689">
    <p class='ocr_par' dir='ltr' id='par_1_74' title="bbox 2269 1617 3851 1689">
     <span class='ocr_line' id='line_1_74' title="bbox 2269 1617 3851 1689; baseline 0.001 -17"><span class='ocrx_word' id='word_1_569' title='bbox 2269 1617 2369 1672; x_wconf 86' lang='lat' dir='ltr'><strong>ista</strong></span> <span class='ocrx_word' id='word_1_570' title='bbox 2402 1619 2575 1672; x_wconf 90' lang='lat' dir='ltr'><strong>tunica</strong></span> <span class='ocrx_word' id='word_1_571' title='bbox 2601 1660 2615 1683; x_wconf 93' lang='lat'><strong>,</strong></span> <span class='ocrx_word' id='word_1_572' title='bbox 2648 1619 2749 1673; x_wconf 89' lang='lat' dir='ltr'><strong>nisi</strong></span> <span class='ocrx_word' id='word_1_573' title='bbox 2777 1618 2995 1674; x_wconf 83' lang='lat' dir='ltr'><strong>unitas?</strong></span> <span class='ocrx_word' id='word_1_574' title='bbox 3023 1618 3080 1674; x_wconf 89' lang='lat' dir='ltr'><strong>ln</strong></span> <span class='ocrx_word' id='word_1_575' title='bbox 3108 1619 3274 1689; x_wconf 86' lang='lat' dir='ltr'><strong>ipsam</strong></span> <span class='ocrx_word' id='word_1_576' title='bbox 3315 1633 3432 1674; x_wconf 91' lang='lat' dir='ltr'><strong>sors</strong></span> <span class='ocrx_word' id='word_1_577' title='bbox 3457 1619 3682 1674; x_wconf 87' lang='lat' dir='ltr'><strong>mittitur</strong></span> <span class='ocrx_word' id='word_1_578' title='bbox 3703 1661 3720 1687; x_wconf 93' lang='lat'><strong>,</strong></span> <span class='ocrx_word' id='word_1_579' title='bbox 3755 1633 3851 1674; x_wconf 84' lang='lat' dir='ltr'><strong>ne-</strong></span> 
     </span>
    </p>
   </div>
   <div class='ocr_carea' id='block_1_75' title="bbox 2270 1709 3854 1768">
    <p class='ocr_par' dir='ltr' id='par_1_75' title="bbox 2270 1709 3854 1768">
     <span class='ocr_line' id='line_1_75' title="bbox 2270 1709 3854 1768; baseline 0.003 -4"><span class='ocrx_word' id='word_1_580' title='bbox 2270 1724 2357 1764; x_wconf 92' lang='lat' dir='ltr'><strong>mo</strong></span> <span class='ocrx_word' id='word_1_581' title='bbox 2383 1709 2529 1764; x_wconf 92' lang='lat' dir='ltr'><strong>illam</strong></span> <span class='ocrx_word' id='word_1_582' title='bbox 2571 1709 2782 1764; x_wconf 89' lang='lat' dir='ltr'><strong>dividit.</strong></span> <span class='ocrx_word' id='word_1_583' title='bbox 2815 1709 3159 1766; x_wconf 87' lang='lat' dir='ltr'><strong>Sacramenta</strong></span> <span class='ocrx_word' id='word_1_584' title='bbox 3201 1711 3301 1766; x_wconf 90' lang='lat' dir='ltr'><strong>sibi</strong></span> <span class='ocrx_word' id='word_1_585' title='bbox 3341 1710 3579 1768; x_wconf 74' lang='lat' dir='ltr'><strong>haeretici</strong></span> <span class='ocrx_word' id='word_1_586' title='bbox 3608 1710 3854 1768; x_wconf 77' lang='lat' dir='ltr'><strong>dividere</strong></span> 
     </span>
    </p>
   </div>
   <div class='ocr_carea' id='block_1_76' title="bbox 2269 1799 3850 1875">
    <p class='ocr_par' dir='ltr' id='par_1_76' title="bbox 2269 1799 3850 1875">
     <span class='ocr_line' id='line_1_76' title="bbox 2269 1799 3850 1875; baseline 0.003 -19"><span class='ocrx_word' id='word_1_587' title='bbox 2269 1809 2590 1872; x_wconf 88' lang='lat' dir='ltr'><strong>potuerunt,</strong></span> <span class='ocrx_word' id='word_1_588' title='bbox 2625 1799 2937 1858; x_wconf 88' lang='lat' dir='ltr'><strong>cbaritatem</strong></span> <span class='ocrx_word' id='word_1_589' title='bbox 2986 1818 3090 1858; x_wconf 90' lang='lat' dir='ltr'><strong>non</strong></span> <span class='ocrx_word' id='word_1_590' title='bbox 3137 1802 3456 1859; x_wconf 87' lang='lat' dir='ltr'><strong>diviserunt.</strong></span> <span class='ocrx_word' id='word_1_591' title='bbox 3501 1803 3569 1859; x_wconf 84' lang='lat' dir='ltr'><strong>Et</strong></span> <span class='ocrx_word' id='word_1_592' title='bbox 3613 1804 3736 1875; x_wconf 86' lang='lat' dir='ltr'><strong>quia</strong></span> <span class='ocrx_word' id='word_1_593' title='bbox 3766 1803 3850 1860; x_wconf 85' lang='lat' dir='ltr'><strong>di-</strong></span> 
     </span>
    </p>
   </div>
   <div class='ocr_carea' id='block_1_77' title="bbox 2269 1893 3850 1963">
    <p class='ocr_par' dir='ltr' id='par_1_77' title="bbox 2269 1893 3850 1963">
     <span class='ocr_line' id='line_1_77' title="bbox 2269 1893 3850 1963; baseline 0.002 -16"><span class='ocrx_word' id='word_1_594' title='bbox 2269 1893 2454 1949; x_wconf 90' lang='lat' dir='ltr'><strong>videre</strong></span> <span class='ocrx_word' id='word_1_595' title='bbox 2482 1908 2586 1948; x_wconf 94' lang='lat' dir='ltr'><strong>non</strong></span> <span class='ocrx_word' id='word_1_596' title='bbox 2631 1903 2953 1963; x_wconf 89' lang='lat' dir='ltr'><strong>potuerunt,</strong></span> <span class='ocrx_word' id='word_1_597' title='bbox 2984 1902 3321 1951; x_wconf 89' lang='lat' dir='ltr'><strong>recesserunt</strong></span> <span class='ocrx_word' id='word_1_598' title='bbox 3353 1911 3368 1950; x_wconf 87' lang='lat'><strong>:</strong></span> <span class='ocrx_word' id='word_1_599' title='bbox 3399 1894 3487 1950; x_wconf 90' lang='lat' dir='ltr'><strong>illa</strong></span> <span class='ocrx_word' id='word_1_600' title='bbox 3529 1902 3701 1952; x_wconf 84' lang='lat' dir='ltr'><strong>autem</strong></span> <span class='ocrx_word' id='word_1_601' title='bbox 3731 1910 3850 1950; x_wconf 83' lang='lat' dir='ltr'><strong>ma-</strong></span> 
     </span>
    </p>
   </div>
   <div class='ocr_carea' id='block_1_78' title="bbox 2268 1984 3853 2058">
    <p class='ocr_par' dir='ltr' id='par_1_78' title="bbox 2268 1984 3853 2058">
     <span class='ocr_line' id='line_1_78' title="bbox 2268 1984 3853 2058; baseline 0.003 -19"><span class='ocrx_word' id='word_1_602' title='bbox 2268 1994 2358 2040; x_wconf 88' lang='lat' dir='ltr'><strong>net</strong></span> <span class='ocrx_word' id='word_1_603' title='bbox 2403 1986 2627 2055; x_wconf 88' lang='lat' dir='ltr'><strong>integra.</strong></span> <span class='ocrx_word' id='word_1_604' title='bbox 2675 1984 2831 2042; x_wconf 89' lang='lat' dir='ltr'><strong>Sorte</strong></span> <span class='ocrx_word' id='word_1_605' title='bbox 2872 1985 3090 2042; x_wconf 88' lang='lat' dir='ltr'><strong>obvenit</strong></span> <span class='ocrx_word' id='word_1_606' title='bbox 3132 1985 3447 2057; x_wconf 86' lang='lat' dir='ltr'><strong>quibusdam</strong></span> <span class='ocrx_word' id='word_1_607' title='bbox 3494 2003 3507 2040; x_wconf 92' lang='lat'><strong>:</strong></span> <span class='ocrx_word' id='word_1_608' title='bbox 3555 1987 3645 2058; x_wconf 92' lang='lat' dir='ltr'><strong>qui</strong></span> <span class='ocrx_word' id='word_1_609' title='bbox 3690 1985 3853 2044; x_wconf 84' lang='lat' dir='ltr'><strong>habet</strong></span> 
     </span>
    </p>
   </div>
   <div class='ocr_carea' id='block_1_79' title="bbox 2269 2076 3851 2143">
    <p class='ocr_par' dir='ltr' id='par_1_79' title="bbox 2269 2076 3851 2143">
     <span class='ocr_line' id='line_1_79' title="bbox 2269 2076 3851 2143; baseline 0.003 -12"><span class='ocrx_word' id='word_1_610' title='bbox 2269 2076 2442 2142; x_wconf 80' lang='lat' dir='ltr'><strong>lianc,</strong></span> <span class='ocrx_word' id='word_1_611' title='bbox 2494 2092 2715 2133; x_wconf 88' lang='lat' dir='ltr'><strong>securus</strong></span> <span class='ocrx_word' id='word_1_612' title='bbox 2761 2086 2879 2143; x_wconf 89' lang='lat' dir='ltr'><strong>est;</strong></span> <span class='ocrx_word' id='word_1_613' title='bbox 2928 2092 3084 2134; x_wconf 88' lang='lat' dir='ltr'><strong>nemo</strong></span> <span class='ocrx_word' id='word_1_614' title='bbox 3130 2079 3277 2134; x_wconf 91' lang='lat' dir='ltr'><strong>illum</strong></span> <span class='ocrx_word' id='word_1_615' title='bbox 3323 2087 3506 2136; x_wconf 83' lang='lat' dir='ltr'><strong>movet</strong></span> <span class='ocrx_word' id='word_1_616' title='bbox 3550 2079 3615 2136; x_wconf 91' lang='lat' dir='ltr'><strong>de</strong></span> <span class='ocrx_word' id='word_1_617' title='bbox 3658 2079 3851 2136; x_wconf 85' lang='lat' dir='ltr'><strong>Eccle-</strong></span> 
     </span>
    </p>
   </div>
   <div class='ocr_carea' id='block_1_80' title="bbox 2267 2167 3857 2243">
    <p class='ocr_par' dir='ltr' id='par_1_80' title="bbox 2267 2167 3857 2243">
     <span class='ocr_line' id='line_1_80' title="bbox 2267 2167 3857 2243; baseline 0.005 -21"><span class='ocrx_word' id='word_1_618' title='bbox 2267 2167 2344 2222; x_wconf 86' lang='lat' dir='ltr'><strong>sia</strong></span> <span class='ocrx_word' id='word_1_619' title='bbox 2389 2167 2648 2224; x_wconf 87' lang='lat' dir='ltr'><strong>catholica</strong></span> <span class='ocrx_word' id='word_1_620' title='bbox 2675 2209 2690 2236; x_wconf 91' lang='lat'><strong>,</strong></span> <span class='ocrx_word' id='word_1_621' title='bbox 2721 2178 2771 2226; x_wconf 93' lang='lat' dir='ltr'><strong>et</strong></span> <span class='ocrx_word' id='word_1_622' title='bbox 2803 2170 2846 2224; x_wconf 93' lang='lat' dir='ltr'><strong>si</strong></span> <span class='ocrx_word' id='word_1_623' title='bbox 2891 2169 3019 2226; x_wconf 86' lang='lat' dir='ltr'><strong>foris</strong></span> <span class='ocrx_word' id='word_1_624' title='bbox 3062 2170 3204 2226; x_wconf 90' lang='lat' dir='ltr'><strong>illam</strong></span> <span class='ocrx_word' id='word_1_625' title='bbox 3250 2172 3468 2243; x_wconf 90' lang='lat' dir='ltr'><strong>incipiat</strong></span> <span class='ocrx_word' id='word_1_626' title='bbox 3497 2171 3690 2229; x_wconf 89' lang='lat' dir='ltr'><strong>habere</strong></span> <span class='ocrx_word' id='word_1_627' title='bbox 3711 2213 3732 2242; x_wconf 90' lang='lat'><strong>,</strong></span> <span class='ocrx_word' id='word_1_628' title='bbox 3765 2173 3857 2230; x_wconf 82' lang='lat' dir='ltr'><strong>in-</strong></span> 
     </span>
    </p>
   </div>
   <div class='ocr_carea' id='block_1_81' title="bbox 2267 2260 3850 2338">
    <p class='ocr_par' dir='ltr' id='par_1_81' title="bbox 2267 2260 3850 2338">
     <span class='ocr_line' id='line_1_81' title="bbox 2267 2260 3850 2338; baseline 0.004 -24"><span class='ocrx_word' id='word_1_629' title='bbox 2267 2260 2614 2328; x_wconf 90' lang='lat' dir='ltr'><strong>tromittitur,</strong></span> <span class='ocrx_word' id='word_1_630' title='bbox 2649 2260 2917 2332; x_wconf 92' lang='lat' dir='ltr'><strong>quomodo</strong></span> <span class='ocrx_word' id='word_1_631' title='bbox 2957 2277 3139 2319; x_wconf 91' lang='lat' dir='ltr'><strong>ramus</strong></span> <span class='ocrx_word' id='word_1_632' title='bbox 3175 2264 3333 2320; x_wconf 71' lang='lat' dir='ltr'><strong>oliva:</strong></span> <span class='ocrx_word' id='word_1_633' title='bbox 3362 2279 3393 2320; x_wconf 88' lang='lat' dir='ltr'><strong>a</strong></span> <span class='ocrx_word' id='word_1_634' title='bbox 3420 2264 3662 2322; x_wconf 82' lang='lat' dir='ltr'><strong>columba</strong></span> <span class='ocrx_word' id='word_1_635' title='bbox 3695 2264 3850 2338; x_wconf 84' lang='lat' dir='ltr'><strong>(Gen.</strong></span> 
     </span>
    </p>
   </div>
   <div class='ocr_carea' id='block_1_82' title="bbox 2265 2355 2538 2426">
    <p class='ocr_par' dir='ltr' id='par_1_82' title="bbox 2265 2355 2538 2426">
     <span class='ocr_line' id='line_1_82' title="bbox 2265 2355 2538 2426; baseline 0.011 -20"><span class='ocrx_word' id='word_1_636' title='bbox 2265 2369 2392 2422; x_wconf 83' lang='lat' dir='ltr'><strong>vui,</strong></span> <span class='ocrx_word' id='word_1_637' title='bbox 2427 2355 2538 2426; x_wconf 89' lang='lat'><strong><em>11).</em></strong></span> 
     </span>
    </p>
   </div>
   <div class='ocr_carea' id='block_1_83' title="bbox 2333 2446 3854 2522">
    <p class='ocr_par' dir='ltr' id='par_1_83' title="bbox 2333 2446 3854 2522">
     <span class='ocr_line' id='line_1_83' title="bbox 2333 2446 3854 2522; baseline 0.005 -21"><span class='ocrx_word' id='word_1_638' title='bbox 2333 2447 2424 2503; x_wconf 89' lang='lat'><strong>20.</strong></span> <span class='ocrx_word' id='word_1_639' title='bbox 2445 2447 2594 2522; x_wconf 83' lang='lat' dir='ltr'><strong>[vers.</strong></span> <span class='ocrx_word' id='word_1_640' title='bbox 2614 2446 2729 2520; x_wconf 90' lang='lat'><strong>20.]</strong></span> <span class='ocrx_word' id='word_1_641' title='bbox 2751 2447 2825 2502; x_wconf 88' lang='lat' dir='ltr'><strong>Tu</strong></span> <span class='ocrx_word' id='word_1_642' title='bbox 2853 2457 3041 2518; x_wconf 88' lang='lat' dir='ltr'><strong>autem,</strong></span> <span class='ocrx_word' id='word_1_643' title='bbox 3064 2448 3296 2517; x_wconf 90' lang='lat' dir='ltr'><strong>Domine,</strong></span> <span class='ocrx_word' id='word_1_644' title='bbox 3315 2465 3378 2504; x_wconf 85' lang='lat' dir='ltr'><strong>ne</strong></span> <span class='ocrx_word' id='word_1_645' title='bbox 3397 2450 3545 2522; x_wconf 83' lang='lat' dir='ltr'><strong>longe</strong></span> <span class='ocrx_word' id='word_1_646' title='bbox 3564 2449 3740 2520; x_wconf 80' lang='lat' dir='ltr'><strong>feceris</strong></span> <span class='ocrx_word' id='word_1_647' title='bbox 3771 2467 3854 2507; x_wconf 80' lang='lat' dir='ltr'><strong>att-</strong></span> 
     </span>
    </p>
   </div>
   <div class='ocr_carea' id='block_1_84' title="bbox 2262 2539 3856 2613">
    <p class='ocr_par' dir='ltr' id='par_1_84' title="bbox 2262 2539 3856 2613">
     <span class='ocr_line' id='line_1_84' title="bbox 2262 2539 3856 2613; baseline 0.002 -17"><span class='ocrx_word' id='word_1_648' title='bbox 2262 2542 2442 2596; x_wconf 80' lang='lat' dir='ltr'><strong>:rilium</strong></span> <span class='ocrx_word' id='word_1_649' title='bbox 2459 2551 2619 2595; x_wconf 89' lang='lat' dir='ltr'><strong>tuum.</strong></span> <span class='ocrx_word' id='word_1_650' title='bbox 2637 2540 2706 2596; x_wconf 86' lang='lat' dir='ltr'><strong>Et</strong></span> <span class='ocrx_word' id='word_1_651' title='bbox 2722 2540 2914 2596; x_wconf 90' lang='lat' dir='ltr'><strong>factum</strong></span> <span class='ocrx_word' id='word_1_652' title='bbox 2935 2550 3015 2598; x_wconf 88' lang='lat' dir='ltr'><strong>est</strong></span> <span class='ocrx_word' id='word_1_653' title='bbox 3034 2558 3046 2595; x_wconf 92' lang='lat'><strong>:</strong></span> <span class='ocrx_word' id='word_1_654' title='bbox 3067 2549 3190 2613; x_wconf 90' lang='lat' dir='ltr'><strong>post</strong></span> <span class='ocrx_word' id='word_1_655' title='bbox 3207 2539 3438 2598; x_wconf 90' lang='lat' dir='ltr'><strong>triduum</strong></span> <span class='ocrx_word' id='word_1_656' title='bbox 3454 2541 3771 2612; x_wconf 69' lang='lat' dir='ltr'><strong>resurrexit.</strong></span> <span class='ocrx_word' id='word_1_657' title='bbox 3787 2540 3856 2599; x_wconf 81' lang='lat' dir='ltr'><strong>In</strong></span> 
     </span>
    </p>
   </div>
   <div class='ocr_carea' id='block_1_85' title="bbox 2263 2633 2995 2704">
    <p class='ocr_par' dir='ltr' id='par_1_85' title="bbox 2263 2633 2995 2704">
     <span class='ocr_line' id='line_1_85' title="bbox 2263 2633 2995 2704; baseline 0.003 -19"><span class='ocrx_word' id='word_1_658' title='bbox 2263 2633 2602 2704; x_wconf 82' lang='lat' dir='ltr'><strong>defensionem</strong></span> <span class='ocrx_word' id='word_1_659' title='bbox 2625 2649 2783 2686; x_wconf 90' lang='lat' dir='ltr'><strong>meam</strong></span> <span class='ocrx_word' id='word_1_660' title='bbox 2809 2634 2995 2704; x_wconf 86' lang='lat' dir='ltr'><strong>aspice.</strong></span> 
     </span>
    </p>
   </div>
   <div class='ocr_carea' id='block_1_86' title="bbox 2331 2722 3856 2798">
    <p class='ocr_par' dir='ltr' id='par_1_86' title="bbox 2331 2722 3856 2798">
     <span class='ocr_line' id='line_1_86' title="bbox 2331 2722 3856 2798; baseline 0.003 -20"><span class='ocrx_word' id='word_1_661' title='bbox 2331 2724 2420 2778; x_wconf 73' lang='lat'><strong><em>21.</em></strong></span> <span class='ocrx_word' id='word_1_662' title='bbox 2449 2723 2596 2797; x_wconf 84' lang='lat' dir='ltr'><strong>[vers.</strong></span> <span class='ocrx_word' id='word_1_663' title='bbox 2633 2722 2750 2797; x_wconf 91' lang='lat'><strong><em>21.]</em></strong></span> <span class='ocrx_word' id='word_1_664' title='bbox 2775 2724 2910 2779; x_wconf 86' lang='lat' dir='ltr'><strong>Erue</strong></span> <span class='ocrx_word' id='word_1_665' title='bbox 2935 2742 2967 2779; x_wconf 90' lang='lat' dir='ltr'><strong>a</strong></span> <span class='ocrx_word' id='word_1_666' title='bbox 2997 2729 3190 2798; x_wconf 87' lang='lat' dir='ltr'><strong>framea</strong></span> <span class='ocrx_word' id='word_1_667' title='bbox 3213 2725 3436 2780; x_wconf 83' lang='lat' dir='ltr'><strong>animant</strong></span> <span class='ocrx_word' id='word_1_668' title='bbox 3461 2741 3661 2781; x_wconf 88' lang='lat' dir='ltr'><strong>meam:</strong></span> <span class='ocrx_word' id='word_1_669' title='bbox 3683 2724 3740 2782; x_wconf 89' lang='lat' dir='ltr'><strong>id</strong></span> <span class='ocrx_word' id='word_1_670' title='bbox 3773 2731 3856 2782; x_wconf 80' lang='lat' dir='ltr'><strong>est</strong></span> 
     </span>
    </p>
   </div>
   <div class='ocr_carea' id='block_1_87' title="bbox 2261 2817 3854 2891">
    <p class='ocr_par' dir='ltr' id='par_1_87' title="bbox 2261 2817 3854 2891">
     <span class='ocr_line' id='line_1_87' title="bbox 2261 2817 3854 2891; baseline 0.003 -19"><span class='ocrx_word' id='word_1_671' title='bbox 2261 2833 2290 2873; x_wconf 91' lang='lat' dir='ltr'><strong>a</strong></span> <span class='ocrx_word' id='word_1_672' title='bbox 2309 2826 2508 2884; x_wconf 89' lang='lat' dir='ltr'><strong>morte;</strong></span> <span class='ocrx_word' id='word_1_673' title='bbox 2529 2817 2730 2873; x_wconf 84' lang='lat' dir='ltr'><strong>framea</strong></span> <span class='ocrx_word' id='word_1_674' title='bbox 2755 2819 2897 2874; x_wconf 90' lang='lat' dir='ltr'><strong>enim</strong></span> <span class='ocrx_word' id='word_1_675' title='bbox 2918 2819 3125 2890; x_wconf 87' lang='lat' dir='ltr'><strong>gladius</strong></span> <span class='ocrx_word' id='word_1_676' title='bbox 3149 2829 3250 2886; x_wconf 92' lang='lat' dir='ltr'><strong>est,</strong></span> <span class='ocrx_word' id='word_1_677' title='bbox 3270 2828 3325 2875; x_wconf 91' lang='lat' dir='ltr'><strong>et</strong></span> <span class='ocrx_word' id='word_1_678' title='bbox 3348 2834 3444 2890; x_wconf 85' lang='lat' dir='ltr'><strong>per</strong></span> <span class='ocrx_word' id='word_1_679' title='bbox 3458 2819 3693 2891; x_wconf 86' lang='lat' dir='ltr'><strong>gladium</strong></span> <span class='ocrx_word' id='word_1_680' title='bbox 3711 2835 3854 2876; x_wconf 87' lang='lat' dir='ltr'><strong>mor-</strong></span> 
     </span>
    </p>
   </div>
   <div class='ocr_carea' id='block_1_88' title="bbox 2262 2909 3851 2980">
    <p class='ocr_par' dir='ltr' id='par_1_88' title="bbox 2262 2909 3851 2980">
     <span class='ocr_line' id='line_1_88' title="bbox 2262 2909 3851 2980; baseline 0 -16"><span class='ocrx_word' id='word_1_681' title='bbox 2262 2917 2369 2965; x_wconf 90' lang='lat' dir='ltr'><strong>tem</strong></span> <span class='ocrx_word' id='word_1_682' title='bbox 2400 2909 2619 2980; x_wconf 86' lang='lat' dir='ltr'><strong>intelligi</strong></span> <span class='ocrx_word' id='word_1_683' title='bbox 2649 2910 2833 2965; x_wconf 88' lang='lat' dir='ltr'><strong>voluit.</strong></span> <span class='ocrx_word' id='word_1_684' title='bbox 2864 2909 2931 2964; x_wconf 87' lang='lat' dir='ltr'><strong>Et</strong></span> <span class='ocrx_word' id='word_1_685' title='bbox 2972 2910 3035 2966; x_wconf 87' lang='lat' dir='ltr'><strong>de</strong></span> <span class='ocrx_word' id='word_1_686' title='bbox 3059 2927 3212 2965; x_wconf 90' lang='lat' dir='ltr'><strong>manu</strong></span> <span class='ocrx_word' id='word_1_687' title='bbox 3253 2911 3394 2965; x_wconf 87' lang='lat' dir='ltr'><strong>canis</strong></span> <span class='ocrx_word' id='word_1_688' title='bbox 3423 2911 3622 2965; x_wconf 87' lang='lat' dir='ltr'><strong>unicam</strong></span> <span class='ocrx_word' id='word_1_689' title='bbox 3665 2927 3851 2965; x_wconf 87' lang='lat' dir='ltr'><strong>meam.</strong></span> 
     </span>
    </p>
   </div>
   <div class='ocr_carea' id='block_1_89' title="bbox 2259 2999 3852 3074">
    <p class='ocr_par' dir='ltr' id='par_1_89' title="bbox 2259 2999 3852 3074">
     <span class='ocr_line' id='line_1_89' title="bbox 2259 2999 3852 3074; baseline 0.001 -20"><span class='ocrx_word' id='word_1_690' title='bbox 2259 2999 2497 3054; x_wconf 81' lang='lat' dir='ltr'><strong>Animam</strong></span> <span class='ocrx_word' id='word_1_691' title='bbox 2544 3017 2744 3067; x_wconf 90' lang='lat' dir='ltr'><strong>meam,</strong></span> <span class='ocrx_word' id='word_1_692' title='bbox 2796 3001 2997 3055; x_wconf 88' lang='lat' dir='ltr'><strong>unicam</strong></span> <span class='ocrx_word' id='word_1_693' title='bbox 3047 3018 3248 3069; x_wconf 89' lang='lat' dir='ltr'><strong>meam,</strong></span> <span class='ocrx_word' id='word_1_694' title='bbox 3302 3009 3462 3072; x_wconf 83' lang='lat' dir='ltr'><strong>caput</strong></span> <span class='ocrx_word' id='word_1_695' title='bbox 3507 3010 3563 3056; x_wconf 91' lang='lat' dir='ltr'><strong>et</strong></span> <span class='ocrx_word' id='word_1_696' title='bbox 3606 3015 3852 3074; x_wconf 86' lang='lat' dir='ltr'><strong>corpus:</strong></span> 
     </span>
    </p>
   </div>
   <div class='ocr_carea' id='block_1_90' title="bbox 2266 3093 3854 3165">
    <p class='ocr_par' dir='ltr' id='par_1_90' title="bbox 2266 3093 3854 3165">
     <span class='ocr_line' id='line_1_90' title="bbox 2266 3093 3854 3165; baseline 0 -15"><span class='ocrx_word' id='word_1_697' title='bbox 2266 3094 2481 3150; x_wconf 80' lang='lat' dir='ltr'><strong>Unicum</strong></span> <span class='ocrx_word' id='word_1_698' title='bbox 2509 3095 2685 3163; x_wconf 91' lang='lat' dir='ltr'><strong>dixit,</strong></span> <span class='ocrx_word' id='word_1_699' title='bbox 2719 3094 3016 3151; x_wconf 85' lang='lat' dir='ltr'><strong>Ecclesiam</strong></span> <span class='ocrx_word' id='word_1_700' title='bbox 3049 3114 3064 3152; x_wconf 87' lang='lat'><strong><em>:</em></strong></span> <span class='ocrx_word' id='word_1_701' title='bbox 3097 3095 3159 3148; x_wconf 87' lang='lat' dir='ltr'><strong>de</strong></span> <span class='ocrx_word' id='word_1_702' title='bbox 3203 3111 3357 3148; x_wconf 90' lang='lat' dir='ltr'><strong>manu</strong></span> <span class='ocrx_word' id='word_1_703' title='bbox 3381 3135 3396 3161; x_wconf 89' lang='lat'><strong>,</strong></span> <span class='ocrx_word' id='word_1_704' title='bbox 3429 3093 3481 3150; x_wconf 93' lang='lat' dir='ltr'><strong>id</strong></span> <span class='ocrx_word' id='word_1_705' title='bbox 3528 3103 3610 3150; x_wconf 89' lang='lat' dir='ltr'><strong>est</strong></span> <span class='ocrx_word' id='word_1_706' title='bbox 3653 3094 3724 3150; x_wconf 89' lang='lat' dir='ltr'><strong>de</strong></span> <span class='ocrx_word' id='word_1_707' title='bbox 3756 3108 3854 3165; x_wconf 81' lang='lat' dir='ltr'><strong>po-</strong></span> 
     </span>
    </p>
   </div>
   <div class='ocr_carea' id='block_1_91' title="bbox 2263 3185 3854 3254">
    <p class='ocr_par' dir='ltr' id='par_1_91' title="bbox 2263 3185 3854 3254">
     <span class='ocr_line' id='line_1_91' title="bbox 2263 3185 3854 3254; baseline 0 -14"><span class='ocrx_word' id='word_1_708' title='bbox 2263 3195 2454 3242; x_wconf 87' lang='lat' dir='ltr'><strong>testate</strong></span> <span class='ocrx_word' id='word_1_709' title='bbox 2500 3187 2668 3242; x_wconf 86' lang='lat' dir='ltr'><strong>canis.</strong></span> <span class='ocrx_word' id='word_1_710' title='bbox 2699 3185 2798 3254; x_wconf 88' lang='lat' dir='ltr'><strong>Qui</strong></span> <span class='ocrx_word' id='word_1_711' title='bbox 2843 3194 2968 3241; x_wconf 91' lang='lat' dir='ltr'><strong>sunt</strong></span> <span class='ocrx_word' id='word_1_712' title='bbox 3011 3185 3216 3242; x_wconf 86' lang='lat' dir='ltr'><strong>canes?</strong></span> <span class='ocrx_word' id='word_1_713' title='bbox 3263 3185 3363 3252; x_wconf 86' lang='lat' dir='ltr'><strong>Qui</strong></span> <span class='ocrx_word' id='word_1_714' title='bbox 3411 3186 3604 3240; x_wconf 88' lang='lat' dir='ltr'><strong>canino</strong></span> <span class='ocrx_word' id='word_1_715' title='bbox 3650 3200 3804 3240; x_wconf 91' lang='lat' dir='ltr'><strong>more</strong></span> <span class='ocrx_word' id='word_1_716' title='bbox 3833 3185 3854 3219; x_wconf 77' lang='grc'>⁸</span> 
     </span>
    </p>
   </div>
   <div class='ocr_carea' id='block_1_92' title="bbox 2261 3275 3851 3350">
    <p class='ocr_par' dir='ltr' id='par_1_92' title="bbox 2261 3275 3851 3350">
     <span class='ocr_line' id='line_1_92' title="bbox 2261 3275 3851 3350; baseline -0.001 -16"><span class='ocrx_word' id='word_1_717' title='bbox 2261 3279 2494 3346; x_wconf 85' lang='lat' dir='ltr'><strong>latrant,</strong></span> <span class='ocrx_word' id='word_1_718' title='bbox 2526 3293 2627 3334; x_wconf 91' lang='lat' dir='ltr'><strong>nec</strong></span> <span class='ocrx_word' id='word_1_719' title='bbox 2673 3279 2973 3350; x_wconf 89' lang='lat' dir='ltr'><strong>intelligunt</strong></span> <span class='ocrx_word' id='word_1_720' title='bbox 3015 3286 3198 3334; x_wconf 87' lang='lat' dir='ltr'><strong>contra</strong></span> <span class='ocrx_word' id='word_1_721' title='bbox 3229 3292 3384 3349; x_wconf 90' lang='lat' dir='ltr'><strong>quos.</strong></span> <span class='ocrx_word' id='word_1_722' title='bbox 3415 3276 3555 3333; x_wconf 86' lang='lat' dir='ltr'><strong>Nihil</strong></span> <span class='ocrx_word' id='word_1_723' title='bbox 3601 3275 3706 3332; x_wconf 83' lang='lat' dir='ltr'><strong>illis</strong></span> <span class='ocrx_word' id='word_1_724' title='bbox 3754 3275 3851 3344; x_wconf 86' lang='lat' dir='ltr'><strong>fit,</strong></span> 
     </span>
    </p>
   </div>
   <div class='ocr_carea' id='block_1_93' title="bbox 2259 3362 3853 3438">
    <p class='ocr_par' dir='ltr' id='par_1_93' title="bbox 2259 3362 3853 3438">
     <span class='ocr_line' id='line_1_93' title="bbox 2259 3362 3853 3438; baseline -0.002 -13"><span class='ocrx_word' id='word_1_725' title='bbox 2259 3378 2314 3425; x_wconf 91' lang='lat' dir='ltr'><strong>et</strong></span> <span class='ocrx_word' id='word_1_726' title='bbox 2356 3369 2568 3424; x_wconf 86' lang='lat' dir='ltr'><strong>latrant.</strong></span> <span class='ocrx_word' id='word_1_727' title='bbox 2619 3369 2756 3438; x_wconf 91' lang='lat' dir='ltr'><strong>Quid</strong></span> <span class='ocrx_word' id='word_1_728' title='bbox 2804 3368 2927 3424; x_wconf 87' lang='lat' dir='ltr'><strong>fecit</strong></span> <span class='ocrx_word' id='word_1_729' title='bbox 2973 3370 3091 3425; x_wconf 91' lang='lat' dir='ltr'><strong>cani</strong></span> <span class='ocrx_word' id='word_1_730' title='bbox 3141 3369 3404 3424; x_wconf 85' lang='lat' dir='ltr'><strong>transiens</strong></span> <span class='ocrx_word' id='word_1_731' title='bbox 3453 3368 3593 3422; x_wconf 89' lang='lat' dir='ltr'><strong>viam</strong></span> <span class='ocrx_word' id='word_1_732' title='bbox 3642 3362 3853 3423; x_wconf 77' lang='lat' dir='ltr'><strong>suam?</strong></span> 
     </span>
    </p>
   </div>
   <div class='ocr_carea' id='block_1_94' title="bbox 2259 3457 3853 3528">
    <p class='ocr_par' dir='ltr' id='par_1_94' title="bbox 2259 3457 3853 3528">
     <span class='ocr_line' id='line_1_94' title="bbox 2259 3457 3853 3528; baseline -0.002 -11"><span class='ocrx_word' id='word_1_733' title='bbox 2259 3460 2462 3517; x_wconf 84' lang='lat' dir='ltr'><strong>Tamen</strong></span> <span class='ocrx_word' id='word_1_734' title='bbox 2510 3460 2598 3516; x_wconf 91' lang='lat' dir='ltr'><strong>ille</strong></span> <span class='ocrx_word' id='word_1_735' title='bbox 2649 3461 2825 3515; x_wconf 85' lang='lat' dir='ltr'><strong>latrat.</strong></span> <span class='ocrx_word' id='word_1_736' title='bbox 2876 3459 2977 3528; x_wconf 91' lang='lat' dir='ltr'><strong>Qui</strong></span> <span class='ocrx_word' id='word_1_737' title='bbox 3024 3459 3220 3515; x_wconf 91' lang='lat' dir='ltr'><strong>latrant</strong></span> <span class='ocrx_word' id='word_1_738' title='bbox 3264 3458 3424 3514; x_wconf 58' lang='lat' dir='ltr'><strong>caecis</strong></span> <span class='ocrx_word' id='word_1_739' title='bbox 3467 3457 3638 3514; x_wconf 91' lang='lat' dir='ltr'><strong>oculis</strong></span> <span class='ocrx_word' id='word_1_740' title='bbox 3669 3499 3685 3524; x_wconf 92' lang='lat'><strong>,</strong></span> <span class='ocrx_word' id='word_1_741' title='bbox 3745 3472 3853 3514; x_wconf 85' lang='lat' dir='ltr'><strong>non</strong></span> 
     </span>
    </p>
   </div>
   <div class='ocr_carea' id='block_1_95' title="bbox 2258 3553 3856 3625">
    <p class='ocr_par' dir='ltr' id='par_1_95' title="bbox 2258 3553 3856 3625">
     <span class='ocr_line' id='line_1_95' title="bbox 2258 3553 3856 3625; baseline -0.001 -15"><span class='ocrx_word' id='word_1_742' title='bbox 2258 3554 2626 3612; x_wconf 88' lang='lat' dir='ltr'><strong>discernentes</strong></span> <span class='ocrx_word' id='word_1_743' title='bbox 2677 3562 2861 3610; x_wconf 91' lang='lat' dir='ltr'><strong>contra</strong></span> <span class='ocrx_word' id='word_1_744' title='bbox 2914 3568 3049 3624; x_wconf 91' lang='lat' dir='ltr'><strong>quos</strong></span> <span class='ocrx_word' id='word_1_745' title='bbox 3097 3561 3189 3610; x_wconf 89' lang='lat' dir='ltr'><strong>aut</strong></span> <span class='ocrx_word' id='word_1_746' title='bbox 3239 3568 3338 3625; x_wconf 87' lang='lat' dir='ltr'><strong>pro</strong></span> <span class='ocrx_word' id='word_1_747' title='bbox 3391 3553 3584 3625; x_wconf 90' lang='lat' dir='ltr'><strong>quibus</strong></span> <span class='ocrx_word' id='word_1_748' title='bbox 3616 3595 3632 3621; x_wconf 95' lang='lat'><strong>,</strong></span> <span class='ocrx_word' id='word_1_749' title='bbox 3687 3566 3856 3609; x_wconf 81' lang='lat' dir='ltr'><strong>canes</strong></span> 
     </span>
    </p>
   </div>
   <div class='ocr_carea' id='block_1_96' title="bbox 2255 3656 3854 3814">
    <p class='ocr_par' dir='ltr' id='par_1_96' title="bbox 2255 3656 3854 3814">
     <span class='ocr_line' id='line_1_96' title="bbox 2255 3656 3854 3814; baseline 0.001 -18"><span class='ocrx_word' id='word_1_750' title='bbox 2255 3656 2416 3796; x_wconf 29' lang='lat' dir='ltr'><strong>gnate.</strong></span> <span class='ocrx_word' id='word_1_751' title='bbox 2450 3737 2617 3814; x_wconf 79' lang='lat' dir='ltr'><strong>[vers.</strong></span> <span class='ocrx_word' id='word_1_752' title='bbox 2648 3739 2774 3814; x_wconf 85' lang='lat'><strong><em>22.]</em></strong></span> <span class='ocrx_word' id='word_1_753' title='bbox 2805 3739 3018 3797; x_wconf 85' lang='lat' dir='ltr'><strong>Salvum</strong></span> <span class='ocrx_word' id='word_1_754' title='bbox 3064 3756 3142 3796; x_wconf 90' lang='lat' dir='ltr'><strong>me</strong></span> <span class='ocrx_word' id='word_1_755' title='bbox 3186 3739 3268 3810; x_wconf 93' lang='lat' dir='ltr'><strong>fac</strong></span> <span class='ocrx_word' id='word_1_756' title='bbox 3308 3739 3372 3794; x_wconf 86' lang='lat' dir='ltr'><strong>de</strong></span> <span class='ocrx_word' id='word_1_757' title='bbox 3413 3755 3499 3794; x_wconf 91' lang='lat' dir='ltr'><strong>ore</strong></span> <span class='ocrx_word' id='word_1_758' title='bbox 3537 3737 3699 3795; x_wconf 84' lang='lat' dir='ltr'><strong>leonis</strong></span> <span class='ocrx_word' id='word_1_759' title='bbox 3720 3755 3748 3798; x_wconf 89' lang='lat'><strong><em>:</em></strong></span> <span class='ocrx_word' id='word_1_760' title='bbox 3770 3740 3854 3798; x_wconf 85' lang='lat' dir='ltr'><strong>leo</strong></span> 
     </span>
    </p>
   </div>
   <div class='ocr_carea' id='block_1_97' title="bbox 2257 3831 3851 3904">
    <p class='ocr_par' dir='ltr' id='par_1_97' title="bbox 2257 3831 3851 3904">
     <span class='ocr_line' id='line_1_97' title="bbox 2257 3831 3851 3904; baseline 0.001 -17"><span class='ocrx_word' id='word_1_761' title='bbox 2257 3832 2473 3904; x_wconf 88' lang='lat' dir='ltr'><strong>rugiens</strong></span> <span class='ocrx_word' id='word_1_762' title='bbox 2503 3833 2671 3887; x_wconf 85' lang='lat' dir='ltr'><strong>nostis</strong></span> <span class='ocrx_word' id='word_1_763' title='bbox 2701 3831 2821 3902; x_wconf 92' lang='lat' dir='ltr'><strong>quis</strong></span> <span class='ocrx_word' id='word_1_764' title='bbox 2850 3832 2939 3898; x_wconf 90' lang='lat' dir='ltr'><strong>sit,</strong></span> <span class='ocrx_word' id='word_1_765' title='bbox 2970 3831 3290 3888; x_wconf 89' lang='lat' dir='ltr'><strong>circumiens</strong></span> <span class='ocrx_word' id='word_1_766' title='bbox 3318 3842 3372 3888; x_wconf 90' lang='lat' dir='ltr'><strong>et</strong></span> <span class='ocrx_word' id='word_1_767' title='bbox 3401 3847 3648 3903; x_wconf 67' lang='lat' dir='ltr'><strong>quterens</strong></span> <span class='ocrx_word' id='word_1_768' title='bbox 3687 3846 3851 3904; x_wconf 87' lang='lat' dir='ltr'><strong>quem</strong></span> 
     </span>
    </p>
   </div>
   <div class='ocr_carea' id='block_1_98' title="bbox 2256 3922 3851 3998">
    <p class='ocr_par' dir='ltr' id='par_1_98' title="bbox 2256 3922 3851 3998">
     <span class='ocr_line' id='line_1_98' title="bbox 2256 3922 3851 3998; baseline -0.001 -19"><span class='ocrx_word' id='word_1_769' title='bbox 2256 3923 2477 3981; x_wconf 85' lang='lat' dir='ltr'><strong>devoret</strong></span> <span class='ocrx_word' id='word_1_770' title='bbox 2498 3923 2539 3995; x_wconf 92' lang='lat' dir='ltr'><strong>(l</strong></span> <span class='ocrx_word' id='word_1_771' title='bbox 2568 3923 2707 3978; x_wconf 89' lang='lat' dir='ltr'><strong>Petr.</strong></span> <span class='ocrx_word' id='word_1_772' title='bbox 2732 3939 2784 3992; x_wconf 89' lang='lat' dir='ltr'><strong>v,</strong></span> <span class='ocrx_word' id='word_1_773' title='bbox 2813 3922 2890 3998; x_wconf 84' lang='lat'><strong>8).</strong></span> <span class='ocrx_word' id='word_1_774' title='bbox 2920 3924 2984 3978; x_wconf 90' lang='lat' dir='ltr'><strong>Et</strong></span> <span class='ocrx_word' id='word_1_775' title='bbox 3009 3941 3041 3978; x_wconf 93' lang='lat' dir='ltr'><strong>a</strong></span> <span class='ocrx_word' id='word_1_776' title='bbox 3066 3923 3300 3979; x_wconf 85' lang='lat' dir='ltr'><strong>cornibus</strong></span> <span class='ocrx_word' id='word_1_777' title='bbox 3333 3925 3652 3978; x_wconf 86' lang='lat' dir='ltr'><strong>unicornium</strong></span> <span class='ocrx_word' id='word_1_778' title='bbox 3681 3925 3851 3978; x_wconf 78' lang='lat' dir='ltr'><strong>humi-</strong></span> 
     </span>
    </p>
   </div>
   <div class='ocr_carea' id='block_1_99' title="bbox 2255 4015 3847 4087">
    <p class='ocr_par' dir='ltr' id='par_1_99' title="bbox 2255 4015 3847 4087">
     <span class='ocr_line' id='line_1_99' title="bbox 2255 4015 3847 4087; baseline 0.001 -16"><span class='ocrx_word' id='word_1_779' title='bbox 2255 4017 2448 4072; x_wconf 86' lang='lat' dir='ltr'><strong>litatem</strong></span> <span class='ocrx_word' id='word_1_780' title='bbox 2473 4033 2631 4071; x_wconf 88' lang='lat' dir='ltr'><strong>meam</strong></span> <span class='ocrx_word' id='word_1_781' title='bbox 2657 4031 2676 4070; x_wconf 91' lang='lat'><strong><em>:</em></strong></span> <span class='ocrx_word' id='word_1_782' title='bbox 2702 4017 2986 4072; x_wconf 89' lang='lat' dir='ltr'><strong>unicornes</strong></span> <span class='ocrx_word' id='word_1_783' title='bbox 3016 4032 3120 4071; x_wconf 91' lang='lat' dir='ltr'><strong>non</strong></span> <span class='ocrx_word' id='word_1_784' title='bbox 3150 4015 3376 4083; x_wconf 89' lang='lat' dir='ltr'><strong>diceret,</strong></span> <span class='ocrx_word' id='word_1_785' title='bbox 3410 4017 3510 4072; x_wconf 93' lang='lat' dir='ltr'><strong>nisi</strong></span> <span class='ocrx_word' id='word_1_786' title='bbox 3540 4017 3847 4087; x_wconf 89' lang='lat' dir='ltr'><strong>superbos;</strong></span> 
     </span>
    </p>
   </div>
   <div class='ocr_carea' id='block_1_100' title="bbox 2253 4109 3234 4180">
    <p class='ocr_par' dir='ltr' id='par_1_100' title="bbox 2253 4109 3234 4180">
     <span class='ocr_line' id='line_1_100' title="bbox 2253 4109 3234 4180; baseline -0.003 -15"><span class='ocrx_word' id='word_1_787' title='bbox 2253 4109 2376 4165; x_wconf 88' lang='lat' dir='ltr'><strong>idco</strong></span> <span class='ocrx_word' id='word_1_788' title='bbox 2407 4109 2656 4180; x_wconf 87' lang='lat' dir='ltr'><strong>subjecit,</strong></span> <span class='ocrx_word' id='word_1_789' title='bbox 2689 4109 3024 4163; x_wconf 85' lang='lat' dir='ltr'><strong>humilitatem</strong></span> <span class='ocrx_word' id='word_1_790' title='bbox 3053 4125 3234 4164; x_wconf 89' lang='lat' dir='ltr'><strong>meant.</strong></span> 
     </span>
    </p>
   </div>
   <div class='ocr_carea' id='block_1_101' title="bbox 2323 4197 3849 4272">
    <p class='ocr_par' dir='ltr' id='par_1_101' title="bbox 2323 4197 3849 4272">
     <span class='ocr_line' id='line_1_101' title="bbox 2323 4197 3849 4272; baseline 0.001 -19"><span class='ocrx_word' id='word_1_791' title='bbox 2323 4199 2412 4256; x_wconf 82' lang='lat'><strong>25.</strong></span> <span class='ocrx_word' id='word_1_792' title='bbox 2447 4198 2609 4272; x_wconf 82' lang='lat' dir='ltr'><strong>[vers.</strong></span> <span class='ocrx_word' id='word_1_793' title='bbox 2637 4198 2766 4272; x_wconf 81' lang='lat'><strong><em>25.]</em></strong></span> <span class='ocrx_word' id='word_1_794' title='bbox 2805 4199 3038 4254; x_wconf 89' lang='lat' dir='ltr'><strong>Audistis</strong></span> <span class='ocrx_word' id='word_1_795' title='bbox 3077 4215 3194 4270; x_wconf 72' lang='lat' dir='ltr'><strong>quae</strong></span> <span class='ocrx_word' id='word_1_796' title='bbox 3237 4213 3425 4270; x_wconf 86' lang='lat' dir='ltr'><strong>passus</strong></span> <span class='ocrx_word' id='word_1_797' title='bbox 3464 4207 3574 4266; x_wconf 89' lang='lat' dir='ltr'><strong>est,</strong></span> <span class='ocrx_word' id='word_1_798' title='bbox 3615 4208 3671 4255; x_wconf 88' lang='lat' dir='ltr'><strong>et</strong></span> <span class='ocrx_word' id='word_1_799' title='bbox 3721 4197 3849 4270; x_wconf 91' lang='lat' dir='ltr'><strong>quid</strong></span> 
     </span>
    </p>
   </div>
   <div class='ocr_carea' id='block_1_102' title="bbox 2253 4291 3850 4363">
    <p class='ocr_par' dir='ltr' id='par_1_102' title="bbox 2253 4291 3850 4363">
     <span class='ocr_line' id='line_1_102' title="bbox 2253 4291 3850 4363; baseline 0.001 -16"><span class='ocrx_word' id='word_1_800' title='bbox 2253 4293 2454 4357; x_wconf 88' lang='lat' dir='ltr'><strong>oravit,</strong></span> <span class='ocrx_word' id='word_1_801' title='bbox 2491 4301 2548 4347; x_wconf 93' lang='lat' dir='ltr'><strong>ut</strong></span> <span class='ocrx_word' id='word_1_802' title='bbox 2577 4298 2796 4348; x_wconf 86' lang='lat' dir='ltr'><strong>eruatur</strong></span> <span class='ocrx_word' id='word_1_803' title='bbox 2825 4292 2892 4347; x_wconf 89' lang='lat' dir='ltr'><strong>ab</strong></span> <span class='ocrx_word' id='word_1_804' title='bbox 2920 4292 3035 4345; x_wconf 91' lang='lat' dir='ltr'><strong>istis</strong></span> <span class='ocrx_word' id='word_1_805' title='bbox 3063 4309 3074 4345; x_wconf 95' lang='lat'>:</span> <span class='ocrx_word' id='word_1_806' title='bbox 3105 4291 3441 4348; x_wconf 90' lang='lat' dir='ltr'><strong>attendamus</strong></span> <span class='ocrx_word' id='word_1_807' title='bbox 3478 4291 3638 4347; x_wconf 92' lang='lat' dir='ltr'><strong>modo</strong></span> <span class='ocrx_word' id='word_1_808' title='bbox 3678 4305 3850 4363; x_wconf 85' lang='lat' dir='ltr'><strong>quare</strong></span> 
     </span>
    </p>
   </div>
   <div class='ocr_carea' id='block_1_103' title="bbox 2251 4383 3847 4457">
    <p class='ocr_par' dir='ltr' id='par_1_103' title="bbox 2251 4383 3847 4457">
     <span class='ocr_line' id='line_1_103' title="bbox 2251 4383 3847 4457; baseline -0.001 -15"><span class='ocrx_word' id='word_1_809' title='bbox 2251 4401 2440 4455; x_wconf 85' lang='lat' dir='ltr'><strong>passus</strong></span> <span class='ocrx_word' id='word_1_810' title='bbox 2478 4394 2579 4440; x_wconf 91' lang='lat' dir='ltr'><strong>est.</strong></span> <span class='ocrx_word' id='word_1_811' title='bbox 2610 4384 2766 4440; x_wconf 78' lang='lat' dir='ltr'><strong>Modo</strong></span> <span class='ocrx_word' id='word_1_812' title='bbox 2791 4384 2898 4455; x_wconf 90' lang='lat' dir='ltr'><strong>jam</strong></span> <span class='ocrx_word' id='word_1_813' title='bbox 2926 4383 3128 4451; x_wconf 89' lang='lat' dir='ltr'><strong>videte,</strong></span> <span class='ocrx_word' id='word_1_814' title='bbox 3161 4384 3351 4442; x_wconf 90' lang='lat' dir='ltr'><strong>fratres</strong></span> <span class='ocrx_word' id='word_1_815' title='bbox 3378 4427 3392 4451; x_wconf 96' lang='lat'><strong>,</strong></span> <span class='ocrx_word' id='word_1_816' title='bbox 3421 4387 3509 4457; x_wconf 91' lang='lat' dir='ltr'><strong>qui</strong></span> <span class='ocrx_word' id='word_1_817' title='bbox 3540 4401 3645 4440; x_wconf 92' lang='lat' dir='ltr'><strong>non</strong></span> <span class='ocrx_word' id='word_1_818' title='bbox 3678 4399 3765 4442; x_wconf 76' lang='grc' dir='ltr'><strong>εει</strong></span> <span class='ocrx_word' id='word_1_819' title='bbox 3795 4387 3847 4441; x_wconf 94' lang='lat' dir='ltr'><strong>in</strong></span> 
     </span>
    </p>
   </div>
   <div class='ocr_carea' id='block_1_104' title="bbox 2251 4476 3847 4549">
    <p class='ocr_par' dir='ltr' id='par_1_104' title="bbox 2251 4476 3847 4549">
     <span class='ocr_line' id='line_1_104' title="bbox 2251 4476 3847 4549; baseline -0.001 -14"><span class='ocrx_word' id='word_1_820' title='bbox 2251 4496 2313 4536; x_wconf 89' lang='lat' dir='ltr'><strong>ea</strong></span> <span class='ocrx_word' id='word_1_821' title='bbox 2361 4489 2536 4546; x_wconf 91' lang='lat' dir='ltr'><strong>sorte,</strong></span> <span class='ocrx_word' id='word_1_822' title='bbox 2586 4486 2803 4549; x_wconf 86' lang='lat' dir='ltr'><strong>propter</strong></span> <span class='ocrx_word' id='word_1_823' title='bbox 2840 4493 2999 4546; x_wconf 89' lang='lat' dir='ltr'><strong>quam</strong></span> <span class='ocrx_word' id='word_1_824' title='bbox 3030 4493 3220 4549; x_wconf 88' lang='lat' dir='ltr'><strong>passus</strong></span> <span class='ocrx_word' id='word_1_825' title='bbox 3259 4488 3340 4533; x_wconf 90' lang='lat' dir='ltr'><strong>est</strong></span> <span class='ocrx_word' id='word_1_826' title='bbox 3367 4476 3644 4543; x_wconf 89' lang='lat' dir='ltr'><strong>Christus,</strong></span> <span class='ocrx_word' id='word_1_827' title='bbox 3678 4492 3847 4549; x_wconf 88' lang='lat' dir='ltr'><strong>quare</strong></span> 
     </span>
    </p>
   </div>
   <div class='ocr_carea' id='block_1_105' title="bbox 2249 4569 3847 4642">
    <p class='ocr_par' dir='ltr' id='par_1_105' title="bbox 2249 4569 3847 4642">
     <span class='ocr_line' id='line_1_105' title="bbox 2249 4569 3847 4642; baseline 0.001 -16"><span class='ocrx_word' id='word_1_828' title='bbox 2249 4571 2570 4626; x_wconf 78' lang='lat' dir='ltr'><strong>Christianus</strong></span> <span class='ocrx_word' id='word_1_829' title='bbox 2596 4571 2718 4624; x_wconf 86' lang='lat' dir='ltr'><strong>est?</strong></span> <span class='ocrx_word' id='word_1_830' title='bbox 2747 4570 2916 4636; x_wconf 85' lang='lat' dir='ltr'><strong>Ecce,</strong></span> <span class='ocrx_word' id='word_1_831' title='bbox 2949 4569 3293 4642; x_wconf 89' lang='lat' dir='ltr'><strong>intelligimus</strong></span> <span class='ocrx_word' id='word_1_832' title='bbox 3328 4585 3446 4641; x_wconf 68' lang='lat' dir='ltr'><strong>qua:</strong></span> <span class='ocrx_word' id='word_1_833' title='bbox 3490 4584 3678 4640; x_wconf 90' lang='lat' dir='ltr'><strong>passus</strong></span> <span class='ocrx_word' id='word_1_834' title='bbox 3721 4583 3847 4628; x_wconf 80' lang='lat' dir='ltr'><strong>eSt:</strong></span> 
     </span>
    </p>
   </div>
   <div class='ocr_carea' id='block_1_106' title="bbox 2248 4661 3848 4733">
    <p class='ocr_par' dir='ltr' id='par_1_106' title="bbox 2248 4661 3848 4733">
     <span class='ocr_line' id='line_1_106' title="bbox 2248 4661 3848 4733; baseline -0.001 -14"><span class='ocrx_word' id='word_1_835' title='bbox 2248 4664 2583 4722; x_wconf 88' lang='lat' dir='ltr'><strong>dinumerata</strong></span> <span class='ocrx_word' id='word_1_836' title='bbox 2614 4670 2738 4717; x_wconf 91' lang='lat' dir='ltr'><strong>sunt</strong></span> <span class='ocrx_word' id='word_1_837' title='bbox 2764 4676 2884 4718; x_wconf 83' lang='lat' dir='ltr'><strong>ossa</strong></span> <span class='ocrx_word' id='word_1_838' title='bbox 2925 4662 3074 4733; x_wconf 84' lang='lat' dir='ltr'><strong>ejus,</strong></span> <span class='ocrx_word' id='word_1_839' title='bbox 3123 4663 3309 4718; x_wconf 85' lang='lat' dir='ltr'><strong>irrisus</strong></span> <span class='ocrx_word' id='word_1_840' title='bbox 3348 4671 3464 4728; x_wconf 88' lang='lat' dir='ltr'><strong>est,</strong></span> <span class='ocrx_word' id='word_1_841' title='bbox 3505 4661 3677 4718; x_wconf 83' lang='lat' dir='ltr'><strong>divisa</strong></span> <span class='ocrx_word' id='word_1_842' title='bbox 3723 4671 3848 4718; x_wconf 90' lang='lat' dir='ltr'><strong>sunt</strong></span> 
     </span>
    </p>
   </div>
   <div class='ocr_carea' id='block_1_107' title="bbox 2247 4755 3846 4826">
    <p class='ocr_par' dir='ltr' id='par_1_107' title="bbox 2247 4755 3846 4826">
     <span class='ocr_line' id='line_1_107' title="bbox 2247 4755 3846 4826; baseline -0.001 -14"><span class='ocrx_word' id='word_1_843' title='bbox 2247 4757 2563 4814; x_wconf 90' lang='lat' dir='ltr'><strong>vestimenta</strong></span> <span class='ocrx_word' id='word_1_844' title='bbox 2590 4755 2725 4825; x_wconf 86' lang='lat' dir='ltr'><strong>ejus,</strong></span> <span class='ocrx_word' id='word_1_845' title='bbox 2760 4756 2978 4826; x_wconf 87' lang='lat' dir='ltr'><strong>insuper</strong></span> <span class='ocrx_word' id='word_1_846' title='bbox 3003 4755 3164 4811; x_wconf 89' lang='lat' dir='ltr'><strong>missa</strong></span> <span class='ocrx_word' id='word_1_847' title='bbox 3190 4765 3272 4811; x_wconf 89' lang='lat' dir='ltr'><strong>est</strong></span> <span class='ocrx_word' id='word_1_848' title='bbox 3299 4769 3419 4810; x_wconf 91' lang='lat' dir='ltr'><strong>sors</strong></span> <span class='ocrx_word' id='word_1_849' title='bbox 3447 4770 3608 4825; x_wconf 90' lang='lat' dir='ltr'><strong>super</strong></span> <span class='ocrx_word' id='word_1_850' title='bbox 3631 4765 3846 4812; x_wconf 89' lang='lat' dir='ltr'><strong>vestem</strong></span> 
     </span>
    </p>
   </div>
   <div class='ocr_carea' id='block_1_108' title="bbox 2249 4850 3845 4922">
    <p class='ocr_par' dir='ltr' id='par_1_108' title="bbox 2249 4850 3845 4922">
     <span class='ocr_line' id='line_1_108' title="bbox 2249 4850 3845 4922; baseline -0.001 -15"><span class='ocrx_word' id='word_1_851' title='bbox 2249 4853 2414 4922; x_wconf 87' lang='lat' dir='ltr'><strong>ipsius</strong></span> <span class='ocrx_word' id='word_1_852' title='bbox 2437 4893 2453 4919; x_wconf 98' lang='lat'><strong>,</strong></span> <span class='ocrx_word' id='word_1_853' title='bbox 2500 4851 2968 4907; x_wconf 90' lang='lat' dir='ltr'><strong>circumdederunt</strong></span> <span class='ocrx_word' id='word_1_854' title='bbox 2997 4852 3142 4908; x_wconf 92' lang='lat' dir='ltr'><strong>illum</strong></span> <span class='ocrx_word' id='word_1_855' title='bbox 3171 4851 3407 4908; x_wconf 87' lang='lat' dir='ltr'><strong>furentes</strong></span> <span class='ocrx_word' id='word_1_856' title='bbox 3432 4861 3484 4907; x_wconf 91' lang='lat' dir='ltr'><strong>ct</strong></span> <span class='ocrx_word' id='word_1_857' title='bbox 3513 4850 3806 4907; x_wconf 65' lang='lat' dir='ltr'><strong>satvieutes</strong></span> <span class='ocrx_word' id='word_1_858' title='bbox 3829 4890 3845 4916; x_wconf 91' lang='lat'><strong>,</strong></span> 
     </span>
    </p>
   </div>
   <div class='ocr_carea' id='block_1_109' title="bbox 2251 4945 3848 5019">
    <p class='ocr_par' dir='ltr' id='par_1_109' title="bbox 2251 4945 3848 5019">
     <span class='ocr_line' id='line_1_109' title="bbox 2251 4945 3848 5019; baseline 0 -17"><span class='ocrx_word' id='word_1_859' title='bbox 2251 4956 2306 5002; x_wconf 92' lang='lat' dir='ltr'><strong>et</strong></span> <span class='ocrx_word' id='word_1_860' title='bbox 2328 4946 2572 5019; x_wconf 89' lang='lat' dir='ltr'><strong>dispersa</strong></span> <span class='ocrx_word' id='word_1_861' title='bbox 2603 4957 2728 5002; x_wconf 91' lang='lat' dir='ltr'><strong>sunt</strong></span> <span class='ocrx_word' id='word_1_862' title='bbox 2755 4947 2935 5003; x_wconf 89' lang='lat' dir='ltr'><strong>omnia</strong></span> <span class='ocrx_word' id='word_1_863' title='bbox 2965 4962 3084 5003; x_wconf 89' lang='lat' dir='ltr'><strong>ossa</strong></span> <span class='ocrx_word' id='word_1_864' title='bbox 3113 4947 3228 5018; x_wconf 91' lang='lat' dir='ltr'><strong>ejus</strong></span> <span class='ocrx_word' id='word_1_865' title='bbox 3251 4989 3265 5013; x_wconf 92' lang='lat'><strong>,</strong></span> <span class='ocrx_word' id='word_1_866' title='bbox 3306 4955 3362 5002; x_wconf 91' lang='lat' dir='ltr'><strong>et</strong></span> <span class='ocrx_word' id='word_1_867' title='bbox 3390 4948 3477 5003; x_wconf 87' lang='lat' dir='ltr'><strong>hic</strong></span> <span class='ocrx_word' id='word_1_868' title='bbox 3510 4945 3768 5003; x_wconf 88' lang='lat' dir='ltr'><strong>audimus</strong></span> <span class='ocrx_word' id='word_1_869' title='bbox 3796 4955 3848 5002; x_wconf 89' lang='lat' dir='ltr'><strong>et</strong></span> 
     </span>
    </p>
   </div>
   <div class='ocr_carea' id='block_1_110' title="bbox 2247 5037 3848 5110">
    <p class='ocr_par' dir='ltr' id='par_1_110' title="bbox 2247 5037 3848 5110">
     <span class='ocr_line' id='line_1_110' title="bbox 2247 5037 3848 5110; baseline 0 -16"><span class='ocrx_word' id='word_1_870' title='bbox 2247 5039 2301 5094; x_wconf 92' lang='lat' dir='ltr'><strong>in</strong></span> <span class='ocrx_word' id='word_1_871' title='bbox 2347 5039 2634 5108; x_wconf 87' lang='lat' dir='ltr'><strong>Evangelio</strong></span> <span class='ocrx_word' id='word_1_872' title='bbox 2676 5037 2921 5110; x_wconf 87' lang='lat' dir='ltr'><strong>legimus.</strong></span> <span class='ocrx_word' id='word_1_873' title='bbox 2974 5038 3258 5095; x_wconf 85' lang='lat' dir='ltr'><strong>Videamus</strong></span> <span class='ocrx_word' id='word_1_874' title='bbox 3304 5054 3488 5110; x_wconf 90' lang='lat' dir='ltr'><strong>quare.</strong></span> <span class='ocrx_word' id='word_1_875' title='bbox 3536 5037 3581 5094; x_wconf 92' lang='grc' dir='ltr'>Ο</span> <span class='ocrx_word' id='word_1_876' title='bbox 3621 5037 3848 5094; x_wconf 89' lang='lat' dir='ltr'><strong>Christe</strong></span> 
     </span>
    </p>
   </div>
   <div class='ocr_carea' id='block_1_111' title="bbox 2245 5125 3849 5203">
    <p class='ocr_par' dir='ltr' id='par_1_111' title="bbox 2245 5125 3849 5203">
     <span class='ocr_line' id='line_1_111' title="bbox 2245 5125 3849 5203; baseline -0.001 -15"><span class='ocrx_word' id='word_1_877' title='bbox 2245 5131 2348 5188; x_wconf 88' lang='lat' dir='ltr'><strong>Fili</strong></span> <span class='ocrx_word' id='word_1_878' title='bbox 2371 5131 2485 5198; x_wconf 90' lang='lat' dir='ltr'><strong>Dei,</strong></span> <span class='ocrx_word' id='word_1_879' title='bbox 2518 5131 2564 5187; x_wconf 89' lang='lat' dir='ltr'><strong>si</strong></span> <span class='ocrx_word' id='word_1_880' title='bbox 2595 5132 2800 5199; x_wconf 90' lang='lat' dir='ltr'><strong>nolles,</strong></span> <span class='ocrx_word' id='word_1_881' title='bbox 2833 5149 2936 5189; x_wconf 92' lang='lat' dir='ltr'><strong>non</strong></span> <span class='ocrx_word' id='word_1_882' title='bbox 2969 5133 3264 5203; x_wconf 88' lang='lat' dir='ltr'><strong>patereris,</strong></span> <span class='ocrx_word' id='word_1_883' title='bbox 3292 5125 3515 5188; x_wconf 86' lang='lat' dir='ltr'><strong>ostende</strong></span> <span class='ocrx_word' id='word_1_884' title='bbox 3543 5130 3704 5187; x_wconf 92' lang='lat' dir='ltr'><strong>nobis</strong></span> <span class='ocrx_word' id='word_1_885' title='bbox 3730 5131 3849 5186; x_wconf 86' lang='lat' dir='ltr'><strong>fru-</strong></span> 
     </span>
    </p>
   </div>
   <div class='ocr_carea' id='block_1_112' title="bbox 2245 5225 3846 5298">
    <p class='ocr_par' dir='ltr' id='par_1_112' title="bbox 2245 5225 3846 5298">
     <span class='ocr_line' id='line_1_112' title="bbox 2245 5225 3846 5298; baseline -0.001 -16"><span class='ocrx_word' id='word_1_886' title='bbox 2245 5237 2388 5282; x_wconf 90' lang='lat' dir='ltr'><strong>ctum</strong></span> <span class='ocrx_word' id='word_1_887' title='bbox 2414 5227 2678 5298; x_wconf 89' lang='lat' dir='ltr'><strong>passionis</strong></span> <span class='ocrx_word' id='word_1_888' title='bbox 2707 5235 2831 5281; x_wconf 68' lang='lat' dir='ltr'><strong>tute.</strong></span> <span class='ocrx_word' id='word_1_889' title='bbox 2856 5225 3030 5296; x_wconf 83' lang='lat' dir='ltr'><strong>Audi,</strong></span> <span class='ocrx_word' id='word_1_890' title='bbox 3063 5227 3265 5298; x_wconf 88' lang='lat' dir='ltr'><strong>inquit,</strong></span> <span class='ocrx_word' id='word_1_891' title='bbox 3307 5226 3536 5282; x_wconf 90' lang='lat' dir='ltr'><strong>fructum</strong></span> <span class='ocrx_word' id='word_1_892' title='bbox 3565 5244 3579 5281; x_wconf 88' lang='lat'>:</span> <span class='ocrx_word' id='word_1_893' title='bbox 3605 5241 3710 5296; x_wconf 89' lang='lat' dir='ltr'><strong>ego</strong></span> <span class='ocrx_word' id='word_1_894' title='bbox 3736 5241 3846 5281; x_wconf 91' lang='lat' dir='ltr'><strong>non</strong></span> 
     </span>
    </p>
   </div>
   <div class='ocr_carea' id='block_1_113' title="bbox 2247 5317 3842 5389">
    <p class='ocr_par' dir='ltr' id='par_1_113' title="bbox 2247 5317 3842 5389">
     <span class='ocr_line' id='line_1_113' title="bbox 2247 5317 3842 5389; baseline -0.002 -13"><span class='ocrx_word' id='word_1_895' title='bbox 2247 5329 2417 5388; x_wconf 89' lang='lat' dir='ltr'><strong>taceo,</strong></span> <span class='ocrx_word' id='word_1_896' title='bbox 2450 5320 2545 5376; x_wconf 90' lang='lat' dir='ltr'><strong>sed</strong></span> <span class='ocrx_word' id='word_1_897' title='bbox 2574 5319 2718 5375; x_wconf 89' lang='lat' dir='ltr'><strong>surdi</strong></span> <span class='ocrx_word' id='word_1_898' title='bbox 2749 5329 2873 5374; x_wconf 86' lang='lat' dir='ltr'><strong>sunt</strong></span> <span class='ocrx_word' id='word_1_899' title='bbox 2899 5318 3163 5375; x_wconf 90' lang='lat' dir='ltr'><strong>homines.</strong></span> <span class='ocrx_word' id='word_1_900' title='bbox 3196 5317 3352 5384; x_wconf 73' lang='lat' dir='ltr'><strong>Audi,</strong></span> <span class='ocrx_word' id='word_1_901' title='bbox 3381 5318 3573 5389; x_wconf 90' lang='lat' dir='ltr'><strong>inquit,</strong></span> <span class='ocrx_word' id='word_1_902' title='bbox 3600 5317 3842 5374; x_wconf 87' lang='lat' dir='ltr'><strong>fructum</strong></span> 
     </span>
    </p>
   </div>
   <div class='ocr_carea' id='block_1_114' title="bbox 2243 5409 3846 5485">
    <p class='ocr_par' dir='ltr' id='par_1_114' title="bbox 2243 5409 3846 5485">
     <span class='ocr_line' id='line_1_114' title="bbox 2243 5409 3846 5485; baseline -0.004 -17"><span class='ocrx_word' id='word_1_903' title='bbox 2243 5429 2410 5485; x_wconf 91' lang='lat' dir='ltr'><strong>quare</strong></span> <span class='ocrx_word' id='word_1_904' title='bbox 2457 5427 2648 5483; x_wconf 88' lang='lat' dir='ltr'><strong>passus</strong></span> <span class='ocrx_word' id='word_1_905' title='bbox 2690 5426 2808 5467; x_wconf 89' lang='lat' dir='ltr'><strong>sum</strong></span> <span class='ocrx_word' id='word_1_906' title='bbox 2842 5411 2941 5465; x_wconf 86' lang='lat' dir='ltr'><strong>ista</strong></span> <span class='ocrx_word' id='word_1_907' title='bbox 2967 5410 3166 5466; x_wconf 89' lang='lat' dir='ltr'><strong>omnia.</strong></span> <span class='ocrx_word' id='word_1_908' title='bbox 3202 5409 3439 5464; x_wconf 85' lang='lat' dir='ltr'><strong>Narrabo</strong></span> <span class='ocrx_word' id='word_1_909' title='bbox 3482 5427 3665 5464; x_wconf 88' lang='lat' dir='ltr'><strong>nomen</strong></span> <span class='ocrx_word' id='word_1_910' title='bbox 3699 5422 3846 5464; x_wconf 89' lang='lat' dir='ltr'><strong>tuum</strong></span> 
     </span>
    </p>
   </div>
   <div class='ocr_carea' id='block_1_115' title="bbox 2244 5502 3846 5578">
    <p class='ocr_par' dir='ltr' id='par_1_115' title="bbox 2244 5502 3846 5578">
     <span class='ocr_line' id='line_1_115' title="bbox 2244 5502 3846 5578; baseline -0.001 -18"><span class='ocrx_word' id='word_1_911' title='bbox 2244 5504 2485 5578; x_wconf 82' lang='lat' dir='ltr'><strong>fratribus</strong></span> <span class='ocrx_word' id='word_1_912' title='bbox 2512 5505 2653 5559; x_wconf 90' lang='lat' dir='ltr'><strong>meis.</strong></span> <span class='ocrx_word' id='word_1_913' title='bbox 2686 5502 2973 5558; x_wconf 80' lang='lat' dir='ltr'><strong>Videamus</strong></span> <span class='ocrx_word' id='word_1_914' title='bbox 3021 5502 3063 5557; x_wconf 92' lang='lat' dir='ltr'><strong>si</strong></span> <span class='ocrx_word' id='word_1_915' title='bbox 3115 5503 3166 5557; x_wconf 89' lang='lat' dir='ltr'><strong>in</strong></span> <span class='ocrx_word' id='word_1_916' title='bbox 3215 5512 3364 5574; x_wconf 83' lang='lat' dir='ltr'><strong>parte</strong></span> <span class='ocrx_word' id='word_1_917' title='bbox 3406 5511 3590 5558; x_wconf 86' lang='lat' dir='ltr'><strong>narrat</strong></span> <span class='ocrx_word' id='word_1_918' title='bbox 3634 5519 3846 5558; x_wconf 86' lang='lat' dir='ltr'><strong>nomen</strong></span> 
     </span>
    </p>
   </div>
   <div class='ocr_carea' id='block_1_116' title="bbox 2244 5595 3848 5667">
    <p class='ocr_par' dir='ltr' id='par_1_116' title="bbox 2244 5595 3848 5667">
     <span class='ocr_line' id='line_1_116' title="bbox 2244 5595 3848 5667; baseline -0.004 -11"><span class='ocrx_word' id='word_1_919' title='bbox 2244 5600 2340 5656; x_wconf 88' lang='lat' dir='ltr'><strong>Dei</strong></span> <span class='ocrx_word' id='word_1_920' title='bbox 2361 5598 2611 5654; x_wconf 88' lang='lat' dir='ltr'><strong>fratribus</strong></span> <span class='ocrx_word' id='word_1_921' title='bbox 2631 5598 2761 5654; x_wconf 89' lang='lat' dir='ltr'><strong>suis.</strong></span> <span class='ocrx_word' id='word_1_922' title='bbox 2785 5595 3021 5652; x_wconf 86' lang='lat' dir='ltr'><strong>Narrabo</strong></span> <span class='ocrx_word' id='word_1_923' title='bbox 3044 5613 3226 5652; x_wconf 91' lang='lat' dir='ltr'><strong>nomen</strong></span> <span class='ocrx_word' id='word_1_924' title='bbox 3253 5605 3393 5650; x_wconf 90' lang='lat' dir='ltr'><strong>tuum</strong></span> <span class='ocrx_word' id='word_1_925' title='bbox 3413 5596 3652 5667; x_wconf 87' lang='lat' dir='ltr'><strong>fratribus</strong></span> <span class='ocrx_word' id='word_1_926' title='bbox 3675 5599 3848 5650; x_wconf 80' lang='lat' dir='ltr'><strong>meis:</strong></span> 
     </span>
    </p>
   </div>
   <div class='ocr_carea' id='block_1_117' title="bbox 2241 5688 3849 5748">
    <p class='ocr_par' dir='ltr' id='par_1_117' title="bbox 2241 5688 3849 5748">
     <span class='ocr_line' id='line_1_117' title="bbox 2241 5688 3849 5748; baseline -0.002 0"><span class='ocrx_word' id='word_1_927' title='bbox 2241 5695 2295 5748; x_wconf 91' lang='lat' dir='ltr'><strong>in</strong></span> <span class='ocrx_word' id='word_1_928' title='bbox 2338 5693 2502 5747; x_wconf 89' lang='lat' dir='ltr'><strong>medio</strong></span> <span class='ocrx_word' id='word_1_929' title='bbox 2537 5691 2780 5747; x_wconf 70' lang='lat' dir='ltr'><strong>Ecclesia</strong></span> <span class='ocrx_word' id='word_1_930' title='bbox 2803 5693 3014 5747; x_wconf 89' lang='lat' dir='ltr'><strong>cantabo</strong></span> <span class='ocrx_word' id='word_1_931' title='bbox 3045 5703 3110 5748; x_wconf 90' lang='lat' dir='ltr'><strong>te.</strong></span> <span class='ocrx_word' id='word_1_932' title='bbox 3141 5691 3229 5748; x_wconf 86' lang='lat' dir='ltr'><strong>Fit</strong></span> <span class='ocrx_word' id='word_1_933' title='bbox 3269 5690 3371 5747; x_wconf 90' lang='lat' dir='ltr'><strong>hoc</strong></span> <span class='ocrx_word' id='word_1_934' title='bbox 3401 5689 3583 5746; x_wconf 92' lang='lat' dir='ltr'><strong>modo.</strong></span> <span class='ocrx_word' id='word_1_935' title='bbox 3616 5688 3730 5745; x_wconf 85' lang='lat' dir='ltr'><strong>Sed</strong></span> <span class='ocrx_word' id='word_1_936' title='bbox 3763 5692 3849 5745; x_wconf 80' lang='lat' dir='ltr'><strong>vi-</strong></span> 
     </span>
    </p>
   </div>
   <div class='ocr_carea' id='block_1_118' title="bbox 2243 5781 3848 5858">
    <p class='ocr_par' dir='ltr' id='par_1_118' title="bbox 2243 5781 3848 5858">
     <span class='ocr_line' id='line_1_118' title="bbox 2243 5781 3848 5858; baseline -0.001 -16"><span class='ocrx_word' id='word_1_937' title='bbox 2243 5785 2466 5843; x_wconf 87' lang='lat' dir='ltr'><strong>deamus</strong></span> <span class='ocrx_word' id='word_1_938' title='bbox 2493 5785 2606 5857; x_wconf 86' lang='lat' dir='ltr'><strong>ipsa</strong></span> <span class='ocrx_word' id='word_1_939' title='bbox 2635 5785 2873 5842; x_wconf 87' lang='lat' dir='ltr'><strong>Ecclesia</strong></span> <span class='ocrx_word' id='word_1_940' title='bbox 2902 5801 3022 5858; x_wconf 65' lang='lat' dir='ltr'><strong>quae</strong></span> <span class='ocrx_word' id='word_1_941' title='bbox 3049 5794 3150 5842; x_wconf 91' lang='lat' dir='ltr'><strong>est.</strong></span> <span class='ocrx_word' id='word_1_942' title='bbox 3193 5783 3324 5840; x_wconf 85' lang='lat' dir='ltr'><strong>Nam</strong></span> <span class='ocrx_word' id='word_1_943' title='bbox 3362 5783 3497 5840; x_wconf 83' lang='lat' dir='ltr'><strong>dixit</strong></span> <span class='ocrx_word' id='word_1_944' title='bbox 3525 5802 3538 5838; x_wconf 93' lang='lat'>:</span> <span class='ocrx_word' id='word_1_945' title='bbox 3573 5781 3638 5838; x_wconf 87' lang='lat' dir='ltr'><strong>In</strong></span> <span class='ocrx_word' id='word_1_946' title='bbox 3671 5783 3848 5840; x_wconf 84' lang='lat' dir='ltr'><strong>medio</strong></span> 
     </span>
    </p>
   </div>
   <div class='ocr_carea' id='block_1_119' title="bbox 2309 6006 2957 6072">
    <p class='ocr_par' dir='ltr' id='par_1_119' title="bbox 2309 6006 2957 6072">
     <span class='ocr_line' id='line_1_119' title="bbox 2309 6006 2957 6072; baseline 0 -13"><span class='ocrx_word' id='word_1_947' title='bbox 2309 6006 2957 6072; x_wconf 55' lang='lat' dir='ltr'><strong>tlnltss.quictecomorc</strong></span> 
     </span>
    </p>
   </div>
  </div>
