4032 6486
80 5962 83 6059 l

226 413 313 503 ιιι
562 500 569 505 _
1339 418 1737 480 ENARRATIO
1757 382 1842 515 ut
1865 400 2191 483 PSALMDM
2228 427 2373 485 xm.

248 533 468 595 Ecclesia
512 539 749 596 cantabo
803 544 893 596 te.‘
916 539 1211 596 Ecclesiam
1260 538 1568 609 videamus,
1613 552 1834 614 prOptcr

247 645 391 702 quam
420 642 621 699 passus
650 642 767 688 est.

311 722 396 778 Ἃ.
423 717 580 795 [vers.
605 721 736 798 ει]
772 723 875 794 Qui
916 722 1096 778 timetis
1136 721 1653 791 Dominum,laudate
1677 739 1790 779 eum
1820 739 1839 778 :

252 814 562 886 ubicumque
588 815 817 870 timetur
844 815 985 870 Deus
1010 823 1065 871 et
1092 813 1358 881 laudatur,
1386 813 1459 869 ibi
1490 821 1576 870 est
1596 813 1836 870 Ecclesia

255 907 462 964 Christi.
490 906 689 964 Videte
710 950 728 976 ,
757 906 953 963 fratres
982 907 1116 973 mei,
1149 908 1194 963 si
1218 906 1303 962 his
1332 906 1521 962 diebus
1548 922 1642 977 per
1669 916 1835 961 totum

251 1001 425 1057 orbem
446 1008 719 1057 terrarum
746 1000 865 1057 sine
884 1015 1042 1056 causa
1063 999 1277 1066 dicitur,
1306 1000 1477 1057 Amen
1500 1008 1554 1055 et
1581 1000 1830 1055 Alleluia.

251 1092 356 1150 Non
380 1092 455 1148 ibi
486 1093 713 1148 timetur
740 1093 921 1148 Deus?
939 1090 1055 1147 Non
1085 1091 1157 1148 ibi
1182 1090 1427 1146 laudatur
1458 1090 1635 1147 Deus?
1655 1090 1835 1145 Exivit

252 1188 480 1244 Donatus
499 1229 517 1254 ,
546 1196 602 1243 et
628 1187 742 1243 ait:
774 1186 1001 1243 Prorsus
1034 1201 1139 1243 non
1172 1186 1407 1252 timetur,
1437 1195 1577 1242 totus
1600 1185 1832 1241 mundus

250 1278 417 1352 periit.
447 1276 581 1335 Sine
607 1293 770 1335 causa
798 1278 932 1334 dicis
960 1298 975 1333 :
1005 1277 1175 1334 Totus
1212 1278 1443 1334 mundus
1488 1278 1664 1348 periit.
1692 1277 1835 1349 Ergo

250 1371 453 1427 modica
484 1386 614 1442 pars
638 1374 898 1428 remansit
931 1371 985 1426 in
1025 1370 1201 1428 Africa
1223 1371 1249 1425 ?
1274 1372 1415 1443 Ergo
1441 1387 1546 1427 non
1573 1371 1704 1427 dicit
1731 1372 1833 1427 ali-

248 1463 364 1534 quid
389 1462 682 1529 Christus,
728 1463 873 1520 unde
899 1463 1115 1520 obturet
1154 1464 1254 1519 ista
1285 1463 1418 1519 ora?
1443 1481 1549 1520 non
1581 1464 1712 1521 dicit
1736 1466 1837 1521 ali-

247 1554 386 1626 quid,
408 1555 553 1611 unde
568 1555 807 1622 eradicet
827 1556 1035 1627 linguas
1061 1557 1159 1612 ista
1176 1555 1504 1613 dicentium?
1527 1556 1836 1627 Videamus,

247 1661 309 1701 ne
335 1645 478 1701 forte
520 1645 883 1703 inveniamus.
918 1644 1108 1702 Adhuc
1149 1648 1303 1704 nobis
1331 1648 1546 1715 dicitur,
1578 1648 1645 1703 In
1673 1650 1839 1704 medio

246 1736 490 1795 Eeclesiw
514 1755 535 1794 :
558 1739 631 1795 de
658 1739 896 1796 Ecclesia
923 1748 1102 1796 nostra
1133 1740 1282 1797 dicit.
1311 1741 1412 1808 Qui
1440 1742 1623 1798 timetis
1644 1741 1829 1797 Domi-

246 1847 387 1896 tium,
418 1830 625 1885 laudate
644 1829 1080 1887 eum:videamus
1106 1833 1149 1887 si
1184 1832 1257 1886 illi
1288 1832 1506 1888 laudant
1532 1834 1835 1905 Dominum,

245 1933 302 1979 et
324 1922 683 1994 intelligamus
709 1922 757 1977 si
781 1921 850 1977 de
881 1922 1013 1994 ipsis
1039 1921 1189 1992 dicit,
1216 1922 1339 1979 etsi
1372 1926 1423 1979 in
1450 1923 1629 1980 medio
1648 1924 1837 1980 Eccle-

246 2013 344 2069 sim
374 2014 601 2082 ipsorum
651 2012 920 2070 laudatur.
957 2014 1238 2081 Quomodo
1274 2015 1492 2072 laudant
1526 2016 1834 2088 Christum,

244 2105 332 2176 qui
359 2104 542 2161 dicunt
572 2123 587 2160 :
615 2104 856 2160 Perdidit
888 2115 1058 2161 totum
1100 2107 1285 2163 orbem
1335 2118 1618 2177 terrarum,
1646 2110 1834 2165 diabo-

244 2196 327 2253 lus
355 2197 431 2252 illi
464 2205 634 2252 totum
681 2196 921 2263 abstulit,
945 2208 1001 2252 et
1026 2198 1075 2252 in
1106 2208 1257 2269 parte
1277 2198 1392 2269 ipse
1415 2199 1708 2255 remansit?
1729 2199 1837 2256 Sed

241 2287 411 2344 adhuc
441 2288 717 2344 videamus
737 2329 753 2355 ,
794 2288 1032 2359 apertius
1061 2288 1236 2357 dicat,
1266 2290 1509 2361 apertius
1538 2292 1787 2362 loquatur
1813 2310 1829 2348 :

241 2395 345 2436 non
390 2381 464 2437 sit
509 2380 657 2452 quod
702 2380 1079 2452 interpretari,
1120 2398 1227 2437 non
1267 2381 1337 2437 sit
1364 2384 1507 2454 quod
1551 2385 1830 2455 suspicari.

245 2469 546 2526 Universum
572 2486 743 2527 semen
765 2471 1291 2541 Jacob,magniﬁc_ate
1315 2488 1450 2528 eum.
1477 2474 1639 2531 Forte
1658 2475 1835 2532 adhuc

239 2561 423 2618 dicunt
445 2577 462 2616 :
487 2560 602 2619 Nos
633 2576 822 2619 sumus
846 2576 1031 2619 semen
1055 2560 1241 2619 Iacob.
1273 2562 1331 2620 Si
1357 2564 1465 2620 sint
1492 2565 1627 2637 ipsi,
1652 2565 1834 2622 videa-

300 2748 392 2807 25.
421 2747 589 2824 [νινε.
615 2748 753 2825 25.]
784 2748 982 2805 Timeat
1003 2766 1118 2806 eum
1141 2768 1289 2808 omne
1312 2769 1481 2809 semen
1510 2750 1692 2808 Israel.
1717 2752 1831 2809 Ad-

237 2839 336 2897 huc
372 2840 593 2907 dicant,
633 2840 743 2897 Nos
782 2855 970 2897 sumus
993 2857 1178 2899 semen
1203 2843 1400 2910 Israel;
1435 2845 1828 2915 permittamus,

235 2928 430 2987 dicant.
455 2930 716 3000 Quoniam
737 2947 839 2987 non
861 2932 1047 3003 sprevit
1063 2949 1219 3004 neque
1237 2933 1463 3005 despexit
1487 2950 1681 3006 precem
1703 2952 1831 3006 pau-

232 3040 405 3096 perum
427 3039 448 3078 :
467 3038 700 3095 quorum
722 3039 1018 3096 pauperum
1032 3023 1058 3079 ?
1074 3023 1193 3081 Non
1208 3025 1276 3081 de
1296 3041 1355 3081 se
1374 3026 1826 3095 prcesumentium.

230 3112 520 3173 Videamus
550 3116 597 3171 si
628 3131 894 3187 pauperes
920 3127 1080 3184 sunt,
1119 3119 1211 3188 qui
1240 3117 1427 3173 dicunt
1453 3135 1467 3171 :
1497 3116 1608 3173 Nos
1643 3134 1830 3175 sumus

222 3208 369 3279 justi.
401 3207 656 3264 Christus
681 3209 879 3264 clamat
903 3250 919 3276 ,
965 3208 1138 3281 Longe
1162 3227 1195 3263 α
1230 3210 1395 3265 salute
1425 3228 1537 3265 mea
1565 3210 1712 3265 verba
1741 3212 1831 3266 de-

223 3302 460 3357 lictorum
483 3318 733 3357 meorum.
758 3301 867 3358 Sed
894 3301 1067 3357 adhuc
1092 3302 1271 3358 dicant
1297 3303 1439 3374 quod
1468 3304 1671 3359 volunt.
1707 3302 1821 3359 Ne-

219 3411 317 3467 que
352 3396 538 3450 avertit
584 3395 770 3466 faciem
807 3411 955 3449 suam
984 3412 1015 3447 a
1044 3411 1152 3460 me,
1198 3403 1245 3451 et
1289 3411 1405 3449 cum
1442 3396 1714 3451 clamarem
1758 3397 1827 3451 ad

218 3501 354 3553 an,
380 3485 643 3540 mudivit
672 3503 772 3541 me.
796 3485 995 3555 thuid
1024 3485 1327 3542 exaudivit?
1361 3487 1427 3543 ad
1466 3504 1625 3560 quam
1674 3489 1826 3545 rem?

286 3580 380 3635 26.
419 3578 596 3653 [νεα.
620 3578 754 3653 ‘26.]
781 3580 934 3651 Apud
962 3589 1008 3634 te
1032 3588 1106 3634 est
1144 3581 1256 3636 laus
1284 3598 1396 3637 mea
1418 3597 1445 3637 ':
1468 3581 1609 3653 apud
1654 3582 1822 3637 Deum

222 3673 397 3742 posuit
427 3671 644 3727 laudem
673 3686 825 3728 suam
848 3688 864 3739 ;
887 3671 1069 3727 docuit
1095 3687 1201 3727 non
1226 3674 1478 3743 praesumi
1499 3673 1550 3728 in
1579 3672 1816 3729 homine.

220 3763 409 3820 Adhuc
456 3764 643 3820 dicant
688 3764 832 3836 quod
878 3764 1084 3820 volunt.
1124 3763 1241 3820 Jam
1286 3765 1501 3837 quidem
1543 3777 1823 3837 coeperunt

216 3858 321 3919 uri,
353 3857 526 3927 etrapit
554 3856 917 3928 propinquare
948 3857 1115 3928 ignis;
1142 3874 1246 3913 non
1275 3867 1359 3913 est
1385 3858 1476 3928 qui
1504 3873 1562 3914 se
1585 3858 1813 3915 abscon-

214 3948 362 4004 data
390 3949 578 4005 calore
603 3949 723 4018 ejus
746 3948 767 4022 (
790 3949 931 4003 Psnl.
964 3965 1115 4014 xvm,
1144 3950 1238 4020 7).
1270 3949 1374 4005 Sed
1402 3948 1575 4005 adhuc
1602 3950 1816 4021 dicant,

216 4040 284 4095 Et
310 4055 417 4095 nos
441 4038 583 4109 apud
614 4040 766 4094 illum
793 4038 1004 4094 laudem
1030 4046 1267 4095 nostram
1297 4041 1574 4110 posuimus
1598 4083 1612 4107 ,
1641 4051 1696 4096 et
1721 4057 1820 4097 nos

215 4132 269 4187 in
298 4133 459 4188 nobis
488 4147 598 4188 non
626 4131 1035 4203 praesumimus;
1063 4131 1245 4187 dicant
1270 4132 1464 4187 adhuc.
1496 4131 1562 4187 In
1587 4131 1822 4189 Ecclesia

213 4241 403 4296 magna
428 4225 713 4294 confitebor
747 4223 876 4278 tibi:
897 4224 1007 4293 jam
1037 4223 1122 4278 hlc
1150 4233 1277 4295 puto
1296 4265 1311 4292 ,
1338 4228 1460 4296 quia
1487 4226 1649 4294 cmpit
1680 4225 1820 4281 intc-

212 4317 355 4372 riora
378 4326 626 4387 tangere.
650 4314 889 4371 Ecclesia
914 4330 1100 4385 magna
1125 4309 1249 4386 quid
1275 4322 1380 4380 est,
1404 4315 1632 4371 fratres?
1653 4315 1818 4372 Num-

212 4409 339 4480 quid
366 4409 563 4480 exigua
590 4422 716 4477 pars
745 4407 891 4462 orbis
919 4416 1176 4461 terrarum
1204 4406 1440 4462 Ecclesia
1471 4422 1662 4477 magna
1689 4417 1770 4463 est
1797 4408 1821 4462 ?

212 4502 458 4560 Ecclesia
480 4516 675 4573 magna
694 4510 835 4557 totus
859 4499 1002 4557 orbis
1017 4508 1116 4555 est.
1145 4499 1298 4555 Modo
1323 4498 1370 4553 si
1388 4500 1506 4569 quis
1532 4499 1823 4555 velitChri-

208 4604 293 4649 sto
324 4590 849 4650 contradiceretbic
876 4590 1051 4656 nobis,
1072 4598 1125 4644 tu
1142 4590 1342 4655 dixisti,
1363 4587 1430 4643 In
1457 4588 1687 4644 Ecclesia
1712 4606 1820 4644 ma-

207 4704 310 4757 gna
336 4684 624 4756 conﬁtebor
649 4682 739 4738 tibi
759 4698 779 4738 :
798 4697 920 4754 qua:
946 4682 1179 4738 Ecclesia
1208 4680 1433 4754 magna?
1469 4680 1552 4736 Ad
1593 4680 1818 4737 frustum

206 4777 412 4834 Africae
434 4774 746 4833 remansisti
764 4774 806 4840 ί,
833 4783 996 4828 totum
1019 4774 1273 4829 mundum
1302 4772 1575 4844 perdidisti
1592 4792 1605 4829 :
1621 4772 1818 4829 etl‘udi-

205 4871 275 4926 sti
306 4870 635 4942 sanguinem
672 4882 770 4939 pro
797 4875 928 4932 toto,
952 4866 1046 4923 sed
1085 4866 1385 4921 invasorem
1401 4879 1592 4937 passus
1610 4880 1688 4921 es.
1712 4865 1817 4923 lsta

207 4979 311 5019 nos
339 4963 584 5019 diximus
627 4960 857 5016 Domino
904 4968 1154 5031 tauquam
1199 4968 1540 5029 quaerentes,
1583 4959 1813 5014 scientes

206 5064 392 5111 tamen
427 5052 557 5124 quid
586 5051 802 5108 dicturi.
834 5051 1103 5106 Ponamus
1126 5064 1224 5104 nos
1249 5050 1457 5105 nescire
1482 5048 1608 5120 quid
1629 5049 1809 5104 dicat:

206 5161 394 5201 nonne
427 5143 587 5199 nobis
615 5141 950 5212 respondet?
979 5140 1252 5207 Quiescite
1275 5182 1291 5208 ,
1322 5140 1496 5195 adhuc
1523 5139 1645 5195 dico
1670 5140 1814 5198 unde

208 5253 373 5293 nemo
402 5236 635 5292 dubitet.
667 5233 1054 5305 Exspectemns
1099 5248 1227 5303 ergo
1269 5232 1399 5303 quid
1441 5233 1682 5289 dicturus
1707 5242 1810 5289 est.

207 5329 327 5384 iam
353 5345 459 5400 ego
483 5326 737 5382 volebam
769 5326 1117 5396 pronuntiare
1138 5366 1152 5391 ,
1183 5332 1238 5380 et
1264 5339 1370 5379 non
1398 5323 1679 5379 admittere
1709 5324 1810 5380 ho-

206 5423 384 5478 mines
414 5420 563 5476 aliud
586 5416 791 5489 aliquid
816 5416 1178 5487 interpretari,
1209 5431 1329 5471 cum
1355 5416 1498 5471 dicat
1521 5416 1766 5472 Christus
1791 5433 1807 5471 :

206 5511 274 5566 In
298 5511 533 5569 Ecclesia
554 5525 766 5581 magna.
792 5508 861 5564 Et
886 5515 940 5562 tu
968 5507 1102 5563 dicis
1127 5507 1249 5578 quia
1291 5509 1342 5562 in
1370 5516 1609 5563 extrema
1658 5516 1810 5577 parte

208 5607 486 5661 remansit.
523 5603 594 5660 Et
618 5600 800 5657 adhuc
826 5598 1025 5654 audent
1050 5599 1251 5661 dicere,
1275 5599 1342 5653 Et
1366 5605 1548 5653 nostra
1569 5597 1809 5654 Ecclesia

207 5711 392 5770 magna
415 5704 521 5762 est,
549 5691 684 5766 quid
725 5688 820 5744 tibi
843 5687 1052 5745 videtur
1100 5688 1259 5761 Bagai
1310 5695 1365 5745 et
1389 5687 1809 5761 Tamugade?Si

265 5853 284 5886 ί
301 5854 432 5914 ut.
452 5854 532 5904 Λα
555 5852 760 5915 partem
781 5841 957 5915 4m
971 5840 1369 5915 7W2?“
1385 5838 1594 5915 ξαιαία
1614 5855 1805 5907 manu

197 5905 1539 5979 “Wmmmmmﬂmus.

3401 446 3508 505 178

1914 557 2056 624 .non
2085 543 2218 600 dicit
2243 546 2443 618 aliquid
2466 549 2482 581 ι
2516 550 2655 607 unde
2696 552 3106 626 obmutescunt,
3134 558 3310 620 adhuc
3351 532 3530 624 dicant

1944 634 2068 705 quia
2097 651 2285 707 magna
2311 647 2395 694 est
2418 638 2660 698 Ecclesia
2685 644 2801 700 sola
2826 644 3094 705 Numidia.
3256 710 3263 716 ὁ
3516 716 3521 727 ⁴

2014 726 2105 781 27.
2140 726 2289 801 [vers.
2313 731 2403 797 27,
2425 730 2541 808 28.]
2566 732 2855 794 Videamus
2871 781 2888 806 ,
2917 741 3195 800 audiamus
3222 745 3397 804 adhuc
3419 751 3524 807 Do-

1945 818 2148 874 minum
2173 839 2187 874 :
2226 820 2351 877 Vota
2378 841 2488 879 mea
2510 827 2721 883 reddam
2747 846 2919 887 coram
2940 834 3225 892 timentibus
3243 854 3375 895 eum.
3395 814 3527 909 Quae

1948 917 2073 964 sunt
2096 920 2216 965 vota
2247 914 2380 969 sua?
2407 913 2738 975 Sacrificium
2782 923 2924 993 quod
2969 924 3163 982 obtulit
3190 927 3322 984 Deo.
3348 928 3533 991 Nostis

1943 1000 2101 1070 quale
2123 1004 2487 1062 sacrificium?
2522 1008 2728 1067 Norunt
2757 1012 2945 1071 ﬁdeles
2975 1026 3094 1072 vota
3141 1035 3262 1089 qua:
3298 1021 3535 1083 reddidit

1943 1103 2125 1148 coram
2157 1096 2463 1154 timentibus
2490 1114 2613 1155 eum
2641 1119 2654 1156 :
2683 1118 2807 1159 nam
2842 1100 3107 1177 sequitur,
3132 1108 3301 1167 Edent
3329 1129 3527 1191 paupef

1944 1199 2042 1248 res,
2067 1195 2115 1239 et
2153 1190 2533 1246 satnrabuntur.
2565 1193 2709 1251 Beati
2738 1212 3030 1270 pauperes,
3056 1202 3178 1273 quia
3219 1204 3342 1260 ideo
3369 1190 3536 1266 edunt

1944 1284 2004 1330 ut
2031 1286 2339 1336 saturentur
2365 1301 2379 1337 :
2413 1284 2577 1340 edunt
2605 1287 2749 1344 enim
2793 1306 3091 1362 pauperes;
3117 1296 3209 1367 qui
3241 1288 3423 1355 autem
3450 1300 3533 1373 di:

1943 1368 2079 1424 vites
2108 1380 2268 1439 sunt,
2300 1389 2409 1429 non
2452 1376 2732 1449 satiantur,
2759 1382 2880 1452 quia
2909 1399 3014 1440 non
3065 1388 3328 1445 esuriunt.
3360 1368 3522 1447 Com¥

1947 1456 2109 1513 edent
2136 1476 2432 1533 pauperes:
2462 1466 2587 1522 inde
2629 1478 2746 1525 erat
2771 1471 3002 1542 piscator
3025 1475 3115 1532 ille
3152 1477 3362 1548 Petrus,
3392 1480 3519 1539 inde

1943 1558 2061 1644 erat
2087 1550 2222 1606 alius
2247 1554 2480 1624 piscator
2508 1557 2742 1617 Joannes
2769 1574 2822 1617 et
2855 1563 3084 1622 Iacobus
3127 1568 3293 1629 frater
3321 1546 3528 1644 ipsius,

1943 1637 2068 1735 inde
2090 1651 2205 1697 erat
2234 1644 2397 1702 etiam
2437 1648 2755 1718 publicanus
2781 1653 3083 1713 Mattbaans.
3107 1659 3185 1717 De
3208 1637 3533 1735 pauperibus

1942 1728 2237 1827 ipsi‘erant,
2262 1738 2351 1827 qui
2376 1739 2728 1798 comederunt
2745 1753 2800 1799 et
2822 1748 3048 1803 saturati
3070 1728 3228 1821 sunt,
3242 1728 3363 1810 talia
3389 1734 3533 1827 passi

1940 1821 2115 1892 qualia
2146 1825 2620 1886 manducavernnt.
2643 1831 2863 1890 Coenam
2903 1851 3056 1895 suam
3102 1840 3282 1911 dedit,
3320 1821 3534 1921 passio:

1940 1926 2063 1969 nem
2093 1931 2242 1972 suam
2271 1918 2419 1975 dedit
2447 1939 2459 1976 :
2492 1923 2580 1979 ille
2609 1934 2898 1995 saturatur,
2925 1932 3016 2001 qui
3038 1928 3291 1991 imitatur.
3322 1918 3522 1996 Imitati

1939 2014 2065 2060 sunt
2110 2022 2412 2079 pauperes:
2442 2011 2543 2084 ipsi
2585 2016 2729 2072 enim
2770 2019 2851 2074 sic
2889 2023 3032 2092 passi
3060 2034 3219 2092 sunt,
3250 2037 3307 2082 ut
3331 2026 3532 2087 Christi

1940 2096 2159 2168 vestigia
2187 2111 2558 2172 sequerentur.
2594 2105 2760 2163 Edent
2785 2125 3057 2181 pauperes.
3080 2112 3185 2170 Sed
3210 2131 3373 2188 quare
3397 2107 3532 2188 pan-

1939 2192 2135 2260 peres?
2155 2190 2223 2245 Et
2248 2193 2532 2252 laudabunt
2563 2197 2839 2255 Dominum
2875 2204 2963 2273 qui
2986 2206 3246 2276 requirunt
3274 2224 3409 2264 eum.
3438 2211 3532 2266 Dio

1939 2281 2076 2340 vites
2102 2298 2161 2340 se
2190 2284 2442 2354 laudant,
2470 2305 2739 2362 pauperes
2766 2293 3047 2351 Dominum
3086 2298 3321 2354 laudant.
3352 2301 3533 2370 Quare

1937 2383 2063 2429 sunt
2091 2379 2398 2448 pauperes?
2421 2378 2556 2448 Quia
2587 2382 3135 2459 DominnmJandaut,
3163 2398 3219 2445 et
3244 2390 3532 2450 Dominum

1938 2477 2202 2539 quaerunt.
2229 2470 2488 2530 Dominus
2506 2482 2590 2529 est
2619 2474 2822 2532 divitiae
2851 2494 3180 2550 pauperum:
3206 2482 3326 2538 ideo
3356 2484 3531 2543 inanis

1937 2566 2022 2615 est
2043 2558 2255 2629 domus,
2280 2572 2337 2618 ut
2357 2579 2453 2619 cor
2478 2566 2695 2635 plenum
2717 2567 2917 2626 divitiis
2936 2572 3025 2626 sit.
3058 2572 3257 2629 Divites
3283 2587 3529 2645 quaerant

1935 2651 2079 2708 unde
2122 2668 2301 2709 arcam
2332 2654 2625 2727 impleant,
2667 2673 2935 2731 pauperes
2963 2672 3209 2734 quaerunt
3251 2666 3393 2722 unde
3435 2683 3530 2724 cor

1935 2740 2194 2814 impleant
2220 2766 2232 2802 :
2257 2755 2313 2801 et
2339 2761 2461 2802 cum
2492 2749 2854 2820 impleverim,
2877 2752 3099 2811 laudant
3127 2755 3413 2813 Dominum
3435 2759 3531 2830 qui

1934 2837 2220 2907 requirunt
2248 2855 2393 2895 eum.
2427 2841 2492 2896 Et
2517 2841 2718 2913 videte,
2748 2843 2962 2914 fratres,
2994 2848 3086 2919 qui
3115 2864 3241 2904 vere
3264 2844 3529 2922 pauperes

1933 2937 2078 2995 sunt,
2108 2930 2259 3000 cujus
2285 2931 2363 2987 rei
2394 2931 2584 2988 divites
2613 2934 2719 2990 sint
2749 2954 2764 2991 :
2791 2936 2915 3007 quia
2942 2953 3048 2993 non
3080 2939 3133 2993 in
3162 2955 3306 3007 arca,
3337 2955 3445 2997 non
3468 2941 3528 2997 in

1933 3017 2148 3089 horreo,
2174 3037 2279 3078 non
2309 3024 2362 3079 in
2388 3025 2669 3097 apotheca,
2696 3026 2873 3085 Vivent
2896 3030 3052 3086 corda
3071 3047 3248 3088 eorum
3273 3034 3328 3090 in
3353 3050 3517 3095 secus

1932 3109 2041 3167 lum
2069 3114 2261 3169 swculi.
3394 3176 3399 3187 ,

2000 3202 2089 3258 28.
2122 3204 2264 3276 Ergo
2308 3207 2586 3265 attendite.
2651 3210 2849 3269 Passus
2884 3223 2974 3271 est
3010 3215 3297 3286 Dominus;
3345 3219 3526 3278 omnia

1928 3309 2048 3379 qua:
2087 3295 2311 3352 audistis
2356 3315 2544 3370 passus
2587 3311 2672 3357 est
2713 3303 2991 3361 Dominus.
3022 3307 3323 3375 Qumrimus
3358 3326 3525 3382 quare

1929 3403 2117 3457 passus
2142 3400 2257 3457 est,
2304 3400 2361 3447 et
2404 3395 2567 3465 ccc-pit
2604 3411 2866 3454 narrare:
2904 3397 3141 3455 Narrabo
3167 3419 3349 3457 nomen
3379 3416 3523 3459 tuum

1928 3480 2172 3550 fratribus
2193 3483 2334 3548 meis,
2357 3484 2411 3537 in
2436 3486 2601 3540 medio
2622 3485 2865 3543 Ecclesia:
2883 3491 3098 3546 cantabo
3126 3500 3193 3548 te.
3219 3493 3325 3554 Sed
3346 3494 3522 3552 adhuc

1925 3569 2144 3636 dicunt,
2179 3573 2286 3628 lsta
2326 3585 2409 3630 εει
2455 3575 2716 3632 Ecclesia.
2763 3577 2957 3635 Timeat
3000 3598 3115 3636 eum
3162 3599 3308 3653 omne
3349 3601 3521 3640 semen

1925 3659 2112 3717 Israel.
2138 3661 2352 3732 Dicunt,
2382 3665 2490 3722 Nos
2509 3681 2695 3722 sumus
2719 3684 2905 3726 semen
2930 3670 3113 3727 Israel.
3136 3672 3391 3741 Quoniant
3418 3691 3518 3730 non

1923 3753 2109 3822 sprevit
2155 3770 2311 3825 neque
2352 3755 2581 3826 despexit
2623 3776 2818 3829 precem
2866 3764 3123 3833 pauperis.
3183 3763 3374 3820 Adhuc
3421 3766 3506 3824 di-

1923 3851 2070 3908 cunt,
2111 3842 2219 3900 Nos
2259 3861 2463 3902 sumus.
2495 3846 2671 3920 Neque
2710 3851 2890 3905 avertit
2921 3853 3103 3923 [aciem
3144 3871 3292 3910 suam
3333 3873 3364 3909 a
3395 3873 3513 3912 me:

1925 3932 2040 4004 ipse
2063 3932 2304 3991 Christus
2334 3938 2591 3995 Dominus
2633 3957 2663 3996 a
2704 3959 2783 4008 se,
2813 3943 2865 3998 id
2897 3954 2977 3999 est
3017 3945 3084 4001 ab
3110 3946 3351 4002 Ecclesia
3392 3964 3511 4018 sua,

1922 4041 2043 4095 qu:c
2069 4034 2155 4082 est
2181 4043 2374 4098 corpus
2417 4030 2604 4099 ipsius.
2651 4033 2805 4103 Apud
2845 4044 2891 4089 te
2932 4035 3044 4111 laus
3070 4053 3197 4092 mea.
3232 4037 3338 4092 Vos
3366 4038 3511 4108 ipsos

1925 4115 2086 4171 vultis
2114 4117 2352 4175 laudare.
2376 4118 2481 4176 Sed
2513 4123 2858 4192 respondent,
2886 4125 3113 4183 Prorsus
3132 4135 3188 4184 et
3216 4143 3312 4184 nos
3334 4126 3509 4198 ipsum

1923 4205 2220 4264 laudamus.
2262 4208 2387 4264 Vota
2416 4227 2527 4265 mea
2554 4211 2772 4268 Domino
2800 4214 3007 4269 reddam
3032 4233 3203 4273 coram
3229 4218 3517 4275 timentibus

1923 4316 2057 4355 eum.
2088 4300 2418 4358 Sacriﬁcium
2454 4305 2632 4374 pacis,
2663 4307 2978 4362 sacrificium
3009 4309 3280 4367 charitatis
3301 4354 3315 4377 ,
3344 4313 3514 4368 sacri-

1923 4390 2101 4445 ficium
2145 4394 2388 4463 corporis
2437 4396 2521 4450 sui
2572 4406 2770 4452 norunt
2814 4397 2999 4454 ﬁdeles
3030 4417 3043 4452 :
3075 4401 3333 4471 disputari
3388 4404 3515 4459 inde

1923 4482 2082 4537 modo
2109 4499 2215 4539 non
2244 4495 2437 4555 potest.
2475 4485 2605 4541 Vota
2628 4505 2739 4542 mea
2764 4490 2975 4545 reddam
3003 4508 3175 4548 coram
3216 4495 3505 4550 timentibus
3542 4476 3545 4479 I

1923 4592 2054 4631 eum.
2087 4577 2261 4634 Edunt
2286 4579 2583 4649 publicani,
2614 4580 2775 4638 edant
2799 4583 3124 4654 piscatores,
3155 4578 3510 4659 manducent,

1923 4669 2195 4725 imitentur
2222 4671 2506 4728 Dominum
2526 4714 2542 4741 ,
2578 4675 2876 4746 patiantur,
2907 4686 3237 4733 saturentur.
3263 4679 3505 4737 Mortuus

1921 4771 2003 4817 est
2032 4763 2143 4832 ipse
2174 4764 2450 4834 Dominus,
2476 4766 2777 4823 moriuntur
2800 4777 2855 4824 et
2884 4784 3146 4841 pauperes
3172 4788 3184 4823 :
3216 4771 3431 4827 additur
3455 4782 3512 4830 et

1920 4871 2067 4911 mors
2103 4857 2483 4928 discipulorum
2525 4861 2685 4917 morti
2731 4862 2991 4932 magistri.
3029 4862 3246 4929 Quare?
3273 4864 3347 4919 Da
3377 4865 3511 4923 mihi
3552 4936 3561 4943 .

1918 4947 2169 5005 fructum.
2192 4951 2747 5021 Commemorabuntur,
2778 4961 2827 5007 et
2863 4964 3209 5010 convertentur
3232 4956 3302 5010 ad
3328 4956 3509 5013 Domi-

1918 5058 2038 5096 num
2065 5042 2282 5097 universi
2305 5042 2431 5111 ﬁnes
2457 5052 2623 5097 terrae.
2651 5042 2749 5098 Eia
2776 5043 3002 5110 fratres,
3044 5046 3167 5117 quid
3207 5047 3444 5118 quan-itis
3477 5061 3511 5103 a

1916 5132 2072 5187 nobis
2091 5133 2216 5203 quid
2239 5133 2657 5203 respondeamus
2674 5135 2810 5203 parti
2831 5135 3059 5191 Donati?
3079 5138 3218 5193 Ecce
3238 5132 3505 5208 Psalmus',
3568 5138 3578 5211 ξ

1916 5234 1971 5279 ει
1985 5225 2071 5279 hic
2087 5224 2277 5295 legitur
2293 5225 2472 5292 hodie,
2486 5232 2541 5281 et
2557 5225 2625 5280 ibi
2641 5227 2836 5299 legitur
2847 5226 3027 5287 hodie.
3039 5229 3344 5288 Scribamus
3357 5230 3510 5288 illum
3562 5216 3568 5272 ί

1916 5318 1969 5374 ἰη
1987 5318 2247 5374 frontibus
2265 5319 2481 5384 nostris,
2500 5333 2621 5374 cum
2644 5320 2736 5375 illo
2760 5321 3126 5392 procedamus,
3149 5338 3253 5378 non
3270 5323 3511 5395 quiescat
3562 5332 3578 5388 ξ

1916 5409 2091 5479 lingua
2109 5417 2311 5476 nostra,
2332 5409 2431 5465 ista
2451 5409 2619 5466 dicat:
2638 5412 2776 5467 Ecce
2796 5411 3041 5469 Christus
3062 5428 3249 5484 passus
3264 5423 3366 5479 est,
3380 5427 3506 5470 ecce
3570 5410 3581 5485 ἕ

1916 5506 2180 5579 mercator
2208 5498 2441 5555 ostendit
2467 5502 2769 5558 mercedem
2787 5544 2804 5571 ,
2832 5517 2959 5561 ecce
2983 5504 3211 5575 pretium
3235 5503 3377 5575 quod
3406 5501 3505 5558 de-

1977 5658 1996 5689 ¹
2020 5654 2264 5729 eam
3169 5657 3335 5729 δίηοέι
3369 5657 3498 5729 4‘.“-

1912 5722 2009 5779 mr.
2025 5726 2121 5792 eu;-
2144 5726 2274 5792 ιρις,
2289 5718 2412 5792 ριιξᾳ
2430 5718 2517 5792 βω
2539 5718 3049 5792 mansuem
3069 5721 3374 5792 Tmadw-
3389 5727 3501 5773 κει

1911 5793 2051 5851 vero,
2071 5779 2193 5841 Quid
2530 5781 2681 5847 εσθαι
2699 5788 2747 5835 et
2768 5779 3083 5853 Ταῆψόορ.
3099 5779 3245 5855 forte
3265 5780 3392 5847 leg.,
3409 5793 3503 5835 no-

1911 5854 1994 5916 gat
2014 5848 2061 5894 et
2087 5842 2495 5916 rmgade,_vel,
2512 5843 2839 5916 faciliaque.
2863 5851 2973 5898 ω
2996 5854 3224 5898 unum
3256 5847 3503 5913 precipn

1966 5906 2892 5975 eruntoppidaaoonatisttsodcupsts.
