4032 6470
496 372 599 432 I79

487 486 602 555 dit,
633 483 850 559 sanguis
873 483 989 558 ejus
1015 483 1165 540 fusus
1191 489 1294 538 est.
1329 477 1387 558 In
1414 493 1574 537 sacco
1601 478 1805 538 ferebat
1845 479 2076 552 pretium

395 579 772 728 “nostrum:
800 591 1084 650 percussus
1109 584 1192 638 est
1218 573 1403 636 lancea
1423 615 1438 640 ,
1469 573 1616 630 fusus
1645 580 1728 627 est
1765 585 1953 626 saccus
1977 612 1991 635 ,
2025 575 2104 624 et-

545 673 721 728 anavit
748 673 976 728 pretium
1005 670 1155 727 orbis
1197 677 1481 724 terrarum.
1506 665 1645 728 Quid
1674 665 1803 721 mihi
1840 664 1972 722 dicis
1993 706 2008 728 ,
2044 678 2078 718 o

545 673 721 750 anavit
748 673 976 745 pretium
1005 670 1155 727 orbis
1197 677 1481 740 terrarum.
1506 665 1645 736 Quid
1674 665 1803 721 mihi
1840 664 1972 722 dicis
1993 706 2008 731 ,
2044 678 2078 718 o

489 765 776 822 hzeretiee?
795 761 910 820 Non
931 772 1012 819 est
1031 763 1258 846 pretium
1281 760 1427 836 orbis
1449 757 1746 814 terrarum?
1765 757 1940 812 Africa
1962 756 2076 811 sola

487 857 763 926 redempta
790 855 906 911 est?
934 853 1047 909 Non
1077 852 1242 910 audes
1268 851 1446 929 dicere
1471 868 1483 903 :
1509 848 1674 928 Totus
1701 847 1849 902 orbis
1867 846 2080 902 redem-

487 956 612 1018 ptus
636 954 738 1013 est,
765 945 858 1001 sed
888 945 1060 1016 periit.
1087 944 1255 1018 Quem
1279 941 1578 1014 invasorem
1605 954 1793 1014 passus
1811 947 1893 994 est
1919 939 2078 1016 Chri-

487 1049 624 1104 stus,
652 1047 711 1094 ut
740 1037 989 1109 perderet
1013 1021 1125 1102 rem
1152 1033 1346 1091 suam?
1372 1034 1509 1108 Ecce
1533 1031 2074 1106 commemorabuntur,

488 1139 536 1186 et
556 1137 904 1186 convertentur
928 1128 995 1183 ad
1017 1125 1290 1182 Dominum
1310 1124 1528 1180 universi
1548 1125 1674 1195 ﬁnes
1697 1134 1860 1179 terrm.
1889 1123 2076 1190 Adhuc

488 1223 647 1279 satiet
675 1231 760 1291 te,
791 1230 844 1278 et
873 1221 1031 1278 dicat.
1063 1219 1118 1277 Si
1153 1219 1354 1275 diceret
1384 1218 1517 1274 lines
1553 1225 1746 1285 terrae,
1777 1225 1832 1272 et
1859 1231 1962 1272 non
1993 1213 2077 1270 di-

489 1321 639 1370 ceret
668 1313 886 1368 universi
909 1313 1036 1382 ﬁnes
1065 1320 1245 1373 terra;
1269 1307 1449 1386 dicere
1482 1306 1785 1374 habebant,
1818 1308 1956 1362 Ecce
1985 1306 2078 1359 ha-

489 1405 682 1461 bemus
708 1403 841 1461 lines
869 1393 1025 1482 terrm
1059 1402 1112 1458 in
1141 1401 1474 1478 Mauritania.
1503 1399 1736 1457 Universi
1765 1401 1892 1472 ﬁnes
1933 1410 2080 1454 terra:

489 1495 625 1552 dixit
651 1513 666 1552 :
692 1511 725 1552 ο
754 1495 1005 1551 hzeretice
1026 1536 1042 1563 ,
1073 1492 1291 1549 uniuersi
1316 1491 1482 1558 dixit;
1509 1506 1609 1564 qua
1636 1493 1875 1547 exiturus
1900 1506 1958 1545 es
1978 1532 1991 1554 ,
2022 1499 2079 1544 ut

490 1588 684 1662 evadas
710 1586 1099 1661 qumstionem?
1121 1583 1240 1648 Non
1265 1583 1433 1640 habes
1453 1597 1558 1656 qua
1581 1598 1764 1650 exeas,
1791 1580 1884 1638 sed
1911 1580 2077 1636 habes
2101 1614 2108 1622 -

491 1699 600 1755 quo
630 1683 817 1754 intres.

562 1777 654 1834 29.
691 1773 1019 1852 [vers..29.]
1044 1775 1191 1846 Rogo
1215 1787 1310 1850 vos
1329 1813 1345 1840 ,
1376 1774 1499 1828 nolo
1527 1769 1651 1826 inde
1676 1769 1947 1842 disputare
1963 1808 1978 1833 ,
2012 1781 2082 1824 ne

493 1868 727 1938 dicatur,
772 1868 894 1940 quia
941 1880 1119 1942 sermo
1165 1877 1316 1919 meus
1362 1860 1560 1934 aliquid
1605 1859 1782 1926 valet:
1812 1859 2080 1934 Psalmum

490 1959 781 2026 attendite,
809 1957 1076 2032 Psalmum
1103 1955 1282 2030 legite.
1305 1953 1449 2034 Ecce
1475 1951 1719 2026 Christus
1747 1966 1934 2034 passus
1963 1961 2079 2034 est,

490 2050 709 2124 sanguis
735 2048 851 2124 ejus
881 2049 1027 2120 fusus
1056 2057 1137 2124 est
1162 2065 1175 2102 :
1205 2061 1332 2124 ecce
1372 2045 1680 2124 redemptor
1718 2053 1923 2106 noster,
1955 2058 2082 2108 ecce

492 2121 720 2214 pretium
751 2121 1013 2196 nostrum.
1042 2121 1178 2207 Quid
1213 2121 1376 2204 emit,
1419 2121 1627 2204 dicatur
1652 2134 1802 2190 mihi.
1833 2135 1966 2201 Quid
1998 2136 2080 2190 in-

492 2230 863 2307 terrogamus?
883 2230 1020 2300 Quid
1045 2231 1088 2285 si
1113 2228 1243 2285 mihi
1268 2227 1618 2301 aliquisdicat
1649 2246 1660 2279 :
1689 2225 1732 2280 0
1758 2228 1932 2292 stulte,
1957 2226 2084 2298 quid

493 2323 833 2397 interrogas?
852 2321 1101 2378 Codicem
1134 2329 1330 2392 portas,
1362 2317 1436 2375 ibi
1465 2319 1630 2392 habes
1659 2319 1799 2373 unde
1825 2319 1984 2390 emit,
2012 2317 2084 2373 ibi

499 2429 681 2487 quaere
707 2413 833 2487 quid
859 2414 1005 2470 emit.
1034 2413 1173 2468 Ecce
1209 2411 1276 2467 ibi
1304 2411 1500 2478 habes,
1531 2409 2081 2478 Commemorabuntur,

500 2501 551 2582 et
574 2515 922 2564 convertentur
949 2506 1017 2562 ad
1046 2504 1317 2562 Dominum
1341 2502 1562 2577 universi
1587 2503 1711 2573 ﬁnes
1740 2512 1900 2556 teme.
1925 2501 2086 2572 Fines

498 2601 644 2678 enim
688 2608 846 2655 terra:
886 2595 1463 2672 commemorabuntur.
1505 2592 1613 2668 Sed
1655 2592 1891 2647 hmrctici
1937 2592 2085 2646 obliti

499 2697 648 2758 sunt,
671 2699 724 2746 et
746 2689 865 2748 ideo
890 2687 1109 2764 audiunt
1132 2688 1276 2742 omni
1301 2701 1459 2762 anno.
1484 2684 1648 2741 Putas
1674 2684 1742 2738 ibi
1771 2694 1972 2753 ponunt
1995 2700 2090 2737 au-

501 2797 613 2850 res,
637 2771 854 2872 quando
880 2780 1048 2836 lector
1076 2779 1311 2854 ipsorum
1335 2777 1461 2833 dicit
1490 2795 1502 2830 :
1534 2774 2084 2862 Commemornbtmtur,

501 2881 550 2929 et
571 2865 917 2950 conuertentur
944 2871 1014 2926 ad
1038 2870 1316 2925 Dominum
1343 2868 1559 2924 universi
1599 2869 1723 2938 ﬁnes
1749 2865 1934 2920 terrae?
1960 2865 2054 2920 Eia
2073 2907 2086 2928 ,

499 2961 642 3020 forte
663 2979 799 3020 unus
827 2977 1013 3030 versus
1041 2970 1124 3018 est
1150 2979 1165 3017 :
1192 2959 1406 3038 aliunde
1434 2958 1706 3032 cogitabas
1732 3001 1745 3024 ,
1777 2973 1895 3011 cum
1927 2955 2092 3016 fratre

504 3064 596 3113 tuo
624 3056 969 3120 fabulabaris,
999 3053 1210 3125 quando
1239 3051 1368 3107 illud
1395 3039 1528 3106 dixit
1553 3068 1565 3103 :
1594 3049 1832 3116 attende,
1857 3051 1977 3121 quia
2002 3065 2089 3103 re-

506 3149 660 3226 petit,
691 3156 742 3203 et
769 3146 961 3202 surdos
986 3147 1161 3216 pulsat
1185 3162 1198 3198 :
1223 3142 1293 3197 Et
1320 3142 1597 3198 adordmnt
1623 3142 1674 3195 in
1698 3150 1963 3213 conspectu
1987 3141 2031 3211 ej
2039 3157 2094 3194 us

506 3225 755 3294 universa:
774 3237 954 3310 patrita
971 3236 1216 3308 gentium.
1242 3234 1431 3308 Adhuc
1455 3232 1647 3288 surdus
1667 3242 1767 3296 est,
1795 3247 1898 3285 non
1925 3230 2091 3298 audit,

509 3332 749 3402 pulsetur
775 3327 967 3384 iterum
998 3346 1010 3381 :
1038 3327 1291 3393 Quoniam
1313 3325 1520 3382 Domini
1548 3333 1623 3381 est
1651 3341 1880 3398 regnum,
1914 3334 1958 3376 et
1990 3324 2097 3394 ipse

509 3413 854 3494 dominabitur
877 3421 1116 3496 gentium.
1137 3419 1270 3475 Tres
1296 3419 1426 3484 isth
1449 3432 1634 3476 versus
1654 3426 1850 3485 tenete,
1882 3415 2093 3496 fratres.

512 3491 684 3571 Hodie
712 3491 908 3570 cantati
951 3522 1076 3568 sunt
1106 3522 1159 3568 et
1188 3511 1294 3588 ibi,
1328 3519 1419 3567 aut
1450 3511 1587 3568 forte
1630 3510 1946 3566 deleverunt
1983 3491 2094 3564 eos.

512 3603 729 3663 Credite
755 3605 920 3673 mihi,
953 3604 1150 3662 fratres
1176 3605 1316 3670 mei,
1341 3603 1413 3676 ita
1443 3613 1611 3658 aestuo
1630 3645 1646 3671 ,
1675 3599 1746 3658 ita
1769 3603 1876 3674 vim
1906 3602 2096 3672 patior,

504 3708 575 3756 ut
601 3700 765 3756 mirer
791 3699 972 3754 nescio
1003 3713 1158 3768 quam
1204 3695 1516 3752 surditatem
1554 3703 1608 3749 et
1646 3693 1894 3748 duritiam
1924 3693 2101 3764 cordis

515 3791 756 3870 ipsorum
777 3833 791 3856 ,
820 3798 880 3844 ut
917 3789 1201 3858 aliquando
1239 3787 1475 3856 dubitem
1504 3794 1678 3840 utrum
1710 3783 1939 3840 habeant
1970 3784 2102 3840 illud

515 3879 572 3939 in
600 3880 892 3948 codicibus.
916 3879 1085 3935 Hodie
1108 3888 1327 3934 currunt
1353 3892 1543 3932 omnes
1569 3876 1634 3930 ad
1661 3877 1939 3934 ecclesiam
1964 3919 1976 3942 ,
2007 3877 2104 3931 ho-

516 3974 608 4053 die
634 3987 820 4050 omnes
849 3971 1037 4048 intenti
1067 3970 1289 4028 audiunt
1315 3970 1603 4032 Psalmum,
1631 3983 1818 4024 omnes
1843 3981 2103 4036 SllSpetlSO

521 4067 687 4146 corde
711 4066 950 4138 audiunt.
979 4060 1087 4121 Sed
1120 4063 1202 4122 fac
1233 4066 1353 4136 quia
1385 4079 1489 4118 non
1523 4074 1646 4118 sunt
1685 4061 1871 4117 intenti
1903 4079 1916 4115 ε
1951 4077 2104 4128 num-

517 4159 648 4240 quid
675 4175 809 4232 unus
843 4173 1030 4226 versus
1059 4167 1142 4212 est
1163 4200 1175 4222 ,
1206 4155 1756 4230 Commemorqbuntur,
1805 4164 1851 4210 et
1896 4171 2104 4210 convcr-

521 4245 691 4322 tentur
718 4250 785 4302 ad
811 4249 1083 4303 Dominum
1119 4249 1338 4320 universi
1362 4250 1487 4317 lines
1517 4247 1701 4324 terrm?
1721 4246 1978 4320 Evigilas,
2010 4244 2106 4301 sed

524 4345 700 4422 adhuc
740 4343 899 4414 fricas
936 4344 1124 4400 oculos
1149 4362 1163 4398 :
1193 4342 1566 4406 Et'adorabunt
1608 4341 1661 4420 in
1699 4350 1967 4412 conspectu
1999 4340 2108 4411 ejus

523 4439 770 4511 uniuersa:
793 4437 972 4510 patria:
995 4436 1235 4508 gentium.
1255 4433 1458 4510 Excute
1483 4449 1753 4501 somnum,
1782 4432 1955 4508 adhuc
1983 4447 2107 4502 gra-

515 4530 692 4594 varis,
709 4527 832 4598 audi
858 4547 870 4582 :
899 4527 1149 4595 Quoniam
1168 4526 1372 4600 Domini
1392 4535 1461 4581 est
1483 4543 1715 4606 regnum,
1737 4534 1786 4582 et
1807 4526 1913 4598 ipse
1941 4522 2108 4577 domi-

525 4624 729 4698 nabitur
745 4621 990 4694 gentium.

540 4699 542 4702 i
599 4714 690 4770 50.
729 4707 787 4768 Si
815 4719 898 4767 est
920 4708 1092 4763 adhuc
1114 4706 1256 4786 quod
1282 4707 1479 4780 dicant,
1503 4707 1686 4776 nescio
1714 4723 1728 4760 :
1760 4706 1967 4777 litigent
1988 4719 2109 4760 cum

525 4803 842 4878 Scripturis,
876 4815 982 4854 non
1007 4798 1313 4878 nobiscum.
1350 4799 1489 4874 Ecce
1526 4795 1692 4870 codex
1733 4794 1882 4866 ipse,
1925 4804 2110 4878 contra

531 4897 684 4966 illum
713 4899 938 4954 certent.
964 4867 1194 4968 Ubi‘est
1217 4867 1417 4974 lingua,
1464 4867 1576 4966 .Nos'
1611 4887 1939 4956 servavimus
1971 4867 2114 4942 Scri-

529 4997 738 5080 pturas,
768 5000 837 5041 ne
861 4983 1110 5050 arderent
1151 4981 1271 5054 (tt)?
1314 4980 1554 5054 Servata:
1583 4987 1706 5033 sunt
1726 5020 1741 5045 ,
1771 4976 1911 5044 unde
1935 4987 1994 5044 tu
2025 4993 2111 5031 ar-

527 5069 683 5151 deae.
710 5076 848 5146 Quid
886 5073 1153 5142 servasti?
1180 5071 1341 5148 Aperi
1365 5113 1381 5138 ,
1409 5072 1527 5146 lege
1557 5088 1571 5126 :
1601 5079 1656 5124 tu
1692 5069 1914 5124 servasti
1939 5109 1954 5134 ,
1976 5077 2030 5124 et
2061 5078 2114 5124 tu

535 5183 831 5254 oppugnas.
859 5167 995 5236 Qtl'd
1035 5165 1262 5236 servasti
1299 5179 1332 5244 ᾳ
1369 5163 1603 5228 ﬂamma,
1645 5162 1784 5234 quod
1817 5160 1996 5228 delere
2035 5160 2114 5217 vis

532 5262 754 5345 lingua?
778 5261 897 5317 Non
924 5259 1104 5340 credo,
1129 5273 1235 5314 non
1259 5256 1422 5326 credo
1447 5257 1567 5330 quia
1597 5257 1818 5312 servasti
1851 5274 1863 5310 :
1896 5273 2114 5328 prorsus

534 5374 646 5436 =non
699 5355 878 5431 credo,
921 5369 1029 5410 non
1069 5349 1318 5431 servasti.
1371 5349 1660 5420 Verissime
1697 5349 1880 5404 dicunt
1923 5348 2111 5416 nostri,

531 5450 661 5526 quia
703 5457 759 5503 tu
791 5446 1078 5503 tradidisti.
1124 5443 1220 5522 ‘llle
1260 5441 1513 5514 probatur
1552 5441 1799 5508 traditur,
1841 5441 1930 5512 qui
1979 5441 2116 5496 lecto

541 5547 863 5600 testamento
903 5556 1007 5598 non
1049 5537 1305 5608 sequitur.
1355 5536 1492 5589 Ecce
1538 5533 1748 5604 legitur,
1798 5542 1853 5588 et
1884 5549 2112 5604 sequor;

535 5635 750 5710 legitur,
772 5645 827 5692 et
846 5647 1082 5692 recusas.
1097 5629 1275 5700 Cuius
1299 5643 1487 5698 manus
1524 5628 1670 5684 misit
1712 5627 1766 5684 in
1806 5627 2115 5684 ﬂammam?

533 5775 1124 5890 υ
1347 5780 1378 5821 a
1398 5780 1455 5820 se
1478 5776 1717 5848 servatos,
1739 5779 1769 5820 a
1791 5766 1974 5848 nostris
1994 5775 2117 5818 vero

1721 365 1781 422 s.
1822 355 2189 442 tucusrtut
2223 357 2529 442 Episcopi

2185 475 2286 548 Qui
2315 476 2504 556 credit,
2535 483 2590 534 et
2632 477 2903 550 sequitur;
2934 491 3002 558 ap
3043 477 3135 556 qui
3161 475 3307 557 dolet
3346 477 3466 550 quia
3503 485 3588 552 est
3623 479 3768 552 quod

2187 569 2430 641 legatur?
2479 569 2612 627 Nolo
2663 571 2800 626 seire
2847 571 2968 642 quis
3018 571 3354 654 servaverit:
3389 572 3760 650 undecumque

2185 661 2434 718 inventus
2460 671 2540 736 est
2569 663 2767 738 codex,
2797 671 3174 740 testamentum
3218 645 3399 735 patris
3423 645 3612 740 nostri
3637 666 3768 722 exiit

2185 751 2254 808 de
2281 753 2512 828 qualibet
2533 769 2754 832 caverna
2775 737 2992 818 :nescio
3017 755 3104 832 qui
3128 737 3269 812 iures
3288 737 3471 825 tollere
3493 756 3766 826 volebant,

2187 847 2367 901 nescio
2400 846 2490 918 qui
2538 854 2905 928 persecutores
2946 847 3229 904 incendere
3269 849 3518 905 volebant
3551 868 3564 904 :
3594 850 3766 918 ttnde~

2185 954 2416 1014 cumque
2442 923 2702 1011 prolatum
2724 951 2825 1006 est,
2857 942 3078 1024 legatur.
3110 943 3284 1010 Quare
3309 923 3521 1026 litigas?
3552 943 3769 1026 Fratres

2186 1048 2370 1100 sumus
2393 1075 2410 1102 ,
2456 1049 2620 1106 quare
2654 1013 2958 1112 litigamus?
2977 1034 3087 1092 Non
3115 1013 3660 1112 intestatusmortuus
3688 1013 3773 1094 est

2186 1137 2354 1198 pater.
2389 1127 2537 1184 Fecit
2575 1109 2954 1184 testamentum
2977 1170 2992 1194 ,
3018 1138 3071 1184 et
3099 1129 3177 1184 sic
3206 1138 3448 1202 mortuus
3474 1109 3593 1200 est:
3623 1146 3772 1188 mor-

2187 1230 2310 1288 tuus
2347 1232 2446 1288 est,
2478 1232 2532 1282 et
2553 1223 2864 1296 resurrexit.
2894 1222 3116 1294 Tamdiu
3143 1223 3480 1294 contenditur
3501 1224 3569 1304 de
3594 1223 3773 1304 haere-

2186 1315 2351 1382 ditate
2377 1326 2737 1388 mortuorum,
2769 1316 3021 1393 quamdiu
3061 1324 3441 1388 testamentum
3473 1301 3774 1390 pretcratur

2187 1407 2242 1480 in
2271 1407 2571 1482 publicum;
2599 1417 2794 1478 etcum
2823 1416 3196 1486 testamentum
3225 1407 3489 1482 prolatum
3523 1406 3684 1474 fuerit
3714 1407 3775 1470 in

2186 1500 2477 1580 publicum,
2520 1508 2696 1566 tacent
2717 1514 2905 1580 omnes
2929 1541 2944 1567 ,
2972 1508 3030 1556 ut
3059 1498 3249 1574 tabulcp
3275 1499 3580 1569 aperiantur
3608 1507 3659 1554 et
3685 1514 3777 1556 reo

2187 1591 2420 1660 citentur
2453 1590 2651 1666 :jndex
2681 1590 2918 1664 intentus
2947 1590 3113 1670 audit,
3142 1590 3382 1670 advocati
3412 1589 3605 1668 silent,
3636 1605 3779 1662 prae-~

2188 1697 2351 1761 cones
2380 1684 2650 1750 silentium
2683 1680 2906 1752 faciunt,
2932 1684 3209 1740 universus
3231 1682 3458 1758 populus
3483 1695 3780 1760 suspensus

2188 1757 2269 1842 est
2291 1817 2304 1840 ,
2336 1784 2391 1829 ut
2422 1776 2662 1845 legantur
2691 1776 2852 1838 verba
2880 1775 3110 1842 mortui,
3133 1790 3238 1844 non
3265 1757 3544 1846 sentientis
3573 1757 3624 1829 in
3659 1788 3780 1830 mo-

2189 1857 2589 1944 numeptmllle
2619 1866 2736 1921 sine
2762 1881 2920 1921 sensu
2949 1866 3088 1934 jacet
3113 1866 3164 1920 in
3191 1875 3560 1944 monumento,
3597 1875 3650 1920 et
3677 1881 3779 1920 va-

2190 1939 2302 2012 lent
2325 1939 2484 2014 verba
2518 1958 2684 2038 ipsius
2712 1972 2728 2011 :
2762 1956 2912 2012 sedet
2937 1956 3177 2023 Christus
3206 1956 3257 2038 in
3286 1939 3423 2016 oculo
3443 1997 3458 2022 ,
3487 1965 3540 2016 et
3565 1964 3782 2012 contra-

2192 2049 2387 2106 dicitur
2430 2057 2746 2116 testarnento
2803 2048 2950 2118 ejus?
2999 2049 3192 2118 Aperi,
3250 2049 3506 2120 legamus.
3559 2047 3782 2106 Fratres

2191 2156 2396 2203 sumus,
2421 2156 2585 2210 quare
2608 2139 3018 2210 contendimus?
3057 2140 3302 2200 Placetur
3329 2141 3536 2195 animus
3571 2149 3780 2206 noster,

2194 2250 2298 2302 non
2346 2235 2460 2296 sine
2511 2242 2829 2288 testamento
2884 2249 2980 2290 nos
3029 2233 3229 2298 dimisit
3287 2243 3454 2301 pater.
3506 2233 3604 2302 Qui
3653 2231 3787 2290 fecit

2194 2333 2588 2394 testamentum,
2619 2325 2752 2390 vivit
2779 2325 2830 2380 in
2863 2334 3118 2380 zelernum
3150 2342 3163 2376 :
3197 2323 3343 2380 audit
3366 2305 3524 2400 voces
3546 2332 3781 2396 nostpas,

2194 2418 2432 2486 agnoscit
2462 2431 2632 2482 suam.
2658 2415 2941 2486 Legamus,
2971 2414 3095 2486 quid
3124 2415 3429 2486 litigamus?
3457 2414 3555 2486 Ubi
3589 2415 3785 2472 inven-

2197 2517 2249 2560 ta
2274 2506 2430 2564 fuerit
2453 2509 2563 2588 ipsa
2585 2507 2889 2570 haereditas,
2915 2507 3084 2586 ipsam
3113 2491 3596 2581 teneamus..Apcri
3621 2515 3790 2564 testa-

2197 2608 2459 2663 mentum,
2490 2599 2602 2668 lege
2626 2599 2676 2651 in
2710 2598 2880 2666 primo
2899 2597 3069 2666 capite
3097 2597 3262 2665 ipsius
3284 2597 3548 2662 Psalterii,
3570 2595 3792 2652 Postula

2195 2709 2230 2746 a
2259 2709 2336 2764 me
2365 2690 2531 2764 (Paul.
2563 2707 2620 2757 tt,
2655 2691 2733 2764 8).
2761 2689 2864 2760 Sed
2885 2690 3003 2778 quis
3029 2689 3194 2770 (ξῇοίξῖ
3216 2688 3378 2768 Forte
3393 2704 3497 2754 non
3517 2688 3788 2750 Christus.

2200 2783 2276 2836 lbi
2305 2783 2490 2851 habes,
2522 2781 2768 2848 Dominus
2800 2781 2926 2834 dixit
2965 2780 3033 2833 ad
3060 2796 3155 2854 me,
3209 2778 3378 2854 Filius
3421 2796 3559 2834 meus
3604 2796 3654 2836 es
3710 2789 3790 2848 tu,

2198 2892 2289 2948 ego
2319 2875 2468 2928 hodie
2495 2873 2644 2944 genui
2676 2882 2721 2926 te
2749 2870 2932 2944 (Ibid.,
2960 2869 3035 2943 Ἰ).
3061 2871 3200 2942 Ergo
3224 2869 3397 2938 Filius
3417 2870 3506 2926 Dei
3533 2869 3679 2935 dicit,
3703 2869 3795 2946 vel

2198 2967 2264 3020 ad
2291 2967 2476 3030 Filium
2509 2980 2661 3030 suum
2681 2963 2837 3018 Pater
2854 2961 3001 3036 dicit.
3026 2963 3165 3046 Ergo
3180 2960 3303 3050 quid
3322 2961 3450 3016 dicit
3475 2960 3540 3014 ad
3558 2949 3793 3018 Filium?

2206 3058 2421 3112 Postulo
2449 3075 2480 3110 a
2515 3074 2622 3122 me,
2649 3066 2694 3110 et
2721 3057 2850 3126 dabo
2877 3055 2963 3108 tibi
2988 3064 3157 3126 gentes
3183 3053 3522 3128 [itereditatem
3546 3063 3681 3108 tuam
3701 3094 3719 3121 ,
3744 3061 3796 3110 et

2202 3151 2566 3228 possessionem
2605 3159 2744 3214 tuam
2776 3149 2902 3222 ﬁnes
2927 3158 3090 3222 teme.
3117 3147 3264 3222 Solet
3285 3146 3400 3202 ﬁeri
3424 3188 3440 3214 ,
3469 3146 3659 3218 fratres
3683 3190 3700 3216 ,
3731 3156 3796 3216 ut

2201 3243 2418 3314 quando
2445 3242 2702 3312 quaeritur
2737 3239 2806 3296 de
2836 3240 3209 3310 possessione,
3237 3248 3543 3309 quaerantur
3577 3238 3796 3297 afﬁnes.

2205 3334 2348 3390 Inter
2377 3332 2565 3400 afﬁnes
2591 3332 2736 3386 illum
2769 3340 2823 3386 et
2865 3331 3012 3385 illum
3034 3371 3050 3397 ,
3079 3330 3335 3402 quzeritur
3355 3329 3526 3388 haeres
3545 3371 3560 3398 ,
3589 3340 3678 3384 aut
3705 3331 3798 3388 cui

2204 3428 2452 3494 donatur,
2485 3434 2575 3479 aut
2600 3425 2688 3498 qui
2716 3423 2862 3482 emit.
2914 3423 3060 3480 inter
3103 3437 3236 3494 quos
3266 3421 3456 3496 attines
3494 3422 3800 3494 qumritur?

2204 3516 2348 3572 Inter
2378 3516 2523 3570 illum
2553 3525 2606 3569 et
2637 3514 2783 3568 illum
2818 3513 3151 3582 possidentes
3175 3515 3216 3565 ί.
3238 3512 3338 3581 Qui
3376 3512 3578 3568 dimisit
3603 3505 3801 3571 omnes

2208 3609 2358 3673 ﬁnes,
2395 3607 2568 3680 nullos
2596 3605 2799 3659 dimisit
2826 3604 3036 3680 aflines.
3071 3604 3418 3674 Quocumque
3445 3614 3496 3660 te
3530 3605 3799 3676 verteris,

2208 3702 2446 3778 Christus
2477 3711 2578 3754 est.
2603 3699 2766 3774 Fines
2795 3706 2948 3754 terrae
2980 3697 3141 3751 habes
3167 3696 3552 3762 haereditatem,
3575 3696 3678 3751 huc
3698 3685 3800 3754 ve?

2209 3797 2284 3859 ni,
2311 3803 2473 3848 totam
2507 3809 2715 3846 mecum
2763 3790 2996 3861 posside.
3029 3790 3202 3858 Quare
3238 3789 3492 3860 litigando
3533 3804 3693 3844 vocas
3729 3789 3804 3846 ad

2210 3884 2449 3955 partem?
2477 3883 2588 3952 lluc
2609 3883 2728 3938 veni
2761 3899 2775 3935 :
2804 3881 2946 3936 bono
2974 3891 3063 3952 tuo
3085 3880 3330 3943 vinceris,
3361 3888 3528 3935 totum
3553 3879 3801 3936 habebis.

2211 3978 2293 4030 An
2325 3976 2496 4029 adhuc
2520 3973 2895 4029 ealumniaris?
2923 3972 3034 4043 Ego
3056 3971 3163 4042 jam
3193 3980 3566 4027 testamentum
3597 3971 3719 4042 legi,
3748 3980 3808 4032 et

2213 4075 2269 4120 tu
2314 4064 2674 4118 ealumniaris.
2726 4065 2808 4117 An
2855 4062 3030 4117 adhuc
3085 4061 3448 4128 ealumniaris,
3497 4061 3617 4132 quia
3665 4061 3807 4119 ﬁnes

2215 4167 2368 4212 terra:
2397 4156 2561 4219 dixit,
2592 4169 2698 4209 non
2729 4154 2860 4208 dixit
2887 4166 3072 4214 omnes
3124 4151 3255 4206 ﬁnes
3291 4150 3490 4206 terrae?
3534 4149 3805 4222 Legamus

2214 4264 2359 4320 ergo.
2403 4247 2678 4316 Quomodo
2735 4245 2930 4322 lectum
2975 4243 3098 4298 est?
3154 4241 3703 4307 Commemorabuntur,
3756 4235 3807 4299 ct

2214 4349 2561 4395 conrertcntur
2580 4339 2647 4391 ad
2675 4336 2947 4392 Dominum
2976 4334 3194 4388 uniuersi
3221 4335 3348 4404 ﬁnes
3377 4342 3537 4387 terrm.
3569 4332 3637 4386 Et
3696 4317 3804 4387 ad?

2216 4434 2430 4488 orabunt
2479 4433 2531 4486 in
2582 4413 2849 4500 conspectu
2899 4428 3007 4499 ejus
3058 4428 3300 4483 uniuersa:
3325 4409 3503 4497 patrita
3554 4427 3802 4496 gentium,

2219 4527 2472 4596 Quoniam
2533 4524 2740 4580 Domini
2777 4532 2850 4578 est
2900 4538 3110 4593 regnum
3150 4561 3166 4586 ,
3212 4529 3261 4575 et
3307 4520 3414 4592 ipse
3458 4517 3808 4598 dominabitur

2214 4599 2458 4702 gentium.
2490 4621 2657 4692 Ipsius
2700 4626 2805 4708 est,
2853 4632 2958 4688 non
3008 4625 3264 4700 vestrum.
3300 4613 3584 4702 “noscite
3617 4611 3808 4666 Domi-

2218 4689 2344 4774 ituut
2378 4712 2681 4786 :agnoseitp
2709 4689 3101 4784 p6§$es$ionem
3127 4689 3371 4762 nol-nini:
3483 4691 3488 4701 .

2290 4807 2377 4876 5|.
2421 4804 2525 4860 Sed
2551 4813 2604 4858 et
2634 4803 2654 4832 ²
2685 4789 2808 4868 vos,
2856 4800 2974 4871 quia
3008 4799 3209 4870 privata
3241 4805 3415 4874 vestra
3445 4793 3603 4874 vultis
3628 4795 3808 4862 possi-

2219 4899 2365 4972 dere,
2397 4907 2450 4952 et
2480 4913 2584 4950 non
2607 4893 2873 4968 communi
2900 4907 3021 4968 cum
3053 4889 3263 4946 Christo
3290 4890 3517 4954 unitate;
3541 4886 3809 4943 dominari

2219 4973 2362 5060 enim
2391 4989 2548 5042 vultis
2576 4988 2627 5042 in
2653 4996 2815 5056 terra,
2845 5001 2950 5038 non
2982 4999 3104 5058 cum
3145 4982 3236 5036 illo
3267 4982 3316 5036 in
3354 4979 3492 5036 ecelo
3540 4993 3765 5056 regnare
3789 5021 3804 5045 ,

2219 5083 2502 5154 possidetis
2524 5082 2711 5136 domos
2747 5087 2970 5134 vestras.
3019 5061 3091 5132 Et
3139 5072 3423 5144 aliquando
3466 5072 3706 5126 venimus
3739 5071 3806 5126 ad

2223 5176 2340 5231 illos
2369 5175 2627 5237 dicentes,
2659 5171 2970 5242 Quzeramus
2996 5183 3202 5234 verum,
3240 5164 3569 5220 inveniamus
3595 5179 3807 5218 verum.

2223 5269 2288 5342 Et
2337 5267 2432 5330 illi,
2458 5267 2564 5321 Vos
2618 5273 2795 5320 tenete
2843 5262 2984 5333 quod
3028 5261 3261 5316 tenetis:
3294 5274 3421 5314 oves
3456 5266 3572 5313 tuas
3616 5255 3806 5323 habes,

2223 5377 2349 5422 oves
2377 5345 2755 5421 measihabeo;
2783 5354 2892 5410 noli
2941 5352 3198 5408 molestus
3240 5364 3358 5420 esse
3401 5347 3589 5402 ovibus
3636 5347 3806 5411 meis,

2224 5454 2345 5524 quia
2373 5461 2428 5507 et
2447 5466 2546 5522 ego
2567 5466 2671 5503 non
2691 5463 2810 5503 sum
2833 5445 3088 5500 molestus
3107 5442 3296 5498 ovibus
3320 5440 3442 5496 tuis.
3463 5439 3570 5496 Deo
3587 5439 3808 5510 gratias:

2225 5559 2358 5610 mea;
2395 5550 2519 5598 sunt
2569 5554 2697 5596 oves
2725 5579 2740 5604 ,
2787 5538 2931 5592 illius
2977 5544 3100 5592 sunt
3151 5548 3282 5589 oves
3324 5551 3337 5588 :
3385 5531 3629 5587 Christus
3680 5527 3810 5600 quid

2291 5700 2309 5732 ί
2334 5705 2384 5747 tn
2411 5695 2659 5760 plerisque
2675 5699 2804 5754 Mss,
2827 5689 3129 5760 possidentis.

2288 5763 2311 5793 ²
2334 5745 2500 5810 ὖίυῖοε
2522 5745 2686 5820 proba:
2710 5745 2839 5806 not'aa'
2857 5761 2967 5804 Mss.
2999 5753 3123 5812 loco,
3143 5749 3239 5820 sed
3260 5755 3307 5800 et
3321 5759 3414 5820 nos,
3440 5745 3645 5820 habent,
3665 5749 3811 5798 sedat

2228 5808 2458 5889 vos,qu
2474 5808 2665 5885 privata
2678 5823 2855 5882 uestra,
2879 5825 2977 5868 etc.
2995 5822 3054 5868 Et
3074 5808 3285 5879 quidm,
3311 5808 3478 5863 sedete
3501 5819 3596 5860 vos.
