4032 6468
501 1322 510 1361 l

558 422 668 483 185

965 633 1050 694 ΙΝ
1091 631 1469 694 PSALMUM
1512 630 1730 692 XXIII

1153 752 1574 811 ENARRATIO.

835 867 1079 923 Psalmus
1103 868 1206 939 ipsi
1228 868 1419 936 David,
1450 868 1615 940 prima
1642 865 1854 957 sabbati.

636 983 693 1039 1.
720 981 871 1057 [vers.
925 981 1005 1056 1.]
1028 982 1271 1038 Psalmus
1301 982 1399 1054 ipsi
1430 981 1629 1048 David,
1660 981 1727 1036 de
1767 978 2145 1036 clariﬁcatione

563 1083 622 1132 et
645 1075 1039 1133 resurrectione
1088 1076 1320 1143 Domini,
1348 1092 1468 1147 qua:
1494 1075 1752 1131 matutino
1778 1075 1964 1145 prima
2009 1074 2133 1129 sab-

556 1166 671 1224 bati
701 1167 839 1224 facta
867 1177 971 1235 est,
999 1168 1089 1239 qui
1126 1168 1235 1240 jam
1273 1168 1389 1223 dies
1411 1167 1707 1223 dominicus
1731 1165 1943 1221 dicitur.

627 1262 684 1318 2.
733 1261 884 1336 [νει-ε.
913 1260 993 1335 2.]
1020 1261 1227 1317 Domini
1255 1271 1326 1316 est
1354 1269 1490 1316 terra
1516 1268 1564 1315 et
1588 1258 1849 1329 plenitudo
1882 1257 2012 1329 ejus,
2042 1272 2136 1311 or-

557 1358 633 1413 bis
676 1366 922 1411 terrarum
944 1365 991 1411 et
1019 1356 1240 1412 universi
1260 1356 1347 1426 qui
1369 1354 1598 1409 habitant
1631 1354 1685 1408 in
1709 1369 1769 1407 ea
1796 1352 1814 1384 ι
1848 1369 1861 1405 :
1892 1366 2016 1407 cum
2035 1349 2145 1406 cla-

561 1449 800 1504 riﬁcatus
828 1447 1085 1503 Dominus
1127 1447 1471 1502 annuntiatur
1492 1446 1545 1501 in
1577 1445 1735 1501 ﬁdem
1759 1444 1997 1500 omnium
2018 1457 2142 1514 gen-

557 1541 689 1596 tium
714 1583 729 1607 ,
760 1541 1119 1597 etunivcrsus
1158 1539 1305 1595 orbis
1331 1547 1594 1595 terrarum
1627 1536 1685 1591 ﬁt
1713 1535 1948 1592 Ecclesia
2001 1534 2138 1605 ejus.

558 1632 683 1704 Ipse
701 1651 854 1706 super
878 1634 1040 1688 maria
1063 1633 1298 1704 fundauit
1323 1649 1434 1687 eam
1480 1647 1500 1687 :
1528 1632 1641 1702 ipse
1680 1629 1983 1685 ﬁrmissime
2029 1638 2141 1684 sta-

559 1723 733 1779 bilivit
767 1740 884 1780 eam
909 1739 1071 1794 super
1108 1738 1298 1780 omnes
1324 1722 1517 1779 ﬁuctus
1557 1721 1738 1777 saeculi
1764 1720 1942 1790 hujus,
1971 1727 2029 1774 ut
2073 1718 2142 1773 ab

555 1832 621 1873 ea
650 1826 1061 1889 superarentur,
1081 1808 1085 1813 ’
1108 1831 1209 1873 nec
1255 1823 1511 1873 nocerent
1554 1814 1624 1871 ei.
1654 1813 1725 1869 Et
1750 1830 1904 1883 super
1930 1813 2145 1883 ﬂumina

558 1910 867 1976 praparavit
904 1925 1015 1962 eam
1047 1922 1065 1961 :
1099 1906 1315 1962 ﬁumina
1358 1908 1410 1962 in
1458 1921 1605 1962 mare
1655 1903 1857 1971 ﬁuunt,
1880 1915 1936 1961 et
1962 1904 2141 1974 cupidi

558 1997 805 2055 homines
854 1998 1102 2054 labuntur
1127 2000 1178 2054 in
1224 1997 1518 2063 sarculum;
1550 1999 1710 2052 etiam
1752 1996 1883 2052 istos
1925 2004 2144 2066 superat

558 2090 799 2146 Ecclesia
826 2106 945 2161 qua:
994 2091 1219 2147 devictis
1253 2105 1350 2160 per
1388 2088 1481 2146 Dei
1508 2088 1733 2159 gratiam
1761 2086 2143 2158 cupiditatibus

566 2183 911 2238 szecularibus
953 2183 1020 2239 ad
1065 2182 1421 2255 recipiendam
1472 2181 1923 2239 immortalitatem
1962 2182 2142 2238 chari-

558 2284 669 2330 tate
688 2284 867 2345 parata
890 2284 972 2330 est
992 2278 1036 2328 ⁸.

631 2370 684 2425 5.
713 2366 863 2441 [rem
904 2366 984 2442 5.]
1023 2369 1147 2436 Quis
1181 2368 1413 2424 ascendet
1438 2369 1492 2423 in
1515 2377 1732 2423 montem
1759 2368 2002 2424 Domini?
2027 2370 2144 2441 quis

564 2462 819 2517 ascendet
866 2463 919 2518 in
950 2462 1262 2519 altissimam
1303 2462 1563 2532 justitiam
1602 2462 1863 2518 Domini?
1905 2465 2005 2519 Aut
2030 2466 2142 2536 guis

558 2553 710 2607 stabit
736 2554 789 2607 in
816 2554 927 2608 loco
956 2563 1131 2608 sancto
1160 2554 1269 2624 ejus
1291 2552 1317 2607 2
1341 2561 1433 2608 aut
1470 2553 1589 2624 quis
1612 2554 1945 2623 permanebit
1973 2552 2027 2609 in
2054 2569 2137 2621 eo,

557 2659 665 2713 quo
689 2645 943 2702 ascendet
965 2661 1147 2716 ,super
1172 2644 1339 2702 maria
1377 2644 1594 2701 fundato
1623 2652 1682 2701 et
1725 2660 1887 2716 super
1920 2644 2141 2704 ﬁumina

561 2746 865 2808 praeparato
884 2738 1002 2794 loco
1021 2738 1047 2792 ?
1116 2770 1119 2773 ι

628 2830 682 2885 ι.
713 2828 863 2903 [vers.
893 2830 972 2904 4.]
1020 2830 1270 2888 lnnocens
1313 2830 1544 2887 manibus
1590 2840 1638 2886 et
1681 2831 1900 2886 mundus
1937 2829 2092 2886 corde
2116 2846 2136 2885 :

557 2919 677 2989 quis
702 2935 832 2993 ergo
862 2920 987 2977 illuc
1015 2920 1303 2985 ascendet.
1337 2930 1392 2978 et
1428 2921 1761 2992 permanebit
1789 2922 1897 2986 ibi,
1926 2921 2029 2977 nisi
2062 2921 2143 2976 in-

554 3024 758 3066 nocens
806 3011 863 3066 in
911 3011 1197 3082 operibus,
1242 3021 1299 3068 et
1338 3012 1567 3067 mundus
1603 3012 1657 3067 in
1699 3011 2142 3083 cogitationibus?

557 3101 665 3167 Qui
709 3118 811 3156 non
848 3104 1040 3171 accepit
1076 3104 1129 3157 in
1161 3119 1291 3156 uano
1322 3103 1547 3156 animam
1594 3119 1741 3157 suam
1766 3119 1786 3156 :
1807 3102 1897 3173 qui
1940 3118 2046 3157 non
2086 3102 2141 3159 in

556 3191 721 3247 rebus
755 3206 861 3247 non
906 3192 1343 3263 permanentibus
1368 3191 1641 3263 deputavit
1668 3194 1901 3248 animam
1941 3208 2093 3249 suam
2122 3234 2140 3260 ,

557 3283 654 3339 sed
680 3299 801 3339 eam
828 3285 1185 3341 immortalem
1216 3285 1474 3353 sentiens,
1507 3286 1859 3342 arternitatem
1891 3286 2141 3343 stabilem

560 3386 723 3447 atque
767 3376 1257 3433 incommutabilem
1302 3377 1644 3434 desideravit.
1694 3378 1763 3432 Et
1814 3395 1917 3434 non
1938 3380 2143 3450 juraoit

557 3469 793 3539 proximo
834 3485 927 3524 suo
960 3470 1015 3524 in
1043 3468 1163 3523 dolo
1192 3484 1212 3525 :
1232 3477 1286 3526 et
1330 3468 1453 3526 ideo
1497 3470 1614 3526 sine
1652 3469 1812 3539 dolo,
1840 3470 1983 3528 sicut
2013 3471 2146 3528 sitn-

557 3561 717 3632 plicia
743 3571 799 3617 et
842 3577 949 3619 non
992 3562 1228 3619 fallentia
1269 3570 1395 3619 sunt
1416 3572 1616 3620 aeterna
1640 3604 1656 3632 ,
1686 3563 1759 3619 ita
1796 3577 1857 3621 se
1912 3562 2142 3636 praebuit

558 3668 803 3722 proxumo
823 3669 943 3710 suo.

542 3764 545 3765 '
634 3745 686 3801 5.
730 3743 891 3818 [verm
938 3744 1017 3819 5.]
1048 3746 1147 3802 Hic
1166 3749 1378 3819 accipiet
1422 3747 1812 3803 benedictionem
1839 3765 1872 3803 a
1899 3747 2137 3816 Domino,

560 3842 609 3888 et
648 3835 1043 3890 misericordiam
1064 3854 1096 3891 a
1120 3837 1231 3893 Deo
1253 3837 1466 3893 salutari
1488 3855 1600 3893 suo.

631 3926 684 3980 6.
716 3925 867 3999 [verm
895 3926 975 4000 6.]
1006 3927 1132 3983 Hac
1178 3939 1252 3984 est
1296 3932 1549 4002 generatio
1584 3932 1916 4001 quarentium
1960 3930 2141 3987 Domi-

560 4033 686 4071 num
719 4034 736 4071 :
769 4019 849 4074 sic
888 4020 1031 4075 enim
1072 4030 1363 4078 nascuntur
1406 4022 1498 4092 qui
1526 4031 1771 4093 quaerunt
1814 4038 1958 4079 eum.
1989 4023 2146 4090 Qua-

561 4110 780 4163 rentium
809 4111 991 4181 faciem
1018 4109 1115 4167 Dei
1140 4112 1305 4168 Iacob
1345 4110 1421 4185 (α)
1452 4120 1737 4184 εαυωιιυηῑ
1752 4122 1931 4170 autem
1957 4114 2145 4171 faciem

563 4199 661 4256 Dei
680 4243 697 4268 ,
725 4202 813 4271 qui
850 4203 1112 4272 posterius
1141 4212 1268 4259 nato
1293 4203 1578 4274 primatum
1599 4203 1766 4261 dedit.

558 4322 561 4329 ι
634 4293 687 4347 7.
736 4291 885 4365 [verm
916 4292 995 4368 7.]
1040 4294 1227 4350 Tollite
1265 4305 1437 4367 portas
1476 4297 1727 4368 principes
1756 4300 1902 4354 vestri
1936 4298 1957 4332 ³
1987 4300 2145 4372 :qui-

563 4400 795 4456 cumque
822 4387 1175 4459 principatum
1200 4388 1256 4443 in
1283 4388 1586 4445 hominibus
1610 4391 1872 4461 quaeritis,
1914 4394 2141 4460 auferte,

563 4493 634 4533 ne
662 4478 973 4550 impediant,
1000 4479 1177 4535 aditus
1202 4495 1336 4551 quos
1358 4495 1452 4535 vos
1480 4480 1742 4538 statuistis
1768 4483 2072 4554 cupiditatis
2092 4493 2149 4540 et

566 4570 795 4626 timoris.
827 4569 897 4625 Et
928 4571 1192 4627 eleoamini
1241 4582 1399 4642 porta
1423 4574 1685 4630 aternales
1720 4592 1739 4631 :
1767 4584 1823 4632 et
1860 4576 2146 4634 elevamini

563 4660 743 4715 aditus
767 4669 982 4717 aeternae
1004 4663 1146 4728 vitae,
1174 4664 1579 4722 renuntiationis
1617 4666 1815 4721 saeculo
1834 4676 1888 4723 et
1917 4682 2146 4725 conver-

566 4752 737 4807 sionis
760 4752 827 4808 ad
877 4753 1065 4809 Deum.
1112 4754 1179 4809 Et
1207 4756 1429 4811 introibit
1454 4774 1545 4811 rea:
1575 4757 1753 4829 gloria
1776 4774 1796 4813 :
1816 4768 1871 4815 et
1909 4760 2150 4818 introibit

567 4858 684 4910 rex,
714 4844 766 4899 in
819 4860 927 4915 quo
954 4846 1071 4902 sine
1098 4846 1348 4918 superbia
1383 4848 1710 4919 gloriemur;
1740 4850 1832 4922 qui
1882 4853 2147 4923 superatis

564 4936 738 5005 portis
766 4937 1122 5001 mortalitatis,
1155 4947 1210 4993 et
1246 4940 1521 5010 patefactis
1565 4940 1665 4997 sibi
1692 4942 2020 5011 calestibus,
2048 4944 2149 4999 im-

565 5028 731 5097 plevit
757 5028 901 5099 quod
939 5030 1014 5084 ait
1042 5047 1055 5085 :
1086 5029 1330 5099 Gaudete,
1362 5032 1601 5104 quoniam
1636 5050 1727 5107 ego
1764 5035 1860 5091 uici
1904 5036 2149 5093 sarculum

565 5118 747 5189 (Joan.
775 5136 887 5186 xvi,
918 5121 1033 5191 55).

637 5215 692 5270 8.
728 5214 878 5288 [vers.
926 5214 1005 5290 8.]
1054 5216 1179 5284 Quis
1198 5227 1271 5273 est
1294 5220 1386 5276 iste
1418 5237 1509 5275 rea:
1539 5221 1717 5293 gloria
1735 5221 1763 5277 .’
1791 5230 1945 5293 pavet
1973 5221 2149 5279 admi-

564 5316 692 5361 rans
734 5316 927 5363 natura
957 5309 1199 5365 mortalis
1221 5351 1235 5375 ,
1284 5318 1339 5365 et
1372 5312 1564 5381 quaerit
1586 5352 1602 5380 ,
1644 5313 1769 5382 Quis
1804 5324 1878 5370 est
1926 5315 2022 5370 iste
2057 5331 2151 5372 rea:

564 5396 745 5469 gloria
763 5397 790 5451 ?
808 5397 1058 5455 Dominus
1098 5402 1244 5472 fortis
1268 5411 1316 5457 et
1338 5412 1515 5473 potens
1536 5420 1557 5457 :
1576 5419 1734 5473 quem
1768 5414 1821 5460 tu
1866 5402 2141 5463 inﬁrmum

565 5495 624 5543 et
649 5502 965 5559 oppressum
1003 5491 1219 5561 putasti.
1250 5490 1497 5547 Dominus
1537 5503 1712 5564 potens
1745 5495 1798 5549 in
1826 5495 1955 5551 bello
1981 5512 2000 5552 :
2022 5510 2151 5554 eon-

626 5627 646 5691 ε
669 5626 805 5691 κω..
826 5626 879 5677 in
899 5634 1053 5691 eo.gAt
1072 5633 1480 5691 Mss._eonstanter
1502 5630 1681 5691 ferunt,
1704 5633 1756 5683 in
1776 5647 1850 5684 ea.

626 5690 649 5769 ἰ
671 5689 1165 5769 Ξίξλκεεςὲἐίὲθεεει
1178 5689 1548 5769 ίιηηρρῖιαιίιαιὲδ
1569 5689 1838 5769 domum
1862 5702 2033 5769 ρατατει
2053 5703 2142 5748 εα-

627 5750 650 5824 f
671 5749 805 5824 add,
845 5757 1055 5824 vestram
1078 5759 1195 5824 Mssa
1231 5766 1375 5824 venri
1386 5763 1694 5824 constanter,
1732 5749 1877 5809 vestri
1921 5771 1939 5807 :
1977 5761 2150 5824 sicque

562 5817 711 5862 etiam
734 5813 1024 5874 Augustinus
1046 5816 1093 5863 in
1120 5816 1262 5877 epist.
1288 5815 1392 5878 237,
1421 5832 1468 5867 ιι.
1496 5817 1543 5866 8.

626 5869 702 5934 (α)
725 5872 1003 5934 Diapsalma.

779 5884 1003 5935 apsatma.

1670 5994 1723 6016 ἠρ

1761 418 1818 474 8.
1859 407 2228 477 AUGUSTINI
2265 410 2567 469 EPISCOPI

3738 404 3843 465 181

2260 533 2425 581 trecta
2452 524 2758 591 cicatrices,
2791 532 2845 581 et
2873 523 3074 581 senties
3093 531 3389 595 reparatas,
3415 532 3472 583 et
3504 526 3835 586 immortali-

2258 617 2352 672 tati
2390 617 2647 673 redditam
2694 616 3056 673 inﬁrmitatem
3096 615 3402 672 humanam.
3434 619 3710 677 Persoluta
3754 631 3845 679 est

2258 726 2375 781 qua:
2404 710 2695 766 debebatur
2720 710 2897 778 terris,
2926 709 3016 766 ubi
3042 724 3166 766 eum
3191 720 3364 767 morte
3398 711 3709 784 belligerata
3726 723 3833 781 est,

2254 803 2563 860 clarilicatio
2594 804 2823 861 Domini.
3098 806 3099 809 ‘

2325 897 2378 953 9.
2413 895 2560 971 [vers.
2606 894 2685 970 9.]
2729 895 2915 951 Tollite
2965 904 3135 968 portas
3173 897 3421 967 principes
3469 899 3618 952 vestri
3656 913 3677 953 :
3712 897 3841 955 hinc

2251 986 2362 1058 jam
2388 996 2637 1058 pergatur
2663 987 2715 1042 in
2740 988 2957 1043 emtum.
2983 986 3257 1042 Exclamet
3298 987 3491 1043 iterum
3520 988 3835 1059 prophetica

2254 1078 2377 1134 tuba
2406 1095 2420 1132 :
2445 1077 2636 1132 Tollite
2679 1087 2879 1147 portas,
2908 1077 3067 1133 etiam
3097 1076 3344 1133 coalestes
3384 1078 3672 1149 principes,
3704 1095 3838 1150 quas

2253 1169 2460 1228 habetis
2507 1170 2560 1226 in
2608 1170 2800 1226 animis
2856 1169 3131 1225 hominum
3176 1171 3266 1241 qui
3316 1170 3540 1226 adorant
3588 1172 3840 1228 militiam
3956 1210 3965 1217 ι

2251 1262 2372 1319 οωιί
2400 1260 2489 1333 (IV
2512 1260 2641 1334 Reg.
2663 1277 2792 1330 xvn,
2817 1261 2928 1333 16).
2960 1260 3031 1315 Et
3057 1262 3319 1317 eleuamini
3345 1271 3504 1331 porta
3526 1265 3791 1319 aternales
3816 1282 3837 1318 :

2248 1364 2303 1412 et
2326 1355 2606 1412 elevamini
2637 1364 2803 1427 porta:
2845 1365 3059 1411 aeterna:
3081 1355 3322 1426 Justitia,
3363 1354 3636 1411 eharitatis
3664 1365 3719 1412 et
3750 1372 3843 1411 ca-

2249 1446 2465 1514 stitatis,
2496 1462 2593 1518 per
2617 1461 2748 1518 quas
2767 1447 2943 1502 anima
2973 1446 3143 1516 diligit
3168 1461 3332 1501 unum
3361 1461 3545 1501 verum
3568 1447 3756 1513 Deum,
3787 1456 3844 1503 et

2250 1554 2357 1594 non
2385 1538 2679 1595 fornicatur
2723 1539 2823 1595 sub
2850 1539 3027 1594 multis
3054 1539 3145 1610 qui
3174 1538 3507 1610 appellantur
3529 1538 3623 1595 dii.
3657 1539 3723 1594 Et
3749 1542 3844 1594 in-

2249 1630 2417 1685 troibit
2440 1648 2531 1686 rex
2548 1632 2723 1703 gloria
2750 1648 2769 1686 :
2793 1641 2847 1688 et
2870 1632 3107 1687 introibit
3128 1646 3221 1686 rex
3246 1631 3450 1701 gloriae,
3478 1640 3539 1687 ut
3561 1631 3627 1687 ad
3648 1632 3844 1689 dexte-

2248 1736 2363 1778 ram
2394 1721 2565 1778 Patris
2585 1721 2889 1793 interpellet
2918 1737 3011 1793 pro
3038 1722 3192 1777 nobis
3219 1719 3395 1795 (Rom.
3427 1737 3541 1788 vni,
3569 1721 3687 1793 3b).

2321 1812 2411 1870 10.
2454 1812 2604 1887 [υεη.
2637 1812 2750 1888 10.]
2793 1813 2919 1882 Quis
2955 1822 3028 1867 est
3056 1814 3149 1868 iste
3188 1828 3279 1867 rea:
3306 1813 3525 1884 gloria?
3552 1812 3675 1883 quid
3699 1821 3755 1867 et
3784 1822 3846 1868 tu

2249 1907 2497 1979 princeps
2542 1908 2821 1977 potestatis
2862 1909 3002 1962 aeris
3044 1907 3201 1977 hujus
3247 1906 3481 1974 miraris,
3512 1914 3584 1961 et
3618 1906 3843 1976 qumris,

2253 1996 2379 2063 Quis
2402 2005 2475 2050 est
2502 1996 2596 2051 iste
2621 2012 2713 2050 rea:
2736 1996 2914 2068 gloria
2929 1996 2955 2050 .’
2978 1996 3229 2051 Dominus
3255 1996 3496 2050 virtutum
3526 1995 3633 2067 ipse
3656 2004 3730 2050 est
3748 2011 3846 2051 rea:

2248 2090 2427 2161 gloria
2450 2104 2471 2144 :
2498 2098 2552 2145 et
2578 2089 2689 2160 jam
2712 2088 2973 2145 viviﬁcato
2999 2103 3248 2159 corpore,
3281 2103 3440 2159 supra
3468 2097 3521 2144 te
3550 2088 3722 2161 pergit
3749 2087 3846 2143 ille

2250 2190 2513 2248 tentatus;
2540 2197 2699 2253 supra
2726 2196 2915 2237 omnes
2934 2180 3166 2251 Angelos
3187 2180 3373 2246 tendit,
3399 2180 3466 2235 ab
3490 2179 3678 2250 angelo
3704 2196 3847 2250 prae-

2248 2275 2543 2329 varicatore
2589 2273 2679 2329 ille
2726 2281 2978 2329 tentatus.
3024 2271 3194 2327 Nemo
3234 2280 3473 2327 vestrum
3518 2286 3578 2327 se
3621 2271 3847 2342 obiiciat

2248 2373 2412 2436 atque
2441 2364 2763 2421 intercludat
2785 2366 2887 2421 iter
2913 2372 3179 2429 nostrum,
3208 2372 3269 2419 ut
3296 2372 3546 2435 tanquam
3571 2363 3712 2420 Deus
3740 2379 3845 2420 co-

2248 2456 2387 2515 latur
2405 2472 2437 2513 a
2464 2458 2655 2513 nobis:
2689 2472 2861 2528 neque
2888 2456 3237 2528 principatus,
3267 2470 3443 2526 neque
3471 2455 3708 2526 angelus,
3737 2471 3845 2512 ne-

2249 2566 2354 2623 que
2377 2551 2546 2607 virtus
2571 2566 2667 2606 nos
2684 2557 2899 2620 separat
2932 2563 2963 2603 a
2992 2549 3251 2604 charitate
3276 2545 3474 2604 Christi
3502 2547 3688 2621 (lbid.,
3716 2547 3843 2621 59).

2248 2641 2453 2699 Bonum
2477 2652 2556 2699 est
2586 2657 2803 2714 sperare
2823 2642 2878 2697 in
2908 2640 3155 2708 Domino,
3185 2654 3343 2710 quam
3369 2654 3587 2711 sperare
3614 2640 3666 2695 in
3688 2641 3845 2710 prin-

2248 2734 2367 2803 cipe
2414 2732 2589 2804 (Psal.
2635 2748 2795 2799 cxvn,
2830 2731 2899 2803 9)
2930 2749 2945 2787 :
2974 2741 3033 2786 ut
3068 2731 3159 2801 qui
3200 2730 3476 2803 gloriatur,
3522 2731 3574 2785 in
3613 2728 3847 2786 Domino

2248 2824 2505 2896 glorietur
2541 2824 2583 2897 (l
2620 2823 2739 2881 Cor.
2773 2840 2811 2892 ι,
2856 2824 2971 2895 51).
3002 2822 3138 2879 Sunt
3172 2822 3386 2893 quidem
3426 2821 3542 2877 ista:
3584 2822 3637 2877 in
3680 2821 3847 2892 hujus

2248 2917 2434 2974 mundi
2485 2918 2819 2973 ordinatione
2869 2915 3114 2983 virtutes,
3163 2913 3258 2970 sed
3306 2912 3557 2969 Dominus
3599 2913 3846 2968 uirtutum

2248 3011 2357 3083 ipse
2379 3020 2452 3065 est
2478 3026 2570 3065 rex
2588 3010 2785 3082 gloria.

2647 3225 2729 3286 IN
2773 3222 3153 3287 PSALMUM
3195 3220 3410 3283 XXIV

2816 3342 3235 3401 ENARHATIO.

2604 3462 2674 3517 In
2698 3463 2869 3533 finem,
2896 3460 3137 3516 Psalmus
3162 3460 3263 3531 ipsi
3292 3456 3481 3515 David.

2322 3576 2378 3632 1.
2418 3574 2572 3647 [πη.
2620 3573 2698 3647 1.]
2736 3573 3000 3639 Christus,
3046 3573 3141 3628 sed
3190 3573 3242 3627 in
3287 3570 3543 3628 Ecclesia:
3590 3582 3848 3640 persona,

2250 3667 2487 3739 loquitur
2518 3684 2531 3721 :
2559 3681 2683 3721 nam
2727 3665 2896 3735 magis
2932 3664 2999 3719 ad
3042 3664 3291 3734 populum
3334 3661 3685 3718 christianum
3715 3674 3850 3716 con-

2252 3776 2466 3817 versum
2495 3758 2562 3814 ad
2592 3760 2758 3814 Deum
2784 3757 3052 3829 pertinent
3075 3772 3193 3827 qua:
3218 3755 3483 3811 dicuntur.
3522 3764 3529 3769 '

2321 3852 2375 3906 2.
2419 3850 2570 3925 [vers.
2601 3849 2682 3924 2.]
2722 3849 2801 3904 Ad
2843 3859 2908 3916 te,
2942 3848 3178 3915 Domine,
3205 3848 3361 3902 levavi
3391 3848 3613 3901 animum
3640 3861 3849 3901 meam:

2253 3940 2528 3999 desiderio
2571 3940 2857 4012 spirituali,
2900 3955 3017 4010 quae
3056 3938 3355 3993 carnalibus
3388 3934 3670 3992 desideriis
3716 3950 3853 3992 con-

2251 4033 2564 4089 culcabatur
2604 4034 2659 4088 in
2701 4041 2867 4088 terra.
2909 4030 3049 4086 Deus
3095 4047 3256 4098 meus,
3296 4030 3351 4084 in
3386 4038 3433 4083 te
3475 4023 3703 4097 conﬁdo,
3742 4044 3852 4083 non

2252 4127 2539 4181 erubescam
2567 4141 2587 4179 :
2616 4125 2756 4180 Deus
2798 4138 2967 4190 meus,
3011 4139 3079 4179 ex
3107 4138 3173 4179 eo
3201 4121 3341 4192 quod
3385 4120 3439 4176 in
3482 4134 3569 4176 me
3609 4116 3853 4177 conﬁde-

2253 4215 2397 4281 bam,
2450 4213 2738 4286 perductus
2779 4230 2898 4269 sum
2941 4228 3110 4284 usque
3155 4213 3223 4268 ad
3272 4214 3427 4267 istam
3476 4210 3851 4268 inﬁrmitatem

2254 4307 2459 4372 carnis;
2504 4315 2558 4363 et
2583 4306 2673 4378 qui
2715 4304 2927 4362 deserto
2968 4306 3078 4359 Deo
3120 4303 3257 4361 sicut
3288 4303 3427 4359 Deus
3468 4316 3591 4358 esse
3630 4301 3852 4369 volui,a

2255 4398 2609 4454 minutissima
2630 4397 2853 4454 bestiola
2874 4406 3099 4452 mortem
3122 4396 3336 4463 timens,
3364 4394 3433 4450 de
3453 4392 3701 4464 superbia
3724 4408 3851 4449 mea

2254 4490 2445 4547 irrisus
2484 4490 2706 4558 erubui;
2731 4489 2842 4561 jam
2889 4503 3018 4560 ergo
3056 4488 3109 4543 in
3150 4496 3202 4543 te
3240 4485 3473 4555 conﬁdo,
3504 4500 3611 4541 non
3646 4485 3849 4541 erube-

2253 4597 2422 4640 scam.

2326 4675 2382 4730 5.
2422 4673 2574 4747 [νινε.
2613 4670 2693 4747 5.]
2734 4671 2914 4744 Neque
2939 4670 3183 4728 irrideant
3209 4689 3289 4728 me
3305 4671 3499 4727 inimici
3522 4672 3621 4727 mei
3638 4687 3853 4744 :neque

2256 4766 2510 4823 irrideant
2553 4780 2659 4829 me,
2698 4764 2790 4835 qui
2828 4764 3147 4836 serpentinis
3188 4774 3348 4834 atque
3384 4762 3609 4819 occultis
3655 4778 3853 4836 sugge-

2254 4857 2514 4913 stionibus
2539 4855 2871 4924 insidiantes,
2898 4863 2957 4913 et
2992 4865 3335 4927 suggerentes
3367 4855 3537 4925 Euge,
3569 4853 3742 4927 Euge,
3782 4858 3849 4916 ad

2256 4948 2371 5005 haec
2396 4949 2727 5020 deiecerunt.
2755 4949 2956 5005 Etenim
2981 4948 3198 5004 uniuersi
3228 4949 3317 5019 qui
3350 4958 3397 5003 te
3424 4957 3718 5019 exspectant
3747 4967 3852 5005 non

2254 5042 2645 5114 confundentur.

2326 5136 2381 5190 4.
2423 5133 2571 5209 [vers.
2614 5132 2693 5207 4.]
2732 5134 3123 5206 Confundantur
3172 5135 3340 5205 inique
3379 5134 3620 5204 facientes
3662 5149 3800 5191 vana
3827 5151 3847 5191 :

2254 5226 2647 5284 confundantur
2698 5227 2875 5298 inique
2912 5226 3187 5293 facientes,
3237 5227 3305 5283 ad
3358 5228 3682 5300 acquirenda
3728 5246 3853 5301 qua:

2259 5327 2552 5375 transeunt.
2592 5320 2711 5375 Vias
2740 5330 2873 5388 tuas,
2903 5317 3140 5387 Domine,
3171 5328 3316 5375 notas
3342 5322 3426 5392 fac
3450 5321 3594 5388 mihi,
3618 5331 3666 5376 et
3698 5324 3854 5376 semi-

2258 5421 2337 5468 tas
2375 5423 2485 5469 tuas
2523 5416 2673 5469 edoce
2701 5430 2780 5467 me
2806 5429 2825 5468 :
2849 5428 2969 5484 qua:
2996 5429 3102 5470 non
3140 5413 3260 5469 latae
3297 5424 3441 5484 sunt,
3468 5430 3568 5471 nec
3605 5417 3852 5471 multitu-

2256 5506 2438 5562 dinem
2468 5505 2536 5561 ad
2562 5506 2834 5561 interitum
2868 5504 3072 5561 ducunt
3102 5505 3313 5577 (Matth.
3337 5523 3432 5575 vn,
3462 5509 3591 5578 13);
3622 5507 3718 5564 sed
3750 5523 3849 5564 an-

2256 5606 2436 5669 gustas
2459 5606 2513 5651 et
2539 5598 2717 5667 paucis
2742 5605 2897 5653 notas
2919 5598 3138 5653 semitas
3164 5606 3281 5654 tuas
3308 5599 3475 5655 edoce
3500 5614 3605 5654 me.

2327 5689 2379 5744 5.
2421 5685 2571 5757 (vers.
2602 5688 2681 5761 5.]
2722 5688 2896 5761 Dirige
2934 5707 3011 5743 me
3037 5692 3091 5745 in
3130 5692 3335 5745 veritate
3363 5701 3449 5744 tua
3475 5707 3495 5745 :
3520 5706 3735 5747 errores
3761 5693 3849 5749 Γυ-

2255 5782 2508 5854 gientem.
2540 5778 2611 5835 Et
2651 5781 2772 5838 doce
2800 5799 2918 5838 me:
2950 5799 3070 5838 nam
3111 5799 3205 5854 per
3246 5783 3506 5855 nteipsum
3548 5797 3653 5840 non
3698 5784 3849 5852 novi,

2256 5875 2359 5933 nisi
2382 5874 2740 5932 mendacium.
2772 5873 3025 5945 Quoniam
3056 5886 3109 5935 tu
3132 5892 3185 5935 es
3217 5875 3355 5935 Deus
3392 5877 3632 5937 salutaris
3663 5894 3830 5941 uicus.
