4032 6488
186 438 279 500 185

201 566 238 614 ει
273 565 318 612 ts
352 552 587 610 sustinui
626 561 740 611 tota
780 553 900 611 die:
926 564 1099 621 neque
1139 549 1283 605 enim
1309 546 1562 604 dimissus
1602 560 1633 601 s
1663 553 1716 602 te
1740 543 1807 601 de

208 643 444 723 paradiso
493 644 663 720 (Gen.
704 661 785 711 ιιι,
812 644 927 715 ιδ),
963 651 1018 699 et
1053 643 1106 697 in
1152 640 1491 713 longinquam
1535 639 1806 710 regionem

214 739 577 815 peregrinatus
602 736 760 810 (Luc.
788 751 879 803 xv,
920 735 1032 805 13),
1061 748 1159 806 per
1185 733 1448 803 meipsum
1485 730 1661 786 redire
1687 744 1808 800 pos-

219 848 349 899 sum,
389 831 492 885 nisi
539 842 805 885 occurras
840 826 1071 891 erranti;
1102 840 1225 880 nam
1270 822 1474 880 reditus
1516 836 1668 878 meus
1697 828 1809 876 toto

220 934 382 981 tractu
432 922 701 993 temporis
738 918 1009 975 saecularis
1055 915 1475 973 misericordiam
1505 922 1649 969 tuam
1684 924 1808 967 sus-

220 1016 389 1073 tinuit.

285 1108 337 1162 6.
379 1104 535 1179 [vers.
566 1101 647 1176 6.]
689 1102 1027 1157 Reminiscere
1046 1100 1423 1155 miserationum
1451 1107 1672 1163 tuarum,
1704 1095 1808 1151 Do-

219 1199 346 1254 utine
374 1214 396 1252 :
425 1197 776 1253 reminiscere
815 1208 1039 1265 operum
1091 1190 1474 1247 misericordia:
1522 1198 1648 1254 tum,
1704 1189 1808 1245 Do-

218 1291 378 1357 mine,
408 1288 535 1358 quia
563 1296 815 1356 tanquam
844 1285 1072 1341 oblitum
1120 1292 1172 1339 te
1210 1282 1455 1337 homines
1496 1288 1699 1351 putant.
1742 1278 1811 1333 Et

220 1383 333 1453 quia
364 1378 732 1433 misericordia
762 1391 862 1432 tute
900 1394 932 1431 a
968 1376 1155 1431 iaculo
1181 1383 1297 1431 sunt
1322 1390 1341 1430 :
1370 1384 1425 1429 et
1458 1374 1561 1429 hoc
1588 1372 1808 1428 remini-

216 1488 391 1541 scere,
437 1472 565 1544 quia
597 1469 977 1527 misericordia:
1013 1477 1118 1525 tua:
1163 1483 1195 1524 a
1243 1468 1440 1524 saeculo
1481 1476 1622 1521 sunt.
1666 1466 1807 1522 Nun-

214 1583 371 1637 quam
414 1567 561 1620 enim
607 1566 722 1619 sine
767 1564 873 1619 illis
921 1562 1087 1629 fuisti,
1139 1562 1229 1633 qui
1286 1560 1448 1617 etiam
1500 1569 1809 1629 peccantem

216 1660 489 1714 hominem
520 1658 741 1713 vanitati
780 1656 1017 1728 quidem,
1068 1654 1165 1711 sed
1200 1655 1254 1709 in
1298 1668 1393 1723 spe
1432 1653 1728 1722 subjecisti,
1756 1660 1811 1708 et

216 1760 291 1806 tot
315 1751 589 1821 tantisque
612 1758 875 1805 creatura:
903 1756 1007 1805 tua:
1031 1746 1486 1802 consolationibus
1516 1760 1624 1800 non
1651 1732 1810 1804 dese?

216 1844 393 1898 ruisti.

289 1936 344 1988 Ἰ.
385 1932 535 2007 [νει-ι.
578 1931 658 2006 7.]
701 1931 900 1987 Delicta
932 1931 1213 2003 juventutis
1256 1944 1381 1984 mete
1421 1936 1468 1983 et
1512 1927 1813 2000 ignorantia:

220 2041 351 2080 mete
376 2042 438 2079 ne
474 2023 758 2078 memineris
784 2038 805 2077 :
828 2022 1022 2077 delicta
1061 2019 1379 2076 conlidentis
1412 2017 1648 2074 audacia:
1677 2033 1812 2073 meae

217 2127 272 2173 et
308 2118 619 2187 ignorantia:
669 2132 803 2172 meae.
849 2130 916 2171 ne
955 2114 1022 2170 ad
1072 2113 1357 2172 vindictam
1406 2126 1671 2178 reserves,
1716 2109 1813 2166 sed

218 2219 465 2281 tanquam
497 2209 751 2265 excidant
778 2208 892 2263 tibi.
923 2206 1218 2263 Secundum
1247 2205 1647 2260 misericordiam
1672 2213 1813 2258 tuam

215 2317 404 2356 memor
431 2310 540 2357 esto
561 2300 683 2367 mei,
713 2299 852 2353 Deus
878 2315 896 2352 :
917 2313 1124 2353 memor
1162 2306 1277 2353 esto
1304 2295 1520 2367 quidem
1547 2296 1673 2360 mei,
1704 2310 1812 2350 non

214 2395 510 2451 semiudum
556 2396 692 2448 iram
722 2408 827 2463 qua
854 2408 953 2464 ego
980 2392 1172 2461 dignus
1201 2407 1341 2455 sum,
1389 2390 1485 2446 sed
1520 2388 1812 2446 secundum

219 2487 646 2543 misericordiam
673 2496 816 2541 tuam
843 2502 957 2556 qua:
986 2494 1037 2539 te
1060 2484 1216 2555 digna
1243 2491 1345 2539 est.
1377 2480 1594 2550 PrOpter
1611 2481 1812 2537 bonita-

219 2590 313 2634 tem
339 2590 504 2646 tuam,
532 2577 758 2632 Domine
779 2593 797 2632 :
820 2592 925 2632 non
958 2586 1177 2646 propter
1212 2573 1461 2630 meritum
1487 2587 1688 2641 meum,
1716 2570 1814 2629 sed

219 2680 435 2742 propter
465 2671 767 2725 bonitatem
798 2678 965 2734 tuam,
998 2667 1242 2722 Domine.

284 2761 339 2817 8.
383 2760 542 2835 [εει-ε.
575 2759 655 2833 8.]
696 2759 874 2815 Dulcis
912 2768 957 2813 et
996 2768 1159 2813 rectus
1206 2756 1450 2819 Dominus
1474 2772 1494 2811 :
1520 2756 1692 2812 dulcis
1733 2764 1815 2813 est

221 2851 500 2920 Dominus,
531 2851 962 2923 quandoquidem
1004 2861 1058 2906 et
1094 2860 1377 2921 peccantes
1420 2858 1475 2905 et
1520 2849 1712 2919 impios
1741 2848 1813 2905 ita

220 2944 506 2998 miseratus
549 2952 655 3009 est,
687 2952 744 2997 ut
786 2944 967 2998 omnia
1008 2942 1184 3012 priora
1218 2941 1460 3006 donarit;
1511 2940 1604 2996 sed
1650 2940 1813 2995 etiam

220 3044 395 3090 rectus
436 3043 523 3089 est
568 3033 847 3100 Dominus,
897 3032 986 3103 qui
1028 3040 1148 3104 post
1191 3030 1611 3086 misericordiam
1652 3035 1812 3086 v'oca-

224 3128 378 3182 tionis
407 3136 465 3183 et
495 3126 689 3195 venite,
724 3141 844 3197 qua:
875 3124 1033 3181 habet
1067 3125 1293 3196 gratiam
1323 3123 1439 3179 sine
1468 3122 1695 3191 meritis,
1727 3122 1812 3179 di-

222 3234 319 3290 gna
361 3217 556 3274 ultimo
577 3217 781 3289 judicio
824 3217 1011 3272 merita
1058 3217 1309 3286 requiret.
1361 3214 1579 3286 Propter
1607 3214 1700 3268 hoc
1738 3214 1814 3269 le-

221 3328 331 3383 gem
365 3320 553 3366 statuet
580 3310 982 3382 delinquentibus
1020 3310 1073 3362 in
1101 3308 1181 3362 via
1205 3323 1224 3363 :
1249 3308 1369 3379 quia
1396 3306 1813 3363 misericordiam

222 3402 546 3473 prazrogavit
585 3412 643 3456 ut
672 3400 987 3471 perduceret
1014 3401 1066 3454 in
1102 3400 1263 3454 viam.

290 3494 345 3551 9.
389 3494 543 3567 [κη.
577 3492 657 3567 9.]
698 3493 895 3565 Diriget
916 3495 1059 3548 mites
1086 3495 1139 3547 in
1148 3493 1348 3564 judicio
1374 3492 1604 3564 :diriget
1638 3494 1814 3561 mites,

224 3601 324 3644 nec
349 3586 687 3658 perturbabit
730 3587 784 3641 in
809 3585 1013 3656 judicio
1044 3600 1137 3640 eos
1174 3585 1261 3655 qui
1302 3594 1600 3655 sequuntur
1627 3584 1818 3639 volun-

227 3690 390 3738 tatem
418 3682 562 3753 ejus,
604 3697 701 3737 nec
729 3682 778 3737 ei
818 3681 1114 3737 resistendo
1145 3691 1461 3751 praeponunt
1500 3697 1672 3736 suam.
1712 3680 1819 3735 Do-

230 3774 351 3828 cebit
381 3783 674 3827 mansuetos
701 3773 809 3827 vias
845 3789 963 3828 suas
992 3788 1009 3827 :
1036 3772 1249 3827 docebit
1277 3772 1389 3826 vias
1419 3787 1563 3837 suas,
1594 3786 1700 3827 non
1726 3787 1819 3827 eos

230 3867 316 3936 qui
346 3880 682 3936 prazcurrerc
719 3864 924 3932 volunt,
955 3866 1105 3936 quasi
1153 3865 1359 3936 seipsos
1401 3865 1590 3919 melius
1632 3880 1821 3933 regere

229 3958 465 4027 possint;
511 3955 609 4012 sed
645 3972 736 4012 eos
766 3957 855 4027 qui
899 3971 1003 4011 non
1044 3956 1289 4024 erigunt‘
1324 3955 1610 4022 cervicem,
1641 3971 1815 4024 neque

231 4049 600 4115 recalcitrant,
633 4062 754 4104 eum
791 4048 870 4104 eis
895 4048 1079 4118 jugum
1120 4047 1243 4103 lene
1287 4045 1576 4117 imponitur
1618 4055 1671 4103 et
1704 4062 1819 4101 sar-

231 4142 349 4198 cina
377 4142 518 4198 levis
539 4140 756 4215 (Matth.
790 4156 865 4206 ιι,
900 4139 1015 4212 50).

302 4236 392 4291 10.
436 4233 592 4308 [νινε.
624 4233 738 4306 10.]
782 4233 1039 4289 Universa:
1057 4234 1151 4288 uite
1171 4232 1380 4288 Domini
1405 4233 1749 4289 misericordia
1777 4242 1825 4287 et

232 4330 411 4384 ueritas
439 4328 539 4399 (a).
587 4327 730 4397 Quas
758 4335 934 4383 autem
963 4327 1077 4383 vias
1101 4326 1314 4383 docebit
1357 4342 1473 4394 eos,
1509 4327 1609 4382 nisi
1654 4328 1825 4382 mise-

235 4422 524 4477 ricordiam
557 4436 659 4491 qua
689 4419 982 4490 placabilis,
1032 4428 1088 4475 et
1110 4418 1390 4475 veritatem
1429 4435 1531 4489 qua
1578 4419 1827 4474 incorru-

233 4523 355 4586 ptus
399 4514 527 4571 est?
555 4512 790 4580 Quorum
833 4527 998 4567 unum
1040 4511 1266 4583 praebuit
1307 4510 1555 4567 donando
1586 4519 1824 4581 peccata,

235 4610 465 4665 alterum
493 4609 682 4663 merita
706 4605 1015 4677 judieando.
1048 4606 1115 4662 Et
1140 4605 1262 4661 ideo
1302 4604 1562 4660 universa:
1591 4605 1691 4659 viae
1718 4604 1827 4658 Do-

235 4702 388 4769 mini,
417 4700 527 4756 duo
552 4698 813 4755 adventus
853 4698 973 4754 Filii
1002 4698 1117 4765 Dei,
1162 4712 1300 4753 unus
1343 4696 1664 4762 miserantis,
1696 4696 1831 4751 alter

235 4791 547 4863 judicantis.
592 4791 841 4846 Pervenit
868 4804 997 4861 ergo
1024 4787 1092 4844 ad
1140 4804 1265 4843 eum
1300 4796 1492 4843 tenens
1530 4788 1646 4842 vias
1690 4787 1825 4857 ejus,

240 4884 330 4955 qui
356 4882 521 4937 nullis
550 4882 756 4937 meritis
799 4882 909 4936 suis
956 4896 1017 4936 se
1042 4880 1321 4936 liberatum
1371 4879 1579 4945 videns,
1610 4879 1833 4949 deponit

239 4977 566 5047 superbiam,
611 4984 666 5030 et
696 4974 950 5044 deinceps
992 4983 1148 5029 cavet
1188 4973 1542 5029 examinantis
1580 4973 1836 5028 severita-

242 5079 371 5137 tem,
404 5071 496 5142 qui
525 5068 867 5125 clcmentiam
907 5067 1273 5123 subvenientis
1313 5076 1572 5137 expertus
1601 5075 1703 5122 est.
1734 5065 1835 5119 Re-

241 5165 551 5237 quieentibus
582 5171 928 5219 testamentum
953 5164 1063 5235 ejus
1088 5172 1134 5217 et
1172 5162 1454 5216 testimonia
1495 5161 1605 5231 ejus
1633 5177 1651 5215 :
1679 5159 1837 5215 intel-

244 5261 412 5332 ligunt
444 5261 591 5315 eiiim
620 5257 902 5313 Dominum
938 5254 1336 5310 misericordem
1368 5254 1539 5323 primo
1582 5252 1830 5318 adventu,

245 5365 297 5410 et
324 5352 563 5409 secundo
588 5349 850 5420 judicem,
878 5349 968 5419 qui
998 5348 1156 5402 mites
1180 5356 1236 5403 et
1261 5346 1523 5403 mansueti
1554 5347 1835 5416 requirunt

248 5454 629 5503 testamentum
674 5443 812 5513 ejus,
844 5458 963 5497 cum
994 5442 1251 5512 sanguine
1290 5455 1387 5495 suo
1414 5454 1510 5495 nos
1550 5440 1605 5494 in
1645 5453 1835 5493 novam

247 5542 403 5592 vitam
445 5536 711 5599 redemit;
758 5542 812 5590 et
853 5534 906 5589 in
952 5532 1231 5605 Prnphetis
1274 5540 1433 5603 atque
1482 5530 1837 5601 Evangelistis

247 5631 544 5687 testimonia
577 5628 714 5700 ejus.

308 5813 322 5841 ⁸
350 5817 398 5860 ιιι
419 5810 655 5859 onmibus
674 5805 858 5855 nostris
876 5810 1005 5865 uss,
1029 5803 1240 5866 rapiunt.
1365 5863 1376 5866 _
1462 5820 1465 5823 ·

243 5872 376 5991 ’ἐξ
397 5874 695 5989 ιιξωηνεὶδ.
724 5866 785 5920 ιο
800 5862 1030 5923 tractatur
1046 5862 1098 5929 tu
1114 5872 1252 5927 Beat.
1279 5863 1399 5916 Psal.
1414 5876 1495 5927 ιι,
1513 5874 1563 5922 n.
1587 5862 1651 5928 9;
1675 5878 1838 5929 cxvm,

1283 430 1680 491 ENARRATIO
1717 430 1783 488 IN
1822 429 2146 489 PSALMUM
2183 429 2373 486 XXIV.

3399 434 3503 491 186

1922 618 1925 621 _
1987 544 2073 600 11.
2117 542 2265 616 [vers.
2298 541 2410 609 11.]
2451 542 2669 615 Propter
2706 560 2886 600 nomen
2922 552 3083 612 tuum,
3111 545 3348 615 Domine,
3381 566 3501 619 pro—

1914 638 2172 708 pitiaberis
2220 646 2419 706 peccato
2467 653 2575 692 meo
2592 654 2611 703 ,'
2644 638 2855 692 multum
2896 648 2966 693 est
2996 640 3127 693 enim
3146 656 3164 692 :
3196 656 3299 695 non
3326 642 3499 697 solum

1914 740 2133 801 peccata
2162 747 2281 787 mea
2311 730 2541 796 donasti,
2591 747 2709 803 quae
2754 739 3036 802 antequam
3084 731 3356 787 crederem
3400 734 3498 791 ad-

1914 824 2071 889 misi;
2103 823 2198 879 sed
2227 832 2281 878 et
2308 832 2529 894 peccato
2557 838 2699 889 meo,
2731 821 2872 893 quod
2913 823 3136 878 multum
3165 832 3269 890 est,
3300 824 3420 894 quia
3446 834 3503 881 et

1914 915 1967 970 in
1996 915 2080 971 via
2112 931 2217 970 non
2248 914 2399 970 deest
2442 914 2687 984 oﬂ‘ensio,
2734 914 2993 972 sacriﬁcio
3022 916 3363 971 contribulati
3392 918 3501 988 spi-

1915 1008 2049 1066 ritus
2078 1008 2468 1080 propitiaberis.

1987 1100 2074 1155 12.
2105 1099 2274 1173 [uers.
2307 1100 2434 1170 12.]
2476 1102 2600 1167 Quis
2646 1111 2718 1157 est
2765 1102 2914 1156 homo
2938 1143 2953 1169 ,
2978 1102 3067 1173 qui
3108 1102 3277 1157 timeat
3322 1100 3507 1158 Domi-

1914 1194 2075 1249 num?
2104 1194 2243 1249 unde
2271 1193 2455 1263 incipit
2478 1194 2661 1249 venire
2699 1194 2767 1249 ad
2815 1194 3150 1265 sapientiam.
3180 1193 3366 1265 Legem
3402 1205 3508 1250 sta-

1916 1295 2016 1341 tuet
2046 1287 2062 1317 ί
2092 1286 2135 1340 ei
2176 1286 2229 1339 in
2269 1287 2349 1341 via
2393 1302 2545 1355 quam
2588 1286 2732 1357 elegit
2764 1302 2782 1340 .·
2825 1287 2995 1357 legem
3038 1295 3233 1343 statuet
3258 1288 3308 1343 ei
3339 1289 3393 1343 in
3426 1288 3509 1344 via

1914 1395 2074 1451 quam
2104 1380 2239 1435 liber
2266 1380 2658 1450 apprehendit,
2688 1396 2756 1435 ne
2786 1381 3001 1450 impune
3023 1380 3132 1450 jam
3163 1391 3367 1451 peccet.

1987 1473 2075 1527 1'5.
2108 1471 2277 1547 [uers.
2306 1471 2435 1546 15.]
2472 1472 2656 1526 Anima
2684 1473 2790 1542 ejus
2821 1473 2870 1526 in
2898 1472 3041 1527 bonis
3068 1473 3440 1540 demorabitur,
3462 1480 3510 1528 et

1914 1581 2083 1620 semen
2111 1566 2221 1635 ejus
2252 1565 2541 1619 haereditate
2579 1563 2847 1634 possidebit
2888 1572 3071 1619 terram
3107 1580 3127 1619 :
3154 1573 3208 1620 et
3232 1580 3366 1635 opus
3393 1565 3510 1635 ejus

1916 1657 2280 1715 hareditatem
2312 1657 2535 1711 solidam
2569 1656 2846 1710 instaurati
2872 1655 3112 1725 corporis
3142 1655 3453 1725 possidebit.
3502 1695 3511 1717 τ

1990 1752 2079 1806 14.
2112 1748 2282 1823 [νινε.
2328 1746 2453 1821 14.]
2494 1747 2900 1802 Firmamentum
2940 1758 3013 1802 est
3049 1747 3296 1802 Dominus
3335 1748 3511 1802 timcn-

1916 1846 2041 1899 tium
2069 1860 2182 1900 eum
2211 1860 2229 1897 :
2255 1842 2586 1899 infirmorum
2614 1839 2822 1894 videtur
2844 1854 2965 1894 esse
2995 1841 3172 1907 timor,
3204 1839 3298 1895 sed
3329 1842 3510 1895 lirma-

1918 1946 2155 1994 mentum
2179 1944 2262 1992 est
2290 1935 2546 1991 Dominus
2577 1933 2877 1988 timentium
2906 1947 3049 1987 eum.
3082 1932 3151 1985 Et
3177 1947 3370 1987 nomen
3401 1932 3512 1987 Do-

1916 2029 2047 2084 mini
2064 2026 2204 2099 quod
2224 2025 2573 2097 gloriﬁcatum
2597 2033 2683 2081 est
2702 2040 2798 2094 per
2818 2024 3002 2079 orbem
3028 2031 3309 2090 terrarum,
3335 2022 3511 2078 firmat

1919 2122 2164 2177 timentes
2193 2135 2336 2175 eum.
2361 2117 2431 2172 Et
2478 2126 2825 2173 testamentum
2868 2115 3026 2187 ipsius
3068 2123 3123 2168 ut
3160 2114 3511 2185 manifestetur

1917 2214 2072 2269 illis:
2109 2220 2164 2268 et
2213 2210 2338 2267 facit
2383 2218 2441 2265 ut
2492 2217 2871 2265 testamentum
2925 2207 3095 2276 ipsius
3146 2205 3512 2262 manilestetur

1918 2306 2024 2362 illis
2044 2347 2060 2373 ,
2086 2305 2209 2377 quia
2240 2300 2523 2358 btereditas
2560 2299 2761 2357 Christi
2800 2308 2987 2370 gentes
3024 2308 3185 2366 sunt,
3218 2307 3270 2353 et
3302 2298 3514 2354 termini

1921 2408 2098 2456 terrae.
2962 2414 2963 2417 ‘

1992 2492 2079 2547 15.
2122 2488 2290 2564 [vers.
2340 2487 2471 2561 15.]
2515 2487 2663 2542 Oculi
2708 2488 2804 2542 mei
2848 2503 3044 2557 semper
3086 2485 3153 2540 ad
3199 2484 3513 2553 Dominum;

1917 2584 2037 2655 quia
2061 2584 2171 2653 ipse
2194 2581 2363 2637 evellet
2384 2582 2446 2635 de
2471 2582 2649 2651 laqueo
2680 2580 2827 2646 pedes
2857 2595 2989 2633 meos
3021 2575 3094 2650 (a)
3126 2594 3139 2630 :
3171 2590 3269 2632 nec
3300 2578 3515 2631 timeam

1920 2676 2153 2747 pericula
2194 2684 2401 2729 terrena
2428 2712 2443 2739 ,
2473 2672 2599 2727 dum
2630 2680 2822 2728 terram
2853 2686 2957 2725 non
2990 2670 3237 2734 intueor;
3265 2669 3514 2739 quoniam

1920 2768 2011 2824 ille
2035 2782 2195 2838 quem
2225 2767 2436 2820 intueor
2455 2805 2469 2827 ,
2502 2764 2693 2820 evellet
2736 2763 2803 2818 de
2833 2763 3021 2832 laqueo
3051 2760 3212 2831 pedes
3238 2775 3408 2815 meos.

1992 2860 2079 2915 16.
2128 2858 2295 2931 [vers.
2341 2855 2466 2929 16.]
2508 2854 2719 2925 Respice
2761 2856 2814 2907 in
2862 2869 2978 2918 me,
3018 2862 3066 2906 et
3110 2852 3344 2906 miserere
3381 2852 3515 2917 mei;

1918 2952 2158 3025 quoniam
2182 2951 2359 3005 unicus
2399 2958 2445 3003 et
2494 2964 2683 3018 pauper
2726 2962 2836 3000 sum
2881 2960 2973 3016 ego
3004 2958 3023 2998 :
3052 2943 3300 3013 quoniam
3331 2943 3519 2997 unicus

1922 3045 2147 3116 populus
2168 3083 2184 3108 ,
2218 3044 2385 3096 unica:
2426 3039 2681 3095 Ecclesia:
2724 3047 2827 3092 tuce
2870 3051 3091 3091 servans
3116 3034 3471 3091 humilitatem
3498 3073 3516 3101 ,

1922 3150 2079 3208 quam
2111 3134 2251 3189 nulla
2276 3132 2566 3188 schismata
2586 3130 2672 3185 vel
2702 3128 2934 3185 limreses
2955 3136 3157 3184 tenent.

1997 3230 2083 3286 17.
2117 3226 2285 3302 [uers.
2318 3224 2442 3299 17.]
2483 3223 2851 3278 Tribulationes
2876 3221 3042 3277 cordis
3063 3221 3158 3275 mei
3173 3219 3521 3292 multiplicata

1922 3333 2040 3377 sunt
2062 3333 2080 3377 :
2100 3318 2467 3376 tribulationcs
2492 3316 2669 3372 cordis
2696 3316 2800 3372 mei
2844 3314 3148 3369 abundante
3165 3313 3442 3384 iniquitate
3467 3321 3523 3368 et

1924 3414 2309 3485 refrigescente
2333 3412 2591 3466 charitate
2636 3408 2997 3478 multiplicatae
3022 3417 3167 3461 sunt.
3200 3404 3280 3459 De
3307 3404 3522 3461 necessi-

1926 3508 2109 3563 tatibus
2140 3507 2262 3561 meis
2285 3504 2410 3559 educ
2436 3520 2513 3557 me
2539 3518 2558 3556 :
2585 3501 2835 3571 quoniam
2871 3500 2985 3553 lucc
3012 3499 3244 3553 tolerare
3271 3497 3398 3551 mihi
3428 3510 3522 3552 ne-

1924 3614 2080 3655 cesse
2108 3596 2189 3654 est
2208 3639 2220 3662 ,
2256 3607 2311 3651 ut
2340 3608 2691 3665 perseverans
2732 3606 2899 3661 usque
2929 3590 2980 3643 in
3012 3588 3172 3643 linem
3201 3588 3379 3642 salvus
3417 3586 3521 3641 sim

1926 3691 1946 3763 (
1971 3690 2158 3745 Matth.
2187 3706 2241 3753 x,
2270 3686 2341 3742 22
2361 3688 2400 3757 ),
2429 3687 2496 3742 de
2524 3683 2926 3741 necessitatibus
2951 3682 3086 3737 meis
3109 3679 3244 3735 educ
3269 3695 3376 3734 me.
3518 3678 3521 3681 ’

1984 3780 2221 3854 l8.[vers.
2242 3778 2352 3851 18.]
2370 3778 2491 3833 Vide
2506 3776 2837 3831 humilitatem
2849 3790 3010 3829 meam
3022 3782 3067 3826 et
3084 3771 3303 3827 laborem
3318 3787 3482 3824 meum
3498 3787 3519 3825 :

1928 3875 2048 3933 vide
2072 3875 2419 3930 humilitatem
2447 3887 2618 3927 meam
2642 3912 2656 3936 ,
2687 3886 2790 3942 qua
2835 3883 3102 3939 nunquam
3135 3882 3221 3922 me
3266 3866 3520 3938 jactantia

1926 3966 2147 4038 justitia:
2187 3966 2254 4020 ab
2280 3964 2482 4018 unitate
2523 3962 2817 4032 abrumpo;
2849 3968 2904 4015 et
2934 3960 3169 4014 laborem
3196 3972 3395 4023 meum,
3417 3971 3524 4026 quo

1931 4057 2353 4128 indisciplinatos
2394 4054 2523 4110 mihi
2572 4054 2890 4109 commixtos
2934 4050 3151 4105 sull'ero.
3210 4048 3277 4103 Et
3328 4048 3525 4103 remitte

1932 4150 2102 4203 omnia
2142 4157 2345 4219 peccata
2389 4163 2497 4202 mea
2528 4162 2546 4201 :
2574 4154 2629 4200 et
2667 4145 2751 4200 his
2790 4141 3063 4198 sacrificiis
3092 4141 3406 4213 propitiatus
3434 4155 3523 4195 re-

1932 4243 2084 4297 mitte
2106 4249 2320 4312 peccata
2348 4254 2488 4306 mea,
2512 4254 2619 4292 non
2645 4237 2729 4291 illa
2758 4245 2961 4290 tantum
2985 4232 3277 4304 juventutis
3300 4240 3354 4286 et
3378 4231 3529 4302 igno-

1933 4335 2119 4391 rantia:
2150 4348 2281 4389 meae
2310 4340 2593 4402 antequam
2620 4328 2893 4383 crederem
2918 4367 2933 4393 ,
2966 4325 3059 4380 sed
3088 4324 3249 4378 etiam
3280 4324 3376 4378 ista
3408 4338 3528 4392 qua:

1930 4426 2041 4496 jam
2065 4440 2130 4480 ex
2159 4422 2260 4477 lide
2287 4422 2469 4475 vivens
2499 4436 2591 4490 per
2618 4416 2978 4472 inlirmitatem
3006 4414 3088 4469 vel
3116 4414 3235 4467 vita:
3260 4412 3417 4481 hujus
3437 4426 3529 4467 ca-

1937 4518 2153 4587 liginem
2188 4515 2429 4569 admitto.

2009 4607 2094 4663 19.
2139 4606 2301 4681 [vers.
2358 4601 2484 4677 19.]
2524 4601 2738 4673 Respice
2784 4600 3014 4655 inimicos
3070 4614 3238 4665 meos,
3290 4598 3529 4669 quoniam

1938 4698 2263 4770 multiplicati
2306 4706 2419 4752 sunt
2464 4713 2481 4750 :
2523 4709 2628 4751 non
2659 4694 2831 4749 solum
2861 4692 3003 4747 enim
3047 4690 3176 4746 loris
3201 4732 3215 4756 ,
3249 4689 3343 4746 sed
3369 4690 3529 4745 etiam

1941 4796 1991 4850 in
2048 4794 2161 4865 ipsa
2216 4793 2361 4846 intus
2418 4788 2668 4845 Ecclesia:
2730 4785 3106 4841 communione
3156 4798 3261 4838 non
3314 4781 3530 4838 desunt.

1944 4888 2010 4943 Et
2037 4888 2153 4943 odio
2198 4887 2371 4957 iniquo
2410 4884 2617 4939 oderunt
2656 4898 2734 4936 me
2759 4896 2778 4935 :
2808 4888 2862 4934 et
2904 4878 3131 4935 oderunt
3177 4891 3263 4933 me
3303 4876 3532 4947 diligen-

1942 4990 2051 5037 tem
2078 4995 2157 5035 se.
3520 4970 3521 4973 “

2012 5072 2103 5128 20.
2139 5071 2307 5145 [υενδ.
2336 5070 2425 5125 20.
2450 5067 2468 5140 ]
2512 5065 2719 5120 Custodi
2743 5065 2966 5118 animam
2992 5078 3174 5125 meam,
3202 5070 3250 5115 et
3276 5077 3395 5116 erue
3411 5078 3489 5114 me
3519 5075 3538 5114 :

1942 5164 2148 5221 custodi
2201 5164 2428 5217 animam
2475 5173 2685 5223 meam,
2728 5172 2793 5211 ne
2835 5156 3071 5210 decliner
3111 5155 3132 5185 '
3174 5153 3239 5207 ad
3281 5152 3536 5207 imitatio-

1945 5272 2066 5313 nem
2092 5269 2308 5317 eorum;
2339 5261 2393 5307 et
2418 5266 2547 5306 erue
2577 5265 2660 5303 me
2690 5264 2720 5303 a
2752 5248 3117 5317 perplexitate,
3148 5259 3249 5315 qua
3274 5244 3404 5298 mihi
3432 5242 3537 5296 mi-

1945 5358 2181 5405 scentur.
2215 5344 2336 5398 Non
2376 5340 2693 5413 confundar,
2719 5340 2959 5411 quoniam
2998 5336 3194 5409 speravi
3218 5336 3269 5389 in
3300 5345 3348 5389 te
3381 5350 3399 5387 :
3428 5347 3535 5386 non

1946 5436 2242 5495 confundar
2270 5435 2315 5489 si
2344 5433 2477 5489 forte
2508 5432 2787 5501 insurgunt
2812 5429 3095 5485 adversum
3126 5440 3211 5481 me
3236 5441 3251 5491 ;
3283 5422 3535 5493 quoniam

1946 5547 2052 5587 non
2085 5531 2140 5584 in
2166 5543 2253 5583 me
2277 5571 2291 5594 ,
2320 5526 2413 5582 sed
2441 5526 2491 5580 in
2524 5534 2575 5580 te
2600 5524 2830 5595 speravi.

2017 5622 2107 5676 2|.
2141 5620 2312 5694 [νοτε.
2342 5619 2430 5674 21.
2456 5617 2475 5690 ]
2515 5616 2815 5671 Innocentes
2840 5624 2884 5670 et
2910 5615 3029 5668 recti
3050 5611 3366 5665 adhteserunt
3389 5608 3535 5676 mihi,

1938 5838 1941 5843 .
2015 5800 2033 5832 ⁸
2058 5797 2189 5857 add,
2207 5794 2389 5857 statuit.
2412 5801 2465 5844 Αῑ
2480 5800 2606 5853 Mss,
2632 5797 2803 5857 statuet
2832 5791 3009 5851 :juxta
3030 5792 3156 5845 ιιι,
3182 5784 3537 5836 nontothctései.

2013 5864 2033 5893 ³
2056 5852 2191 5921 ΡΜ..
2218 5856 2470 5908 declinem.
2496 5852 2880 5921 ιιδδιέλάεειὶιιει·ἐ

2017 5907 2191 5988 (αῖὖᾶ
2206 5907 2456 5973 ὶιόενειιε.
2486 5919 2544 5969 15
2560 5907 2671 5968 vide
2695 5921 2829 5965 Bnar.
2857 5913 2888 5966 2
2918 5910 3038 5963 Psnl.
3068 5924 3206 5976 ιιιι,
3227 5922 3277 5964 ιι.
3302 5907 3381 5959 21.
