4032 6472
178 399 265 482 ιω

198 533 457 600 excusaret
485 540 552 602 se
579 526 658 614 de
686 531 1023 614 obscuritate
1052 529 1334 606 lectionis,
1366 531 1496 610 dicit
1533 532 1587 600 in
1614 547 1802 608 conse-

204 621 467 710 quentibus
497 638 513 675 :
549 609 900 698 QuaprOpter
923 609 1224 699 deponent“
1255 625 1604 710 mendacium,
1635 626 1800 698 loqui-

207 717 312 772 mini
350 709 643 794 veritatem.
683 709 764 798 Et
810 733 938 774 ecce
984 719 1084 798 hoc
1127 725 1209 788 est
1251 709 1522 802 deponere
1566 727 1798 786 veterem

210 810 485 880 hominem,
513 817 572 888 et
602 809 836 888 induere
863 826 1055 886 novum
1085 828 1098 865 :
1132 811 1473 890 Quapropter,
1499 813 1799 890 deponentes

205 902 514 976 mendacium
540 945 557 973 ,
615 903 888 982 loquimini
947 905 1244 984 geritatem,
1300 907 1638 982 unusquisque
1684 925 1800 968 cum

206 997 423 1070 proximo
435 1014 534 1072 suo
549 1013 569 1053 :
582 999 706 1072 quia
727 1015 902 1074 sumus
915 999 1126 1053 invicem
1139 1000 1358 1080 membra
1375 999 1666 1074 (Ep/mw,
1679 1001 1770 1072 25)
1781 1042 1796 1057 .

266 1090 316 1146 2.
356 1089 438 1148 Ne
467 1099 655 1170 autem
678 1091 958 1166 quisquam
979 1101 1214 1164 vestrum
1241 1093 1311 1154 ita
1339 1094 1556 1164 cogitet,
1582 1092 1796 1166 fratres,

201 1201 311 1244 cum
337 1184 650 1252 christiano
679 1185 998 1268 loquendam
1039 1171 1316 1260 veritatem
1359 1194 1413 1242 et
1444 1201 1565 1242 cum
1595 1201 1799 1259 pagano

200 1281 560 1360 mendacium.
605 1280 742 1356 Cum
793 1279 1039 1354 proximo
1087 1291 1178 1336 tuo
1234 1281 1472 1352 loquere.
1518 1281 1798 1338 Proximus

198 1383 313 1430 tuus
339 1375 432 1430 ille
459 1383 585 1444 est,
616 1376 705 1460 qui
737 1382 912 1454 tecum
952 1383 1106 1431 natus
1137 1381 1221 1431 est
1263 1389 1328 1450 ex
1379 1373 1544 1429 Adam
1585 1383 1638 1430 et
1666 1375 1795 1430 Eva.

195 1463 390 1534 Omnes
411 1465 652 1540 proximi
677 1481 862 1523 sumus
887 1466 1192 1522 conditione
1218 1475 1444 1524 terrena:
1466 1467 1755 1526 nativitatis
1777 1483 1794 1524 :

193 1558 285 1636 sed
311 1559 476 1616 aliter
507 1539 703 1616 fratres
732 1559 823 1638 illa
852 1573 946 1632 spe
971 1559 1205 1614 ccclesiis
1226 1558 1571 1615 hmrcditatis.
1604 1559 1797 1620 Proxi-

195 1669 335 1708 mum
348 1662 506 1708 tuum
524 1652 692 1728 debes
711 1661 894 1728 putare
911 1667 1118 1710 omnem
1135 1651 1427 1717 hominem,
1445 1660 1495 1706 et
1512 1660 1797 1722 antequam

193 1744 261 1801 sit
283 1745 640 1804 cbristianus.
673 1743 788 1804 Non
821 1745 963 1818 enim
1005 1745 1145 1800 nosti
1185 1743 1310 1816 quid
1349 1743 1416 1800 sit
1437 1743 1575 1813 apud
1605 1744 1794 1818 Deum,

193 1835 466 1915 quomodo
494 1836 643 1898 illum
679 1835 1008 1914 pmsciverit
1040 1835 1180 1898 Deus
1225 1835 1456 1906 ignoras.
1499 1834 1797 1906 Aliquando

191 1945 360 2001 quem
385 1931 576 1986 irrides
600 1930 915 1985 adorantem
957 1929 1178 1998 lapides,
1207 1936 1557 1994 convertitur,
1621 1937 1675 1984 et
1704 1928 1798 1984 ad-

191 2030 318 2099 orat
336 2023 529 2092 Deum,
549 2021 778 2104 (ornasse
793 2020 1091 2094 religiosius
1106 2035 1264 2100 quam
1289 2029 1368 2087 tu,
1389 2019 1479 2091 qui
1501 2035 1621 2092 eum
1639 2020 1796 2090 paulo

192 2125 318 2190 ante
341 2114 630 2180 irridebas.
672 2115 812 2180 Sunt
853 2129 981 2192 ergo
1022 2113 1251 2184 proximi
1290 2112 1456 2170 nostri
1485 2112 1711 2169 latentes
1741 2114 1793 2170 in

195 2207 279 2265 his
305 2209 619 2286 hominibus
641 2251 655 2276 ,
686 2209 776 2284 qui
805 2208 1036 2276 nondum
1067 2217 1190 2266 sunt
1215 2208 1269 2263 in
1296 2207 1566 2276 Ecclesia;
1592 2216 1649 2266 et
1671 2217 1796 2265 sunt

196 2299 347 2372 longe
372 2316 406 2378 a
451 2300 610 2360 nobis
655 2301 880 2378 lateutes
910 2305 964 2356 in
1010 2299 1270 2372 Ecclesia.
1299 2299 1530 2372 Ideoque
1570 2301 1660 2371 qui
1687 2316 1795 2358 non

193 2375 390 2448 scimus
417 2391 595 2466 futura
618 2433 631 2456 ,
659 2375 1097 2464 unumquemque
1135 2392 1434 2462 proximum
1461 2392 1751 2450 habeamus
1774 2435 1790 2458 .

195 2497 294 2562 oon
325 2484 508 2560 solum
555 2483 864 2539 conditione
910 2484 1251 2562 mortalitatis
1293 2483 1538 2542 humana:
1561 2528 1576 2553 ,
1607 2501 1711 2556 qua
1739 2487 1792 2542 in

195 2557 566 2653 hanc'terra‘m
609 2577 796 2648 eadem
837 2557 980 2636 sorte
1009 2577 1356 2650 devenimus;
1385 2579 1480 2636 sed
1507 2579 1667 2636 etiam
1697 2596 1794 2652 spe

195 2669 330 2747 illius
361 2667 733 2746 bmreditatis,
761 2669 887 2746 quia
932 2684 1037 2744 non
1081 2670 1280 2734 scimus
1325 2670 1451 2742 quid
1491 2669 1701 2727 futurus
1724 2672 1795 2739 sit

194 2759 276 2830 qui
304 2759 472 2828 modo
503 2757 635 2838 nihil
657 2767 760 2816 est.

259 2852 312 2912 ὅ.
352 2852 502 2921 Ergo
544 2850 809 2928 attendite
843 2859 1035 2926 caetera
1073 2853 1125 2918 in
1155 2852 1426 2930 induendo
1462 2869 1656 2912 novum
1687 2855 1789 2914 ho-

194 2947 387 3002 minem
415 2957 474 3003 et
498 2948 746 3003 exuendo
771 2958 1028 3004 veterem.
1056 2949 1393 3021 Deponentes,
1424 2952 1614 3024 inquit,
1645 2969 1789 3028 incn-

191 3041 416 3112 dagium,
451 3043 722 3114 loquimini
749 3043 1008 3118 unitatem
1042 3046 1379 3120 unusquisque
1415 3062 1530 3106 cum
1557 3047 1789 3120 proximo

190 3148 280 3188 suo
306 3149 328 3190 :
349 3134 478 3210 quia
515 3150 694 3210 sumtu
728 3135 939 3210 ipoicem
965 3135 1206 3202 membra.
1241 3134 1571 3205 Irascimiui;
1608 3146 1656 3192 et
1693 3154 1788 3192 na-

296 3241 533 3299 peccare.
559 3225 618 3282 Si
645 3234 928 3303 propterea
948 3227 1198 3284 irasceris
1221 3244 1378 3286 servo
1401 3238 1492 3285 tuo
1517 3230 1640 3300 quia
1660 3246 1789 3302 pec-

191 3315 325 3391 cavit
359 3333 379 3376 :
407 3332 480 3394 ne
507 3325 563 3372 et
584 3326 639 3388 tu
668 3317 782 3390 ipse
809 3333 1018 3394 pecces,
1042 3319 1275 3379 irascere
1302 3321 1416 3377 tibi.
1449 3320 1545 3378 Sol
1571 3338 1673 3378 non
1698 3340 1787 3378 oc-

191 3409 321 3474 cidat
373 3427 533 3483 super
583 3411 903 3470 iracundiam
956 3422 1169 3469 vestram
1225 3413 1414 3487 (Ibid.
1459 3416 1552 3488 26)
1586 3434 1599 3471 :
1629 3417 1788 3474 intel-

192 3499 365 3572 ligitur
381 3501 605 3576 quidem
626 3504 923 3576 secundum
951 3515 1180 3581 tempus,
1207 3504 1428 3576 fratres;
1454 3509 1576 3580 quia
1597 3511 1693 3565 etsi
1719 3527 1786 3568 ex

192 3593 299 3662 ipsa
346 3594 586 3662 humana
629 3596 935 3666 conditione
974 3607 1029 3670 et
1064 3599 1373 3662 infirmitate
1419 3603 1780 3671 mortalitatis,

191 3700 340 3758 quam
371 3695 674 3763 portamus,
720 3689 958 3762 subrepit
1006 3691 1079 3745 ira
1117 3692 1429 3764 christiano,
1482 3711 1586 3750 non
1625 3695 1786 3752 debet

189 3775 276 3846 diu
310 3778 489 3839 teneri
517 3788 573 3852 et
613 3779 728 3838 ﬁeri
758 3780 1020 3852 pridiana.
1052 3783 1200 3853 Ejice
1229 3785 1370 3856 illam
1400 3786 1467 3842 de
1495 3788 1656 3856 corde
1684 3805 1784 3845 an-

189 3876 399 3944 tequam
440 3871 655 3946 occidat
696 3873 784 3927 lux
832 3874 932 3930 ista
979 3876 1222 3944 visibilis,
1270 3894 1336 3942 ne
1378 3889 1428 3936 te
1457 3880 1668 3956 deserat
1695 3883 1783 3948 lux

190 3963 270 4020 illa
301 3965 612 4036 invisibilis.
643 3966 748 4024 Sed
769 3976 826 4042 et
848 3969 1004 4042 aliter
1031 3969 1168 4044 bene
1189 3971 1522 4048 intelligitur,
1550 3977 1671 4047 quia
1701 3987 1782 4042 est

190 4067 368 4126 noster
395 4059 477 4116 sol
500 4058 724 4130 justitiai
753 4061 950 4135 veritas
979 4060 1223 4134 Christus
1262 4084 1276 4120 ;
1317 4083 1421 4126 non
1453 4069 1555 4126 iste
1583 4071 1660 4126 sol
1691 4072 1784 4141 qui

189 4148 439 4224 adorati"
467 4166 499 4204 a
539 4152 770 4227 Raganis
793 4162 848 4209 et
874 4155 1200 4229 Manichaeis,
1233 4167 1288 4218 et
1326 4159 1534 4216 videtur
1560 4163 1720 4226 etiam
1749 4180 1782 4226 a

188 4243 598 4311 peccatoribus;
644 4245 738 4318 sed
785 4245 874 4316 ille
916 4246 1055 4320 alius
1091 4249 1244 4320 cujus
1285 4253 1506 4320 veritate
1551 4255 1780 4322 humana

187 4342 368 4405 natura
395 4335 715 4403 illustratur,
739 4336 805 4400 ad
835 4352 992 4410 quem
1015 4339 1244 4410 gaudent
1273 4341 1479 4414 Angeli,
1506 4344 1778 4414 hominum

185 4434 358 4496 autem
411 4425 736 4501 infirmataa‘
800 4429 946 4501 acies
997 4430 1173 4494 cordis
1219 4433 1322 4490 etsi
1377 4435 1642 4505 trepidant
1677 4439 1779 4504 sub

185 4516 343 4594 radiis
369 4516 512 4592 ejus,
547 4517 616 4592 ad
645 4534 770 4588 eum
801 4528 978 4592 tamen
1007 4524 1471 4597 contemplandum
1496 4542 1592 4597 per
1627 4543 1779 4587 man-

183 4605 298 4682 data
329 4619 650 4684 purgantur.
676 4610 810 4680 Cum
844 4615 1069 4686 creperit
1096 4614 1196 4688 iste
1239 4616 1324 4672 sol
1352 4618 1404 4672 in
1437 4619 1653 4678 homine
1682 4621 1778 4678 ha-

184 4699 349 4758 bitare
382 4718 480 4774 per
515 4703 696 4770 fidem,
726 4721 834 4776 non
877 4717 1079 4768 tantum
1122 4709 1174 4764 in
1208 4717 1258 4764 te
1287 4712 1459 4772 valeat
1502 4713 1774 4778 iracundia

183 4809 294 4864 qua
319 4798 374 4848 in
399 4804 452 4864 te
476 4798 732 4864 nascitur,
757 4806 814 4854 ut
834 4799 1039 4870 occidat
1065 4817 1228 4873 super
1255 4803 1580 4860 iracundiam
1607 4815 1771 4875 tuam,

183 4883 231 4941 id
253 4896 360 4961 est,
391 4889 610 4956 deserat
636 4889 882 4958 Christus
907 4902 1140 4962 mentem
1173 4903 1352 4963 tuam;
1383 4897 1504 4966 quia
1531 4913 1635 4952 non
1663 4901 1775 4957 vult

184 4976 423 5050 habitare
467 4979 713 5052 Christus
763 4999 884 5052 cum
925 4985 1198 5044 iracundia
1231 4996 1339 5046 tua.
1371 4988 1592 5048 Videtur
1627 4993 1771 5058 enim

179 5073 324 5140 quasi
365 5071 486 5144 ipse
521 5087 552 5128 a
590 5083 642 5130 te
685 5073 951 5144 occidere,
996 5093 1118 5156 cum
1167 5087 1220 5144 tu
1260 5080 1328 5136 ab
1377 5081 1494 5151 ipso
1522 5083 1767 5142 occidas:

180 5163 296 5232 quia
335 5163 416 5234 ira
445 5179 570 5220 cum
617 5165 1017 5236 inveteraverit,
1061 5170 1241 5238 odium
1273 5172 1370 5238 fit;
1411 5189 1531 5240 cum
1575 5175 1770 5243 factum

179 5251 334 5312 fuerit
356 5256 563 5342 odium,
591 5259 704 5329 jam
742 5259 1009 5328 homicida
1053 5278 1132 5320 es.
1167 5263 1346 5333 Omnis
1375 5267 1506 5324 enim
1533 5269 1620 5339 qui
1663 5270 1770 5334 odit

177 5351 384 5416 fratrem
397 5347 565 5418 suum,
596 5352 852 5406 homicida
881 5363 952 5408 est
981 5353 1024 5428 (1
1042 5352 1201 5410 Joan.
1231 5373 1306 5422 ιιι,
1343 5358 1454 5428 15),
1485 5359 1623 5415 sicut
1643 5361 1771 5416 dicit

174 5439 405 5518 Joannes
442 5446 740 5524 apostolus.
791 5445 921 5526 item
970 5448 1084 5528 ipse
1121 5449 1270 5520 dicit,
1312 5451 1434 5530 quia
1477 5453 1639 5526 omnis
1683 5455 1769 5524 qui

173 5534 277 5588 odit
302 5541 512 5606 fratrem
535 5555 710 5612 suum,
735 5539 790 5592 in
811 5538 1023 5596 tenebris
1043 5550 1210 5596 manet
1235 5541 1344 5612 (Id.
1375 5559 1432 5608 ll,
1462 5544 1520 5615 9)
1551 5563 1565 5601 :
1593 5555 1769 5603 etnon

173 5627 361 5709 mirum
386 5632 429 5710 si
459 5632 551 5708 ille
580 5631 634 5710 in
672 5631 908 5706 tenebris
948 5641 1146 5701 manet,
1178 5649 1209 5690 a
1235 5650 1342 5706 quo
1367 5637 1564 5693 occidit
1590 5639 1694 5694 sol.

238 5723 294 5776 4.
332 5707 410 5779 Ad
449 5707 555 5787 hoc
595 5707 742 5780 torte
785 5724 945 5779 etiam
975 5726 1211 5796 pertinet
1252 5727 1394 5798 quod
1438 5729 1661 5787 audistis
1707 5731 1764 5788 in

165 5856 340 5970 “ﬁt:
366 5862 645 5916 vetusood.
677 5859 821 5912 θοι-ι).
845 5861 1311 5943 studeam

1338 409 1735 484 mansum
1760 408 1827 486 ιιι
1864 411 2188 502 psaLuuu
2222 417 2393 488 xxv.

3389 437 3493 514 180

1908 536 2200 638 Evangelio
2229 560 2244 600 :
2271 542 2661 638 Periclitaiotur
2699 552 2955 637 navigium
2986 555 3041 612 in
3066 565 3266 638 stam,
3291 569 3339 630 et
3366 562 3491 638 dor-

1907 633 2091 730 miebat
2133 633 2284 704 locus
2319 635 2469 718 (Luc.
2511 656 2626 710 vui,
2675 643 2794 724 εξ).
2832 633 3152 730 Navigamus
3179 633 3337 726 Enim
3379 633 3487 728 per

1906 726 2170 798 quoddam
2201 737 2467 804 stagnum,
2495 742 2551 804 et
2577 745 2764 808 ventus
2786 747 2838 807 et
2858 726 3112 810 procellae
3134 760 3237 800 non
3260 726 3486 806 desunt:

1905 822 2286 886 tentationibus
2313 827 2636 908 quotidianis
2660 830 2817 903 hujus
2845 835 3028 908 sinenti
3061 852 3225 909 prope
3246 843 3490 911 Oppletur

1905 921 2144 982 nostrum
2173 918 2463 994 navigium.
2512 920 2665 980 Unde
2692 934 2868 982 autem
2901 927 2978 994 fit,
3011 928 3112 999 nisi
3143 932 3264 1001 quia
3293 931 3492 1000 dormit

1903 1004 2097 1080 Jesus?
2126 1008 2180 1076 Si
2203 1025 2312 1068 non
2335 1011 2593 1074 dormiret
2623 1015 2675 1073 in
2703 1027 2753 1073 te
2781 1017 2958 1088 Jesus,
2990 1029 3336 1095 tempestates
3362 1026 3492 1084 istas

1902 1114 2009 1156 non
2048 1103 2342 1182 patereris;
2370 1105 2464 1162 sed
2512 1109 2946 1182 tranquillitatem
2985 1112 3214 1186 haberes
3241 1103 3488 1186 interius,

1903 1193 2258 1268 cunvigilante
2307 1203 2482 1256 tecum
2531 1199 2678 1272 Jesu.
2731 1203 2869 1279 Quid
2914 1215 3002 1278 est
3041 1217 3238 1278 autem,
3287 1210 3492 1276 dormit

1901 1281 2091 1360 Jesus?
2120 1287 2279 1362 Fides
2310 1299 2400 1367 tua
2428 1307 2546 1364 quae
2585 1303 2666 1350 est
2706 1294 2773 1354 de
2796 1296 2945 1366 ,lcsu,
2977 1299 3318 1374 obdormivit.
3351 1303 3489 1368 Sur-
3531 1365 3538 1370 _

1901 1385 2032 1448 gunt
2055 1379 2298 1448 procellae
2337 1384 2507 1456 stagni
2538 1383 2712 1454 hujus,
2745 1387 2893 1443 vides
2933 1390 3103 1446 malos
3141 1391 3354 1460 florere,
3388 1395 3489 1460 bo-

1903 1482 2000 1523 nos
2051 1469 2333 1549 laborare;
2381 1475 2603 1530 teutatio
2650 1485 2752 1544 est,
2809 1477 3008 1538 fructus
3049 1491 3150 1552 est.
3201 1482 3270 1544 Et
3320 1483 3482 1548 dicit‘

1901 1559 2079 1616 anima
2126 1571 2210 1636 tua
2241 1562 2327 1620 :0
2373 1564 2534 1634 Deus,
2580 1567 2690 1640 ipsa
2734 1570 3042 1642 estjustitia
3093 1581 3201 1642 tua,
3258 1586 3312 1632 ut
3361 1579 3489 1636 mali

1901 1650 2148 1723 ﬂoreant,
2190 1656 2318 1735 boni
2361 1657 2644 1724 laborent?
2673 1661 2812 1718 Dicis
2842 1663 2990 1736 lico:
3024 1665 3138 1736 ipsa
3181 1669 3486 1739 estjustitia

1901 1746 2031 1800 tua?
2056 1746 2123 1804 Et
2163 1746 2306 1806 Deus
2341 1749 2433 1810 tibi
2463 1768 2475 1804 :
2502 1751 2617 1823 Ipsa
2642 1764 2722 1809 est
2753 1755 2881 1826 lides
2911 1759 3040 1812 tua?
3067 1759 3192 1822 [an
3221 1763 3361 1820 enim
3393 1765 3487 1828 tibi

1904 1837 2165 1916 promisi?
2207 1839 2274 1895 ad
2316 1840 2419 1898 hoc
2443 1842 2766 1916 christianus
2791 1846 2966 1916 factus
3001 1865 3082 1918 es,
3112 1861 3169 1910 ut
3206 1854 3259 1909 in
3286 1851 3487 1932 sineulo

1900 1930 2002 1988 isto
2042 1931 2304 2002 ﬂoreres?
2334 1939 2656 2008 torqueris’,
2700 1941 2822 2012 quia
2862 1941 2949 1999 hic
2987 1945 3110 2009 mali
3141 1930 3351 2014 ﬂorent,
3394 1953 3485 2022 qui

1900 2039 2021 2082 cum
2071 2025 2284 2100 diabolo
2338 2039 2520 2108 postea
2569 2034 2997 2103 torquebuntur‘.’
3047 2036 3157 2098 Sed
3203 2041 3343 2104 unde
3381 2042 3488 2103 hoc

1899 2124 2074 2184 dicis?
2116 2127 2256 2184 unde
2284 2129 2530 2188 ﬂuctibus
2575 2124 2748 2205 stagni
2782 2144 2835 2194 et
2862 2146 3176 2208 tempestate
3211 2139 3485 2201 turbaris!

1899 2217 2032 2286 Quia
2072 2219 2267 2276 dormit
2289 2221 2465 2291 Iesus,
2508 2224 2559 2282 id
2599 2235 2699 2293 est,
2727 2229 2849 2300 quia
2875 2229 3009 2286 fides
3035 2240 3122 2287 tua
3153 2249 3272 2303 qua:
3305 2241 3388 2288 est
3414 2231 3485 2289 de

1899 2309 2049 2378 Jesu,
2073 2313 2245 2382 sopita
2276 2325 2360 2378 est
2388 2316 2440 2371 in
2463 2317 2626 2376 corde
2655 2328 2764 2376 tuo.
2792 2321 2929 2392 Quid
2961 2322 3093 2380 facis
3122 2335 3181 2381 ut
3203 2326 3486 2383 libereris?

1899 2401 2083 2458 Excita
2109 2402 2316 2472 Iesum,
2358 2415 2412 2463 et
2454 2409 2562 2476 dic,
2611 2410 2874 2485 Magister,
2895 2417 3114 2485 perimus
3145 2417 3337 2490 (lbid.,
3367 2419 3484 2491 24).

1896 2493 2108 2552 Movent
2136 2497 2278 2558 enim
2305 2498 2506 2558 incerta
2533 2503 2707 2574 stagni
2732 2521 2745 2559 :
2779 2506 3032 2578 perimus.
3062 2508 3345 2579 Evigilabit
3371 2511 3484 2579 ille,

1898 2585 1952 2642 id
1981 2597 2084 2652 est,
2109 2588 2277 2654 redict
2327 2591 2392 2650 ad
2424 2601 2476 2652 le
2501 2592 2635 2664 fides
2665 2604 2788 2663 tua;
2817 2607 2871 2653 et
2899 2599 3184 2668 adiuvante
3216 2602 3326 2670 illo,
3353 2617 3487 2659 con-

1895 2677 2154 2746 siderabis
2175 2682 2226 2736 in
2255 2682 2433 2744 anima
2467 2691 2576 2751 tua,
2607 2686 2730 2756 quia
2759 2703 2878 2759 qua:
2903 2689 3099 2750 dantur
3123 2691 3286 2748 modo
3308 2693 3483 2762 malis,

1897 2785 2004 2826 non
2043 2785 2164 2832 cum
2203 2772 2312 2830 illis
2349 2778 2806 2843 perseverabunt:
2833 2790 2923 2836 aut
2949 2782 3090 2838 enim
3121 2784 3365 2842 viventes
3389 2799 3485 2842 eos

1894 2859 2170 2927 deserunt,
2211 2871 2303 2924 aut
2331 2879 2363 2918 a
2404 2867 2753 2926 morientibus
2783 2869 3137 2939 deseruntur;
3173 2875 3265 2930 tibi
3303 2884 3483 2933 autem

1895 2954 2036 3024 quod
2078 2957 2424 3026 promittitur,
2473 2960 2712 3022 manebit
2763 2962 2815 3018 in
2863 2970 3144 3020 aeternum.
3191 2965 3300 3024 lllis
3340 2968 3483 3038 quod

1895 3048 2259 3118 tcmporaliter
2287 3051 2618 3118 conceditur,
2641 3052 2747 3109 cito
2775 3054 2996 3115 tollitur.
3029 3056 3234 3116 Floruit
3259 3059 3400 3116 enim
3426 3068 3485 3118 ut

1891 3139 1992 3206 llos
2024 3141 2152 3197 feni.
2202 3141 2388 3198 Omnis
2437 3144 2578 3200 enim
2608 3159 2734 3214 caro
2761 3147 2938 3202 fenum
2965 3164 2978 3203 :
3010 3151 3151 3205 aruit
3185 3150 3388 3218 fenum,
3419 3159 3484 3214 et

1892 3230 1991 3288 llos
2029 3233 2225 3290 decidit
2257 3251 2269 3287 :
2306 3235 2533 3292 verbum
2575 3245 2754 3296 autem
2786 3239 2996 3300 Domini
3027 3251 3205 3300 manet
3245 3243 3297 3298 in
3325 3251 3485 3304 αξιοι·-

1893 3339 2018 3380 num
2051 3323 2202 3398 (Isai.
2233 3342 2328 3395 ιι..
2353 3327 2406 3392 6,
2435 3326 2518 3401 8).
2554 3329 2702 3386 Pone
2745 3346 2873 3403 ergo
2903 3333 3120 3391 dorsum
3149 3335 3215 3390 ad
3255 3335 3309 3392 id
3338 3336 3483 3407 quod

1891 3416 2054 3485 cadit,
2121 3427 2176 3474 et
2212 3418 2402 3484 faciem
2449 3420 2517 3475 ad
2561 3421 2691 3480 illud
2736 3425 2878 3494 quod
2930 3435 3128 3482 manet.
3187 3428 3483 3500 Evigilanlﬂ

1891 3509 2104 3566 Christo
2129 3511 2239 3581 jam
2273 3521 2561 3582 tempestas
2591 3514 2679 3574 illa
2710 3530 2814 3572 non
2835 3518 3039 3588 quatiet
3057 3533 3152 3577 cor
3174 3528 3344 3586 tuum,
3372 3535 3481 3579 non

1891 3602 2182 3672 opplebunt
2218 3602 2410 3676 ﬂuctus
2437 3605 2614 3662 navim
2646 3617 2829 3664 tuam:
2861 3610 2981 3678 quia
3014 3610 3149 3669 fides
3189 3621 3275 3668 tua
3303 3613 3478 3683 impe-

1889 3704 1973 3753 rat
1993 3697 2166 3758 ventis
2191 3708 2246 3754 et
2274 3698 2551 3768 ﬂuctibus,
2579 3709 2636 3758 et
2667 3703 2890 3760 transiet
2919 3706 3238 3775 periculum.
3268 3707 3350 3763 Ad
3375 3708 3480 3765 hoc

1888 3790 2029 3848 enim
2063 3791 2310 3860 pertinet,
2347 3790 2560 3859 fratres,
2595 3801 2762 3850 totum
2812 3795 2864 3851 id
2890 3797 3032 3868 quod
3076 3798 3205 3854 dicit
3249 3801 3480 3871 Aposto-

1889 3881 1995 3947 lus,
2027 3881 2095 3938 de
2119 3883 2367 3940 exuendo
2389 3895 2624 3942 veterem
2650 3885 2945 3945 hominem.
2970 3888 3285 3961 Irascimini,
3314 3903 3362 3948 et
3381 3910 3476 3948 no-

1889 3972 1978 4031 lite
2024 3992 2234 4046 peccare
2263 3994 2282 4032 :
2307 3978 2385 4034 sol
2431 3995 2534 4035 non
2576 3981 2772 4036 occidat
2814 3999 2969 4052 super
3020 3984 3338 4040 iracundiam
3388 4003 3478 4043 oe-

1887 4075 2083 4125 stram:
2112 4083 2272 4140 neque
2307 4066 2474 4126 locum
2515 4070 2646 4125 detis
2685 4072 2889 4130 diabolo
2911 4089 2929 4128 :
2955 4082 3109 4131 vetus
3150 4091 3278 4148 ergo
3314 4078 3478 4136 dabat

1886 4157 2084 4224 locum,
2123 4175 2292 4219 novus
2315 4175 2419 4216 non
2445 4161 2556 4218 det.
2584 4162 2684 4230 Qui
2703 4164 2990 4234 iurabatur,
3015 4168 3130 4238 jam
3155 4185 3254 4224 non
3279 4175 3477 4240 [aretur

1886 4247 2099 4319 (ΕμΙιεε.
2134 4266 2209 4316 ιν,
2240 4251 2436 4324 26-28)
2462 4270 2476 4306 :
2505 4261 2657 4310 vetus
2683 4271 2812 4326 ergo
2837 4255 3133 4326 furabatur,
3159 4275 3330 4318 novus
3365 4277 3475 4317 non

1886 4339 2109 4403 furetur.
2140 4343 2258 4413 ipse
2295 4343 2458 4401 homo
2482 4353 2586 4412 est,
2621 4361 2760 4402 unus
2799 4347 2960 4403 homo
2989 4357 3074 4404 est
3096 4367 3112 4406 :
3138 4350 3308 4420 Adam
3335 4361 3470 4420 erat,

1882 4433 2128 4506 Christus
2176 4436 2244 4492 sit
2274 4443 2465 4494 :vetus
2503 4444 2642 4502 erat,
2679 4451 2850 4494 novus
2889 4439 2994 4505 sit;
3038 4449 3093 4495 et
3131 4449 3322 4498 caetera
3355 4458 3476 4513 qua:

1881 4523 1955 4579 ibi
1983 4533 2297 4595 sequuntur.

1894 4628 1904 4644 '
1952 4619 2004 4675 ὅ.
2049 4616 2153 4676 Sed
2185 4619 2455 4676 Psalmum
2481 4619 2760 4678 videamus
2789 4622 2947 4694 paulo
2985 4623 3312 4695 diligentius,
3343 4627 3470 4698 quia

1878 4726 1999 4774 cum
2029 4713 2253 4784 quisque
2294 4715 2578 4785 proiecerit
2619 4715 2672 4771 iu
2701 4716 2964 4786 Ecclesia,
2996 4734 3221 4775 necesse
3263 4729 3346 4775 est
3371 4737 3471 4790 pa-

1881 4802 2041 4868 tiatur
2068 4804 2239 4860 malos
2285 4805 2339 4860 in
2382 4805 2646 4863 Ecclesia.
2675 4807 2780 4864 Sed
2823 4824 2933 4865 non
2963 4825 3057 4865 eos
3083 4811 3355 4880 cognoscit
3381 4811 3472 4879 qui

1879 4895 2001 4952 talis
2023 4905 2137 4964 est;
2165 4913 2467 4968 quanquam
2495 4899 2645 4954 multi
2675 4899 2799 4955 mali
2830 4910 3168 4956 murmurent
3210 4902 3472 4959 adversus

1877 4988 2070 5053 malos,
2096 4989 2364 5059 quomodo
2397 4989 2605 5046 facilius
2631 5005 2771 5046 unus
2809 5004 2972 5048 sanus
3001 4990 3106 5048 fert
3135 4992 3268 5048 duos
3301 5009 3474 5064 aegro-

1878 5087 1981 5145 tos,
2005 5095 2161 5151 quam
2190 5079 2296 5138 duo
2321 5081 2505 5152 :egroﬂ
2531 5095 2592 5137 se
2616 5081 2844 5138 invicem
2873 5082 3130 5155 singulos.
3160 5083 3344 5156 Itaque
3363 5084 3472 5144 hoc

1878 5171 2238 5241 praecipimus,
2289 5171 2501 5238 fratres,
2547 5173 2686 5228 Area
2725 5183 2811 5228 est
2853 5174 3088 5230 Ecclesia
3132 5175 3293 5246 hujus
3333 5184 3470 5232 tem-

1878 5262 2021 5333 poris
2050 5280 2062 5318 :
2093 5277 2236 5334 saepe
2261 5262 2511 5328 diximus,
2538 5278 2685 5335 saepe
2709 5265 2956 5336 dicimus,
2983 5266 3052 5322 Et
3073 5267 3278 5338 paleam
3306 5267 3469 5323 habet

1876 5365 1930 5412 et
1949 5354 2299 5413 frumentum.
2326 5355 2496 5414 Nemo
2521 5367 2729 5430 quaerat
2748 5359 2894 5416 exire
2915 5369 3079 5416 totam
3107 5361 3333 5430 paleam,
3362 5359 3468 5414 nisi

1877 5457 2116 5519 tempore
2138 5450 2522 5508 ventilationis.
2553 5451 2724 5508 Nemo
2755 5461 2880 5508 ante
2920 5462 3130 5522 tempus
3157 5450 3465 5508 ventilatio-

1874 5542 1958 5600 nis
1986 5541 2194 5599 deserat
2229 5557 2432 5612 aream,
2463 5544 2615 5616 quasi
2641 5543 2768 5602 dum
2798 5561 2903 5601 non
2931 5546 3044 5600 vult
3074 5545 3180 5616 pati
3209 5553 3464 5614 peccato-

1939 5745 2682 5814 ξπθάθοὶωιιδεηειάιώίωι.
2721 5809 2732 5814 _
2924 5805 2935 5814 ,
2988 5805 3035 5814 ,ν
3102 5805 3124 5814 _
3366 5811 3377 5814 _
3421 5803 3432 5813 .

1941 5811 1960 5879 ξ
1984 5811 2058 5857 Sic
2079 5815 2158 5879 Er.
2182 5817 2235 5860 et
2256 5805 2441 5879 atssz'At
2468 5816 2600 5870 Lov.,
2622 5816 2684 5879 _ut
2713 5809 2766 5879 in
2788 5805 2962 5879 saequ
2980 5805 3068 5857 ista
3090 5805 3314 5879 ﬂoreres.
3331 5811 3377 5856 et
3395 5805 3464 5879 fin

1873 5870 2045 5936 [tauro
2057 5877 2220 5931 postea
2257 5871 2309 5920 in
2345 5869 2534 5936 inferno
2565 5870 2836 5926 miserim
2869 5869 3200 5932 torquereris?
3229 5869 3348 5934 Quia
3383 5878 3464 5922 lue
