4032 6458
545 439 642 499 i9!
1748 435 1804 492 S.
1845 427 2210 491 AUGUSTINI
2249 427 2554 489 EPISCOPI

546 570 674 613 res:
705 569 774 611 ne
827 561 1024 626 prater
1069 567 1249 610 aream
1298 553 1566 620 inventus,
1618 550 1766 622 prius
1819 551 1886 604 ab
1945 549 2131 604 avibus

545 647 846 720 eolligatur,
894 663 1054 720 quam
1091 646 1416 720 ingrediatur
1455 649 1508 702 in
1555 646 1824 701 horreum.
1857 641 2133 712 Quomodo
2171 701 2178 706 _

547 750 726 795 autem
775 738 898 804 hoc,
936 738 1148 806 fratres,
1186 737 1425 793 dicamus
1470 735 1745 792 attendite.
1793 733 1968 790 Grana
2011 748 2132 788 cum

549 830 814 900 coeperint
843 830 1098 896 triturari,
1131 831 1270 886 inter
1300 831 1478 901 paleas
1501 829 1610 900 jam
1639 843 1698 884 se
1735 843 1842 882 non
1871 833 2092 897 tangunt
2118 842 2132 891 ;

551 923 622 977 ita
650 923 801 993 quasi
829 937 888 978 se
929 938 1036 979 non
1065 931 1346 988 noverunt,
1388 921 1511 992 quia
1556 919 1840 975 intercedit
1863 919 2040 989 palea.
2071 917 2137 973 Et

551 1016 876 1086 quicumque
924 1016 1133 1087 longius
1185 1015 1412 1072 attendit
1452 1029 1652 1080 aream,
1708 1014 1910 1084 paleam
1965 1011 2136 1066 solam

553 1113 742 1177 putat:
774 1106 876 1161 nisi
907 1107 1213 1178 diligentius
1257 1108 1544 1170 intueatur,
1594 1105 1693 1160 nisi
1725 1119 1939 1160 manum
1965 1103 2132 1176 porri-

551 1210 660 1268 gat,
688 1197 789 1254 nisi
816 1198 1007 1268 spiritu
1034 1198 1162 1261 oris,
1197 1197 1248 1252 id
1273 1207 1374 1263 est,
1408 1197 1534 1252 ﬂatu
1562 1206 1820 1268 purgante
1845 1196 2134 1260 discernat,

551 1287 770 1345 difﬁcile
817 1289 1057 1359 pervenit
1111 1288 1178 1343 ad
1220 1289 1597 1344 discretionem
1645 1303 1952 1358 granorum.
2000 1286 2140 1356 Ergo

550 1379 837 1450 aliquando
864 1389 918 1435 et
959 1380 1072 1450 ipsa
1101 1395 1266 1450 grana
1310 1380 1380 1434 ita
1411 1389 1553 1444 sunt,
1587 1380 1738 1450 quasi
1785 1378 2028 1448 seiuncta
2071 1375 2140 1430 ab

553 1471 804 1538 invicem,
837 1481 892 1528 et
928 1488 1036 1527 non
1075 1488 1133 1527 se
1169 1474 1458 1543 tangentia,
1497 1484 1556 1527 ut
1601 1481 1746 1542 putet
1775 1474 2140 1542 unusquisque

552 1579 674 1620 cum
697 1564 1001 1636 profecerit,
1033 1565 1173 1635 quod
1199 1566 1343 1621 solus
1372 1567 1459 1620 sit.
1491 1566 1612 1620 llaec
1633 1565 1900 1636 cogitatio,
1928 1565 2136 1631 fratres,

555 1657 728 1713 Eliam
761 1660 1000 1724 tentavit,
1046 1668 1246 1714 tantum
1292 1659 1461 1713 virum
1492 1659 1583 1729 (lll
1611 1659 1738 1730 Reg.
1779 1675 1890 1724 xix,
1927 1658 2018 1728 10)
2045 1677 2057 1723 ;
2087 1669 2141 1713 et

555 1747 689 1803 dixit
717 1749 782 1803 ad
814 1749 1000 1816 Deum,
1032 1750 1167 1806 sicut
1199 1750 1357 1804 etiam
1398 1751 1684 1820 Apostolus
1711 1760 2095 1805 commemorat
2124 1767 2136 1802 :

555 1838 842 1910 Prophetas
885 1850 997 1894 tuos
1040 1841 1345 1906 occiderunt,
1379 1841 1564 1894 altaria
1603 1850 1689 1894 tua
1729 1839 2065 1908 stt/foderunt,
2097 1849 2142 1894 et

553 1947 646 2002 ego
676 1932 894 1985 remansi
919 1933 1075 1998 solus,
1106 1942 1151 1986 et
1176 1943 1406 2002 quazrunt
1426 1933 1650 1986 animam
1677 1949 1856 1986 meam.
1883 1931 1988 1987 Sed
2019 1931 2144 2002 quid

553 2023 672 2077 dicit
695 2022 772 2077 illi
797 2040 1092 2094 responsum
1116 2024 1380 2078 divinum?
1406 2023 1606 2095 Reliqui
1631 2025 1755 2077 mihi
1774 2034 1959 2094 septem
1983 2023 2144 2078 millia

556 2117 796 2182 virorum,
820 2117 909 2188 qui
929 2134 1030 2171 non
1055 2129 1382 2172 curvaverant
1405 2135 1567 2190 genua
1589 2126 1705 2170 ante
1719 2116 1851 2170 Baal
1870 2117 2046 2186 (Rom.
2065 2133 2139 2183 xl,

555 2206 743 2278 δια).
771 2207 886 2263 Non
911 2207 1045 2262 dixit
1069 2208 1342 2264 cizllabcs
1368 2210 1500 2262 alios
1526 2209 1663 2263 duos
1692 2218 1782 2262 aut
1809 2217 1917 2262 tres
1941 2208 2145 2262 similes

559 2299 675 2355 tibi.
707 2299 846 2364 Noli,
890 2300 1080 2370 inquit,
1122 2309 1307 2370 putare
1335 2308 1386 2354 te
1431 2301 1624 2354 solum.
1671 2300 1806 2365 Alia,
1840 2300 2029 2369 inquit,
2060 2314 2144 2354 se-

555 2400 704 2464 ptem
733 2392 893 2447 millia
933 2402 1076 2460 sunt,
1105 2401 1158 2448 et
1183 2393 1353 2449 solum
1385 2401 1438 2450 te
1467 2394 1651 2463 putas!
1682 2393 1862 2462 Itaque
1891 2392 1993 2447 hoc
2018 2393 2143 2448 bre-

553 2485 694 2542 viter
719 2485 1074 2557 prascipimus,
1108 2493 1163 2539 ut
1204 2484 1382 2540 dicere
1419 2499 1707 2556 cmperam.
1750 2483 1991 2540 lntendat
2028 2498 2144 2538 me-

555 2592 679 2634 cum
709 2577 940 2633 fraterna
964 2575 1230 2633 Sanctitas
1255 2575 1466 2643 Vestra,
1508 2584 1564 2631 et
1603 2574 1744 2630 adsit
1781 2573 2144 2629 misericordia

557 2667 652 2724 Dei
679 2669 734 2723 in
761 2668 1010 2724 cordibus
1034 2668 1252 2735 nostris,
1283 2675 1340 2721 ut
1381 2668 1459 2722 sic
1483 2683 1512 2720 a
1535 2665 1685 2721 vobis
1711 2665 2058 2735 intelligatur,
2092 2672 2146 2718 ut

556 2759 860 2826 fructificet,
885 2769 939 2815 et
959 2760 1012 2815 in
1034 2760 1188 2814 vobis
1203 2768 1472 2830 operetur.
1497 2757 1690 2812 Audite
1708 2757 1969 2812 breviter:
1989 2755 2147 2823 Quis-

557 2855 678 2927 quis
714 2853 890 2910 adhuc
935 2854 1108 2910 malus
1150 2862 1253 2922 est,
1299 2868 1403 2908 non
1450 2860 1599 2923 putet
1641 2851 1908 2906 neminem
1948 2850 2146 2906 bonum

558 2961 680 3002 esse
709 2946 984 3017 :quisquis
1008 2945 1181 3000 bonus
1215 2955 1316 3011 est,
1347 2959 1452 2999 non
1477 2951 1628 3013 putet
1658 2957 1717 2997 se
1746 2942 1919 2997 solum
1950 2941 2147 2995 bonum

559 3021 700 3094 esse.
741 3039 959 3094 Tenetis
1003 3037 1147 3094 hoc?
1180 3037 1321 3092 Ecce
1358 3046 1562 3106 repeto,
1596 3035 1771 3090 videte
1816 3036 1937 3105 quia
1981 3035 2145 3090 dico:

559 3129 814 3199 Quisquis
843 3128 1012 3182 malus
1038 3136 1139 3195 est,
1184 3128 1518 3198 interrogans
1547 3126 1930 3181 conscientiam
1972 3140 2144 3192 suam,

561 3231 618 3278 et
639 3220 778 3276 male
802 3219 903 3276 sibi
931 3221 1264 3288 renuntians,
1297 3235 1404 3274 non
1438 3219 1724 3274 arbitretur
1755 3219 2020 3273 neminem
2051 3219 2149 3272 bo-

561 3330 690 3370 num
717 3329 836 3370 esse
864 3332 878 3367 :
906 3314 1144 3384 quisquis
1182 3313 1352 3368 bonus
1377 3321 1479 3380 est,
1513 3327 1621 3368 non
1649 3311 1934 3367 arbitretur
1962 3327 2020 3366 se
2050 3326 2140 3365 so-

560 3404 670 3462 lum
724 3406 921 3463 bonum
971 3421 1124 3471 esse;
1178 3415 1232 3461 et
1282 3420 1386 3460 non
1439 3405 1619 3460 timeat
1667 3404 1838 3458 bonus
1888 3404 1938 3458 in
1995 3418 2149 3458 com-

561 3499 820 3556 mixtione
859 3499 1141 3566 malorutn,
1191 3499 1312 3569 quia
1340 3497 1516 3553 veniet
1556 3507 1764 3568 tempus
1797 3506 1852 3551 ut
1897 3497 2018 3551 inde
2061 3511 2148 3552 se-

566 3601 840 3662 gregetur.
875 3591 954 3646 Ad
984 3590 1086 3646 hoc
1113 3591 1254 3646 enim
1285 3590 1446 3646 hodie
1473 3591 1822 3654 cantavimus,
1859 3589 1940 3644 Ne
1967 3590 2150 3659 perdas

561 3700 678 3737 eum
711 3684 879 3754 impiis
906 3685 1129 3737 animam
1159 3699 1341 3748 meam,
1371 3693 1416 3735 et
1445 3699 1559 3735 cum
1595 3683 1714 3736 viris
1739 3682 2042 3750 sanguinum
2072 3683 2150 3733 vi-

563 3785 668 3830 tam
702 3791 884 3829 meam.
913 3774 1051 3843 Quid
1077 3776 1218 3828 enim
1247 3783 1348 3839 est,
1381 3773 1464 3828 Ne
1486 3790 1601 3827 cum
1631 3774 1798 3844 impiis
1829 3774 2011 3844 perdas
2033 3775 2056 3826 ἶ)
2075 3774 2152 3829 Ne

566 3865 725 3922 simul
756 3865 967 3936 perdas.
1002 3865 1176 3932 Quare
1221 3866 1373 3920 timet
1410 3881 1478 3920 ne
1520 3864 1676 3917 simul
1719 3863 1941 3933 perdat?
1984 3863 2152 3919 Video

564 3957 706 4014 enim
735 3957 932 4012 dictum
968 3957 1097 4021 Deo,
1130 3956 1250 4025 quia
1276 3955 1434 4010 modo
1461 3955 1618 4009 Simul
1649 3969 1747 4008 nos
1775 3954 1990 4023 pateris,
2015 3969 2152 4023 quos

564 4049 760 4120 pateris
789 4045 969 4112 simul,
1006 4045 1113 4102 noli
1150 4045 1372 4117 perdere
1396 4045 1573 4100 simul.
1604 4046 1671 4100 Et
1697 4044 1798 4100 hoc
1827 4044 1986 4100 habet
2011 4053 2153 4100 totus

565 4139 825 4211 psalmus,
864 4153 1023 4209 quem
1054 4139 1174 4193 volo
1209 4137 1442 4194 breviter
1483 4152 1606 4192 cum
1641 4137 1938 4193 Sanctitate
1964 4137 2151 4192 Vestra

565 4232 923 4299 considerare,
952 4230 1072 4302 quia
1103 4230 1278 4286 brevis
1309 4239 1410 4287 est.

637 4323 691 4380 6.
735 4322 885 4396 [vers.
925 4321 1004 4395 1.]
1041 4321 1232 4376 Indica
1259 4338 1358 4388 me,
1400 4321 1617 4376 Domine
1643 4339 1663 4375 :
1687 4321 1910 4376 molesta
1949 4328 2069 4375 vota
2099 4331 2154 4376 et

565 4416 714 4489 quasi
756 4416 1053 4486 periculosa
1097 4416 1278 4485 cptat‘
1325 4414 1446 4479 sibi,
1488 4424 1545 4468 ut
1573 4413 1863 4484 judicetur.
1906 4412 2042 4482 Quid
2072 4421 2154 4468 est

563 4508 785 4579 iudicari
812 4507 954 4578 quod
985 4507 1173 4577 Optat?
1215 4507 1450 4561 Discerni
1493 4522 1552 4562 se
1581 4515 1727 4576 optat
1755 4521 1786 4560 a
1831 4506 2004 4561 malis.
2034 4506 2152 4560 Alio

567 4600 688 4655 loco
714 4598 990 4653 evidenter
1015 4598 1147 4652 dicit
1171 4598 1239 4653 de
1283 4599 1398 4667 ipso
1423 4598 1621 4668 judicio
1647 4598 1983 4654 discretionis
2014 4615 2026 4651 :
2054 4597 2153 4651 Ju-

567 4691 682 4744 dica
712 4707 810 4756 me,
840 4690 1077 4753 Domine,
1123 4697 1168 4743 et
1210 4691 1438 4743 discerne
1466 4707 1670 4744 causam
1715 4709 1878 4746 meam
1917 4693 1978 4746 de
2009 4703 2156 4763 gente

568 4799 671 4836 non
708 4789 884 4837 sancta
916 4781 1088 4852 (Psal.
1121 4797 1252 4848 xui,
1285 4784 1360 4852 i).
1399 4782 1640 4838 Ostendit
1667 4785 1792 4854 quid
1817 4785 2029 4852 dixerit,
2057 4785 2156 4840 Ju-

567 4874 682 4928 dica
707 4889 726 4928 :
757 4889 824 4928 ne
853 4883 1098 4944 tanquam
1129 4873 1242 4928 sine
1263 4873 1462 4943 judicio
1495 4874 1644 4943 (quia
1671 4875 1829 4929 modo
1860 4885 1915 4930 et
1949 4877 2074 4931 boni
2102 4887 2156 4932 et

568 4965 694 5020 mali
724 4966 922 5020 intrant
964 4965 1014 5018 in
1061 4965 1374 5036 Ecclesiam)
1419 4975 1474 5020 et
1517 4965 1640 5020 boni
1680 4975 1735 5021 et
1779 4968 1900 5022 mali
1937 4978 2062 5023 eant
2102 4971 2152 5024 in

567 5058 744 5128 ignem
781 5064 1061 5111 aeternum.
1111 5055 1299 5110 Judica
1341 5075 1439 5124 me,
1493 5057 1728 5114 Domine.
1775 5060 1986 5128 Quare?
2018 5061 2156 5128 Quo-

569 5151 708 5203 niam
756 5165 848 5220 ego
889 5149 942 5202 in
981 5149 1266 5202 innocentia
1313 5166 1424 5203 utea
1453 5151 1724 5214 ambulavi,
1767 5161 1810 5204 et
1853 5152 1904 5205 in
1936 5152 2155 5208 Domino

568 5258 777 5312 sperans
817 5258 918 5296 non
959 5242 1208 5296 movebar.
1241 5242 1378 5310 Quid
1419 5253 1522 5310 est,
1552 5245 1604 5297 in
1649 5243 1869 5299 Domino
1907 5247 2156 5314 sperans?

569 5336 663 5390 Ille
702 5335 846 5391 enim
897 5334 1088 5389 titubat
1128 5335 1268 5390 inter
1311 5335 1498 5402 malos,
1545 5337 1633 5407 qui
1689 5353 1794 5391 non
1837 5337 1888 5392 in
1931 5338 2157 5392 Domino

511 5491 519 5507 ⁸
570 5435 785 5496 sperat;
829 5423 956 5479 hinc
1016 5423 1211 5478 factum
1258 5434 1340 5480 est
1396 5435 1453 5480 ut
1502 5425 1787 5481 schismata
1842 5428 2154 5499 flerent(a).

506 5514 522 5592 δ
571 5517 994 5587 Trepidaverunt
1032 5517 1171 5572 inter
1207 5517 1394 5579 malos,
1426 5533 1545 5572 cum
1587 5518 1684 5587 ipsi
1717 5520 1926 5589 pejores
1955 5531 2154 5588 essent,

571 5619 625 5664 et
659 5610 806 5679 quasi
838 5609 1039 5664 nollent
1063 5623 1184 5665 esse
1211 5609 1336 5663 boni
1364 5610 1502 5664 inter
1525 5611 1716 5664 malos.
1750 5609 1794 5665 Ο
1824 5612 1868 5665 si
1895 5610 2158 5667 frumenta

573 5713 772 5764 essent,
802 5719 966 5773 usque
993 5703 1059 5756 ad
1087 5713 1296 5774 tempus
1325 5703 1683 5763 ventilationis
1715 5705 1918 5775 paleam
1948 5706 2000 5761 in
2035 5720 2158 5762 area

640 5834 657 5895 ξ
684 5832 904 5895 Plerique
926 5840 1057 5895 Mss,
1075 5842 1199 5886 orat.

636 5893 712 5955 (ιι)
734 5893 901 5953 (Ionii-3
920 5893 1202 5949 Donatista.

3722 440 3825 497 192

2245 548 2552 605 tolerarent.
2597 550 2704 607 Sed
2729 552 2850 622 quia
2899 551 3045 623 palea
3085 559 3256 618 erant,
3287 550 3433 608 flavit
3461 562 3650 608 ventus
3691 541 3828 612 ante.

2245 641 2414 712 ipsam
2456 643 2877 709 ventilationem,
2923 654 2977 700 et
3023 645 3195 715 rapuit
3229 644 3296 700 de
3337 660 3460 701 area
3489 647 3714 718 paleam,
3765 657 3822 704 et

2246 735 2467 805 projecit
2491 736 2542 790 in
2569 737 2771 807 spinas.
2801 737 2870 792 Et
2895 737 3043 808 palea
3069 736 3283 809 quidem
3308 737 3430 794 inde
3451 739 3680 809 proiecta
3701 750 3813 796 est:

2245 824 2340 880 sed
2368 827 2622 898 numquid
2651 829 2791 898 quod
2834 829 3090 884 remansit
3131 829 3450 885 frumentum
3491 831 3664 885 solum
3702 831 3824 886 est?

2246 916 2359 972 Non
2389 917 2531 972 volat
2560 927 2682 976 ante
2712 919 3108 976 ventilationem
3135 919 3237 974 nisi
3269 920 3436 989 palea,
3468 930 3705 976 remanet
3731 937 3824 976 au-

2246 1017 2353 1064 tem
2398 1020 2447 1065 ct
2477 1009 2797 1066 frumentum
2840 1020 2894 1066 et
2925 1012 3068 1082 palea
3094 1029 3108 1078 ;
3159 1012 3498 1067 ventilahitur
3523 1029 3647 1070 vero
3676 1013 3826 1083 palea

2245 1117 2364 1159 cum
2411 1104 2616 1158 venerit
2663 1111 2872 1175 tempus
2914 1104 3295 1159 ventilationis.
3344 1103 3456 1159 Hoc
3502 1105 3635 1159 dixit
3681 1105 3820 1160 istc:

2245 1195 2314 1251 In
2343 1198 2626 1251 innocentia
2657 1214 2765 1250 utea
2787 1197 3057 1263 ambulavi,
3086 1205 3132 1250 et
3161 1196 3214 1250 in
3241 1195 3458 1250 Domino
3487 1212 3697 1267 sperans
3727 1213 3826 1250 non

2245 1290 2493 1343 movebar.
2537 1290 2592 1344 Si
2631 1290 2770 1344 enim
2798 1304 3082 1361 speravero
3121 1289 3172 1344 in
3205 1288 3440 1356 homine,
3468 1291 3681 1346 visurus
3710 1305 3826 1345 sum

2246 1379 2471 1436 fortasse
2515 1382 2688 1451 ipsum
2728 1381 2995 1438 hominem
3034 1381 3315 1452 aliquando
3359 1383 3496 1438 male
3534 1382 3824 1448 viventem,

2246 1486 2347 1527 nec
2388 1487 2482 1528 eas
2514 1473 2624 1526 vias
2654 1481 2945 1538 tenentem,
2975 1488 3108 1543 quas
3137 1472 3222 1528 vel
3253 1472 3438 1528 didicit
3475 1474 3558 1528 vel
3588 1473 3742 1528 docet
3770 1473 3824 1527 in

2250 1563 2481 1618 Ecclesia
2528 1564 2712 1630 bonas,
2759 1565 2850 1620 sed
2895 1581 3027 1636 quas
3067 1564 3280 1620 diabolo
3326 1565 3550 1620 docente
3597 1573 3828 1621 sectatus

2246 1663 2361 1720 est;
2391 1663 2445 1710 et
2473 1657 2593 1725 quia
2639 1672 2765 1727 spes
2797 1672 2914 1712 mea
2950 1657 3002 1712 in
3031 1657 3245 1712 homine
3279 1658 3398 1723 erit,
3431 1657 3689 1713 titubante
3725 1657 3826 1712 ho-

2246 1747 2390 1801 mine
2427 1746 2669 1802 titubabit
2716 1762 2840 1817 spes
2878 1763 3018 1812 mea,
3065 1757 3120 1803 et
3159 1749 3384 1804 cadente
3423 1749 3636 1804 homine
3673 1750 3827 1806 cadet

2247 1851 2369 1908 Spes
2421 1853 2580 1893 mea:
2616 1839 2737 1910 quia
2785 1855 2912 1894 vero
2954 1839 3005 1894 in
3047 1839 3272 1895 Domino
3309 1853 3502 1910 Spero,
3559 1856 3662 1894 non
3713 1855 3830 1896 mo-

2247 1931 2430 1984 vehor.

2318 2023 2370 2077 7.
2413 2020 2561 2095 [νει-ε.
2591 2021 2672 2096 2.]
2711 2021 2979 2095 Sequitur,
3013 2023 3182 2078 Proba
3219 2040 3318 2090 me,
3347 2022 3583 2091 Domine,
3627 2033 3672 2077 et
3698 2032 3832 2077 tenta

2248 2135 2362 2181 me;
2391 2135 2478 2173 ure
2503 2135 2647 2173 renes
2681 2135 2816 2172 meos
2843 2129 2886 2173 et
2927 2135 3015 2173 cor
3049 2135 3234 2172 meum.
3266 2117 3404 2186 Quid
3432 2125 3532 2185 est,
3561 2133 3650 2171 ure
3689 2133 3831 2171 rencs

2248 2227 2383 2266 meos
2410 2221 2458 2265 et
2485 2228 2572 2265 cor
2602 2213 2803 2266 meum?
2833 2211 2934 2267 Ure
2961 2212 3344 2268 delectationes
3369 2227 3537 2276 meas,
3562 2227 3654 2267 ure
3685 2213 3831 2282 cogi-

2251 2304 2477 2358 tationes
2505 2320 2649 2359 meas
2683 2304 2812 2376 (cor
2839 2321 2934 2375 pro
2961 2304 3392 2376 cogitationibus,
3435 2319 3592 2361 renes
3614 2320 3712 2374 pro
3739 2305 3831 2360 de-

2248 2394 2623 2451 lectationibus
2677 2395 2875 2468 posuit)
2934 2411 2999 2451 ne
3047 2396 3244 2466 aliquid
3293 2395 3415 2449 mali
3465 2397 3716 2466 cogitem,
3769 2409 3834 2449 ne

2249 2485 2444 2556 aliquid
2495 2487 2617 2540 mali
2662 2502 2747 2540 me
2792 2485 3039 2541 delectet.
3083 2485 3233 2543 Unde
3281 2495 3457 2541 autem
3509 2502 3629 2542 ures
3679 2499 3834 2542 renes

2249 2577 2436 2632 meos?
2467 2576 2588 2647 igne
2615 2577 2762 2632 verbi
2798 2577 2894 2631 tui.
2927 2576 3078 2632 Unde
3108 2593 3231 2632 ures
3259 2591 3353 2632 cor
3398 2592 3573 2632 meum
3595 2577 3618 2630 ?
3644 2575 3834 2632 Calore

2250 2671 2471 2742 spiritus
2501 2671 2595 2724 tui.
2642 2671 2717 2725 De
2759 2684 2865 2741 quo
2894 2670 3074 2726 calore
3103 2670 3228 2725 alibi
3256 2669 3452 2725 dicitur
3477 2687 3490 2723 :
3517 2669 3582 2723 Et
3622 2686 3727 2724 non
3765 2677 3836 2724 est

2249 2763 2334 2832 qui
2378 2779 2432 2817 se
2468 2762 2743 2816 abscondat
2778 2779 2809 2816 a
2836 2763 3007 2817 calore
3048 2765 3156 2834 ejus
3176 2762 3348 2833 (Psal.
3383 2777 3528 2829 xvtn,
3561 2762 3613 2831 7)
3647 2779 3658 2816 :
3689 2772 3747 2818 et
3773 2762 3835 2818 dc

2251 2870 2356 2926 quo
2401 2855 2521 2923 igne
2560 2855 2817 2910 Dominus
2845 2853 2974 2910 dicit
3005 2873 3018 2909 :
3047 2853 3228 2927 Ignem
3261 2855 3372 2908 veni
3414 2854 3606 2908 mittere
3645 2853 3703 2908 in
3740 2863 3835 2908 ter-

2251 2965 2361 3003 ram
2393 2948 2543 3019 (Luc.
2575 2965 2668 3014 xtt,
2703 2948 2818 3021 49).

2323 3041 2376 3096 8.
2409 3038 2570 3112 [υω-ε.
2602 3039 2689 3114 5.]
2732 3040 2874 3111 Ergo
2903 3040 3177 3110 sequitur,
3210 3039 3462 3106 Quoniam
3493 3037 3836 3093 misericordia

2253 3141 2339 3185 tua
2363 3141 2479 3185 ante
2503 3131 2676 3185 oculos
2716 3149 2850 3186 meos
2879 3141 2950 3185 est
2970 3173 2985 3199 ,
3015 3142 3061 3186 et
3089 3132 3371 3202 complaeui
3398 3133 3450 3186 in
3482 3132 3689 3185 veritate
3719 3141 3838 3184 tua:

2254 3221 2357 3277 hoc
2383 3232 2481 3287 est,
2514 3238 2618 3277 non
2651 3224 2702 3278 in
2732 3223 2946 3278 homine
2971 3222 3289 3293 complacui,
3318 3222 3412 3278 sed
3436 3222 3576 3276 intus
3600 3221 3838 3291 compla-

2253 3317 2335 3371 cui
2369 3316 2482 3384 tibi,
2515 3318 2602 3372 ubi
2633 3326 2686 3370 tu
2712 3317 2894 3382 vides;
2923 3326 2978 3371 et
3007 3332 3114 3371 non
3143 3317 3302 3371 timeo
3331 3315 3376 3370 si
3405 3315 3719 3384 displiceam
3749 3313 3840 3368 ubi

2255 3410 2496 3466 homines
2541 3410 2757 3477 vident,
2812 3411 2950 3464 sicut
2992 3410 3065 3464 ait
3108 3409 3423 3479 Apostolus,
3479 3407 3622 3480 Opus
3672 3417 3840 3460 autem

2253 3518 2398 3556 suum
2432 3502 2605 3571 probet
2635 3502 2992 3572 unusquisque,
3040 3511 3086 3554 et
3116 3510 3230 3554 tunc
3268 3500 3321 3554 in
3350 3500 3614 3568 semetipso
3644 3509 3842 3552 tantum

2254 3595 2448 3650 habebit
2477 3595 2712 3664 gloriam,
2744 3605 2790 3648 et
2820 3610 2921 3646 non
2950 3595 3003 3647 in
3029 3593 3189 3647 altera
3221 3591 3360 3663 (Gal.
3389 3609 3462 3658 vt,
3494 3591 3571 3661 4).

2324 3688 2376 3743 9.
2413 3685 2574 3760 [vers.
2600 3687 2654 3752 4,
2676 3685 2766 3759 5.]
2801 3685 2921 3740 Non
2965 3687 3106 3752 sedi,
3135 3686 3336 3756 inquit,
3367 3702 3479 3738 cum
3514 3684 3732 3739 concilio
3758 3700 3842 3737 va-

2255 3780 2445 3834 nitatis.
2495 3778 2609 3833 Hoc
2637 3778 2762 3848 quid
2793 3787 2910 3844 est,
2956 3778 3077 3832 Non
3119 3778 3260 3842 sedi,
3307 3776 3545 3832 intendat
3574 3776 3842 3831 Sanctitas

2255 3870 2466 3927 Vestra.
2486 3871 2764 3937 Quomodo
2781 3870 2923 3926 videt
2940 3871 3103 3938 Deus,
3126 3870 3255 3925 dicit
3275 3885 3375 3923 non
3395 3869 3519 3922 sedi.
3544 3868 3842 3938 Aliquando

2262 3981 2369 4020 non
2395 3980 2453 4020 es
2476 3965 2529 4018 in
2559 3965 2807 4030 concilio,
2831 3974 2886 4020 et
2914 3965 2984 4020 ibi
3012 3964 3186 4020 sedes.
3209 3963 3370 4019 Verbi
3400 3963 3587 4034 gratia,
3614 3963 3662 4016 in
3694 3963 3842 4017 thea-

2257 4065 2340 4112 tro
2386 4073 2492 4112 non
2541 4057 2732 4121 sedes,
2781 4057 2877 4112 sed
2921 4058 3122 4127 cogitas
3172 4056 3457 4121 theatrica,
3492 4063 3674 4109 contra
3726 4069 3843 4124 qua:

2257 4150 2456 4206 dictum
2485 4159 2597 4218 est,
2633 4149 2736 4205 Ure
2764 4165 2904 4204 renes
2928 4165 3103 4204 meos:
3132 4149 3203 4204 ibi
3234 4147 3389 4204 sedes
3417 4147 3584 4202 corde
3604 4186 3620 4212 ,
3650 4161 3843 4216 quam-

2255 4244 2338 4298 vis
2364 4258 2469 4297 non
2497 4242 2570 4296 sis
2600 4241 2671 4296 ibi
2703 4257 2950 4311 corpore.
2982 4240 3262 4311 Contingat
3302 4247 3478 4294 autem
3509 4248 3568 4292 ut
3611 4237 3844 4292 tenearis

2257 4335 2326 4390 ab
2351 4335 2548 4406 aliquo,
2577 4346 2631 4390 et
2660 4335 2730 4390 ibi
2757 4335 3051 4404 colligeris,
3079 4343 3169 4388 aut
3193 4332 3407 4402 aliquod
3435 4331 3665 4386 ofﬁcium
3696 4331 3842 4399 pium

2260 4429 2416 4483 faciat
2465 4437 2514 4483 te
2559 4426 2630 4481 ibi
2669 4427 2876 4481 sedere.
2919 4424 3197 4492 Quomodo
3237 4433 3413 4494 potest
3455 4423 3555 4477 hoc
3583 4421 3846 4476 evenire?

2259 4519 2528 4588 Contingit
2554 4535 2623 4573 ex
2644 4518 2820 4573 oﬂicio
2842 4518 3052 4588 pietatis
3073 4528 3132 4571 ut
3160 4531 3316 4572 servo
3338 4516 3430 4570 Dei
3461 4515 3530 4570 sit
3553 4515 3846 4569 necessitas

2260 4613 2312 4666 in
2353 4599 2744 4681 amphitheatro
2775 4624 2930 4673 esse;
2963 4608 3190 4664 liberare
3217 4607 3426 4661 volebat
3466 4604 3646 4660 nescio
3685 4619 3846 4674 quem

2259 4705 2625 4774 gladiatorem,
2660 4701 2775 4756 fieri
2814 4708 2996 4770 posset
3044 4709 3100 4754 ut
3137 4698 3366 4764 sederet,
3414 4705 3467 4752 et
3513 4705 3849 4766 exspectaret

2258 4797 2429 4852 donec
2472 4796 2559 4849 ille
2589 4793 2760 4849 exiret
2807 4808 2964 4863 quem
3009 4792 3237 4846 liberare
3264 4789 3527 4859 cupiebat.
3572 4789 3713 4844 Ecce
3745 4803 3848 4842 non

2260 4887 2400 4944 sedit
2440 4887 2490 4940 in
2525 4884 2754 4941 concilio
2779 4885 3031 4939 vanitatis
3052 4925 3066 4948 ,
3098 4882 3336 4953 quamvis
3373 4881 3480 4935 illic
3508 4895 3736 4950 corpore
3762 4895 3846 4935 se-

2260 4979 2388 5035 dere
2417 4977 2706 5033 videretur.
2738 4975 2876 5044 Quid
2901 4986 2983 5030 est
3012 4974 3243 5029 sedere?
3272 4972 3588 5028 Consentire
3611 4987 3735 5026 cum
3769 4971 3850 5026 his

2259 5073 2350 5144 qui
2378 5073 2446 5128 ibi
2474 5071 2661 5127 sedent
2691 5087 2703 5122 :
2735 5069 2878 5140 quod
2915 5069 2957 5122 si
2989 5080 3226 5139 prtesens
3249 5079 3355 5119 non
3386 5063 3611 5130 feceris,
3643 5079 3751 5118 non
3781 5063 3852 5118 ibi

2259 5164 2445 5221 sedisti
2474 5181 2487 5217 :
2517 5167 2563 5218 si
2588 5163 2780 5217 absens
2806 5160 3026 5227 feceris,
3069 5157 3254 5214 sedisti
3290 5156 3384 5211 ibi.
3421 5155 3487 5210 Et
3526 5171 3640 5209 cum
3675 5155 3854 5224 iniqua

2261 5257 2544 5331 gerentibus
2570 5272 2670 5310 non
2694 5253 2909 5308 introibo
2939 5253 3038 5324 (a).
3073 5251 3204 5305 Odia
3233 5248 3385 5303 habui
3417 5248 3853 5320 congregationem

2327 5464 2398 5526 (α)
2424 5471 2520 5526 δοκι
2543 5463 2889 5526 commemorat
2998 5451 3288 5526 quodforte
3306 5451 3497 5526 nonnisi
3522 5451 3856 5526 postcontigit

2263 5528 2311 5576 in
2330 5511 2553 5583 ‘Carthag.
2574 5519 2830 5585 collatione
2853 5553 2868 5577 ,
2892 5518 2977 5565 ubi
2998 5511 3254 5565 Donatistae
3275 5513 3457 5585 sedere
3475 5511 3592 5585 cum
3602 5511 3858 5585 (FatholiCis

2263 5574 2559 5642 uolueruni,
2592 5582 2814 5630 dicentes
2858 5574 3149 5642 consessum
3163 5590 3272 5626 cum
3310 5575 3471 5636 impiis
3492 5574 3858 5642 prohiberi_hoc

2266 5633 2463 5712 psalmo.
2484 5633 2664 5703 Quibus
2680 5639 3082 5712 responsumfuit
3099 5640 3270 5712 ,_i_psos
3288 5633 3408 5707 ergo
3424 5671 3439 5696 ,
3481 5633 3859 5712 quiasimul-ip:

2264 5695 2431 5783 siesse
2443 5695 2854 5783 efﬁgiatae???
2872 5695 3280 5783 i9.“!‘_“1’_£‘3i"'15
3301 5695 3858 5783 ἮἪΞἜἮΞἾΞΜ

2267 5757 2490 5824 ῗήἠὸῖδο.
2516 5757 2852 5832 Psalmumque
2874 5765 2940 5814 de
2980 5757 3207 5826 ingressu
3232 5768 3286 5812 et
3307 5757 3820 5832 consessuhspirituali
3839 5790 3859 5818 ,

2269 5819 2453 5884 nonde
2476 5828 2712 5892 corporali
2743 5819 3238 5892 a'gere__mon§tratum
3262 5831 3358 5876 est.
3399 5821 3517 5874 Vide
3549 5819 3635 5872 liti.
3681 5819 3745 5871 ad
3770 5825 3859 5872 Do-

2268 5899 2471 5948 natistas
2492 5889 2602 5958 post
2619 5889 2810 5954 ϐοηθεῖ,
2831 5902 2876 5941 c.
2898 5889 2948 5942 5.
3869 5919 3879 5934 .
