4032 6472
163 490 248 551 193
1306 496 1707 554 ENABRATIO
1747 495 1814 555 IN
1852 495 2173 558 PSALMUM
2212 500 2381 559 XXV.

172 610 517 680 malignorum.
545 607 777 667 Videtis
815 612 940 684 quia
965 612 1105 670 intus
1127 620 1229 669 est.
1258 612 1458 670 Etcum
1487 616 1654 686 impiis
1676 631 1774 670 non

182 702 354 760 sedebo.

159 859 172 873 .
243 793 322 850 10.
349 790 525 866 hers.
554 793 657 870 6.]
684 794 895 851 Lavabo
924 796 976 851 in
1013 797 1353 854 innocentibus
1381 814 1563 854 manus
1601 815 1737 854 meas
1761 814 1779 853 :

164 882 165 889 “
197 903 281 946 non
305 901 439 959 aqua
490 887 604 944 ista
634 890 856 945 visibili.
895 890 1063 946 Lavas
1090 908 1299 959 manus,
1332 893 1542 963 quando
1572 893 1657 963 pie
1682 908 1779 947 co-

198 982 311 1054 gitas
334 980 399 1036 de
426 981 694 1051 operibus
723 982 829 1039 tuis
852 1024 868 1050 ,
901 992 954 1037 et
1000 984 1313 1039 innocenter
1345 987 1361 1017 ¹
1389 1000 1569 1040 coram
1611 984 1780 1041 oculis

198 1074 283 1135 Dei
308 1092 321 1129 :
351 1075 476 1145 quia
506 1083 597 1130 est
621 1084 677 1130 et
702 1076 871 1132 altare
899 1090 1074 1131 coram
1104 1079 1271 1132 oculis
1298 1078 1408 1144 Dei,
1441 1094 1545 1148 quo
1574 1079 1776 1149 ingrcs-

196 1181 276 1225 ως
306 1173 389 1223 est
417 1166 698 1233 sacerdos,
749 1168 838 1239 qui
883 1184 979 1239 pro
1020 1169 1175 1225 nobis
1214 1183 1273 1225 se
1319 1171 1521 1241 primus
1567 1171 1775 1227 obtulit.

195 1259 280 1321 Bst
308 1258 533 1315 cteleste
572 1260 767 1326 altare,
797 1269 851 1316 et
892 1277 995 1315 non
1041 1262 1379 1332 amplectitur
1414 1261 1544 1316 illud
1588 1263 1775 1329 altare,

194 1354 283 1411 nisi
331 1351 424 1423 qui
468 1350 617 1406 lavat
661 1368 851 1407 manus
904 1353 955 1407 in
1009 1353 1397 1409 innocentibus.
1448 1353 1578 1408 Nam
1628 1352 1774 1409 multi

191 1447 346 1503 altare
376 1444 485 1501 hoc
514 1454 741 1517 tangunt
766 1445 988 1516 indigni,
1021 1456 1076 1501 et
1113 1447 1306 1501 tolerat
1335 1447 1475 1503 Deus
1500 1448 1605 1517 pati
1642 1448 1779 1517 inju-

190 1539 311 1593 riam
336 1536 409 1592 ad
439 1546 655 1608 tempus
679 1547 1011 1593 sacramenta
1042 1553 1157 1593 sua.
1197 1538 1305 1594 Sed
1343 1539 1593 1609 numquid
1612 1581 1627 1605 ,
1670 1538 1776 1593 fra-

190 1640 292 1687 tres
316 1630 448 1696 mei,
479 1630 752 1702 quomodo
780 1641 903 1687 sunt
928 1633 1159 1703 parietes
1186 1633 1271 1688 isti
1291 1674 1306 1698 ,
1335 1633 1412 1688 sic
1438 1635 1538 1688 erit
1565 1631 1779 1688 Jerusa-

192 1724 286 1779 lem
326 1724 614 1780 cmlestis?
664 1722 782 1779 Non
831 1726 1098 1795 quomodo
1148 1724 1403 1796 reciperis
1449 1740 1572 1781 cum
1626 1726 1777 1782 malis

190 1815 317 1869 intra
349 1814 587 1884 parietes
616 1814 751 1871 istos
779 1816 1048 1882 ecclesiae,
1078 1818 1146 1871 ita
1176 1818 1453 1888 recipieris
1478 1833 1595 1873 cum
1624 1818 1776 1873 malis

186 1905 236 1960 in
264 1905 445 1959 sinum
474 1905 700 1962 Abraha:
729 1925 743 1962 :
775 1921 881 1962 non
907 1922 1032 1978 ergo
1058 1908 1279 1975 timeas,
1309 1908 1423 1963 lava
1452 1924 1659 1965 manus.
1704 1908 1773 1963 Et

186 1998 510 2053 circamdabo
543 2001 704 2055 altare
739 2000 948 2055 Domini
983 2018 1001 2056 :
1033 2001 1121 2056 ubi
1162 2001 1321 2058 nll‘ers
1362 2010 1483 2059 vota
1524 2003 1769 2072 Domino,

188 2089 269 2141 ubi
302 2104 494 2157 preces
520 2089 731 2159 fundis,
758 2092 846 2147 ubi
889 2094 1212 2149 conscientia
1260 2106 1343 2148 tua
1379 2110 1505 2165 pura
1537 2104 1651 2163 est,
1685 2094 1775 2151 ubi

190 2180 315 2235 dicis
341 2182 456 2237 Deo
488 2186 581 2254 qui
610 2184 721 2250 sis;
762 2194 818 2240 et
847 2186 891 2240 si
922 2186 1119 2257 aliquid
1159 2198 1242 2242 est
1282 2188 1336 2242 in
1364 2196 1415 2243 te
1458 2187 1596 2243 forte
1633 2187 1776 2259 quod

189 2272 464 2340 displiceat
485 2275 598 2329 Deo
620 2317 634 2339 ,
664 2286 814 2330 curat
840 2277 925 2332 ille
953 2278 1037 2333 cui
1063 2277 1354 2333 conﬁteris.
1386 2277 1528 2333 Lava
1558 2294 1684 2350 ergo
1721 2279 1775 2334 in

186 2363 558 2421 innocentibus
589 2382 777 2423 manus
805 2376 940 2434 tuas,
973 2377 1025 2424 et
1051 2369 1319 2425 circumda
1345 2370 1511 2427 altare
1540 2370 1772 2437 Domini,

193 2465 241 2510 at
263 2458 452 2513 audias
478 2475 666 2515 vocem
695 2461 887 2517 laudis.

250 2550 336 2603 Η.
368 2548 538 2623 [vers.
562 2550 663 2625 7.
685 2551 797 2608 Hoc
819 2554 959 2609 enim
989 2556 1246 2625 sequitur,
1280 2555 1347 2613 Ut
1375 2557 1580 2611 audiam
1608 2573 1775 2611 vocem

193 2644 369 2712 laudis,
416 2655 464 2699 et
507 2662 741 2701 enarrem
788 2649 1018 2703 universa
1062 2649 1313 2703 mirabilia
1343 2660 1447 2704 tua.
1497 2650 1635 2718 Quid
1670 2660 1773 2717 est,

194 2734 253 2791 Ut
285 2740 496 2793 audiam
526 2756 695 2794 vocem
723 2742 934 2795 laudis?
972 2742 1039 2797 Ut
1082 2743 1368 2814 intelligam
1390 2786 1405 2811 ,
1444 2745 1630 2814 inquit.
1663 2743 1776 2799 Hoc

190 2843 263 2889 est
301 2835 446 2889 enim
496 2834 685 2890 audire
732 2851 913 2890 coram
960 2836 1099 2901 Deo,
1150 2852 1255 2891 non
1302 2838 1569 2907 quomodo
1614 2852 1776 2893 sonos

190 2925 331 2994 istos,
384 2944 525 2998 quos
572 2928 725 2983 multi
774 2928 1028 2996 audiunt,
1080 2937 1133 2985 et
1183 2930 1333 2985 multi
1383 2946 1488 2985 non
1533 2931 1773 2988 audiunt.

193 3018 349 3083 Quam
380 3020 535 3075 multi
564 3021 633 3075 ad
663 3036 764 3076 nos
789 3022 1066 3078 audientes
1094 3032 1237 3091 sunt,
1266 3032 1319 3079 et
1343 3024 1408 3078 ad
1436 3024 1602 3079 Deum
1628 3024 1775 3081 surdi

190 3118 303 3165 sunt
328 3110 342 3164 ι
379 3111 553 3177 Quam
584 3113 735 3166 multi
778 3111 1034 3169 habentes
1061 3129 1219 3169 aures
1240 3155 1255 3181 ,
1282 3131 1387 3170 non
1432 3116 1628 3171 habent
1655 3116 1775 3173 illas

187 3216 330 3260 aures
350 3204 418 3259 de
445 3204 640 3276 quibus
667 3205 795 3260 dicit
818 3204 975 3263 Jesus
1004 3224 1016 3260 :
1045 3207 1142 3274 Qui
1169 3208 1316 3263 habet
1340 3225 1488 3264 aures
1512 3210 1773 3277 audiendi,

187 3298 348 3350 audiat
376 3296 596 3366 (Matth.
627 3314 745 3363 xm,
774 3297 829 3367 9)
856 3299 869 3351 ι
920 3298 1060 3367 Ergo
1098 3298 1225 3369 quid
1268 3308 1349 3355 est
1375 3300 1557 3355 audire
1588 3315 1773 3356 vocem

188 3389 395 3444 laudis?
423 3390 610 3445 Dicam
641 3390 688 3445 si
719 3400 935 3461 potero,
968 3390 1251 3461 adjuvante
1278 3392 1641 3447 misericordia
1672 3393 1775 3448 Do-

188 3480 343 3541 Inini.
384 3490 442 3535 et
483 3482 817 3537 orationibus
856 3482 1068 3537 vestris.
1112 3482 1310 3537 Audire
1350 3498 1535 3538 vocem
1580 3484 1771 3552 laudis,

186 3580 259 3626 est
287 3572 589 3643 intelligere
629 3573 773 3627 intus
797 3614 812 3637 ,
846 3574 968 3642 quia
995 3572 1248 3643 quidquid
1282 3574 1332 3627 in
1367 3583 1417 3629 te
1447 3573 1572 3628 mali
1597 3584 1679 3630 est
1706 3574 1775 3630 de

190 3666 436 3734 peccatis,
464 3675 615 3720 tuum
640 3674 757 3731 est;
787 3664 1040 3736 quidquid
1064 3664 1186 3721 boni
1208 3665 1261 3719 in
1286 3665 1771 3736 justilicationihus,

186 3755 271 3812 Dei
298 3766 400 3813 est.
448 3758 523 3811 Ita
558 3756 682 3811 audi
713 3770 898 3812 vocem
942 3756 1139 3821 laudis,
1174 3764 1231 3810 ut
1271 3772 1376 3811 non
1411 3766 1462 3811 te
1501 3755 1692 3811 laudes
1720 3763 1777 3811 et

184 3849 386 3918 quando
412 3849 588 3905 bonus
614 3864 672 3904 es
704 3868 718 3904 :
751 3864 873 3903 nam
902 3848 1167 3904 laudando
1198 3856 1252 3905 te
1291 3848 1490 3904 bonum
1512 3892 1527 3916 ,
1556 3849 1620 3904 iis
1660 3865 1772 3904 ma-

185 3938 292 4006 his;
323 3940 525 3995 bonum
550 3940 694 3995 enim
727 3947 777 3994 te
802 3938 1003 3995 fecerat
1031 3939 1322 4009 humilitas,
1347 3941 1546 3995 malum
1572 3950 1623 3996 te
1646 3939 1775 3996 facit

184 4031 448 4100 superbia.
483 4032 789 4087 Conversus
814 4046 935 4087 eras
957 4041 1018 4086 ut
1042 4032 1436 4100 illuminareris,
1470 4042 1524 4089 et
1552 4047 1774 4089 conver-

184 4123 328 4179 sione
360 4133 445 4179 tua
476 4123 651 4180 factus
677 4140 736 4181 es
773 4124 1065 4195 luminosus
1084 4168 1097 4192 ,
1128 4126 1294 4181 factus
1321 4126 1618 4182 illustratus
1646 4142 1775 4183 con-

181 4216 442 4271 versione.
484 4214 592 4271 Sed
634 4232 740 4287 quo
762 4216 823 4268 "l
866 4216 1120 4287 numquid
1150 4217 1216 4272 ad
1249 4218 1342 4273 te?
1385 4218 1440 4274 Si
1474 4218 1542 4274 ad
1571 4227 1622 4274 te
1647 4234 1775 4275 con-

181 4321 362 4363 versus
388 4322 581 4379 posses
609 4307 933 4375 illuminari,
962 4324 1232 4379 nunquam
1263 4322 1447 4379 posses
1484 4309 1769 4375 tenebrari,

181 4398 298 4467 quia
322 4408 498 4454 tecum
528 4413 744 4469 semper
769 4414 935 4455 esses.
963 4400 1138 4467 Quare
1167 4400 1495 4455 illuminatus
1516 4402 1613 4456 es?
1639 4401 1772 4467 Quia

182 4490 493 4547 convertisti
536 4500 589 4546 te
631 4490 697 4545 ad
744 4490 889 4545 aliud
930 4491 1073 4562 quod
1119 4500 1171 4545 tu
1204 4506 1309 4545 non
1340 4506 1480 4545 eras.
1526 4490 1661 4558 Quid
1691 4499 1775 4546 est

182 4582 315 4636 aliud
348 4582 493 4653 quod
525 4592 578 4636 tu
610 4598 715 4637 non
756 4582 918 4637 eras?
960 4583 1103 4638 Deus
1133 4582 1311 4638 lumen
1340 4592 1439 4636 est.
1479 4581 1593 4636 Non
1630 4583 1772 4637 enim

182 4682 234 4726 tu
261 4674 446 4729 lumen
478 4689 636 4739 cras,
666 4674 790 4745 quia
821 4683 1066 4744 peccator
1099 4690 1238 4730 eras.
1283 4675 1417 4729 Dicit
1453 4675 1595 4728 enim
1626 4675 1774 4745 Apo—

179 4768 348 4822 stolus
373 4770 453 4824 eis
478 4783 616 4839 quos
640 4768 753 4822 vult
780 4768 964 4823 audire
983 4783 1169 4823 vocem
1194 4768 1364 4823 laudis
1390 4786 1401 4822 :
1429 4766 1617 4823 Fuistis
1642 4768 1771 4822 enim

184 4860 465 4931 aliquando
494 4860 729 4927 tenebrat,
757 4875 889 4913 nunc
918 4869 1085 4914 autem
1111 4861 1201 4915 (ua:
1224 4859 1437 4933 (Ep/tes.
1458 4874 1509 4923 v,
1530 4858 1608 4929 8).
1636 4858 1774 4927 Quid

178 4962 277 5020 est,
305 4952 509 5007 Fuistis
536 4953 811 5022 aliquando
837 4953 1048 5007 tenebris
1066 4995 1080 5019 ,
1124 4952 1225 5006 nisi
1250 4962 1458 5007 veteres
1488 4951 1775 5007 homines?

182 5042 336 5098 Nunc
364 5054 536 5099 autem
567 5045 656 5098 lux
680 5060 699 5097 :
728 5060 833 5099 non
862 5044 979 5099 sine
1003 5058 1161 5100 causa
1190 5044 1278 5098 lux
1306 5044 1457 5110 estis,
1487 5044 1576 5114 qui
1603 5043 1776 5099 fuistis

177 5136 495 5206 jamdudum
535 5136 797 5203 tenebrae,
823 5137 923 5191 nisi
951 5136 972 5168 ³
999 5136 1121 5207 quia
1160 5138 1439 5192 illuminati
1480 5140 1625 5194 estis.
1657 5138 1775 5193 Noli

183 5239 372 5299 putare
396 5229 628 5300 teipsum
659 5244 779 5284 esse
807 5229 983 5284 lucem
1013 5247 1024 5283 :
1058 5228 1144 5283 illa
1172 5238 1254 5284 est
1280 5229 1390 5292 lux,
1420 5246 1537 5300 quae
1578 5230 1776 5285 illumi-

183 5331 271 5375 nat
312 5336 532 5375 onmem
586 5320 855 5376 hominem
903 5320 1203 5376 venientem
1245 5320 1297 5375 in
1342 5320 1481 5375 hunc
1524 5320 1778 5376 mundum

185 5411 366 5483 (Joan.
390 5430 430 5480 ι,
455 5412 542 5484 9);
574 5421 628 5468 ιιι
656 5422 834 5468 autem
862 5428 955 5483 per
978 5414 1228 5484 teipsum,
1258 5428 1353 5482 per
1380 5412 1571 5467 malam
1594 5413 1778 5467 volun-

185 5514 383 5574 tatem,
416 5522 514 5576 per
538 5505 876 5561 aversionem
909 5515 1051 5559 tuam
1092 5505 1400 5560 tenebratus
1438 5520 1577 5570 eras,
1619 5504 1779 5561 modo

186 5600 353 5656 luces.
380 5598 488 5656 Sed
512 5599 742 5670 subjecit
778 5598 960 5653 statim
981 5640 997 5667 ,
1029 5613 1096 5654 ne
1122 5598 1458 5668 superbirent
1488 5597 1562 5651 illi
1589 5598 1780 5667 quibus

186 5692 389 5749 dictum
414 5700 532 5763 est,
560 5690 720 5747 Nunc
749 5699 915 5746 autem
944 5690 1052 5759 lux,
1096 5698 1150 5749 et
1183 5690 1405 5757 addidit,
1445 5690 1499 5744 in
1537 5688 1778 5745 Domino.

251 5868 1171 5941 {Ir-etquinquwss-zimwaw-
1255 5930 1301 5941 ..
1384 5894 1527 5941 -..Ἰ

252 5927 1780 5997 ’κακέΑιὸω.,8εάαᾳυο7ηιιπισιιὶάαιεῖεἰαω,θω.

257 6016 277 6051 s
296 6010 432 6076 ωτι,
453 6015 624 6071 quan,
647 6012 746 6051 ms:
765 6010 897 6060 ausa,
924 6004 1017 6048 etc.
1054 5997 1218 6059 Abest,
1243 6007 1410 6059 quare,
1435 6005 1462 6043 a
1486 6000 1589 6045 Itss.

3370 516 3475 574 196

1886 615 1973 673 Sic
2003 621 2144 673 enim
2174 620 2280 685 ait,
2324 618 2517 675 Fuistis
2545 620 2819 693 aliquando
2845 622 3091 694 teneer,
3132 642 3268 683 nunc
3307 640 3475 687 autem

1888 708 1979 763 lua:
2010 710 2060 763 in
2086 708 2331 768 Domino.
2366 712 2507 783 Ergo
2547 714 2590 769 si
2632 723 2827 786 prazter
2854 715 3135 773 Dominum
3157 761 3172 785 ,
3211 735 3309 778 nec
3338 723 3427 777 lux
3458 742 3473 778 :

1885 800 1930 855 si
1960 810 2138 856 autem
2171 803 2291 858 ideo
2317 806 2430 873 lux,
2460 807 2580 877 quia
2613 808 2667 862 in
2698 807 2921 865 Domino
2946 828 2959 877 ;
2991 810 3116 882 quid
3145 812 3307 869 habes
3333 816 3473 885 quod

1885 909 1991 949 non
2039 896 2338 967 accepisti?
2393 898 2449 953 Si
2504 909 2679 956 autem
2732 904 3014 973 accepisti,
3062 905 3187 976 quid
3233 906 3478 977 gloriaris

1884 987 2034 1056 quasi
2073 1002 2178 1042 non
2207 991 2523 1061 acceperis?
2564 992 2677 1049 Hoc
2699 995 2842 1050 enim
2884 994 2998 1066 ipse
3033 998 3322 1067 Apostolus
3343 998 3479 1056 dixit

1885 1077 1991 1132 alio
2022 1079 2138 1134 loco
2166 1080 2471 1138 hominibus
2502 1085 2946 1156 superbientibus,
2972 1096 3028 1143 et
3051 1088 3348 1146 volentibus
3376 1092 3476 1147 sibi

1886 1169 2119 1225 tribucre
2145 1173 2286 1241 quod
2316 1173 2406 1228 Dei
2451 1185 2553 1242 est,
2598 1185 2651 1231 et
2679 1176 2746 1233 de
2777 1179 2915 1233 bono
2953 1180 3032 1235 sic
3066 1180 3280 1252 gloriari
3324 1185 3477 1254 quasi

1884 1262 1951 1317 de
1978 1278 2094 1329 suo,
2125 1264 2227 1319 hoc
2250 1265 2327 1320 eis
2358 1266 2485 1321 dicit
2518 1288 2529 1322 :
2558 1268 2695 1337 Quid
2719 1273 2849 1325 enim
2879 1274 3030 1328 habes
3054 1275 3191 1345 quod
3212 1293 3312 1331 non
3337 1294 3477 1332 acce-

1884 1354 2003 1424 pisti
2019 1356 2045 1408 .9
2075 1354 2138 1409 Si
2163 1366 2328 1411 autem
2350 1360 2604 1430 accepisti,
2629 1362 2751 1430 quid
2776 1364 3013 1436 gloriaris
3040 1368 3185 1436 quasi
3209 1384 3308 1423 non
3332 1386 3478 1424 acce-

1885 1446 2017 1514 peris
2040 1445 2081 1514 (Ι
2106 1446 2222 1500 Cor.
2250 1465 2321 1513 tv,
2349 1450 2453 1521 7)?
2482 1450 2581 1519 Qui
2610 1453 2755 1508 dedit
2779 1455 2985 1523 humili,
3007 1457 3181 1513 aufert
3204 1460 3473 1530 superbo:

1883 1539 2005 1608 quia
2032 1540 2120 1609 qui
2152 1540 2315 1609 dedit,
2341 1553 2517 1613 potest
2543 1545 2769 1601 auferre.
2800 1548 2878 1602 Ad
2910 1548 3013 1605 hoc
3041 1552 3182 1606 enim
3217 1555 3471 1622 pertinet,

1882 1629 2075 1687 fratres
2096 1674 2111 1699 ,
2139 1634 2183 1688 si
2216 1643 2392 1689 tamen
2421 1639 2640 1706 exposui
2675 1639 2816 1709 quod
2842 1640 3019 1709 volui,
3048 1644 3267 1714 exposui
3293 1654 3471 1700 autem

1883 1730 2138 1791 quantum
2165 1726 2334 1794 potui,
2358 1726 2459 1781 etsi
2486 1743 2590 1782 non
2633 1739 2886 1799 quantum
2913 1733 3089 1802 volui,
3125 1733 3191 1790 ad
3221 1735 3323 1791 hoc
3350 1751 3475 1806 per-

1882 1812 2017 1869 tinet
2044 1816 2183 1884 quod
2216 1816 2310 1882 ait,
2339 1816 2540 1874 Lavabo
2564 1820 2618 1874 in
2646 1822 2989 1879 innocentibus
3017 1842 3198 1881 manus
3227 1844 3363 1883 meas
3385 1869 3400 1895 ,
3427 1837 3475 1883 et

1881 1908 2202 1963 circumdabo
2250 1910 2412 1966 altare
2451 1922 2624 1979 tuum,
2666 1913 2901 1983 Domine,
2949 1926 3005 1971 ut
3050 1919 3259 1973 audiam
3301 1936 3473 1976 vocem

1882 2000 2050 2054 laudis
2094 2012 2193 2055 tum
2220 2017 2239 2056 :
2274 2002 2324 2057 id
2368 2012 2469 2070 est,
2513 2020 2577 2061 ex
2625 2005 2741 2075 ipso
2788 2008 2929 2063 bono
2970 2024 3093 2065 meo
3131 2025 3237 2067 non
3278 2010 3347 2068 de
3384 2026 3474 2069 tuo

1882 2107 2201 2163 praesumam
2223 2138 2237 2164 ,
2282 2096 2374 2151 sed
2402 2097 2469 2153 de
2510 2106 2560 2154 te
2587 2100 2675 2171 qui
2707 2100 2921 2167 dedisti,
2963 2119 3031 2159 ne
3074 2104 3280 2162 laudari
3310 2106 3470 2164 velim

1880 2184 1948 2241 de
1978 2202 2064 2241 me
2091 2186 2143 2242 in
2170 2203 2286 2256 me,
2318 2189 2411 2245 sed
2442 2190 2509 2247 de
2536 2200 2588 2248 te
2614 2192 2665 2247 in
2697 2200 2767 2247 te.
2818 2193 2943 2251 Ideo
2972 2198 3244 2267 sequitur,
3277 2198 3347 2254 Ut
3373 2217 3473 2254 au-

1882 2276 2020 2330 diam
2060 2294 2226 2331 vocem
2268 2278 2435 2334 laudis
2462 2289 2564 2335 tum
2582 2323 2595 2348 ,
2625 2291 2672 2337 et
2701 2299 2929 2339 enarrem
2958 2288 3194 2343 universa
3220 2288 3474 2346 mirabilia

1882 2376 1968 2422 tua
1997 2384 2016 2422 :
2044 2384 2148 2423 non
2176 2385 2316 2436 mea,
2347 2371 2440 2427 sed
2471 2380 2577 2426 tua.

1954 2460 2045 2515 i2.
2072 2460 2231 2533 [item
2256 2462 2309 2530 8,
2333 2463 2428 2536 9.]
2456 2464 2520 2519 Et
2545 2465 2650 2537 jam
2672 2465 2868 2536 videte,
2897 2466 3111 2539 fratres,
3134 2471 3310 2529 videte
3326 2486 3475 2529 ama-

1882 2560 2051 2608 torem
2083 2553 2229 2607 illum
2260 2553 2354 2608 Dei
2386 2554 2453 2610 de
2476 2556 2587 2611 Deo
2614 2569 3046 2627 praesumentem,
3071 2563 3300 2632 positum
3332 2564 3473 2622 inter

1880 2644 2071 2710 malos,
2127 2654 2402 2715 rogantem
2456 2648 2622 2703 Deum
2675 2658 2733 2704 ut
2779 2666 2884 2707 non
2932 2653 3309 2723 comperdatur
3349 2670 3473 2711 cum

1878 2737 2070 2803 malis,
2103 2739 2223 2808 quia
2255 2755 2359 2793 non
2402 2750 2543 2794 errat
2576 2741 2715 2796 Deus
2756 2744 2807 2797 in
2847 2742 3158 2813 judicando.
3202 2746 3282 2802 Tu
3326 2747 3471 2803 enim

1881 2843 2001 2884 cum
2028 2829 2225 2884 videris
2256 2831 2496 2887 homines
2528 2834 2579 2887 in
2620 2850 2781 2888 unum
2814 2836 2988 2891 locum
3025 2838 3251 2895 intrasse
3271 2881 3286 2907 ,
3316 2848 3473 2910 putas

1878 2920 2119 2990 ejusdem
2149 2922 2323 2976 meriti
2362 2937 2482 2979 esse
2510 2941 2522 2977 :
2558 2922 2698 2979 Deus
2729 2937 2905 2983 autem
2939 2944 3043 2983 non
3088 2928 3324 2999 fallitur,
3353 2934 3468 2989 noli

1879 3015 2089 3070 timere.
2133 3016 2210 3070 Tu
2251 3016 2521 3087 judicante
2549 3029 2708 3073 vento
2747 3020 3008 3077 discernis
3039 3023 3247 3093 paleam
3288 3038 3319 3080 a
3360 3024 3474 3081 fru-

1878 3117 2099 3163 mento:
2134 3118 2351 3164 ventum
2384 3110 2464 3164 vis
2497 3109 2629 3167 ﬂare
2661 3112 2789 3181 tibi,
2827 3123 2881 3169 et
2920 3125 2976 3169 tu
3018 3131 3124 3171 non
3155 3131 3214 3173 es
3256 3126 3468 3185 ventus,

1878 3200 1974 3256 sed
2001 3210 2154 3272 optas
2182 3202 2274 3257 tibi
2305 3202 2434 3258 ﬂare
2455 3214 2671 3259 ventum
2698 3224 2710 3260 :
2734 3214 2927 3261 etcum
2949 3208 3247 3264 ventilabro
3268 3218 3474 3265 utrum-

1881 3306 1985 3361 que
2013 3292 2340 3359 excusseris,
2363 3303 2553 3348 ventus
2579 3294 2694 3349 leve
2722 3296 2875 3361 tollit,
2901 3313 3061 3369 grave
3088 3308 3287 3356 manet.
3315 3301 3474 3370 Qua:-

1878 3383 1954 3438 ris
1983 3385 1998 3415 ¹
2025 3399 2155 3453 ergo
2199 3394 2412 3440 ventum
2458 3386 2523 3440 ad
2570 3386 2907 3456 judicandam
2956 3404 3157 3446 aream.
3203 3391 3471 3464 Numquid

1880 3472 2021 3530 Deus
2064 3476 2255 3544 quaerit
2299 3476 2524 3531 alterum
2556 3478 2644 3547 qui
2686 3492 2866 3534 secum
2892 3480 3128 3550 judicet,
3175 3498 3243 3538 ne
3284 3484 3474 3553 perdat

1879 3581 1997 3623 cum
2028 3566 2182 3621 malis
2212 3567 2425 3621 bonos?
2466 3568 2581 3624 Non
2612 3568 2789 3639 itaque
2833 3572 3058 3639 timeas;
3098 3587 3321 3629 securus
3350 3583 3469 3630 esto

1878 3658 2070 3724 bonus,
2100 3658 2259 3714 etiam
2290 3660 2340 3714 in
2368 3660 2543 3715 medio
2578 3662 2873 3729 malorum;
2919 3674 2973 3719 et
3015 3664 3102 3719 dic
3134 3679 3253 3736 qua:
3291 3666 3465 3735 audis,

1878 3748 2097 3805 Domine
2119 3793 2132 3816 ,
2191 3752 2345 3805 dilexi
2396 3754 2621 3807 decorem
2673 3756 2851 3810 domus
2907 3765 3025 3812 tunc.
3091 3757 3291 3814 Domus
3344 3759 3466 3829 Dei,

1878 3842 2116 3900 Ecclesia
2143 3854 2257 3910 est;
2306 3845 2479 3901 adhuc
2522 3847 2681 3903 habet
2720 3849 2889 3905 malos
2912 3891 2927 3915 ,
2956 3849 3051 3906 sed
3079 3850 3241 3906 decor
3277 3851 3471 3909 domus

1880 3935 1973 3990 Dei
2005 3936 2059 3990 in
2091 3936 2245 3990 bonis
2273 3946 2387 4003 est,
2421 3938 2475 3992 in
2506 3940 2703 3994 sanctis
2730 3948 2812 3994 est
2840 3958 2853 3993 :
2890 3942 3062 4011 ipsum
3089 3941 3339 3997 decorem
3368 3943 3469 3998 do-

1878 4042 1997 4083 mus
2040 4037 2142 4083 tua:
2188 4027 2368 4084 dilexi.
2421 4029 2487 4083 Et
2534 4031 2699 4084 locum
2742 4031 3065 4089 habitationis
3109 4035 3288 4107 gloria:
3340 4044 3462 4089 tute.

1879 4118 2015 4188 Quid
2046 4128 2130 4175 est
2160 4120 2261 4175 hoc
2287 4121 2310 4174 Ἰ
2349 4120 2418 4175 Ει
2455 4120 2556 4176 hoc
2584 4122 2779 4191 dicam,
2810 4125 2879 4179 ad
2924 4124 3072 4180 illum
3099 4141 3316 4182 sensum
3349 4142 3472 4197 per-

1878 4213 2011 4267 tinet
2033 4212 2421 4270 subobscurum
2448 4215 2773 4286 aliquantum
2801 4235 2813 4271 :
2842 4216 3058 4288 adjuvet
3078 4235 3163 4275 me
3189 4220 3466 4290 Dominus,

1878 4313 1935 4360 et
1960 4305 2181 4359 intentio
2208 4306 2385 4361 cordis
2412 4308 2574 4361 vestri
2604 4308 2673 4362 ab
2710 4308 2900 4364 eodem
2934 4309 3161 4365 Domino
3191 4311 3466 4381 inspirata.

1877 4397 2016 4465 Quid
2043 4398 2136 4465 ait,
2168 4398 2331 4453 locum
2361 4399 2681 4453 habitationis
2720 4401 2895 4470 gloria:
2933 4402 3074 4455 tum?
3117 4402 3259 4456 Dixit
3294 4403 3465 4472 prius,

1878 4488 2107 4542 decorem
2130 4489 2309 4543 domus
2339 4498 2440 4544 tua:
2461 4507 2479 4544 :
2509 4498 2564 4545 et
2593 4490 2819 4561 exponit
2844 4491 2969 4561 quid
2995 4493 3065 4546 sit
3088 4492 3251 4548 decor
3276 4493 3467 4550 domus

1880 4581 1996 4649 Dei,
2024 4582 2209 4651 Locus,
2238 4583 2427 4653 inquit,
2457 4584 2779 4638 habitationis
2808 4586 2985 4656 gloria:
3015 4595 3133 4641 tute.
3169 4586 3285 4643 Non
3312 4586 3467 4642 sufﬁ—

1879 4676 1952 4730 cit
1975 4675 2174 4742 dicere,
2206 4676 2379 4732 Locus
2404 4676 2747 4733 habitationis
2779 4678 2905 4746 Dei,
2941 4679 3034 4735 sed
3057 4722 3071 4747 ,
3102 4680 3274 4737 Locus
3312 4680 3468 4738 habi-

1883 4768 2101 4823 tationis
2144 4769 2326 4840 gloriae
2376 4770 2489 4826 Dei.
2540 4770 2671 4839 Quae
2710 4780 2792 4827 est
2836 4772 3006 4842 gloria
3052 4772 3190 4829 Dei?
3246 4773 3321 4828 De
3364 4788 3471 4845 qua

1882 4862 2040 4933 paulo
2067 4870 2191 4916 ante
2215 4860 2483 4929 dicebam,
2516 4871 2574 4917 ut
2613 4871 2667 4917 et
2708 4863 2796 4933 qui
2826 4862 2885 4916 lit
2922 4862 3112 4928 bonus,
3145 4878 3250 4918 non
3291 4864 3343 4918 in
3386 4878 3469 4931 se,

1879 4954 1973 5011 sed
2000 4955 2053 5009 in
2080 4954 2305 5009 Domino
2331 4955 2587 5025 glorietur
2612 4953 2722 5029 (Id.
2749 4969 2785 5017 ι,
2816 4954 2929 5027 51).
2954 4955 3157 5011 Omnes
3179 4956 3322 5011 enim
3349 4970 3473 5026 pec-

1881 5054 2160 5112 caverunt,
2188 5054 2243 5100 et
2276 5054 2436 5115 egent
2459 5045 2626 5115 gloria
2655 5044 2747 5099 Dei
2777 5043 2954 5118 (Rom.
2982 5062 3060 5114 ιιι,
3091 5046 3219 5117 23).
3269 5048 3324 5103 In
3350 5047 3473 5117 qui-

1884 5135 1982 5190 bus
2010 5152 2139 5207 ergo
2163 5137 2242 5191 sic
2265 5135 2471 5190 habitat
2498 5134 2774 5200 Dominus,
2800 5144 2859 5191 ut
2880 5144 2934 5191 et
2956 5136 3023 5193 de
3044 5136 3198 5194 bonis
3217 5138 3329 5195 suis
3355 5138 3473 5209 ipso

1882 5228 2228 5299 glorificetur,
2254 5237 2314 5283 ut
2338 5243 2442 5283 non
2475 5228 2574 5282 sibi
2607 5228 2773 5284 velint
2802 5229 3057 5294 tribuere,
3088 5239 3142 5286 et
3169 5231 3320 5302 quasi
3350 5245 3475 5301 pro-

1885 5322 2058 5391 prium
2086 5318 2357 5374 vindicare
2397 5318 2537 5388 quod
2563 5318 2631 5373 ab
2667 5318 2757 5374 illo
2783 5330 3127 5391 acceperunt,
3168 5321 3266 5391 ipsi
3308 5320 3473 5390 perti-

1886 5422 2015 5468 nent
2045 5412 2109 5467 ad
2137 5412 2383 5467 decorem
2411 5411 2602 5468 domus
2631 5412 2748 5468 Dei.
2775 5413 2885 5469 Nec
2912 5414 3146 5470 discerni
3176 5414 3294 5469 illos
3314 5412 3477 5469 vellet

1886 5503 2179 5573 Scriptura,
2221 5502 2320 5558 nisi
2346 5504 2469 5574 quia
2495 5514 2618 5559 sunt
2644 5503 2857 5575 quidam
2884 5506 2972 5576 qui
3017 5505 3216 5561 donum
3254 5503 3349 5558 Dei
3378 5503 3474 5557 ha-

1887 5596 2017 5651 bent
2045 5594 2259 5665 quidem
2284 5637 2298 5661 ,
2332 5605 2387 5651 et
2415 5596 2608 5651 nolunt
2637 5596 2689 5650 in
2728 5596 2837 5652 Deo
2876 5596 3123 5667 gloriari,
3152 5595 3250 5649 sed
3290 5594 3341 5648 in
3367 5609 3427 5651 se
3456 5611 3470 5650 :

1889 5688 2087 5743 habent
2111 5686 2325 5757 quidem
2353 5686 2550 5743 donum
2581 5688 2697 5754 Dei,
2725 5687 2818 5743 sed
2849 5701 2955 5743 non
2987 5685 3257 5757 pertinent
3280 5684 3349 5740 ad
3374 5684 3471 5743 de-

1954 5868 1970 5899 ι
1996 5866 2145 5932 Editio
2167 5874 2266 5917 Am.
2288 5865 2485 5928 inndo
2506 5878 2620 5931 ergo
2642 5863 2825 5932 venitur
2848 5864 2915 5914 ad
2928 5861 3257 5932 judicandum
3277 5874 3478 5926 aream;

1889 5928 2121 5996 numquid
2142 5937 2287 5989 Deus,
2311 5927 2409 5979 etc.
2426 5935 2499 5978 Er.
2526 5927 2723 5989 Quando
2742 5938 2856 5990 ergo
2878 5927 3017 5977 venit.
3032 5930 3204 5977 Atlas.
3218 5939 3328 5978 cum
3343 5933 3477 5996 Lov.,

1891 5992 2072 6055 ρυωνίδ
2102 6003 2215 6056 ergo
2250 5998 2456 6053 verum
2482 5997 2576 6040 etot
