4032 6464
177 655 292 714 luce
319 637 556 724 quidem
583 637 674 710 eti
699 637 914 709 ﬁdnhisi
948 633 1066 720 Dei,
1086 643 1189 730 sed
1217 645 1412 708 clausis
1440 651 1626 707 oculis.
1659 633 1793 708 Male

181 743 402 803 vivendo
430 733 591 800 enirn
633 737 822 801 videie'
857 737 963 800 non
999 737 1110 798 vult
1134 743 1278 810 eum,
1310 736 1363 798 in
1404 743 1553 814 cujus
1584 742 1799 798 nomine

188 833 440 910 tanquam,
457 829 649 894 timens
671 825 824 894 estin
845 827 1043 894 lumine
1064 829 1403 906 conSIitutus,
1428 835 1569 893 nulla
1596 830 1798 893 visione

198 933 299 991 veri
323 927 555 1006 luminis
584 931 875 988 animatus.

198 1079 1774 1106 W

498 1277 501 1280 .
555 1180 684 1248 ἸΝ
719 1173 1105 1246 rsum
1145 1169 1361 1244 xxvr

746 1369 1145 1429 ENARBATIO
1163 1328 1230 1427 '1.-

513 1526 634 1599 Ipsi
663 1525 832 1583 Dauid
846 1568 862 1595 ,
891 1527 1184 1599 priusquam
1222 1525 1469 1582 liniretur.

200 1741 222 1758 ._
342 1667 519 1759 iners.
550 1661 633 1760 i.]
679 1659 806 1740 ’iiro
834 1683 1033 1740 Christi
1064 1661 1316 1755 loquitur,
1349 1698 1468 1739 cum
1497 1682 1702 1740 accedit
1725 1681 1793 1738 ad

196 1765 371 1834 ﬁdem.
401 1773 662 1833 Dominus
687 1778 992 1855 illuminutio
1013 1794 1123 1832 mea
1143 1787 1188 1831 et
1207 1777 1444 1832 salutaris
1469 1793 1628 1842 meus,
1650 1792 1795 1846 quem

198 1863 379 1927 timebo
403 1861 427 1927 ἲ
468 1859 731 1926 Dominus
756 1869 888 1925 mihi
917 1878 971 1926 et
997 1869 1237 1926 uetitiam
1265 1869 1345 1924 sui
1367 1876 1421 1924 et
1448 1868 1674 1925 salutem
1703 1867 1796 1924 da-

194 1963 298 2031 bit,
333 1961 454 2034 quis
481 1977 562 2018 me
609 1956 817 2018 auferet
842 1961 929 2017 ei?
961 1959 1207 2015 Dominus
1237 1968 1484 2027 protector
1508 1962 1622 2014 vita:
1649 1973 1792 2026 mea,

192 2073 225 2112 α
250 2073 355 2124 quo
394 2054 659 2128 trepidabo
677 2055 704 2109 ?
733 2054 990 2110 Dominus
1016 2055 1239 2125 repellet
1275 2069 1462 2110 omnes
1490 2055 1719 2125 impetus
1741 2061 1796 2109 et

192 2147 414 2204 insidias
441 2147 617 2222 hostis
639 2148 768 2222 mei,
805 2161 832 2201 a
865 2147 1010 2202 nullo
1039 2146 1330 2217 trepidabo.

261 2239 315 2293 2.
342 2227 498 2312 [νεῖ-ε.
640 2219 778 2292 Dum
815 2238 1226 2310 apprOpinquant
1252 2254 1404 2310 super
1443 2254 1522 2291 me
1541 2245 1792 2306 nocentes,

195 2339 246 2385 ut
273 2331 430 2386 edant
469 2346 652 2385 carnes
696 2347 833 2384 meas
865 2345 884 2384 :
925 2329 1050 2384 dum
1079 2329 1337 2385 accedunt
1367 2328 1435 2384 ad
1473 2343 1798 2399 cognoscen-

195 2421 318 2478 dum
344 2438 436 2478 me
465 2431 746 2490 nocentes,
778 2429 832 2477 et
859 2421 1243 2488 insultandum,
1271 2429 1333 2477 ut
1359 2436 1420 2476 se
1448 2419 1576 2475 mihi
1605 2421 1795 2492 prurie-

197 2526 314 2573 rant
341 2516 574 2572 mutanti
603 2516 620 2547 ¹
648 2529 739 2571 me
769 2514 823 2569 in
866 2514 1090 2580 melius;
1120 2523 1177 2568 ut
1204 2512 1465 2569 maledico
1503 2512 1663 2569 dente
1690 2527 1796 2570 non

199 2625 279 2665 me
322 2617 693 2676 consumant,
724 2605 820 2662 sed
862 2607 1038 2678 potius
1081 2606 1312 2663 carnalia
1351 2604 1616 2661 desideria
1653 2619 1793 2661 mea.

200 2700 293 2766 Qui
332 2700 588 2755 tribulam
617 2716 698 2755 me
725 2699 918 2753 inimici
944 2699 1039 2752 mei
1066 2714 1085 2752 :
1123 2713 1228 2772 non
1255 2697 1429 2752 solum
1469 2697 1558 2769 qui
1589 2712 1673 2752 me
1699 2696 1796 2752 tri-

200 2791 381 2848 bulant
422 2793 603 2848 amico
632 2792 813 2847 animo
854 2790 1330 2862 reprehendentes,
1368 2799 1424 2846 et
1462 2805 1492 2845 a
1524 2790 1796 2860 proposito

197 2899 449 2941 revocare
481 2884 750 2950 volentes,
785 2881 878 2938 sed
923 2883 1081 2939 etiam
1114 2883 1312 2939 inimici
1341 2882 1467 2937 mei.
1503 2880 1614 2952 Ipsi
1652 2880 1800 2950 inﬁr-

200 2975 314 3030 mati
343 2984 481 3043 sunt,
507 2985 553 3030 et
575 2975 867 3030 ceciderunt
893 2992 912 3029 :
941 2974 1066 3030 dum
1090 2990 1218 3044 ergo
1245 2973 1297 3028 id
1323 2982 1484 3044 agunt
1509 2972 1682 3028 studio
1704 2972 1799 3028 de-

201 3068 449 3126 fendendi
477 3068 802 3124 sententiam
828 3083 976 3122 suam
1003 3110 1016 3135 ,
1046 3067 1242 3122 inlirmi
1275 3064 1398 3120 facti
1441 3075 1564 3120 sunt
1587 3064 1652 3119 ad
1680 3079 1796 3120 ere-

199 3159 363 3218 deuda
411 3161 670 3226 meliora;
703 3163 759 3217 et
790 3157 1010 3216 verbum
1059 3157 1284 3228 Salutis,
1331 3157 1426 3230 per
1471 3157 1613 3231 quod
1661 3145 1796 3214 iacio

200 3251 332 3327 Quod
359 3254 440 3310 eis
466 3247 738 3324 displicet,
767 3247 947 3308 odisse
974 3256 1272 3321 coeperunt.

264 3349 316 3404 3.
347 3341 504 3422 [cera
646 3343 708 3402 Si
737 3342 1014 3400 consistant
1049 3343 1316 3399 adversum
1347 3361 1424 3399 me
1450 3353 1616 3398 castra
1637 3385 1652 3410 ,
1697 3361 1797 3398 non

199 3437 385 3496 timebit
414 3441 504 3494 cor
525 3455 695 3494 meum
721 3455 740 3494 :
766 3438 1022 3494 adversus
1047 3436 1132 3492 me
1157 3447 1330 3492 autem
1356 3437 1397 3492 si
1431 3436 1800 3492 contradicen-

198 3533 321 3590 liurn
354 3533 678 3604 conSpirans
709 3527 990 3587 multitudo
1017 3529 1296 3598 consistat,
1340 3546 1444 3584 non
1476 3529 1679 3585 timebit
1703 3544 1797 3585 cor

198 3623 392 3692 meum,
440 3627 502 3680 ut
543 3623 596 3680 in
629 3639 816 3680 eorum
848 3631 1024 3694 partes
1069 3620 1434 3692 transfugiam.
1470 3619 1531 3676 Si
1569 3617 1797 3691 insurgat

197 3713 249 3774 in
283 3717 358 3773 ine
390 3712 602 3784 bellum,
631 3709 685 3771 in
726 3717 822 3769 hac
857 3711 949 3786 ego
980 3712 1191 3786 sperabo
1221 3728 1240 3768 :
1269 3709 1314 3768 si
1357 3720 1606 3782 exsurgat
1631 3711 1680 3765 in
1709 3726 1797 3767 me

197 3800 499 3882 persecutio
527 3805 693 3879 hujus
716 3805 923 3875 saeculi,
955 3805 1008 3861 in
1037 3803 1159 3876 hac,
1191 3819 1353 3878 quam
1381 3805 1556 3877 cogito
1584 3804 1797 3876 petitio-

197 3903 339 3969 nem,
374 3899 534 3972 ﬁgam
567 3901 720 3970 spem
751 3913 949 3954 meam.

263 3993 319 4052 ι.
350 3994 510 4069 [verm
538 3990 622 4066 4.]
663 3986 832 4048 Unam
858 3990 978 4063 petii
1005 4006 1038 4044 a
1071 3989 1308 4056 Domino,
1346 3988 1476 4043 hanc
1503 3987 1794 4062 requiram:

197 4085 350 4145 uuam
395 4085 540 4145 enim
577 4084 890 4158 petitionem
923 4084 1049 4158 petii
1095 4099 1125 4139 a
1171 4081 1420 4151 Domino,
1453 4081 1591 4139 hanc
1617 4085 1796 4155 requi-

195 4174 324 4239 ἕξω.
362 4171 434 4238 Ut
476 4179 757 4236 inhabilem
801 4177 854 4233 in
890 4175 1039 4233 domo
1084 4171 1293 4232 Domini
1319 4193 1491 4231 omnes
1522 4175 1628 4231 dies
1673 4178 1792 4233 vitta

197 4275 360 4331 mea:
387 4275 442 4330 ut
468 4273 728 4346 quamdiu
755 4271 811 4327 in
837 4271 935 4326 hac
956 4265 1064 4326 vit'a
1091 4286 1230 4338 sum,
1262 4269 1420 4324 nullae
1447 4267 1793 4326 adversitates

197 4359 277 4421 inc
303 4357 596 4423 excl‘udant
625 4364 693 4420 de
738 4365 962 4419 numero
990 4378 1175 4418 eorum
1221 4363 1309 4432 qui
1340 4363 1591 4417 unitatem
1621 4369 1674 4416 et
1703 4378 1794 4417 ve-

199 4451 404 4515 iilateir'i
435 4455 725 4514 dominicae
769 4453 892 4510 ﬁdei
924 4470 1021 4526 per
1063 4455 1246 4509 orbem
1295 4457 1553 4508 terrarum
1585 4462 1790 4511 tenent.

203 4550 264 4605 Ut
293 4549 614 4621 contempler
639 4547 1021 4603 delectationem
1053 4529 1260 4604 Domini
1287 4561 1304 4599 :
1333 4562 1398 4600 eo
1425 4535 1531 4600 line
1568 4542 1790 4614 scilicet,

203 4651 256 4696 In
281 4644 338 4697 in
363 4641 470 4697 nde
493 4639 866 4712 perseveranti
893 4643 1147 4708 appareat
1170 4635 1303 4691 mihi
1327 4635 1534 4707 species
1558 4635 1791 4691 deleCta-

197 4733 340 4804 bilis,
366 4725 534 4807 quam
562 4723 700 4790 faeie
738 4732 809 4788 ad
833 4730 1019 4787 faciem
1063 4728 1414 4800 contempler.
1447 4727 1514 4783 Et
1558 4737 1793 4801 protegar

197 4829 438 4901 «ruptum
484 4827 599 4899 ejus
624 4827 644 4882 :'
672 4833 729 4882 et
769 4823 1020 4895 absorpta
1061 4820 1234 4878 m'orte
1277 4819 1328 4876 in
1359 4821 1654 4887 victoriam,
1686 4819 1790 4876 im-

195 4918 524 4977 mortalitate
545 4918 756 4986 induar,
791 4915 1013 4974 eﬂect‘us
1039 4914 1295 4986 templum
1316 4913 1456 4984 ejus.

263 5013 315 5069 5.
347 5011 509 5088 [πη.
554 5011 638 5088 3.]
666 5008 924 5078 Quoniam
963 5006 1230 5065 abscondit"
1270 5021 1350 5063 me
1376 5007 1431 5063 in
1470 5005 1790 5065 tabernaculo

197 5109 284 5163 ilo
303 5107 358 5162 in
391 5105 478 5162 die
517 5100 774 5160 malorum
817 5099 1043 5158 meorum
1076 5115 1097 5158 :
1120 5102 1369 5173 quoniam
1397 5095 1676 5158 abScondit
1705 5101 1792 5158 me

198 5195 250 5254 in
286 5197 697 5270 dispensatione
725 5195 988 5252 incarna'ti
1020 5193 1180 5252 Verbi
1211 5193 1292 5250 sui
1319 5193 1372 5249 in
1407 5203 1646 5266 tempore
1674 5203 1790 5250 ten-

147 5307 169 5392 η
198 5291 477 5356 auarum,
509 5287 702 5361 quibus
722 5286 964 5392 mortalis
986 5281 1092 5392 vita
1121 5299 1239 5392 mea
1270 5281 1532 5386 subiacet.
1558 5285 1790 5392 Protea.“

195 5393 273 5438 tne
311 5384 367 5439 in
393 5380 695 5439 abscondito
724 5376 1040 5437 tabernaculi
1076 5377 1158 5434 sui
1186 5395 1204 5435 :
1234 5374 1463 5451 protexit
1487 5395 1594 5446 me,
1626 5377 1790 5435 corde

531 5473 602 5531 ad
623 5473 882 5547 justitiam
907 5468 1084 5544 (Rom.
1111 5475 1167 5540 x,
1203 5463 1315 5545 10).

260 5571 316 5627 6.
336 5561 492 5644 [ὐέὴ.
516 5565 600 5642 6.]
623 5561 693 5623 In
714 5573 859 5636 petra
882 5562 1119 5621 exultauit
1140 5563 1258 5619 me:
1286 5571 1340 5620 et
1368 5563 1426 5619 ut
1449 5562 1789 5620 manifestum

193 5661 356 5720 etilli!
386 5660 543 5720 ﬂeret
565 5660 635 5717 ad
961 5656 1105 5729 quod
1135 5655 1368 5725 credidi,
1414 5655 1465 5711 in
1495 5666 1588 5712 sua
1619 5651 1782 5711 ﬂrmi-

193 5755 308 5814 α
325 5755 354 5790 ¹
376 5751 508 5813 καί
532 5751 776 5812 emimus
797 5746 1188 5807 eoufeasionem
1213 5751 1408 5819 meatu,
1433 5741 1501 5803 Et
1523 5757 1656 5804 nunc
1679 5753 1790 5803 ecce

253 5974 279 6074 ἶ
298 5967 1244 6098 είίὲἓῗέἔξἏῖωιέξῗξίέἕὲίὴειαιέ.

1303 503 1698 592 ENAnit'A'ﬁo
1736 530 1804 591 IN
1839 509 2160 593 PSALMUM
2189 525 2380 594 xxu.

1905 654 2144 708 exultavit
2180 663 2332 726 caput
2373 670 2539 711 meum
2565 671 2717 728 super
2741 655 2967 714 inimicos
2995 673 3129 714 meos
3153 673 3172 714 :
3195 660 3321 731 quid
3351 662 3482 718 mihi

1901 756 2078 800 servat
2123 747 2173 801 iu
2204 745 2400 813 tinem,
2434 749 2646 819 quando
2673 758 2729 806 et
2763 766 2904 807 nunc
2939 767 3060 807 cum
3099 767 3292 824 corpus
3333 769 3483 812 mor-

1915 845 2058 893 tuum
2076 848 2158 894 est
2173 849 2388 910 propter
2400 850 2676 912 peccatum
2706 841 2880 918 (Rom.
2905 861 3022 911 vni,
3039 844 3154 916 10),
3171 846 3343 903 sentio
3356 862 3486 905 ecce

1903 939 2136 987 mentem
2172 947 2344 988 meam
2371 935 2574 992 servire
2613 936 2714 1008 legi
2753 937 2846 993 Dei
2871 972 2890 1007 ,-
2919 939 3017 1016 nec
3057 938 3179 996 duci
3216 941 3483 1014 captivam

1899 1022 2002 1078 sub
2027 1023 2320 1082 rebellante
2337 1026 2453 1099 lege
2487 1029 2687 1099 peccati
2721 1028 2832 1103 (Id.
2855 1046 2948 1102 vn,
2981 1030 3073 1099 22,
3107 1031 3266 1102 etc.)?
3287 1030 3484 1089 Circui-

1899 1119 1948 1173 vi
1963 1160 1977 1185 ,
2007 1129 2052 1173 et
2075 1120 2330 1176 immolavi
2348 1122 2400 1176 in
2425 1122 2748 1178 tabernaculo
2768 1125 2876 1193 eius
2897 1125 3112 1181 hostium
3122 1125 3444 1198 jubilationis
3460 1143 3484 1184 :

1899 1211 2230 1268 consideravi
2259 1214 2446 1271 orbem
2485 1216 2791 1272 credentem
2823 1217 2875 1272 in
2903 1216 3212 1285 Christum;
3253 1228 3308 1275 et
3334 1219 3386 1276 in
3417 1235 3483 1278 eo

1899 1303 2041 1374 quod
2092 1320 2189 1375 pro
2233 1306 2387 1361 nobis
2433 1309 2794 1379 temporaliter
2833 1309 2973 1388 Deus
3017 1310 3324 1367 humiliatus
3366 1320 3482 1380 est,

1897 1395 2135 1466 gaudens
2178 1396 2384 1464 laudavi
2425 1414 2545 1455 eum
2579 1416 2592 1454 :
2647 1401 2735 1456 tali
2765 1403 2907 1458 enim
2950 1402 3122 1458 hostia
3164 1403 3480 1461 delectatur.

1899 1487 2123 1560 Cantabo
2151 1499 2200 1544 et
2234 1491 2451 1562 psallam
2477 1491 2697 1548 Domino
2719 1509 2740 1546 :
2764 1493 2926 1552 corde
2951 1503 3109 1567 atque
3147 1511 3310 1568 opere
3337 1497 3483 1554 laeta-

1897 1580 1999 1656 bor
2024 1583 2076 1638 in
2105 1583 2348 1640 Domino.

1947 1674 2022 1748 '7.
2056 1672 2204 1747 [vers.
2238 1675 2314 1750 7.]
2355 1677 2586 1747 Exaudi,
2633 1679 2883 1751 Domine,
2928 1697 3099 1740 vocem
3144 1699 3341 1753 meam,
3384 1699 3484 1756 qua

1898 1766 2113 1822 clamavi
2148 1770 2216 1824 ad
2252 1779 2299 1824 te
2322 1787 2341 1825 :
2367 1772 2588 1840 exaudi,
2621 1773 2875 1843 Domine,
2912 1791 3097 1834 vocem
3137 1778 3480 1848 interiorem,

1897 1875 2056 1932 quam
2090 1862 2141 1917 in
2173 1878 2331 1921 aures
2361 1873 2484 1922 tuas
2516 1865 2637 1922 forti
2679 1867 2973 1926 intentione
3009 1870 3200 1926 direxi.
3243 1870 3483 1926 Miserere

1899 1953 2030 2026 mei,
2070 1962 2119 2008 et
2160 1956 2345 2011 exaudi
2391 1973 2470 2012 me
2497 1973 2518 2014 :
2563 1959 2820 2018 miserere
2863 1962 3003 2029 mei,
3050 1969 3106 2018 et
3154 1963 3345 2020 exaudi
3393 1977 3481 2020 me

1898 2059 1951 2098 ιη
1976 2059 2058 2100 ea.

1971 2137 2025 2194 8.
2056 2137 2204 2212 [rem
2237 2140 2315 2214 8.]
2355 2140 2471 2197 Tibi
2507 2143 2635 2198 dixit
2675 2160 2763 2199 cor
2797 2161 2964 2200 meum
2989 2160 3009 2201 :
3042 2146 3262 2214 Quaesivi
3291 2145 3482 2202 vultum

1899 2238 2060 2285 tuum.
2092 2231 2206 2287 Non
2238 2234 2378 2289 enim
2407 2229 2710 2292 hominibus
2734 2249 2822 2292 me
2852 2235 3149 2304 estentavi;
3180 2236 3275 2294 sed
3311 2238 3362 2292 in
3393 2253 3482 2295 se-

1898 2334 2048 2380 creto
2072 2326 2158 2380 uhi
2187 2328 2331 2382 solus
2358 2329 2545 2397 audis,
2591 2329 2684 2384 tibi
2711 2329 2847 2386 dixit
2873 2346 2969 2388 cor
2997 2347 3172 2388 meum
3208 2351 3221 2389 :
3252 2333 3484 2400 Quaesivi

1899 2431 2005 2471 non
2031 2425 2136 2472 ate
2155 2417 2368 2488 aliquod
2398 2427 2546 2475 extra
2571 2430 2620 2476 te
2644 2421 2940 2492 prmmium,
2971 2423 3065 2478 sed
3090 2424 3285 2478 vultum
3311 2433 3482 2481 tuum.

1911 2497 2114 2562 vultum
2148 2517 2319 2578 tuum,
2368 2509 2614 2578 Domine,
2658 2513 2950 2585 requiram:
2993 2507 3120 2570 huic
3160 2515 3487 2586 inquisitioni

1899 2591 2308 2672 perSevcranter
2345 2596 2588 2673 inst'aho;
2637 2609 2745 2661 non
2784 2607 2925 2662 enim
2970 2607 3076 2662 vile
3118 2605 3346 2678 aliquid,
3390 2607 3484 2664 sed

1899 2697 2101 2753 Vultum
2136 2707 2280 2753 tuum
2302 2741 2316 2765 ,
2360 2689 2614 2767 Domine,
2660 2700 2928 2770 requiram
2951 2742 2966 2768 ,
2998 2710 3054 2756 ut
3078 2703 3242 2773 gratis
3270 2712 3320 2758 te
3360 2703 3486 2759 dili-

1898 2793 2038 2860 gain,
2073 2789 2192 2859 quia
2224 2791 2512 2860 pretiosius
2539 2790 2739 2861 aliquid
2766 2808 2869 2846 non
2899 2793 3131 2849 invenio.

1970 2881 2022 2937 9.
2056 2880 2207 2955 [vers.
2241 2881 2320 2957 9.]
2347 2880 2430 2938 Ne
2450 2895 2648 2964 avertas
2696 2887 2888 2940 vultum
2917 2895 3057 2942 tuum
3082 2906 3114 2942 ιι
3139 2906 3218 2944 me
3256 2906 3276 2944 :
3303 2897 3360 2945 ut
3407 2885 3489 2946 in-

1899 2975 2107 3030 veniam
2137 2975 2277 3047 quod
2316 2973 2518 3049 quzero.
2563 2977 2648 3035 Ne
2676 2980 2896 3036 declines
2932 2981 2985 3037 in
3013 2979 3092 3036 ira
3128 3002 3160 3038 a
3183 3000 3324 3040 seruo
3354 2994 3440 3040 tuo
3468 3001 3488 3041 :

1901 3084 1967 3124 ne
2000 3075 2050 3124 te
2077 3071 2356 3140 quzeren's,
2403 3070 2454 3125 in
2499 3072 2640 3127 aliud
2687 3073 2972 3130 incurram.
3019 3076 3155 3145 Quid
3202 3077 3343 3132 enim
3388 3078 3488 3136 hac

1900 3157 2056 3232 pinna
2101 3162 2316 3234 gravius
2352 3164 2549 3219 amanti
2593 3173 2650 3220 et
2684 3167 2943 3236 quaerenti
2989 3170 3265 3226 veritatem
3309 3171 3486 3226 vultus

1903 3247 2016 3308 tui?
2043 3253 2263 3325 Adjutor
2291 3273 2427 3310 meus
2455 3265 2558 3311 esto
2580 3274 2600 3311 :
2630 3258 2842 3328 quando
2879 3253 3016 3315 hanc
3056 3260 3353 3330 inveniam,
3385 3263 3487 3319 nisi

1903 3347 1957 3400 tu
1985 3345 2238 3417 adjuvcs?
2272 3345 2354 3403 Ne
2384 3349 2700 3421 derelinquas
2741 3369 2850 3420 me,
2891 3370 3049 3423 neque
3085 3356 3334 3426 despicias
3371 3374 3484 3425 me,

1899 3437 2040 3492 Deus
2069 3438 2309 3493 salutaris
2339 3457 2475 3493 meus
2499 3457 2516 3494 :
2546 3457 2717 3510 neque
2745 3452 3057 3499 contemnas
3079 3445 3218 3516 quod
3246 3448 3485 3503 mortalis

1901 3538 2157 3585 aeternum
2197 3530 2356 3586 audet
2396 3529 2693 3602 inquirere;
2728 3541 2784 3588 tu
2822 3533 2964 3590 enim
3005 3535 3145 3591 Deus
3173 3552 3330 3592 sanas
3368 3538 3484 3609 pla-

1901 3637 2018 3694 gam
2050 3623 2250 3694 peccati
2279 3624 2402 3678 mei.

1974 3715 2062 3772 10.
2096 3711 2245 3788 [vers.
2279 3712 2392 3790 10.]
2425 3715 2679 3784 Quoniam
2713 3728 2856 3789 pater
2905 3735 3045 3774 meus
3081 3728 3131 3776 et
3174 3729 3332 3775 mater
3373 3736 3483 3776 mea

1899 3799 2271 3878 dereliquerunt
2314 3823 2430 3862 me:
2456 3807 2706 3879 quoniam
2751 3825 2971 3879 regnum
3013 3812 3194 3867 saeculi
3231 3811 3391 3883 hujus
3430 3821 3485 3871 et

1897 3897 2084 3952 civitas
2111 3899 2289 3953 szeculi
2323 3897 2499 3970 hujus,
2531 3915 2597 3954 ex
2636 3883 2828 3970 quibus
2859 3890 3221 3974 temporaliter
3246 3912 3302 3960 et
3337 3921 3482 3962 rnor-

1899 3987 2079 4045 taliter
2107 4001 2266 4046 natus
2294 4005 2410 4046 sum
2432 4032 2448 4059 ,
2479 3989 2877 4062 dereliquerunt
2908 4009 2991 4048 me
3028 4005 3355 4065 quzerentem
3394 4005 3481 4066 te,

1900 4089 1956 4136 et
2005 4081 2390 4153 despicientem
2437 4098 2554 4154 qua:
2605 4084 3016 4160 promittebant,
3064 4101 3183 4142 cum
3239 4086 3290 4142 id
3343 4087 3485 4158 quod

1899 4191 2082 4247 qutero
2109 4175 2236 4231 dare
2277 4191 2384 4231 non
2425 4185 2660 4246 possent.
2709 4175 2959 4247 Dominus
3005 4187 3172 4234 autem
3211 4179 3485 4249 assumpsit

1897 4282 2019 4322 me:
2052 4267 2304 4322 Dominus
2327 4278 2540 4336 autem,
2577 4268 2668 4339 qui
2706 4278 2883 4338 potest
2921 4269 3035 4339 ipse
3063 4268 3191 4326 dare
3229 4269 3360 4324 mihi
3385 4284 3480 4338 se,

1896 4359 2184 4429 assumpsit
2211 4373 2316 4413 me.

1970 4450 2058 4506 ll.
2088 4449 2238 4524 [νει-ε.
2273 4448 2384 4525 11.]
2415 4448 2598 4522 Legem
2651 4450 2778 4504 mihi
2828 4450 3105 4519 constitue,
3137 4429 3382 4518 Domine,
3427 4451 3482 4507 in

1896 4541 1978 4597 uia
2007 4552 2133 4598 tua:
2161 4540 2228 4597 ad
2259 4550 2309 4596 te
2348 4542 2507 4613 igitur
2546 4541 2814 4611 tendenti,
2853 4550 2908 4598 et
2950 4551 3147 4597 tantam
3189 4527 3479 4618 professio-

1898 4651 2020 4691 nem
2045 4633 2386 4707 perveniendi
2414 4633 2482 4688 ad
2516 4634 2831 4704 sapientiam
2861 4648 2892 4689 a
2923 4633 3114 4690 timore
3140 4625 3410 4690 inchoanti
3438 4623 3478 4705 ί,

1896 4727 2067 4802 legem
2095 4729 2224 4784 mihi
2274 4729 2566 4797 constitue,
2595 4715 2815 4785 Domine
2834 4768 2850 4797 ,
2883 4728 2936 4785 in
2968 4728 3048 4784 via
3078 4737 3162 4784 tua
3184 4770 3199 4795 ,
3230 4723 3302 4784 ne‘
3322 4717 3480 4786 aber-

1896 4831 2101 4881 rantem
2130 4822 2408 4893 disciplina
2442 4832 2528 4878 tua
2565 4819 2797 4878 deserat.
2828 4820 2896 4876 Et
2920 4820 3082 4893 dirige
3107 4838 3185 4875 me
3212 4821 3266 4875 in
3304 4822 3481 4876 semita

1895 4911 2034 4996 recta
2071 4924 2275 4987 prapter
2301 4913 2530 4968 inimicos
2556 4929 2691 4968 meos
2716 4927 2735 4967 :
2759 4920 2812 4968 et
2844 4909 3011 4985 dirige
3050 4928 3135 4968 me
3181 4913 3232 4967 in
3264 4905 3483 4968 rectitu-

1897 4995 2021 5064 dine
2051 5007 2413 5080 angustiarum
2457 5005 2606 5076 ejus;
2638 5019 2744 5060 non
2775 5003 2917 5059 enim
2954 5001 3207 5061 inchoare
3243 4995 3440 5060 sufﬁcit
3465 5046 3480 5073 ,

1896 5115 2016 5158 cum
2050 5099 2280 5164 inimici,
2312 5097 2483 5154 donec
2511 5095 2872 5166 perveniatur,
2902 5110 3008 5150 non
3039 5091 3333 5167 quiescant.

1967 5191 2056 5250 12.
2084 5189 2232 5265 [vers.
2265 5173 2382 5263 12.]
2408 5181 2492 5244 Ne
2519 5187 2788 5243 tradideris
2816 5203 2896 5242 me
2921 5187 2975 5243 in
3011 5189 3206 5244 animas
3233 5187 3481 5244 tribulati-

1897 5286 2024 5342 tium
2046 5301 2124 5340 me
2154 5300 2172 5339 :
2199 5297 2268 5338 ne
2313 5282 2456 5339 sinas
2500 5280 2816 5337 tribulantes
2859 5296 2946 5336 me
2988 5281 3170 5336 satiari
3215 5280 3284 5338 de
3322 5281 3478 5336 malis

1894 5377 2049 5434 meis.
2083 5370 2334 5442 Quoniam
2369 5373 2754 5429 insurrexerunt
2776 5371 2906 5426 mihi
2940 5378 3086 5430 testes
3111 5371 3269 5444 iniqui
3294 5387 3314 5426 :
3338 5385 3475 5440 quo-

1894 5463 2039 5526 niam
2067 5466 2472 5524 insurrexerunt
2513 5465 2567 5522 in
2611 5480 2697 5522 me
2722 5457 2853 5521 falsa
2883 5455 2952 5520 de
2995 5477 3082 5520 me
3122 5461 3380 5525 dicentes,
3408 5458 3478 5514 ad

1892 5559 2246 5620 amovendum
2272 5555 2712 5617 et-rev0caltt'dum
2739 5567 2826 5612 me
2849 5555 2944 5612 ab!
2971 5563 3044 5624 te,
3074 5551 3224 5625 quasi
3251 5550 3475 5622 gloriam

1891 5655 1962 5714 ab
2002 5651 2304 5711 hominibus
2332 5649 2589 5724 quaeram.
2633 5645 2707 5705 Et
2744 5645 2952 5704 mentita
2989 5653 3062 5702 est
3094 5640 3332 5713 iniquitas
3359 5639 3474 5698 sibi.

1956 5887 1974 5934 ί
1999 5898 2113 5970 φάο
2138 5905 2191 5970 εει
2205 5891 2430 5970 Plerique
2447 5880 2578 5970 iss.
2600 5895 2647 5970 ει

2473 5947 2694 6024 atiinore
3103 5950 3246 6014 juxta
3263 5947 3477 6004 Qilbert.

1891 6014 2000 6091 Is},
2044 6014 2090 6076 et
2110 6014 2294 6076 laruam
2313 6018 2652 6088 professionem
2671 6014 2996 6084 perveniendi,
3023 6021 3122 6068 etc.
