4032 6454
559 491 666 552 199

559 604 740 675 itaque
769 597 1021 671 iniquitas
1045 592 1326 651 mendacio
1351 603 1449 646 suo
1485 589 1744 646 delectata
1772 597 1872 644 est.
1904 588 2034 643 Nam
2063 601 2152 643 me

561 713 668 752 non
694 693 881 760 movit,
911 690 997 746 cui
1033 703 1098 745 ex
1125 686 1229 743 hoc
1265 684 1529 758 promissa
1555 690 1636 740 est
1664 695 1877 766 merces.
1900 681 2072 750 major
2097 679 2152 734 in

564 787 736 846 caelis.
847 792 849 796 ‘

638 880 722 934 l3.
753 875 903 951 [vers.
949 871 1063 946 15.]
1089 870 1250 928 Credo
1298 868 1466 924 videre
1504 868 1634 922 bona
1659 863 1887 931 Domini,
1925 863 1979 916 in
2021 871 2154 915 terra

561 971 827 1027 viventium
860 984 878 1024 :
904 976 959 1022 ct
985 965 1236 1037 quoniam
1259 961 1377 1017 haec
1403 959 1549 1031 prior
1576 972 1764 1028 passus
1785 967 1866 1010 εει
1893 954 2152 1009 Dominus

563 1080 748 1128 meus;
799 1063 842 1115 si
883 1073 982 1130 ego
1024 1071 1237 1128 quoque
1283 1055 1488 1124 linguas
1533 1050 1872 1106 morientium
1917 1047 1932 1077 ⁸
1964 1055 2152 1101 conte-

562 1169 741 1211 mnam
778 1151 872 1220 (Os
897 1150 1039 1206 enim
1065 1147 1204 1219 quod
1233 1145 1485 1220 mentitur
1513 1140 1705 1196 occidit
1735 1139 1964 1192 animam
1994 1135 2150 1209 [Sap.

566 1264 604 1311 l,
641 1246 773 1319 11]),
804 1243 951 1298 credo
993 1241 1160 1296 videre
1192 1240 1320 1293 bona
1351 1236 1556 1292 Domini
1584 1236 1636 1290 in
1682 1243 1814 1287 terra
1846 1231 2110 1286 viventium
2131 1271 2149 1298 ,

563 1340 653 1395 tibi
685 1332 859 1394 nullus
883 1345 967 1393 est
1004 1333 1218 1390 falsitati
1249 1332 1418 1386 locus.

637 1431 724 1484 14.
774 1427 924 1501 [vers.
960 1423 1073 1498 14.]
1112 1423 1318 1479 Sustine
1355 1419 1652 1485 Dominum,
1685 1416 1894 1489 viriliter
1932 1429 2030 1487 age
2062 1429 2081 1466 :
2109 1420 2156 1467 et

563 1525 870 1592 confortatur
893 1535 979 1573 cor
994 1525 1157 1583 tuum,
1187 1523 1234 1569 et
1259 1513 1448 1568 sustine
1475 1510 1772 1565 Dominum.
1804 1506 1911 1563 Sed
1943 1504 2156 1577 quando

564 1614 705 1670 istud
731 1612 870 1669 erit?
896 1610 1136 1667 Arduum
1166 1615 1251 1665 est
1292 1603 1526 1672 mortali,
1562 1601 1770 1658 tardum
1800 1610 1882 1657 est
1905 1598 2104 1655 amanti
2138 1614 2153 1653 :

564 1707 661 1764 sed
686 1706 808 1761 audi
833 1720 938 1759 non
964 1703 1202 1758 fallacem
1225 1713 1411 1755 vocem
1437 1697 1664 1753 dicentis
1694 1714 1706 1750 :
1742 1695 1949 1751 Sustine
1975 1691 2156 1748 Domi-

564 1817 708 1856 num.
741 1799 931 1854 Tolcra
974 1797 1235 1851 ustionem
1282 1807 1472 1848 renum
1517 1789 1764 1855 viriliter,
1809 1796 1864 1842 ει
1894 1785 2157 1841 ustionem

565 1892 746 1948 cordis
778 1891 982 1946 fortiter
1012 1908 1026 1945 :
1055 1903 1161 1944 non
1209 1885 1304 1942 tibi
1334 1892 1583 1956 negatum
1628 1891 1804 1952 putes,
1834 1880 1976 1952 quod
2018 1893 2156 1934 non-

565 1983 692 2038 dum
722 1983 938 2052 accipis.
982 1980 1061 2036 Ne
1088 1977 1460 2049 desperatione
1487 1974 1728 2043 delicias,
1760 1973 1880 2029 vide
1923 1972 2044 2043 quia
2072 1970 2158 2027 di-

565 2084 708 2129 ctum
738 2083 820 2129 est
848 2090 861 2127 :
895 2070 1103 2128 Sustine
1129 2068 1422 2123 Dominum.

1091 2197 1488 2257 ENARRATIO
1525 2196 1590 2254 11.

1075 2347 1246 2391 ΒΕ.Μο
1285 2349 1351 2389 AD
1387 2345 1614 2388 PLBBEI.

642 2475 694 2532 1.
721 2474 978 2531 Dominus
996 2471 1137 2529 Deus
1159 2481 1342 2527 noster
1365 2469 1640 2540 alloquens
1659 2475 1713 2522 et
1731 2465 2017 2522 consolans
2037 2477 2158 2532 nos,

579 2549 821 2638 profecto
847 2579 982 2636 quos
1025 2563 1240 2634 respicit
1277 2577 1342 2617 ex
1369 2560 1512 2632 justo
1539 2557 1740 2630 judicio
1769 2572 1866 2613 suo
1896 2557 1948 2612 in
1966 2554 2163 2612 sudore

575 2660 754 2715 vultus
773 2659 938 2714 nostri
967 2671 1157 2728 panem
1186 2654 1508 2709 manducare
1535 2650 1688 2724 (Gen.
1716 2665 1796 2717 tu,
1831 2648 1942 2721 i9),
1975 2665 2038 2705 ex
2067 2663 2164 2704 no-

577 2750 661 2806 bis
694 2750 849 2806 nobis
878 2748 1023 2820 loqui
1048 2747 1312 2818 dignatur,
1342 2754 1401 2799 ut
1427 2741 1673 2798 ostendat
1707 2742 1828 2812 quia
1859 2755 1962 2796 non
1990 2739 2162 2795 solum

568 2853 652 2900 est
700 2842 945 2900 conditor
995 2848 1196 2907 noster,
1249 2837 1344 2894 sed
1393 2846 1449 2893 et
1491 2830 1779 2891 habitatOr.
1829 2833 2001 2889 Voces
2047 2833 2162 2888 ista:

568 2932 786 2999 Psalmi,
836 2947 968 3003 quas
992 2924 1312 2997 audivimus,
1341 2937 1396 2985 et
1441 2943 1509 2984 ex
1541 2935 1692 3000 parte
1736 2926 2087 2990 cantavimus,
2115 2925 2164 2982 si

569 3025 811 3080 dicamus
840 3023 982 3094 quod
1027 3032 1224 3078 nostra;
1270 3024 1396 3086 sint,
1449 3019 1742 3076 verendum
1773 3028 1857 3075 est
1899 3017 2162 3090 quemad-

568 3117 787 3172 modum
837 3130 1024 3171 verum
1071 3115 1310 3169 dicamus
1356 3131 1370 3166 :
1417 3121 1540 3167 sunt
1592 3111 1735 3167 enim
1785 3126 1944 3167 voces
1992 3110 2160 3181 magis

568 3205 798 3276 Spiritus
825 3205 917 3260 Dci
942 3220 1099 3276 quam
1121 3212 1338 3258 nostrae.
1364 3202 1594 3257 Rursum
1616 3202 1661 3256 si
1691 3202 1930 3257 dicamus
1952 3209 2162 3257 nostras

569 3312 678 3352 non
705 3311 844 3362 esse,
890 3295 1125 3365 profecto
1154 3293 1462 3349 mentimur.
1509 3292 1624 3347 Non
1657 3293 1800 3348 enim
1826 3301 1909 3348 est
1937 3293 2164 3363 gemitus

570 3389 674 3446 nisi
701 3388 1052 3443 laborantium
1079 3406 1092 3442 :
1114 3395 1206 3441 aut
1229 3386 1403 3440 omnis
1427 3385 1527 3439 ista
1556 3399 1677 3448 vox,
1702 3399 1821 3454 quae
1849 3383 1937 3439 hic
1963 3383 2161 3450 sonuit,

571 3479 726 3553 plena
776 3477 978 3534 doloris
1022 3486 1076 3533 et
1122 3476 1500 3549 lacrymarum,
1539 3482 1724 3546 potest
1753 3489 1874 3530 esse
1918 3474 2032 3545 ejus
2072 3474 2163 3545 qui

571 3587 842 3644 nunquam
886 3578 1062 3642 potest
1105 3569 1448 3646 esse‘miser.
1500 3565 1759 3622 Dominus
1802 3581 1929 3637 ergo
1958 3565 2164 3620 miseri-

571 3681 714 3733 cors,
760 3679 858 3719 uos
887 3663 1066 3720 miseri
1098 3680 1112 3716 :
1145 3661 1454 3717 misericors
1484 3660 1624 3730 loqui
1654 3658 1899 3729 dignatus
1932 3659 2163 3727 miseris,

573 3756 820 3826 dignatur
841 3754 1002 3809 etiam
1020 3752 1095 3806 uti
1118 3752 1170 3806 in
1193 3751 1322 3820 ipsis
1345 3764 1477 3805 voce
1501 3750 1838 3805 miserorum.
1866 3749 1940 3803 lta
1958 3760 2166 3802 mrum-

572 3859 676 3916 que
719 3858 905 3900 verum
945 3850 1048 3910 est,
1089 3851 1144 3897 et
1171 3850 1407 3897 nostram
1434 3854 1554 3895 esse
1599 3855 1809 3906 vocem,
1851 3849 1905 3896 et
1931 3849 2166 3895 nostram

574 3952 680 3992 non
711 3951 870 4001 esse;
910 3944 967 3990 et
989 3933 1218 4004 Spiritus
1249 3933 1340 3987 Dei
1385 3945 1505 3987 esse
1534 3946 1746 3996 vocem,
1777 3938 1831 3986 et
1862 3932 2028 4002 ipsius
2056 3944 2161 3984 non

573 4042 713 4084 esse.
740 4026 969 4096 Spiritus
1012 4023 1105 4079 Dei
1149 4019 1252 4079 v0x
1297 4030 1400 4088 est,
1431 4023 1554 4093 quia
1586 4022 1686 4076 ista
1733 4022 1832 4076 nisi
1878 4021 1969 4076 illo
2000 4021 2166 4091 inSpi-

573 4128 729 4177 rante
755 4132 861 4174 non
889 4116 1191 4173 diceremus
1219 4114 1427 4184 :‘ipsius
1453 4124 1630 4168 autem
1662 4129 1765 4166 non
1797 4119 1901 4179 est,
1930 4107 2052 4182 quia
2076 4112 2165 4169 ille

574 4226 676 4269 nec
695 4211 860 4267 miser
879 4217 980 4272 est,
1010 4221 1110 4265 nec
1143 4207 1366 4263 laborat.
1399 4205 1518 4262 istac
1545 4215 1720 4260 autem
1751 4220 1910 4260 voces
1937 4205 2166 4260 misero-

573 4319 693 4361 rum
727 4312 781 4359 et
826 4301 1179 4358 laborantium
1205 4307 1350 4356 sunt.
1383 4298 1587 4353 Rursus
1631 4306 1827 4353 nostra:
1873 4305 2016 4364 sunt,
2045 4297 2168 4366 quia

573 4409 732 4453 voces
761 4403 886 4452 sunt
929 4392 1224 4448 indicantes
1269 4390 1540 4446 miseriam
1569 4397 1805 4444 nostram
1838 4407 1851 4443 :
1883 4389 2011 4444 item
2061 4401 2165 4443 non

573 4497 699 4546 sunt
737 4495 968 4553 nostrze,
1000 4485 1122 4556 quia
1151 4498 1216 4540 ex
1263 4481 1404 4538 dono
1447 4481 1563 4552 ejus
1606 4481 1691 4536 vel
1736 4494 1954 4551 gemere
1982 4493 2164 4536 merc-

573 4567 714 4636 mur.

643 4672 701 4726 2.
749 4669 902 4744 [υεη.
951 4667 1028 4741 1.]
1076 4668 1318 4722 Psalmus
1361 4667 1526 4722 Dauid
1569 4669 1862 4738 priusquam
1913 4667 2164 4722 (iniretur.

576 4765 690 4822 Hoc
713 4763 876 4820 habet
895 4761 1078 4818 titulus
1102 4761 1299 4816 Psalmi
1321 4763 1342 4792 ²
1373 4777 1386 4813 :
1416 4758 1655 4816 Psalmus
1677 4758 1844 4813 David
1870 4760 2165 4832 priusquam

577 4858 827 4922 liniretur,
858 4855 962 4911 hoc
989 4863 1091 4920 est,
1144 4852 1451 4924 priusquam
1498 4857 1802 4924 angeretur.
1851 4849 2056 4906 Unctus
2084 4858 2169 4906 est

578 4950 722 5007 enim
748 4948 838 5004 ille
865 4956 924 5003 ut
951 4961 1045 5003 rex
1075 4944 1121 5016 (ι
1154 4943 1278 5017 Reg.
1309 4961 1419 5010 xvr,
1453 4944 1567 5014 13).
1598 4943 1666 4998 Et
1689 4942 1836 4998 solus
1864 4941 1886 4974 ³
1914 4949 2040 4997 tunc
2068 4957 2169 4996 un-

577 5040 797 5112 gebatur
840 5053 957 5104 rex,
1007 5046 1063 5092 ει
1110 5035 1362 5091 sacerdos
1393 5052 1406 5089 :
1438 5035 1558 5091 dua:
1611 5034 1727 5090 ista;
1789 5032 1882 5090 illo
1927 5042 2170 5104 tempore

579 5143 749 5189 uncta:
789 5144 1048 5203 personas.
1090 5129 1148 5184 ln
1192 5128 1396 5185 duabus
1439 5128 1684 5200 personis
1727 5127 2167 5198 praefigurabatur

643 5359 656 5390 ι
685 5355 838 5406 Editio
857 5361 990 5414 bov.,
1013 5352 1083 5406 sic
1105 5365 1193 5416 ego
1213 5363 1399 5416 quoque
1419 5351 1862 5416 {dissentientibus
1881 5351 2081 5416 caeteris
2105 5350 2166 5400 li-

578 5419 694 5471 bris.
733 5424 787 5467 Et
807 5431 915 5467 mox
947 5405 1056 5465 cum
1091 5405 1670 5478 editidne'_F.r._habebat,
1711 5412 1899 5478 linguas
1935 5412 2166 5478 mentien-

576 5482 714 5532 tium.
739 5479 833 5529 Sed
868 5479 1034 5540 verius
1060 5483 1190 5535 Mm”
1222 5474 1542 5540 morientium,
1579 5487 1674 5540 qua
1695 5474 1818 5540 voe'e
1841 5487 1931 5540 per
1952 5474 2166 5540 antithe-

575 5546 668 5609 sin:
707 5542 766 5591 ad
786 5538 1214 5609 ⁸ιξὶυεηιὶωηκιιειιε
1251 5537 1403 5609 fuisse
1430 5535 1736 5609 Augustinus
1768 5535 2055 5608 intelligitur
2101 5547 2167 5585 ex

582 5604 673 5654 illis
697 5604 864 5666 verbis
875 5615 901 5666 Δε
928 5608 990 5666 0_s
1013 5597 1142 5651 enim
1162 5599 1290 5666 quod
1312 5597 1540 5666 mentita?
1560 5597 1735 5666 occidit
1757 5597 1985 5649 tmt'tnaﬁt.

649 5668 748 5728 {tn
795 5664 907 5714 Edd.
953 5660 1308 5728 deerant'haec
1346 5663 1524 5728 verba,
1565 5660 1639 5712 vel
1678 5670 2166 5728 genterejnereytur.

585 5725 802 5776 radimus
845 5722 998 5776 David
1030 5723 1321 5836 :riusquam
1372 5719 1610 5774 tiniretur.
1665 5719 1764 5772 an
1812 5720 1950 5772 habet
2005 5719 2169 5773 titulus

585 5787 762 5836 Psalmi
790 5800 807 5836 :
831 5799 941 5836 qua:
963 5799 1028 5836 un
1065 5788 1188 5836 ecim
1205 5792 1312 5836 Mss.
1333 5787 1618 5836 auctoritate
1638 5787 1980 5834 restituuntur.

585 5787 762 5850 Psalnti
790 5800 807 5836 :
831 5799 941 5850 qua:
963 5787 1188 5850 undecim
1205 5792 1312 5836 Mss.
1333 5787 1618 5850 auctoritate
1638 5787 1980 5850 restituuntur.

649 5850 668 5880 ³
692 5848 763 5897 sic
782 5843 925 5898 Vatia.
948 5848 1104 5899 codex
1119 5883 1134 5908 ,
1165 5855 1216 5910 et
1249 5851 1466 5910 quinque
1487 5845 1647 5896 Gallic.
1679 5853 1785 5896 Mss.
1808 5845 1924 5910 add.
1950 5856 2069 5895 vero
2091 5843 2168 5896 fe-

649 5862 668 5880 °
692 5862 763 5897 Slc
783 5862 925 5898 vatio.
948 5862 1104 5899 εοαει
1119 5883 1134 5908 ,
1165 5862 1216 5898 ει
1284 5862 1466 5910 umque
1487 5862 1647 5896 (salue.
1680 5862 1785 5896 MSS.
1811 5862 1924 5896 ma.
1950 5862 2069 5895 vero
2091 5862 2168 5896 le-

583 5910 788 6022 ἓξῗὲῗὲ
819 5915 1081 6022 sartum
1103 5909 1232 5964 enim
1365 5914 1416 5960 ut
1454 5921 1546 5962 rea:
1565 5913 1614 5961 et
1645 5907 1888 5961 sacerdos.
1918 5915 2046 5959 mu:
2076 5919 2169 5958 un-

585 5983 797 6050 qeoatur,
819 5983 915 6023 etc.

1760 476 1818 533 S.
1857 471 2223 532 AUGUSTINI
2263 474 2567 536 EPISCOPI

3736 481 3845 542 200

2256 594 2465 651 futurus
2495 610 2631 653 unus
2673 610 2770 653 rex
2795 602 2850 652 et
2877 593 3148 664 sacerdos,
3178 601 3407 668 utroque
3444 607 3667 654 munere
3706 612 3843 654 unus

2254 687 2517 756 Christus,
2547 697 2603 746 et
2633 689 2753 746 ideo
2781 689 3025 746 Christus
3069 703 3100 744 a
3141 687 3449 745 chrismate.
3499 688 3614 745 Non
3658 688 3832 746 solum

2253 787 2430 835 autem
2458 789 2617 850 caput
2643 789 2884 836 nostrum
2910 788 3125 836 unctum
3155 789 3260 848 est,
3306 780 3399 836 sed
3432 789 3489 836 et
3506 793 3698 851 corpus
3727 779 3842 850 ejus

2255 884 2352 925 nos
2378 869 2498 940 ipsi.
2529 869 2645 927 Rex
2673 880 2848 928 autem
2876 881 2976 940 est,
3009 872 3132 943 quia
3173 887 3272 928 nos
3297 873 3433 944 regit
3457 881 3514 928 et
3536 870 3682 928 ducit
3707 889 3722 938 ;
3756 887 3844 926 sa-

2255 961 2591 1034 cerdos,quia
2634 978 2731 1034 pro
2770 964 2924 1020 nobis
2970 964 3269 1034 interpellat
3301 961 3493 1038 (Rom.
3515 980 3628 1031 vui,
3648 962 3822 1034 3t).E

2257 1053 2472 1124 quidem
2530 1055 2683 1110 solus
2751 1055 2842 1112 ille
2891 1057 3141 1113 sacerdos
3196 1057 3315 1113 talis
3371 1057 3576 1125 extitit,
3635 1065 3693 1112 ut
3733 1058 3846 1128 ipse

2256 1155 2398 1201 esset
2441 1147 2599 1201 etiam
2633 1147 2971 1203 sacriﬁcium.
3016 1148 3347 1204 Sacriﬁcium
3376 1147 3568 1205 obtulit
3604 1148 3715 1204 Deo
3740 1163 3846 1205 non

2256 1239 2398 1293 aliud
2439 1255 2596 1310 quam
2628 1241 2880 1311 seipsum.
2929 1241 3044 1296 Non
3087 1242 3230 1298 enim
3261 1243 3528 1299 inveniret
3569 1249 3847 1312 praeterse

2259 1331 2659 1388 mundissimam
2704 1335 3018 1391 rationalem
3065 1336 3353 1401 victimam,
3401 1346 3654 1409 tanquam
3678 1349 3847 1408 agnus

2257 1423 2627 1481 immaculatus
2673 1426 2787 1482 fuso
2833 1429 3091 1498 sanguine
3119 1443 3217 1484 suo
3259 1429 3528 1486 redimens
3566 1447 3684 1497 nos,
3710 1445 3845 1489 eon-

2258 1529 2547 1587 corporans
2571 1531 2668 1572 nos
2694 1518 2815 1586 sibi,
2848 1519 3046 1576 faciens
3072 1533 3170 1576 nos
3195 1520 3429 1577 membra
3452 1536 3571 1588 sua,
3592 1529 3652 1577 ut
3671 1522 3724 1578 in
3751 1523 3842 1581 illo

2258 1616 2313 1664 ει
2352 1622 2451 1663 nos
2479 1606 2721 1665 Christus
2761 1623 3024 1667 essemus.
3055 1611 3180 1668 ideo
3209 1611 3276 1667 ad
3301 1626 3488 1668 omnes
3515 1611 3847 1672 Christianos

2258 1698 2490 1768 pertinet
2531 1699 2711 1755 unctio
2744 1719 2759 1756 :
2790 1702 3058 1771 prioribus
3087 1711 3262 1758 autem
3295 1702 3498 1758 Veteris
3522 1702 3848 1759 Testamenti

2258 1791 2588 1860 temporibus
2632 1792 2697 1848 ad
2739 1792 2872 1850 duas
2899 1794 3039 1850 solas
3084 1809 3340 1864 personas
3369 1795 3687 1865 pertinebat.
3723 1795 3848 1853 Inde

2260 1891 2436 1937 autem
2475 1894 2696 1954 apparet
2733 1882 2930 1941 Christi
2959 1899 3153 1956 corpus
3197 1900 3294 1942 nos
3321 1901 3463 1955 esse,
3494 1887 3616 1958 quia
3659 1902 3847 1943 omnes

2259 1972 2506 2043 ungimur
2534 1989 2547 2026 :
2575 1981 2629 2027 et
2652 1987 2837 2029 omnes
2877 1975 2930 2029 in
2975 1975 3068 2030 illo
3097 1983 3152 2032 et
3174 1975 3371 2032 Christi
3397 1986 3453 2032 et
3477 1976 3722 2033 Christus
3762 1992 3848 2032 su-

2260 2078 2402 2132 mus,
2429 2065 2551 2135 quia
2580 2064 2974 2135 quodammodo
3005 2075 3147 2122 totus
3186 2066 3432 2123 Christus
3461 2077 3621 2138 caput
3647 2076 3706 2123 et
3731 2082 3847 2123 cor-

2259 2169 2360 2226 pus
2387 2164 2488 2210 est.
2517 2155 2708 2211 Unctio
2753 2157 2852 2212 ista
2883 2157 3121 2228 perﬁciet
3163 2173 3263 2214 nos
3286 2159 3634 2230 spiritualiter
3662 2160 3720 2214 in
3764 2158 3847 2214 illa

2259 2245 2390 2312 vita,
2418 2261 2536 2316 qua:
2559 2245 2712 2302 nobis
2737 2247 3079 2316 promittitur.
3111 2247 3207 2304 Est
3230 2257 3406 2305 autem
3433 2248 3551 2305 haec
3579 2264 3684 2305 vox
3712 2248 3851 2305 desi-

2260 2335 2496 2393 derantis
2544 2337 2689 2393 illam
2737 2339 2934 2404 vitam;
2965 2348 3048 2394 est
3086 2327 3186 2395 vox
3228 2340 3471 2411 quaedam
3501 2340 3851 2397 desiderantis

2261 2428 2483 2500 gratiam
2525 2429 2642 2497 Dei,
2690 2445 2807 2502 qum
2835 2431 2887 2485 in
2933 2431 3088 2486 nobis
3134 2432 3186 2486 in
3221 2432 3324 2488 line
3354 2432 3660 2503 perficietur
3690 2449 3706 2489 :
3735 2433 3850 2488 ideo

2261 2519 2462 2576 dictum
2491 2530 2592 2588 est,
2627 2519 2933 2593 Priusquam
2958 2523 3207 2578 (iniretur.
3235 2522 3496 2595 Ungimur
3522 2524 3666 2581 enim
3696 2523 3851 2580 modo

2264 2613 2316 2668 in
2349 2623 2702 2680 sacramento,
2725 2623 2779 2670 et
2808 2625 3144 2671 sacramento
3170 2616 3286 2686 ipso
3307 2608 3676 2686 przetiguratur
3701 2615 3853 2686 quid-

2266 2703 2390 2760 dam
2418 2703 2561 2775 quod
2589 2705 2748 2760 futuri
2775 2721 2979 2762 sumus.
3012 2707 3081 2762 Et
3107 2707 3236 2763 illud
3265 2709 3446 2764 nescio
3467 2709 3593 2780 quid
3622 2708 3852 2764 futurum

2263 2797 2533 2854 ineffabile
2569 2798 2877 2855 desiderare
2901 2798 3180 2868 debemus,
3221 2809 3276 2855 ει
3317 2801 3370 2855 in
3399 2810 3738 2857 sacramento
3763 2815 3851 2871 ge-

2263 2904 2440 2958 mere,
2473 2896 2531 2944 ut
2571 2888 2626 2945 in
2654 2904 2719 2946 ea
2747 2905 2807 2946 re
2846 2889 3171 2962 gaudeamus
3198 2905 3317 2962 qua:
3345 2901 3684 2949 sacramento
3715 2906 3852 2965 pra:-

2267 2991 2614 3040 monstratur.

2337 3096 2391 3152 ‘5.
2417 3097 2554 3152 Ecce
2581 3097 2707 3168 quid
2736 3096 2866 3154 dicit
2893 3117 2907 3155 :
2934 3097 3185 3155 Dominus
3203 3099 3510 3156 illuminatio
3538 3116 3668 3168 mea,
3701 3111 3750 3157 et
3772 3117 3854 3157 sa-

2267 3189 2448 3243 lutaris
2473 3205 2632 3254 meus,
2654 3207 2800 3262 quem
2819 3191 3043 3247 timebo?
3067 3193 3154 3249 ille
3181 3208 3268 3250 me
3294 3192 3580 3259 illuminat,
3606 3193 3857 3250 recedant

2268 3280 2502 3335 tenebrat
2525 3297 2540 3347 ;
2573 3280 2662 3337 ille
2682 3297 2768 3338 me
2789 3283 2976 3349 salvat,
2999 3284 3213 3340 recedat
3236 3281 3516 3340 infirmitas
3536 3301 3552 3352 ;
3579 3285 3856 3341 ambulans

2268 3373 2320 3428 in
2350 3374 2547 3429 lumine
2577 3374 2780 3443 firmus,
2811 3392 2968 3446 quem
3005 3376 3244 3433 timebo?
3268 3375 3384 3433 Non
3404 3377 3549 3433 enim
3579 3377 3742 3433 talem
3769 3391 3855 3432 sa-

2268 3465 2429 3521 lutem
2451 3465 2541 3521 dat
2567 3466 2726 3534 Deus,
2755 3484 2873 3539 qua:
2901 3469 2968 3524 ab
2992 3469 3171 3540 aliquo
3199 3470 3367 3540 possit
3393 3469 3702 3541 extorqueri
3727 3487 3742 3537 ;
3769 3476 3856 3524 aut

2271 3557 2373 3612 tale
2399 3558 2574 3612 lumen
2593 3565 2695 3622 est,
2714 3559 2856 3629 quod
2877 3560 2945 3617 ab
2973 3560 3149 3631 aliquo
3168 3562 3336 3632 possit
3359 3561 3722 3618 obtenebrari.
3755 3561 3858 3617 Do-

2270 3651 2445 3705 minus
2472 3651 2793 3717 illuminans,
2824 3666 2921 3707 nos
2959 3653 3278 3720 illuminati;
3325 3653 3580 3710 Dominus
3609 3653 3854 3722 salvans,

2272 3759 2370 3798 nos
2390 3743 2576 3798 salvati
2602 3762 2613 3798 :
2637 3745 2682 3800 si
2707 3759 2836 3814 ergo
2862 3745 2948 3800 ille
2974 3744 3301 3815 illuminans,
3335 3761 3434 3802 nos
3460 3745 3747 3802 illuminati
3769 3763 3784 3813 ;
3809 3753 3860 3802 et

2272 3836 2361 3891 ille
2389 3835 2621 3902 salvans,
2654 3851 2751 3892 nos
2793 3836 3014 3903 salvati;
3059 3846 3255 3908 praeter
3283 3838 3458 3908 ipsum
3499 3854 3597 3894 nos
3626 3837 3860 3895 tenebrat

2271 3939 2326 3984 et
2351 3929 2650 3985 inﬁrmitas.
2679 3929 2946 3986 llabentes
2979 3941 3155 3986 autem
3179 3934 3232 3986 in
3261 3931 3377 4002 ipso
3403 3925 3553 4003 spem
3579 3924 3782 3988 certam
3808 3938 3861 3988 et

2274 4021 2430 4075 fixam
2459 4030 2512 4076 et
2543 4036 2747 4088 veram,
2778 4037 2934 4092 quem
2965 4022 3314 4078 timebimus?
3356 4023 3612 4079 Dominus
3657 4023 3859 4078 illumi-

2272 4113 2424 4167 natio
2442 4109 3129 4178 tua,‘DOminus'salutaris
3179 4122 3319 4170 tuus.
3365 4115 3548 4171 inveni
3591 4109 3858 4187 potentio-

2273 4222 2406 4274 rem,
2431 4216 2485 4262 et
2510 4208 2654 4264 time.
2686 4207 2766 4262 Ad
2790 4209 3214 4279 potentissimum
3239 4210 3498 4278 omnium,
3521 4209 3587 4266 ad
3615 4212 3860 4282 omnipo-

2273 4307 2494 4368 tentem,
2525 4301 2603 4356 sic
2645 4301 2907 4372 pertineo,
2954 4311 3008 4357 ut
3045 4310 3101 4359 et
3137 4303 3402 4360 illuminet
3443 4319 3550 4371 me,
3596 4312 3651 4358 et
3694 4304 3862 4359 salvet

2273 4409 2380 4460 mc,
2422 4409 2522 4450 nec
2551 4393 2712 4450 timeo
2750 4395 2976 4467 aliquem
3007 4404 3201 4466 prteter
3240 4397 3434 4467 ipsum.
3466 4395 3720 4452 Dominus
3747 4412 3860 4470 pro-

2274 4493 2427 4541 tector
2455 4486 2569 4541 vitae
2595 4503 2738 4555 metu,
2768 4503 2800 4540 a
2825 4502 2926 4558 quo
2954 4487 3214 4560 trepidabo
3233 4489 3259 4543 .9

2345 4601 2398 4656 4.
2432 4599 2578 4673 [υεη.
2611 4599 2690 4674 2.]
2717 4599 2856 4656 Dum
2883 4604 3294 4674 apprOpinquant
3320 4620 3473 4674 super
3499 4620 3578 4659 nte
3604 4614 3857 4672 nocentes,

2272 4699 2325 4744 ut
2351 4691 2502 4745 edant
2526 4707 2704 4746 carnes
2728 4709 2865 4748 meas
2891 4709 2911 4746 :
2933 4695 3018 4764 qui
3040 4692 3282 4748 tribulam
3301 4711 3382 4750 me
3403 4695 3596 4751 inimici
3622 4698 3742 4765 mei,
3767 4696 3862 4768 ipsi

2273 4780 2516 4849 inﬁrmati
2555 4791 2690 4849 sunt,
2735 4791 2782 4837 et
2810 4783 3116 4838 ceciderunt.
3151 4784 3330 4856 Itaque
3366 4800 3467 4857 ego
3488 4786 3612 4857 quid
3639 4785 3858 4852 timebo,

2274 4881 2366 4928 aut
2390 4888 2546 4943 quem
2571 4873 2810 4929 timebo?
2836 4888 2935 4947 ego
2963 4891 3121 4946 quem
3143 4876 3438 4948 trepidabo,
3484 4886 3577 4934 aut
3599 4877 3730 4949 quid
3759 4889 3863 4933 tre-

2275 4963 2510 5035 pidabo?
2533 4963 2636 5031 Qui
2669 4979 2755 5020 me
2783 4976 3192 5038 persequuntur,
3241 4967 3341 5038 ipsi
3381 4968 3736 5037 inﬁrmantur,
3763 4966 3862 5038 ipsi

2273 5055 2486 5113 cadunt.
2520 5055 2694 5125 Quare
2721 5065 2897 5113 autem
2940 5060 3370 5130 persequuntur?
3403 5059 3470 5116 Ut
3510 5061 3660 5132 edant
3688 5076 3864 5116 carnes

2275 5164 2430 5204 meas.
2463 5148 2592 5217 Quae
2621 5157 2744 5204 sunt
2767 5163 2956 5205 carnes
2983 5151 3160 5206 mete?
3185 5151 3438 5208 Carnalcs
3479 5153 3863 5224 affectusmei.

2275 5238 2507 5296 Saeviant
2549 5242 2934 5313 persequendo,
2965 5242 3098 5298 nihil
3127 5244 3181 5300 in
3208 5259 3294 5300 me
3328 5246 3559 5316 moritur
3586 5247 3688 5302 nisi
3720 5262 3866 5304 mor-

2277 5333 2403 5390 tale.
2433 5333 2548 5389 Erit
2571 5334 2623 5388 in
2651 5350 2738 5390 me
2752 5334 2966 5406 aliquid,
2996 5351 3102 5407 quo
3127 5347 3438 5407 persecutor
3465 5329 3744 5408 pervenire
3759 5354 3865 5394 non

2278 5427 2466 5498 possit,
2507 5426 2595 5482 ubi
2641 5426 2886 5483 habitat‘
2917 5429 3056 5485 Deus
3098 5445 3269 5486 meus.
3312 5431 3629 5488 Manducent
3675 5446 3865 5490 carnes

2278 5532 2426 5573 meas
2459 5534 2471 5570 :
2504 5516 2664 5573 finitis
2691 5517 2942 5574 carnibus
2971 5521 3186 5592 spiritus
3220 5538 3332 5589 ero,
3364 5513 3755 5594 et’spiritualis.
3799 5523 3868 5580 Et

2277 5611 2492 5680 quidem
2508 5619 2706 5668 tantam
2731 5611 2954 5670 salutem
2982 5614 3110 5670 mihi
3135 5616 3395 5687 promittit
3414 5616 3670 5673 Dominus
3689 5630 3867 5686 meus,

2277 5712 2338 5761 ut
2360 5703 2519 5760 etiam
2563 5703 2722 5760 modo
2749 5704 2850 5761 ista
2892 5721 3018 5763 caro
3045 5709 3307 5780 mortalis,
3349 5723 3468 5780 qua:
3497 5709 3710 5768 videtur
3744 5721 3866 5783 per-

2341 5969 2360 6002 ί
2395 5968 2572 6033 negius
2593 5974 2646 6021 et
2666 5968 2812 6021 vatio.
2836 5974 2966 6037 Mss,
2985 5969 3262 6027 tum
