4032 6460
187 405 286 464 201

193 518 326 577 mitti
351 520 367 552 ¹
398 521 668 580 manibus
713 526 1172 598 persequentium,
1205 543 1310 585 non
1353 540 1537 601 pereat
1566 533 1618 586 in
1662 542 1817 589 θείω-ο

198 631 356 681 num;
387 615 488 671 sed
521 618 675 689 quod
719 620 1148 678 demonstratum
1177 632 1256 680 est
1285 624 1338 678 in
1382 626 1554 695 capite
1580 641 1700 681 meo
1728 641 1815 682 re-

201 717 477 779 surgente,
512 711 624 767 hoc
661 715 847 770 omnia
874 715 1111 770 membra
1157 724 1391 786 sperent.
1435 716 1602 785 Quem
1635 719 1818 774 timeat

206 803 375 856 anima
397 816 548 866 mea,
581 818 746 875 quam
792 804 1052 862 inhabitat
1072 806 1258 862 Deus?
1286 806 1454 876 Quem
1486 808 1669 864 timeat
1691 825 1816 865 caro

209 908 340 960 mea,
372 908 504 949 cum
531 896 890 966 corruptibile
931 898 1032 954 hoc
1060 897 1291 954 induerit
1318 899 1816 970 incorruptionem?

215 986 376 1042 Vultis
404 1002 575 1043 nosse
599 989 726 1060 quia
752 1005 941 1047 carnes
971 991 1045 1046 illi
1073 991 1415 1057 manducant,
1440 993 1528 1064 qui
1557 1009 1653 1050 nos
1688 1010 1812 1066 per-

208 1087 524 1148 sequuntur,
557 1094 662 1135 nec
705 1082 805 1152 ipsi
849 1089 1023 1138 autem
1050 1083 1198 1138 carni
1242 1091 1440 1138 nostra:
1470 1086 1811 1141 metuendum

209 1181 286 1226 est
307 1172 333 1226 ?
362 1169 675 1227 Seminatur
712 1190 896 1245 corpus
941 1175 1180 1244 animale,
1232 1185 1402 1248 surget
1440 1194 1623 1248 corpus
1661 1180 1815 1250 spiri-

209 1265 337 1319 tuate
363 1264 408 1336 (ι
429 1261 556 1320 Cor.
589 1280 687 1334 xv,
714 1265 826 1339 44).
859 1267 1061 1336 Quanta
1089 1276 1265 1323 autem
1290 1267 1480 1324 fiducia
1506 1268 1664 1324 debet
1689 1285 1811 1328 esse

207 1355 257 1408 in
284 1369 350 1410 eo
378 1355 477 1425 qui
518 1356 676 1411 novit
717 1356 900 1414 dicere
930 1375 943 1412 :
973 1357 1225 1413 Dominus
1266 1359 1571 1414 illuminatio
1600 1377 1731 1429 mea,
1764 1369 1811 1416 et

206 1447 443 1503 “tutoris
474 1465 642 1515 meus,
682 1465 829 1518 quem
871 1451 1092 1506 timebo?
1128 1449 1380 1507 Dominus
1420 1462 1670 1523 protector
1697 1455 1813 1509 vita

205 1555 346 1604 nec,
379 1557 415 1593 α
437 1557 542 1610 quo
562 1541 870 1613 trepidabo?
907 1543 1207 1615 Protegitur
1233 1546 1524 1616 imperator
1550 1550 1769 1602 scutatis
1792 1589 1807 1615 ,

205 1639 258 1685 et
301 1645 414 1686 non
463 1631 660 1698 timet;
712 1635 1007 1703 protegitur
1035 1649 1064 1688 a
1096 1636 1409 1690 mortalibus
1450 1635 1722 1703 mortalis,
1757 1647 1811 1693 et

206 1734 427 1778 securus
454 1732 542 1778 est
570 1741 584 1778 :
617 1725 917 1795 protegitur
943 1726 1182 1782 mortalis
1210 1727 1278 1782 ab
1307 1727 1619 1797 immortali,
1663 1741 1717 1786 et
1743 1731 1809 1786 ti-

206 1816 374 1872 mebit
410 1825 466 1871 et
497 1817 826 1886 trepidabit?

279 1907 337 1962 5.
377 1904 532 1979 [uera
562 1905 643 1980 5.]
675 1907 884 1975 Quanta
913 1919 1090 1984 autem
1136 1909 1326 1965 ﬁducia
1355 1911 1548 1968 debeat
1591 1929 1710 1970 esse
1754 1915 1808 1970 in

209 2011 284 2052 eo
329 1997 422 2067 qui
466 1999 560 2052 ista
591 1998 744 2066 dicit,
776 1999 958 2055 audite
987 2019 1000 2054 :
1031 1999 1093 2056 Si
1137 2003 1414 2057 consistant
1441 2004 1706 2060 adversum
1732 2022 1810 2060 me

205 2099 396 2155 castra,
426 2107 529 2144 non
551 2091 744 2146 timebit
772 2108 860 2147 cor
883 2110 1068 2148 meum.
1095 2093 1282 2149 Castra
1308 2097 1510 2152 munita
1535 2108 1678 2165 sunt,
1713 2100 1808 2155 sed

204 2180 330 2250 quid
370 2181 637 2237 munitius
668 2182 824 2238 Deo?
855 2184 917 2238 Si
955 2194 1193 2256 exsurgat
1235 2187 1290 2240 in
1314 2202 1394 2240 me
1432 2186 1640 2243 bellum.
1672 2189 1807 2258 Quid

207 2271 331 2324 mihi
359 2270 491 2326 facit
520 2272 760 2328 bellum?
789 2273 972 2330 Potest
999 2275 1129 2330 mihi
1169 2275 1380 2333 auferre
1410 2293 1559 2348 spem
1592 2296 1763 2336 meam
1787 2281 1810 2336 ?

206 2371 380 2432 potest
409 2363 546 2418 mihi
576 2366 789 2421 auferre
818 2369 958 2437 quod
988 2367 1079 2423 dat
1105 2367 1498 2441 Omnipotens?
1527 2372 1677 2428 Sicut
1702 2392 1806 2429 non

208 2453 437 2508 vincitur
462 2454 559 2523 qui
583 2454 697 2522 dat,
723 2457 800 2510 sic
829 2473 934 2511 non
961 2459 1202 2514 aufertur
1229 2461 1369 2531 quod
1391 2461 1500 2516 dat.
1530 2462 1584 2518 Si
1609 2463 1808 2520 auferri

207 2552 374 2613 poteSt
399 2544 620 2613 datum,
645 2546 874 2602 vincitur
896 2548 1068 2604 dator.
1100 2551 1238 2622 Ergo
1264 2568 1361 2608 nec
1390 2552 1503 2623 ipsa
1529 2570 1647 2625 qua:
1677 2564 1810 2610 tem-

209 2635 460 2704 poraliter
485 2636 802 2706 accipimus,
834 2639 1046 2695 auferre
1082 2642 1238 2697 nobis
1263 2644 1544 2714 quisquam
1588 2655 1804 2716 potest,

209 2727 390 2782 fratres
420 2728 552 2794 mei,
587 2729 691 2784 nisi
720 2730 868 2784 solus
895 2731 982 2787 ille
1027 2734 1114 2802 qui
1147 2734 1313 2790 dedit.
1345 2735 1651 2805 Spiritualia
1688 2755 1808 2810 qua:

210 2816 386 2886 donat,
419 2834 532 2875 non
564 2820 796 2889 auferet,
828 2822 929 2877 nisi
959 2832 1011 2877 tu
1038 2823 1309 2880 dimiseris
1330 2829 1350 2859 ²
1377 2845 1391 2881 :
1415 2829 1649 2882 carnalia
1679 2845 1808 2885 vero

210 2916 263 2962 et
289 2911 608 2980 temporalia
638 2911 753 2981 ipse
779 2913 984 2979 aufert;
1015 2917 1136 2986 quia
1175 2926 1230 2972 et
1266 2917 1506 2988 quiSqnis
1545 2919 1678 2975 alius
1708 2935 1807 2976 au-

212 3000 326 3070 fert,
366 3004 487 3072 ipso
523 3003 761 3059 donante
791 3015 1129 3074 potestatem,
1159 3007 1356 3063 aufert.
1383 3009 1639 3065 Novimus
1666 3010 1800 3079 hoc,

210 3102 262 3147 et
281 3094 507 3164 legimus
535 3095 590 3150 in
613 3096 750 3152 libro
776 3097 898 3166 Job,
925 3100 1046 3170 quia
1070 3116 1170 3156 nec
1194 3101 1282 3156 ille
1303 3102 1394 3172 qui
1421 3103 1629 3158 videtur
1653 3107 1806 3176 quasi

210 3186 492 3240 maximam
519 3185 721 3243 habere
748 3197 1065 3258 potestatein
1088 3192 1154 3244 ad
1184 3204 1392 3263 tempus
1421 3194 1684 3262 diabolus,
1707 3211 1806 3266 po-

209 3282 304 3330 test
339 3275 544 3346 aliquid
585 3277 689 3332 nisi
731 3279 1026 3349 permissus
1055 3279 1176 3353 (Job
1205 3281 1269 3353 ι).
1303 3283 1521 3355 Accepit
1563 3295 1803 3355 potesta-

209 3373 308 3420 tem
335 3367 390 3421 in
422 3368 630 3437 intima,
680 3379 735 3425 et
773 3373 951 3427 amisit
987 3374 1219 3429 maxima
1246 3384 1300 3429 et
1325 3390 1550 3432 summa.
1599 3378 1668 3432 Et
1694 3394 1802 3434 non

207 3468 282 3513 eat
307 3458 408 3514 ista
453 3468 696 3530 potestas
736 3461 876 3527 irati,
910 3463 1002 3518 sed
1051 3479 1205 3534 pinna
1250 3465 1506 3521 damnati.
1538 3467 1648 3523 Nec
1683 3469 1802 3539 ipse

206 3565 326 3621 ergo
362 3563 544 3622 potest
571 3553 778 3611 habere
804 3555 1033 3626 aliquam
1076 3566 1414 3628 potestatem,
1448 3559 1548 3614 nisi
1577 3562 1802 3630 permis-

209 3655 308 3696 sus.
341 3643 409 3698 Et
434 3644 492 3698 in
535 3645 628 3699 illo
652 3645 790 3701 libro
818 3645 984 3702 babes
1007 3663 1165 3718 quem
1191 3652 1629 3719 commemoravi,
1664 3661 1718 3708 et
1744 3653 1797 3708 in

207 3731 491 3806 Evangelia
521 3737 781 3792 Dominus
806 3738 936 3793 dicit
963 3756 977 3793 :
1012 3738 1128 3794 Hac
1172 3749 1314 3795 nocte
1343 3742 1612 3812 postulavit
1654 3755 1796 3799 sata-

205 3842 312 3893 nas,
340 3836 396 3881 ut
419 3845 511 3883 vos
534 3829 780 3884 cribraret
807 3829 829 3862 ³
854 3831 984 3884 sicut
1011 3831 1250 3900 triticum,
1288 3843 1336 3887 et
1360 3849 1452 3905 ego
1492 3836 1664 3906 rogavi
1705 3853 1796 3907 pro

204 3927 266 3983 te,
293 3916 469 3986 Petre,
495 3937 558 3974 ne
581 3921 786 3990 deﬁciat
812 3922 938 3992 ﬁdes
958 3933 1046 3977 tua
1065 3923 1217 3994 (Luc.
1249 3940 1386 3992 χιιι,
1419 3927 1530 3996 51).
1563 3928 1793 3984 Permit-

204 4010 324 4066 titur
346 4022 531 4068 autem
556 4021 651 4068 aut
670 4013 737 4068 ad
763 4029 976 4085 pinnam
1016 4024 1274 4085 nostram,
1301 4028 1393 4072 aut
1426 4019 1492 4073 ad
1523 4019 1795 4090 probatio-

202 4118 340 4159 nem.
372 4105 520 4176 Ergo
548 4107 676 4177 quia
712 4107 868 4162 nobis
895 4123 1056 4163 nemo
1083 4117 1258 4180 potest
1281 4109 1493 4167 auferre
1532 4113 1673 4183 quod
1704 4113 1796 4170 dat

201 4195 358 4263 Deus,
393 4213 505 4254 non
531 4199 814 4255 timeamus
839 4201 941 4255 nisi
973 4202 1139 4256 Deum
1173 4203 1468 4274 :quidquid
1507 4206 1650 4261 aliud
1682 4207 1794 4263 fre-

200 4289 408 4357 muerit,
440 4291 701 4362 quidquid
721 4293 880 4349 aliud
896 4295 1217 4366 superbierit
1257 4297 1513 4355 adversus
1544 4315 1661 4367 nos,
1684 4316 1792 4357 non

199 4380 378 4436 timeat
414 4397 514 4437 cor
557 4394 818 4440 nostrum.

262 4474 315 4528 6.
346 4473 507 4548 [υεη.
539 4475 620 4549 4.]
651 4477 714 4534 Si
753 4488 989 4556 exsurgat
1032 4479 1085 4534 in
1127 4496 1208 4534 me
1245 4479 1452 4547 bellum,
1498 4484 1552 4537 in
1580 4485 1677 4538 hac
1703 4502 1792 4556 ego

197 4568 425 4634 sperabo.
452 4566 513 4622 In
535 4569 684 4639 qua?
713 4549 1120 4643 Unaompinquit,
1148 4573 1268 4645 petii
1294 4590 1326 4628 α
1348 4574 1588 4630 Domino.
1617 4549 1796 4633 Femi-

196 4658 317 4714 nino
341 4675 549 4730 genere
576 4662 862 4733 appellavit
885 4664 1151 4735 quoddam
1173 4665 1514 4734 beneficium,
1542 4677 1791 4740 tanquam

194 4746 415 4817 diceret,
448 4751 623 4806 Unam
667 4753 999 4822 petitionem.
1032 4755 1103 4810 Et
1147 4756 1416 4826 quomodo
1445 4758 1679 4814 solemus
1708 4761 1792 4816 lo-

194 4853 415 4910 quentes
430 4842 632 4909 dicere,
663 4845 810 4900 verbi
835 4846 1024 4917 gratia,
1053 4846 1192 4902 Duas
1215 4847 1378 4903 habes
1398 4865 1412 4914 ;
1436 4864 1544 4904 non
1565 4850 1792 4908 dicimus

193 4935 436 5002 Dno,hoc
448 4951 599 4994 more
611 4938 859 5008 loquendi
872 4955 965 4996 usa
983 4951 1063 4996 est
1074 4939 1344 5012 Scriptura
1362 4960 1373 4996 :
1395 4941 1582 5010 Unam,
1598 4945 1786 5015 inquit,

192 5030 307 5098 petii
329 5046 362 5082 a
389 5027 639 5108 Domino,
687 5029 820 5084 lianc
865 5033 1138 5102 requiram.
1171 5033 1459 5089 Videamus
1488 5035 1615 5106 quid
1660 5039 1792 5108 petit

192 5093 275 5190 qui
321 5120 458 5175 nihil
487 5093 660 5177 tiniet.
707 5122 891 5194 Magna
921 5093 1179 5180 securitas
1223 5126 1419 5182 cordis.
1457 5093 1628 5183 Vultis
1658 5093 1790 5187 nihil

193 5215 421 5270 timere?
449 5215 604 5272 lianc
620 5230 782 5270 unam
812 5217 993 5286 petite,
1022 5233 1179 5287 quam
1211 5235 1370 5273 unam
1395 5221 1525 5288 petit
1544 5222 1630 5291 qui
1659 5222 1788 5277 nihil

192 5305 356 5372 timet,
393 5315 489 5361 aut
513 5323 676 5376 quam
707 5309 838 5378 petit
867 5316 922 5363 ut
949 5308 1080 5364 nihil
1111 5310 1338 5364 timeat?
1372 5310 1559 5379 Unam,
1593 5313 1782 5383 inquit,

190 5397 305 5466 petii
327 5415 360 5450 a
387 5397 634 5465 Domino,
669 5399 803 5453 hanc
828 5400 1100 5471 requiram.
1149 5400 1260 5458 Hoc
1289 5400 1374 5457 hic
1402 5403 1574 5472 agitur
1611 5405 1678 5459 ab
1707 5406 1786 5463 eis

188 5488 275 5556 qui
299 5489 444 5545 bene
468 5490 763 5546 ambulant.
793 5490 932 5560 Quid
963 5500 1043 5548 est
1071 5492 1216 5548 hoc?
1254 5510 1371 5564 quae
1401 5505 1480 5549 est
1512 5497 1598 5551 illa
1639 5499 1788 5556 una?

191 5577 259 5633 Ut
285 5581 568 5636 inhabitem
611 5582 665 5636 in
707 5583 856 5638 domo
895 5582 1104 5639 Domini
1143 5602 1315 5640 omnes
1352 5587 1458 5641 dies
1485 5589 1600 5643 vitta
1640 5607 1783 5646 meat.

255 5733 1064 5818 :3m9."§3.W:-__--_.-
1247 5804 1261 5818 .
1312 5817 1315 5818 ν
1619 5807 1630 5818 .
1691 5808 1702 5818 .

254 5795 414 5846 'Trcs
435 5795 573 5859 'Mss.,
599 5795 765 5849 nisi'tu
796 5799 1083 5853 deserueris.
1107 5804 1194 5854 Alii
1231 5804 1354 5867 duo,
1379 5806 1474 5858 ηἰδὶ
1505 5811 1558 5858 tu
1595 5807 1785 5863 desines

185 5868 424 5909 mm.

251 5923 272 5952 ³
293 5928 507 5978 Quatuor
528 5929 656 5981 Mss,
674 5928 725 5973 ut
741 5935 819 5973 ws
842 5931 1054 5976 vexaret.
1079 5928 1164 5978 Alii
1185 5929 1379 5994 decem,
1403 5944 1580 5985 vexare
1608 5945 1706 5986 vos.

431 6003 661 6067 Sacr.
709 6008 986 6069 Auausr.
1032 6008 1139 6071 IV.

1330 416 1730 475 ENARRATlO
1769 416 1838 476 IN
1874 419 2197 486 PSALMUM
2233 429 2419 491 XXVI.

1921 537 2046 596 Hinc
2071 552 2152 599 est
2181 563 2285 604 una
2314 564 2328 602 :
2355 549 2547 609 domus
2570 556 2712 612 enim
2741 572 2802 616 ea
2830 559 3024 619 dicitur
3039 564 3129 622 ubi
3155 579 3370 642 semper
3393 588 3510 631 ma-

1918 633 2181 691 nebimus.
2228 640 2285 694 In
2333 642 2432 699 ista
2479 651 2906 718 peregrinatione
2935 655 3128 715 dicitur
3168 633 3376 733 donius,
3409 667 3506 724 sed

1918 729 2132 798 proprie
2159 731 2554 794 tabernaculum
2583 744 2880 812 appellatur
2912 766 2924 802 :
2955 729 3506 830 tabernaculum'per-

1917 819 2291 892 egrinantium,
2312 837 2363 882 ct
2385 831 2776 900 quodammodo
2794 840 3156 910 militantium,
3179 851 3235 902 et
3253 819 3509 907 adversus

1918 913 2125 968 hostem
2171 921 2514 988 pugnantium
2546 934 2647 979 est.
2694 927 2915 994 Quando
2944 948 3073 1006 ergo
3110 938 3508 998 tabernaculum

1915 1011 1998 1057 est
2040 1004 2092 1060 in
2142 1005 2244 1063 hac
2288 1011 2415 1078 vita,
2447 1016 2788 1075 manifestum
2816 1033 2898 1078 est
2938 1004 3060 1096 quia
3089 1038 3174 1085 est
3214 1041 3267 1086 et
3293 1031 3507 1093 hostis:

1915 1111 2038 1151 nam
2069 1099 2227 1156 simul
2273 1104 2469 1162 habere
2511 1110 2864 1182 tabernacula,
2907 1117 3011 1174 hoc
3051 1131 3134 1176 est
3163 1138 3282 1180 esse
3321 1137 3510 1184 contu-

1914 1187 2161 1246 bernales
2186 1210 2199 1258 ;
2228 1203 2281 1249 et
2302 1199 2470 1254 nostis
2493 1199 2595 1255 hoc
2615 1218 2809 1258 nomen
2837 1221 2958 1263 esse
2977 1211 3338 1270 militantium.
3361 1217 3501 1290 Ergo

1915 1279 2001 1337 hic
2032 1283 2456 1357 tabernaculum,
2490 1291 2559 1346 lbi
2600 1292 2810 1351 domus.
2841 1297 2945 1354 Sed
2975 1311 3030 1356 et
3057 1302 3156 1358 hoc
3187 1279 3495 1364 tabernacu-

1912 1371 2022 1428 lum
2044 1375 2312 1432 interdum
2332 1396 2426 1450 per
2445 1383 2758 1441 abusionem
2781 1390 3066 1448 vicinitatis
3081 1394 3275 1452 dicitur
3288 1397 3496 1471 domus,

1912 1475 1966 1521 et
1994 1467 2185 1525 domus
2215 1471 2504 1544 aliquando
2531 1481 2821 1536 secundum
2847 1485 3096 1542 eumdem
3125 1490 3344 1548 modum
3373 1467 3507 1551 dici;

1913 1568 1997 1613 tur
2041 1563 2439 1623 tabernaculum
2473 1589 2487 1626 :
2520 1575 2735 1643 proprie
2775 1585 2952 1634 tamen
2999 1581 3088 1636 illa
3132 1582 3352 1654 domus,
3402 1587 3503 1648 hoc:

1912 1653 2333 1714 tabernaculum.

1983 1746 2035 1800 7.
2067 1746 2202 1814 Quid
2246 1760 2423 1807 autem
2466 1759 2634 1813 acturi
2663 1761 2830 1817 simus
2881 1764 2934 1819 in
2981 1767 3069 1823 illa
3111 1768 3293 1840 domo,
3338 1773 3506 1832 babes

1909 1836 2184 1894 evidenter
2203 1847 2530 1912 expressisse
2557 1850 2718 1905 alium
2749 1855 3006 1922 psalmum
3038 1878 3050 1914 :
3076 1859 3223 1915 Beati
3248 1865 3336 1934 qui
3361 1865 3508 1921 habi-

1910 1936 2016 1982 tant
2043 1931 2096 1985 in
2139 1933 2287 1989 domo
2331 1945 2438 2006 tua,
2466 1941 2519 1994 in
2567 1945 2754 1998 swcula
2797 1951 3100 2005 saeculorum
3137 1931 3416 2012 laudabunt
3459 1967 3508 2014 te

1911 2019 2084 2092 (Psal.
2105 2040 2326 2094 Lxxxtu,
2348 2028 2424 2101 5).
2447 2031 2558 2086 Hac
2588 2033 2707 2102 iste,
2728 2037 2770 2090 si
2791 2038 3072 2118 dicendum
3093 2055 3194 2112 est,
3215 2048 3506 2118 cupiditate

1909 2113 2126 2180 ardens,
2157 2127 2210 2171 et
2235 2135 2418 2178 auiore
2446 2124 2549 2179 isto
2575 2113 2844 2195 aestuans;
2879 2133 3146 2192 desiderat
3170 2153 3357 2197 omnes
3383 2142 3502 2201 dies

1911 2204 2030 2260 vitm
2057 2222 2167 2263 sua:
2197 2211 2248 2264 in
2275 2211 2436 2269 domo
2466 2216 2673 2274 Domini
2707 2221 2948 2280 habitare
2976 2244 2988 2279 :
3020 2229 3071 2281 in
3100 2229 3261 2286 domo
3293 2233 3503 2290 Domini

1910 2311 2098 2353 onmcs
2123 2299 2238 2355 dies
2277 2304 2401 2359 vitm
2432 2322 2564 2375 suae,
2593 2325 2698 2365 non
2729 2316 2877 2383 quasi
2907 2316 3188 2388 finiendos,
3221 2323 3314 2378 sed
3344 2334 3506 2381 teter-

1910 2403 2028 2443 nos.
2055 2389 2143 2444 Sic
2163 2393 2304 2446 enim
2331 2394 2578 2453 dicuntur
2599 2400 2733 2469 dies,
2759 2408 3026 2474 quomodo
3052 2412 3198 2475 anni,
3223 2412 3291 2467 de
3311 2417 3506 2485 quibus

1910 2477 2109 2535 dictum
2153 2491 2254 2551 est,
2305 2494 2352 2539 et
2401 2491 2525 2543 anni
2566 2493 2641 2545 tui
2689 2511 2788 2548 non
2818 2496 3052 2566 deﬁcient
3081 2501 3248 2573 (Psal.
3278 2477 3357 2573 cf,
3386 2506 3506 2579 28).

1907 2569 2040 2625 Nam
2067 2573 2180 2629 dies
2207 2577 2328 2631 vitae
2351 2588 2564 2636 aeternae
2586 2599 2722 2640 unus
2747 2586 2864 2643 dies
2893 2600 2971 2644 est
3001 2592 3118 2647 sine
3143 2609 3357 2650 occasu.
3391 2597 3506 2655 Hoc

1909 2679 2039 2736 ergo
2067 2665 2199 2721 dixit
2227 2669 2292 2723 ad
2322 2671 2625 2745 Dominum,
2655 2677 2949 2751 Concupivi
2980 2685 2995 2714 ¹
3020 2685 3176 2750 hanc,
3207 2687 3378 2744 Unam
3412 2706 3506 2762 pe-

1908 2758 1989 2823 tii,
2022 2758 2170 2815 Hauc
2210 2765 2499 2833 requiram.
2534 2769 2599 2822 Et
2629 2773 2778 2840 quasi
2823 2774 3124 2832 diceremus
3162 2780 3232 2844 ei,
3264 2781 3334 2836 Et
3376 2758 3504 2853 quid

1909 2847 1980 2901 ibi
2026 2848 2258 2905 facturus
2283 2855 2384 2908 es?
2409 2870 2526 2925 qua:
2559 2859 2627 2912 ibi
2668 2860 2955 2918 delectatio
2987 2876 3073 2921 tua
3098 2868 3122 2920 ?
3146 2870 3287 2938 quod
3312 2847 3505 2927 avoca-

1907 2949 2144 2995 mentum
2173 2943 2389 2998 cordis?
2431 2964 2549 3018 quae
2579 2951 2681 3005 illa:
2711 2952 2938 3024 delicia‘,
2987 2959 3126 3014 unde
3152 2963 3341 3031 gaudia
3370 2979 3502 3036 sup-

1908 3033 2132 3099 petent?
2182 3033 2297 3090 Non
2345 3039 2486 3094 enim
2537 3042 2607 3096 ibi
2661 3046 2998 3114 perdurabis,
3049 3049 3151 3107 nisi
3201 3052 3328 3110 felix
3371 3033 3500 3114 eris.

1907 3123 2156 3181 Felicitas
2199 3137 2376 3185 autem
2427 3133 2514 3188 illa
2547 3138 2688 3192 unde
2719 3141 3016 3198 succedet?
3047 3145 3315 3204 Habemus
3357 3152 3501 3208 enim

1906 3216 1992 3272 hic
2022 3219 2303 3277 felicitates
2332 3223 2570 3285 diversas
2589 3232 2801 3299 generis
2827 3233 3062 3303 humani,
3089 3248 3141 3294 et
3171 3241 3334 3298 miser
3353 3245 3502 3314 quis-

1904 3323 2010 3377 que
2029 3309 2224 3366 dicitur
2243 3315 2460 3384 quando
2488 3318 2564 3373 illi
2588 3321 2920 3379 subtrahitur
2944 3328 3088 3396 quod
3112 3340 3273 3386 amat.
3304 3309 3503 3392 Amant

1904 3415 2032 3470 ergo
2062 3401 2305 3460 homines
2332 3407 2568 3465 diversas
2597 3427 2682 3466 res
2707 3430 2722 3478 ;
2752 3423 2806 3468 et
2833 3418 3048 3485 quando
3092 3423 3318 3493 quisque
3352 3425 3497 3495 quod

1902 3503 2044 3546 amat
2074 3493 2271 3551 habere
2297 3498 2524 3568 videtur,
2558 3501 2682 3555 felix
2721 3515 2958 3560 vocatur.
2996 3509 3135 3565 Vere
3159 3521 3336 3568 autem
3368 3493 3494 3572 felix

1902 3591 2003 3650 est,
2038 3600 2142 3638 non
2165 3586 2208 3640 si
2235 3586 2286 3641 id
2315 3586 2507 3645 habeat
2531 3592 2672 3662 quod
2701 3605 2880 3662 amat;
2913 3601 3006 3653 sed
3036 3601 3079 3655 si
3104 3601 3154 3655 id
3185 3613 3327 3658 amet
3349 3607 3520 3676 quod

1900 3675 2184 3730 amandum
2213 3688 2317 3734 est.
2346 3679 2494 3736 Multi
2525 3685 2666 3738 enim
2692 3687 2870 3742 miseri
2893 3691 3062 3762 magis
3085 3691 3330 3751 habendo
3351 3675 3493 3768 quod

1900 3777 2101 3833 amant,
2132 3784 2290 3838 quam
2320 3773 2553 3829 carendo
2585 3792 2600 3830 :
2627 3778 2854 3834 amando
2881 3782 3023 3836 enim
3053 3799 3138 3838 res
3170 3785 3358 3843 noxias
3391 3789 3494 3843 mi-

1898 3862 2026 3928 seri,
2061 3861 2306 3918 habcndo
2353 3876 2478 3920 sunt
2520 3868 2850 3926 miseriores.
2895 3873 2961 3928 Et
3004 3876 3262 3947 propitius
3307 3879 3449 3935 Deus
3475 3923 3492 3948 ,

1896 3969 2018 4008 cum
2070 3955 2210 4012 male
2256 3973 2525 4027 amamus,
2581 3973 2740 4033 negat
2795 3966 2936 4036 quod
2980 3983 3221 4025 amamus
3269 3987 3282 4025 :
3327 3972 3496 4030 iratus

1897 4054 2075 4101 autem
2104 4047 2196 4102 dat
2221 4050 2418 4103 amanti
2458 4052 2598 4120 quod
2626 4055 2763 4109 male
2803 4066 2964 4111 amat.
3014 4059 3190 4117 llabes
3217 4063 3494 4120 evidenter

1898 4135 2161 4192 dicentem
2203 4139 2515 4208 Apostolqu
2545 4160 2558 4196 :
2585 4142 2819 4200 Tradidit
2865 4147 2981 4203 illos
3027 4150 3162 4207 Deus
3204 4154 3258 4208 in
3299 4171 3493 4210 concu-

1899 4230 2190 4299 piscentiam
2211 4234 2376 4287 cordis
2396 4251 2568 4288 eorum
2597 4236 2770 4307 (Rom.
2804 4256 2839 4304 I,
2868 4240 2981 4313 24).
3013 4242 3170 4298 Dedit
3189 4261 3318 4315 ergo
3345 4249 3487 4318 quod

1896 4321 2167 4388 amabant,
2211 4324 2306 4378 sed
2360 4324 2683 4382 damnando.
2737 4330 2914 4386 Habes
2945 4349 3154 4398 rursum
3203 4347 3486 4408 negantem

1894 4410 2116 4479 petitqu
2149 4430 2161 4465 :
2195 4411 2416 4483 PrOpter
2439 4417 2575 4485 quod
2595 4428 2668 4470 ter
2691 4419 2960 4474 Dominum
2989 4427 3183 4493 rogavi,
3211 4426 3399 4497 inquit,
3423 4441 3484 4485 ut

1895 4505 2116 4572 auferret
2142 4519 2254 4556 eum
2281 4521 2313 4557 a
2339 4522 2419 4559 me
2447 4508 2742 4577 (stimulum
2772 4510 3016 4568 videlicet
3037 4517 3253 4589 carnis),
3277 4529 3326 4574 et
3355 4521 3486 4578 dixit

1893 4593 2020 4646 mihi
2050 4609 2069 4649 .'
2096 4593 2292 4665 Sufﬁcit
2317 4597 2404 4651 tibi
2431 4599 2594 4670 gratia
2623 4617 2777 4666 mea;
2815 4619 2933 4657 nam
2979 4605 3133 4662 uirtus
3166 4610 3218 4662 in
3266 4611 3487 4680 inﬁrmi-

1895 4695 1996 4740 tate
2017 4688 2274 4756 perﬁcitur
2314 4689 2383 4760 (ll
2413 4691 2530 4746 Cor.
2563 4708 2668 4760 xu,
2699 4695 2733 4750 8
2759 4705 2805 4748 et
2834 4695 2912 4766 9).
2947 4696 3086 4753 Ecce
3115 4700 3235 4756 illos
3256 4702 3401 4759 dedit
3431 4706 3486 4762 in

1893 4784 2378 4852 concupiscentiam
2404 4786 2580 4840 cordis
2611 4802 2792 4841 eorum
2817 4805 2831 4854 ;
2865 4783 3029 4845 Paula
3053 4796 3297 4862 apostolo
3324 4813 3489 4870 nega-
3565 4819 3568 4822 ’

1892 4873 1969 4926 vit
2004 4872 2146 4942 quod
2187 4875 2400 4930 oravit:
2434 4877 2536 4932 illis
2583 4877 2729 4932 dedit
2769 4879 2835 4932 ad
2883 4879 3278 4941 damnationem
3313 4929 3328 4955 ,
3362 4888 3489 4946 huic

1894 4967 2104 5036 negavit
2133 4966 2198 5021 ad
2227 4967 2528 5022 sanitatem.
2575 4969 2706 5022 Cum
2749 4979 2924 5024 autem
2953 4971 3007 5026 id
3050 4989 3293 5034 amamus
3337 4980 3482 5050 quod

1893 5058 2005 5112 vult
2031 5058 2169 5113 Deus
2190 5067 2249 5113 ut
2275 5075 2532 5126 amemus,
2562 5061 2745 5131 procul
2767 5061 2928 5118 dubio
2952 5063 3172 5123 daturus
3198 5080 3278 5125 est
3305 5072 3482 5128 nobis.

1891 5147 2019 5204 Haec
2041 5158 2123 5205 est
2149 5151 2235 5205 illa
2274 5168 2399 5217 una,
2428 5167 2544 5222 qua:
2588 5153 2748 5209 debet
2788 5158 2976 5226 amari,
3007 5169 3063 5215 ut
3099 5161 3399 5220 habitemus
3426 5166 3483 5223 iu

1892 5239 2053 5295 domo
2086 5241 2298 5296 Domini
2329 5257 2424 5312 per
2445 5258 2631 5300 omnes
2656 5244 2770 5301 dies
2798 5249 2920 5303 vitze
2950 5263 3166 5307 nostrm.

1961 5356 2014 5411 8.
2057 5356 2123 5411 Et
2151 5357 2274 5427 quia
2305 5357 2356 5411 in
2387 5357 2503 5414 istis
2530 5363 2754 5418 terrenis
2790 5363 3223 5434 habitationibus,
3257 5371 3483 5427 diversis

1890 5446 2093 5502 deliciis
2120 5458 2173 5503 et
2200 5449 2554 5519 voluptatibus
2589 5451 2833 5510 homines
2859 5456 3209 5524 obiectantur,
3239 5470 3289 5513 ct
3316 5478 3478 5516 unus-

1889 5539 2111 5608 quisque
2154 5540 2206 5594 in
2249 5557 2312 5596 ea
2343 5543 2454 5596 vult
2490 5543 2648 5598 domo
2682 5546 2953 5615 habitare,
2999 5549 3087 5602 ubi
3141 5566 3243 5603 non
3285 5550 3480 5610 habeat

1889 5629 2031 5701 quod
2070 5631 2301 5687 oll'eudat
2342 5634 2597 5704 animum,
2631 5648 2684 5692 et
2730 5639 2920 5694 habeat
2962 5641 3126 5693 multa
3166 5658 3284 5711 qua:
3323 5643 3473 5700 dele-

1888 5733 2068 5790 ctent;
2111 5726 2154 5780 si
2196 5737 2374 5782 autem
2425 5730 2805 5785 subtrahantur
2842 5748 2903 5787 ea
2945 5748 3064 5801 qua:
3103 5734 3476 5809 delectabant,

1887 5816 2001 5872 vult
2027 5817 2188 5874 homo
2212 5820 2582 5893 undecumque
2608 5824 2837 5894 migrare
2862 5841 2876 5877 :
2904 5824 3292 5897 interrogemus
3321 5833 3474 5903 quasi

1789 5921 1854 6002 ξε
1950 5935 1970 5968 ι
1993 5938 2093 5984 Duo
2111 5939 2221 5985 Mss.
2244 5938 2390 5988 vatio.
2418 5945 2470 5988 et
2492 5944 2627 6001 Reg,
2652 5951 2684 5989 a
2700 5937 2900 5990 Domino
2921 5940 3190 6006 concupiui.

3021 6024 3270 6122 (Sept)
