4032 6466
547 510 833 583 curiosius,
862 513 919 565 et
942 505 1092 574 dicat
1108 502 1230 571 iste,
1255 495 1387 575 quid
1401 507 1502 553 nos
1528 490 1654 567 ipsi,
1678 486 1805 562 quid
1824 492 2039 583 acturus
2056 485 2141 537 est

552 620 610 662 ιιι
630 602 719 660 illa
739 582 921 669 domo,
942 597 1034 659 ubi
1059 595 1203 668 cupit
1229 599 1285 650 et
1307 595 1475 665 optat,
1493 584 1761 644 desiderat
1778 588 1833 637 et
1850 578 1953 634 hoc
1972 586 2141 631 unum

549 695 742 769 petita
764 691 1014 757 Domino,
1045 686 1284 745 habitare
1310 684 1363 741 in
1389 697 1451 738 ea
1492 692 1679 737 omnes
1714 674 1827 769 dies
1846 670 1979 769 ‘vitae
2006 680 2138 769 sum:

550 756 692 856 Quid
730 785 803 841 ibi
841 782 1196 854 agis,qu:eso
1232 775 1324 833 te?
1360 771 1486 848 quid
1529 775 1613 826 est
1652 764 1793 856 quod
1830 756 2144 856 desideras?

555 849 698 940 Kudi
721 873 850 951 quid
915 874 983 933 Ut
1005 849 1312 942 contemplor
1342 863 1718 951 delectationem
1746 853 1973 951 Domini.
2004 849 2145 951 Ecce

554 971 696 1045 quod
725 941 866 1036 amo,
899 980 1027 1022 ecce
1063 941 1228 1035 quare
1250 958 1373 1015 volo
1397 953 1637 1045 habitare
1664 949 1717 1005 in
1744 946 1907 1002 domo
1932 941 2143 1045 Dom-ini

553 1039 652 1136 per
675 1072 863 1118 omnes
886 1056 1002 1113 dies
1022 1056 1145 1117 vitae
1169 1065 1323 1108 meae.
1351 1045 1526 1103 Habet
1544 1041 1627 1136 ibi
1655 1050 1903 1136 magnum
1931 1039 2144 1136 spectat

554 1122 757 1219 culum,
783 1147 1188 1207 delectationem
1214 1141 1381 1213 ipsius
1400 1133 1615 1193 Domini
1637 1126 2004 1200 contemplari.
2023 1122 2148 1219 Vult

553 1246 705 1303 ﬁnita
732 1216 889 1300 nocte
913 1255 1007 1296 sua
1028 1238 1233 1295 haerere
1261 1234 1315 1288 in
1344 1232 1462 1289 luce
1492 1227 1678 1301 ipsius.
1709 1223 1860 1278 Tunc
1883 1220 2024 1276 enim
2046 1216 2149 1273 erit

555 1352 715 1394 mane
756 1343 993 1390 nostrum
1033 1336 1187 1385 nocte
1228 1317 1693 1381 transactazundc
1719 1315 1823 1370 alio
1861 1313 1981 1368 loCo
2009 1309 2149 1382 psal-

557 1445 679 1487 mus
706 1427 833 1484 dicit
864 1444 877 1480 :
906 1423 1062 1478 Mane
1104 1420 1276 1476 astabo
1321 1415 1432 1485 tibi,
1475 1421 1522 1468 et
1562 1400 2146 1479 contemplabar(Psal.

558 1538 617 1589 v,
649 1521 728 1594 5).
764 1518 921 1576 Modo
960 1517 1083 1581 ideo
1112 1530 1218 1571 non
1247 1507 1599 1581 contemplor,
1636 1503 1759 1576 quia
1788 1497 1955 1556 cecidi
1959 1516 1994 1594 _:
2025 1505 2151 1594 tunc

556 1588 767 1682 astabo,
790 1619 844 1669 et
864 1607 1285 1680 contemplabor.
1307 1604 1431 1659 Haec
1447 1615 1552 1657 vox
1570 1597 1804 1653 humana
1825 1600 1925 1649 est.
1949 1588 2151 1647 Cecidit

561 1709 707 1765 enim
735 1706 920 1773 homo,
948 1713 1003 1761 et
1028 1718 1133 1759 non
1161 1700 1461 1757 mitteretur
1488 1692 1581 1766 qui
1606 1691 1854 1763 erigeret,
1881 1685 1983 1741 nisi
2006 1682 2150 1741 ceci-

558 1803 846 1867 dissemus.
867 1799 974 1859 Nos
999 1794 1311 1861 cecidimus,
1334 1791 1422 1846 ille
1444 1784 1739 1845 descendit.
1766 1781 1865 1837 llle
1888 1777 2148 1842 ascendit,

558 1911 660 1952 nos
691 1895 965 1952 levamur:
989 1889 1116 1963 quia
1143 1901 1303 1945 nemo
1331 1881 1604 1947 ascendit,
1633 1877 1735 1934 nisi
1762 1874 1853 1951 qui
1876 1868 2152 1930 descendit

436 2056 443 2063 ν
559 1985 740 2064 (Joan.
762 2001 841 2052 ιιι,
866 1983 974 2054 15).
993 1981 1093 2051 Qui
1122 1980 1246 2046 ruit,
1275 1978 1512 2041 levatur;
1535 1972 1628 2044 qui
1651 1966 1947 2064 descendit,
1966 1978 2152 2064 ascen-

558 2055 639 2137 dit
655 2082 693 2135 ί.
711 2079 780 2136 Ει
799 2093 906 2133 non
933 2076 1054 2133 ideo
1068 2074 1437 2144 desperemus,
1459 2066 1583 2138 quia
1605 2064 1695 2120 ille
1719 2061 1867 2120 solus
1891 2055 2150 2114 ascendit.

557 2174 725 2231 Levat
751 2171 893 2229 enim
923 2183 1042 2235 nos,
1068 2166 1137 2223 ad
1165 2180 1301 2238 quos
1326 2161 1579 2220 cadentes
1607 2152 1882 2213 descendit
1909 2169 1921 2205 :
1951 2159 2005 2207 et
2042 2156 2154 2204 sta-

558 2266 761 2332 bimus,
805 2271 860 2318 et
901 2255 1412 2331 contemplabimur,
1460 2259 1515 2308 et
1558 2262 1753 2323 magna
1799 2241 2156 2301 delectatione

558 2354 916 2428 perfruemur.
949 2351 1087 2407 Ecce
1115 2346 1226 2404 dixi
1265 2346 1405 2413 hoc,
1431 2348 1488 2399 et
1523 2336 1861 2407 exclamastis
1889 2332 2155 2391 desiderio

560 2445 839 2521 cujusdam
869 2441 1067 2516 speciei
1093 2438 1327 2499 nondum
1353 2430 1764 2495 visaa..Excedat
1799 2443 1893 2486 cor
1918 2435 2154 2483 vestrum

561 2518 740 2599 omnia
770 2538 986 2603 usitata,
1026 2542 1080 2590 et
1118 2530 1343 2589 excedat
1380 2525 1607 2583 intentio
1648 2524 1924 2580 universas
1951 2518 2157 2589 cogita-

562 2632 739 2689 tiones
769 2640 978 2691 vestras
1006 2627 1277 2685 solemnes
1305 2639 1370 2679 ex
1398 2635 1579 2691 carne,
1608 2617 1827 2675 eductas
1852 2630 1881 2670 a
1912 2611 2159 2685 sensibus

504 2732 513 2737 ’
564 2724 765 2795 carnis,
790 2733 843 2780 et
867 2721 1220 2795 imaginantes
1244 2716 1426 2774 nescio
1452 2729 1571 2788 quae
1596 2714 1967 2784 phantasmata
1986 2709 2028 2762 ¹.
2053 2706 2160 2775 Το-

562 2824 678 2883 tum
713 2815 781 2877 ab
818 2813 996 2881 animo
1036 2810 1261 2883 rejicite,
1299 2804 1559 2880 quidquid
1597 2803 1889 2861 occurrerit
1927 2808 2157 2872 negate:

569 2905 877 2984 cognoscite
906 2901 1270 2959 infirmitatem
1300 2898 1479 2955 cordis
1506 2895 1692 2963 vestri,
1718 2902 1771 2950 et
1798 2892 1920 2969 quia
1949 2891 2034 2948 vel
2063 2905 2159 2946 oc-

568 3000 741 3057 currit
761 2998 781 3031 ³
806 2996 947 3068 quod
976 2996 1212 3066 cogitare
1239 2991 1488 3065 possetis,
1510 2988 1670 3057 dicite
1698 3005 1712 3043 :
1740 2986 1856 3043 Non
1887 2994 1971 3043 est
1994 2984 2157 3050 illud;

1781 371 1842 439 S.
1876 356 2248 429 AUGUSTIM
2284 358 2589 429 EPISCOPI

3722 361 3839 429 ιω

2246 491 2389 545 meo,
2425 476 2553 548 quid
2598 476 2688 533 [iet
2727 474 2897 533 mihi?
2930 474 3183 550 Preteget
3206 491 3317 543 me.
3338 474 3456 541 Non
3482 473 3667 541 solum
3703 492 3839 554 ergo

2249 570 2598 642 contemplari
2618 571 2741 626 volo
2765 569 3173 635 delectationem
3192 571 3425 640 Domini,
3444 574 3538 643 ait,
3562 572 3657 637 sed
3676 576 3842 635 etiam

2250 666 2444 737 protegi
2474 661 2716 735 templum
2743 663 2873 737 ejus.
2896 660 2970 720 Ut
2996 662 3252 735 templum
3282 679 3438 721 suum
3464 680 3551 721 me
3577 675 3842 741 protegat,

2248 772 2343 814 ero
2365 755 2621 837 templum
2643 756 2780 827 ejus,
2803 764 2856 812 et
2874 764 3130 829 protegar
3149 756 3217 819 ab
3236 771 3322 814 eo.
3345 756 3612 835 Numquid
3633 759 3739 821 tale
3759 767 3846 817 est

2251 849 2506 920 templum
2528 848 2644 917 Dei,
2671 849 2847 921 qualia
2890 850 3086 920 templa
3126 859 3251 917 sunt
3289 850 3737 913 simulacrorum?
3761 851 3846 909 Si-

2250 942 2488 997 mulacra
2511 941 2746 1017 gentium
2776 941 2989 1013 templis
3015 942 3126 998 suis
3154 951 3503 1025 proteguntur
3535 963 3548 998 :
3583 944 3845 1002 Dominus

2251 1033 2394 1090 Deus
2425 1041 2606 1091 noster
2637 1033 2892 1106 templum
2920 1048 3074 1090 suum
3105 1044 3363 1111 proteget,
3398 1046 3452 1099 et
3480 1051 3701 1103 securus
3724 1051 3843 1095 ero.

2250 1128 2670 1201 Contemplabor
2696 1128 2763 1183 ad
2789 1127 3219 1199 delectationem,
3245 1139 3296 1187 et
3328 1141 3574 1211 proteget“
3599 1131 3667 1193 ad
3700 1133 3846 1193 salu-

2252 1230 2382 1281 tem.
2418 1221 2590 1299 Quam
2632 1222 2735 1279 erit
2772 1221 2862 1279 illa
2900 1222 3281 1294 contemplatio
3307 1224 3562 1296 perfecta,
3596 1234 3706 1291 tam
3746 1227 3846 1284 ista

2252 1312 2488 1387 perfecta
2519 1312 2781 1385 protectio
2804 1329 2820 1379 ;
2847 1322 2901 1369 et
2930 1328 3088 1387 quam
3119 1314 3249 1383 illud
3270 1316 3564 1387 perfectum
3591 1318 3846 1393 gaudium

2253 1405 2673 1479 contemplandi,
2700 1414 2807 1477 tam
2842 1405 3077 1487 perlecta
3109 1408 3271 1467 etiam
3297 1407 3625 1483 incorrnptip
3650 1411 3848 1480 φιλίη-

2256 1499 2345 1559 tis.
2370 1499 2450 1567 Ad
2478 1501 2579 1565 ista
2603 1500 2712 1565 duo
2730 1501 2891 1563 verba
2914 1516 3035 1571 qum
3055 1500 3206 1567 dixit,
3229 1502 3539 1574 contempla
3565 1503 3847 1573 delectatio-

2255 1608 2371 1663 nen}
2402 1590 2644 1663 Domini,
2677 1602 2727 1651 et
2768 1601 3002 1666 prategar
3032 1594 3274 1663 templum
3299 1595 3430 1666 ejus,
3463 1596 3733 1667 pertinent
3758 1595 3846 1665 illa

2256 1684 2363 1749 duo
2386 1684 2530 1741 unde
2550 1684 2799 1743 Psalmus
2829 1688 3012 1759 cmpit,
3028 1686 3286 1747 Dominus
3304 1688 3614 1759 illuminatio
3632 1707 3777 1761 αισα,
3798 1700 3849 1757 et

2255 1780 2498 1836 salutaris
2530 1797 2690 1848 meus,
2720 1797 2867 1851 quem
2897 1780 3116 1836 timebo?
3143 1780 3277 1850 Quia
3312 1782 3714 1853 contentplabor
3750 1782 3848 1845 de-

2255 1874 2599 1943 lectationem
2620 1875 2851 1943 Domini,
2876 1874 3193 1935 illuminatio
3226 1890 3343 1939 inea
3373 1883 3491 1937 est:
3516 1876 3637 1947 quia
3662 1885 3846 1948 prote-

2254 1975 2347 2043 get
2369 1981 2459 2029 me
2485 1967 2741 2038 templum
2769 1983 2947 2033 suum,
2972 1967 3224 2025 salutaris
3246 1982 3401 2037 meus
3427 1976 3530 2025 est.

2330 2060 2421 2118 10.
2453 2058 2603 2134 [νει-ε.
2633 2055 2713 2133 5.]
2754 2060 2932 2128 Quare
2974 2069 3151 2125 antem
3193 2058 3352 2129 nobis
3378 2058 3494 2127 hoc
3536 2069 3756 2131 praestat
3794 2060 3844 2127 in

2257 2153 2462 2213 linem?
2493 2153 2747 2223 Quoniam
2780 2152 3041 2219 abscondit
3080 2169 3160 2209 me
3194 2153 3248 2209 in
3278 2152 3609 2217 uberrimo
3646 2169 3766 2223 «to,
3792 2154 3849 2213 in

2259 2245 2344 2302 die
2366 2245 2620 2307 malorum
2643 2261 2892 2313 mearum.
2917 2244 3032 2313 Erit
3058 2258 3187 2316 ergo
3212 2243 3343 2311 mihi
3370 2245 3424 2300 in
3446 2243 3609 2309 demo
3640 2244 3849 2305 habita-

2261 2339 2337 2411 tio
2368 2353 2469 2411 per
2498 2353 2689 2407 omnes
2721 2337 2840 2395 dies
2872 2337 2998 2403 vitae
3018 2352 3182 2406 ineas,
3209 2337 3278 2394 ad
3307 2337 3410 2395 hoc
3439 2345 3496 2401 ut
3519 2338 3851 2410 contemples

2261 2429 2666 2499 delectationem
2694 2428 2923 2497 Domini,
2953 2439 3010 2485 et
3028 2439 3285 2500 .protegar
3324 2429 3579 2499 templum
3619 2428 3758 2500 ejus.
3785 2426 3854 2489 Ut

2234 2530 2442 2585 ,autem
2471 2520 2598 2587 illuc
2622 2521 2955 2594 perveniam,
2977 2520 3117 2585 unde
3130 2520 3268 2581 mihi
3289 2520 3852 2592 promittoiﬂueniant

2263 2612 2525 2683 abscondit
2551 2628 2631 2669 me
2658 2613 2712 2669 in
2741 2612 3067 2679 tabernaculo
3093 2630 3210 2681 suo,
3237 2614 3292 2677 in
3323 2613 3407 2675 die
3434 2613 3688 2671 maiorum
3715 2628 3851 2683 moe-

2263 2722 2398 2774 rum.
2424 2705 2575 2765 Tunc
2599 2720 2707 2765 non
2734 2714 2891 2773 erunt
2918 2705 3035 2763 dies
3060 2706 3322 2769 malarum
3350 2722 3624 2775 ineorum,
3652 2708 3756 2765 sed
3781 2707 3854 2763 vi-

2265 2797 2343 2861 «ιιι
2367 2814 2452 2863 me
2494 2797 2549 2855 in
2592 2799 2782 2865 diebus
2805 2800 2821 2830 ¹
2866 2799 3127 2861 malorum
3162 2814 3428 2861 meorum.
3458 2799 3563 2869 Qui
3598 2814 3736 2872 ergo
3770 2814 3854 2857 me

2266 2894 2424 2962 longe
2464 2891 2696 2963 positum
2739 2891 3159 2951 misericorditer
3194 2892 3453 2963 respexit,
3490 2907 3677 2955 seem
3718 2891 3853 2964 posi-

2277 2991 2377 3047 tum
2403 2984 2673 3053 quomodo
2698 2984 2878 3043 beabit
2901 2984 2957 3038 ⁸2
2976 2983 3270 3055 Propterea
3295 3000 3423 3056 ergo
3442 2999 3551 3042 non
3576 2984 3854 3056 impuden-

565 3056 676 3148 non
715 3056 858 3146 enim
905 3086 953 3142 si
989 3056 1120 3141 illud
1161 3056 1337 3149 esset,
1375 3080 1505 3139 mihi
1545 3081 1656 3151 jam
1699 3078 2040 3136 occurrisset.
2085 3076 2160 3130 Ita
2231 3056 2351 3163 iter
2388 3090 2551 3133 unam
2597 3075 2745 3135 illam
2789 3076 2984 3147 petivi;
3025 3091 3123 3143 nec
3162 3076 3295 3132 mihi
3326 3076 3460 3135 dixit
3497 3091 3592 3134 cor
3626 3092 3850 3135 meum;

568 3178 939 3238 desiderabitis
964 3173 1231 3249 quoddam
1259 3173 1482 3247 bonum.
1507 3170 1676 3250 Quale
1711 3168 1948 3225 bonum?
1977 3166 2164 3223 Omnis

543 3340 547 3345 ε
573 3271 703 3328 boni
732 3269 950 3335 bonum,
976 3266 1121 3323 unde
1146 3279 1305 3323 omne
1327 3263 1556 3331 bonum,
1584 3261 1782 3327 bonum
1813 3260 1898 3317 cui
1928 3274 2035 3318 non
2065 3259 2161 3315 ad-

571 3365 718 3421 ditur
732 3360 860 3437 quid
879 3362 949 3418 sit
968 3361 1140 3439 ipsum
1160 3358 1382 3414 bonum.
1402 3355 1606 3425 Dicitur
1624 3354 1767 3415 enim
1784 3352 1959 3410 bonus
1979 3350 2160 3419 homo,

568 3465 627 3514 ct
652 3455 825 3513 bonus
854 3468 1002 3525 ager,
1039 3459 1094 3507 et
1120 3450 1261 3506 bona
1288 3446 1501 3515 domus,
1532 3453 1588 3503 et
1626 3445 1825 3517 bonum
1861 3444 2080 3511 animal,
2111 3453 2168 3502 et

568 3549 711 3606 bona
751 3546 929 3613 arbor,
966 3553 1023 3603 et
1061 3543 1259 3601 bonum
1298 3556 1515 3617 corpus.
1553 3548 1609 3599 et
1638 3540 1785 3611 bona
1821 3540 1997 3596 anima
2026 3557 2039 3594 :
2064 3537 2165 3609 ad-
2194 3518 2215 3627 λ’

567 3641 813 3718 iunxisti,
842 3640 1052 3715 quoties
1077 3637 1282 3707 dixisti,
1308 3624 1535 3703 Bonum.
1565 3634 1661 3705 Est
1688 3634 1885 3705 bonum
1916 3633 2161 3704 simplex,
2194 3616 2213 3647 ”’

572 3728 751 3810 ipsum
773 3734 973 3791 bonum
996 3746 1102 3804 quo
1123 3739 1314 3793 cuncta
1342 3738 1468 3798 sunt
1493 3728 1651 3795 bona,
1676 3727 1851 3805 ipsum
1874 3726 2077 3787 bonum
2100 3738 2169 3783 ex

579 3842 687 3902 quo
730 3833 921 3883 cuncta
962 3832 1087 3881 sunt
1123 3823 1262 3879 bona
1297 3839 1310 3877 :
1340 3822 1455 3893 ipsa
1493 3826 1577 3877 est
1614 3818 1895 3876 delectatio
1919 3817 2165 3883 Domini;

575 3920 717 3993 hanc
743 3916 1238 3989 contemplabimur.
1265 3914 1381 3977 Jam
1413 3913 1609 3979 videte,
1633 3911 1845 3978 fratres,
1874 3913 1918 3968 si
1944 3927 2043 3983 nos
2069 3911 2166 3981 de-
2217 3940 2226 3952 .

577 4012 781 4081 lectam
801 4008 942 4066 bona
970 4008 1071 4064 ista
1097 4021 1215 4079 quae
1240 4005 1575 4076 appellantur
1609 4003 1770 4072 bona,
1799 4004 1845 4061 si
1882 4018 1982 4061 nos
2017 4003 2168 4071 dele-

2271 3166 2404 3237 Qnid
2432 3167 2571 3238 petis
2598 3166 2643 3236 ³,
2669 3174 2762 3245 aut
2784 3182 2819 3223 ιι
2841 3181 2949 3238 quo
2978 3168 3154 3239 petis?
3180 3166 3362 3235 Audes
3386 3167 3530 3226 enim
3562 3184 3595 3222 a
3614 3168 3737 3225 Dee
3761 3168 3855 3224 ali-

2269 3261 2396 3333 quid
2421 3270 2625 3332 petere,
2648 3269 2905 3332 peccator
2932 3261 3159 3333 inique?
3186 3260 3354 3331 audes
3381 3277 3597 3333 sperare
3624 3262 3854 3335 aliquam

2271 3356 2777 3427 colitmnplationem
2807 3356 2902 3413 Dei
2931 3365 2985 3413 te
3010 3356 3339 3425 habitum,
3367 3356 3597 3426 inﬁrme,
3626 3357 3856 3414 immun-

2270 3448 2345 3515 do
2360 3448 2560 3507 corde?
2577 3447 2786 3515 Audeo,
2809 3447 3000 3517 inquit,
3022 3462 3130 3504 non
3151 3448 3222 3505 de
3241 3462 3351 3516 me,
3372 3448 3471 3504 sed
3490 3447 3563 3504 de
3581 3448 3753 3520 ipsius
3767 3448 3858 3505 de-

2272 3540 2592 3608 lectatione;
2627 3555 2736 3598 non
2768 3539 2840 3597 de
2874 3554 3000 3597 mea
3031 3540 3690 3612 WWMGB
3721 3541 3857 3607 illius

2250 3624 2514 3707 pignore.
2535 3633 2638 3702 Qui
2667 3641 2873 3691 tantum
2905 3632 3096 3705 pignus
3116 3632 3267 3689 dedit
3290 3634 3670 3706 peregrinanti,
3702 3636 3857 3694 duo-

2255 3728 2356 3787 ‘ret
2380 3728 2821 3800 pervenientem?
2847 3728 3099 3795 Quoniam
3122 3727 3381 3784 abscondit
3415 3740 3498 3785 me
3531 3729 3588 3785 in
3620 3731 3857 3787 tabat-ne-

2235 3810 2248 3835 ²
2272 3823 2390 3887 esto
2416 3839 2529 3891 suo,
2556 3822 2612 3877 in
2638 3822 2722 3877 die
2747 3822 2999 3878 maiorm
3021 3838 3266 3878 meorum.
3290 3822 3438 3881 Ecce
3457 3823 3572 3880 dies
3596 3824 3858 3881 malorum

2272 3925 2602 3981 nostrorum,
2632 3916 2738 3972 vita
2760 3914 2869 3971 ista
2905 3924 3007 3973 est.
3033 3914 3162 3971 Dies
3184 3915 3449 3975 malorum
3479 3916 3634 3973 aliter
3662 3917 3861 3973 habent

2222 4074 2232 4082 ,
2272 4009 2445 4081 impii,
2472 4010 2628 4073 aliter
2652 4007 2856 4065 ﬁdeles.
2886 4009 3020 4064 Nam
3044 4009 3207 4065 etiam
3232 4008 3533 4077 cedentes,
3563 4010 3660 4068 sed
3688 4011 3862 4068 adhuc

579 4113 727 4177 ctant
767 4102 907 4197 bona
943 4115 1064 4173 qua:
1101 4112 1210 4157 non
1244 4106 1497 4197 suntper
1524 4112 1591 4197 se
1626 4098 1765 4197 bona
1792 4096 1994 4197 (omnia
2027 4097 2169 4169 enim
2273 4100 2678 4173 peregrinantes
2703 4114 2736 4155 a
2760 4100 2987 4161 Domino
3012 4099 3300 4174 (Quamdiu
3324 4102 3462 4157 attint
3486 4117 3658 4158 sum
3683 4104 3740 4159 in
3772 4104 3863 4159 hoc

581 4195 855 4275 mutabilia
881 4209 987 4251 non
1016 4201 1144 4265 sunt
1168 4207 1263 4263 per
1297 4206 1356 4249 se
1381 4190 1563 4261 bona),
1582 4190 1753 4262 qualis
1789 4188 1895 4246 erit
1928 4197 2170 4263 contem-
2273 4211 2514 4268 corpore,
2549 4196 2929 4268 peregrinamnr
2955 4211 2990 4250 a
3011 4194 3236 4251 Domino
3260 4195 3283 4270 [
3306 4195 3351 4252 ll
3376 4194 3496 4253 Cor.
3533 4210 3591 4265 v,
3628 4196 3664 4252 6
3684 4194 3734 4271 ],
3764 4195 3864 4253 hoc

574 4291 746 4367 platio
787 4285 1259 4360 incommutabilis:
1276 4283 1431 4355 boni,
1471 4283 1680 4351 aeterni,
1721 4296 1937 4353 semper
1979 4281 2169 4347 eodem
2220 4280 2231 4291 '

584 4383 749 4443 modo
793 4377 1093 4439 manentis?
1137 4374 1576 4448 Quandoquidem
1622 4375 1723 4441 ista
1760 4388 1880 4447 qum
1924 4373 2174 4445 dicuntur

578 4479 746 4544 bona,
774 4474 918 4533 nullo
945 4481 1100 4546 pacto
1134 4485 1233 4543 nos
1270 4469 1626 4533 delectarent,
1654 4468 1757 4525 nisi
1784 4478 1964 4527 essem
1988 4469 2169 4537 bona;

582 4586 686 4645 nec
717 4569 821 4627 alio
864 4576 1017 4638 pacto
1057 4573 1240 4623 essent
1282 4564 1438 4631 bona,
1468 4562 1573 4625 nisi
1615 4562 1682 4619 ab
1724 4562 1816 4620 illo
1850 4570 2033 4621 essent
2072 4562 2165 4635 qui

583 4662 898 4741 simpliciter
923 4660 1096 4717 bonus
1123 4665 1223 4714 est.

578 4736 602 4743 ”
662 4752 716 4808 9.
759 4750 900 4807 Ecce
935 4762 1099 4823 quare
1126 4745 1365 4805 habitare
1390 4746 1530 4815 volo,
1562 4745 1755 4817 inquit,
1787 4746 1840 4803 in
1874 4747 2036 4813 domo
2060 4749 2171 4806 no-

590 4841 723 4905 mini
753 4855 847 4917 per
872 4853 1058 4899 omnes
1079 4838 1194 4896 dies
1214 4837 1335 4893 vitm
1364 4852 1519 4893 meae.
1542 4836 1661 4892 Dixi
1688 4837 1842 4911 vobis
1869 4854 2035 4911 quam
2063 4858 2077 4895 ε
2107 4840 2176 4900 υι

584 4933 901 5005 ,εοηιεηιριεν
950 4931 1329 4999 delectationem
1361 4927 1592 4984 Domini.
1628 4929 1701 4987 Ut
1739 4938 1914 4995 autem
1961 4946 2177 5007 semper

592 5024 949 5095 contempler,
975 5030 1032 5079 et
1056 5020 1201 5077 nulla
1229 5021 1472 5081 molestia
1510 5036 1598 5085 me
1634 5024 1906 5096 contingat
1939 5034 2180 5081 contem-

595 5121 854 5194 plantem,
882 5115 1029 5173 nulla
1056 5114 1324 5197 Suggestio
1351 5122 1576 5185 avertat,
1604 5116 1750 5177 nulla
1777 5116 1984 5187 auferat
2010 5118 2179 5179 αιίαιι-

590 5218 681 5288 jus
708 5213 966 5287 potentia,
990 5211 1194 5283 nullum
1225 5211 1497 5283 inimicum
1530 5213 1701 5285 patiar
1726 5214 1781 5271 in
1807 5216 2179 5287 contemptim-

592 5307 687 5375 do,
733 5312 788 5362 et
827 5302 1070 5376 perfruar
1110 5301 1319 5361 deliciis
1359 5316 1598 5371 securus,
1640 5305 1756 5376 ipso
1800 5305 2031 5364 Domino
2066 5307 2180 5366 Deo

654 5502 675 5536 ί
700 5499 998 5566 amoverim,
1021 5497 1253 5562 Quiruit,
1482 5512 1501 5563 ;
1521 5496 1607 5566 qui
1633 5498 1909 5566 descendit,
1933 5506 2150 5561 ascendit

593 5542 1003 5635 Mnﬁi
1025 5542 1605 5613 emensas};
1624 5542 2182 5635 ιῖᾱεῖιιῑςωὶξῗῑΐέῑῶά

591 5633 677 5759 ξετὶ
701 5689 771 5759 είς
786 5699 963 5759 pmnes
977 5698 1131 5759 prope
1141 5685 1477 5759 .Mss..At_Edd.
1495 5721 1510 5747 ,
1533 5685 1694 5759 qnmia
1714 5687 1816 5759 visa
1846 5704 1864 5740 :
1888 5693 1970 5756 qui
1990 5699 2042 5744 et
2064 5706 2182 5757 pan-

593 5749 643 5801 lo
660 5747 1032 5862 mdhabebant
1066 5747 1416 5822 “etimaginatas
1430 5747 1595 5820 nescio
1616 5762 1708 5812 quo
1730 5747 2079 5825 phantasmate:
2136 5818 2148 5829 υ

803 5845 836 5872 .,
859 5817 906 5864 et
927 5787 1165 5879 quatiatur!
1191 5817 1476 5864 occurrent.
1496 5818 1625 5874 Μβδα,
1648 5818 1693 5865 et
1715 5826 1831 5879 quia
1860 5816 1933 5868 vel
1953 5830 2148 5871 occurri

598 5816 836 5931 “gmw
859 5817 906 5864 ει
927 5816 1165 5879 (Μάρισά
1191 5816 1476 5864 οσοιπνεναο
1496 5818 1625 5874 MSS"
1648 5818 1693 5865 ει
1715 5816 1831 5879 quia
1860 5816 2183 5881 estoccurrit,

2272 4287 2567 4360 Apostolus
2583 4286 2762 4359 dixit),
2781 4288 2827 4343 si
2850 4287 2969 4344 dies
2993 4287 3252 4351 manrem
3273 4303 3380 4344 non
3400 4295 3581 4359 agunt,
3598 4288 3747 4344 unde
3764 4301 3863 4344 vox

2278 4380 2569 4438 Dominicis
2593 4380 2870 4448 orationis,
2893 4379 3076 4436 Libera
3099 4397 3191 4436 nos
3208 4397 3241 4434 α
3259 4379 3394 4436 malo
3413 4378 3631 4452 (lauta.
3650 4394 3728 4448 vr,
3753 4379 3861 4452 is),

2275 4475 2324 4543 si
2351 4490 2458 4532 non
2494 4490 2685 4533 sumus
2719 4476 2774 4548 in
2800 4475 2990 4532 diebus
3023 4476 3284 4533 malorum
3304 4475 3330 4529 τ
3357 4473 3452 4532 sed
3476 4475 3642 4546 longe
3665 4473 3864 4531 discre-

2240 4570 2245 4576 ’
2276 4567 2384 4623 tius
2402 4566 2519 4624 dies
2540 4566 2804 4624 malorum
2831 4574 2999 4638 agunt
3025 4566 3114 4638 qui
3142 4565 3319 4622 adhuc
3347 4580 3453 4622 non
3477 4564 3861 4622 crediderunt:

2279 4674 2380 4715 nec
2419 4660 2568 4731 ipsos
2608 4659 2700 4717 ille
2739 4657 3002 4730 despexit.
3030 4658 3239 4716 Etenim
3264 4657 3512 4715 Christus
3552 4672 3650 4729 pro
3688 4656 3865 4729 impiis

2280 4757 2525 4808 mortuus
2569 4759 2653 4806 est
2693 4749 2873 4822 (Rom.
2905 4765 2963 4817 v,
2992 4748 3073 4822 6).
3114 4749 3323 4805 Audeat
3364 4763 3495 4821 ergo
3540 4764 3867 4821 praesumere

2281 4843 2461 4899 anima
2481 4844 2732 4911 humana,
2750 4851 2806 4899 et
2823 4857 2982 4898 unam
3010 4842 3156 4898 illam
3176 4850 3395 4912 petere;
3417 4855 3606 4897 secura
3630 4841 3869 4910 habebit,

2280 4950 2470 4994 secura
2496 4934 2810 5007 possidebit.
2835 4934 3062 4991 Tantum
3087 4934 3277 4990 dilecta
3315 4942 3399 4989 est
3440 4932 3615 5003 unda,
3646 4934 3868 5006 pulchra

2282 5029 2549 5103 quomodo
2578 5026 2830 5101 fulgebit!
2862 5028 3115 5097 Quoniam
3142 5026 3405 5082 abscondit
3440 5043 3520 5082 me
3552 5027 3607 5082 in
3640 5029 3868 5083 taberna-

2283 5125 2401 5182 culo
2418 5142 2530 5194 suo,
2552 5124 2605 5179 in
2624 5125 2708 5179 die
2724 5122 2973 5180 malorum
2987 5137 3209 5178 meorum
3222 5137 3244 5177 :
3261 5121 3478 5192 prth
3495 5138 3576 5177 me
3597 5121 3653 5177 in
3671 5123 3873 5177 abscon-

2285 5216 2393 5272 dito
2410 5216 2721 5273 tabernaculi
2746 5216 2844 5270 sui.
2870 5214 3008 5285 Quid
3036 5221 3120 5271 est
3145 5213 3514 5271 absconditum
3545 5213 3872 5272 tabernaculi

2286 5310 2492 5383 ipsius“!
2515 5309 2642 5382 quid
2671 5318 2755 5365 est
2778 5309 2922 5365 hoc?
2947 5308 3108 5363 Multa
3142 5309 3285 5364 enim
3324 5310 3477 5381 quasi
3509 5307 3751 5365 membra
3795 5316 3873 5363 ta-

2286 5402 2562 5462 bernaculi
2612 5401 2909 5458 forinsecus
2942 5401 3209 5458 videntur.
3240 5401 3309 5459 Et
3337 5410 3420 5458 est
3445 5402 3598 5474 quasi
3630 5402 3873 5474 adytum,
3992 5416 3993 5483 ξ

2286 5497 2431 5572 quod
2457 5496 2652 5553 dicitur
2680 5492 2952 5565 penetrale
2981 5504 3246 5549 secretum
3274 5492 3472 5568 (Hebr.
3498 5509 3572 5560 rx,
3600 5493 3695 5567 5),
3735 5494 3875 5551 inte-
3991 5488 3993 5565 ξ

2354 5628 2469 5678 1sic
2510 5623 2726 5676 melioris
2765 5628 2892 5672 note
2936 5628 3043 5673 Mss.
3082 5627 3139 5673 At
3173 5619 3306 5683 edd.,
3343 5620 3431 5672 sed
3480 5621 3609 5672 tn'det
3639 5632 3718 5671 me
3751 5630 3878 5671 male

2288 5691 2340 5743 in
2362 5688 2543 5749 diebus,
2570 5696 2665 5739 etc.

2354 5754 2375 5785 ι
2407 5742 2801 5813 ειιιι.;ηιιρηιράο
2828 5759 2925 5800 non
2954 5742 3286 5798 tumba?
3319 5742 3515 5807 Quidam
3545 5753 3710 5798 autem
3746 5750 3877 5807 ωσι
3991 5742 3993 5813 ὲ

2291 5809 2534 5881 quomodo
2547 5809 2700 5863 beabit
2720 5809 2746 5862 ἲ

2362 5879 2382 5913 ³
2408 5879 2550 5949 vatio.
2573 5881 2676 5937 Ms,
2699 5871 2821 5941 Quid
2846 5872 2983 5941 petis,
3006 5870 3114 5939 auis
3134 5869 3273 5939 petis,
3294 5883 3326 5923 α
3345 5881 3441 5937 quo
3457 5868 3619 5938 petis?

3991 5726 3994 5757 γ

3988 5808 3994 5885 i
