4032 6500
169 355 268 414 9.05

173 476 278 532 rius
303 467 492 542 templi
513 469 558 525 ι.
582 467 656 526 Et
681 467 820 542 quid
861 474 943 525 est
982 467 1122 524 hoc?
1153 465 1293 539 quod
1336 466 1484 521 solus
1524 463 1775 519 sacerdos

179 565 419 624 intrabat.
451 561 522 618 Et
563 561 707 618 forte
753 563 870 633 ipse
909 561 1157 616 sacerdos
1184 567 1269 616 est
1297 557 1663 614 absconditum
1695 565 1776 611 ta-

183 655 453 720 bernaculi
483 655 605 711 Dei.
633 655 864 725 Accepit
891 653 1030 710 enim
1061 653 1129 709 de
1159 653 1261 708 isto
1291 651 1634 707 tabernaculo
1663 665 1780 705 car-

185 769 332 819 nem,
362 759 420 807 et
448 749 576 806 fecit
606 749 763 804 nobis
793 747 1157 805 absconditum
1190 746 1593 803 tabernaculi’:
1615 754 1667 800 ut
1697 754 1778 800 ta-

181 843 527 906 bernaculum
550 841 672 914 ejus
695 841 802 900 alia
826 840 1066 900 membra
1086 841 1254 912 ipsius
1274 839 1555 895 credentes
1580 840 1631 893 in
1657 854 1778 892 eum

182 942 305 1009 sint,
335 936 717 993 absconditum
753 945 930 992 autem
967 933 1290 990 tabernaculi
1321 934 1435 1006 ipse
1474 931 1561 987 sit.
1591 930 1784 985 Μαι·ιηί

183 1034 312 1090 enim
351 1031 498 1099 estis,
532 1031 607 1086 ait
631 1030 945 1100 Apostolus,
971 1037 1018 1084 et
1042 1030 1143 1086 vita
1170 1039 1331 1085 uestra
1371 1027 1668 1084 abscondita
1709 1034 1783 1082 est

183 1142 290 1180 sum
314 1123 525 1178 Christo
552 1122 606 1176 in
637 1120 746 1175 Deo
771 1121 988 1196 (Coloss.
1017 1136 1093 1187 ιιι,
1119 1119 1195 1193 5).

253 1215 336 1270 ll.
381 1211 542 1287 [νε-η.
575 1209 656 1285 6.]
685 1211 768 1267 An
808 1211 887 1266 vis
924 1225 1081 1266 nosse
1120 1211 1242 1283 quia
1285 1209 1406 1265 inde
1432 1209 1597 1266 dicit?
1626 1210 1782 1266 Petra

186 1321 372 1377 nempe
395 1315 480 1360 est
501 1303 745 1360 Christus
764 1302 806 1373 (1
824 1301 940 1358 Cor.
966 1318 1022 1369 x,
1043 1303 1122 1373 4).
1145 1301 1336 1358 Audite
1357 1301 1482 1373 quid
1511 1303 1779 1373 sequitur:

187 1400 435 1469 Quoniam
462 1397 732 1452 abscondit
761 1413 841 1450 me
868 1397 919 1450 in
948 1395 1270 1450 tabernaculo
1298 1411 1410 1460 suo,
1436 1395 1489 1449 in
1513 1394 1594 1448 die
1625 1394 1785 1449 malo-

185 1509 289 1547 rum
310 1507 548 1544 meorum
573 1505 592 1542 :
615 1488 834 1558 protexit
860 1504 937 1540 me
957 1489 1009 1541 in
1034 1487 1324 1543 abscondito
1352 1487 1659 1541 tabernaculi
1684 1487 1783 1542 sui.

187 1581 480 1653 Quaerebas
503 1578 630 1648 quid
652 1579 721 1633 sit
741 1578 1106 1633 absconditum
1129 1577 1478 1644 tabernaculi,
1502 1578 1622 1632 audi
1645 1576 1786 1646 quod

188 1674 426 1745 sequitur
453 1690 466 1726 :
498 1670 567 1726 In
599 1681 744 1741 petra
770 1670 1008 1725 exaltabit
1035 1686 1132 1728 me.
1155 1671 1297 1742 Ergo
1323 1670 1376 1725 in
1403 1667 1618 1725 Christo
1642 1669 1788 1723 exal-

188 1769 309 1825 tavit
334 1783 448 1823 me.
477 1765 615 1834 Quia
647 1765 699 1820 in
729 1764 944 1836 pulvere
965 1763 1254 1819 humiliasti
1283 1772 1354 1830 te,
1381 1765 1432 1818 in
1461 1771 1610 1833 petra
1639 1762 1785 1818 exal-

188 1863 312 1917 tarit
360 1870 436 1916 te.
482 1857 590 1916 Sed
637 1857 886 1913 Christus
928 1871 1140 1912 sursum
1170 1866 1273 1925 est,
1307 1866 1363 1912 tu
1401 1865 1577 1911 autem
1617 1854 1789 1911 adhuc

187 1954 468 2011 deorsum.
512 1950 648 2007 Audi
697 1950 973 2022 sequentia
1005 1970 1018 2007 :
1048 1947 1116 2004 Et
1169 1967 1305 2005 nunc
1353 1951 1593 2006 exultavit
1637 1958 1790 2020 caput

189 2064 361 2101 meum
382 2062 536 2114 super
562 2045 799 2099 inimicos
827 2061 980 2098 meos.
1007 2041 1074 2097 Et
1096 2060 1250 2111 nunc,
1274 2051 1556 2114 antequam
1578 2043 1789 2099 veniam

191 2138 252 2192 ad
289 2138 437 2192 illam
488 2137 733 2203 domum,
773 2136 863 2190 ubi
896 2135 1015 2190 volo
1055 2135 1294 2192 habitare
1329 2151 1425 2206 per
1460 2151 1647 2192 omnes
1676 2136 1789 2193 dies

194 2230 307 2286 vita:
337 2246 499 2294 mem,
530 2238 819 2300 antequam
846 2229 1056 2284 veniam
1098 2227 1164 2283 ad
1206 2228 1349 2284 illam
1380 2228 1789 2300 contemplatio-

193 2337 305 2378 nem
337 2319 584 2387 Domini,
611 2318 680 2374 Et
709 2337 846 2374 nunc
874 2320 1112 2374 exultavit
1141 2330 1293 2390 caput
1322 2338 1488 2374 meum
1508 2338 1660 2392 super
1689 2322 1789 2375 ini-

195 2414 337 2469 micos
376 2431 537 2468 meos.
573 2413 766 2468 Adhuc
803 2413 975 2484 patior
1018 2413 1259 2470 inimicos
1294 2415 1534 2486 corporis
1567 2413 1787 2483 Christi,

196 2505 356 2562 adhuc
385 2523 497 2560 non
539 2520 658 2561 sum
690 2505 956 2560 exaltatus
992 2520 1156 2576 super
1196 2505 1473 2571 inimicos;
1506 2507 1599 2563 sed
1638 2516 1792 2579 caput

197 2615 347 2653 mm
386 2597 640 2654 exultavit
677 2614 830 2668 super
872 2597 1102 2653 inimicos
1139 2615 1296 2652 meos.
1324 2598 1442 2653 Jam
1490 2607 1649 2669 caput
1693 2613 1790 2654 no-

199 2697 352 2745 strum
375 2687 635 2744 Christus
666 2688 718 2742 in
749 2687 887 2744 cmlo
911 2697 1014 2755 est,
1041 2686 1214 2744 adhuc
1241 2689 1440 2744 inimici
1471 2689 1638 2744 nostri
1662 2703 1786 2760 pos-

203 2790 314 2836 sunt
337 2781 389 2836 in
419 2796 526 2836 nos
548 2779 742 2834 smvire
768 2797 780 2833 :
808 2778 1040 2835 nondum
1069 2795 1254 2836 sumus
1283 2781 1498 2836 exaltati
1540 2796 1699 2852 super
1725 2780 1788 2835 il-

203 2871 304 2937 los;
336 2869 430 2928 sed
465 2881 632 2942 caput
673 2880 915 2926 nostrum
942 2870 1050 2942 jam
1081 2871 1150 2927 ibi
1183 2882 1284 2927 est.
1309 2871 1460 2929 Unde
1489 2874 1590 2928 hoc
1616 2873 1786 2930 dixit:

202 2961 366 3034 Sale,
399 2964 587 3032 Sauls,
611 2963 735 3035 quid
759 2981 836 3018 me
861 2966 1168 3035 persequeris
1193 2963 1327 3036 (Act.
1351 2981 1425 3032 lx,
1448 2965 1543 3036 ψ
1561 2964 1632 3021 Se
1657 2964 1791 3022 dixit

207 3058 253 3113 in
277 3058 427 3114 nobis
457 3072 583 3112 esse
614 3057 700 3112 hic
730 3057 982 3112 deorsum
1005 3075 1016 3112 :
1038 3073 1166 3128 ergo
1194 3068 1247 3113 et
1269 3073 1366 3112 nos
1403 3058 1456 3114 in
1487 3058 1581 3114 illo
1605 3073 1790 3116 sumus

203 3143 261 3204 ibi
278 3163 515 3218 sursum,
535 3147 661 3219 quia
685 3158 732 3202 et
759 3165 895 3202 nunc
913 3149 1146 3203 exultavit
1168 3159 1319 3220 caput
1341 3165 1506 3203 meum
1523 3165 1674 3221 super
1692 3150 1790 3205 ini-

201 3239 338 3295 micos
368 3257 530 3296 meos.
559 3240 698 3295 Ecce
725 3239 881 3309 quale
911 3241 1099 3311 pignus
1130 3239 1410 3308 habemus,
1440 3241 1580 3296 unde
1609 3249 1664 3296 et
1690 3256 1792 3298 nos

203 3330 289 3388 ﬁde
329 3339 381 3388 et
426 3346 527 3402 spe
556 3341 612 3387 et
641 3331 902 3386 charitate
930 3347 1050 3387 cum
1081 3331 1254 3403 capite
1289 3342 1473 3387 noslro
1508 3349 1693 3390 sumus
1734 3335 1789 3390 in

201 3424 320 3481 caelo
348 3425 402 3480 in
435 3434 705 3479 mternum
731 3441 744 3478 :
773 3425 893 3496 quia
922 3433 974 3479 ct
1001 3425 1174 3495 ipsum
1205 3425 1500 3493 divinitate,
1528 3426 1787 3493 bonitate,

203 3515 388 3572 unitate
414 3515 701 3572 nobiscum
728 3525 809 3570 est
841 3516 892 3570 in
921 3525 1061 3571 terra
1089 3532 1254 3588 usque
1284 3517 1335 3572 in
1368 3520 1788 3573 consummatio-

201 3621 305 3662 nem
331 3607 522 3663 saeculi
554 3606 768 3678 (Matth.
795 3623 982 3673 xxvm,
1009 3607 1125 3679 20).

260 3700 342 3756 12.
376 3699 680 3766 Circumiui,
721 3710 770 3755 et
805 3701 1060 3755 immolavi
1099 3701 1153 3756 in
1191 3701 1515 3758 tabernaculo
1555 3704 1664 3776 ejus
1691 3705 1786 3760 Ito-

197 3793 330 3850 stiaiu
351 3794 686 3867 jubilationis
719 3810 740 3849 :
791 3793 1130 3850 immolamus
1160 3793 1390 3850 hostiam
1432 3795 1786 3867 jubilationis,

200 3888 534 3944 immolamus
582 3887 812 3944 hostiam
852 3888 1078 3957 latitius,
1123 3886 1351 3943 bestiam
1397 3889 1787 3961 gratulationis,

197 3979 414 4036 hostiam
435 3979 732 4052 gratiarum
761 3980 1009 4046 actionis,
1044 3995 1164 4050 quae
1192 3981 1372 4036 verbis
1400 3981 1661 4052 explicari
1681 3997 1788 4038 non

199 4083 390 4148 potest.
424 4072 777 4129 lmmolamus
807 4082 1004 4142 autem,
1037 4072 1166 4128 ubi?
1204 4072 1261 4128 in
1303 4073 1420 4145 ipso
1451 4074 1791 4132 tabernaculo

191 4164 322 4238 eius,
391 4164 446 4220 in
498 4172 684 4219 sancta
734 4163 993 4218 Ecclesia.
1053 4163 1188 4233 Quid
1240 4179 1368 4236 ergo
1417 4166 1789 4224 immolamus?

192 4257 730 4315 Abundantissimum
751 4265 805 4312 et
821 4257 1175 4312 inenarrabile
1194 4257 1464 4330 gaudium,
1494 4260 1650 4316 nullis
1670 4276 1791 4318 ver-

191 4349 288 4419 bis,
347 4366 488 4408 voce
543 4349 857 4407 ineﬂ'abili'.
906 4349 1033 4406 Haec
1084 4359 1168 4408 est
1219 4350 1392 4408 hostia
1435 4351 1786 4422 jubilationis.

193 4441 338 4500 Unde
359 4442 612 4514 quaesita,
655 4441 797 4497 unde
828 4441 1042 4500 inventa
1073 4443 1192 4499 est?
1227 4443 1643 4512 Circumeuudo,
1672 4445 1788 4503 Cir-

191 4538 388 4604 cumiei,
423 4536 618 4608 inquit,
645 4536 978 4601 etimmolavi
1005 4537 1058 4591 in
1085 4537 1408 4592 tabernaculo
1434 4539 1543 4611 ejus
1573 4539 1790 4596 hostiam

193 4627 530 4693 isbilationis.
579 4625 883 4684 Circumcat
932 4628 1140 4684 animus
1187 4636 1308 4684 tuus
1358 4646 1454 4702 per
1486 4631 1789 4690 universam

190 4728 494 4774 creaturam
527 4735 541 4773 :
571 4719 804 4789 undique
830 4717 923 4775 tibi
951 4720 1201 4778 clamabit
1227 4730 1468 4776 creatura
1497 4739 1512 4778 :
1544 4721 1686 4778 Deus
1705 4739 1792 4784 me

191 4807 331 4867 fecit.
361 4809 638 4882 Quidquid
664 4819 716 4866 te
745 4811 1020 4867 delectarit
1048 4813 1101 4867 in
1131 4821 1245 4869 arte
1262 4812 1305 4879 ⁸,
1346 4813 1607 4872 artificem
1639 4830 1786 4872 com-

191 4902 444 4968 mendat;
469 4901 749 4974 magisque
775 4902 821 4958 si
849 4902 1143 4960 circumeas
1175 4905 1445 4971 universa,
1477 4906 1790 4962 considera-

194 4992 264 5049 tio
306 4993 553 5064 concipit
606 4992 824 5050 artiﬁcis
876 4993 1106 5051 laudem.
1162 4995 1319 5052 Vides
1364 4996 1552 5064 caelos,
1601 5013 1791 5069 magna

192 5099 352 5156 opera
403 5086 500 5142 Dei
552 5093 696 5141 sunt.
728 5084 889 5142 Vides
935 5094 1156 5155 terram,
1209 5087 1349 5144 Deus
1378 5089 1792 5148 fecitseminum

195 5190 469 5245 numeros,
517 5175 853 5233 diversitates
891 5179 1211 5248 germinum,
1252 5180 1648 5238 multitudinem
1671 5183 1792 5239 anip

254 5387 274 5423 ι
750 5383 931 5450 templi.
969 5385 1195 5450 Plerique
1223 5394 1388 5437 autem
1422 5396 1548 5451 Mss.,
1591 5388 1794 5446 interius

387 5511 610 5564 mulli
631 5514 940 5586 manum,
957 5514 1008 5586 et
1028 5509 1140 5586 fecit
1162 5511 1612 5586 nos_gbsconditum
1634 5513 1792 5586 tuber-

200 5576 434 5646 landum
479 5583 613 5637 t.ov.,
658 5579 708 5626 et
741 5572 855 5637 fecit
890 5571 1038 5623 nobis
1064 5572 1392 5625 absconditum
1435 5575 1795 5630 tabernaculum

201 5650 372 5751 “'52,,
393 5709 464 5753 ετ,
486 5709 538 5752 ει
561 5707 671 5750 ηδε,
702 5705 757 5761 at
782 5703 911 5756 tov.,
930 5695 1061 5746 nulla
1085 5711 1192 5749 rore
1216 5698 1417 5761 elﬁzbile.

259 5762 281 5795 δ
302 5763 517 5833 Plerique
536 5772 671 5833 Mss_.,
698 5759 751 5810 in
766 5765 903 5833 parte
919 5767 1009 5833 ,Let
1034 5761 1172 5833 paulo
1197 5759 1331 5825 post:
1361 5761 1604 5828 magisque
1628 5765 1669 5816 si
1699 5764 1793 5816 cir-

202 5835 396 5895 cum,
416 5819 632 5884 uisitersi
653 5819 998 5883 munerario,
1027 5819 1120 5874 sic.

1279 347 1674 404 ENARBATIO
1711 345 1777 404 IN
1817 344 2137 405 PSALMUM
2175 347 2364 406 XXVI.

1885 461 2129 515 malium.
2157 463 2392 519 Circumi
2421 465 2593 522 adhuc
2623 468 2791 526 cmlos
2813 486 2980 543 usque
3007 473 3071 529 ad
3095 481 3312 545 terram,
3339 477 3475 536 nihil

1885 554 2188 625 relinquas:
2220 555 2453 628 undique
2483 559 2574 614 tibi
2602 562 2777 616 omnia
2825 575 3075 621 resonant
3103 569 3472 638 conditorem;

1885 655 1940 704 et
1986 649 2114 720 ipsre
2159 651 2364 722 species
2413 662 2796 720 creaturarum,
2861 672 3020 715 voces
3057 667 3182 715 sunt
3231 663 3477 732 quaedam

1885 749 2179 796 creatorem
2202 743 2552 801 laudantium.
2573 747 2703 815 Qnis
2725 759 2898 805 autem
2922 751 3154 822 explicet
3175 754 3494 811 universam

1886 845 2185 890 creaturam
2211 837 2236 890 ἲ
2277 839 2392 908 quis
2429 839 2570 895 illam
2605 842 2831 913 explicet
2861 843 3150 902 laudibus?
3177 847 3296 918 quis
3320 848 3482 919 digne

1888 923 2068 981 laudet
2095 928 2287 984 caelum
2316 940 2368 985 et
2400 940 2615 999 terram,
2659 949 2827 1001 mare,
2863 945 2916 991 et
2940 937 3118 992 omnia
3147 953 3267 1009 qua
3310 940 3364 995 in
3403 941 3482 997 eis

1887 1017 2053 1072 sunt?
2078 1017 2145 1073 Et
2171 1019 2268 1074 ista
2296 1021 2508 1090 quidem
2541 1023 2786 1080 visibilia.
2830 1025 2958 1094 Quis
2978 1027 3137 1100 digne
3161 1029 3340 1086 laudet
3367 1032 3470 1086 An-

1885 1110 2055 1184 gelos,
2083 1110 2270 1178 Sedes,
2305 1111 2720 1183 Dominationes,
2767 1118 3120 1190 Principatus,
3152 1129 3208 1177 et
3236 1121 3494 1178 Potesta-'

1890 1203 2015 1260 tes?
2059 1201 2188 1273 Quis
2214 1203 2370 1275 digne
2400 1206 2580 1262 laudet
2611 1207 2710 1263 hoc
2749 1210 2919 1279 ipsum
2949 1212 3092 1282 quod
3136 1213 3188 1267 in
3219 1214 3373 1270 nobis
3399 1215 3476 1269 vi-

1887 1307 1996 1367 get,
2028 1307 2280 1370 vegetans
2307 1313 2523 1373 corpus,
2561 1316 2782 1357 movens
2813 1305 3073 1372 membra,
3107 1322 3298 1363 sensus
3327 1323 3482 1364 exse-

1890 1404 2017 1446 rens
2036 1391 2076 1458 ¹,
2117 1401 2170 1446 et
2198 1395 2450 1450 memoria
2474 1401 2580 1452 tam
2609 1396 2774 1452 multa
2803 1400 3185 1468 complectens,
3213 1401 3496 1458 intellectu

1891 1487 1998 1534 tam
2045 1481 2208 1536 multa
2255 1482 2588 1554 discernens,
2636 1485 2755 1558 quis
2795 1486 2954 1561 digne
2989 1488 3211 1546 laudet?
3244 1492 3314 1546 At
3349 1491 3394 1546 si
3430 1493 3483 1547 in

1891 1571 2008 1628 istis
2054 1577 2311 1632 creaturis
2364 1578 2456 1633 Dei
2506 1580 2583 1635 sic
2635 1580 2841 1637 laborat
2883 1584 3148 1643 humanus
3183 1597 3382 1649 sermo,
3429 1585 3483 1639 in

1891 1675 2134 1723 creatore
2163 1669 2286 1739 quid
2315 1671 2440 1740 agit,
2473 1674 2572 1727 nisi
2597 1674 2708 1729 sola
2737 1683 2900 1732 restet
2926 1691 3174 1735 sermone
3200 1675 3486 1736 deﬁciente

1887 1758 2169 1831 jubilatio?
2215 1764 2506 1834 Circumivi,
2548 1778 2595 1822 et
2635 1769 2890 1826 immolavi
2932 1774 2984 1826 in
3020 1775 3342 1830 tabernaculo
3373 1775 3486 1846 ejus

1894 1855 2109 1910 hostiam
2123 1857 2467 1926 jubilationis.

1969 1947 2054 2002 l5.
2099 1948 2192 2003 Est
2235 1959 2287 2004 et
2329 1951 2465 2006 alius
2491 1967 2699 2019 sensus,
2745 1954 2834 2023 qui
2861 1953 2988 2009 mihi
3021 1955 3229 2011 videtur
3254 1955 3319 2012 ad
3358 1972 3488 2014 con-

1895 2039 2183 2095 textionem
2207 2041 2399 2096 Psalmi
2431 2045 2598 2114 magis
2621 2045 2909 2115 pertinere.
2942 2045 3074 2114 Quia
3107 2047 3249 2102 enim
3279 2048 3488 2104 dixerat

1895 2128 1948 2184 in
1978 2138 2126 2200 petra
2170 2146 2230 2188 se
2271 2133 2582 2201 exaltatum,
2633 2136 2773 2206 quod
2806 2145 2888 2192 est
2914 2135 3190 2202 Christus;
3231 2151 3286 2194 et
3331 2148 3490 2212 caput

1895 2233 2048 2277 suum
2077 2224 2369 2280 exaltatum
2397 2240 2558 2298 super
2583 2227 2830 2284 inimicos
2855 2243 3004 2296 suos,
3056 2229 3198 2300 quod
3225 2239 3308 2287 est
3331 2229 3490 2287 Chri«

1896 2323 2012 2370 stus
2041 2331 2053 2368 :
2084 2315 2244 2372 etiam
2271 2332 2350 2386 se,
2396 2319 2483 2389 qui
2515 2320 2566 2374 in
2597 2329 2747 2390 petra
2775 2323 3038 2378 exaltatus
3073 2332 3175 2392 est,
3220 2325 3273 2380 in
3299 2324 3489 2382 eodem

1895 2405 2070 2474 capite
2115 2423 2212 2462 suo
2247 2408 2535 2464 exaltatum
2581 2409 2802 2483 intelligi
2836 2413 3004 2468 voluit
3043 2428 3204 2485 super
3249 2415 3492 2472 inimicos

1895 2506 2043 2563 suos,
2085 2496 2323 2553 referens
2355 2499 2454 2555 hoc
2497 2500 2562 2555 ad
2606 2500 2865 2559 honorem
2909 2505 3182 2573 Ecclesiae,
3220 2508 3304 2562 cui
3331 2508 3494 2564 cessit

1895 2584 2232 2644 inimicorum
2263 2593 2564 2661 persecutio
2593 2610 2606 2646 :
2639 2602 2692 2649 et
2721 2593 2842 2664 quia
2874 2594 2975 2651 hoc
3014 2611 3109 2666 per
3147 2596 3306 2653 tidem
3347 2597 3493 2653 orbis

1896 2685 2160 2734 terrarum
2188 2680 2384 2738 factum
2414 2693 2516 2752 est,
2551 2683 2838 2755 Circumivi,
2875 2688 3064 2760 inquit,
3097 2699 3145 2744 et
3163 2691 3422 2747 immolavi
3439 2692 3493 2749 in

1897 2764 2218 2825 tabernaculo
2240 2774 2352 2845 ejus
2387 2774 2603 2829 hostium
2627 2777 2950 2847 jubilationis
2976 2797 2995 2834 :
3030 2779 3081 2834 id
3109 2791 3210 2848 est,
3241 2782 3491 2841 conside-

1895 2861 2011 2917 ravi
2040 2861 2196 2918 [idem
2225 2865 2373 2921 orbis
2419 2876 2703 2937 terrarum,
2747 2871 2800 2926 in
2831 2887 2933 2941 qua
2967 2873 3255 2929 exaltatum
3285 2884 3368 2931 est
3404 2891 3493 2931 ca-

1895 2961 1991 3024 put
2017 2968 2216 3017 meum,
2257 2973 2421 3027 super
2464 2974 2557 3014 eos
2588 2961 2676 3031 qui
2707 2978 2793 3016 me
2829 2965 3322 3034 persequebantur;
3354 2975 3408 3023 et
3438 2968 3491 3023 in

1895 3043 2012 3114 ipso
2037 3045 2376 3104 tabernaculo
2398 3050 2533 3121 ejus,
2561 3052 2612 3106 id
2643 3061 2724 3109 est
2751 3054 2803 3108 in
2835 3055 3071 3112 Ecclesia
3101 3065 3214 3112 toto
3233 3059 3364 3115 orbe
3391 3058 3493 3116 dif-

1894 3135 2032 3204 fusa,
2062 3139 2404 3198 ineffabiliter
2432 3144 2640 3200 laudavi
2670 3147 2971 3204 Dominum.

1969 3230 2057 3286 M.
2102 3230 2252 3306 [vers.
2286 3233 2364 3309 7.]
2395 3235 2620 3292 Cantabo
2660 3250 2705 3293 et
2731 3241 2948 3309 psallam
2990 3239 3210 3298 Domino
3253 3262 3266 3299 :
3318 3247 3494 3304 securi

1894 3321 2114 3389 erimus,
2162 3335 2216 3381 et
2264 3328 2436 3382 securi
2479 3331 2833 3398 cantabimus,
2864 3343 2942 3390 .et
2981 3336 3155 3390 securi
3183 3337 3492 3409 psallemns,

1894 3427 2014 3468 cum
2037 3417 2517 3485 contemplabimur
2532 3419 2942 3479 delectationem
2972 3425 3200 3490 Domini,
3232 3436 3286 3483 et
3312 3440 3492 3498 prote-

1893 3521 2083 3577 gemur
2111 3509 2368 3579 templum
2401 3511 2538 3582 ejus,
2597 3513 2648 3568 in
2696 3514 2780 3570 illa
2820 3515 3237 3588 incorruptione,
3281 3523 3495 3592 quando

1893 3597 2264 3655 absorbebitur
2289 3616 2433 3656 mors
2460 3603 2511 3657 in
2538 3605 2815 3660 victoriam
2846 3607 2893 3677 (Ι
2929 3607 3046 3663 Cor.
3075 3625 3168 3676 xv,
3200 3610 3312 3682 54).
3334 3611 3492 3670 Modo

1894 3689 2059 3761 quid?
2085 3691 2215 3762 Quia
2235 3693 2343 3765 jam
2366 3693 2504 3750 dicta
2528 3697 2856 3768 suntgaudia
2881 3698 2992 3765 illa,
3021 3717 3137 3772 qum
3154 3701 3491 3775 habebimus,

1895 3797 2017 3838 cum
2047 3785 2409 3856 acceperimus
2438 3788 2582 3844 illam
2599 3805 2759 3846 unam
2788 3793 3121 3863 petitionem.
3145 3794 3302 3853 Modo
3327 3796 3496 3871 quid?

1896 3872 2124 3945 Exaudi,
2151 3875 2388 3948 Domine,
2419 3896 2586 3936 vocem
2606 3900 2768 3938 meam
2793 3900 2816 3939 :
2846 3901 3126 3958 gemamus
3151 3888 3333 3959 modo,
3367 3907 3492 3950 ore-

1895 3980 2016 4023 mus
2040 3967 2218 4025 modo.
2259 3968 2500 4028 Gemitus
2539 3989 2646 4029 non
2685 3983 2769 4032 est
2809 3977 2912 4032 nisi
2955 3978 3296 4050 miserorum,
3322 3985 3495 4042 oratio

1895 4073 2005 4115 non
2036 4069 2119 4116 est
2161 4061 2261 4118 nisi
2293 4057 2660 4136 indigentium.
2708 4067 2956 4127 Transiet
2997 4075 3200 4141 oratio,
3243 4078 3495 4136 succedet

1896 4149 2168 4218 laudatio;
2210 4156 2430 4213 transiet
2457 4156 2634 4225 ﬂetus,
2681 4161 3227 4236 sucecdetgaudium.
3277 4165 3493 4225 Interim

1896 4243 2078 4312 modo,
2112 4247 2324 4316 quando
2352 4250 2404 4304 in
2431 4249 2621 4307 diebus
2647 4252 2912 4308 malorum
2948 4268 3254 4313 nostrorum
3283 4275 3491 4328 sumus,

1897 4351 2004 4392 non
2033 4347 2207 4393 cesset
2235 4340 2405 4396 oratio
2427 4352 2611 4397 nostra
2651 4343 2717 4398 ad
2745 4343 2931 4410 Deum,
2964 4361 2995 4401 a
3025 4362 3131 4418 quo
3159 4364 3318 4405 unam
3345 4350 3490 4406 illam

1896 4437 2169 4498 petamus;
2221 4442 2276 4486 et
2302 4432 2368 4487 ab
2395 4432 2506 4503 ipsa
2531 4435 2789 4504 petitione
2816 4451 2926 4493 non
2964 4437 3290 4509 desinamus,
3319 4442 3494 4504 donec

1897 4519 1965 4574 ad
2020 4535 2138 4576 eam
2187 4522 2279 4576 illo
2333 4522 2566 4581 donante
2609 4541 2672 4582 ac
2724 4529 3047 4597 perducente
3095 4535 3491 4602 perveniamus.

1898 4608 2124 4677 Exaudi,
2158 4611 2392 4683 Domine,
2423 4631 2594 4674 vocem
2622 4635 2806 4690 meatu,
2834 4637 2936 4692 qua
2959 4622 3269 4680 clamavi'ad
3287 4635 3366 4694 te;
3393 4629 3493 4684 mi.

1895 4718 2059 4758 serere
2080 4705 2195 4772 mei,
2223 4715 2268 4760 et
2295 4708 2483 4762 exaudi
2505 4725 2583 4764 me
2609 4727 2628 4766 :
2680 4728 2840 4769 unam
2880 4715 3024 4770 illam
3055 4718 3207 4786 petit,
3253 4729 3359 4776 tam
3397 4722 3492 4780 diu

1897 4810 2114 4868 rogans,
2155 4796 2312 4865 ﬂens,
2353 4798 2595 4871 gemens,
2644 4819 2751 4859 non
2784 4807 2915 4876 petit
2939 4807 3038 4865 nisi
3069 4826 3245 4866 unam.
3292 4813 3496 4872 Finivit

1898 4901 2085 4944 omnes
2111 4889 2448 4960 cupiditates,
2477 4896 2738 4950 remansit
2765 4897 2854 4952 illa
2885 4914 2985 4953 una
3010 4917 3168 4971 quam
3200 4905 3350 4974 petit.

1902 4975 1904 4978 ’
1973 4979 2059 5034 15.
2103 4977 2252 5053 [vers.
2279 4979 2358 5054 8.]
2401 4982 2536 5038 Audi
2563 4986 2682 5054 quia
2728 4985 2865 5042 hanc
2893 4991 3066 5058 petit:
3115 4992 3228 5048 Tibi
3252 4997 3382 5052 dixit
3408 5016 3495 5055 cor

1897 5085 2083 5138 meum,
2119 5072 2339 5140 Quasivi
2357 5075 2548 5128 uultum
2569 5085 2729 5131 tuum.
2765 5078 2875 5134 Hoc
2897 5090 2981 5137 est
3009 5099 3137 5154 ergo
3162 5087 3304 5157 quod
3333 5093 3494 5160 paulo

1897 5172 2021 5217 ante
2041 5163 2210 5220 dixit:
2257 5165 2324 5219 Ut
2364 5167 2673 5240 contempler
2706 5167 3083 5230 delectationem
3111 5177 3336 5234 Domini.
3378 5181 3494 5237 Tibi

1898 5252 2028 5308 dixit
2046 5271 2134 5310 cor
2157 5272 2344 5323 meum,
2377 5256 2598 5322 Quwsiui
2623 5261 2814 5315 vultum
2847 5273 3007 5319 tuum.
3040 5265 3095 5324 Si
3121 5270 3370 5338 gaudium
3398 5287 3495 5328 no-

1897 5355 2068 5401 strum
2115 5346 2169 5400 in
2213 5345 2316 5401 isto
2355 5346 2470 5402 sole
2513 5358 2674 5415 esset,
2728 5367 2832 5408 non
2871 5369 2968 5410 eor
2995 5367 3236 5415 nostrum
3265 5361 3488 5434 diceret,

1901 5436 2120 5507 qusiui
2158 5437 2349 5494 vultum
2377 5451 2557 5508 tuum;
2586 5444 2678 5499 sed
2718 5448 2855 5501 oculi
2887 5452 3126 5521 corporis
3166 5454 3354 5510 nostri.
3386 5453 3492 5510 Cor

1897 5539 2138 5586 nostrum
2186 5533 2270 5586 cui
2298 5532 2446 5599 dicit,
2503 5535 2723 5600 Quwsivi
2752 5540 2941 5594 vultum
2989 5553 3146 5606 mum,
3199 5545 3297 5598 nisi
3325 5545 3372 5599 ei
3401 5547 3490 5615 qui

1898 5624 2131 5695 pertinet
2165 5622 2230 5679 ad
2277 5625 2487 5679 oculum
2543 5628 2760 5684 cordis?
2809 5632 3000 5687 Lucem
3051 5635 3203 5688 istam
3246 5646 3491 5705 quxrunt

1899 5717 2038 5774 oculi
2077 5719 2272 5782 carnis,
2323 5719 2493 5775 lucem
2522 5719 2662 5777 illam
2689 5737 2936 5794 quaerunt
2962 5728 3099 5781 oculi
3139 5729 3334 5788 cordis.
3383 5729 3491 5789 Sed

1966 5829 1981 5860 ⁸
2006 5829 2077 5879 sic
2095 5831 2146 5879 in
2298 5839 2352 5882 At
2367 5833 2415 5882 in
2433 5832 2562 5896 ωίιη
2587 5847 2727 5888 sensu
2745 5849 2990 5888 exercens.
