4032 6458
132 400 217 460 ιω
1238 396 1635 458 ENARRATIO
1671 397 1739 456 ῐΝ
1775 398 2103 461 ΡεΑιΜυΜ
2140 401 2331 459 XXVI.

196 519 276 579 i9.
309 518 360 576 Δ
390 533 513 588 quo
539 520 698 578 enim
738 520 899 578 etiam
929 516 1221 576 secundum
1264 517 1521 573 mundum
1581 516 1741 572 istum

145 621 401 688 prrstattn
426 612 687 680 homini,
718 614 824 670 nisi
849 627 878 667 a
906 610 1059 668 Deo?
1083 611 1190 666 Aut
1217 610 1343 681 quid
1372 610 1614 665 aufertur
1644 609 1743 664 ho-

153 708 254 764 mini
281 750 295 775 ,
322 705 431 761 nisi
463 706 561 761 ille
587 706 820 776 jusserit
840 745 854 772 ,
883 713 973 760 aut
998 703 1337 776 permiserit,
1369 702 1457 772 qui
1480 701 1617 757 dona
1629 700 1742 756 vit?

156 801 235 859 Sed
253 808 443 872 putant
462 799 595 854 vani
616 798 886 863 homines,
904 796 1044 867 quod
1056 795 1160 851 hoc
1174 795 1449 851 dtemones
1463 801 1739 866 praastent,

156 909 264 966 quos
284 892 535 957 adorant;
557 900 615 947 et
639 888 927 959 aliquando
945 888 1130 943 dicunt
1156 886 1293 942 sibi:
1316 886 1457 941 Deus
1485 884 1552 939 ad
1578 884 1741 939 vitam

156 997 382 1042 aeternam
404 982 756 1040 necessarius
779 990 895 1048 est,
924 980 991 1035 ad
1018 979 1166 1034 illam
1192 978 1357 1033 vitam
1384 975 1738 1047 spiritualem;

155 1084 427 1148 potestates
468 1083 655 1130 autem
684 1074 803 1128 ista:
840 1071 1041 1127 debent
1084 1086 1115 1124 a
1160 1069 1316 1124 nobis
1350 1068 1496 1135 coli,
1523 1076 1743 1137 propter

153 1171 235 1225 ista
254 1166 593 1237 temporalia.
616 1164 908 1220 Oinanitas
933 1162 1146 1233 generis
1170 1160 1385 1216 humani
1404 1161 1418 1214 l
1440 1158 1566 1213 Plus
1591 1170 1742 1211 amas

151 1280 227 1318 eas
250 1277 337 1316 res
378 1268 609 1331 propter
646 1273 779 1328 quas
826 1257 955 1312 istos
977 1255 1057 1310 vis
1104 1255 1283 1310 colere
1312 1272 1325 1307 :
1358 1251 1595 1323 profecto
1622 1250 1741 1320 plus

151 1353 297 1408 babes
344 1354 481 1406 istos
510 1351 725 1415 colere,
764 1358 821 1404 ut
882 1363 988 1404 non
1040 1347 1214 1402 dicam
1265 1345 1425 1417 plus,
1455 1352 1601 1399 certe
1655 1341 1741 1397 vel

151 1456 354 1500 tantum.
404 1443 527 1498 Non
571 1442 684 1496 vult
734 1449 912 1496 autem
958 1440 1100 1493 Deus
1146 1437 1249 1492 coli
1296 1451 1417 1491 cum
1462 1434 1567 1489 illis
1594 1474 1610 1499 ,
1642 1447 1742 1488 nec

150 1539 186 1592 si
215 1538 326 1605 ipse
362 1535 580 1591 colatur
606 1533 775 1588 multo
815 1531 1078 1601 amplius,
1119 1538 1174 1584 et
1220 1528 1296 1583 illi
1339 1527 1509 1585 multo
1542 1526 1738 1579 minus.

149 1628 269 1694 Quid
299 1641 458 1697 ergo,
479 1625 711 1695 inquies,
731 1632 786 1678 et
810 1622 894 1677 isti
919 1637 1022 1675 non
1048 1627 1172 1676 sunt
1190 1618 1476 1675 necessarii
1500 1617 1566 1672 ad
1589 1615 1743 1672 haec?

146 1718 270 1774 Non.
288 1717 398 1773 Sed
412 1716 710 1772 timendum
735 1723 819 1770 est
841 1730 908 1769 ne
930 1714 1049 1768 irati
1065 1720 1311 1768 noceant.
1333 1710 1450 1767 Non
1476 1710 1742 1765 nocebunt

150 1814 237 1867 nisi
264 1812 359 1868 ille
385 1809 687 1881 permittat.
710 1807 803 1862 lsti
830 1818 1043 1877 semper
1063 1806 1267 1862 habent
1290 1805 1615 1860 voluntatem
1646 1818 1742 1859 no-

144 1905 320 1971 cendi,
343 1918 445 1959 nec
468 1902 511 1956 si
533 1902 835 1972 placentur,
857 1914 956 1955 nec
982 1898 1029 1953 si
1060 1909 1335 1968 rogentur,
1365 1896 1619 1952 desinunt
1640 1910 1743 1951 no-

144 2011 270 2051 cere
293 1995 432 2049 velle
460 2011 474 2046 :
502 1993 604 2047 hoc
630 1992 776 2047 enim
809 1990 1199 2047 malevolentiae
1231 1990 1442 2044 illorum
1468 1987 1739 2058 proprium

147 2099 240 2144 est.
270 2087 416 2157 Ergo
442 2086 570 2156 quid
593 2083 759 2140 iacies
787 2098 881 2139 eos
910 2081 1155 2145 colendo,
1181 2080 1282 2135 nisi
1312 2089 1369 2134 ut
1399 2080 1548 2134 illum
1575 2078 1743 2133 offen-

149 2180 235 2236 das
254 2222 269 2246 ,
299 2193 409 2249 quo
443 2177 655 2233 oll‘enso
683 2175 737 2231 in
768 2175 989 2230 istorum
1018 2180 1335 2243 potestatem
1367 2170 1581 2225 daberis
1604 2172 1621 2201 ί
1648 2187 1661 2223 :
1685 2176 1743 2224 ut

149 2274 229 2342 qui
256 2272 354 2327 tibi
380 2271 517 2325 nihil
544 2277 765 2340 possent
789 2267 967 2323 facere
995 2267 1087 2322 illo
1112 2266 1340 2337 placato,
1374 2265 1569 2319 faciant
1588 2260 1745 2333 quid-

149 2366 262 2435 quid
281 2366 479 2419 volunt
499 2363 596 2418 illo
617 2363 777 2417 irato.
801 2361 868 2416 Et
890 2370 945 2415 ut
976 2361 1188 2415 noveris
1208 2375 1367 2428 quam
1398 2357 1591 2413 frustra
1614 2357 1743 2413 istos

149 2458 301 2523 colas,
325 2456 487 2526 quasi
516 2464 737 2524 prepter
758 2453 1065 2522 temporalia
1092 2452 1330 2521 quisquis
1362 2450 1477 2505 haec
1501 2450 1740 2520 cogitas:

151 2564 327 2605 omnes
364 2548 460 2618 qui
500 2548 687 2601 colunt
726 2545 1027 2615 Neptunum
1052 2584 1068 2610 ,
1100 2558 1205 2597 non
1249 2541 1740 2612 naul‘ragaverunt;

151 2651 230 2695 aut
262 2654 459 2695 omnes
502 2639 596 2708 qui
640 2638 1012 2707 blasphemant
1054 2635 1354 2704 Neptunum
1379 2676 1394 2699 ,
1424 2634 1490 2688 ad
1535 2644 1744 2703 portum

150 2747 245 2786 non
274 2729 680 2801 pervenerunt?
708 2742 898 2783 omnes
924 2726 1177 2782 mulieres
1197 2726 1438 2781 colentes
1456 2724 1743 2790 lunonem,

153 2822 273 2879 bene
292 2828 652 2894 pepererunt;
675 2831 767 2875 aut
793 2833 979 2875 omnes
1005 2817 1433 2888 blasphemantes
1457 2817 1743 2883 Iunonem,

152 2916 280 2970 male
327 2912 706 2985 pepererunt?
748 2911 881 2966 Hinc
925 2908 1184 2978 intelligat
1224 2905 1467 2961 Charitas
1522 2905 1743 2972 Vestra,

152 3010 328 3064 inanes
347 3022 473 3063 esse
502 3005 775 3069 homines,
804 3003 893 3073 qui
922 3003 1050 3057 istos
1080 3001 1269 3055 volunt
1297 2999 1475 3053 colere
1502 2998 1586 3052 vel
1618 3012 1745 3067 pro-

153 3109 263 3168 pter
284 3100 384 3153 ista
416 3106 662 3153 terrena.
691 3093 823 3149 Nam
854 3093 900 3148 si
924 3101 1145 3163 propter
1170 3091 1268 3146 ista
1298 3098 1506 3145 terrena
1533 3088 1741 3145 colendi

154 3199 319 3244 essent
342 3230 359 3253 ,
391 3188 497 3243 soli
534 3186 772 3242 cultores
803 3185 1015 3238 illorum
1044 3181 1269 3236 terrenis
1297 3180 1543 3235 omnibus
1568 3180 1741 3234 abun-

153 3280 351 3335 darent.
373 3278 531 3347 Quod
559 3275 775 3347 quidem
803 3276 847 3329 si
872 3282 1037 3339 esset,
1057 3272 1240 3343 fugere
1263 3286 1362 3326 nos
1384 3270 1505 3325 talia
1528 3270 1665 3325 dona
1693 3276 1751 3325 et

154 3391 295 3429 unam
326 3384 520 3445 petere
540 3390 570 3427 a
592 3370 831 3426 Domino
857 3368 1198 3424 deberemus.
1233 3366 1345 3421 Huc
1369 3364 1592 3431 accedit,
1625 3364 1749 3434 quia

156 3478 202 3522 et
227 3469 319 3522 ista
350 3468 442 3521 ille
472 3465 595 3530 dat,
629 3463 721 3533 qui
751 3458 1040 3517 oﬂ'enditur
1060 3473 1181 3512 cum
1210 3456 1293 3511 isti
1318 3456 1581 3511 coluntur.
1610 3454 1750 3524 Ergo

157 3560 410 3628 relinquat
437 3573 541 3612 nos
564 3564 717 3625 pater
735 3562 939 3619 noster,
962 3560 1019 3607 et
1045 3557 1215 3604 mater
1237 3557 1419 3603 nostra
1446 3564 1458 3600 :
1484 3546 1751 3615 relinquat

156 3651 409 3716 diabolus,
429 3650 702 3716 relinquat
724 3645 959 3716 Babylon
983 3642 1170 3698 civitas
1196 3658 1207 3692 :
1234 3640 1492 3694 Dominus
1511 3652 1607 3692 nos
1632 3652 1750 3691 sus-

155 3745 300 3812 cipiat
323 3740 690 3798 consolandos
717 3731 1501 3807 temporalibus,beatiiicandos
1512 3728 1748 3785 aeternis.

157 3834 397 3898 Quoniam
425 3841 577 3903 pater
610 3845 751 3884 meus
779 3837 826 3882 et
870 3837 1028 3881 mater
1060 3841 1173 3879 mea
1218 3823 1585 3893 dereliquerunt
1629 3835 1708 3874 me
1731 3834 1753 3877 :

152 3925 395 3980 Dominus
424 3935 599 3978 autem
624 3920 894 3990 assumpsit
918 3934 1015 3973 me.

214 4020 300 4075 20.
347 4019 529 4093 [vers.
583 4014 726 4088 1L]
772 4012 888 4069 Jam
935 4026 1064 4082 ergo
1109 4014 1416 4077 assumptus
1449 4014 1532 4061 est
1575 4020 1605 4058 a
1644 4004 1753 4059 Do-

149 4113 320 4178 mino,
344 4112 563 4167 deserta
609 4109 697 4162 illa
736 4106 950 4162 civitate
990 4114 1046 4160 et
1090 4112 1300 4158 rectore
1343 4098 1461 4169 ejus
1502 4096 1750 4164 diabolo,

148 4208 262 4275 quia
281 4215 467 4260 rector
496 4203 781 4273 impiorum
808 4198 1051 4254 diabolus
1073 4205 1179 4262 est,
1202 4201 1378 4250 rector
1398 4191 1581 4247 mundi
1605 4200 1755 4246 lene-

152 4296 370 4351 brarum
416 4295 633 4349 harum.
677 4292 909 4360 Quarum
953 4285 1333 4343 tenebrarum?
1370 4284 1747 4348 Peccatorum,

148 4387 473 4442 infidelium.
522 4383 679 4440 Unde
711 4382 822 4452 jam
864 4379 1204 4435 credentibus
1245 4375 1374 4431 dicit
1420 4374 1750 4443 Apostolus:

148 4479 342 4535 Fuistis
371 4478 654 4548 aliquando
684 4477 899 4530 teneone
918 4516 931 4540 ,
958 4489 1092 4528 nunc
1130 4480 1307 4525 autem
1337 4469 1426 4523 lux
1452 4468 1505 4520 in
1534 4465 1754 4519 Domino

150 4573 373 4644 (Ephes.
399 4588 457 4626 γ.
478 4570 556 4644 8).
576 4568 839 4639 Ergojam
862 4566 1093 4635 suscepti
1114 4564 1181 4620 ab
1202 4563 1317 4627 illo,
1334 4560 1458 4629 quid
1480 4556 1754 4613 dicamus?

146 4664 334 4735 Legem
387 4663 512 4716 mihi
542 4661 788 4715 constitue
811 4701 826 4725 ,
853 4657 1069 4712 Domine
1090 4696 1106 4724 ,
1128 4656 1179 4709 in
1226 4654 1306 4707 via
1337 4660 1441 4713 tua.
1488 4651 1662 4704 Ausus
1695 4663 1754 4703 es

146 4766 333 4825 petere
366 4752 582 4825 legem?
611 4750 748 4820 Quid
779 4749 821 4804 si
854 4748 946 4803 tibi
968 4748 1107 4801 dicat
1143 4762 1155 4797 :
1193 4740 1442 4813 lmplebis
1471 4737 1683 4810 legem?
1709 4737 1756 4792 si

148 4847 352 4903 dedero
384 4846 584 4915 legem,
608 4842 852 4912 implebis
879 4854 1017 4894 eam.
1043 4837 1159 4892 Non
1189 4834 1410 4901 auderet
1431 4840 1630 4902 petere,
1654 4828 1757 4884 nisi

148 4939 323 5008 primo
336 4936 551 4991 diceret
570 4951 583 4986 ε
605 4932 853 4986 Dominus
869 4940 1036 4984 autem
1048 4926 1263 4997 suscepit
1286 4941 1382 4979 me.
1401 4920 1518 4977 Non
1537 4920 1759 4975 auderet

150 5041 358 5100 petere,
381 5027 485 5083 nisi
505 5025 677 5097 primo
692 5024 926 5080 diceret:
945 5021 1161 5091 Adjutor
1176 5034 1311 5070 meus
1336 5023 1460 5069 esto.
1481 5013 1619 5082 Ergo
1636 5011 1680 5066 si
1701 5021 1756 5065 tu

154 5125 400 5195 adiuvas,
429 5121 478 5177 si
511 5130 565 5177 tu
592 5117 838 5187 suscipis,
865 5114 931 5169 da
958 5114 1128 5183 legem
1164 5129 1178 5166 :
1207 5108 1392 5180 Legem
1418 5105 1543 5159 mihi
1566 5103 1755 5158 consti-

154 5231 256 5285 tue,
282 5218 534 5282 Domine,
560 5216 617 5268 in
643 5213 724 5267 via
742 5220 849 5265 tua.
884 5209 1025 5279 Ergo
1056 5207 1228 5278 legem
1257 5203 1387 5259 mihi
1410 5200 1675 5256 constitue
1704 5197 1757 5251 in

156 5312 368 5369 Christo
401 5321 515 5366 tuo.
536 5307 656 5378 Ipsa
686 5304 830 5361 enim
859 5301 940 5356 via
971 5301 1147 5354 locuta
1172 5306 1255 5353 est
1281 5294 1433 5349 nobis
1452 5334 1469 5361 ,
1499 5302 1553 5347 et
1576 5289 1710 5344 dixit
1741 5305 1756 5343 :

158 5400 265 5474 Ego
308 5419 427 5458 sum
471 5400 555 5453 via
576 5440 592 5463 ,
624 5398 809 5452 veritas
852 5401 900 5447 et
940 5391 1041 5444 vita
1069 5387 1246 5462 (Joan.
1286 5401 1375 5440 xiv
1403 5425 1419 5452 ,
1449 5382 1525 5454 6).
1557 5382 1667 5437 Lex
1690 5380 1760 5474 in

158 5473 389 5561 Christo,
420 5493 507 5548 lex
538 5504 666 5545 cum
698 5482 1062 5540 misericordia
1087 5488 1189 5536 est.
1219 5479 1335 5549 lpsa
1365 5485 1447 5532 est
1472 5473 1761 5547 sapientia,

159 5584 219 5641 de
243 5602 347 5659 qua
378 5584 648 5655 scriptum
678 5586 762 5635 est
794 5594 808 5632 :
843 5574 1028 5645 Legem
1067 5580 1232 5627 autent
1277 5578 1322 5625 et
1364 5566 1763 5624 misericordiam

207 5831 224 5865 ¹
247 5828 546 5883 Theoderic.
577 5820 765 5876 codex,
784 5815 835 5868 in
851 5814 1051 5885 istorum
1072 5816 1348 5885 potestatem
1387 5809 1579 5865 laberis.
1596 5809 1766 5863 Plures

143 5892 220 5947 alii
230 5875 686 5961 ἑὲῖξῖιῖἶςὶοηυη
696 5886 927 5948 potestate
950 5875 1159 5930 habetis.

3329 402 3437 461 910

1849 518 1902 572 in
1926 519 2102 591 lingua
2133 528 2297 589 portat
2324 517 2504 593 (Prov.
2533 533 2695 585 xxn,
2717 517 2833 588 26).
2863 516 2995 575 Etsi
3019 517 3305 576 oﬂ’enderis
3334 519 3434 575 ali-

1848 610 1975 680 quid
2010 612 2064 666 in
2103 612 2218 682 lege
2243 654 2259 679 ,
2292 612 2383 667 ille
2410 612 2501 682 qui
2532 628 2627 683 pro
2658 622 2711 669 te
2750 611 2884 669 fudit
2916 614 3225 683 sanguinem
3253 626 3433 680 suum,

1848 700 2120 757 conﬁtenti
2167 703 2393 773 ignoscit
2422 701 2515 758 tibi
2545 721 2559 758 :
2592 710 2648 759 tu
2679 711 2883 760 tantum
2921 704 3061 759 viam
3090 704 3199 760 noli
3223 704 3442 760 desere-

1850 808 1940 859 re;
1968 794 2057 849 dic
2108 795 2217 862 illi,
2239 796 2531 866 Susceptor
2580 812 2732 853 meus
2782 807 2899 852 esto
2922 836 2939 864 ,
2970 796 3039 851 Et
3076 797 3239 868 dirige
3264 811 3346 852 me
3384 796 3444 852 iis

1848 888 2026 942 semita
2047 898 2183 941 recta
2211 898 2415 959 propter
2451 889 2681 943 inimicos
2707 906 2862 945 meos.
2886 888 3083 960 Legem
3111 889 3178 945 da
3204 928 3219 954 ,
3251 888 3345 944 sed
3370 902 3442 944 ne

1847 978 2058 1035 auferas
2076 980 2518 1047 misericordiam;
2547 982 2638 1052 qui
2664 981 2801 1037 dixit
2826 983 2879 1037 in
2909 982 3017 1038 alio
3042 982 3278 1053 psalmo:
3298 978 3441 1037 Nam

1847 1078 1896 1125 et
1916 1072 2312 1151 misericordiam
2335 1073 2506 1139 dabit,
2533 1074 2621 1143 qui
2650 1075 2808 1147 legem
2834 1074 2971 1130 dedit
2994 1073 3164 1147 (Psal.
3190 1089 3397 1130 Lxxxtn
3419 1114 3438 1143 ,

1847 1161 1935 1276 ἕ).
1962 1164 2133 1235 Ergo,
2166 1165 2349 1237 Legem
2377 1167 2501 1221 mihi
2526 1168 2774 1223 constitue
2795 1210 2810 1234 ,
2843 1168 3061 1223 Domine
3083 1210 3098 1235 ,
3122 1169 3177 1222 in
3203 1169 3285 1222 via
3313 1177 3401 1222 tua
3419 1208 3437 1235 ,

1848 1254 1950 1310 hoc
1988 1256 2053 1309 ad
2095 1266 2416 1326 prteccptum
2444 1260 2675 1328 pertinet
2703 1277 2716 1314 :
2746 1261 2813 1315 ad
2848 1260 3271 1316 misericordiam
3310 1260 3439 1331 quid
3468 1254 3477 1325 ἱ

1848 1350 2111 1418 pertinet?
2139 1348 2207 1403 Et
2230 1352 2391 1422 dirige
2419 1367 2513 1419 me,
2546 1353 2736 1423 inquit,
2766 1354 2819 1407 in
2847 1355 3023 1409 semita
3048 1363 3203 1419 recta,
3234 1362 3448 1424 propter
3526 1426 3533 1437 ,

1846 1456 2079 1496 εηιηιιεοε
2103 1458 2237 1496 meos
2247 1483 2258 1495 .

1918 1531 2009 1586 si.
2052 1530 2199 1604 [vers.
2234 1532 2347 1606 η]
2376 1534 2458 1589 Ne
2480 1536 2749 1590 tradideris
2774 1553 2852 1590 me
2889 1538 2943 1591 in
2967 1539 3163 1593 animas
3189 1538 3440 1593 tribulan-
3522 1530 3527 1597 .9

1849 1624 1971 1678 tium
1998 1641 2078 1679 me
2106 1641 2126 1680 :
2157 1624 2211 1679 id
2238 1637 2350 1693 est,
2381 1642 2449 1682 ne
2478 1628 2807 1683 consentiam
2839 1628 3213 1685 tribulantibus
3244 1644 3350 1685 me.
3381 1628 3441 1686 Si
3493 1648 3502 1669 κ

1848 1716 1988 1770 enim
2018 1719 2358 1774 eonsenseris
2380 1720 2649 1774 tribulanti
2677 1729 2729 1775 te
2754 1721 2807 1775 in
2835 1721 3065 1775 animam
3096 1722 3281 1791 ipsius,
3308 1734 3444 1792 quo
3476 1742 3486 1747 π

1848 1806 2136 1864 dummodo
2163 1825 2267 1864 non
2295 1810 2574 1865 devorabit
2598 1826 2811 1866 carnem
2836 1853 2851 1877 ,
2885 1813 2978 1868 sed
3006 1814 3278 1870 voluntate
3321 1829 3445 1883 per-

1848 1916 2001 1957 versa
2043 1902 2277 1958 animam
2308 1911 2453 1958 tuam
2492 1903 2849 1959 manducabit.
2884 1903 2965 1957 Ne
2989 1904 3257 1957 tradideris
3284 1920 3359 1957 me
3381 1917 3437 1961 as

1833 1993 2045 2047 animas
2066 1992 2417 2047 tribulantium
2438 2011 2533 2047 me.
2558 1994 2751 2059 Trade,
2778 1994 2821 2050 si
2841 1994 2940 2050 hoc
2956 1995 3150 2066 placet,
3173 1998 3224 2049 in
3252 2009 3443 2050 manus

1849 2084 2237 2140 tribulantium.
2260 2085 2510 2142 Dixerunt
2542 2086 2684 2141 enim
2714 2088 2816 2145 hoc
2842 2087 2919 2141 illi
2950 2099 3234 2159 martyres,
3255 2096 3310 2145 et
3336 2097 3444 2143 tra-

1847 2175 1985 2231 didit
2010 2190 2136 2231 suos
2171 2177 2223 2231 in
2254 2193 2442 2232 manus
2466 2177 2855 2232 tribulantium.
2887 2178 2994 2233 Sed
3023 2179 3148 2247 quid
3183 2177 3444 2234 tradidit?

1848 2265 2098 2323 Carnem.
2127 2266 2278 2334 Quod
2306 2268 2499 2323 dicitur
2529 2269 2579 2322 in
2609 2268 2747 2324 libro
2771 2268 2870 2324 Job
2889 2311 2903 2336 ,
2939 2268 3098 2322 Terra
3134 2270 3324 2324 tradita
3371 2279 3445 2325 est

1847 2358 1901 2413 in
1929 2375 2109 2413 manus
2134 2359 2274 2430 impii
2308 2358 2429 2430 (Job
2477 2374 2553 2426 ix,
2580 2358 2674 2430 24)
2706 2377 2720 2413 :
2747 2374 2873 2414 caro
2900 2359 3089 2414 tradita
3135 2368 3218 2415 est
3249 2360 3302 2414 in
3329 2375 3446 2414 ma-

1851 2465 1951 2506 nus
1967 2450 2348 2521 persecutoris.
2370 2448 2454 2504 Ne
2468 2450 2741 2504 tradideris
2764 2468 2863 2517 me,
2884 2467 2989 2505 non
3012 2466 3227 2506 carnem
3247 2464 3445 2516 meum,

1850 2543 1945 2599 sed
1975 2558 2083 2599 me.
2116 2543 2307 2597 Anima
2352 2541 2446 2597 tibi
2493 2542 2715 2609 loquor,
2740 2557 2892 2597 mens
2935 2542 3029 2597 tibi
3080 2543 3305 2613 loquor;
3337 2556 3446 2599 non

1850 2634 1971 2690 dico
1995 2677 2011 2702 ,
2042 2632 2161 2689 Noli
2192 2634 2402 2689 tradere
2430 2649 2645 2688 carnem
2676 2649 2849 2701 meam
2878 2634 2929 2688 in
2959 2650 3147 2689 manus
3182 2621 3444 2689 tribulan-

1851 2725 1983 2780 tium
2006 2742 2125 2791 me;
2157 2726 2249 2779 sed
2270 2764 2285 2790 ,
2317 2724 2440 2778 Noli
2460 2741 2539 2778 me
2566 2725 2764 2779 tradere
2785 2726 2838 2779 in
2867 2727 3064 2779 animus
3094 2726 3446 2780 tribulantium

1851 2834 1948 2872 me.
1983 2818 2046 2871 Et
2071 2816 2339 2886 quomodo
2366 2816 2645 2870 traduntur
2680 2817 2922 2872 homines
2964 2818 3014 2871 in
3045 2818 3249 2871 animas
3282 2816 3445 2871 tribu-

1854 2910 2074 2965 lantium
2101 2910 2198 2965 se?
2230 2909 2483 2976 Quoniam
2506 2909 2886 2964 insurrexerunt
2914 2910 2967 2963 in
2994 2925 3072 2964 me
3102 2919 3245 2964 testes
3265 2909 3445 2979 iniqui.

1852 3007 1969 3062 Jam
2000 3004 2122 3076 quia
2147 3013 2312 3060 testes
2341 3004 2504 3074 iniqui
2531 3013 2684 3071 sunt,
2714 3012 2767 3057 et
2794 3004 2958 3058 multa
2985 3004 3123 3057 mala
3156 3003 3208 3057 in
3239 3017 3327 3058 me
3361 3000 3449 3056 di-

1854 3106 2002 3165 cunt,
2030 3107 2086 3154 et
2111 3100 2165 3153 in
2194 3098 2374 3153 multis
2400 3096 2530 3151 mihi
2552 3096 2860 3163 detrahunt;
2891 3096 2935 3151 si
2967 3097 3190 3152 traditus
3218 3095 3368 3151 fuero
3393 3095 3449 3151 in

1854 3190 2060 3244 animas
2089 3204 2295 3253 eorum,
2324 3189 2553 3243 mentiar
2579 3197 2631 3243 et
2656 3204 2756 3259 ego
2774 3230 2789 3253 ,
2812 3197 2868 3244 et
2892 3203 2988 3244 ero
3014 3188 3192 3244 socius
3219 3202 3404 3243 eorum
3427 3228 3446 3257 ,

1854 3297 1960 3336 non
1993 3281 2257 3350 particeps
2279 3280 2518 3335 veritatis
2544 3288 2667 3347 tuae,
2692 3279 2787 3335 sed
2815 3279 3204 3350 comparticeps
3231 3279 3451 3334 menda-

1858 3379 1926 3433 cii
1957 3377 2218 3432 adversus
2246 3384 2299 3431 te
2331 3392 2344 3428 :
2374 3373 2785 3429 Exsurrexerunt
2823 3374 2949 3428 mihi
2993 3384 3138 3429 testes
3182 3374 3375 3444 iniqui;
3401 3382 3451 3429 et

1856 3467 2064 3522 mentita
2087 3474 2158 3520 est
2186 3465 2425 3533 iniquitas
2453 3464 2567 3519 sibi.
2600 3464 2711 3519 Sibi
2740 3506 2755 3532 ,
2782 3479 2889 3520 non
2914 3464 3046 3519 mihi
3071 3482 3084 3517 :
3109 3464 3207 3519 sibi
3235 3479 3452 3534 semper

1857 3559 2164 3622 mentiatur,
2183 3555 2312 3611 mihi
2332 3564 2511 3611 autem
2529 3570 2634 3611 non
2657 3556 2964 3611 mentiatur.
2983 3556 3039 3611 Si
3061 3555 3341 3611 tradideris
3360 3570 3450 3613 me

1859 3653 1910 3705 in
1959 3652 2163 3705 animas
2212 3648 2577 3704 tribulantium
2618 3663 2706 3703 me
2734 3690 2748 3713 ,
2779 3648 2830 3703 id
2878 3656 3001 3716 est,
3032 3648 3075 3704 si
3123 3661 3451 3703 consensere

1856 3742 2217 3799 voluntatibus
2268 3757 2493 3807 eorum;
2543 3741 2655 3812 jam
2720 3756 2828 3796 non
2895 3741 2998 3797 sibi
3063 3741 3286 3797 mentita
3345 3738 3452 3796 erit

1858 3834 2107 3903 iniquitas
2137 3873 2151 3898 ,
2181 3832 2275 3888 sed
2319 3840 2373 3887 et
2416 3830 2545 3887 mihi
2579 3850 2593 3887 :
2623 3831 2669 3887 si
2706 3840 2885 3888 autem
2925 3832 3148 3887 saeviant
3188 3839 3449 3903 quantum

1858 3928 2141 3991 voluerint,
2174 3935 2228 3981 et
2274 3934 2537 3981 conentur
2585 3925 2846 3995 impedire
2883 3940 3072 3981 cursus
3123 3940 3272 3981 meos
3294 3966 3311 3992 ,
3342 3939 3452 3980 non

1858 4027 2036 4073 tamen
2070 4028 2122 4073 tu
2151 4032 2236 4072 me
2261 4016 2357 4073 des
2381 4018 2432 4071 in
2460 4017 2665 4071 animas
2687 4032 2897 4083 eorum;
2927 4030 3034 4075 non
3060 4014 3451 4072 consentiendo

1860 4110 2216 4165 voluntatibus
2242 4125 2427 4165 eorum
2444 4150 2458 4177 ,
2488 4108 2778 4165 remanebo
2805 4123 2903 4180 ego
2920 4149 2936 4175 ,
2965 4117 3019 4164 et
3042 4108 3367 4179 permanebo
3395 4108 3451 4164 in

1859 4203 2079 4258 veritate
2098 4213 2205 4267 tua,
2237 4211 2292 4256 et
2309 4202 2591 4257 mentietur
2608 4200 2878 4270 iniquitas,
2897 4215 3003 4254 non
3021 4200 3173 4265 mihi,
3203 4199 3297 4255 sed
3323 4198 3447 4255 sibi.

1928 4294 2016 4348 22.
2049 4292 2216 4366 [t'crs.
2251 4290 2376 4364 45.]
2405 4291 2562 4347 Redit
2599 4291 2665 4346 ad
2716 4292 2858 4345 illam
2889 4305 3047 4345 unam
3074 4299 3196 4361 post
3225 4292 3321 4345 ista
3351 4304 3450 4361 pe-

1859 4386 2021 4441 ricula
2046 4428 2060 4450 ,
2096 4395 2213 4456 post
2250 4385 2495 4450 labores,
2524 4392 2647 4453 post
2685 4383 3058 4449 difﬁcultates,
3087 4384 3225 4438 inter
3260 4398 3452 4441 manus

1860 4476 2291 4548 persequentium
2344 4485 2397 4530 et
2441 4476 2802 4531 tribulantium
2854 4486 3113 4543 astutius,
3159 4475 3450 4545 anhelans,

1861 4569 2110 4625 laborans
2135 4609 2148 4633 ,
2180 4576 2235 4623 et
2284 4567 2468 4622 firmus
2510 4577 2565 4622 et
2600 4576 2779 4622 certus
2827 4567 2917 4622 illo
2964 4566 3284 4638 suscipiente
3313 4610 3328 4634 ,
3360 4568 3454 4625 illo

1856 4662 2096 4729 iuvante,
2131 4659 2223 4713 illo
2248 4657 2497 4724 ducente,
2531 4658 2624 4713 illo
2654 4667 2891 4730 regente.
2920 4658 3122 4713 Tamen
3149 4668 3275 4729 post
3298 4659 3453 4717 illum

1860 4754 2137 4809 circuitum
2158 4760 2212 4807 et
2226 4752 2618 4823 jubiiationem,
2637 4752 2909 4808 exsultans
2924 4753 3137 4824 gaudio,
3157 4762 3211 4809 et
3227 4768 3454 4825 gemens

1863 4848 1913 4903 in
1954 4845 2223 4903 laboribus
2243 4886 2259 4910 ,
2287 4845 2572 4915 suspiravit
2612 4845 2680 4899 ad
2706 4854 3024 4912 extremum,
3057 4856 3111 4901 et
3144 4846 3219 4901 ait
3247 4865 3261 4902 :
3290 4846 3454 4904 Credo

1864 4939 2027 4994 videre
2050 4937 2182 4992 bona
2208 4936 2415 4992 Domini
2442 4937 2494 4990 in
2524 4946 2658 4990 terra
2687 4935 2974 4990 viventium.
3007 4935 3051 4992 Ο
3075 4936 3213 4991 bona
3241 4936 3453 4995 Domini

1862 5030 2034 5086 dulcia
2061 5072 2075 5095 ,
2101 5028 2416 5083 immortalia
2435 5069 2450 5091 ,
2482 5026 2913 5094 incomparabilia
2934 5068 2949 5093 ,
2982 5027 3304 5098 sempiterna
3325 5070 3341 5095 ,
3366 5030 3453 5084 in-

1863 5120 2292 5177 commutabilia!
2326 5118 2393 5173 Et
2416 5116 2628 5187 quando
2654 5132 2749 5172 vos
2780 5116 2973 5174 videbo
2993 5160 3008 5185 ,
3036 5119 3171 5174 bona
3204 5119 3455 5175 Domini?

1864 5212 2038 5271 Credo
2080 5211 2297 5279 videre,
2327 5209 2419 5265 sed
2466 5225 2570 5264 non
2614 5210 2667 5264 in
2718 5218 2855 5266 terra
2896 5210 3259 5267 morientium.
3289 5210 3455 5267 Credo

1865 5305 2031 5360 videre
2054 5304 2186 5358 bona
2222 5301 2431 5355 Domini
2454 5302 2507 5356 in
2541 5312 2677 5356 terra
2704 5302 2991 5359 viventium.
3018 5303 3184 5359 Eruet
3219 5319 3307 5360 me
3346 5303 3453 5357 Do-

1867 5401 2042 5455 minus
2079 5412 2111 5452 a
2156 5404 2293 5451 terra
2325 5395 2665 5451 morientium
2688 5436 2703 5463 ,
2730 5396 2821 5467 qui
2851 5405 3067 5469 propter
3094 5411 3181 5452 me
3206 5396 3455 5467 dignatus

1867 5498 1950 5549 est
1974 5489 2243 5559 suscipere
2264 5498 2460 5543 terram
2477 5488 2815 5544 morientium
2836 5530 2850 5555 ,
2873 5497 2928 5543 et
2950 5489 3084 5543 mori
3108 5489 3243 5542 inter
3262 5497 3456 5542 manus

1869 5582 2230 5647 morientium;
2253 5590 2404 5637 eruet
2425 5598 2509 5636 me
2534 5581 2786 5636 Dominus
2809 5580 2876 5636 de
2903 5591 3043 5635 terra
3069 5578 3409 5634 morientium
3431 5592 3454 5636 :

1870 5674 2030 5733 Credo
2060 5673 2224 5728 videre
2259 5672 2388 5727 bona
2431 5671 2639 5727 Domini
2678 5674 2731 5726 in
2769 5683 2902 5726 terra
2944 5670 3229 5724 viventium.
3270 5668 3457 5742 Suspi-

1871 5782 1995 5825 rans
2020 5766 2172 5833 dixit,
2200 5764 2447 5819 laborans
2473 5763 2639 5831 dixit,
2674 5763 2977 5835 periclitans
3007 5760 3138 5815 dixit
3168 5760 3308 5818 inter
3340 5776 3457 5819 ma-

1873 5877 2031 5936 gnam
2063 5858 2269 5916 turbam
2293 5858 2644 5915 tentationum
2676 5875 2689 5913 :
2718 5855 2811 5916 scd
2836 5864 3009 5915 tamen
3036 5870 3259 5927 sperans
3287 5865 3460 5922 totum
