4032 6458
587 533 658 589 de
681 528 1044 587 misericordis
1072 526 1209 598 ejus,
1240 525 1326 583 cui
1351 523 1485 581 dixit
1513 540 1524 577 :
1555 520 1738 593 Legem
1763 519 1886 574 mihi
1909 518 2174 584 constitue,

575 623 822 682 Domine.

657 715 752 771 25.
793 712 960 788 [eam
995 711 1082 768 ιι.
1112 709 1134 783 ]
1166 709 1238 765 Et
1271 706 1404 780 quid
1438 706 1525 762 ille
1563 706 1725 772 dicit,
1754 703 1845 775 qui
1885 703 2058 774 legem
2098 700 2179 756 illi

583 806 865 866 constituit
877 805 902 860 τ
916 803 1208 860 Audiamus
1228 809 1286 858 et
1298 814 1486 856 vocem
1504 797 1710 854 Domini
1735 796 1968 866 desuper
1983 809 2046 850 ex
2055 793 2180 848 hor-

585 898 752 955 tantis
776 909 897 963 nos,
923 893 1253 952 consolantis
1281 906 1402 957 nos;
1429 891 1571 946 illius
1597 902 1805 954 vocem,
1823 901 1982 957 quem
2009 885 2175 940 habe-

585 1004 707 1046 mus
731 1004 830 1060 pro
858 997 1010 1060 patre
1033 996 1091 1044 et
1117 995 1290 1043 matre
1315 984 1405 1056 qui
1431 999 1531 1040 nos
1570 982 2004 1052 dereliquerunt,
2033 978 2176 1035 illius

575 1095 773 1148 ,vocem
797 1079 1091 1136 audiamus.
1119 1077 1333 1134 Audivit
1351 1076 1493 1132 enim
1522 1073 1752 1150 gemitus
1785 1080 2018 1136 nostros,
2045 1068 2179 1124 vidit

585 1173 814 1244 suspiria
840 1181 1024 1228 nostra
1042 1212 1059 1238 ,
1088 1170 1310 1227 intuitus
1335 1177 1418 1226 est
1449 1166 1775 1224 desiderium
1803 1172 2046 1220 nostrum
2078 1203 2094 1226 ,
2123 1170 2180 1217 et

586 1280 752 1322 unam
783 1264 1092 1336 petitionem
1135 1271 1373 1319 nostram
1399 1303 1416 1329 ,
1441 1274 1601 1316 unam
1639 1257 2051 1330 postulationem
2083 1269 2179 1326 per

472 1391 480 1397 ~
583 1356 899 1414 advocatum
948 1355 1216 1411 Christum
1249 1353 1473 1409 libenter
1497 1351 1812 1420 accepit;et
1838 1349 2008 1404 donec
2053 1362 2177 1418 per-

584 1463 806 1520 agamus
831 1449 986 1503 istam
1007 1447 1507 1519 peregrinationem,
1525 1459 1625 1514 qua
1644 1443 1904 1498 dilaturus
1928 1449 2012 1496 est
2033 1481 2047 1505 ,
2073 1453 2177 1494 non

584 1540 863 1596 ablaturus
886 1539 1030 1610 quod
1057 1538 1339 1610 promisit,
1368 1536 1505 1592 dixit
1526 1535 1680 1591 nobis
1713 1551 1726 1590 :
1762 1533 1970 1589 Sustine
1993 1531 2176 1585 Domi-

583 1647 730 1687 num.
756 1633 871 1687 Non
899 1631 1188 1688 sustinebis
1214 1629 1560 1696 mendacem,
1587 1642 1693 1683 non
1725 1642 1847 1682 eum
1870 1625 1959 1696 qui
1984 1624 2178 1695 poterit

583 1720 720 1790 falli,
747 1737 854 1779 non
873 1736 994 1778 eum
1022 1722 1111 1791 qui
1135 1735 1240 1778 non
1266 1728 1348 1775 est
1368 1720 1682 1775 inventurus
1702 1717 1841 1788 quod
1861 1716 1971 1772 det.
1996 1714 2181 1769 Omni-

586 1822 778 1884 potens
818 1813 1097 1882 promisit,
1145 1821 1322 1866 certus
1367 1811 1652 1880 promisit,
1689 1823 1848 1863 verax
1893 1805 2176 1877 promisit,

585 1903 797 1962 Sustine
825 1902 1102 1958 Dominum
1122 1943 1138 1968 ,
1169 1903 1378 1956 viriliter
1406 1917 1520 1972 age.
1556 1900 1675 1956 Noli
1705 1898 1922 1954 dissolvi
1958 1916 1970 1952 :
2000 1913 2066 1952 ne
2105 1897 2180 1952 sis

583 1993 726 2050 inter
775 2007 869 2049 eos
921 1993 1114 2064 quibus
1162 1993 1388 2058 dicitur,
1449 1990 1538 2047 νω
1594 1992 1668 2045 nis
1717 1991 1801 2059 qui
1855 1988 2180 2060 perdiderunt

584 2083 1134 2158 sustinentiam(Eccli.
1153 2084 1351 2155 11,16)!
1379 2083 1586 2139 Sustine
1612 2081 1910 2147 Dominum,
1933 2080 2180 2135 omnibus

583 2178 742 2235 nobis
766 2178 994 2246 dicitur,
1027 2187 1080 2234 et
1109 2178 1200 2233 uni
1226 2176 1430 2233 homini
1457 2177 1672 2232 dicitur.
1708 2175 1855 2232 Unus
1891 2189 2077 2230 sumus
2122 2173 2177 2228 in

583 2269 820 2337 Christo,
851 2286 1048 2342 corpus
1074 2270 1273 2328 Christi
1301 2285 1486 2326 sumus
1508 2311 1524 2336 ,
1552 2270 1642 2339 qui
1671 2283 1833 2323 unam
1855 2267 2000 2322 illam
2031 2267 2177 2322 desi-

584 2363 869 2431 deramus,
894 2365 983 2434 qui
1006 2380 1164 2420 unam
1192 2363 1333 2418 illam
1366 2362 1616 2434 petimus,
1641 2361 1730 2431 qui
1757 2361 1810 2415 in
1850 2358 1953 2414 illis
1992 2358 2179 2415 diebus

585 2455 850 2510 malorum
877 2463 1182 2510 nostrorum
1205 2453 1603 2525 ingemiscimus
1623 2495 1638 2518 ,
1668 2451 1761 2523 qui
1781 2450 2050 2507 credimus
2079 2464 2180 2506 nos

584 2547 772 2603 videre
795 2548 934 2603 bona
965 2547 1174 2603 Domini
1205 2549 1260 2602 in
1291 2555 1434 2602 terra
1461 2547 1785 2610 viventium;
1816 2544 1970 2600 nobis
2003 2544 2180 2600 omni-

585 2638 710 2706 bus,
722 2639 814 2710 qui
837 2655 974 2696 unus
996 2640 1047 2695 in
1071 2655 1178 2694 uno
1201 2654 1405 2704 sumus,
1424 2638 1637 2704 dicitur,
1656 2638 1866 2694 Sustine
1882 2634 2177 2702 Dominum,

585 2731 799 2788 viriliter
822 2747 947 2803 age;
967 2741 1015 2788 et
1035 2731 1343 2802 confortetur
1379 2747 1464 2785 cor
1491 2741 1661 2796 tuum,
1685 2740 1731 2784 et
1779 2729 1968 2784 sustine
1996 2727 2180 2783 Domi-

583 2840 732 2879 num.
762 2823 899 2893 Quid
925 2823 1065 2880 aliud
1087 2824 1181 2880 tibi
1205 2823 1369 2890 dicat,
1399 2838 1558 2894 quam
1593 2831 1653 2877 ut
1677 2821 1781 2878 hoc
1805 2828 2013 2893 repetat
2033 2820 2180 2893 quod

586 2914 1044 2972 audisti‘lSustine
1073 2914 1368 2980 Dominum,
1395 2915 1605 2970 uiriliter
1629 2930 1744 2984 age.
1769 2913 1909 2984 Ergo
1934 2913 2025 2983 qui
2055 2927 2180 2982 per-

587 3005 724 3062 didit
745 3006 1141 3072 sustinentiam,
1169 3005 1506 3061 effeminatus
1533 3013 1638 3071 est,
1663 3002 1894 3074 perdidit
1916 3003 2176 3074 vigorem.

587 3094 703 3150 Iloc
730 3095 852 3162 viri,
884 3095 986 3151 hoc
1011 3095 1226 3152 feminae
1252 3094 1490 3159 audiant,
1517 3095 1638 3164 quia
1665 3094 1720 3149 in
1747 3108 1854 3148 uno
1876 3093 1991 3148 viro
2017 3093 2099 3148 vir
2124 3102 2180 3148 et

587 3183 806 3241 femina.
846 3185 992 3240 Talis
1035 3185 1090 3241 in
1137 3184 1349 3240 Christo
1392 3199 1488 3240 nec
1530 3184 1800 3240 masculus
1843 3197 1942 3238 nec
1982 3182 2178 3238 femina

587 3282 673 3330 est
703 3273 895 3345 (Galat.
920 3291 1011 3341 ιιι,
1041 3273 1158 3347 28).
1188 3275 1394 3330 Sustine
1419 3274 1714 3341 Dominum,
1736 3274 1947 3329 viriliter
1969 3289 2104 3344 age;
2132 3283 2178 3329 ct

585 3369 898 3438 confortatur
925 3383 1012 3420 cor
1040 3376 1182 3420 tuum
1205 3408 1218 3430 ,
1246 3375 1294 3420 et
1319 3367 1508 3422 sustine
1532 3365 1826 3420 Dominum.
1853 3363 2179 3421 Sustinendo

594 3457 878 3514 Dominum
925 3457 1144 3514 habebis
1193 3473 1315 3512 eum
1343 3499 1360 3526 ,
1391 3457 1614 3513 habebis
1658 3472 1818 3528 quem
1869 3456 2176 3512 sustinebis.

537 3591 539 3594 ‹
587 3549 750 3610 Aliud
777 3550 1020 3608 desidera
1045 3593 1060 3620 ,
1091 3551 1140 3607 si
1163 3551 1359 3621 majus,
1389 3549 1435 3606 si
1463 3549 1677 3616 melius,
1704 3550 1750 3606 si
1778 3549 1993 3605 suavius
2022 3549 2177 3604 inve-

585 3657 753 3706 neris.

974 3847 1058 3912 IN
1099 3849 1481 3913 PSALMUM
1521 3848 1769 3912 XXVII

1179 3967 1602 4027 ENARRATIO.

1089 4067 1104 4104 ‘-
1152 4079 1328 4154 Ipsius
1354 4081 1374 4114 ι
1395 4080 1582 4136 David.

599 4261 603 4264 ι
663 4220 718 4277 1.
747 4217 918 4293 Iners.
967 4219 1022 4285 l,
1047 4215 1132 4292 2.]
1160 4217 1332 4290 Ipsius
1369 4217 1681 4274 mediatoris
1717 4232 1823 4274 vox
1863 4224 1984 4286 est,
2015 4232 2179 4275 manu

589 4311 746 4369 fortis
780 4311 833 4366 in
875 4310 1126 4367 conﬂictu
1157 4311 1438 4382 passionis.
1473 4310 1603 4378 Quae
1637 4319 1813 4366 autem
1838 4309 2049 4366 videtur
2076 4325 2177 4381 cp-

587 4414 703 4462 tsrc
729 4405 978 4471 inimicis,
1002 4421 1106 4461 non
1126 4405 1512 4462 malevolentiae
1527 4412 1707 4460 votam
1729 4415 1812 4461 est
1837 4447 1852 4472 ,
1885 4404 1980 4461 sed
2007 4419 2178 4460 enun-

588 4499 738 4556 tiatio
765 4513 939 4570 plena:
965 4497 1179 4554 illorum
1208 4515 1221 4554 :
1250 4499 1387 4554 sicut
1409 4499 1463 4552 in
1485 4497 1773 4569 Evangelio
1793 4497 2096 4554 civitatibus
2121 4497 2178 4552 in

585 4589 782 4660 quibus
817 4589 1072 4644 miracula
1103 4604 1222 4644 cum
1253 4589 1488 4655 fecisset,
1521 4604 1695 4660 neque
1725 4587 2079 4645 credidissent
2103 4588 2175 4654 ei,

587 4694 697 4735 non
723 4679 1095 4733 malevolentia
1128 4687 1274 4748 optat
1302 4695 1420 4748 qua:
1445 4679 1592 4744 dicit,
1625 4679 1720 4736 sed
1741 4679 1868 4750 quid
1896 4681 1975 4737 eis
2000 4679 2175 4735 immi-

590 4777 716 4826 neat
734 4769 974 4838 praedicit
998 4767 1211 4838 (Matth.
1244 4784 1319 4833 χι,
1346 4767 1464 4840 20).

657 4862 714 4916 9.
754 4860 837 4914 Ad
869 4871 948 4929 te,
992 4861 1238 4924 Domine:
1267 4861 1479 4915 clamavi
1506 4903 1522 4930 ,
1552 4859 1691 4916 Deus
1720 4877 1858 4916 meus
1888 4877 1950 4916 ne
1971 4861 2122 4917 sileas
2144 4878 2178 4915 a

586 4959 668 5010 me
689 4970 710 5010 :
729 4953 798 5010 ad
828 4963 878 5010 te
898 4995 913 5021 ,
945 4955 1168 5011 Domine
1192 4997 1207 5020 ,
1233 4954 1492 5018 clamavi,
1527 4954 1664 5008 Deus
1689 4967 1838 5010 meus
1865 4968 1933 5008 ne
1957 4967 2177 5024 separes

587 5047 846 5104 unitatem
879 5047 1036 5103 Verbi
1069 5047 1142 5100 tui
1180 5045 1249 5100 ab
1275 5061 1341 5100 eo
1369 5046 1511 5116 quod
1537 5045 1698 5101 homo
1722 5060 1860 5102 sum.
1894 5045 2178 5116 Nequando

587 5137 740 5194 sileas
779 5155 812 5192 a
846 5154 924 5192 me
960 5153 978 5192 :
1012 5147 1056 5192 el
1100 5153 1186 5192 ero
1221 5138 1400 5192 similis
1441 5137 1851 5193 descendentibus
1880 5139 1932 5192 in
1966 5138 2131 5192 lacum
2157 5155 2176 5192 :

587 5245 657 5286 ex
697 5243 766 5286 eo
802 5231 946 5286 enim
972 5231 1115 5300 quod
1145 5231 1416 5286 aeternitas
1447 5230 1604 5286 Verbi
1637 5231 1711 5286 tui
1742 5245 1844 5286 non
1873 5233 2177 5289 intermittit

587 5321 744 5379 unire
778 5337 836 5378 se
865 5322 1033 5385 mihi,
1066 5323 1122 5376 lit
1151 5332 1206 5377 ut
1238 5337 1343 5377 non
1372 5323 1470 5376 sim
1501 5322 1620 5378 talis
1648 5322 1811 5379 homo
1841 5324 2028 5394 quales
2053 5333 2179 5381 sunt

585 5414 770 5471 ueteri
790 5454 808 5484 ,
833 5413 928 5486 qui
955 5422 1244 5472 nascuntur
1270 5415 1320 5468 in
1348 5411 1664 5483 profundam
1695 5414 1966 5470 miseriam
1995 5415 2176 5471 saeculi

586 5505 768 5579 huius,
807 5507 899 5564 ubi
944 5517 1193 5577 tanquam
1227 5505 1405 5573 sileas,
1443 5519 1552 5560 non
1580 5507 1914 5576 cognoscitur
1944 5505 2176 5564 Verbum

586 5605 758 5656 Itum.
787 5599 994 5655 Exaudi
1019 5601 1038 5630 ⁹
1065 5615 1234 5653 vocem
1271 5599 1637 5667 deprecationis
1675 5614 1818 5665 metu,
1847 5600 1969 5656 dum
1994 5617 2084 5657 oro
2107 5602 2177 5656 ad

603 5721 771 5828 Tisse
789 5761 898 5828 κειεξτ
916 5757 1204 5828 inuam-
1232 5761 1431 5828 Αιιονη
1473 5753 1690 5828 Mm
1708 5757 1805 5828 ipsi
1830 5758 1998 5828 ιξαυίαο

650 5815 676 5850 ¹
696 5819 774 5886 sic
805 5815 1018 5880 potiores
1047 5823 1153 5886 Mss.
1189 5819 1366 5886 omisso
1405 5815 1511 5886 post
1545 5815 1740 5886 Exaudi
1771 5823 1919 5873 verbo
1958 5822 2174 5886 Domine,

549 5879 718 5946 ..ς-ω
731 5878 875 5930 abest
893 5893 922 5930 ι
943 5887 1069 5931 cxx.
1094 5878 1326 5942 μεσπι,
1351 5878 1583 5946 nomine].

1819 403 1878 460 S.
1920 399 2288 461 Αυουεσιιιιι
2325 400 2630 460 Ειηεαονι

2285 526 2368 581 te;
2389 517 2512 571 dum
2530 516 2716 572 extollo
2735 515 3664 588 nmepssasadtemplmssauctum
3683 528 3828 576 tuum
3849 539 3869 578 :

2283 609 2411 665 dum
2433 609 2736 680 cruciiigor,
2757 608 2825 663 ad
2843 621 3030 665 eorum
3050 608 3295 678 salutem,
3316 608 3408 682 qui
3426 609 3708 671 credentes
3728 613 3865 673 ﬁunt

2284 701 2543 772 templum
2574 708 2817 757 sanctum
2845 708 3015 756 tuum.

2354 794 2408 848 5.
2449 790 2598 866 [ναι.
2630 790 2712 865 3.]
2743 791 2827 847 Ne
2843 793 2996 848 simul
3014 794 3190 849 trahas
3214 794 3232 826 ⁸
3250 809 3368 850 cum
3391 797 3868 866 peccatoribusani-

2281 900 2420 939 mam
2456 900 2639 951 nteant,
2681 893 2729 939 et
2760 901 2876 939 cum
2902 886 3227 957 operantibus
3251 887 3564 958 iniquitatem
3588 907 3653 946 ne
3685 894 3869 962 perdas

2282 993 2552 1032 menum
2589 977 2781 1049 bisqui
2817 979 3294 1051 loquunturpaeem
3331 997 3446 1037 cum
3483 987 3716 1054 proauiam
3755 1002 3864 1043 suo.

2281 1069 2414 1126 Cum
2455 1070 2537 1127 bis
2561 1069 2651 1141 qui
2682 1070 2812 1126 mihi
2850 1070 3032 1126 dicunt
3066 1089 3082 1127 :
3117 1070 3322 1128 Scimus
3349 1074 3468 1144 quia
3489 1090 3524 1129 a
3549 1073 3662 1131 Deo
3692 1078 3868 1133 petiisti

2281 1164 2522 1230 magister
2550 1163 2747 1235 (Joan.
2777 1179 2854 1231 ιιι,
2881 1163 2918 1219 2
2937 1162 2980 1238 ).
3011 1163 3158 1220 Mala
3185 1175 3353 1220 autem
3376 1168 3432 1222 in
3463 1168 3700 1226 cordibus
3723 1170 3867 1226 suis:

2283 1255 2425 1309 mala
2452 1261 2630 1310 suum
2657 1257 2949 1327 loquuntur
2975 1253 3029 1312 in
3053 1255 3303 1314 cordibus
3331 1259 3460 1314 suis.

2353 1351 2412 1405 4.
2449 1349 2597 1423 [vers.
2618 1348 2699 1423 4.]
2738 1351 2820 1406 Da
2846 1351 2950 1407 illis
2986 1352 3258 1407 secundum
3295 1368 3450 1424 opera
3477 1353 3707 1426 ipsorum
3751 1369 3772 1409 :
3806 1355 3869 1411 ds

2283 1439 2388 1497 illis
2426 1443 2718 1498 secundum
2762 1458 2924 1513 opera
2965 1443 3223 1514 ipsorum,
3252 1443 3373 1514 quia
3405 1443 3508 1500 hoc
3529 1443 3734 1514 justum
3760 1454 3858 1502 est.

2285 1529 2353 1585 Et
2394 1532 2670 1587 secundum
2709 1535 3073 1606 malignin
3111 1532 3490 1603 aﬁ'eetationum
3530 1537 3553 1568 ⁸
3593 1537 3817 1607 ipsorum
3851 1553 3871 1593 :

2286 1625 2424 1680 mala
2464 1625 2610 1682 enim
2649 1625 2997 1691 afl‘ectantes,
3032 1627 3168 1682 bona
3212 1628 3452 1684 invenire
3490 1643 3596 1684 non
3628 1639 3867 1700 possunt.

2285 1718 2579 1775 Secundum
2609 1736 2764 1792 opera
2788 1737 3031 1776 manuum
3057 1737 3228 1776 eorum
3250 1721 3318 1775 da
3345 1723 3417 1776 eis
3444 1737 3462 1775 :
3484 1722 3728 1792 quamvis
3757 1722 3871 1778 aliis

2283 1810 2350 1866 ad
2377 1811 2602 1868 salutem
2632 1813 2806 1868 valeat
2828 1813 2970 1883 quod
2993 1812 3251 1879 fecerunt,
3282 1813 3570 1868 secundum
3596 1827 3757 1883 opera
3789 1822 3866 1869 ta-

2283 1917 2406 1957 men
2445 1904 2776 1958 voluntatum
2805 1903 3014 1959 illorum
3041 1903 3108 1958 da
3137 1903 3235 1958 eis.
3280 1903 3459 1958 Redde
3494 1903 3866 1959 retributionem

2283 2010 2457 2050 eorum
2481 1995 2606 2064 ipsis
2634 2011 2653 2049 :
2675 1995 2794 2066 quia
2819 2009 2918 2066 pro
2943 1996 3164 2050 veritate
3187 2009 3344 2065 quam
3367 1994 3655 2050 audiebant
3678 2037 3694 2061 ,
3719 1995 3867 2050 volu-

2283 2097 2441 2142 erunt
2466 2087 2724 2143 fallaciam
2750 2087 3082 2154 retribuere;
3111 2087 3314 2142 fallacia
3339 2087 3572 2158 ipsorum
3599 2088 3746 2159 ipsos
3769 2087 3865 2144 fal-

2283 2177 2376 2234 lat.

2354 2269 2410 2323 5.
2443 2269 2591 2340 [υεη.
2617 2267 2696 2342 5.]
2731 2269 2982 2335 Quoniam
3007 2285 3106 2324 non
3124 2269 3476 2325 intellexerunt
3500 2269 3552 2324 in
3577 2284 3738 2341 opera
3763 2267 3869 2324 Do-

2283 2363 2410 2418 mini
2438 2381 2452 2417 :
2477 2372 2532 2418 et
2553 2363 2697 2419 unde
2719 2363 3060 2419 manifestum
3084 2370 3169 2420 est
3193 2362 3295 2419 hoc
3318 2364 3398 2420 eis
3423 2363 3723 2419 accidisse?
3745 2361 3872 2419 Hine

2282 2455 2510 2522 scilicet,
2533 2457 2772 2527 quoniam
2785 2473 2884 2511 non
2900 2455 3252 2511 intellexerunt
3267 2457 3320 2510 in
3335 2471 3489 2528 apera
3505 2454 3716 2510 Domini
3730 2470 3751 2510 :
3763 2455 3870 2510 haec

2237 2599 2239 2601 .
2283 2547 2400 2617 ipsa
2439 2547 2688 2603 nimirum
2715 2548 2824 2617 jam
2861 2547 3140 2603 retributio
3167 2545 3302 2614 fuit,
3335 2557 3394 2602 ut
3422 2562 3581 2618 quem
3607 2546 3866 2602 malevolo

2282 2640 2463 2695 animo
2488 2639 2759 2696 hominem
2783 2648 3146 2705 tentaverunt,
3168 2654 3275 2695 non
3297 2645 3687 2710 cognoscerent
3711 2639 3869 2694 Deum

2281 2746 2393 2804 quo
2411 2731 2434 2764 ⁸
2453 2731 2678 2788 consilio
2704 2733 3035 2789 incarnatum
3059 2731 3218 2788 Pater
3235 2731 3403 2787 misit.
3429 2729 3494 2785 Et
3513 2732 3567 2785 in
3586 2743 3746 2801 opera
3765 2741 3872 2784 nta-

2283 2841 2440 2882 nunm
2466 2828 2575 2897 ejus
2598 2843 2617 2882 :
2641 2840 2742 2883 nec
2762 2835 3104 2883 moverentur
3123 2826 3254 2897 ipsis
3279 2823 3578 2880 visibilibus
3601 2823 3867 2894 operibus,

2282 2934 2404 2990 quae
2446 2928 2691 2990 porrecta
2726 2929 2851 2976 sunt
2882 2934 3054 2990 usque
3091 2918 3159 2974 ad
3187 2919 3372 2974 oculos
3400 2931 3608 2973 eorum.
3639 2915 3871 2972 Destrues

2281 3009 2401 3065 illos
2419 3050 2434 3076 ,
2462 3018 2511 3064 et
2549 3025 2650 3066 non
2679 3010 2954 3080 adiﬁcabis
2989 3026 3074 3065 eos
3112 3026 3132 3064 :
3169 3008 3302 3065 nihil
3331 3008 3460 3064 mihi
3489 3016 3754 3075 noceant,
3780 3001 3869 3062 sed

2283 3115 2384 3156 nec
2422 3109 2683 3159 conantes
2711 3116 2900 3158 rursus
2935 3102 3195 3158 adversus
3223 3101 3520 3158 Ecclesium
3558 3111 3739 3157 meum
3767 3099 3870 3156 eri-

2281 3209 2414 3266 gere
2435 3195 2707 3250 machinas
2735 3195 2929 3267 aliquid
2956 3195 3185 3251 valeant.

2354 3286 2409 3342 6.
2439 3286 2736 3341 Benedictus
2763 3285 3012 3342 Dominus
3028 3328 3044 3354 ,
3067 3287 3306 3359 quoniam
3325 3285 3577 3341 exaudivit
3597 3297 3768 3340 uocem
3785 3283 3869 3338 de-

2284 3379 2589 3449 precationis
2617 3395 2758 3434 mete.

2355 3472 2410 3525 7.
2443 3470 2592 3544 [vers.
2617 3471 2694 3545 7.]
2719 3471 2965 3527 Dominus
2985 3472 3189 3544 adiutor
3208 3486 3347 3527 meus
3366 3481 3411 3527 et
3433 3480 3687 3542 protector
3705 3483 3872 3527 meus:

2285 3561 2545 3618 Dominus
2571 3563 2827 3633 adiuvans
2857 3573 3000 3618 tanta
3031 3564 3318 3634 patientem
3343 3607 3358 3633 ,
3397 3572 3452 3620 et
3480 3563 3872 3621 immortalitate

2284 3662 2568 3725 protegens
2607 3665 2996 3725 resurgentem.
3043 3656 3108 3710 In
3148 3658 3260 3728 ipso
3300 3657 3516 3728 speravit
3548 3673 3637 3711 cor
3671 3673 3868 3724 meum,

2282 3752 2332 3799 et
2358 3745 2563 3813 adiutus
2589 3761 2720 3800 sum.
2749 3744 2815 3798 Et
2838 3747 3067 3815 reﬂoruit
3089 3762 3210 3802 caro
3240 3746 3450 3802 mea:id
3468 3754 3567 3812 est,
3603 3757 3659 3802 et
3685 3759 3870 3803 resur-

2282 3834 2423 3891 rexit
2444 3849 2570 3891 caro
2595 3850 2733 3891 mea.
2766 3833 2829 3889 Et
2849 3851 2913 3891 ea:
2935 3836 3190 3892 voluntate
3210 3853 3321 3892 mea
3339 3838 3614 3907 conﬁtebor
3634 3837 3719 3892 illi
3738 3854 3759 3892 :
3774 3852 3869 3893 un-

2283 3925 2351 3982 de
2376 3927 2486 3996 jam
2514 3936 2833 3998 consumpto
2855 3929 3044 3986 mortis
3075 3937 3239 3996 metu,
3267 3945 3374 3986 non
3408 3929 3611 3986 timoris
3638 3928 3870 3987 accessio

2282 4026 2393 4074 tate
2422 4019 2522 4075 sub
2547 4019 2688 4092 Lege
2713 4063 2727 4088 ,
2760 4021 2856 4076 sed
2886 4022 3049 4079 libera
3089 4023 3362 4080 voluntate
3385 4039 3506 4079 cum
3537 4024 3678 4094 Lege
3709 4023 3870 4081 conli-

2283 4111 2538 4168 tebuntur
2566 4113 2641 4168 illi
2661 4155 2677 4180 ,
2708 4114 2799 4185 qui
2829 4115 3053 4172 credunt
3081 4117 3132 4171 in
3164 4131 3248 4172 me
3273 4133 3288 4183 ;
3316 4118 3367 4172 in
3398 4117 3590 4188 quibus
3619 4119 3748 4189 quia
3776 4127 3872 4189 ego

2281 4215 2426 4269 sum,
2453 4218 2552 4274 ego
2577 4205 2895 4262 confitebor.

2353 4294 2407 4350 8.
2442 4293 2591 4367 [vers.
2615 4295 2694 4370 8.]
2736 4295 2986 4353 Dominus
3009 4300 3252 4369 fortitudo
3281 4301 3438 4372 plebis
3465 4317 3614 4358 sure:
3642 4317 3752 4358 non
3782 4301 3866 4357 illa

2281 4387 2435 4459 plebs
2472 4389 2722 4460 ignorans
2746 4391 3011 4461 justitiam
3041 4393 3172 4460 Dei,
3201 4403 3254 4449 et
3279 4409 3426 4450 suam
3459 4397 3641 4451 volens
3667 4395 3867 4452 consti-

2281 4487 2434 4539 tuere
2453 4481 2630 4554 (Rom.
2653 4500 2710 4551 ι,
2732 4483 2812 4558 5).
2841 4484 2958 4540 Non
2981 4486 3122 4541 enim
3147 4501 3242 4556 per
3261 4502 3318 4543 se
3339 4487 3526 4544 fortem
3549 4499 3608 4544 se
3633 4487 3868 4558 putavit;

2281 4576 2405 4647 quia
2433 4576 2688 4632 Dominus
2715 4576 2970 4633 fortitudo
2993 4579 3162 4648 plebis
3193 4594 3323 4646 sua),
3354 4581 3405 4634 in
3437 4579 3591 4650 hujus
3615 4581 3744 4636 vita:
3769 4579 3867 4637 dif-

2281 4668 2605 4725 ficultatibus
2633 4684 2753 4724 cum
2780 4669 2994 4726 diabolo
3017 4671 3338 4728 dimicantis.
3365 4670 3434 4726 Et
3459 4681 3715 4742 protector
3739 4672 3873 4727 salu-

2281 4762 2465 4816 tarium
2488 4760 2676 4816 Christi
2695 4764 2776 4816 sui
2801 4773 2873 4817 est
2897 4779 2914 4818 :
2937 4772 2992 4818 ut
3016 4779 3133 4820 eam
3162 4765 3362 4821 salvam
3389 4765 3578 4821 factam
3602 4781 3706 4836 per
3721 4764 3875 4822 Chri-

2281 4861 2423 4909 stum
2451 4868 2626 4917 suum,
2656 4864 2776 4924 post
2796 4857 3156 4914 fortitudinem
3182 4859 3446 4928 bellicam,
3471 4857 3873 4917 immortalitate

2281 4947 2429 5019 pacis
2455 4947 2520 5002 ad
2550 4947 2795 5002 ultimum
2825 4960 3086 5022 protegat.

2353 5042 2408 5099 9.
2451 5040 2597 5114 [vers.
2626 5041 2706 5116 9.]
2747 5042 2959 5100 Salvum
2982 5048 3068 5115 fac
3096 5046 3342 5118 populum
3367 5056 3509 5102 tuum
3527 5047 3570 5113 ⁸,
3597 5057 3646 5102 et
3668 5047 3876 5104 benedic

2281 5133 2623 5190 hereditate»:
2653 5145 2811 5189 tuam.
2845 5136 3130 5208 lnterpello
3159 5140 3319 5210 igitur
3341 5183 3356 5207 ,
3399 5147 3680 5212 postquam
3711 5141 3870 5198 rella-

2281 5225 2390 5281 ruit
2412 5240 2540 5281 caro
2571 5241 2686 5282 mea
2706 5269 2719 5292 ,
2752 5228 2874 5296 quia
2901 5226 3100 5294 dixisti,
3121 5227 3338 5284 Postulo
3363 5248 3395 5285 a
3420 5247 3518 5298 me,
3553 5242 3600 5286 et
3619 5232 3755 5287 dabo
3789 5231 3876 5286 tibi

2281 5330 2450 5390 gentes
2474 5319 2812 5374 hereditatem
2832 5328 2969 5373 tuam
2990 5319 3162 5390 (Psal.
3182 5338 3238 5386 ιι,
3255 5322 3309 5393 8)
3333 5340 3348 5389 ;
3375 5321 3587 5379 Saluum
3609 5321 3692 5393 fac
3710 5337 3873 5396 popae

2282 5407 2388 5465 lum
2415 5419 2591 5476 tuum,
2633 5422 2684 5466 et
2711 5411 2914 5468 benedic
2939 5413 3280 5469 htereditalent
3308 5426 3444 5470 tuam
3484 5431 3505 5471 .'
3541 5416 3663 5487 quia
3693 5416 3874 5472 omnia

2281 5515 2400 5559 mea
2429 5513 2516 5558 tua
2542 5512 2666 5559 sunt
2691 5503 2866 5577 (Joan.
2898 5518 3027 5573 xvn,
3057 5506 3170 5578 10).
3199 5505 3268 5561 Et
3295 5523 3409 5578 rege
3434 5506 3548 5563 illos
3575 5551 3590 5576 ,
3619 5519 3665 5564 et
3689 5507 3876 5564 extollo

2345 5639 2363 5705 ξ
2389 5638 2523 5705 Edd.,
2546 5641 2732 5705 tradas.
2752 5638 2919 5690 Melius
2941 5639 3125 5705 aliquot
3147 5650 3270 5705 Mss,
3295 5641 3476 5693 trahas.

2343 5702 2365 5767 ξ
2386 5702 2458 5750 sic
2481 5698 2695 5750 melioris
2711 5711 2836 5753 noue
2857 5709 2963 5752 Mss.
2990 5698 3345 5767 [aﬁ'ectionum]

2345 5763 2538 5836 reget
2559 5768 2690 5836 ιονη
2896 5763 3072 5836 Νοεῗθὶ
3097 5775 3224 5825 Mss.
3248 5763 3355 5836 φιᾱο

2278 5823 2518 5937 ιχθχωᾱη
2561 5823 2952 5888 triton,
2979 5835 3096 5890 vox,
3136 5823 3352 5892 Domine,
3389 5828 3530 5882 abest
3563 5839 3592 5880 a
3627 5835 3734 5881 llas.
3759 5833 3817 5883 οι
3850 5845 3877 5884 s
