4032 6488
194 503 575 578 “usquin
608 500 1801 581 saeuitummtregeillosinhactemporali

204 601 323 669 Vill.
349 606 407 663 et
430 598 493 663 in
518 606 794 661 aternam
820 596 946 655 hinc
968 594 1098 653 tolle
1126 592 1268 653 illos.

590 808 679 872 IN
720 805 1105 871 PSALMUM
1144 804 1423 870 XXVIII

778 924 1200 984 ENARRA'I'IO;

450 1030 709 1097 Psaimus
735 1038 836 1111 ipsi
874 1030 1040 1094 David
1064 1081 1080 1107 ,
1115 1030 1559 1094 consummationis

857 1130 1184 1187 tabernaculi.

275 1249 327 1305 i.
366 1243 525 1321 (vers.
556 1246 613 1314 1.
641 1244 726 1320 2.]
763 1246 1007 1305 Psalmus
1030 1244 1133 1318 ipsi
1162 1244 1441 1302 mediatori
1468 1258 1629 1301 manu
1656 1241 1800 1309 l‘orti,

212 1341 554 1415 psi-lectionis
596 1342 855 1401 Ecclesia:
896 1344 949 1403 in
992 1343 1095 1399 hoc
1135 1339 1372 1408 saeculo,
1415 1339 1504 1396 ubi
1544 1338 1803 1397 adversus

209 1435 477 1494 diabolum
505 1435 875 1507 temporaliter
900 1434 1178 1495 militatur.

268 1529 325 1585 2.
364 1524 642 1599 Propheta
668 1527 903 1600 loquitur
930 1544 944 1580 :
972 1523 1162 1594 A/ferte
1191 1523 1431 1592 Domino,
1457 1523 1551 1594 ﬁlii
1583 1520 1698 1589 Dei,
1725 1525 1805 1594 af-

209 1621 326 1692 ίσω
347 1618 582 1675 Domino
611 1616 745 1689 ﬁlios
774 1619 989 1673 arietum
1010 1633 1029 1670 :
1051 1617 1233 1673 all'erte
1264 1616 1493 1673 Domino
1517 1614 1805 1685 vosmetip-

206 1726 312 1780 sos,
338 1725 483 1784 quos
510 1725 610 1782 per
634 1710 986 1782 Evangeiium
1012 1708 1177 1765 duces
1205 1723 1426 1780 gregum
1454 1706 1691 1779 Apostoll
1714 1722 1806 1778 ge-

206 1812 455 1860 ποι-ωε.
479 1802 674 1872 Metto
698 1802 919 1857 Domino
937 1802 1154 1874 gloriam
1172 1811 1218 1856 et
1235 1801 1474 1856 honorem
1490 1815 1511 1859 ;
1530 1802 1623 1871 per
1642 1814 1803 1869 opera

205 1904 389 1952 vestra
418 1894 683 1953 Dominus
716 1894 1037 1966 glorilicetur
1061 1903 1115 1950 et
1141 1894 1448 1949 bonoretur.
1481 1890 1672 1960 A/I'erte
1696 1888 1805 1946 Do-

202 1987 350 2045 mino
372 1987 584 2059 glorians
609 1988 805 2043 nomini
832 1987 941 2057 ejus
962 2002 981 2040 :
999 1985 1233 2057 gloriose
1261 2000 1356 2056 per
1380 1983 1565 2040 orbem
1594 1981 1802 2038 innote-

203 2088 339 2141 mt.
382 2078 609 2134 Adorate
649 2078 929 2133 Dominum
957 2079 1011 2131 in
1038 2077 1159 2132 aula
1182 2086 1357 2132 sancta
1381 2079 1490 2147 ejus
1525 2091 1544 2129 :
1585 2074 1804 2131 adorato

204 2170 487 2233 Dominum
520 2172 573 2226 in
600 2170 823 2227 dilatato
846 2178 903 2227 et
924 2173 1089 2226 sancti
1102 2170 1258 2225 licato
1283 2168 1447 2226 corde
1471 2177 1684 2236 vestro;
1709 2182 1806 2225 vos

206 2264 340 2329 nisi
368 2263 507 2320 estis
530 2264 740 2335 regium
769 2272 1011 2320 sanctum
1038 2263 1408 2319 habitaculum
1432 2260 1571 2334 ejus.

268 2356 322 2414 Ξ.
362 2356 524 2429 [κη.
554 2354 637 2429 3.]
684 2354 798 2411 Vox
824 2354 1034 2411 Domini
1060 2372 1213 2426 super
1237 2371 1399 2430 aquas
1422 2370 1443 2410 :
1468 2369 1571 2409 vox
1607 2351 1805 2410 Christi

205 2460 359 2519 super
389 2447 647 2519 populos.
680 2445 823 2502 Deus
858 2448 1135 2519 majestatis
1164 2447 1383 2502 intonuit
1410 2463 1430 2501 :
1459 2445 1599 2501 Deus
1635 2444 1804 2516 maje-

208 2540 352 2597 statis
390 2541 463 2597 de
493 2540 640 2599 nube
668 2540 847 2597 carnis
878 2541 1183 2601 terribiliter
1211 2539 1577 2611 ptenitentiam
1606 2539 1804 2610 praedi-

209 2635 360 2693 cavit.
387 2631 651 2689 Dominus
673 2649 828 2703 super
850 2649 1007 2703 aquas
1031 2634 1215 2689 multas
1241 2649 1261 2690 :
1284 2633 1398 2705 ipse
1427 2633 1685 2689 Dominus
1710 2630 1803 2688 Je-

211 2740 294 2789 m
333 2735 526 2797 postea
569 2741 737 2798 quam
776 2741 964 2783 vocem
1009 2726 1188 2783 emisit
1232 2741 1395 2797 super
1440 2727 1663 2799 populos
1687 2768 1703 2794 ,
1751 2736 1804 2785 et

213 2818 497 2890 pst-ternm
521 2832 641 2885 eos,
669 2820 936 2879 convertit
961 2819 1015 2873 in
1044 2833 1125 2887 se,
1151 2827 1207 2875 et
1231 2818 1490 2875 habitavit
1513 2818 1568 2874 in
1594 2818 1693 2874 eis.

272 2911 326 2967 4.
359 2908 519 2984 [ναι.
538 2909 623 2985 4.]
661 2909 777 2968 Vos:
798 2910 1007 2973 Domini
1032 2912 1088 2971 in
1111 2912 1292 2967 virtute
1312 2927 1332 2967 :
1350 2912 1801 2983 voxLDominijam

214 3001 265 3057 ὴ
298 3002 444 3073 ipsis,
477 3011 732 3074 potentes
766 3002 969 3061 iaciens
990 3018 1106 3060 eos.
1140 3000 1253 3062 Vox
1289 3002 1497 3059 Domini
1526 3004 1581 3059 in
1608 3005 1806 3077 magni-

216 3094 403 3164 itania
427 3111 450 3151 :
481 3110 593 3152 vox
620 3095 831 3155 Domini
860 3111 1051 3167 magna
1079 3094 1279 3165 iaciens
1307 3096 1361 3150 in
1384 3096 1484 3154 eis.

278 3187 329 3245 5.
368 3184 529 3260 [κη.
547 3185 631 3261 5.]
668 3186 779 3243 Vox
799 3187 1010 3244 Domini
1032 3198 1294 3245 conterens
1320 3187 1496 3244 cedros
1525 3205 1544 3244 :
1567 3204 1671 3244 vox
1700 3189 1802 3245 Do-

371 3282 702 3341 contritione
729 3282 909 3340 cordis
941 3282 1233 3341 humilians
1259 3282 1542 3354 superbos.
1573 3281 1835 3352 Canter-et,

219 3370 454 3429 Dominus
472 3373 656 3430 διάγοι
678 3371 862 3431 Libani
883 3388 903 3428 :
924 3381 1164 3433 conteret
1186 3386 1285 3445 per
1304 3372 1669 3444 panitentiam
1695 3373 1801 3429 Do-

217 3465 383 3523 nisus
416 3464 597 3522 elatas
630 3465 804 3523 nitore
842 3473 1071 3525 terrenae
1098 3465 1431 3533 nobilitatis,
1461 3479 1584 3523 cum
1612 3463 1678 3523 ad
1705 3478 1801 3520 eos

215 3557 616 3617 confundenda!
641 3558 894 3631 ignobilia
920 3558 1081 3630 hujus
1103 3558 1287 3619 mundi
1309 3558 1529 3631 elegerit
1548 3558 1595 3630 (Ι
1618 3556 1739 3615 Cor.
1760 3573 1800 3627 ι,

217 3649 305 3724 33)
324 3692 340 3717 ,
367 3652 424 3709 in
451 3653 653 3725 quibus
679 3653 928 3711 ostendet
954 3653 1297 3715 divinitatem.
1317 3669 1490 3717 suam.

277 3746 329 3801 6.
348 3744 506 3820 [κη.
528 3746 619 3818 6.]
633 3746 705 3802 Et
724 3749 1033 3805 comminust
1052 3765 1138 3805 eas
1163 3756 1402 3821 tanquam
1421 3748 1629 3804 uitulum
1651 3745 1806 3803 Liba.

213 3838 283 3892 si.
308 3837 379 3895 Et
401 3845 682 3909 amputata
708 3840 940 3910 superba
965 3839 1281 3899 celsitudine
1312 3841 1544 3908 illorum,
1574 3840 1807 3911 deponet

212 3945 300 3988 sus
318 3932 389 3989 sd
416 3932 776 3990 intitstiottem
802 3933 1116 3991 butnilitatis
1141 3949 1254 3991 sum
1276 3974 1293 4001 ,
1320 3935 1412 4006 qui
1437 3942 1691 4005 tanquam
1722 3936 1801 3991 vi-

214 4024 350 4081 hlus
377 4038 477 4096 pes
507 4026 683 4096 ipsam
709 4024 867 4096 hujus
887 4026 1069 4083 saeculi
1093 4026 1427 4091 nobilitatem
1448 4026 1517 4083 ad
1537 4027 1805 4085 victimam

208 4112 401 4171 hctus
429 4125 520 4173 est
544 4133 563 4168 :
594 4117 873 4174 Astiterunt
904 4118 1040 4173 mini
1076 4135 1218 4192 reges
1250 4127 1399 4175 terra!
1421 4159 1437 4184 ,
1471 4129 1521 4174 et
1555 4121 1807 4191 principes

209 4218 545 4265 manu
586 4210 645 4265 ist
686 4226 848 4266 unum
884 4210 1125 4267 adversus
1160 4210 1439 4269 Dominum
1479 4221 1529 4268 et
1566 4213 1807 4271 adversus

206 4299 465 4358 Chium
492 4304 608 4376 ejus
634 4303 812 4375 (Psai.
845 4319 904 4372 tt,
930 4304 1011 4374 8).
1041 4302 1110 4360 Et
1136 4304 1348 4361 dilectus
1375 4305 1503 4361 sicut
1527 4306 1666 4375 ﬁlius
1688 4308 1806 4361 uni-

203 4398 440 4454 uni-nn
481 4416 503 4454 :
543 4413 670 4467 nam
715 4407 777 4456 es
811 4398 929 4469 ipse
970 4399 1201 4456 dilectus
1236 4407 1398 4471 atque
1434 4399 1624 4456 unicus
1661 4398 1804 4455 Patri

207 4492 507 4549 sainanivit
533 4506 598 4549 se
627 4491 905 4548 nobilitata
926 4502 1059 4558 sus;
1086 4501 1142 4548 et
1164 4490 1334 4548 iactus
1361 4501 1445 4549 est
1468 4491 1651 4558 homo,
1670 4491 1807 4548 sicut

205 4580 347 4641 Ilius
363 4584 682 4641 Juduomm
702 4583 1061 4654 ignorantium
1075 4583 1337 4655 justitiam
1358 4583 1455 4639 Dei
1475 4582 1650 4655 (Rom.
1669 4599 1725 4646 ι,
1747 4580 1806 4655 3)

203 4686 263 4736 st
292 4677 535 4751 supatis
558 4678 873 4751 iactuum
906 4685 1161 4750 tanquam
1197 4676 1522 4748 singularem
1543 4675 1804 4746 justitiam

274 4867 328 4921 7.
371 4863 535 4939 [sem
558 4860 639 4937 7.]
672 4862 786 4920 Vos:
804 4862 1014 4919 Dontini
1033 4862 1350 4934 pracidentis
1368 4863 1632 4933 ﬂammans
1649 4861 1802 4934 ignis.

205 4956 319 5014 Vox
350 4956 569 5014 Domini
594 4970 693 5028 per
711 4955 959 5013 ardorem
978 4955 1459 5013 concitatissimum
1482 4969 1807 5027 persequen-

204 5051 335 5106 tium
378 5062 442 5106 se
481 5049 606 5105 sine
641 5048 749 5104 ulla
778 5060 877 5105 sus
903 5048 1125 5105 laesione
1150 5048 1498 5113 transeuntis,
1541 5046 1629 5103 vel
1668 5046 1804 5103 divi—

162 5126 167 5131 ’
204 5141 383 5197 dentis
423 5139 695 5197 {amntem
734 5139 1065 5197 iracundiam
1104 5149 1508 5212 percoctum-um
1548 5151 1766 5196 suorum
1787 5180 1803 5207 ,

205 5242 262 5288 Il
284 5232 379 5290 alii
401 5234 668 5301 dicerent,
698 5232 963 5306 Numquid
984 5232 1123 5290 forte
1140 5234 1361 5305 ipsust
1380 5230 1625 5290 Christus
1644 5250 1660 5299 ;
1683 5232 1773 5288 alii
1786 5274 1801 5298 ,

208 5324 340 5395 Ion,
371 5328 471 5384 sed
496 5325 707 5384 seducit
734 5326 989 5399 populum
1029 5325 1208 5399 (Joan.
1239 5340 1313 5382 vss
1332 5360 1350 5392 ,
1382 5325 1475 5399 Β)
1503 5342 1518 5381 :
1543 5336 1703 5397 atque
1734 5326 1805 5382 ita

206 5421 549 5491 recidentia
585 5421 835 5477 insanum
880 5420 1167 5477 tumultum
1206 5434 1396 5477 eorum
1419 5460 1435 5486 ,
1478 5428 1538 5476 ut
1575 5420 1710 5477 alios
1748 5419 1846 5499 in‘,

210 5511 521 5571 duritatem
559 5526 718 5570 suam
755 5510 1029 5583 usjheret
1052 5552 1069 5582 ,
1109 5512 1244 5569 alios
1280 5512 1335 5568 tn
1377 5511 1577 5569 malitia
1615 5526 1802 5595 eorum

210 5608 549 5681 tum.

269 5703 321 5762 8.
360 5703 518 5781 (vers.
551 5698 640 5775 8.]
687 5697 805 5756 Vos:
829 5697 1039 5755 Domini
1063 5699 1420 5755 semoventis
1440 5699 1765 5756 solitudinem
1787 5714 1808 5754 :

202 5802 294 5853 vos
333 5796 553 5856 Domini
585 5792 987 5853 commovendo
1010 5790 1079 5846 ad
1105 5790 1264 5846 ﬁdem
1294 5790 1497 5848 Gentes
1535 5791 1804 5863 quondam

188 5893 423 5973 ειυεερο
450 5902 514 5956 οι
540 5887 813 5952 ὡοῦθο
841 5884 898 5943 in
926 5885 1031 5943 hoc
1060 5883 1262 5943 mundo
1291 5883 1521 5958 (Ephcs.
1551 5902 1622 5967 ξι,
1655 5884 1801 5958 12);

1305 380 1704 447 ENARRATIO
1736 381 1809 443 1N
1834 381 2177 449 .PSALMUK
2205 383 2400 445 XXIX.

3384 397 3491 461 2M

1911 500 2001 557 ubi
2016 501 2195 557 nullus
2208 502 2487 577 propheta,
2516 504 2691 562 nullus
2716 507 2862 565 verbi
2890 509 2985 567 Dei
3014 513 3349 583 praedicator,
3376 517 3495 573 vel-

1910 593 1987 652 uti
2016 590 2193 651 nullus
2243 596 2404 652 homo
2432 592 2780 656 habitaverat.
2807 596 2877 657 Et
2898 608 3218 661 commovebit
3246 606 3494 666 Dominus

1909 691 2163 744 desertum
2185 682 2347 746 Gades
2367 705 2387 745 :
2407 698 2461 746 et
2482 701 2608 748 tunc
2629 692 2887 751 celebrari
2908 690 3066 754 faciet
3087 694 3346 761 Dominus
3368 718 3496 761 san-

1909 787 2054 835 ctum
2093 779 2313 838 verbum
2354 779 2747 867 Scripturarum
2785 802 3033 858 suarum,
3064 791 3208 867 quod
3238 808 3269 848 a
3295 782 3496 855 Judaeis

1909 887 2018 929 non
2046 873 2471 948 intelligentibus
2491 864 2856 938 deserebatur.

1981 964 2034 1019 9.
2077 962 2225 1039 [vers.
2269 964 2349 1040 9.]
2396 965 2506 1023 Vox
2543 966 2753 1026 Domini
2789 974 3093 1047 perﬁcientis
3130 994 3300 1035 cervos
3341 996 3361 1035 :
3393 994 3499 1037 vox

1911 1056 2057 1113 enim
2087 1056 2301 1115 Domini
2328 1061 2498 1133 primo
2523 1062 2728 1134 perlicit
2751 1077 3089 1139 superatores
3111 1079 3164 1128 et
3188 1070 3501 1143 repulsores

1912 1162 2301 1207 venenosarum
2340 1150 2659 1225 linguarum.
2692 1154 2756 1211 Et
2793 1159 3029 1215 reuelabit
3065 1162 3218 1218 silvas
3246 1179 3261 1219 :
3289 1173 3347 1221 et
3374 1174 3502 1222 tunc

1909 1239 1988 1296 eis
2027 1240 2281 1299 revelabit
2317 1247 2611 1316 opacitates
2647 1245 2948 1306 divinorum
2989 1251 3242 1310 librorum
3284 1265 3338 1312 et
3376 1272 3497 1313 um-

1909 1331 2123 1389 bracula
2170 1337 2580 1408 mysteriorum,
2624 1340 2709 1396 ubi
2749 1357 2869 1399 cum
2911 1344 3153 1402 libertate
3193 1358 3497 1419 pascantur.

1910 1421 1978 1481 Et
2004 1426 2056 1482 in
2087 1424 2271 1500 templo
2298 1430 2407 1502 ejus
2432 1433 2776 1506 unusquisque
2798 1436 2916 1492 dicit
2942 1439 3157 1511 gloriam
3185 1456 3203 1495 :
3228 1450 3282 1496 et
3308 1441 3358 1497 in
3386 1441 3498 1498 Ec-

1909 1517 2069 1574 clesia
2095 1520 2210 1590 ejus
2235 1523 2408 1578 omnis
2430 1524 2481 1579 in
2504 1540 2652 1597 spem
2675 1538 2927 1585 aeternam
2953 1542 3294 1604 regeneratus
3314 1535 3496 1592 laudat

1909 1607 2077 1664 Deum
2118 1626 2216 1682 pro
2250 1627 2349 1670 suo
2387 1615 2613 1687 quisque
2640 1617 2784 1675 dono
2807 1662 2823 1689 ,
2854 1620 2994 1692 quod
3028 1639 3057 1678 a
3088 1633 3271 1682 sancto
3297 1625 3502 1699 Spiritu

1909 1704 2132 1773 accepit.

1981 1794 2069 1849 10.
2127 1793 2275 1868 [vers.
2320 1795 2435 1873 10.]
2487 1798 2737 1857 Dominus
2774 1804 3017 1861 diluvium
3060 1808 3355 1866 inhabitat:
3390 1811 3501 1868 Do-

1910 1884 2086 1941 minus
2113 1902 2240 1959 ergo
2280 1890 2513 1959 primum
2553 1892 2812 1951 inhabitat
2841 1896 3092 1955 diluvium
3139 1900 3297 1972 hujus
3321 1906 3505 1962 smeldi

1911 1974 1967 2031 in
1992 1978 2189 2031 sanctis
2215 1980 2326 2036 suis
2352 2024 2365 2044 ,
2397 1991 2647 2053 tanquam
2677 1986 2728 2041 in
2759 2003 2880 2043 arca
2907 2030 2922 2055 ,
2951 1990 3019 2043 ita
3050 1992 3101 2045 in
3134 1990 3373 2050 Ecclesia
3403 2010 3503 2051 cu-

1908 2069 2138 2125 stoditis.
2174 2069 2238 2125 Et
2262 2073 2447 2129 sedebit
2472 2075 2721 2134 Dominus
2740 2096 2830 2134 rea:
2855 2082 2906 2136 in
2926 2093 3166 2139 cateruam
3190 2100 3209 2139 :
3229 2095 3283 2141 et
3305 2087 3500 2146 deinde

1909 2160 2113 2218 sedebit
2143 2179 2370 2235 regnans
2400 2167 2451 2222 in
2477 2168 2555 2223 eis
2586 2168 2637 2223 in
2668 2178 2948 2229 internum.
3520 2166 3527 2175 ’

1988 2253 2076 2310 ll.
2119 2253 2269 2327 [vers.
2302 2254 2415 2331 1L]
2455 2257 2702 2315 Dominus
2729 2262 2957 2318 virtutem
2989 2266 3176 2337 populo
3204 2285 3295 2324 suo
3321 2269 3457 2325 dabit
3483 2285 3507 2327 :

1910 2343 2033 2415 quia
2058 2344 2314 2401 Dominus
2331 2348 2581 2405 virtutem
2603 2352 2799 2421 populo
2820 2367 2917 2408 suo
2934 2362 3117 2411 contra
3139 2357 3296 2429 hujus
3317 2360 3503 2417 mundi

1913 2437 2174 2509 procellas
2202 2448 2257 2496 et
2282 2441 2520 2498 turbines
2544 2441 2816 2500 dimicanti
2842 2446 3008 2515 dabit,
3042 2450 3164 2520 quia
3194 2467 3374 2520 pacem
3402 2451 3505 2508 illis

1911 2527 1963 2583 in
1995 2527 2097 2585 hoc
2127 2530 2324 2587 mundo
2352 2548 2457 2588 non
2482 2534 2745 2604 promisit.
2777 2535 3027 2595 Dominus
3048 2538 3303 2597 benedicet
3332 2560 3501 2615 papu-

1912 2616 2017 2673 lum
2047 2637 2192 2676 suum
2223 2621 2276 2676 in
2303 2639 2465 2692 pace:
2490 2632 2546 2680 et
2574 2624 2713 2681 idem
2746 2626 3001 2684 Dominus
3026 2630 3306 2688 benedicet
3338 2648 3505 2705 popu-

1909 2708 2019 2766 lum
2039 2727 2214 2777 suum,
2241 2714 2291 2768 in
2314 2714 2491 2786 seipse
2511 2717 2583 2772 illi
2610 2733 2792 2788 pacem
2818 2731 3075 2790 praestans
3095 2740 3110 2789 ;
3134 2725 3402 2794 Quoniam,
3428 2726 3503 2783 in-

1910 2804 2044 2877 quit,
2082 2805 2265 2860 Pacem
2284 2825 2446 2867 meam
2479 2808 2545 2864 do
2561 2809 2715 2874 vobis.
2742 2828 2917 2881 pacem
2940 2830 3102 2870 meam
3117 2817 3341 2888 relinquo
3361 2818 3499 2875 vobis

1909 2888 2086 2964 (Ialm.
2121 2912 2237 2964 ιη’,
2263 2896 2380 2969 27).

2310 3107 2395 3171 ΙΝ
2434 3107 2818 3175 PSALMUM
2857 3109 3082 3175 XXIX

2445 3230 2848 3292 ΕΝΑΜΑΤΙΟ
2888 3235 2929 3289 Ι.

1916 3336 1982 3393 1η
2002 3340 2154 3411 ﬁnem
2180 3340 2418 3400 Psalmus
2436 3342 2632 3400 Cantici
2646 3344 2975 3403 dedicationis
2990 3350 3172 3406 domus
3189 3352 3291 3423 ipsi
3309 3352 3500 3409 David.

2003 3451 2057 3507 1.
2098 3448 2247 3525 [υενε.
2277 3452 2356 3527 1.]
2392 3453 2449 3510 In
2477 3455 2636 3511 linem
2662 3456 2904 3515 Psalmus
2935 3460 3128 3517 Iustitiae
3153 3460 3503 3522 resurrectio-

1933 3541 2017 3597 nis
2045 3550 2202 3611 atque
2230 3543 2283 3598 in
2309 3542 2660 3603 immortalem
2686 3556 2881 3604 statum
2906 3553 3213 3609 mutationis
3236 3563 3394 3624 atque
3419 3556 3503 3611 in-

1912 3634 2210 3691 novationis
2238 3638 2479 3709 corporis
2501 3680 2517 3705 ,
2558 3654 2665 3697 non
2696 3650 2901 3698 tantum
2938 3642 3147 3700 Domini
3172 3688 3187 3714 ,
3221 3646 3313 3702 sed
3342 3650 3502 3703 etiam

1912 3725 2075 3781 totius
2103 3727 2376 3785 Ecclesiae.
2405 3728 2536 3785 Nam
2565 3730 2618 3787 in
2645 3733 2912 3804 superiori
2949 3737 3154 3808 psalmo
3189 3738 3503 3796 tabernacu-

1911 3816 2021 3875 lum
2048 3829 2477 3879 consummatum
2502 3833 2604 3894 est,
2631 3825 2718 3882 ubi
2747 3825 3047 3885 habitamus
3071 3831 3191 3887 belli
3217 3840 3458 3905 tempore
3483 3852 3499 3889 :

1912 3926 2053 3969 nunc
2084 3923 2258 3970 autem
2284 3914 2476 3977 domus
2503 3916 2798 3988 dedicatur,
2831 3937 2948 3994 qua:
2976 3923 3027 3978 in
3059 3926 3379 3998 sempiterna
3409 3943 3505 3999 pa-

1911 4020 1975 4063 ce
2002 4008 2355 4076 permanebit.

1982 4096 2037 4150 2.
2080 4096 2229 4170 [vers.
2261 4097 2343 4174 2.]
2382 4099 2625 4159 Christus
2661 4104 2839 4177 itaque
2871 4115 3011 4164 totus
3038 4108 3272 4182 loquitur
3301 4129 3316 4168 :
3344 4109 3509 4169 Exal—
3570 4142 3571 4145 η

1914 4188 2027 4243 tabo
2055 4199 2120 4256 te,
2153 4189 2387 4259 Domine,
2420 4195 2659 4265 quoniam
2683 4198 2943 4268 suscepisti
2979 4216 3057 4255 me
3083 4216 3101 4254 :
3124 4201 3505 4261 sublimitatem

1913 4287 2054 4336 tuam
2089 4281 2331 4353 laudabo,
2368 4282 2593 4342 Domine
2617 4327 2633 4354 ,
2663 4289 2914 4358 quoniam
2947 4293 3225 4361 suscepisti
3253 4296 3358 4349 me.
3394 4294 3509 4352 Nec

1903 4372 2203 4443 jucundasti
2228 4375 2454 4432 inimicos
2479 4394 2615 4432 meos
2650 4397 2800 4452 super
2843 4400 2921 4436 me
2943 4399 2961 4435 :
2990 4399 3087 4438 nec
3111 4400 3204 4439 eos
3231 4387 3317 4456 qui
3348 4388 3505 4445 toties

1911 4463 2072 4519 variis
2109 4480 2205 4533 per
2240 4467 2422 4521 orbem
2465 4471 2923 4538 persccutionibns
2952 4490 3038 4530 me
3076 4476 3379 4547 opprimere
3407 4494 3504 4537 co-

1912 4555 2021 4611 nati
2049 4564 2207 4620 sunt,
2232 4555 2537 4627 jucundasti
2565 4575 2727 4631 super
2754 4578 2859 4618 me.

1986 4648 2038 4704 5.
2080 4645 2228 4722 [vers.
2260 4647 2338 4723 5.]
2380 4648 2595 4707 Domine
2630 4650 2771 4710 Deus
2806 4672 2972 4729 meus,
3004 4657 3218 4714 clamavi
3242 4660 3311 4716 ad
3346 4672 3394 4718 te
3414 4703 3430 4732 ,
3458 4672 3509 4719 et

1912 4741 2105 4798 sanasti
2147 4759 2225 4796 me
2250 4758 2268 4796 :
2294 4742 2514 4800 Domine
2555 4744 2694 4801 Deus
2732 4763 2885 4805 meus
2911 4791 2925 4815 ,
2967 4749 3188 4808 clamavi
3227 4751 3290 4809 ad
3333 4763 3384 4813 te
3408 4798 3423 4823 ,
3452 4763 3511 4812 et

1913 4848 2110 4907 corpus
2136 4834 2458 4891 mortalitate
2486 4838 2722 4894 saucium
2751 4848 2806 4896 et
2833 4857 3033 4913 mgrum
3059 4843 3170 4914 jam
3199 4862 3304 4900 non
3329 4861 3479 4921 gero.
3560 4856 3579 4890 ξ

1984 4929 2037 4987 4.
2079 4925 2245 5003 [υενε.
2267 4926 2366 5005 4.]
2405 4929 2623 4987 Domine
2643 4974 2658 5001 ,
2689 4932 2928 4989 reduxisti
2953 4937 3015 4990 ab
3056 4938 3232 5010 inferis
3281 4941 3509 5002 animum

1911 5039 2109 5092 meam,
2150 5024 2343 5078 salvum
2386 5026 2549 5097 fecisti
2587 5043 2664 5080 me
2701 5044 2732 5081 a
2759 5028 3169 5087 descendentibus
3216 5033 3266 5088 in
3284 5034 3510 5092 -lacuns:

1913 5113 2117 5169 salvum
2158 5112 2328 5169 fecisti
2370 5130 2454 5169 me
2480 5130 2509 5169 a
2557 5115 2865 5172 conditione
2909 5121 3183 5190 profunda:
3212 5125 3500 5193 caecitatis,

1913 5211 2073 5274 atque
2101 5204 2272 5258 inﬁmi
2296 5204 2407 5259 limi
2432 5206 2792 5276 corruptibilis
2822 5212 3018 5271 carnis.

1983 5296 2037 5353 5.
2079 5291 2101 5369 [
2128 5310 2256 5349 vers.
2284 5293 2337 5350 5.
2363 5290 2384 5367 ]
2426 5293 2642 5352 Psallite
2672 5296 2887 5357 Domino
2937 5306 3099 5359 sancti
3147 5306 3260 5378 ejus
3282 5324 3300 5361 :
3321 5306 3505 5364 exsul-

1913 5396 1987 5445 tat
2039 5385 2305 5458 Propheta
2357 5385 2534 5445 futura
2580 5390 2679 5446 ista
2738 5409 2985 5464 cernens,
3031 5407 3085 5455 et
3128 5398 3315 5467 dieit‘,
3355 5394 3506 5465 Psato

1913 5479 2000 5535 lite
2037 5478 2257 5536 Domino
2292 5482 2455 5536 sancti
2495 5484 2626 5555 ejus.
2660 5482 2729 5540 Et
2755 5489 3067 5556 conﬁtemini
3094 5491 3345 5546 memoria:
3386 5508 3509 5547 san-

1911 5571 2098 5629 ctitatis
2144 5573 2252 5646 ejus
2289 5588 2311 5629 :
2339 5582 2394 5628 et
2425 5574 2751 5633 conﬁtemini
2780 5579 2831 5634 ei
2865 5582 3006 5650 quod
3050 5582 3364 5652 sanctitatis,
3397 5598 3505 5656 qua

1911 5678 2009 5739 vos
2039 5662 2408 5732 sanctiﬁcavit,
2437 5681 2541 5722 non
2581 5674 2666 5723 est
2689 5666 2905 5739 oblitus,
2928 5687 3048 5728 cum
3074 5680 3241 5727 totum
3264 5671 3365 5730 hoc
3391 5688 3507 5733 me-

1911 5736 2059 5812 didm
2084 5766 2288 5827 tempus
2308 5755 2575 5815 desiderio
2599 5769 2777 5815 vestro
2798 5736 3013 5832 longum
3040 5772 3199 5819 esset.

1979 5893 1995 5927 ι
2023 5899 2128 5944 Mss.
2150 5903 2326 5971 magno
2912 5894 2961 5946 et
2980 5891 3131 5948 dicat.

1794 6067 1949 6088 ..νλ
