4032 6476
605 523 660 580 6.
701 520 722 597 [
740 538 869 578 vers.
893 521 949 578 6.
971 520 992 596 ]
1011 521 1262 589 Quoniam
1285 521 1364 577 ira
1381 521 1434 576 in
1452 518 1801 592 indignatione
1821 523 1932 594 ejus
1954 538 1974 578 :
1992 538 2125 594 quo-

535 613 679 669 niam
709 613 994 669 vindicavit
1023 614 1075 669 in
1091 603 1186 669 vos
1207 614 1435 684 primum
1463 622 1762 683 peccatum,
1786 613 1927 684 quod
1953 624 2127 671 morte

534 704 790 760 solvistis.
819 702 886 758 Et
914 705 1015 758 vita
1041 705 1095 759 in
1118 703 1374 759 voluntate
1401 707 1509 774 ejus
1539 712 1631 759 :et
1659 704 1818 758 vitam
1845 713 2122 773 aeternam,

533 797 602 852 ad
629 813 789 868 quam
834 796 1008 852 redire
1034 796 1194 853 nullis
1241 797 1435 852 vestris
1473 795 1677 850 viribus
1702 795 1930 866 possetis
1954 836 1970 862 ,
2003 797 2124 866 quia

531 889 700 944 voluit
743 887 906 944 dedit.
946 887 1161 959 Vespere
1189 888 1528 942 demorabitur
1551 889 1702 959 fletus
1749 886 1823 960 (a)
1855 905 1870 941 :
1902 902 2126 958 vespere

531 987 727 1058 cmpit,
762 987 850 1042 ubi
890 986 1164 1058 sapientiae
1193 986 1371 1041 lumen
1408 984 1633 1041 recessit
1674 998 1704 1037 a
1741 991 1994 1053 peccante
2023 982 2124 1038 ho-

532 1080 696 1145 mine,
727 1079 940 1150 quando
981 1086 1155 1134 morte
1204 1077 1484 1133 damnatus
1512 1085 1626 1142 est;
1660 1075 1726 1130 ab
1755 1075 1870 1145 ipso
1898 1088 2124 1144 vespere

531 1185 708 1225 moras
731 1170 944 1224 habebit
975 1170 1128 1225 ﬂetus
1151 1210 1166 1235 ,
1193 1169 1444 1240 quamdiu
1475 1167 1526 1222 in
1555 1165 1826 1221 laboribus
1869 1174 1924 1221 et
1954 1173 2124 1220 tenta-

531 1263 765 1318 tionibus
788 1264 1012 1334 populus
1033 1263 1125 1317 Dei
1147 1271 1418 1332 exspectat
1437 1261 1576 1315 diem
1601 1259 1828 1314 Domini.
1855 1257 1920 1312 Et
1937 1259 1989 1312 in
2013 1275 2122 1311 ma-

528 1356 745 1408 tutinum
781 1355 1047 1408 exsultatio
1071 1369 1089 1408 :
1117 1369 1280 1424 usque
1305 1353 1357 1408 in
1389 1353 1722 1417 matutinum,
1747 1366 1852 1420 quo
1878 1351 2119 1406 exsulta-

527 1447 604 1502 tio
630 1447 1039 1502 resurrectionis
1069 1445 1244 1500 futura
1267 1455 1369 1511 est,
1402 1460 1518 1516 quae
1540 1445 1592 1498 in
1624 1443 1882 1498 matutina
1911 1442 2120 1498 Domini

526 1540 924 1597 resurrectione
953 1538 1263 1609 prarlloruit.

598 1635 651 1688 7.
695 1633 714 1707 [
742 1653 869 1689 vers.
905 1636 956 1688 7.
987 1633 1006 1706 ]
1039 1634 1147 1705 Ego
1191 1641 1356 1687 autem
1391 1633 1499 1686 dixi
1535 1632 1589 1686 in
1630 1629 1940 1685 abundantia
1970 1645 2114 1696 mea,

528 1727 652 1782 Non
690 1729 919 1784 movebar
960 1721 1018 1782 in‘
1050 1737 1294 1782 aeternum
1320 1742 1342 1781 :
1367 1741 1466 1796 ego
1509 1733 1686 1779 autem
1730 1724 1818 1778 ille
1855 1722 2114 1792 populus,

524 1820 613 1890 qui
645 1821 712 1874 ab
755 1821 904 1874 initio
944 1820 1216 1890 loquebar,
1245 1818 1354 1873 dixi
1384 1818 1436 1872 in
1487 1831 1604 1872 mea
1633 1814 1978 1881 abundantia,
2005 1815 2116 1885 jam

524 1912 719 1966 nullam
770 1913 974 1982 patiens
1021 1921 1312 1983 egestatem
1373 1929 1385 1966 :
1445 1909 1568 1965 Non
1609 1909 1840 1964 movebar
1877 1909 1932 1963 in
1966 1917 2116 1963 teter-

523 2021 663 2059 num.

591 2097 644 2151 8.
689 2096 709 2170 [
735 2113 862 2152 vers.
888 2097 967 2171 8.]
999 2097 1232 2164 Domine,
1263 2098 1313 2152 in
1344 2098 1597 2151 voluntate
1617 2104 1702 2148 tua
1729 2095 2008 2166 prcestitisti
2029 2094 2118 2148 de-

521 2189 630 2243 cori
670 2206 780 2244 nteo
813 2193 1042 2245 virtutem
1071 2207 1089 2245 :
1119 2191 1212 2245 sed
1258 2191 1394 2245 hanc
1420 2187 1816 2252 abundantiam,
1854 2187 2110 2253 Domine,

523 2296 630 2336 non
660 2297 722 2336 ex
751 2299 834 2336 me
863 2283 991 2338 mihi
1021 2299 1162 2350 esse,
1190 2283 1282 2338 sed
1311 2284 1361 2337 in
1391 2282 1663 2337 voluntate
1691 2290 1777 2335 tua
1805 2280 2116 2350 prmstitisse

522 2379 576 2428 te
602 2372 778 2427 decori
807 2389 926 2428 meo
955 2375 1202 2429 virtutem
1227 2390 1294 2430 ex
1321 2389 1386 2430 eo
1411 2374 1607 2438 didici,
1652 2373 1885 2427 Avertisti
1907 2381 2074 2426 autent
2095 2372 2112 2404 ¹

520 2467 704 2536 faciem
748 2476 886 2520 tuam
931 2485 962 2520 a
1001 2485 1111 2532 nte,
1142 2478 1190 2522 et
1237 2468 1400 2538 factus
1429 2483 1540 2521 sum
1577 2467 1938 2530 conturbatus;
1972 2463 2115 2535 quod

520 2558 761 2613 avertisti
787 2558 1072 2629 aliquando
1101 2574 1129 2612 a
1160 2566 1415 2629 peccante
1456 2559 1640 2613 faciem
1667 2566 1833 2618 tuam,
1866 2565 1920 2611 et
1947 2555 2114 2612 factus

519 2667 637 2726 sum
669 2653 1013 2708 conturbatus
1033 2694 1046 2719 ,
1077 2651 1362 2708 recedente
1392 2667 1422 2705 a
1467 2666 1554 2706 me
1593 2648 1981 2704 illuminatione
2020 2661 2116 2703 no-

519 2743 648 2798 titia:
677 2752 799 2798 tum.

589 2836 643 2891 9.
687 2835 852 2910 [vers.
879 2836 931 2892 9.
958 2835 978 2910 ]
1003 2836 1084 2890 Ad
1118 2845 1194 2903 te,
1225 2835 1468 2902 Domine,
1495 2832 1726 2888 clamabo
1745 2872 1759 2898 ,
1787 2841 1835 2888 et
1857 2831 1925 2885 ad
1949 2831 2112 2884 Deum

517 2946 681 2984 meum
701 2929 1003 3001 deprecabor
1030 2946 1048 2984 :
1077 2929 1220 3001 quod
1241 2937 1454 2998 tempus
1489 2925 1909 2983 conturbationis
1935 2933 1989 2980 et
2009 2924 2110 2978 mi-

517 3022 670 3075 seria:
701 3036 834 3075 mea:
874 3021 1114 3076 recolens
1138 3062 1151 3085 ,
1180 3031 1235 3074 et
1263 3029 1511 3088 tanquam
1562 3019 1614 3072 in
1661 3032 1727 3072 eo
1755 3016 2074 3071 constitutus
2093 3055 2110 3083 ,

517 3112 676 3166 audio
704 3127 889 3167 vocem
924 3111 1258 3182 primogeniti
1287 3110 1382 3175 tui,
1400 3108 1588 3178 capitis
1617 3108 1722 3163 mei
1750 3123 1848 3177 pro
1879 3123 1964 3161 me
1991 3121 2111 3160 mo-

518 3203 691 3271 rituri,
719 3212 774 3260 ot
795 3203 1021 3258 dicentis
1045 3221 1058 3258 :
1080 3203 1160 3257 Ad
1177 3211 1243 3270 te,
1263 3201 1498 3268 Domine,
1520 3199 1771 3267 clamabo,
1797 3208 1844 3252 et
1864 3198 1932 3252 ad
1949 3197 2112 3252 Deum

519 3313 686 3350 meum
715 3297 1038 3366 deprecabor.

589 3389 676 3444 10.
720 3387 888 3461 [υενε.
921 3390 1006 3444 10.
1031 3387 1052 3462 ]
1083 3387 1210 3456 Qua:
1234 3387 1426 3442 utilitas
1459 3387 1514 3440 in
1541 3385 1788 3456 sanguine
1810 3399 1924 3438 meo
1947 3424 1964 3450 ,
1989 3382 2110 3436 dum

517 3481 762 3536 descendo
803 3481 856 3534 in
896 3479 1316 3550 corruptionem?
1362 3495 1481 3550 qua:
1510 3477 1711 3534 utilitas
1752 3477 1803 3531 in
1852 3475 2111 3532 effusione

517 3573 788 3642 sanguinis
804 3573 931 3639 mei,
950 3573 1074 3628 dum
1099 3571 1364 3627 descendo
1399 3572 1452 3626 in
1481 3569 1920 3640 corruptionem?
1945 3567 2113 3622 Num-

519 3664 642 3733 quid
661 3665 979 3733 conﬁtebitur
1003 3664 1091 3717 tibi
1111 3662 1317 3735 pulvis?
1345 3661 1400 3718 Si
1422 3662 1562 3718 enim
1595 3677 1700 3716 non
1730 3661 1908 3716 statim
1928 3675 2112 3714 resur-

521 3770 737 3822 rexcro,
771 3763 1189 3824 corruptumque
1219 3754 1376 3809 fuerit
1401 3769 1596 3824 corpus
1627 3768 1835 3815 meum,
1865 3751 2112 3818 numquid

520 3847 840 3916 conﬁtebitur
868 3847 955 3900 tibi
987 3847 1148 3916 pulvis
1167 3887 1180 3911 ,
1211 3845 1260 3899 id
1289 3855 1372 3900 est
1414 3844 1566 3899 turba
1597 3843 1879 3914 impiorum
1907 3885 1922 3910 ,
1951 3858 2111 3914 quam

522 3954 639 3995 mea
679 3938 1070 3994 resurrectione
1109 3935 1449 4006 justiﬁcabo?
1479 3936 1580 3990 Aut
1614 3935 1935 3990 annuntiabit
1975 3935 2111 3990 veri-

519 4042 670 4087 tatem
715 4031 893 4084 tuam?
922 4040 1012 4085 aut
1053 4030 1387 4085 annuntiabit
1417 4029 1484 4084 ad
1522 4029 1747 4085 salutem
1793 4039 2110 4085 creterorum

519 4123 794 4179 veritatem
824 4121 1000 4176 tuam?

593 4215 681 4268 Η.
724 4213 896 4286 [vers.
931 4211 1055 4284 ll.]
1085 4210 1290 4265 Audiuit
1328 4209 1579 4264 Dominus
1603 4251 1618 4276 ,
1671 4219 1718 4264 et
1766 4210 1996 4265 misertus
2037 4219 2112 4265 est

520 4306 683 4372 mihi;
730 4304 977 4360 Dominus
1011 4305 1174 4375 [actus
1219 4314 1292 4358 est
1331 4304 1536 4374 adjutor
1583 4319 1724 4357 meus
1763 4319 1782 4358 :
1822 4318 1922 4359 nec
1964 4301 2113 4358 dedit

519 4406 756 4453 sanctum
783 4411 936 4452 suum
964 4395 1148 4451 videre
1173 4395 1569 4466 corruptionem
1601 4394 1619 4464 (
1655 4391 1800 4448 Psal.
1828 4409 1930 4460 xv,
1973 4393 2042 4448 10
2067 4386 2108 4465 ).

592 4489 679 4544 19..
720 4489 891 4561 [vers.
921 4487 1010 4542 12.
1039 4486 1060 4562 ]
1096 4486 1396 4542 Convertisti
1424 4486 1686 4558 planctum
1714 4503 1880 4541 meum
1901 4487 1953 4540 in
1979 4503 2112 4557 gau-

521 4583 661 4636 dium
687 4582 811 4636 mihi
836 4597 853 4635 :
877 4595 1034 4652 quem
1059 4580 1471 4650 primogenitum
1500 4594 1528 4633 a
1560 4579 1784 4634 mortuis
1827 4585 2111 4633 consecuta

523 4670 786 4738 Ecclesia,
815 4687 957 4727 nunc
995 4672 1051 4725 in
1087 4670 1422 4726 dedicatione
1443 4670 1635 4724 domus
1666 4678 1771 4724 tute
1795 4668 1948 4735 dico,
1976 4668 2111 4724 Con-

521 4766 710 4820 vertisti
752 4763 1011 4832 planctum
1060 4779 1226 4816 meum
1268 4763 1321 4816 in
1365 4761 1608 4833 gaudium
1643 4761 1786 4814 mihi.
1811 4759 2113 4816 Conscidisti

522 4871 723 4909 saccum
765 4871 964 4920 meum,
1010 4863 1056 4908 et
1084 4853 1393 4924 prwcinxisti
1433 4869 1511 4906 me
1553 4852 1729 4907 laetitia
1759 4867 1778 4905 :
1805 4851 2111 4907 conscidisti

520 4945 876 5001 velamentum
905 4956 1242 5016 peccatorum
1268 4959 1508 5000 meorum
1530 4986 1546 5012 ,
1579 4944 1848 4999 tristitiam
1877 4944 2114 4999 mortali-

519 5039 644 5094 tatis
690 5052 856 5106 meze;
885 5049 938 5094 et
983 5038 1192 5094 cinxisti
1240 5053 1326 5094 me
1375 5037 1515 5093 stola
1569 5037 1769 5108 prima,
1822 5035 2111 5091 immortali

522 5129 728 5186 laetitia.

592 5222 681 5277 15.
724 5218 899 5294 [vers.
945 5221 1074 5295 15.]
1118 5219 1186 5277 Ut
1225 5229 1389 5276 cantet
1427 5221 1515 5276 tibi
1551 5221 1714 5292 gloria
1745 5237 1890 5286 mea,
1932 5229 2112 5276 etnon

519 5329 834 5386 compungar
864 5329 884 5368 :
908 5322 966 5367 ut
988 5312 1094 5383 jam
1119 5328 1225 5368 non
1253 5313 1485 5384 plangat,
1515 5313 1607 5368 sed
1635 5320 1812 5368 cantet
1841 5313 1935 5368 tibi
1960 5353 1974 5376 ,
2003 5327 2110 5367 non

424 5402 426 5404 ’
519 5405 820 5472 humilitas,
866 5407 958 5462 sed
998 5407 1164 5478 gloria
1211 5423 1364 5472 mea,
1409 5408 1531 5477 quia
1563 5408 1670 5478 jam
1714 5423 1778 5462 ex
1817 5407 2113 5487 humilitate

521 5501 762 5556 cxaltasti
791 5516 905 5566 me;
935 5510 986 5556 ct
1029 5515 1133 5555 non
1163 5515 1490 5570 compungar
1512 5499 1838 5555 conscientia
1869 5501 2108 5570 peccati,

521 5591 714 5648 timore
743 5592 953 5659 mortis,
986 5591 1397 5662 limorejudicii.
1441 5591 1656 5646 Domine
1687 5590 1828 5645 Deus
1853 5608 1993 5646 meus
2012 5632 2028 5658 ,
2057 5591 2110 5644 in

525 5693 766 5739 aeternum
792 5683 1066 5756 conﬁtebor
1087 5685 1172 5738 tibi
1193 5702 1205 5738 :
1224 5692 1279 5739 et
1295 5684 1409 5739 hcce
1424 5693 1505 5738 est
1531 5683 1700 5754 gloria
1723 5698 1862 5752 mea,
1889 5682 2112 5738 Domine

584 5840 605 5904 ξ
627 5839 700 5904 sic
721 5845 825 5904 Mss.
848 5839 1068 5904 plerique
1087 5842 1228 5904 juxta
1249 5846 1377 5904 LXX.
1405 5834 1646 5904 [.tt‘crtisti
1665 5835 1876 5904 [aciem].

583 5899 658 5970 (a)
695 5907 761 5952 Dc
785 5897 1178 5969 hacpartc’véts.
1203 5902 1235 5954 ϐ
1254 5901 1365 5954 vide
1389 5897 1524 5950 Euar.
1545 5898 1576 5949 2
1592 5897 1709 5952 Psal.
1735 5897 1861 5956 tvm}
1885 5912 1934 5950 n.
1962 5897 2038 5952 l0.

1760 408 1824 466 S.
1861 407 2232 469 AUGUSTINI
2271 407 2578 468 EPISCOPI

3722 406 3829 469 216

2235 523 2376 582 Deus
2401 540 2577 594 meus,
2607 531 2666 580 ut
2685 524 2738 581 in
2767 530 3024 581 aeternum
3047 524 3306 583 conﬁtear
3329 523 3425 583 tibi
3443 568 3461 594 ,
3502 527 3648 600 quod
3677 521 3818 585 nibﬁ

2230 616 2361 672 mibi
2390 632 2459 673 ex
2488 632 2594 683 me,
2613 617 2708 673 sed
2729 618 2907 673 omnia
2923 617 3063 674 bona
3088 633 3155 674 ex
3178 626 3252 689 te,
3273 619 3363 690 qui
3383 635 3445 678 es
3470 620 3614 680 Deus
3631 621 3819 680 omnis

2232 709 2287 765 in
2305 711 2558 789 omnibus
2588 711 2650 784 (l
2678 710 2797 766 Cor.
2828 727 2918 778 xv,
2945 710 3034 767 28.
3059 711 3079 783 )

2764 804 3163 861 ENARRATIO
3200 804 3266 860 ll.

2726 912 2900 953 εειιιιο
2937 914 3006 952 ΑΙ)
3045 913 3313 954 ιιορυιυι.

2303 989 2354 1046 Ι.
2400 989 2513 1046 Hoc
2551 997 2698 1046 certe
2743 991 3070 1048 cantavitnus
3099 1009 3112 1045 :
3142 991 3392 1046 Exaltabo
3433 1001 3514 1059 te,
3560 992 3820 1063 Domine,

2227 1083 2464 1154 quoniam
2505 1083 2769 1153 suscepisti
2805 1101 2914 1151 me,
2945 1100 3034 1138 nec
3073 1085 3374 1156 jucundasti
3401 1085 3633 1142 inimicos
3681 1101 3821 1142 meos

2226 1190 2380 1245 super
2403 1191 2498 1228 me.
2529 1174 2583 1230 Si
2615 1176 2924 1231 noverimus
2965 1175 3033 1231 de
3057 1175 3347 1248 Scripturis
3375 1180 3575 1233 sanctis
3598 1179 3689 1248 qui
3709 1179 3822 1235 sint

2229 1264 2425 1321 inimici
2458 1267 2645 1332 nostri,
2691 1268 3060 1338 cognoscimus
3086 1268 3242 1338 hujus
3270 1270 3461 1324 cantici
3493 1270 3818 1327 veritatem:

2225 1357 2271 1413 si
2297 1367 2473 1414 autem
2501 1374 2597 1416 nos
2623 1360 2771 1416 fallat
2795 1362 2970 1418 carnis
2991 1361 3297 1432 prudentia,
3317 1371 3376 1417 ut
3400 1378 3504 1418 non
3526 1377 3826 1431 cognosea.

2225 1467 2341 1508 mus
2369 1452 2624 1509 adversus
2647 1469 2782 1524 quos
2804 1454 2956 1509 nobis
2976 1455 3045 1509 sit
3060 1455 3385 1521 colluctatio,
3406 1455 3456 1510 in
3490 1456 3608 1526 ipso
3627 1456 3822 1527 psalmi

2225 1545 2382 1616 hujus
2408 1547 2629 1602 exordio
2650 1548 2950 1603 invenimus
2976 1549 3328 1618 quaestionem
3353 1588 3368 1616 ,
3392 1564 3554 1620 quam
3601 1549 3824 1607 solvero

2223 1654 2327 1694 non
2351 1656 2653 1710 possumus.
2684 1641 2850 1711 Cujus
2874 1642 3016 1697 enim
3047 1653 3290 1712 putamus
3316 1657 3503 1698 vocem
3534 1657 3656 1699 esse
3697 1644 3821 1698 lau-

2225 1731 2401 1786 dantis
2420 1733 2583 1795 Deum
2603 1743 2655 1788 et
2674 1735 2878 1804 gratias
2901 1735 3108 1804 agentis
3124 1745 3179 1790 et
3203 1735 3516 1790 exsultantis
3543 1745 3703 1806 atque
3731 1733 3821 1791 di-

2221 1823 2390 1880 centis
2423 1843 2435 1877 :
2465 1821 2715 1878 Exaltabo
2745 1835 2812 1891 te,
2840 1824 3055 1880 Domine
3074 1865 3092 1891 ,
3119 1827 3358 1896 quoniam
3401 1826 3659 1896 suscepisti
3693 1841 3819 1894 me,

2221 1932 2312 1969 nec
2332 1917 2634 1987 jucundasti
2660 1917 2890 1972 inimicos
2921 1934 3056 1973 meos
3093 1935 3244 1987 super
3282 1919 3405 1972 me?
3431 1917 3614 1973 Primo
3637 1918 3819 1987 ipsum

2223 2008 2502 2062 Dominum
2535 2008 2957 2075 consideremus,
2976 2011 3067 2080 qui
3091 2010 3381 2065 secundum
3405 2009 3456 2066 id
3485 2010 3626 2080 quod
3648 2009 3820 2067 homo

2221 2113 2341 2153 esse
2356 2098 2603 2169 dignatus
2620 2111 2718 2165 est,
2737 2102 2910 2170 potuit
2926 2101 3026 2156 sibi
3050 2117 3144 2172 per
3165 2101 3554 2172 przecedentem
3573 2101 3818 2173 prophe-

2224 2190 2348 2243 tiam
2373 2205 2476 2244 non
2506 2192 2794 2262 incongrue
2815 2191 2976 2246 verba
3001 2192 3101 2247 ista
3127 2201 3378 2263 coaptare
3407 2211 3420 2247 :
3451 2208 3518 2248 ex
3543 2209 3648 2263 quo
3669 2192 3819 2248 enim

2222 2279 2384 2334 homo
2411 2321 2427 2347 ,
2459 2295 2524 2336 ex
2554 2280 2655 2336 hoc
2686 2290 2740 2337 et
2767 2280 3040 2347 inﬁrmus;
3073 2298 3140 2338 ex
3168 2299 3274 2353 quo
3301 2283 3546 2340 inﬁrmus
3568 2326 3583 2351 ,
3614 2299 3680 2340 ex
3708 2284 3822 2342 hoc

2221 2379 2275 2426 et
2300 2387 2481 2427 orans.
2513 2371 2645 2427 Nam
2673 2373 2816 2444 quod
2847 2373 3008 2429 modo
3035 2375 3336 2431 audivimus
3359 2416 3374 2441 ,
3410 2391 3530 2431 cum
3566 2376 3821 2448 Evange-

2221 2465 2349 2519 lium
2392 2465 2692 2536 legeretur,
2743 2467 3192 2537 quemadmodum
3239 2469 3398 2523 etiam
3445 2470 3498 2522 in
3540 2469 3822 2528 desertum

2219 2558 2503 2612 secesserit
2529 2573 2558 2612 a
2587 2557 2859 2627 discipulis
2883 2559 2995 2613 suis
3018 2599 3033 2625 ,
3061 2573 3167 2629 quo
3190 2573 3312 2614 eum
3339 2568 3463 2615 sunt
3496 2561 3772 2618 consecuti
3798 2601 3818 2630 ,

2218 2656 2273 2703 et
2319 2648 2638 2704 invenerunt
2688 2665 2810 2704 eum
2857 2667 2870 2704 :
2923 2649 3180 2706 secedens
3220 2658 3396 2705 autem
3424 2650 3494 2705 ibi
3518 2652 3729 2718 orabat,
3759 2661 3822 2710 et

2217 2738 2416 2793 dictum
2444 2749 2526 2794 est
2554 2755 2582 2794 a
2605 2740 2882 2811 discipulis
2908 2741 2996 2812 qui
3027 2756 3149 2796 eum
3177 2741 3533 2809 invenerunt,
3565 2742 3822 2810 Quarum

2218 2839 2263 2884 te
2289 2831 2550 2896 homines;
2575 2841 2628 2888 at
2657 2832 2744 2887 ille
2770 2832 3086 2903 respondit:
3114 2833 3306 2888 Eamus
3327 2843 3374 2888 et
3393 2834 3448 2887 in
3475 2833 3708 2888 alialoca
3732 2843 3822 2890 at-

2216 2938 2312 2992 que
2335 2923 2540 2978 castella
2570 2924 2886 2993 praedicare;
2912 2925 2981 2979 ad
3009 2925 3103 2980 hoc
3126 2926 3259 2980 enim
3287 2926 3400 2981 veni
3427 2925 3633 3000 (Marci
3659 2943 3694 2993 ι,
3715 2927 3818 2997 55,

2216 3014 2307 3080 '57,
2341 3012 2476 3086 58).
2526 3015 2584 3069 Si
2626 3015 2958 3072 divinitatem
2991 3018 3197 3073 Domini
3246 3019 3416 3073 nostri
3460 3017 3587 3074 Jesu
3611 3019 3821 3077 Christi

2215 3105 2527 3162 consideres
2549 3147 2565 3174 ,
2597 3108 2716 3178 quis
2761 3109 2916 3163 orat?
2958 3109 3025 3164 ad
3067 3125 3226 3180 quem
3271 3111 3427 3167 orat?
3452 3126 3615 3182 quare
3643 3121 3770 3168 orat
3790 3111 3819 3168 τ

2215 3197 2346 3253 Orat
2375 3198 2551 3252 Deus?
2579 3207 2697 3254 orat
2721 3199 2788 3255 ad
2825 3201 3128 3272 aequalem?
3155 3201 3384 3258 Causam
3411 3211 3587 3258 autem
3619 3202 3821 3261 orandi

2187 3307 2375 3363 squam
2406 3291 2602 3360 habet,
2654 3307 2867 3365 semper
2915 3295 3133 3362 beatus,
3181 3311 3396 3368 semper
3421 3297 3766 3366 omnipotens
3797 3339 3818 3367 ,

2215 3398 2429 3454 semper
2452 3385 2917 3452 incommutabilis,
2950 3398 3201 3454 aeternus,
3221 3397 3276 3444 et
3298 3388 3440 3444 Patri
3468 3398 3774 3446 coaeternus
3793 3391 3821 3447 τ

2216 3474 2489 3531 intuentes
2506 3491 2634 3544 ergo
2656 3477 2796 3547 quod
2822 3493 2916 3547 per
2938 3477 3219 3544 Joannem,
3233 3479 3387 3550 quasi
3409 3494 3505 3550 per
3522 3480 3820 3550 quamdam

2215 3567 2412 3622 nubem
2443 3581 2615 3633 suam,
2648 3568 2762 3638 ipse
2793 3567 3041 3635 intonuit,
3069 3567 3255 3625 dicens
3287 3585 3302 3623 :
3329 3568 3399 3624 In
3425 3570 3674 3640 principio
3699 3579 3821 3627 erat

2224 3655 2461 3724 Verbum,
2484 3667 2532 3712 et
2567 3657 2782 3713 Verbum
2809 3667 2918 3714 erat
2940 3661 3079 3730 apud
3105 3659 3289 3728 Deum,
3316 3670 3363 3715 et
3381 3659 3520 3716 Deus
3541 3670 3650 3714 erat
3688 3659 3823 3717 Ver-

2215 3749 2333 3802 bum
2357 3791 2372 3814 ,
2407 3751 2503 3804 hoc
2545 3760 2650 3804 erat
2683 3751 2736 3805 in
2769 3751 3026 3826 principio
3068 3751 3207 3822 apud
3240 3750 3406 3806 Deum
3447 3766 3469 3805 :
3505 3751 3676 3806 omnia
3718 3769 3822 3822 per

2215 3842 2380 3912 ipsum
2400 3842 2537 3912 facta
2560 3851 2696 3910 sunt,
2728 3851 2772 3896 et
2801 3842 2910 3896 sine
2925 3844 3035 3913 ipso
3063 3846 3257 3914 factum
3281 3851 3353 3898 est
3376 3842 3504 3897 nihil
3527 3856 3552 3898 :
3573 3843 3710 3913 quod
3727 3847 3820 3914 fa-

2215 3943 2348 3988 ctum
2375 3944 2447 3989 est
2477 3934 2529 3988 in
2548 3924 2756 3988 illo'vita
2779 3943 2856 3989 est
2879 3935 2920 4000 ‘,
2939 3943 2986 3988 et
3013 3934 3114 3988 vita
3127 3943 3234 3988 erat
3249 3934 3342 3989 tua:
3355 3934 3634 4000 hominum,
3652 3942 3699 3988 et
3717 3933 3823 3990 lus

2214 4026 2267 4078 in
2297 4026 2508 4080 tenebris
2541 4025 2698 4091 lueet,
2729 4035 2778 4080 et
2814 4025 3028 4080 tenebrae
3051 4041 3163 4080 eam
3189 4041 3292 4080 non
3323 4025 3822 4096 comprehenderunt

2217 4115 2408 4188 (Joan.
2442 4132 2495 4182 ι,
2524 4117 2658 4185 1-5)
2689 4133 2701 4169 :
2737 4116 2840 4170 huc
2873 4129 3044 4187 usque
3067 4114 3306 4171 dicentes
3325 4157 3342 4184 ,
3366 4130 3472 4170 non
3504 4113 3822 4174 invenimus

2215 4207 2511 4262 orationem
2537 4249 2553 4272 ,
2586 4222 2686 4263 nec
2712 4221 2927 4263 causam
2977 4207 3203 4275 orandi,
3230 4221 3330 4264 nec
3358 4207 3533 4264 locum
3575 4207 3774 4264 orandi
3798 4249 3820 4278 ,

2217 4314 2315 4354 nec
2353 4297 2604 4354 allectum
2644 4299 2853 4355 orandi.
2903 4297 3010 4354 Sed
3039 4300 3286 4370 quoniam
3313 4298 3473 4369 paulo
3499 4307 3619 4368 post
3640 4297 3819 4367 dicit,

2218 4391 2285 4446 Et
2314 4391 2531 4446 Verbum
2553 4408 2671 4446 caro
2697 4391 2886 4461 factum
2908 4399 3004 4457 est,
3034 4399 3080 4445 et
3105 4391 3346 4445 habitavit
3371 4391 3423 4444 in
3444 4390 3586 4445 nobis
3612 4388 3818 4461 (lbid.,

2217 4485 2287 4539 14
2311 4483 2329 4554 )
2354 4501 2368 4549 ;
2397 4483 2561 4539 babes
2582 4483 2915 4554 majestatem
2943 4482 3010 4537 ad
3039 4497 3198 4553 quam
3225 4497 3348 4538 ores
3371 4523 3387 4549 ,
3415 4481 3581 4538 habes
3610 4481 3817 4540 huma-

2216 4578 2433 4632 nitatem
2489 4592 2608 4647 quae
2649 4591 2747 4646 pro
2797 4585 2848 4632 te
2896 4585 3034 4632 oret.
3080 4575 3212 4630 Nam
3254 4575 3356 4632 hoc
3398 4575 3597 4632 dictum
3628 4585 3710 4632 est
3740 4577 3823 4634 ab

2215 4668 2494 4738 Apostolo,
2526 4666 2687 4722 etiam
2725 4675 2848 4738 post
2891 4667 3339 4723 resurrectionem
3385 4665 3592 4722 Domini
3636 4668 3825 4724 nostri

2217 4759 2344 4814 Jesu
2371 4759 2565 4814 Christi
2594 4775 2608 4812 :
2640 4757 2740 4824 Qui
2767 4759 2935 4827 sedet,
2958 4758 3163 4829 inquit,
3205 4758 3274 4812 ad
3293 4758 3551 4813 dexteram
3578 4757 3692 4826 Dei,
3718 4761 3825 4830 qui

2215 4852 2369 4905 etiam
2385 4849 2673 4920 interpellat
2699 4867 2792 4922 pro
2817 4851 2958 4905 nobis
2988 4852 3007 4922 (
3037 4849 3186 4906 Rom.
3215 4866 3328 4919 vui,
3360 4852 3431 4908 54
3451 4852 3491 4922 ).
3517 4851 3693 4920 Quare
3721 4851 3824 4910 in-

2217 4943 2462 5013 terpellat
2486 4957 2584 5013 pro
2626 4941 2815 4998 nobis?
2841 4943 2974 5011 Quia
3001 4943 3263 4999 mediator
3283 4958 3404 5000 esse
3429 4943 3674 5015 dignatus
3700 4956 3823 5002 est.

2216 5035 2354 5102 Quid
2405 5044 2486 5090 est
2531 5035 2878 5091 mediatorem
2928 5051 3048 5092 esse
3077 5037 3216 5093 inter
3248 5036 3417 5092 Deum
3463 5045 3520 5093 et
3562 5037 3828 5098 homines

2217 5129 2236 5198 (
2268 5127 2444 5182 lTim.
2475 5144 2546 5194 ιι,
2590 5128 2624 5184 5
2653 5127 2709 5199 )?
2743 5127 2857 5184 Non
2885 5129 3023 5183 inter
3048 5127 3260 5185 Patrem
3302 5139 3357 5184 et
3385 5127 3629 5185 homines
3651 5171 3668 5188 .
3711 5131 3828 5188 sed

2218 5223 2358 5278 inter
2375 5223 2542 5278 Deum
2565 5230 2620 5278 et
2639 5221 2902 5278 homines.
2922 5221 3058 5288 Quid
3075 5230 3158 5279 est
3181 5222 3322 5278 Deus
3339 5222 3363 5276 Ἰ
3379 5222 3448 5278 Pa
3457 5233 3536 5277 tcr
3566 5234 3622 5282 et
3643 5222 3830 5281 Filius

2217 5324 2273 5370 et
2294 5315 2521 5386 Spiritus
2547 5322 2780 5371 sanctus.
2803 5313 2938 5382 Quid
2967 5323 3091 5368 sunt
3130 5311 3414 5370 homines?
3457 5313 3822 5382 l’eccaiot'es,

2219 5409 2404 5478 impii,
2439 5407 2712 5463 mortales.
2741 5406 2886 5462 inter
2909 5406 3053 5461 illam
3081 5405 3396 5462 Trinitatem
3433 5415 3487 5462 et
3530 5405 3832 5462 hominum

2218 5501 2580 5557 inﬁrmitatem
2597 5508 2651 5555 et
2675 5499 3028 5570 iniquitatem,
3049 5498 3311 5555 mediator
3330 5498 3502 5554 factus
3515 5507 3600 5553 est
3623 5498 3824 5569 homo,

2219 5608 2324 5648 non
2357 5593 2584 5662 iniquus,
2615 5592 2708 5646 sed
2735 5600 2911 5647 tamen
2939 5590 3213 5658 inﬁrmus;
3253 5599 3312 5646 ut
3345 5607 3410 5646 ex
3437 5605 3502 5646 eo
3529 5589 3676 5660 quod
3705 5606 3828 5652 non

2219 5685 2430 5755 iniquus
2454 5725 2469 5750 ,
2497 5685 2747 5755 jungeret
2776 5692 2828 5739 te
2869 5684 3011 5750 Deo;
3035 5699 3099 5740 ex
3126 5698 3192 5740 eo
3217 5682 3360 5754 quod
3384 5683 3652 5749 inﬁrmus,
3684 5697 3830 5752 pro-

2219 5782 2500 5852 pinquaret
2557 5777 2651 5832 tibi
2701 5795 2714 5831 :
2761 5785 2920 5848 atque
2970 5778 3040 5832 ita
3071 5818 3086 5842 ,
3149 5786 3206 5832 ut
3249 5777 3388 5831 inter
3434 5775 3710 5832 hominem
3765 5783 3830 5838 et

2287 5897 2303 5927 ι
2330 5893 2459 5960 aut,
2483 5893 2534 5946 in
2555 5891 2640 5946 illo
2659 5893 2755 5944 vita
2775 5899 2897 5944 erat.
2919 5893 3224 5957 Antiquiorcs
3243 5896 3374 5956 Mss,
3393 5895 3489 5942 vita
3509 5895 3598 5946 est.
