4032 6464
188 395 273 454 ΞΠ
1246 403 1646 466 ENARRATID
1682 399 1750 460 ΙΝ
1788 401 2118 465 PSALMUM
2154 407 2348 466 XXIX.

189 535 333 594 Deum
370 525 644 584 mediator
674 527 980 596 existeret,
1014 524 1230 582 Verbum
1262 542 1383 582 cura
1423 527 1616 596 factum
1662 531 1764 589 est,

192 624 234 680 id
252 630 345 687 est,
367 620 608 676 Verbum
636 622 808 676 homo
827 617 1024 674 factum
1043 627 1147 674 est.
1172 617 1400 674 Nomine
1423 616 1566 672 enim
1593 613 1770 670 carnis

191 712 415 786 appellati
442 721 568 768 sunt
587 711 866 768 homines.
888 709 1014 767 Inde
1033 721 1146 766 est:
1166 709 1234 764 Et
1261 708 1442 763 videbit
1461 708 1624 765 omnis
1649 723 1770 791 coro

189 808 388 861 salutare
435 803 534 858 Dei
562 802 739 876 (Luc.
767 819 862 871 ιιι,
893 801 984 874 6).
1037 800 1225 858 Omnis
1266 815 1394 856 caro
1419 801 1617 855 dictum
1643 806 1766 868 εει,

186 914 354 956 omnes
377 897 651 954 homines.
681 897 751 952 Et
771 896 1058 966 Apostolus
1088 913 1101 949 :
1129 891 1253 948 Non
1273 901 1343 949 est
1364 894 1506 948 nobis
1525 891 1768 946 collucta-

191 992 246 1044 tio
267 990 506 1044 adversus
530 1004 741 1042 carnem
768 997 816 1043 et
844 987 1142 1058 sanguinem
1172 985 1248 1056 (id
1273 994 1357 1040 est
1384 983 1638 1038 adversus
1665 983 1765 1039 ho-

189 1084 358 1152 mines)
377 1123 391 1145 ,
441 1082 532 1135 sed
560 1080 807 1134 adversus
832 1079 1083 1150 principes
1116 1086 1163 1132 et
1189 1085 1454 1147 potestates
1482 1085 1528 1130 et
1550 1085 1765 1130 rectores

189 1176 340 1229 mundi
369 1174 698 1228 tenebrarum
723 1171 946 1245 harum(
976 1171 1167 1242 Epltes.
1195 1187 1247 1225 VI
1268 1212 1284 1238 ,
1317 1169 1385 1225 12
1412 1170 1466 1240 );
1490 1169 1557 1224 de
1573 1169 1764 1238 quibus

186 1269 229 1322 in
251 1265 730 1335 consequentibus,
777 1264 823 1320 si
857 1263 1111 1318 Dominus
1130 1261 1428 1331 adjuverit,
1461 1261 1760 1330 loquemur.

187 1359 401 1414 Pertinet
427 1357 577 1413 enim
607 1359 708 1413 ista
729 1357 1002 1412 distinctio
1028 1355 1095 1410 ad
1123 1354 1509 1424 expositionem
1540 1351 1760 1418 Psalmi,

185 1467 319 1521 quem
341 1450 395 1505 in
427 1450 652 1505 nomine
687 1448 898 1504 Domini
923 1447 1258 1518 suscepimus
1287 1444 1518 1501 enodare
1548 1443 1760 1499 Sancti-

184 1543 260 1596 ιειὶ
289 1541 514 1597 Vestrae.
548 1541 750 1596 Tamen
785 1540 852 1594 ad
885 1539 986 1596 hoc
1013 1539 1123 1595 dixi
1157 1539 1271 1594 haec
1293 1537 1555 1606 exempla,
1583 1544 1640 1591 ut
1665 1550 1762 1591 no-

182 1634 342 1689 veritis
382 1647 607 1688 carnem
663 1632 958 1701 appellatos
1005 1645 1126 1686 esse
1168 1629 1453 1693 homines;
1510 1635 1568 1682 ut
1617 1626 1761 1697 quod

181 1727 359 1782 dictum
393 1734 510 1791 est,
543 1725 612 1778 Et
671 1723 886 1778 Verbum
924 1738 1042 1777 caro
1080 1722 1273 1791 factum
1321 1730 1423 1785 est,
1452 1717 1761 1789 intelligetis

180 1820 382 1886 dictum,
411 1830 469 1875 et
495 1818 734 1874 Verbum
765 1817 924 1873 homo
949 1817 1144 1872 factum
1165 1825 1267 1871 est.

238 1914 292 1969 ἓ.
331 1913 511 1983 Neque
557 1913 676 1967 sine
723 1926 884 1966 causa
927 1910 1028 1965 hoc
1073 1908 1203 1964 dixi.
1234 1907 1454 1962 Noverit
1495 1904 1760 1962 Sanctitas

181 2006 362 2063 Vestra
391 2007 548 2062 fuisse
572 2005 862 2077 quamdam
895 2003 1143 2060 hmresim
1167 2046 1182 2070 ,
1208 2003 1292 2058 vel
1315 2002 1492 2056 adhuc
1515 2001 1758 2058 fortassis

179 2101 350 2157 haberi
384 2101 638 2171 reliquias
665 2087 1018 2170 quorumdam
1063 2097 1153 2167 qui
1182 2095 1309 2150 dicti
1336 2095 1756 2165 suntApollina-

179 2193 322 2247 tistaz.
349 2192 532 2260 Aliqui
565 2192 710 2246 enim
739 2192 973 2260 ipsorum
1000 2189 1256 2244 dixerunt
1277 2187 1572 2253 hominem,
1597 2201 1756 2256 quem

177 2285 388 2353 suscepit
438 2281 713 2353 Sapientia
771 2282 866 2337 Dei
912 2282 930 2352 (
963 2290 1016 2336 et
1062 2280 1117 2334 in
1145 2294 1251 2350 quo
1277 2278 1540 2349 expressit
1569 2291 1756 2348 perso-

177 2391 280 2430 nam
305 2391 483 2439 suam,
509 2391 618 2428 non
641 2375 779 2429 sicut
807 2375 859 2429 in
883 2373 1092 2429 caeteris
1112 2372 1474 2436 ‘hominibus,
1495 2370 1592 2426 sed
1618 2372 1759 2427 sicut

177 2467 350 2522 dictum
377 2475 464 2522 est
494 2468 546 2520 in
583 2465 788 2537 psalmo
811 2507 826 2531 ,
860 2465 1015 2520 Unxit
1061 2473 1108 2518 te
1150 2463 1308 2530 Deus,
1336 2462 1474 2517 Deus
1505 2472 1620 2517 tuus
1646 2464 1756 2519 oleo

176 2562 505 2617 exsultationis
534 2577 645 2632 pne
682 2558 1012 2631 participibus
1055 2558 1152 2612 tuis
1203 2555 1224 2630 [
1257 2555 1402 2612 Psal.
1450 2573 1594 2622 κων,
1631 2555 1704 2628 8]
1735 2598 1751 2624 ,

178 2654 218 2708 id
256 2662 336 2710 est
380 2654 619 2722 amplius
685 2667 844 2722 quam
886 2649 1170 2720 participes
1211 2658 1329 2703 tuos
1377 2665 1390 2702 :
1435 2663 1502 2703 ne
1541 2656 1756 2717 putetur

177 2744 240 2799 sic
287 2753 486 2799 unctus
547 2742 798 2798 Christus
869 2739 1136 2812 quomodo
1201 2739 1382 2795 caeteri
1450 2738 1694 2794 homines
1736 2777 1752 2805 ,

176 2839 425 2908 quomodo
470 2839 654 2894 caeteri
691 2836 824 2906 justi
857 2879 871 2902 ,
903 2833 1172 2906 quomodo
1225 2831 1546 2887 Patriarcha:
1578 2873 1592 2894 ,
1627 2832 1760 2886 Pro.

179 2931 366 3001 pheta},
413 2930 700 3001 Apostoli,
751 2938 806 2983 et
861 2927 1116 2998 Martyres
1153 2965 1169 2990 ,
1232 2932 1287 2979 et
1340 2922 1595 2994 quidquid
1639 2938 1755 2978 ma-

174 3038 319 3093 gnum
367 3032 450 3078 est
503 3023 556 3076 in
588 3035 787 3092 genere
821 3019 1074 3074 humano.
1125 3015 1348 3085 Quando
1384 3014 1598 3085 quidem
1627 3010 1757 3070 nihil

175 3113 326 3182 majus
367 3113 576 3167 exstitit
605 3113 658 3166 in
702 3125 900 3181 genere
929 3109 1160 3164 humano
1186 3121 1346 3177 quam
1385 3105 1618 3160 Joannes
1650 3105 1755 3160 Ba-

175 3204 348 3275 ptista;
401 3219 506 3259 nec
553 3204 606 3258 in
651 3203 792 3257 natis
831 3201 1114 3256 mulierum
1158 3198 1463 3255 exsurrexit
1516 3195 1753 3270 [Mattlu

172 3313 232 3363 ιι,
252 3297 307 3352 ιι
331 3294 376 3369 ].
406 3295 465 3351 Si
493 3294 693 3366 quaeris
721 3293 1089 3349 excellentiam
1115 3290 1366 3358 hominis,
1389 3289 1622 3345 Joannes
1652 3289 1756 3343 Ba—

171 3391 311 3460 ptista
344 3398 450 3446 est.
497 3387 598 3443 Cui
628 3397 809 3442 autem
841 3385 1074 3441 Joannes
1111 3399 1171 3440 se
1217 3383 1344 3439 dicit
1373 3398 1481 3439 non
1521 3397 1642 3438 esse
1670 3381 1756 3436 di-

170 3497 314 3552 gnum
339 3481 632 3550 corrigiam
676 3477 1028 3534 calceamenti
1079 3475 1288 3531 solvere
1327 3473 1536 3546 [Marci
1563 3489 1602 3540 ι,
1633 3474 1664 3528 7
1691 3471 1711 3546 ]
1737 3513 1754 3540 ,

171 3572 278 3643 quid
306 3582 426 3629 erat
475 3571 570 3627 ille
600 3570 703 3625 nisi
753 3570 985 3640 amplius
1033 3583 1192 3638 quam
1244 3569 1425 3622 caeteri
1472 3565 1756 3621 homines?

171 3665 328 3721 Etiam
354 3666 409 3720 in
435 3667 559 3734 ipso
596 3662 813 3718 homine
837 3661 1069 3732 amplius
1094 3675 1252 3731 quam
1283 3658 1464 3714 caeteri
1488 3656 1752 3712 homines.

168 3756 286 3812 Nam
313 3755 618 3812 secundum
656 3754 845 3821 Deum,
878 3764 931 3809 et
981 3751 1276 3808 secundum
1303 3748 1634 3805 divinitatem
1657 3791 1671 3816 ,
1703 3756 1758 3805 et

165 3849 482 3905 seccundum
509 3847 562 3903 id
584 3847 727 3918 quod
760 3847 810 3901 in
843 3845 1103 3916 principio
1124 3852 1240 3900 erat
1263 3842 1521 3909 Verbum,
1544 3851 1598 3898 et
1622 3841 1753 3897 Ver-

164 3942 278 3996 bum
316 3949 437 3997 erat
467 3939 612 4010 apud
644 3940 811 3994 Deum
836 3979 851 4004 ,
889 3946 945 3992 et
974 3937 1112 3992 Deus
1138 3944 1253 3991 erat
1280 3934 1514 3990 Verbum
1544 3975 1560 4000 ,
1596 3947 1758 4004 super

163 4047 367 4088 omnem
405 4040 718 4087 creaturam
746 4029 967 4099 aequalis
989 4035 1072 4082 est
1099 4025 1246 4082 Patri
1279 4044 1292 4080 :
1327 4025 1421 4081 sed
1445 4025 1650 4096 agimus
1690 4022 1758 4080 de

161 4126 392 4182 homine.
423 4124 592 4180 Forte
619 4131 768 4193 putet
787 4123 1050 4193 quispiam
1086 4130 1346 4185 vestrum,
1379 4119 1569 4174 fratres
1594 4159 1608 4184 ,
1633 4117 1756 4188 quia

158 4214 312 4272 homo
359 4217 449 4271 ille
505 4223 790 4284 susceptus
834 4227 864 4266 a
916 4210 1186 4283 Sapientia
1240 4210 1364 4277 Dei,
1395 4208 1616 4280 mqualis
1644 4217 1759 4264 erat

155 4311 365 4365 ueteris
397 4308 732 4363 hominibus.
761 4306 815 4362 Si
845 4306 896 4359 in
928 4305 1030 4359 tuis
1057 4303 1312 4360 membris
1343 4303 1568 4357 multum
1597 4301 1760 4356 distat

155 4401 290 4455 inter
310 4409 477 4470 caput
510 4407 565 4455 et
591 4407 784 4460 Caetera
815 4395 1056 4452 membra
1086 4413 1100 4450 :
1131 4403 1279 4452 certe
1303 4395 1484 4449 omnia
1511 4392 1756 4448 membra

153 4491 352 4547 faciunt
384 4505 588 4560 corpus
618 4505 784 4544 unum
809 4530 825 4556 ,
857 4490 1079 4542 multum
1121 4497 1300 4542 tamen
1349 4486 1571 4540 interest
1617 4484 1758 4538 inter

152 4596 305 4654 caput
329 4593 390 4640 et
417 4591 619 4638 caetera
649 4581 909 4638 membra.
937 4580 1147 4635 Etenim
1179 4579 1234 4634 in
1261 4577 1469 4633 caeteris
1500 4575 1757 4632 membris

154 4693 254 4732 non
312 4679 494 4733 sentis
543 4677 644 4731 nisi
683 4684 874 4740 tactu;
926 4672 1188 4746 tangendo
1232 4671 1398 4727 sentis
1442 4671 1493 4726 in
1548 4670 1757 4725 caeteris

153 4771 413 4827 membris
458 4788 474 4825 :
522 4770 576 4824 in
617 4768 790 4838 capite
837 4775 1014 4822 autem
1065 4775 1120 4822 et
1164 4764 1354 4830 vides,
1386 4772 1439 4819 et
1476 4761 1663 4829 audis,
1703 4769 1759 4817 et

153 4866 370 4930 olfacis,
405 4873 461 4920 et
512 4871 716 4934 gustas,
763 4871 819 4918 et
847 4861 1038 4930 tangis.
1069 4859 1125 4914 Si
1157 4867 1302 4913 tanta
1324 4855 1646 4914 excellentia
1676 4863 1760 4911 est

154 4960 342 5029 capitis
390 4957 458 5013 ad
507 4955 747 5012 membra
799 4963 1029 5019 cetera,
1063 4962 1261 5024 quanta
1310 4950 1624 5006 excellentia
1675 4957 1759 5005 est

154 5055 342 5122 capitis
373 5051 644 5106 universae
673 5048 948 5113 Ecclesiae,
976 5046 1027 5101 id
1049 5054 1132 5101 est
1162 5045 1305 5099 illius
1325 5044 1575 5109 hominis,
1595 5057 1757 5113 quem

154 5147 319 5200 voluit
351 5146 501 5200 Deus
532 5142 882 5197 mediatorem
913 5153 1032 5194 esse
1079 5137 1220 5192 inter
1274 5137 1438 5190 Deum
1486 5142 1540 5190 et
1587 5132 1760 5188 homi-

155 5240 281 5292 nes?
306 5241 350 5310 ),
387 5252 522 5307 ergo
551 5234 627 5289 illi
659 5231 895 5287 limretici
946 5230 1235 5294 dixerunt,
1265 5226 1534 5282 hominem
1567 5224 1716 5279 illum
1741 5265 1756 5290 ,

156 5347 305 5399 quem
343 5328 594 5398 suscepit
627 5325 863 5380 Verbum
888 5365 902 5390 ,
955 5338 1075 5378 cum
1119 5320 1356 5376 Verbum
1393 5333 1518 5373 caro
1562 5317 1759 5372 factum

155 5432 269 5490 est,
301 5440 414 5480 non
470 5419 731 5475 habuisse
778 5423 1012 5470 mentem
1064 5412 1388 5477 humanam,
1421 5408 1514 5466 scd
1556 5417 1759 5463 tantum

158 5520 380 5572 animant
411 5516 535 5571 sine
563 5509 919 5580 intelligentia
938 5507 1167 5562 humana
1195 5504 1379 5560 fuisse.
1408 5503 1578 5557 Homo
1605 5501 1750 5558 enim

161 5609 336 5665 videtis
360 5608 510 5667 unde
535 5610 758 5661 constat
791 5619 805 5656 :
850 5615 915 5654 ex
945 5598 1123 5653 anima
1166 5606 1221 5652 et
1244 5610 1491 5667 corpore.
1514 5592 1618 5649 Sed
1646 5593 1760 5663 ipsa

154 5704 316 5758 anima
346 5705 599 5758 humana
628 5695 794 5750 habet
822 5691 1022 5762 aliquid
1053 5688 1194 5762 quod
1215 5703 1321 5744 non
1349 5687 1546 5742 habent
1567 5685 1759 5741 anima:

197 5858 298 5909 1tta
318 5860 514 5909 Catiau.
549 5848 739 5909 codex.
781 5843 864 5892 Alit
888 5857 1006 5892 vero
1029 5851 1160 5909 uss,
1179 5854 1272 5892 non
1303 5839 1428 5893 sicut
1463 5838 1652 5893 cwten's
1680 5838 1760 5890 Ito-

135 5904 526 5985 ηέιέθῖιίῖτᾶόη
549 5923 657 5967 non
672 5908 800 5962 sicut
815 5911 1010 5960 cwteros
1031 5904 1260 5958 Ιιοπιίηεε.

3354 421 3464 482 318

1877 541 2153 596 pecorum.
2180 529 2312 585 Nam
2355 538 2411 586 et
2443 545 2638 602 pecora
2661 533 2894 591 animam
2919 533 3150 604 habent,
3177 547 3236 595 et
3259 540 3462 596 anima-

1875 617 1945 673 lia
1969 630 2226 678 vocantur
2255 641 2269 678 :
2311 638 2416 678 non
2459 625 2602 680 enim
2631 637 2952 684 vocarentur
2979 629 3226 685 animalia
3261 631 3364 686 nisi
3392 631 3460 688 ab

1874 712 2086 778 anima;
2115 722 2171 769 et
2199 715 2441 771 videmus
2468 718 2594 788 quia
2622 727 2677 773 et
2697 719 2810 788 ipsa
2838 720 3042 775 vivunt.
3069 721 3175 776 Sed
3205 722 3330 792 quid
3361 722 3458 778 ha-

1873 802 1962 858 bet
1988 806 2215 874 amplius
2243 806 2425 874 homo,
2453 808 2594 864 unde
2619 808 2790 865 factus
2815 810 2987 866 estad
3019 811 3301 880 imaginem
3329 812 3462 868 Dei?

1872 895 2004 961 Quia
2028 896 2274 968 intelligit
2299 907 2353 954 et
2379 900 2538 969 sapit,
2561 901 2684 971 quia
2709 902 2967 957 discernit
2997 901 3194 956 bonum
3215 918 3246 956 a
3273 904 3413 961 malo
3441 920 3458 960 :

1872 987 1926 1040 in
1957 986 2058 1042 hoc
2085 986 2252 1042 factus
2293 998 2374 1044 est
2417 990 2485 1044 ad
2515 991 2797 1062 imaginem
2829 1001 2883 1047 et
2910 992 3310 1049 similitudinem
3342 992 3457 1048 Dei.

1872 1079 2042 1134 Habet
2068 1095 2197 1151 ergo
2227 1082 2425 1152 aliquid
2450 1083 2592 1154 quod
2639 1101 2742 1140 non
2771 1085 2972 1140 habent
3008 1101 3224 1156 pecora.
3248 1087 3315 1140 Et
3336 1085 3460 1157 quia

1869 1173 2163 1226 contemnit
2191 1172 2242 1226 in
2270 1187 2328 1227 se
2352 1189 2458 1244 quo
2487 1175 2678 1230 melior
2701 1186 2783 1231 est
2827 1177 3136 1246 pecoribus;
3168 1177 3381 1248 perimit
3404 1176 3458 1232 in

1869 1277 1928 1317 se
1954 1263 2034 1318 vel
2059 1263 2314 1332 deterit‘,
2336 1274 2388 1320 ει
2419 1266 2814 1339 quodammodo
2838 1268 3151 1323 obsolefacit
3174 1267 3457 1337 imaginem

1871 1355 1984 1420 Dei,
2009 1364 2066 1410 ιιι
2089 1355 2295 1412 dicatur
2339 1358 2530 1414 talibus
2562 1377 2575 1412 :
2612 1358 2785 1414 Nolite
2818 1377 2924 1415 esse
2949 1361 3077 1416 sicut
3098 1377 3251 1430 equus
3271 1369 3315 1414 et
3342 1377 3458 1413 mu-

1867 1447 1946 1502 lus
1972 1489 1988 1515 ,
2017 1449 2196 1519 quibus
2238 1465 2341 1504 non
2365 1459 2441 1504 est
2464 1451 2746 1506 intellectus
2799 1452 2818 1523 (
2850 1450 2994 1506 Psal.
3029 1469 3156 1507 xxxi
3178 1494 3192 1516 ,
3223 1453 3256 1508 9
3284 1452 3323 1521 ).
3376 1451 3456 1508 llli

1867 1541 2027 1611 igitur
2075 1542 2310 1598 haeretici
2355 1543 2603 1600 dixerunt
2655 1545 2941 1600 Dominum
2986 1555 3226 1600 nostrum
3272 1544 3455 1600 Jesum

1865 1632 2134 1688 Christum
2180 1649 2284 1689 non
2317 1635 2570 1691 habuisse
2616 1645 2854 1692 mentem
2882 1635 3168 1690 humanam
3195 1677 3212 1703 ,
3243 1644 3296 1691 et
3324 1634 3454 1690 illud

1867 1725 2010 1794 quod
2040 1734 2220 1794 λογικὸν
2258 1725 2430 1782 Graeci
2477 1726 2698 1794 dicunt,
2731 1743 2830 1783 nos
2873 1727 3096 1783 dicimus
3145 1728 3441 1798 rationale,

1866 1815 2003 1872 unde
2054 1816 2214 1872 homo
2259 1818 2625 1882 ratiocinatur,
2681 1820 2824 1891 quod
2863 1837 2967 1875 non
3018 1820 3216 1876 habent
3254 1831 3448 1876 caetera

1862 1910 2131 1966 animalia.
2161 1911 2267 1966 Sed
2310 1912 2437 1981 quid
2481 1912 2703 1967 dicunt?
2734 1913 2909 1982 Ipsum
2934 1911 3169 1968 Verbum
3196 1913 3325 1979 Dei,
3351 1912 3454 1968 hoc

1863 2013 1977 2058 erat
2003 2003 2056 2058 in
2081 2003 2172 2057 illo
2200 2004 2417 2060 homine
2444 2020 2541 2074 pro
2572 2013 2770 2060 mente.
2824 2005 3037 2060 Exclusi
3064 2013 3190 2060 sunt
3218 2003 3338 2068 isti,
3363 2019 3453 2060 re-

1863 2095 2006 2164 spuit
2035 2095 2156 2150 illos
2184 2093 2448 2150 catholica
2470 2095 2622 2162 ﬁdes,
2653 2104 2709 2150 et
2748 2095 2996 2151 haeresim
3026 2093 3456 2151 fecerunthon-

1862 2185 2127 2242 ﬁrmatum
2154 2195 2235 2242 est
2260 2188 2313 2242 in
2351 2187 2609 2243 catholica
2637 2187 2742 2243 ﬁde
2767 2229 2781 2254 ,
2811 2187 3086 2243 hominem
3113 2188 3263 2242 illum
3293 2201 3452 2258 quem

1863 2281 2097 2349 suscepit
2136 2280 2409 2350 Sapientia
2443 2281 2572 2346 Dei,
2621 2281 2753 2335 nihil
2790 2281 2967 2338 utilius
3005 2280 3257 2336 habuisse
3295 2294 3454 2350 quam

1861 2372 2041 2426 caeteri
2089 2372 2339 2428 homines
2367 2413 2383 2438 ,
2425 2381 2681 2443 quantum
2719 2373 2953 2442 pertinet
2987 2372 3055 2428 ad
3095 2371 3454 2442 integritatem

1862 2473 2066 2519 naturae
2095 2481 2108 2517 :
2137 2474 2394 2534 quantum
2443 2475 2621 2520 autem
2671 2465 2737 2519 ad
2786 2465 3154 2520 excellentiam
3183 2477 3448 2534 persona),

1861 2557 2004 2612 aliud
2062 2573 2220 2628 quam
2280 2559 2460 2613 czeteri
2517 2557 2782 2612 homines.
2819 2557 2950 2612 Nam
2979 2557 3158 2612 caeteri
3209 2555 3455 2611 homines

1863 2658 2084 2718 possunt
2128 2649 2232 2703 dici
2282 2649 2564 2719 participes
2585 2648 2746 2703 Verbi
2792 2649 3186 2717 Dei,habentes
3214 2647 3451 2704 Verbum

1862 2743 1974 2808 Dei,
2002 2742 2182 2796 nullus
2199 2752 2375 2797 autem
2399 2757 2581 2796 eorum
2603 2750 2780 2811 potest
2799 2742 2903 2796 dici
2925 2741 3155 2797 Verbum
3179 2741 3292 2806 Dei,
3311 2739 3454 2810 quod

1861 2834 2035 2888 dictus
2050 2843 2128 2888 est
2146 2834 2254 2900 ille,
2278 2849 2398 2888 cum
2420 2833 2619 2888 dictum
2634 2844 2736 2900 est,
2773 2833 2985 2887 Verbum
3005 2849 3124 2887 caro
3141 2837 3332 2904 factum
3356 2843 3451 2888 est.

1935 2927 1986 2981 5.
2028 2925 2141 2979 Non
2168 2924 2452 2981 defuerunt.
2479 2925 2639 2980 etiam
2666 2925 2755 2979 alii
2783 2924 2998 2995 quidam
3023 2940 3089 2979 ex
3119 2925 3234 2994 ipso
3261 2937 3450 2979 errore

1861 3019 2156 3085 venientes,
2197 3019 2288 3088 qui
2320 3034 2424 3073 non
2455 3019 2631 3074 solum
2658 3026 2892 3073 mentem
2937 3017 3180 3074 dicerent
3219 3033 3326 3073 non
3356 3016 3456 3072 ha-

1862 3111 2044 3166 buisse
2072 3112 2220 3166 illum
2273 3112 2573 3177 hominem,
2620 3111 2972 3167 mediatorem
2999 3110 3271 3166 Christum
3317 3111 3457 3168 inter

1863 3203 2029 3256 Deum
2055 3210 2110 3257 et
2137 3202 2382 3258 homines
2405 3243 2421 3270 ,
2449 3202 2543 3258 sed
2575 3217 2676 3258 nec
2702 3203 2933 3258 animam
2967 3218 2980 3256 :
3011 3201 3106 3257 sed
3135 3210 3341 3256 tantum
3370 3199 3457 3256 di-

1863 3305 2074 3361 xerunt,
2107 3295 2336 3351 Verbum
2381 3304 2436 3352 et
2473 3310 2600 3350 caro
2625 3305 2764 3364 erat,
2797 3304 2850 3351 et
2877 3295 3057 3350 anima
3087 3295 3160 3350 ibi
3203 3309 3313 3350 non
3341 3300 3460 3350 erat

1863 3385 2092 3440 humana
2113 3428 2128 3454 ,
2162 3401 2316 3442 mens
2344 3386 2414 3441 ibi
2444 3400 2551 3440 non
2585 3395 2702 3440 erat
2737 3385 2989 3442 humana.
3032 3385 3145 3441 Hoc
3185 3385 3457 3442 dixerunt.

1861 3477 1965 3533 Sed
1991 3477 2116 3548 quid
2142 3478 2295 3532 erat?
2343 3476 2577 3532 Verbum
2600 3485 2656 3532 et
2677 3491 2826 3532 caro.
2871 3477 2938 3532 Et
2966 3476 3097 3532 istos
3123 3476 3325 3548 respuit
3348 3475 3456 3533 Ec-

1861 3571 2021 3626 clesia
2047 3570 2310 3626 catholica
2333 3611 2349 3633 ,
2378 3580 2433 3626 ει
2457 3569 2675 3640 expellit
2698 3585 2793 3626 eos
2817 3570 2886 3626 ab
2912 3569 3102 3626 ovibus
3120 3611 3137 3638 ,
3167 3577 3224 3625 et
3259 3583 3290 3624 a
3320 3568 3456 3625 sint-

1861 3662 1982 3734 plici
2010 3671 2066 3718 et
2088 3677 2212 3718 vera
2239 3661 2342 3718 fide
2367 3679 2380 3716 :
2412 3671 2468 3718 et
2487 3663 2858 3718 conﬁrmatum
2879 3669 2982 3729 est,
3005 3659 3456 3732 quemadmodum

1861 3755 1998 3823 dixi,
2030 3755 2300 3811 hominem
2329 3755 2477 3813 illum
2503 3756 2850 3812 mediatorem
2879 3754 3132 3811 habuisse
3155 3754 3335 3811 omnia
3356 3753 3456 3810 ho-

1862 3848 2040 3916 minis,
2093 3856 2286 3918 praeter
2334 3859 2630 3919 peccatum.
2676 3848 2733 3904 Si
2771 3847 2915 3904 enim
2965 3847 3131 3903 multa
3175 3845 3339 3918 gessit
3365 3861 3460 3902 se-

1861 3941 2093 3998 cundum
2155 3957 2370 4013 corpus,
2399 3958 2465 3998 ex
2522 3957 2629 4012 quo
2681 3941 3042 4013 intelligamus
3101 3940 3225 4011 quia
3270 3939 3459 3996 habuit

1861 4051 2058 4106 corpus
2117 4051 2223 4091 non
2275 4036 2332 4091 in
2395 4034 2676 4091 mendacio
2705 4075 2720 4101 ,
2785 4034 2882 4090 sed
2938 4034 2991 4089 in
3047 4032 3272 4089 veritate
3325 4048 3340 4086 :
3398 4039 3459 4088 ut

1863 4137 2010 4198 puta,
2038 4127 2306 4198 quomodo
2327 4126 2674 4196 intelligimus
2699 4125 2820 4196 quia
2847 4123 3035 4180 habuit
3059 4121 3297 4193 corpus?
3326 4121 3460 4175 Am-

1863 4220 2063 4275 bulavit
2081 4262 2096 4286 ,
2125 4221 2299 4287 sedit,
2329 4219 2602 4286 dormivit,
2627 4217 3048 4287 comprehensus
3076 4223 3178 4280 est,
3209 4213 3457 4285 ﬂagella-

1864 4323 1947 4368 tus
1973 4322 2072 4380 est,
2103 4312 2467 4382 colaphizatus
2493 4321 2596 4378 est,
2642 4309 2926 4365 cruciﬁxus
2951 4315 3053 4374 est,
3082 4314 3324 4362 mortuus
3349 4313 3454 4361 est.

1863 4405 2009 4462 Tolle
2038 4418 2250 4473 corpus,
2277 4403 2408 4457 nihil
2439 4403 2630 4456 horum
2655 4400 2773 4454 ﬁeri
2803 4398 2994 4470 potuit.
3021 4395 3302 4464 Quomodo
3326 4409 3456 4465 ergo

1861 4513 1929 4553 ex
1955 4497 2038 4552 his
2063 4494 2271 4550 indiciis
2298 4492 2670 4563 cognoscimus
2708 4491 2760 4545 in
2792 4487 3079 4560 Evangelio
3103 4485 3226 4557 Quia
3265 4499 3456 4542 verum

1861 4605 2056 4660 corpus
2082 4583 2285 4653 habuit,
2328 4586 2466 4641 sicut
2512 4595 2566 4641 et
2604 4585 2718 4654 ipse
2744 4583 2904 4640 etiam
2945 4589 3065 4652 post
3101 4579 3456 4636 resurrectio-

1862 4699 1983 4738 nem
2013 4682 2148 4738 dixit
2176 4699 2188 4735 :
2219 4679 2439 4750 Palpate
2457 4720 2472 4746 ,
2501 4687 2548 4732 et
2585 4676 2774 4743 videte,
2807 4674 2925 4747 quia
2947 4673 3154 4744 spiritus
3173 4687 3377 4726 carnem
3406 4679 3460 4727 et

1863 4793 1977 4830 ossa
2002 4790 2102 4829 non
2127 4771 2296 4839 habet,
2317 4772 2446 4824 sicut
2466 4787 2544 4824 me
2562 4768 2738 4824 videtis
2759 4766 2941 4821 habere
2967 4763 3119 4835 (Luc.
3143 4779 3287 4830 xxiv,
3309 4761 3402 4829 59)
3435 4778 3455 4819 :

1862 4864 2130 4938 quomodo
2155 4879 2221 4919 ex
2265 4861 2347 4916 his
2372 4861 2550 4925 rebus,
2585 4875 2653 4914 ex
2687 4858 2770 4912 his
2808 4855 3058 4926 operibus
3085 4852 3356 4910 credimus
3395 4860 3453 4909 et

1865 4937 2210 5028 intelligimus
2239 4964 2295 5012 et
2311 4956 2568 5027 norimus
2595 4951 2718 5021 quia
2743 4964 2939 5020 corpus
2981 4947 3166 5004 habuit
3197 4947 3460 5004 Dominus

1863 5053 2038 5118 Jesus,
2084 5052 2164 5106 sic
2190 5058 2243 5106 et
2285 5063 2349 5103 ex
2379 5046 2696 5117 quibusdam
2740 5041 2862 5098 aliis
2887 5041 3080 5098 ciliciis
3123 5039 3460 5096 naturalibus

1863 5148 1986 5218 quia
2014 5145 2198 5201 habuit
2220 5141 2471 5196 animam.
2501 5137 2739 5206 Esurire,
2763 5135 2933 5201 sitire,
2955 5135 3149 5190 animae
3169 5144 3291 5189 sunt
3312 5133 3413 5188 ista
3441 5148 3458 5186 :

1865 5241 1990 5296 tolle
2014 5240 2242 5294 animam
2268 5277 2282 5304 ,
2310 5249 2508 5305 corpus
2538 5232 2652 5287 huic
2677 5232 2928 5287 exanime
2959 5245 3064 5286 non
3095 5228 3311 5301 poterit.
3351 5224 3460 5282 Sed

1864 5333 1908 5387 si
1940 5331 2070 5386 falsa
2098 5329 2281 5385 dicunt
2319 5327 2418 5381 ista
2459 5325 2646 5393 fuisse,
2686 5323 2814 5379 falsa
2845 5331 3003 5378 erunt
3039 5329 3095 5376 et
3121 5321 3209 5375 illa
3237 5333 3357 5390 qua:
3384 5313 3458 5370 de

1864 5437 2091 5493 corpore
2132 5419 2465 5476 creduntur:
2511 5419 2558 5474 si
2599 5426 2779 5473 autem
2805 5431 2872 5472 ex
2901 5430 2969 5471 eo
3007 5429 3192 5470 verum
3235 5422 3457 5479 corpus,

1864 5515 1985 5586 quia
2029 5528 2154 5568 vera
2197 5511 2371 5567 ofﬁcia
2407 5511 2678 5581 corporis;
2718 5525 2786 5566 ex
2822 5523 2890 5565 eo
2928 5521 3051 5563 vera
3089 5504 3287 5570 anima,
3331 5500 3460 5573 quia
3553 5553 3562 5562 ,

1863 5621 1988 5664 vera
2015 5606 2187 5664 ofﬁcia
2216 5607 2429 5661 animae.

1934 5701 1988 5756 4.
2029 5697 2166 5765 Quid
2207 5697 2373 5769 ergo?
2410 5695 2674 5766 Quoniam
2718 5691 2972 5748 Dominus
2999 5688 3172 5742 factus
3196 5694 3280 5742 est
3305 5684 3462 5742 inﬁr-

1929 5834 1946 5867 ι
1971 5835 2045 5897 sic
2066 5839 2256 5897 Mss._At
2288 5832 2421 5896 edd.,
2445 5829 2574 5897 quod
2596 5827 2765 5881 melius
2791 5831 2862 5879 est
2892 5819 3140 5891 pecoribus
3160 5856 3175 5886 ,
3198 5819 3394 5889 perimit
3410 5820 3466 5878 in

1865 5910 1917 5954 se
1932 5893 2006 5950 uel
2025 5894 2220 5949 deserit.
