4032 6450
536 556 657 600 mos
679 547 898 613 propter
925 545 999 607 te,
1025 551 1061 593 o
1080 534 1244 594 homo
1265 533 1358 606 qui
1376 531 1568 600 audis;
1595 545 1700 588 non
1729 531 1822 588 tibi
1846 541 2126 601 compares

537 637 726 692 Deum.
754 634 966 690 Etenim
993 641 1237 688 creatura
1258 644 1318 687 es
1337 672 1350 695 ,
1382 629 1472 685 ille
1497 635 1708 683 creator
1736 634 1878 681 tuus.
1921 624 2030 680 Nec
2059 624 2124 678 il-

439 784 445 790 .
533 730 646 787 lum
661 729 931 785 hominem
955 725 1047 781 tibi
1067 723 1332 789 conferas,
1355 721 1475 793 quia
1495 712 1713 791 propter
1730 729 1782 773 te
1802 719 1964 772 homo
1986 715 2128 770 Deus

535 832 678 888 tuus,
706 828 762 878 et
784 819 1017 877 Verbum
1043 817 1210 874 Filius
1241 816 1337 872 Dei
1367 833 1379 869 :
1409 813 1504 870 sed
1540 812 1688 868 illum
1720 810 1990 866 hominem
2031 807 2129 863 tibi

534 915 810 986 pra'feras,
840 921 1091 984 tanquam
1139 909 1509 976 mediatorem,
1553 908 1722 963 Deum
1761 913 1937 960 autem
1967 917 2127 975 supra

535 1017 749 1061 omnem
773 1014 1070 1061 creaturam
1095 1019 1109 1057 :
1133 1011 1186 1058 et
1209 1001 1287 1057 sic
1308 999 1589 1071 intelligas,
1607 998 1729 1069 quia
1755 996 1846 1067 qui
1870 995 2033 1051 homo
2053 993 2129 1050 ra.

532 1105 654 1153 ctus
672 1106 755 1152 est
782 1104 995 1166 propter
1015 1104 1088 1162 te,
1117 1109 1221 1150 non
1240 1093 1530 1164 incongrue
1557 1098 1674 1145 orat
1697 1103 1796 1160 pro
1820 1097 1892 1144 te.
1921 1087 1979 1144 Si
2001 1101 2129 1158 ergo

535 1205 642 1246 non
669 1190 957 1261 incongrue
977 1196 1092 1244 orat
1107 1201 1203 1258 pro
1224 1197 1295 1254 te,
1315 1200 1419 1241 non
1444 1186 1732 1256 incongrue
1759 1181 1931 1252 potuit
1948 1188 2004 1236 et
2027 1179 2128 1236 ista

537 1283 700 1340 verba
724 1284 907 1341 dicere
933 1292 1148 1354 propter
1177 1288 1230 1336 te
1266 1298 1279 1334 :
1329 1277 1582 1334 Exaitabo
1621 1287 1687 1343 te,
1716 1274 1955 1341 Domine,
1995 1289 2127 1344 quo-

535 1379 675 1433 niam
703 1377 968 1447 suscepisti
995 1391 1093 1443 me,
1120 1391 1208 1429 nec
1238 1372 1538 1445 jucundasti
1564 1370 1792 1425 inimicos
1820 1384 1957 1422 meos
1977 1383 2130 1437 super

533 1485 632 1524 me.
687 1469 793 1525 Sed
839 1469 939 1524 ista
982 1467 1167 1532 verba,
1209 1467 1255 1520 si
1299 1479 1404 1520 non
1453 1463 1809 1534 intelligamus
1860 1461 2124 1527 inimicos,

534 1560 665 1617 falsa
691 1567 870 1628 erunt,
903 1561 1074 1631 ipsum
1121 1558 1398 1614 Dominum
1447 1555 1628 1612 .lesum
1675 1554 1944 1611 Christum
1979 1553 2128 1622 cogi-

535 1659 729 1708 tantes.
757 1652 1037 1721 Quomodo
1066 1651 1208 1706 enim
1251 1656 1434 1703 verum
1465 1653 1566 1714 est,
1595 1646 1639 1702 si
1677 1645 1927 1701 Christus
1949 1644 2131 1699 Domi-

536 1761 636 1800 nus
661 1745 914 1815 loquitur,
958 1741 1209 1798 Exaitabo
1239 1749 1304 1808 te,
1330 1739 1564 1807 Domine,
1608 1738 1843 1809 quoniam
1869 1737 2132 1808 suscepisti

534 1837 653 1891 me?
681 1835 761 1891 Ex
789 1849 1016 1906 persona
1045 1834 1296 1901 hominis,
1326 1849 1390 1889 ex
1423 1847 1649 1904 persona
1679 1831 2026 1896 infirmitatis,
2057 1846 2126 1885 ex

539 1941 766 1998 persona
789 1927 967 1982 carnis
987 1967 1002 1994 ,
1031 1925 1301 1997 quomodo
1330 1941 1517 1982 verum
1544 1933 1626 1980 est
1659 1943 1672 1979 :
1700 1921 2131 1995 quandoquidem

530 2021 802 2092 jncundati
839 2030 963 2077 sunt
1009 2020 1210 2075 inimici
1236 2019 1352 2090 ejus
1381 2033 1543 2090 super
1567 2033 1712 2083 eum,
1741 2016 1954 2088 quando
1983 2015 2129 2071 illum

534 2111 930 2178 crucitlxcrunt,
955 2117 1240 2167 tenuerunt
1262 2103 1405 2178 eum,
1430 2117 1485 2165 et
1509 2108 1930 2179 ﬂagellaverunt,
1959 2115 2013 2162 et
2035 2121 2130 2161 co-

537 2205 978 2274 laphizaverunt,
1023 2204 1261 2260 dicentes
1287 2245 1300 2270 ,
1348 2201 1660 2274 PrOphetiza
1711 2202 1887 2267 nobis,
1935 2199 2134 2255 Christe

535 2294 746 2368 (Matth.
770 2309 915 2360 xxvr,
945 2295 1032 2362 66,
1059 2294 1187 2365 etc.)
1207 2295 1232 2347 ?
1272 2291 1374 2350 Ista
1416 2293 1720 2364 iucunditas
1759 2307 1946 2348 eorum
1977 2290 2132 2362 quasi

536 2388 678 2458 cogit
703 2401 804 2443 nos
844 2393 1030 2458 putare
1061 2386 1250 2440 falsum
1293 2399 1414 2440 esse
1453 2383 1594 2455 quod
1638 2383 1837 2438 dictum
1877 2391 1978 2446 cst,
2022 2379 2134 2434 Nec

532 2481 827 2554 jucundasti
875 2480 1103 2534 inimicos
1147 2495 1282 2533 meos
1331 2494 1482 2548 super
1532 2493 1629 2530 me.
1675 2475 1877 2530 Deinde
1913 2488 2034 2529 cum
2078 2473 2132 2528 in

535 2587 693 2629 cruce
718 2572 996 2644 penderet,
1021 2581 1075 2626 et
1103 2570 1399 2626 transibant
1428 2567 1514 2624 vel
1547 2569 1777 2632 stabant,
1806 2574 1858 2623 et
1888 2565 2132 2621 attende-

536 2666 683 2732 bant,
714 2676 766 2720 et
793 2673 952 2736 caput
976 2665 1277 2731 movebant,
1302 2673 1355 2719 et
1381 2661 1650 2728 dicebant,
1673 2659 1807 2714 Ecce
1839 2657 2002 2713 Filius
2019 2658 2130 2725 Dei,

538 2758 668 2812 alios
695 2757 860 2812 salvos
888 2757 1024 2828 fecit,
1051 2755 1272 2827 seipsum
1287 2771 1387 2809 non
1405 2761 1581 2824 potest,
1604 2750 1874 2806 descendat
1895 2751 1956 2804 de
1967 2765 2132 2816 cruce,

540 2860 590 2906 et
639 2849 889 2904 credimus
931 2849 986 2902 in
1029 2861 1141 2902 eum
1185 2845 1295 2920 (Id.
1343 2861 1511 2910 xxvu,
1567 2843 1693 2912 42);
1743 2842 1980 2897 dicentes
2036 2843 2136 2894 ista

543 2953 722 2996 nonne
754 2938 1185 3010 jucundabantur
1223 2951 1383 3007 super
1427 2933 1585 2991 cum?
1617 2933 1714 2989 Ubi
1747 2942 1828 2987 est
1869 2945 1998 3002 ergo
2037 2931 2134 2985 ista

541 3049 667 3099 vox,
697 3031 946 3088 Emitabo
991 3040 1060 3100 te,
1083 3031 1314 3093 Domine,
1345 3029 1584 3100 quoniam
1622 3027 1882 3097 suscepisti
1920 3041 2019 3093 me,
2049 3041 2139 3079 nec

539 3126 835 3196 jucundasti
857 3125 1087 3180 inimicos
1113 3139 1250 3179 meos
1273 3139 1425 3192 super
1455 3121 1573 3176 me?

611 3217 664 3271 5.
709 3215 956 3272 Fortasse
999 3230 1104 3270 non
1135 3223 1215 3270 est
1260 3215 1360 3270 ista
1407 3228 1510 3267 vox
1555 3211 1761 3266 Domini
1799 3209 1968 3266 nostri
2007 3208 2138 3266 Jesu

540 3306 760 3372 Christi,
791 3306 886 3362 sed
915 3307 932 3339 ¹
981 3307 1148 3376 ipsius
1176 3305 1438 3371 hominis,
1470 3303 1564 3359 sed
1595 3303 1855 3358 universae
1885 3301 2142 3358 Ecclesiae

544 3397 723 3468 populi
751 3397 1026 3452 christiani
1061 3413 1074 3449 :
1105 3398 1228 3468 quia
1273 3397 1448 3450 omnis
1475 3394 1634 3449 homo
1670 3394 1722 3448 in
1760 3393 1976 3448 Christo
2004 3406 2140 3447 unus

543 3493 706 3548 homo
733 3501 836 3560 est,
864 3501 921 3548 et
945 3491 1122 3548 unitas
1155 3490 1580 3546 Christianorum
1609 3503 1748 3543 unus
1783 3487 1963 3543 homo.
2003 3485 2140 3541 For-

541 3595 684 3641 tasse
709 3587 822 3656 ipse
843 3585 1027 3650 homo,
1058 3583 1110 3638 id
1131 3591 1230 3649 est,
1265 3582 1443 3638 unitas
1462 3579 1888 3636 Christianorum
1913 3578 2027 3648 ipsa
2046 3576 2134 3631 di-

541 3677 617 3733 cit
646 3694 658 3730 :
695 3676 944 3732 Exultdbo
981 3685 1048 3742 te,
1074 3674 1324 3742 Domine,
1355 3674 1593 3744 quoniam
1621 3671 1884 3740 suscepisti
1921 3687 2018 3736 me,
2050 3685 2143 3723 nec

541 3770 834 3842 jucundasti
867 3769 1098 3824 inimicas
1128 3784 1265 3822 meos
1307 3783 1460 3838 super
1489 3782 1585 3820 me.
1633 3761 1914 3832 Quomodo
1957 3771 2009 3817 et
2039 3761 2143 3817 hoc

542 3873 730 3915 verum
771 3867 854 3915 est
881 3859 952 3915 de
979 3859 1120 3914 illis?
1158 3859 1273 3914 Non
1304 3867 1428 3914 sunt
1462 3855 1836 3927 comprehensi
1878 3854 2140 3924 Apostoli,

547 3965 662 4007 non
691 3959 815 4005 sunt
851 3951 1008 4015 cassi,
1053 3963 1162 4004 non
1192 3956 1316 4004 sunt
1342 3947 1593 4019 ﬂagellati
1613 3989 1627 4014 ,
1659 3961 1762 4002 non
1793 3953 1919 4002 sunt
1956 3945 2140 4010 occisi,

546 4059 655 4101 non
683 4052 807 4099 sunt
832 4042 1070 4098 cruciﬁxi
1091 4084 1106 4108 ,
1139 4056 1247 4096 non
1276 4049 1399 4097 sunt
1425 4040 1626 4095 incensi
1663 4039 1789 4103 vivi,
1820 4052 1924 4093 non
1952 4037 2019 4091 ad
2046 4037 2143 4092 be-

547 4137 678 4193 stias
724 4143 1113 4207 pugnaverunt,
1161 4148 1386 4205 quorum
1432 4133 1719 4189 memorias
1768 4131 2145 4186 celebramus?

549 4230 775 4300 Quando
800 4238 978 4286 autem
1009 4229 1109 4284 ista
1145 4227 1252 4283 illis
1275 4225 1540 4282 faciebant
1563 4223 1828 4290 homines,
1860 4236 2037 4277 nonne
2061 4223 2145 4292 ju-

549 4324 924 4381 cundahantur
945 4337 1106 4394 super
1128 4321 1261 4377 eos?
1305 4318 1584 4386 Quomodo
1611 4333 1737 4388 ergo
1764 4325 1938 4388 potest
1964 4325 2018 4372 et
2044 4329 2144 4386 po-

547 4417 704 4489 pulus
729 4415 1048 4472 christianos
1069 4413 1250 4470 dicere
1268 4429 1281 4466 :
1300 4410 1551 4466 Exattabo
1564 4419 1629 4477 te,
1651 4408 1884 4474 Domine,
1903 4409 2142 4478 quoniam

547 4507 808 4576 suscepisti
835 4523 935 4573 me,
967 4520 1056 4561 nec
1075 4503 1370 4576 jucundain
1398 4503 1625 4557 inimicos
1654 4517 1789 4555 meos
1815 4515 1968 4570 super
1993 4499 2114 4553 me?

621 4598 676 4654 6.
717 4596 866 4669 [vers.
901 4595 976 4669 1.]
1026 4597 1384 4665 lntelligemus
1425 4595 1559 4659 hoc,
1591 4593 1633 4647 si
1673 4592 1949 4647 videamus
1977 4591 2150 4660 primo

549 4691 761 4746 titulum
792 4687 1009 4744 Psalmi.
1042 4687 1216 4742 Habet
1234 4685 1380 4741 enim
1409 4702 1422 4736 :
1463 4684 1528 4738 In
1559 4685 1712 4752 ﬁnem
1743 4683 1982 4737 Psalmus
2011 4679 2149 4736 Can-

554 4784 642 4837 tici
691 4780 1020 4836 dedicationis
1059 4781 1242 4836 domus
1267 4779 1366 4850 ipsi
1407 4777 1591 4832 David.
1633 4777 1688 4830 ln
1730 4776 1833 4830 hoc
1871 4776 2024 4830 titulo
2068 4786 2152 4832 est

557 4875 732 4930 omnis
803 4887 926 4943 spes
955 4913 971 4940 ,
1012 4881 1069 4927 et
1139 4873 1443 4926 universum
1508 4876 1896 4924 sacramentum
1959 4867 2153 4922 dissol-

553 4966 742 5021 vendte
764 4964 920 5036 hujus
942 4962 1271 5034 quaestionis.
1289 4960 1623 5017 Dedieabitur
1637 4959 1829 5014 dooms
1842 4957 2147 5028 aliquando,

552 5073 674 5130 qum
699 5056 859 5112 modo
895 5054 1204 5112 fabricatur.
1235 5053 1392 5109 Modo
1422 5053 1564 5107 enim
1605 5050 1892 5106 fabricatur
1936 5050 2148 5115 domus,

554 5150 606 5208 id
653 5157 736 5206 est
776 5148 1035 5216 Ecclesia,
1080 5155 1264 5219 postea
1310 5145 1660 5202 dcdicabitur.
1717 5139 2154 5198 ln‘dedicatione

554 5243 832 5316 apparebit
874 5242 1042 5315 gloria
1089 5240 1268 5311 populi
1312 5239 1608 5302 christiani,
1653 5253 1773 5308 quas
1806 5236 1965 5292 modo
2002 5237 2150 5291 latet.

558 5335 793 5393 Sccviant
820 5333 986 5409 modo,
1006 5333 1204 5388 inimici
1228 5373 1244 5400 ,
1275 5330 1590 5396 huinilient,
1628 5329 1819 5384 iaciant
1845 5343 1952 5382 non
1993 5326 2153 5397 quid-

558 5426 684 5500 quid
711 5429 916 5491 volunt,
945 5424 1040 5482 sed
1065 5423 1321 5496 quidquid
1361 5423 1592 5492 desuper
1615 5423 2007 5492 permittuntur.
2038 5419 2155 5474 Non

537 5507 710 5578 (enim
738 5516 992 5591 quidquid
1039 5518 1184 5588 passi
1223 5516 1293 5571 ab
1336 5515 1564 5570 inimicis
1611 5513 1889 5580 fuerimus,
1923 5512 2156 5568 inimicis

565 5611 926 5684 deputandum
956 5619 1060 5678 est,
1093 5617 1148 5666 et
1171 5624 1279 5664 non
1306 5608 1532 5662 Domino
1559 5605 1667 5661 Deo
1690 5614 1897 5660 nostro.
1931 5603 2156 5671 Quando

566 5703 784 5776 quidem
825 5704 878 5758 in
905 5703 1026 5774 ipso
1049 5716 1147 5757 suo
1183 5700 1430 5770 exemplo
1453 5697 1714 5753 mediator
1740 5696 2152 5763 demonstravit,

629 5897 650 5933 ι
674 5901 742 5949 ita
759 5902 868 5950 Mss.
890 5905 945 5950 At
961 5898 1094 5963 edd.,
1110 5898 1163 5951 id
1189 5902 1259 5951 est
1277 5896 1428 5963 ipsius
1449 5893 1668 5947 hominis.

1771 413 1830 474 8.
1869 400 2240 474 Αυθυετιιιι
2278 403 2578 470 EPISCOPI

3706 403 3812 478 ea

2232 528 2446 599 quando
2489 529 2642 585 nobis
2685 528 2915 600 desuper
2953 530 3213 601 permittit
3258 530 3278 564 ‘
3313 529 3557 588 homines
3600 539 3806 602 nocere,

2231 635 2336 676 non
2358 622 2684 678 voluntatem
2706 621 2934 679 nocendi
2953 623 3182 692 desuper
3198 623 3332 689 dari,
3355 622 3449 679 sed
3475 624 3808 696 potestatem:

2232 711 2605 786 Unusquisque
2633 716 2776 771 enim
2821 715 2988 771 malus
3017 715 3156 785 apud
3197 731 3256 771 se
3284 716 3444 772 habet
3487 717 3806 776 voluntatem

2233 804 2456 860 nocendi
2492 823 2506 860 :
2537 814 2596 862 ut
2619 813 2794 862 autem
2837 806 3008 878 possit
3035 821 3248 872 nocere,
3296 817 3402 863 non
3429 805 3587 865 habet
3624 811 3673 864 in
3719 825 3812 882 po:

2232 905 2446 955 testate.
2473 900 2544 956 Ut
2571 900 2716 965 velit,
2735 900 2842 971 jam
2874 915 3001 957 reus
3029 907 3112 956 est
3144 918 3158 955 :
3189 910 3245 956 ut
3273 903 3456 972 possit,
3471 903 3674 960 occulta
3702 904 3809 960 disc

2231 993 2545 1063 pensatione
2588 993 2932 1063 providentiae
2977 993 3068 1048 Dei
3109 993 3164 1048 iu
3192 993 3352 1048 alium
3393 996 3714 1064 permittitur
3747 996 3810 1053 ad

2231 1099 2467 1154 posnam,
2529 1085 2580 1138 in
2627 1083 2787 1139 alium
2843 1085 3168 1154 permittitur
3207 1085 3272 1139 ad
3320 1085 3718 1156 probationem,
3762 1091 3810 1143 in

2231 1178 2392 1234 alium
2421 1178 2746 1249 permittitur
2770 1178 2836 1234 ad
2867 1187 3139 1234 coronam.
3170 1177 3250 1234 Ad
3279 1187 3489 1249 pinnam
3509 1221 3523 1245 ,
3555 1182 3813 1251 quomodo

2232 1272 2477 1341 permissi
2501 1279 2624 1326 sunt
2649 1274 2922 1345 ἀλλόφυλοι,
2952 1270 3010 1325 id
3035 1281 3114 1325 est
3140 1270 3472 1338 alienigcntu,
3505 1286 3696 1342 capere
3722 1287 3813 1343 po-

2233 1363 2413 1434 pulum
2442 1362 2622 1428 lsrael,
2655 1363 2776 1432 quia
2806 1371 3159 1432 peccaverunt
3186 1364 3239 1417 in
3272 1363 3434 1417 Deum
3465 1363 3656 1435 (Judic.
3681 1381 3733 1433 κ,
3756 1365 3806 1434 7,

2232 1465 2279 1510 et
2299 1465 2412 1520 xm,
2447 1457 2496 1522 i,
2522 1455 2663 1526 etc.).
2694 1455 2773 1510 Ad
2805 1455 3174 1526 probationem
3203 1463 3378 1510 autem
3420 1457 3710 1526 permissus
3733 1465 3816 1514 est

2232 1549 2474 1604 diabolus
2514 1549 2566 1602 in
2595 1548 2694 1604 Job
2724 1550 2742 1620 (
2773 1546 2873 1602 Job
2917 1566 2954 1616 ι,
2988 1548 3078 1620 12)
3111 1567 3123 1603 :
3152 1551 3403 1619 probatus
3430 1561 3512 1605 est
3536 1551 3658 1619 Joh,
3689 1565 3812 1608 con-

2232 1638 2382 1694 fusus
2411 1647 2494 1694 est
2527 1639 2788 1694 diabolus.
2829 1639 2908 1694 Ad
2954 1655 3205 1694 coronam
3237 1657 3363 1696 vero
3408 1643 3650 1712 permissi
3696 1651 3814 1700 sunt

2232 1743 2602 1806 persecutores
2654 1735 2704 1789 in
2762 1744 3020 1806 martyres
3077 1752 3092 1789 :
3138 1734 3300 1791 occisi
3346 1745 3469 1790 sunt
3517 1747 3812 1810 martyres,

2232 1828 2381 1900 quasi
2405 1829 2595 1883 vicisse
2620 1843 2678 1883 se
2697 1828 2934 1882 arbitrati
2954 1837 3076 1882 sunt
3098 1835 3500 1898 persecutores;
3531 1830 3603 1884 illi
3631 1832 3682 1885 in
3704 1845 3814 1886 ma-

2233 1920 2426 1976 nifesto
2444 1920 2575 1976 falso
2597 1920 3005 1990 triumpharunt,
3027 1921 3098 1976 illi
3123 1922 3174 1976 in
3201 1923 3407 1978 occulto
3436 1938 3558 1979 vere
3585 1926 3816 1982 coronati

2233 2026 2376 2073 sunt.
2413 2015 2554 2088 Ergo
2583 2017 2634 2072 in
2661 2031 2815 2089 quem
2846 2019 3187 2089 permittitur,
3219 2019 3442 2090 occulta:
3467 2018 3813 2088 dispensatio-

2235 2111 2318 2164 nis
2347 2118 2427 2166 cst
2453 2110 2798 2180 providentia:
2826 2111 2916 2166 Dei
2945 2129 2957 2166 :
2988 2120 3046 2167 ut
3069 2121 3246 2167 autem
3273 2113 3400 2168 velit
3427 2127 3638 2176 nocere,
3662 2111 3818 2181 ipsius

2236 2201 2465 2257 hominis
2493 2212 2606 2268 est;
2637 2217 2741 2257 non
2771 2204 2912 2259 enim
2947 2205 3201 2258 continuo
3225 2219 3381 2275 quem
3405 2204 3513 2258 vult
3534 2204 3748 2259 occidit.

2308 2293 2360 2349 7.
2403 2293 2584 2364 itaque
2625 2293 2738 2365 ipse
2770 2295 3023 2349 Dominus
3047 2295 3210 2366 judcx
3243 2297 3479 2350 vivorum
3509 2303 3563 2350 et
3587 2305 3817 2351 mortuo-

2236 2401 2378 2450 rum,
2423 2395 2569 2441 stans
2614 2395 2734 2442 ante
2775 2386 3048 2442 hominem
3091 2388 3344 2457 jndicem,
3391 2387 3634 2458 praebens
3681 2387 3820 2442 nobis

2239 2480 2548 2535 humilitatis
2575 2489 2628 2535 et
2653 2480 2918 2552 patientiae
2947 2482 3346 2548 documentum,
3378 2499 3481 2537 non
3510 2483 3704 2547 victus,
3734 2477 3820 2537 sed

2240 2574 2392 2628 militi
2426 2573 2694 2644 pugnandi
2735 2575 3038 2644 exemplum
3073 2575 3466 2641 demonstrans,
3495 2573 3722 2629 minanti
3746 2574 3822 2643 ju-

2239 2663 2341 2720 dici
2368 2708 2381 2732 ,
2421 2665 2645 2720 tumenti
2674 2666 2920 2736 superbia
2945 2707 2960 2734 ,
2993 2673 3046 2721 et
3077 2665 3270 2722 dicenti
3295 2708 3310 2732 ,
3342 2665 3519 2720 Nescis
3545 2662 3671 2737 quia
3700 2675 3826 2736 pate-

2238 2766 2417 2811 statem
2443 2757 2599 2812 habeo
2620 2757 2904 2812 dimittendi
2923 2766 2970 2812 et
2990 2759 3250 2814 occidendi
3271 2758 3360 2814 te?
3378 2758 3592 2813 abstulit
3611 2758 3822 2831 typlntm

2241 2848 2496 2914 inﬂantis,
2526 2859 2581 2906 et
2621 2857 2872 2922 tanquam
2899 2851 3128 2908 reddens
3154 2851 3576 2908 cxsuillationem
3608 2867 3709 2923 qua
3735 2851 3823 2908 dc-

2241 2949 2584 3010 tnmesceret,
2636 2939 2760 2997 Non
2805 2943 3029 3010 haberes,
3070 2942 3258 3014 inquit,
3305 2945 3358 2997 in
3405 2960 3485 2998 me
3519 2953 3821 3015 potestatem,

2241 3034 2339 3089 nisi
2368 3033 2488 3088 data
2510 3034 2600 3090 tibi
2630 3045 2752 3091 esset
2781 3035 2997 3106 desuper
3026 3034 3202 3108 (Joan.
3225 3051 3334 3102 XIX,
3361 3036 3448 3103 10,
3478 3036 3591 3107 Η).
3622 3036 3687 3091 Et
3735 3034 3828 3089 Joh

2243 3124 2465 3196 (nempe
2505 3125 2749 3182 diabolus
2791 3125 2985 3182 occidit
3035 3127 3171 3182 illius
3215 3127 3402 3196 ipsius,
3433 3127 3675 3183 diabolus
3717 3127 3826 3182 tulit

2243 3231 2457 3274 omnem
2487 3218 2838 3274 substantiam
2863 3219 3070 3292 ipsius),
3095 3228 3148 3275 et
3178 3221 3262 3275 ille
3291 3219 3456 3290 quid?
3481 3219 3732 3276 Dominus
3749 3219 3828 3274 de-

2243 3310 2318 3364 dit
2341 3353 2354 3376 ,
2387 3309 2636 3366 Dominus
2664 3311 2908 3377 abstulit;
2938 3313 3065 3366 sicut
3094 3311 3311 3367 Domino
3337 3313 3526 3384 placuit
3553 3314 3628 3367 ita
3655 3317 3827 3385 factum

2242 3412 2336 3470 est,
2377 3403 2439 3458 sit
2483 3417 2664 3458 nomen
2717 3404 2920 3459 Domini
2964 3403 3275 3460 benedictum
3308 3404 3454 3480 (Job
3493 3422 3527 3473 ι,
3577 3406 3692 3479 21).
3722 3405 3828 3462 Non

2245 3496 2533 3566 triumphet
2565 3496 2828 3563 inimicus,
2857 3497 2979 3567 quia
3011 3497 3122 3567 ipse
3150 3497 3271 3552 fecit
3302 3515 3313 3550 :
3347 3497 3478 3552 Novi
3500 3512 3623 3567 ego,
3653 3497 3828 3568 inquit,

2245 3601 2276 3642 a
2317 3601 2422 3656 quo
2467 3587 2534 3641 sit
2565 3585 2890 3657 permissus;
2933 3585 3144 3641 diabolo
3187 3587 3447 3642 tribuatur
3480 3588 3706 3644 nocendi
3743 3602 3832 3643 vo-

2247 3679 2422 3733 luntas
2443 3719 2458 3745 ,
2496 3677 2720 3732 Domino
2752 3693 2874 3734 meo
2911 3678 3168 3749 probandi
3198 3687 3452 3750 potestas.
3501 3678 3556 3734 in
3588 3681 3706 3750 ipso
3729 3679 3834 3734 vul-

2246 3786 2376 3826 nere
2402 3771 2641 3840 corporis
2670 3771 2875 3826 accedit
2905 3787 3038 3826 uxor
3076 3769 3259 3826 relicta
3284 3814 3298 3838 ,
3329 3771 3465 3826 sicut
3497 3773 3602 3826 Eva
3631 3814 3647 3840 ,
3690 3770 3832 3842 adju-

2248 3864 2351 3918 trix
2378 3863 2594 3932 diaboli,
2617 3880 2721 3919 non
2743 3864 3068 3920 consolatrix
3093 3864 3296 3929 mariti;
3327 3872 3513 3931 tcntat,
3537 3872 3592 3918 et
3609 3864 3737 3920 dicit
3758 3863 3835 3918 in-

2250 3965 2331 4012 ter
2355 3959 2546 4012 multas
2565 3958 2987 4028 increpationes:
3014 3957 3109 4011 Dic
3128 3957 3336 4029 aliquod
3362 3959 3560 4011 verbum
3581 3959 3638 4012 in
3662 3955 3833 4022 Deum,

2249 4059 2294 4104 et
2317 4066 2508 4104 morere
2539 4047 2650 4121 (Id.
2680 4065 2740 4117 ιι,
2767 4050 2844 4120 9).
2879 4049 2946 4104 Ει
2970 4049 3056 4105 ille
3077 4049 3239 4105 Adam
3267 4051 3319 4105 in
3349 4060 3584 4106 stercore
3614 4051 3832 4118 cautior,

2249 4156 2404 4212 quam
2425 4141 2593 4196 Adam
2613 4141 2665 4196 in
2685 4141 2957 4212 paradiso;
2977 4155 3098 4196 nam
3115 4141 3279 4196 Adam
3296 4143 3346 4196 in
3361 4141 3609 4212 paradiso
3627 4156 3836 4198 consen-

2250 4234 2320 4290 sit
2348 4233 2578 4300 mulieri,
2605 4243 2659 4287 ut
2687 4233 2753 4288 de
2780 4233 3022 4302 paradiso
3041 4235 3405 4302 emitteretur;
3439 4235 3610 4290 Adam
3630 4237 3681 4291 in
3711 4243 3838 4291 ster-

2250 4341 2376 4381 core
2406 4326 2607 4395 respuit
2636 4325 2934 4394 mulierem,
2955 4335 3010 4380 ut
3028 4326 3091 4380 ad
3124 4327 3424 4396 paradisum
3451 4327 3836 4384 admitteretur.

2251 4415 2389 4484 Quid
2414 4431 2542 4486 ergo
2559 4416 2646 4472 ille
2665 4417 2831 4471 Adam
2861 4417 2910 4471 in
2939 4425 3191 4482 stercore,
3215 4419 3514 4487 parturiens
3532 4417 3841 4474 immortali-

2253 4516 2414 4563 tatem
2430 4507 2767 4573 intrinsecus,
2788 4509 3056 4564 vermibus
3072 4509 3334 4566 llucSCens
3353 4512 3706 4577 extrinsecus,
3722 4508 3842 4582 quid

2253 4599 2327 4654 ait
2351 4598 2594 4655 mulieri?
2618 4597 2878 4671 Tanquam
2900 4615 2999 4653 una
3016 4615 3077 4654 ea:
3096 4599 3442 4670 insipientibus
3462 4601 3754 4656 mulieribus
3773 4602 3843 4656 lo-

2254 4703 2368 4747 cuta
2398 4711 2465 4748 es.
2496 4694 2557 4748 Si
2586 4695 2714 4748 bona
2738 4693 3048 4763 percepimus
3073 4695 3135 4746 de
3157 4707 3310 4747 mcmu
3333 4693 3557 4759 Domini,
3593 4695 3731 4750 mala
3747 4711 3844 4750 non

2255 4787 2604 4841 sustinebimus
2655 4786 2673 4856 (
2706 4784 2866 4852 Ibid.,
2904 4785 3033 4857 i0)?
3063 4787 3254 4842 lterum
3285 4795 3338 4842 et
3364 4787 3451 4843 ille
3480 4800 3699 4843 manum
3744 4788 3845 4843 Do-

2256 4879 2383 4933 mini
2429 4877 2561 4932 dixit
2607 4878 2658 4932 in
2701 4877 2780 4942 se,
2828 4878 2969 4948 quod
3021 4895 3140 4933 cum
3187 4878 3431 4934 diabolus
3473 4889 3844 4949 percusserat:

2256 4970 2375 5042 quia
2427 4983 2529 5024 non
2577 4970 2884 5025 attendebat
2946 4972 3064 5042 quis
3094 4979 3410 5040 percnterct,
3454 4973 3546 5026 sed
3573 4975 3694 5043 quis
3729 4989 3846 5044 per—

2257 5063 2510 5118 mitteret.
2556 5061 2795 5131 Namque
2864 5071 2916 5118 et
2959 5061 3074 5132 ipse
3127 5061 3368 5118 diabolus
3419 5063 3664 5119 eamdam
3706 5074 3850 5134 pote-

2257 5163 2468 5220 statem,
2497 5150 2652 5225 quam
2675 5154 2772 5208 sibi
2798 5152 3006 5209 volebat
3029 5153 3393 5221 dari,manum
3424 5154 3636 5210 Domini
3666 5153 3848 5226 appel-

2259 5247 2387 5303 lavit
2418 5263 2432 5301 :
2463 5261 2585 5300 nam
2612 5243 2872 5315 objiciens
2901 5244 3103 5301 crimen
3140 5244 3285 5314 justo
3315 5246 3448 5309 viro,
3475 5247 3559 5300 cui
3596 5246 3852 5300 Dominus

2259 5339 2575 5411 perhibebat
2600 5337 2985 5404 testimonium,
3014 5338 3088 5392 ait
3115 5339 3223 5393 Deo
3249 5357 3263 5393 :
3289 5337 3555 5408 Numquid
3572 5339 3734 5409 gratis
3758 5334 3854 5392 Job

2259 5432 2381 5487 coiit
2412 5430 2730 5486 Dominum?
2755 5429 2933 5484 'nonne
2960 5438 3012 5483 tu
3041 5429 3243 5484 valtasti
3270 5446 3380 5484 eum
3410 5446 3469 5482 ac
3496 5429 3702 5483 domum
3725 5430 3852 5500 ejus,

2262 5525 2640 5592 universumque
2662 5521 2991 5576 substantiam
3015 5522 3126 5592 ejus
3153 5537 3239 5592 per
3269 5521 3534 5574 circuitum
3551 5521 3588 5574 γ»
3603 5519 3857 5590 OperIb-us

2263 5631 2503 5669 manuum
2543 5616 2652 5684 ejus
2698 5613 3014 5680 benedixisti,
3065 5623 3112 5666 et
3156 5613 3402 5684 possessio
3452 5613 3560 5683 ejus
3600 5613 3756 5666 crevit
3805 5610 3857 5665 in

2265 5719 2397 5764 terra
2441 5724 2460 5762 :
2500 5717 2640 5762 tanta
2668 5706 2800 5761 bona
2845 5707 2922 5761 illi
2951 5706 3150 5772 dedisti,
3197 5716 3463 5779 propterea
3499 5716 3546 5760 te
3577 5707 3741 5773 colit;
3773 5702 3859 5762 sed

2332 5890 2350 5922 ι
2375 5886 2565 5952 Aliquot
2581 5892 2710 5949 Mss,
2733 5883 3072 5939 datumstth
3090 5881 3246 5947 mitts.
3266 5883 3475 5949 desuper
3489 5881 3726 5950 remitte.
