4032 6466
195 569 327 621 snitu
350 579 570 621 mm
598 575 769 636 man,
797 575 847 625 et
870 577 1022 642 tange
1046 567 1218 624 omnia
1243 584 1357 639 quae
1383 578 1498 625 sunt
1523 571 1636 640 ejus
1653 610 1668 637 ,
1697 571 1798 627 nisi

201 662 254 718 ia
273 661 454 731 {scient
474 667 628 718 tuam
646 663 956 719 benedth
976 664 1063 718 tibi
1093 663 1236 735 (Job.
1262 663 1502 734 1,941).
1531 663 1668 730 Quid
1697 671 1800 732 est,

208 755 346 808 mitte
367 767 587 808 uanum
613 764 780 824 unum,
800 767 920 811 cum
948 755 1064 826 ipse
1094 755 1255 810 vellet
1280 755 1529 810 mittere?
1549 754 1655 812 Sed
1680 756 1804 826 quia

209 843 311 915 ipse
334 858 443 898 non
474 852 667 915 posset
693 845 908 902 mittere
929 860 1144 900 manum
1170 859 1344 910 suam,
1368 851 1536 915 ipsam
1563 852 1800 916 potesta-

213 943 310 991 tem
333 949 499 1006 quam
525 935 744 1006 accepit
767 951 798 991 a
823 936 956 1005 Deo,
980 949 1196 991 manum
1226 935 1322 992 Dei
1352 935 1656 1007 appellavit.

272 1027 324 1085 8.
354 1027 494 1097 Quid
526 1043 689 1099 ergo,
721 1027 946 1092 fratres,
982 1029 1104 1098 quia
1141 1037 1286 1084 tanta
1325 1028 1522 1084 inimici
1558 1029 1611 1084 in
1639 1027 1800 1084 Chri-

211 1120 402 1178 stiaaos
435 1117 722 1187 fecerunt;
755 1129 810 1176 et
834 1119 1270 1190 exsultaverunt,
1300 1129 1353 1176 et
1376 1122 1649 1191 jucundati
1678 1132 1802 1178 sunt

211 1227 362 1284 super
388 1214 525 1269 eos?
558 1212 668 1270 Sed
707 1214 922 1284 quando
949 1212 1224 1285 apparebit
1252 1215 1373 1285 quia
1414 1229 1518 1269 non
1555 1221 1679 1269 sunt
1711 1215 1800 1284 ju-

207 1306 412 1361 cundati
428 1306 455 1359 ἳ
480 1305 714 1373 Quando
742 1307 817 1362 illi
841 1306 1250 1374 confundantur,
1278 1307 1355 1362 illi
1383 1306 1722 1362 exsultabunt
1748 1306 1802 1362 in

205 1399 429 1455 adventu
473 1399 687 1454 Domini
732 1399 827 1454 Dei
879 1400 1046 1455 nostri
1068 1439 1082 1464 ,
1123 1413 1244 1454 cum
1283 1399 1494 1454 venerit
1533 1397 1709 1454 ferens
1747 1399 1800 1452 in

207 1503 355 1544 manu
387 1489 796 1557 retributiones,
826 1490 1220 1545 damnationem
1249 1489 1444 1560 impiis,
1474 1504 1697 1559 regnum
1718 1489 1803 1559 ju-

205 1581 330 1648 stis;
361 1583 682 1638 societatem
712 1597 835 1638 cum
861 1582 1072 1638 diabolo
1100 1583 1313 1653 iniquis,
1343 1583 1650 1638 societatem
1679 1597 1800 1637 cum

203 1674 412 1734 Christo
432 1675 706 1732 ﬁdelibus.
729 1676 956 1744 Quando
972 1691 1101 1747 ergo
1125 1675 1228 1730 hoc
1252 1676 1565 1740 ostenderit,
1589 1675 1802 1746 quando

205 1767 413 1822 stabunt
435 1768 566 1837 justi
589 1768 642 1822 in
669 1782 862 1838 magna
889 1767 1182 1824 constantia
1220 1765 1311 1840 (de
1338 1767 1630 1838 Scripturis
1657 1767 1799 1832 dico,

205 1857 558 1914 recordamini
585 1859 874 1914 lectionem
903 1858 970 1914 de
1000 1859 1136 1914 libro
1162 1857 1451 1928 Sapientia:
1481 1875 1492 1910 :
1526 1853 1670 1910 Tum:
1697 1868 1802 1910 sta-

208 1951 331 2006 bunt
366 1953 484 2019 iusti
513 1953 570 2006 in
599 1967 791 2023 magna
817 1953 1098 2007 constantia
1131 1951 1482 2005 adversus'eos
1505 1949 1591 2020 qui
1617 1965 1673 2004 se
1704 1964 1800 2002 an-

203 2051 522 2114 gustoserunt
547 2059 566 2098 :
591 2044 671 2098 illi
691 2051 860 2098 autem
879 2042 1045 2098 dicent
1067 2043 1198 2098 inter
1219 2058 1274 2097 se
1295 2043 1604 2112 ptenitentes,
1627 2048 1672 2094 et
1700 2053 1804 2108 pro:

205 2137 434 2207 angustia
459 2137 674 2205 spiritus
699 2144 948 2207 gementes
972 2151 990 2190 :
1015 2135 1153 2203 Quid
1174 2134 1313 2189 nobis
1334 2133 1526 2205 profuit
1547 2131 1798 2204 superbia,

205 2235 249 2280 et
273 2227 569 2280 divitiarum
595 2227 854 2297 jactantia
886 2226 1010 2296 quid
1049 2227 1259 2280 contulit
1293 2226 1476 2280 nobis?
1502 2227 1804 2278 transierunt

205 2318 328 2372 arias
351 2320 527 2372 omnia
555 2318 650 2373 illa
680 2328 919 2389 tanquam
949 2318 1127 2371 umbra
1144 2335 1163 2383 ;
1183 2326 1238 2372 et
1265 2317 1389 2388 quid
1417 2315 1596 2372 dicent
1622 2316 1689 2371 de
1712 2316 1801 2386 ju-

203 2409 331 2466 stis?
357 2410 633 2475 Quomodo
661 2411 939 2481 computali
971 2421 1088 2465 sunt
1120 2412 1250 2465 inter
1274 2410 1408 2478 ﬁlios
1437 2407 1534 2463 Dei
1552 2450 1564 2474 ,
1595 2421 1641 2464 ct
1674 2411 1803 2464 inter

205 2510 392 2558 unctos
415 2519 530 2559 sors
559 2502 767 2557 illorunt
791 2512 864 2558 est
890 2502 1102 2575 [Snp.v,
1125 2504 1176 2570 i,
1204 2501 1322 2574 etc.]
1340 2503 1416 2573 ?),
1436 2511 1560 2557 tunc
1585 2506 1688 2556 erit
1711 2501 1803 2556 dc-

208 2596 392 2653 dicatio
419 2596 620 2652 domus
640 2638 656 2663 ,
690 2611 809 2667 qua:
837 2596 998 2651 modo
1026 2597 1078 2650 in
1111 2596 1540 2650 tribulationibus
1572 2593 1801 2649 fabrica-

207 2697 316 2754 tur;
344 2697 474 2744 tunc
511 2695 664 2744 recte
693 2687 836 2743 dicet
871 2687 1100 2757 populus
1131 2688 1218 2742 ille
1247 2704 1260 2740 :
1294 2684 1548 2741 Exaltabo
1577 2695 1624 2740 te
1643 2727 1657 2751 ,
1689 2685 1800 2738 Do-

209 2781 357 2846 u'ae,
389 2780 639 2850 quoniam
670 2780 933 2851 suscepisti
970 2796 1082 2845 nte,
1116 2796 1208 2834 nec
1235 2779 1534 2850 jucundain
1573 2778 1802 2833 inimicos

210 2887 334 2928 nos
361 2888 518 2941 super
539 2887 643 2926 me.
678 2871 812 2927 Vera
835 2886 964 2942 ergo
987 2872 1089 2927 erit
1112 2886 1218 2926 vox
1251 2871 1348 2924 ista
1377 2871 1428 2924 in
1459 2869 1655 2940 populo
1684 2869 1798 2935 Dei,

209 2965 292 3035 qui
320 2965 552 3035 populus
577 2962 742 3018 modo
765 2970 1096 3034 angustatur,
1127 2961 1287 3017 modo
1313 2961 1614 3026 tribulatur,
1643 2959 1803 3014 tantis

213 3054 608 3120 testationibus,
638 3055 800 3109 tantis
837 3053 1123 3119 scandatis,
1157 3048 1318 3107 tantis
1358 3049 1799 3115 insecutionihus,

215 3154 346 3204 tanta
371 3159 645 3218 pressura.
671 3145 799 3200 Haec
822 3153 1084 3200 tormenta
1113 3143 1276 3198 animi
1303 3157 1410 3198 non
1436 3142 1599 3198 sentit
1623 3141 1674 3197 in
1700 3139 1804 3196 Ec-

214 3236 360 3292 clesia
389 3237 482 3306 qui
513 3251 624 3292 non
653 3236 894 3306 prolicit,
923 3245 1074 3306 putat
1097 3235 1240 3290 enim
1266 3236 1385 3305 quia
1418 3249 1518 3304 pax
1548 3242 1632 3288 est
1663 3250 1676 3286 :
1706 3232 1801 3288 sed

213 3327 419 3398 incipiat
445 3327 735 3400 proﬁcere,
763 3337 819 3383 et
845 3335 970 3383 tunc
994 3327 1197 3382 videbit
1223 3328 1274 3382 in
1298 3341 1400 3397 qua
1431 3339 1675 3395 pressura
1701 3325 1797 3391 sit;

215 3421 325 3488 quis
359 3434 485 3477 cum
513 3421 774 3477 crevisset
811 3419 972 3477 herba
993 3461 1010 3487 ,
1041 3428 1096 3475 et
1129 3418 1358 3474 fructtnu
1398 3418 1644 3485 fecisset,
1678 3427 1803 3473 tunc

213 3522 566 3581 apparuerunt
591 3523 648 3568 et
672 3513 873 3567 zizania
905 3512 1117 3584 (Matth.
1147 3527 1257 3578 xm,
1287 3510 1412 3583 26);
1437 3519 1493 3568 et
1513 3512 1604 3582 qui
1633 3511 1800 3581 appo-

215 3605 283 3659 ια
306 3605 590 3662 scientiam
609 3645 626 3672 ,
657 3606 878 3676 apponit
905 3605 1146 3661 dolorem
1181 3605 1373 3676 (Eccle.
1406 3619 1444 3672 ι,
1477 3604 1593 3676 18).
1630 3604 1801 3659 Ρνοσὶο

213 3698 326 3763 eisi,
355 3703 410 3753 et
434 3696 644 3752 videbit
666 3696 756 3751 ubi
782 3696 854 3752 sit
883 3714 897 3751 :
925 3697 1120 3752 existat
1147 3697 1369 3760 fructus,
1396 3704 1451 3751 et
1471 3696 1804 3767 apparebunt

214 3789 424 3844 zizania.
454 3788 574 3845 Vox
611 3789 847 3845 veridica
879 3799 962 3846 est
998 3805 1096 3860 per
1124 3791 1438 3860 Apostolum
1457 3832 1470 3856 ,
1501 3790 1666 3845 deleri
1694 3804 1802 3846 nou

213 3890 378 3951 potest
401 3881 476 3937 ab
505 3882 660 3938 initio
690 3897 858 3953 usque
883 3883 948 3938 ad
977 3883 1138 3938 tinem
1170 3900 1183 3936 :
1212 3883 1316 3938 Sed
1343 3893 1392 3938 et
1413 3897 1587 3938 omnes
1608 3885 1692 3955 qui
1718 3899 1804 3938 vo-

209 3972 332 4042 litat,
354 3975 549 4045 inquit,
579 3974 662 4045 pie
685 3975 847 4029 uiuere
867 3976 920 4028 in
941 3974 1158 4040 Christo,
1188 3977 1578 4046 persecutionem
1605 3976 1805 4046 patiun-

205 4074 302 4122 tur.
337 4067 562 4137 κοῦραί
587 4076 762 4122 autem
790 4069 1014 4122 homines
1046 4077 1096 4124 et
1128 4069 1416 4122 seductores
1454 4069 1726 4140 proﬁciunt
1751 4072 1802 4122 in

209 4161 372 4230 pejus,
394 4160 498 4230 ipsi
522 4169 748 4215 montes
767 4169 816 4214 et
835 4161 962 4214 alios
986 4161 1044 4214 in
1063 4175 1282 4214 morem
1305 4161 1551 4214 mittentes
1573 4160 1641 4231 (ll
1670 4159 1801 4213 Tim.

209 4266 294 4316 tu,
325 4251 427 4319 12,
460 4252 582 4323 i3).
613 4250 684 4306 Et
709 4250 852 4307 unde
879 4260 1004 4306 sunt
1032 4251 1194 4306 verba
1224 4251 1312 4305 illa
1341 4251 1565 4320 psalmi,
1601 4251 1806 4306 Sustine

752 4359 875 4414 ags,
903 4355 948 4397 et
971 4347 1284 4414 conferetur
1310 4359 1398 4397 cor
1424 4351 1586 4409 tuum,
1616 4352 1662 4396 et
1689 4359 1803 4398 sus-

211 4436 312 4494 tine
357 4435 635 4491 lio-sinum
664 4433 837 4505 (Poet.
872 4451 1033 4500 sui,
1069 4432 1200 4506 ts)?
1233 4434 1426 4491 Parum
1459 4443 1574 4490 erat
1604 4433 1803 4503 semel,

213 4530 414 4585 Sestius
440 4528 752 4596 Dominum,
784 4529 884 4583 nisi
913 4536 1182 4599 repeteret
1215 4546 1228 4584 :
1259 4542 1327 4584 ne
1356 4527 1493 4583 forte
1521 4527 1808 4582 sustineret

211 4623 392 4690 biduo,
426 4622 632 4689 triduo,
655 4621 960 4692 quatriduo,
991 4629 1047 4676 et
1082 4630 1320 4675 maneret
1347 4631 1595 4689 pressura
1625 4628 1678 4673 et
1709 4619 1803 4672 tri-

213 4713 443 4778 bulatio;
479 4714 598 4770 ideo
627 4713 851 4779 addidit,
881 4714 1091 4767 viriliter
1116 4729 1242 4784 age;
1273 4713 1493 4779 addidit,
1526 4721 1573 4766 et
1599 4713 1804 4783 confer-

211 4816 338 4861 tetu
373 4819 465 4862 eor
499 4813 664 4861 nam.
688 4807 757 4861 Et
787 4805 914 4876 quia
947 4806 1015 4860 ab
1054 4805 1204 4859 initio
1243 4819 1409 4875 usque
1450 4806 1504 4858 in
1541 4805 1700 4859 finem
1731 4805 1809 4860 sic

209 4899 332 4966 ait,
351 4897 506 4970 quod
520 4897 684 4954 habet
699 4897 960 4953 senatuis
985 4897 1040 4951 in
1065 4897 1260 4967 capite,
1289 4895 1392 4952 hoc
1417 4895 1573 4951 habet
1602 4896 1652 4950 in
1677 4897 1804 4964 line,

213 5001 258 5046 ιι
278 4991 475 5047 nume
500 4990 795 5046 Doreinsun.
827 4990 1131 5046 Transeunt
1169 4991 1270 5045 ista
1303 5005 1420 5060 qua:
1450 5000 1500 5046 te
1532 4999 1805 5062 premunt,

214 5083 468 5139 etveniet
491 5097 656 5154 quem
677 5083 940 5150 sustines,
969 5093 1019 5137 et
1050 5089 1290 5153 exsurget
1317 5082 1563 5138 sudorem
1595 5101 1609 5138 :
1635 5083 1806 5138 sicca—

216 5173 288 5230 hit
309 5174 631 5247 laerymam,
655 5175 790 5230 ultra
819 5190 926 5230 noti
947 5172 1120 5228 ﬂebis.
1148 5173 1306 5229 Modo
1329 5182 1508 5228 autem
1532 5189 1809 5244 gemamns

216 5267 272 5322 il
291 5267 758 5332 ﬁbulationibus,
787 5270 927 5324 sicut
958 5267 1089 5322 dicit
1122 5266 1258 5332 Job,
1296 5266 1480 5321 Nonne
1507 5268 1710 5322 tentatio
1737 5277 1811 5322 est

215 5368 312 5422 cite
335 5368 571 5422 Ita-sm
595 5382 748 5436 super
775 5375 959 5420 terram
987 5362 1106 5437 (Job
1139 5375 1238 5427 vn,
1261 5361 1353 5431 υτ

285 5458 338 5516 9.
367 5459 599 5526 Tamen,
624 5456 838 5524 fratres,
865 5463 1146 5526 antequam
1178 5454 1356 5512 veniat
1382 5455 1498 5510 dies
1521 5453 1813 5510 dedicatio-

213 5554 299 5610 ais
329 5554 562 5620 Munus,
599 5550 874 5606 videamus
911 5550 1033 5620 quia
1067 5549 1176 5619 jam
1213 5547 1511 5604 dedicatum
1547 5555 1632 5601 est
1655 5555 1815 5617 caput

215 5654 459 5702 matrum
489 5644 641 5715 :jam
681 5644 816 5698 facta
850 5649 936 5696 est
970 5641 1239 5696 dedicatio
1275 5639 1467 5694 domus
1511 5635 1564 5692 in
1602 5643 1812 5708 capite,

220 5745 470 5810 mquam
513 5733 786 5792 dedicatio
829 5733 1178 5789 fundamenti.
1225 5732 1399 5802 Caput
1437 5744 1650 5786 sursum
1695 5739 1811 5798 est,

217 5829 625 5886 mentum
644 5824 896 5881 deorsum
921 5843 934 5880 :
960 5839 1028 5880 ne
1047 5823 1185 5879 forte
1211 5831 1492 5894 propterea
1509 5821 1654 5876 male
1666 5821 1818 5877 dixe-

219 5925 377 5986 sinus
403 5922 820 5982 itmdamantun
845 5933 969 5980 esse
1001 5917 1312 5993 Clarium;
1346 5917 1562 5977 «tinea
1594 5924 1680 5976 est
1708 5930 1814 5991 upo-
1862 5955 1864 5957 ›

1316 445 1716 511 ENARRATIO
1753 446 1824 510 ΙΝ
1856 446 2184 510 ΡΞΑΙιΜυὶί
2222 451 2418 512 XXIX.

1911 571 2054 636 tius,
2087 564 2327 626 ascendit
2365 569 2416 626 in
2455 569 2649 628 omium
2670 613 2684 640 ,
2717 571 2866 628 sedet
2897 573 2964 629 ad
2999 574 3270 632 dexteram
3304 578 3499 635 Patris.

1906 660 2013 717 Sed
2037 670 2164 731 puto
2185 676 2282 718 nos
2305 677 2412 718 non
2437 677 2667 719 errasse.
2694 665 2982 734 Apostolus
3000 667 3140 722 enim
3162 669 3330 723 dixit:
3357 669 3506 725 Fun-

1907 752 2196 808 damentum
2216 755 2348 810 enim
2368 755 2512 810 aliud
2530 772 2674 810 nemo
2695 767 2856 827 potest
2875 775 3078 829 ponere,
3100 770 3277 830 praeter
3292 763 3347 816 id
3365 765 3503 835 quod

1908 846 2125 916 positum
2151 856 2247 915 est,
2275 849 2412 918 quod
2435 857 2511 904 est
2535 848 2687 904 Jesus
2713 849 2940 906 Christus
2970 868 2988 906 :
3013 853 3057 906 si
3083 855 3200 922 quis
3223 863 3391 909 eadem
3415 871 3504 910 su-

1907 936 2320 1006 percdiﬁeauerit
2348 955 2505 1010 supra
2531 942 2916 1012 fundamentum
2939 944 3054 1010 Itoc,
3081 959 3283 1012 aurum,
3315 961 3501 1018 argen-

1905 1036 2009 1080 tum
2029 1069 2044 1094 ,
2086 1029 2279 1099 lapides
2318 1031 2579 1098 pretiosos.
2620 1032 2719 1101 Qui
2767 1034 2904 1090 bene
2939 1037 3157 1103 vlvunt,
3198 1040 3288 1110 qui
3334 1039 3500 1095 Deum

1906 1116 2174 1174 honorant
2201 1130 2254 1176 et
2283 1119 2521 1187 laudant,
2551 1125 2640 1194 qui
2679 1125 2942 1194 patientes
2969 1139 3094 1182 sunt
3124 1130 3174 1182 in
3207 1130 3502 1185 tribulatio-

1905 1208 2085 1276 nibus,
2117 1210 2206 1281 qui
2236 1211 2543 1267 desiderant
2582 1216 2826 1284 patriam,
2857 1216 2954 1286 ipsi
2986 1218 3250 1275 mdiiicant
3286 1235 3497 1291 aurum,

1905 1307 2206 1369 argentum,
2241 1302 2440 1372 lapides
2469 1305 2729 1373 pretiosos
2759 1324 2770 1360 :
2800 1309 2888 1376 qui
2913 1317 3090 1364 autem
3119 1321 3300 1366 amant
3325 1313 3500 1368 adhuc

1904 1393 2203 1460 saecularia,
2230 1405 2284 1450 et
2311 1396 2540 1466 negotiis
2569 1400 2793 1452 terrenis
2814 1400 3064 1470 implicati
3092 1410 3236 1468 sunt,
3259 1410 3314 1458 et
3333 1402 3500 1459 dediti

1905 1493 2032 1537 sunt
2056 1482 2280 1539 vinculis
2303 1485 2618 1555 quibusdam
2647 1497 2699 1542 et
2729 1488 3002 1544 affectibus
3029 1493 3227 1557 carnis,
3254 1493 3501 1549 domibus

1904 1572 2038 1639 suis,
2071 1575 2405 1646 coniugibus,
2446 1579 2889 1647 possessionibus,
2922 1590 2977 1635 et
3016 1591 3192 1638 tamen
3226 1583 3500 1640 diristlani

1906 1680 2050 1734 sunt,
2081 1671 2151 1724 ita
2177 1680 2234 1726 ut
2258 1687 2352 1727 cor
2374 1688 2561 1728 eorum
2588 1689 2692 1728 non
2727 1676 2941 1730 recedat
2966 1689 2994 1730 a
3023 1677 3253 1744 Christo,
3283 1685 3335 1734 et
3365 1678 3500 1735 nihil

1906 1772 2221 1831 praeportant
2239 1763 2478 1832 Christo,
2503 1767 2768 1835 quomodo
2796 1767 2845 1820 in
2873 1767 3187 1824 mdiiicando
3210 1771 3341 1826 nihil
3367 1785 3503 1842 prm-

1907 1855 2120 1923 ponitur
2145 1854 2522 1922 fundamento;
2553 1857 2810 1913 aediﬁcant
2837 1859 3050 1928 quidem
3079 1861 3178 1931 ipsi
3209 1861 3370 1932 lgna,
3426 1862 3501 1918 fe-

1905 1959 2033 1999 num
2051 1985 2065 2013 ,
2105 1947 2351 2018 stipulam
2379 1965 2392 2001 :
2422 1948 2516 2004 sed
2543 1948 2666 2019 quid
2706 1959 2919 2006 secutus
2947 1955 3062 2007 est?
3091 1953 3502 2026 llmuscujusqne

1905 2050 2032 2104 opus
2057 2038 2206 2106 quale
2226 2038 2292 2092 sit
2319 2039 2450 2109 ignis
2478 2039 2748 2108 probabit:
2770 2043 2905 2112 ignis
2931 2044 3288 2100 tribulationis
3306 2054 3360 2101 et
3383 2054 3498 2101 ten-

1907 2129 2142 2182 talionis.
2169 2129 2270 2185 Iste
2292 2130 2427 2201 ignis
2448 2132 2646 2186 multos
2665 2141 2928 2204 martyres
2952 2134 3035 2190 hic
3057 2133 3315 2204 probavit,
3339 2151 3501 2194 omne

1906 2229 2083 2274 autem
2121 2236 2290 2292 genus
2331 2223 2619 2278 humanum
2660 2225 2849 2293 probat
2886 2225 2938 2278 in
2980 2227 3100 2281 line.
3142 2227 3345 2282 Inventi
3378 2237 3502 2284 sunt

1907 2323 2170 2385 martyres
2215 2315 2308 2385 qui
2352 2315 2610 2372 haberent
2657 2317 2756 2372 ista
2802 2318 3100 2373 saecularia.
3137 2321 3304 2388 Quam
3350 2322 3501 2378 multi

1905 2405 2100 2462 divites
2129 2421 2193 2467 ,ει
2231 2421 2508 2465 senatores
2546 2411 2688 2481 passi
2729 2413 2884 2466 sunt!
2929 2411 3289 2467 Ediilcabant—
3323 2420 3501 2469 tamen

1905 2503 2118 2574 quidam
2161 2519 2346 2560 eormn
2379 2505 2547 2576 ligna,
2578 2505 2790 2571 fenum,
2843 2507 3092 2576 stipulam
3130 2507 3182 2562 in
3223 2507 3502 2565 affectibus

1905 2594 2200 2650 carnalium
2240 2605 2294 2651 et
2335 2597 2667 2651 saecularium
2707 2612 2954 2652 curarum
2990 2617 3004 2653 :
3038 2598 3131 2654 sed
3174 2607 3348 2654 tamen
3378 2599 3501 2670 quia

1906 2684 2178 2740 Christum
2207 2688 2608 2743 fundamentum
2633 2688 2900 2744 habebant
2925 2705 3087 2758 super
3109 2690 3249 2760 quod
3275 2691 3503 2747 aedifica-

1905 2775 2054 2842 bant,
2081 2779 2211 2832 arsit
2232 2781 2431 2845 t’enum,
2475 2789 2527 2834 et
2549 2779 2650 2849 ipsi
2672 2789 3042 2836 remanserunt
3063 2782 3116 2836 in
3139 2781 3499 2837 fundamento.

1905 2865 1994 2923 Sic
2019 2870 2146 2924 dicit
2175 2870 2463 2938 Apostolus
2492 2889 2506 2923 :
2530 2869 2592 2925 Si
2617 2871 2765 2941 cujus
2789 2887 2918 2940 opus
2944 2873 3201 2936 manserit,
3227 2873 3504 2927 mercedem

1905 2959 2119 3028 accipiet
2149 2975 2166 3012 :
2196 2968 2250 3014 et
2283 2960 2415 3014 nihil
2451 2960 2668 3030 perdet;
2699 2963 2821 3031 quia
2849 2962 2988 3029 quod
3029 2963 3251 3026 amavit,
3285 2962 3387 3017 hoc
3414 2963 3500 3018 in-

1905 3048 2100 3104 veniet.
2143 3048 2280 3117 Quid
2317 3063 2446 3121 ergo
2475 3050 2577 3105 illis
2609 3049 2733 3106 fecit
2769 3051 2904 3122 ignis
2943 3051 3333 3107 tribulationis?
3368 3052 3502 3108 Pro-

1906 3141 2054 3197 bavit
2079 3159 2193 3198 eos.
2227 3143 2288 3198 Si
2325 3145 2471 3214 cujus
2501 3160 2628 3214 opus
2670 3145 3028 3214 permanserit,
3061 3145 3336 3200 mercedem
3363 3146 3501 3200 acvit

1907 3236 2007 3308 piet
2030 3253 2048 3291 :
2070 3237 2112 3290 si
2132 3238 2276 3308 cujus
2296 3253 2422 3307 apns
2447 3238 2644 3304 arserit,
2669 3237 2910 3292 danmnm
2937 3239 3188 3307 patietur;
3210 3239 3318 3309 ipse
3336 3247 3504 3295 autent

1905 3330 2073 3382 saluus
2090 3329 2202 3391 erit,
2220 3328 2292 3381 sic
2316 3328 2632 3397 tamenquasi
2662 3343 2755 3398 per
2778 3329 2946 3398 ignem
2971 3325 3012 3400 (l
3035 3327 3152 3383 Cor.
3183 3344 3258 3397 In,
3289 3329 3499 3402 “45).

1907 3421 2015 3476 Sed
2043 3420 2188 3475 aliud
2217 3429 2300 3475 est
2325 3421 2446 3491 igne
2473 3435 2582 3475 non
2608 3421 2726 3475 laedi
2744 3462 2758 3485 ,
2793 3420 2934 3476 aliud
2965 3435 3060 3490 per
3083 3423 3256 3491 ignem
3287 3422 3502 3478 salvari.

1907 3513 1977 3570 Et
2002 3514 2183 3569 unde?
2207 3513 2434 3583 Propter
2455 3513 2883 3568 fundamentum.
2912 3513 3026 3569 Non
3051 3515 3268 3570 recedat
3289 3528 3416 3585 ergo
3433 3514 3504 3571 de

1907 3607 2072 3662 corde
2100 3605 2524 3661 fundamentum.
2554 3605 2672 3661 Noli
2710 3621 2872 3678 super
2929 3606 3106 3662 fenum
3141 3619 3341 3677 ponere
3376 3605 3502 3662 fam

1905 3698 2217 3754 damentum
2239 3737 2256 3763 ,
2284 3696 2387 3751 hoc
2414 3703 2530 3763 est,
2566 3697 2672 3752 noli
2709 3706 3036 3766 anteponere
3075 3698 3253 3753 fenum
3309 3695 3501 3752 funda-

1905 3801 2108 3858 mento,
2137 3799 2197 3846 ut
2215 3789 2396 3846 fenum
2444 3790 2637 3846 habeat
2662 3792 2891 3860 primum
2916 3791 3093 3846 locum
3120 3791 3173 3845 in
3197 3790 3360 3845 corde
3387 3797 3500 3856 tuo,

1905 3892 1963 3939 et
1986 3883 2279 3939 secundum
2298 3881 2545 3938 Christus
2568 3899 2580 3936 :
2605 3883 2700 3938 sed
2728 3883 2772 3937 si
2795 3881 2906 3951 jam
2931 3895 3039 3937 non
3061 3888 3237 3953 potest
3259 3882 3360 3936 nisi
3381 3891 3504 3937 esse

1905 3976 1992 4031 ibi.
2011 3976 2190 4031 fenum
2211 4016 2226 4041 ,
2253 3975 2341 4030 vel
2371 3975 2601 4045 primum
2631 3975 2808 4032 locum
2837 3975 2908 4030 ibi
2940 3975 3131 4031 habeat
3154 3971 3419 4039 Christus,
3451 3980 3503 4029 et

1908 4069 2086 4127 fenum
2129 4067 2441 4124 secundum.

1981 4163 2068 4218 i0.
2094 4161 2234 4232 Ergo
2262 4160 2663 4216 fundamentum
2685 4167 2769 4215 est
2787 4159 3049 4214 Christus.
3072 4158 3352 4228 Quomodo
3369 4157 3497 4224 disi,

1908 4255 2214 4312 dedicatum
2243 4265 2328 4311 est
2355 4262 2514 4325 caput
2539 4261 2798 4317 nostrum,
2825 4253 2996 4322 ipsum
3021 4261 3180 4321 caput
3204 4259 3287 4307 est
3315 4250 3504 4305 funda-

1909 4353 2170 4401 mentum.
2191 4343 2298 4400 Sed
2323 4343 2723 4399 fundamentum
2749 4343 2996 4397 deorsum
3021 4342 3158 4396 solet
3178 4355 3320 4407 esse,
3343 4350 3503 4410 eaput

1907 4447 2087 4492 autem
2108 4449 2346 4492 sursum.
2377 4435 2637 4506 intelligat
2659 4433 2924 4490 Sanctitas
2946 4432 3134 4488 Vestra
3155 4430 3280 4502 quid
3301 4432 3496 4498 dicam,

1908 4529 2150 4586 fortassis
2180 4527 2457 4598 explicabo
2485 4528 2539 4581 in
2569 4527 2787 4582 nomine
2810 4524 3028 4580 Christi.
3060 4523 3300 4580 Pondere
3329 4524 3502 4595 gemi‘v

1910 4636 1978 4678 na
2015 4629 2156 4676 sunt.
2201 4619 2416 4674 Pondns
2441 4618 2582 4674 enim
2613 4626 2693 4674 est
2728 4618 2962 4688 impetus
2995 4615 3209 4687 quidam
3245 4616 3504 4686 cujusque

1911 4715 1988 4770 rei
2010 4757 2026 4782 ,
2061 4715 2206 4769 velut
2233 4711 2478 4769 conantis
2505 4711 2572 4767 ad
2602 4711 2776 4768 locum
2805 4725 2960 4767 suum
2990 4727 3004 4765 :
3033 4709 3135 4766 hoc
3163 4717 3245 4765 est
3274 4709 3502 4780 pondus.

1911 4805 2046 4863 Fers
2076 4806 2308 4877 lapidem
2339 4815 2500 4860 manu
2519 4845 2533 4872 ,
2565 4805 2766 4875 pateris
2791 4797 3035 4874 pondus;
3069 4803 3260 4874 premit
3287 4815 3503 4858 meum

1912 4907 2089 4964 tuam,
2122 4899 2244 4968 quia
2286 4899 2459 4953 locum
2497 4911 2654 4953 suum
2692 4896 2902 4966 quaerit.
2943 4895 3010 4951 Et
3044 4896 3125 4951 vis
3161 4894 3348 4951 videre-
3378 4894 3505 4966 quid

1911 4993 2155 5063 quierat?
2181 4990 2449 5046 Subtrahe
2477 5004 2692 5045 manqu
2712 5031 2726 5054 ,
2755 4989 2902 5043 venit
2925 4987 2991 5044 ad
3022 4997 3218 5043 terram
3239 5029 3253 5054 ,
3281 4985 3508 5059 quiescit

1913 5085 1967 5140 in
1995 5094 2136 5139 terra
2162 5101 2174 5137 :
2207 5083 2443 5154 pervenit
2468 5095 2573 5152 quo
2600 5081 2869 5149 tendebat,
2900 5081 3104 5137 invenit
3128 5081 3303 5137 locum
3326 5093 3504 5137 suum.

1915 5177 2128 5234 Pondus
2159 5192 2286 5246 ergo
2316 5175 2444 5230 illud
2474 5185 2648 5230 motus
2677 5184 2792 5230 erat
2819 5176 2970 5246 quasi
2999 5184 3359 5246 spontaneus,
3390 5174 3507 5230 sine

1914 5270 2122 5335 anima,
2153 5267 2268 5322 sine
2297 5275 2475 5321 sensu.
2505 5264 2642 5322 Sunt
2677 5266 2777 5321 alia
2806 5282 2925 5337 qua:
2952 5281 3166 5323 sursum
3193 5273 3380 5322 versus
3406 5275 3508 5334 pc-

1915 5370 2034 5418 tunt
2061 5361 2256 5415 locum.
2298 5357 2538 5429 Namque
2575 5359 2620 5414 si
2655 5373 2846 5430 aquam
2886 5360 3067 5415 mittas
3104 5373 3264 5429 super
3293 5357 3506 5422 oleum,

1916 5453 2151 5525 pondere
2180 5465 2278 5506 suo
2307 5451 2360 5506 in
2392 5451 2498 5506 ima
2529 5452 2716 5508 tendit.
2749 5451 2950 5507 Locum
2988 5452 3129 5507 enim
3169 5461 3323 5506 suum
3356 5457 3506 5519 quas.

1917 5548 2019 5612 rit,
2053 5544 2282 5600 ordinari
2313 5545 2504 5616 quzerit
2534 5562 2549 5598 :
2576 5544 2701 5614 quia
2741 5553 2938 5614 prteter
2974 5543 3214 5600 ordinem
3249 5547 3335 5597 est
3369 5551 3506 5612 aqua

1917 5651 2079 5707 super
2102 5637 2299 5691 oleum.
2334 5637 2514 5692 Donec
2549 5651 2676 5708 ergo
2713 5636 2892 5691 veniat
2927 5637 2994 5690 ad
3037 5635 3278 5696 ordinem
3318 5643 3506 5704 suum,

1917 5729 2182 5800 inquietus
2215 5740 2391 5785 motus
2415 5738 2518 5797 est,
2546 5730 2718 5785 donec
2746 5737 2933 5785 teneat
2953 5728 3123 5782 locum
3152 5743 3329 5784 suum.
3359 5727 3509 5784 Con-

1919 5829 2024 5887 tra,
2054 5821 2234 5876 oleum
2259 5820 2419 5876 funde
2449 5821 2550 5876 sub
2576 5834 2733 5890 aqua,
2765 5819 2913 5875 verbi
2938 5817 3126 5888 gratia,
3157 5817 3508 5888 quemadmo-

1915 5915 2048 5976 dum
2072 5914 2122 5973 si
2140 5927 2234 5973 vas
2259 5913 2366 5972 olei
2385 5912 2541 5970 cadat
2563 5913 2620 5972 in
2641 5924 2852 5984 aquam,
2877 5910 2933 5970 in
2957 5908 3232 5984 abyssum,
3258 5911 3314 5969 in
3337 5923 3508 5984 mare,
