4032 6484
497 456 610 514 293

501 581 558 628 et
595 569 890 641 frangatur,
919 580 1027 623 non
1058 580 1119 622 se
1157 564 1353 636 patitur
1380 561 1558 619 oleum
1586 561 1790 618 subter.
1813 555 2099 626 Quomodo

499 677 635 734 aqua
663 676 825 732 super
853 660 1032 715 oleum
1060 659 1243 724 missa,
1267 655 1504 727 pondere
1528 653 1596 710 ad
1619 655 1725 708 ima
1747 652 1922 708 locum
1943 662 2100 704 suum

499 754 695 826 quaerit
726 771 740 808 :
769 753 846 808 sic
871 752 1051 807 oleum
1079 750 1264 806 subter
1291 764 1482 819 aquam
1515 746 1692 802 fusum
1717 787 1732 813 ,
1766 742 2003 814 pondere
2030 739 2100 796 ad

502 863 713 904 summa
751 847 926 902 locum
954 861 1109 900 suum
1138 843 1349 914 quzerit.
1379 842 1434 896 Si
1465 855 1594 910 ergo
1625 840 1694 893 ita
1725 845 1806 892 est
1825 877 1840 902 ,
1869 835 2098 900 fratres,

505 956 612 1011 quo
637 939 804 994 tendit
833 938 970 1008 ignis
996 946 1052 993 et
1079 936 1250 1006 aqua?
1278 933 1417 1006 Ignis
1456 947 1668 988 sursum
1695 930 1891 995 fertur,
1923 929 2101 983 locum

503 1044 660 1086 suum
699 1029 924 1100 qmerit;
964 1036 1019 1083 et
1052 1043 1186 1098 aqua
1224 1026 1398 1082 locum
1438 1039 1593 1079 suum
1632 1022 1825 1093 quaerit
1864 1019 2101 1090 pondere

506 1137 626 1178 suo.
654 1121 814 1192 Lapis
840 1123 944 1176 ima
970 1120 1120 1190 petit,
1145 1129 1198 1174 et
1223 1119 1444 1186 lignum,
1467 1123 1522 1171 et
1544 1115 1828 1177 columnae,
1853 1121 1907 1167 et
1935 1120 2098 1175 terra,

506 1214 646 1270 unde
671 1214 1003 1268 aedificantur
1023 1213 1137 1266 ista:
1157 1210 1346 1265 domus
1371 1227 1383 1260 :
1410 1209 1478 1264 de
1504 1207 1597 1262 illo
1617 1221 1743 1277 ergo
1765 1212 1888 1260 sunt
1907 1217 2102 1274 genere

504 1319 684 1360 rerum
705 1345 720 1369 ,
748 1320 869 1373 quae
907 1301 1143 1373 pondere
1176 1317 1275 1356 suo
1301 1300 1551 1355 deorsum
1585 1299 1840 1354 feruntur.
1875 1294 2100 1350 Manife-

505 1403 646 1450 stum
675 1404 756 1451 est
788 1409 916 1464 ergo
950 1393 1070 1448 ideo
1097 1393 1348 1448 deorsum
1381 1391 1625 1461 accipere
1662 1388 2061 1444 fundamentum
2081 1427 2097 1453 ,

505 1485 628 1553 quia
659 1484 894 1554 pondere
918 1498 1017 1538 suo
1039 1483 1290 1537 deorsum
1317 1496 1503 1536 versus
1530 1481 1798 1544 feruntur;
1823 1487 1877 1533 et
1903 1478 2004 1532 nisi
2031 1477 2103 1532 sit

506 1574 650 1644 quod
689 1576 980 1637 sustineat,
1024 1584 1191 1629 totum
1232 1573 1406 1639 cadit,
1437 1573 1558 1644 quia
1600 1582 1768 1628 totum
1803 1571 1869 1626 ad
1904 1580 2100 1625 terram

505 1666 698 1735 vergit.
727 1666 908 1721 Rebus
931 1681 1061 1737 ergo
1085 1666 1151 1720 ad
1177 1666 1279 1720 ima
1309 1665 1647 1720 tendentibus
1675 1667 1727 1719 in
1755 1664 1862 1718 imo
1888 1663 2101 1732 ponitur

507 1756 915 1813 fundamentum
946 1776 960 1813 :
992 1759 1227 1814 Ecclesia
1260 1772 1385 1812 vero
1418 1757 1510 1812 Dei
1547 1758 1599 1811 in
1635 1757 1742 1810 imo
1782 1755 1952 1826 posita
1982 1765 2101 1809 ten-

507 1847 586 1904 dit
617 1850 671 1904 in
697 1851 914 1906 caelum.
949 1849 1376 1904 Fundamentum
1407 1864 1534 1919 ergo
1569 1858 1808 1902 nostrum
1849 1846 1921 1902 ibi
1960 1844 2106 1916 posi-

513 1947 623 1994 tum
654 1949 770 2007 est,
815 1941 1069 1995 Dominus
1108 1949 1292 1996 noster
1329 1939 1485 1996 Jesus
1520 1939 1764 1995 Christus
1805 1937 1999 1994 sedens
2036 1937 2104 1992 ad

511 2029 786 2086 dexteram
819 2031 1011 2086 Patris.
1044 2031 1099 2087 Si
1126 2047 1254 2103 ergo
1290 2030 1551 2086 intellexit
1579 2029 1846 2086 Sanctitas
1879 2029 2099 2094 Vestra,

507 2124 628 2193 quia
664 2123 772 2193 jam
803 2123 1106 2179 dedicatum
1141 2134 1223 2179 est
1257 2123 1657 2178 fundamentum
1693 2131 1932 2176 nostrum
1955 2162 1970 2188 ,
2001 2135 2101 2175 au-

507 2213 714 2269 diamus
743 2216 973 2270 breviter
998 2216 1288 2278 Psalmum,
1316 2226 1371 2271 et
1396 2215 1764 2271 decurramus.

580 2307 667 2362 11.
699 2305 850 2380 [vers.
879 2307 960 2380 2.]
1003 2307 1255 2363 Exaltabo
1284 2317 1330 2362 te
1349 2351 1364 2375 ,
1395 2308 1642 2376 Domine,
1671 2307 1909 2378 quoniant
1934 2323 2104 2361 susce-

507 2398 626 2469 pisti
652 2414 760 2466 me,
793 2415 882 2454 nec
901 2399 1203 2468 jucundasti
1231 2400 1458 2454 inimicos
1485 2416 1619 2454 meos
1645 2416 1795 2468 super
1824 2415 1922 2460 me.
1955 2399 2102 2466 Quos

509 2487 791 2544 inimicos?
825 2488 1076 2544 ludi-os?
1113 2489 1169 2544 ln
1207 2489 1541 2546 dedicatione
1571 2491 1899 2545 fundamenti
1930 2490 2098 2560 ipsam

509 2578 899 2635 dedicationem
930 2580 1291 2650 intelligamus
1318 2581 1508 2636 domus
1537 2581 1748 2636 futurae.
1775 2580 1929 2647 Quod
1957 2581 2101 2636 enim

509 2669 706 2727 dicitur
731 2671 892 2728 modo
919 2687 984 2726 ex
1016 2688 1242 2742 persona
1273 2673 1621 2741 fundamenti,
1651 2682 1773 2728 tunc
1801 2673 2008 2728 dicetur
2034 2687 2103 2728 ex

511 2776 740 2832 persona
777 2764 1040 2819 universa:
1083 2765 1294 2820 domus.
1335 2765 1479 2834 Quos
1516 2781 1647 2836 ergo
1688 2766 1968 2822 inimicos?
2003 2764 2101 2820 Ju-

507 2853 674 2920 dteos,
704 2871 772 2910 au
800 2858 978 2928 potius
1003 2857 1273 2914 diabolum
1301 2869 1354 2914 et
1378 2861 1596 2930 angelos
1621 2860 1757 2928 ejus,
1780 2860 1870 2930 qui
1894 2858 2102 2916 confusi

508 2944 906 3014 discesserunt,
939 2959 1218 3019 postquam
1248 2951 1501 3005 Dominus
1532 2951 1859 3005 resurrexit?
1889 2951 2105 3021 Prmpo-

505 3037 641 3093 situs
669 3040 855 3095 mortis
885 3040 1056 3096 doluit
1082 3042 1273 3097 victam
1305 3052 1553 3098 mortem.
1587 3042 1652 3096 Et
1681 3060 1782 3098 non
1801 3044 2104 3115 jucundasti

509 3133 739 3188 inimicos
765 3151 902 3189 nteos
929 3152 1081 3204 super
1107 3151 1186 3190 me
1211 3152 1229 3190 :
1257 3137 1380 3206 quia
1409 3137 1576 3193 teucri
1603 3137 1742 3206 apud
1771 3137 1968 3192 inferos
1994 3153 2098 3192 non

507 3210 675 3293 potui.

579 3315 668 3370 12.
697 3315 846 3389 [vers.
879 3318 957 3390 5.]
987 3317 1206 3374 Domine
1232 3316 1373 3375 Deus
1399 3337 1570 3386 meus,
1597 3320 1812 3375 clamavi
1845 3320 1914 3374 ad
1945 3331 1993 3376 te
2012 3364 2026 3386 ,
2055 3332 2101 3376 et

504 3409 699 3464 sanasti
728 3426 804 3463 me
827 3426 846 3464 :
867 3413 1042 3466 oravit
1067 3413 1118 3467 in
1145 3421 1324 3468 monte
1354 3414 1612 3469 Dominus
1641 3422 1763 3470 ante
1792 3415 2098 3484 passionem

508 3502 718 3572 (Matth.
749 3519 901 3567 xxvi,
932 3505 1059 3576 59);
1103 3506 1308 3560 sanavit
1346 3521 1490 3562 eum.
1534 3506 1702 3575 Quem
1739 3508 1978 3573 sanavit,
2010 3505 2101 3577 qui

505 3609 776 3665 nunquam
805 3598 1109 3666 tegrotavit,
1144 3597 1374 3654 Verbum
1406 3599 1571 3654 Deum
1593 3641 1608 3667 ,
1642 3599 1873 3656 Verbqu
1902 3600 2098 3656 divini-

508 3685 710 3740 tatem?
753 3685 906 3752 Non,
950 3687 1045 3742 sed
1092 3698 1320 3744 mortem
1361 3689 1537 3744 carnis
1583 3690 1860 3759 portabat,
1907 3691 2102 3746 vulnus

509 3781 658 3831 tuum
699 3779 978 3846 portabat,
1017 3789 1302 3835 sanaturus
1333 3791 1384 3836 te
1413 3781 1482 3836 de
1514 3782 1732 3837 vulnere
1766 3789 1876 3836 tuo.
1909 3781 2104 3837 Sanata

509 3876 592 3924 est
616 3877 794 3923 autem
832 3885 977 3925 caro.
1008 3871 1268 3938 Quando?
1291 3863 1426 3926 Cum
1457 3875 1767 3929 resurrexit.
1796 3873 1932 3927 Audi
1963 3875 2107 3943 Apo-

508 3960 727 4028 stolum,
749 3961 873 4016 vide
896 3977 1075 4018 veram
1103 3965 1385 4020 sanitatem
1412 3983 1424 4018 :
1452 3966 1700 4038 Absorpta
1727 3977 1819 4033 est,
1845 3968 1940 4033 ait,
1971 3983 2105 4022 mors

508 4051 564 4106 in
585 4052 864 4106 uictoriam.
891 4052 989 4108 Ubi
1009 4064 1102 4119 est,
1125 4072 1283 4121 mors,
1310 4057 1514 4110 aculeus
1540 4066 1654 4109 tuus
1675 4057 1698 4109 ?
1723 4057 1804 4110 ubi
1826 4065 1918 4123 est,
1947 4073 2101 4122 mors,

509 4145 757 4200 contentio
785 4154 872 4199 tua
895 4146 955 4216 (l
983 4145 1100 4201 Cor.
1137 4163 1228 4212 xv,
1258 4147 1400 4217 54)?
1428 4149 1568 4218 Ergo
1594 4149 1846 4204 exaltatio
1877 4149 1964 4203 illa
1998 4164 2099 4204 no-

510 4245 638 4291 strze
664 4245 791 4293 tunc
814 4239 918 4292 erit
943 4238 1110 4303 vocis,
1143 4237 1341 4293 Christi
1371 4239 1531 4293 modo
1558 4248 1640 4294 est
1665 4239 1936 4294 exaltatio.

581 4328 669 4384 13.
697 4327 848 4401 [vers.
889 4329 967 4402 4.]
1008 4329 1259 4396 Domine,
1303 4331 1545 4385 reduxisti
1584 4331 1646 4384 ab
1680 4332 1855 4402 inferis
1883 4333 2106 4388 animam

507 4435 688 4475 meam.
721 4421 834 4477 Non
866 4438 1000 4492 Opus
1029 4432 1111 4478 est
1143 4432 1200 4478 ut
1229 4433 1546 4495 exponatur.
1587 4425 1800 4480 Salvum
1837 4426 1997 4498 fecisti
2028 4442 2106 4481 me

506 4526 541 4564 a
563 4511 975 4569 descendentibus
1001 4516 1056 4569 in
1085 4515 1273 4570 locant.
1303 4516 1402 4584 Qui
1431 4525 1555 4570 sunt
1581 4517 1672 4586 qui
1697 4517 2027 4572 descendunt
2050 4518 2104 4574 in

508 4600 720 4658 lacum?
744 4603 942 4660 Omnes
971 4616 1278 4675 peccatores
1310 4618 1611 4678 mergentes
1641 4610 1693 4664 iu
1723 4609 2047 4678 profundum
2085 4628 2101 4665 :

507 4693 655 4748 lacus
680 4703 764 4750 est
789 4695 931 4749 enim
960 4698 1293 4765 profunditas
1321 4701 1525 4754 saeculi.
1554 4701 1683 4768 Quae
1714 4709 1797 4756 est
1834 4702 1935 4757 ista
1976 4719 2103 4773 pro-

506 4782 742 4841 funditas
766 4786 985 4841 saeculi?
1010 4787 1346 4843 Abundantia
1375 4790 1598 4845 luxuria:
1619 4801 1672 4846 et
1697 4792 1948 4862 nequitiae
1973 4812 1986 4848 :
2012 4794 2105 4866 qui

506 4889 635 4946 ergo
655 4876 960 4935 libidinibus
984 4893 1103 4935 sese
1129 4880 1452 4952 immergunt
1473 4890 1528 4937 et
1552 4883 1776 4938 terrenis
1799 4883 2098 4954 desideriis,

506 4965 840 5023 descendunt
865 4970 918 5024 in
950 4970 1142 5025 lacum.
1174 4971 1329 5026 Tales
1357 4971 1628 5028 Christum
1660 4978 1924 5044 persecuti
1954 4987 2101 5034 sunt.

507 5057 614 5116 Sed
639 5060 764 5130 quid
792 5060 955 5117 dicit?
997 5063 1209 5118 Salvum
1247 5067 1406 5136 fecisti
1436 5083 1515 5122 me
1547 5083 1578 5120 a
1607 5066 2018 5126 descendentibus
2047 5072 2103 5125 in

507 5151 697 5208 lacum.

579 5245 666 5302 M.
689 5244 840 5319 [verm
882 5247 961 5322 5.]
990 5247 1205 5306 Psallite
1232 5251 1472 5320 Domino,
1500 5255 1663 5309 sancti
1687 5256 1796 5326 ejus
1830 5271 1848 5310 :
1873 5256 1994 5327 quia
2020 5271 2106 5312 re-

504 5339 738 5395 surrexit
773 5351 931 5412 caput
963 5352 1214 5409 vestrum,
1249 5343 1349 5401 hoc
1375 5357 1586 5416 sperate
1617 5346 1857 5402 membra
1882 5357 2098 5417 cratera,

504 5430 645 5500 quod
681 5431 875 5489 videtis
916 5435 969 5490 in
1007 5437 1214 5506 capite;
1254 5436 1355 5492 hoc
1399 5448 1608 5508 sperate
1646 5441 1923 5508 membra,
1961 5441 2103 5513 quod

504 5522 804 5580 credidistis
830 5525 882 5581 iu
911 5529 1107 5597 capite.
1141 5530 1489 5585 Proverbium
1521 5541 1602 5587 est
1629 5534 1904 5604 antiquum
1931 5545 1986 5590 et
2012 5551 2106 5594 ve-

505 5627 624 5669 rum
654 5631 668 5668 :
696 5615 795 5672 Ubi
822 5629 1014 5688 caput,
1043 5631 1096 5676 et
1124 5630 1314 5676 ctetera
1344 5623 1603 5678 membra.
1633 5623 1879 5681 Christus
1909 5627 1964 5681 in
1989 5643 2103 5684 ete-

505 5703 615 5760 lum
644 5710 904 5777 ascendit,
930 5727 1037 5782 quo
1065 5729 1162 5769 uos
1190 5716 1421 5769 secuturi
1452 5732 1636 5771 sumus
1664 5735 1678 5774 :
1706 5733 1810 5774 non
1844 5722 2105 5778 remansit

509 5799 648 5867 apud
681 5801 910 5871 inferos,
941 5808 1272 5875 resurrexit,
1299 5808 1410 5877 jam
1439 5824 1544 5865 non
1571 5811 1829 5877 moritur;
1857 5829 1980 5868 cum
2011 5829 2102 5872 re-

505 5894 893 5958 surrexerimus
931 5905 987 5956 et
1023 5912 1156 5968 nos,
1194 5897 1305 5974 jam
1344 5916 1452 5960 non
1489 5903 1804 5962 moriemur.
1833 5903 1943 5962 Has
1973 5919 2104 5980 ergo

1739 443 1801 500 S.
1840 433 2210 500 AUGUS'IINI
2238 433 2540 492 EPISCOPI

2209 549 2588 621 promissiones
2623 548 2882 606 habentes
2898 589 2916 616 ,
2940 547 3156 605 Psallite
3185 549 3424 619 Domino,
3450 554 3610 608 uncti
3636 556 3750 626 ejus
3776 572 3797 612 :

2206 652 2254 698 et
2280 641 2588 712 contemini
2614 642 2869 698 memorias
2891 643 3170 698 sanctitatis
3190 644 3319 714 ejus.
3347 644 3486 713 Quid
3507 656 3610 714 est,
3635 648 3802 718 con-

2208 736 2380 789 temini
2409 735 2698 791 memoria?
2723 734 2884 792 Obliti
2909 736 3051 792 enim
3075 737 3242 794 eratis
3263 753 3408 806 eum,
3436 739 3530 796 sed
3560 739 3678 810 ipse
3705 756 3804 798 vos

2206 843 2314 883 non
2339 837 2420 883 est
2444 827 2658 882 oblitus.

2278 921 2366 977 15.
2406 918 2556 993 [vers.
2581 919 2661 992 6.]
2709 921 2962 989 Quoniam
2992 923 3074 977 ira
3113 924 3168 978 in
3195 923 3544 996 indignatione
3574 927 3707 997 ejus,
3755 934 3807 982 es

2204 1013 2307 1067 vita
2335 1015 2389 1067 in
2416 1015 2678 1069 uoluntate
2702 1015 2830 1086 ejus.
2859 1014 2940 1068 Ira
2980 1016 3032 1070 in
3075 1016 3441 1087 indignatione
3489 1019 3760 1090 pecmtori
3785 1037 3803 1076 :

2208 1105 2320 1172 Qua
2346 1105 2431 1160 die
2458 1107 2682 1164 ederitis.
2710 1116 2870 1162 morte
2889 1108 3173 1163 moriemini
3189 1109 3339 1180 (Gen.
3363 1127 3420 1177 ,
3448 1112 3557 1180 17).
3589 1112 3807 1184 Tetige

2207 1207 2354 1263 runt,
2384 1199 2579 1253 mortui
2605 1208 2750 1263 sunt,
2775 1199 2978 1254 dimissi
3003 1201 3074 1255 de
3104 1202 3372 1270 paradiso,
3404 1202 3525 1272 quia
3544 1204 3624 1257 ira
3649 1204 3701 1258 in
3723 1205 3780 1260 in

2205 1291 2499 1362 dignatione
2526 1292 2638 1362 ejus
2659 1307 2679 1346 :
2705 1292 2798 1348 sed
2828 1308 2934 1347 non
2966 1293 3083 1348 sine
3108 1309 3225 1364 spe,
3254 1297 3375 1364 quia
3401 1297 3502 1349 vita
3531 1296 3585 1348 in
3616 1297 3804 1351 uolun-

2210 1394 2310 1438 tate
2338 1386 2462 1455 ejus.
2493 1384 2633 1452 Quid
2677 1395 2779 1451 est,
2819 1387 2873 1440 in
2909 1387 3165 1442 voluntate
3187 1388 3338 1458 ejus?
3366 1388 3481 1443 Non
3513 1389 3566 1443 in
3604 1391 3808 1445 viribus

2209 1479 2428 1545 nostris,
2459 1492 2564 1533 non
2604 1478 2657 1533 in
2686 1479 2892 1534 meritis
2916 1480 3114 1535 nostris
3141 1497 3155 1535 :
3186 1481 3281 1536 sed
3325 1483 3450 1552 quia
3481 1483 3666 1549 voluit,
3693 1484 3792 1540 sal-

2213 1585 2310 1625 vos
2353 1585 2449 1623 nos
2479 1571 2630 1635 fecit;
2664 1587 2768 1626 non
2799 1573 2920 1643 quia
2955 1573 3096 1643 digni
3121 1591 3350 1631 eramus.
3384 1577 3499 1644 Quo
3545 1588 3627 1633 est
3659 1579 3800 1644 eui.

2208 1670 2457 1732 peccator
2480 1661 2693 1732 dignus,
2732 1665 2832 1719 nisi
2871 1666 3168 1736 supplicio?
3211 1666 3385 1723 Vitam
3439 1669 3605 1726 dedit.
3646 1672 3713 1727 Et

2209 1753 2386 1822 impiis
2416 1753 2576 1808 vitam
2605 1754 2842 1823 donavit,
2870 1757 2997 1826 quid
3026 1768 3204 1813 servat
3232 1759 3518 1815 fidelibus?

2285 1843 2374 1898 16.
2437 1842 2652 1916 Vespere
2713 1846 3056 1902 demorabitur
3114 1850 3284 1919 etus.
3351 1850 3525 1906 Nolite
3579 1852 3809 1922 timere,

2212 1937 2334 2006 quia
2373 1936 2583 1992 dixerat
2629 1939 2804 2006 nobis,
2837 1940 3092 2007 Psallite;
3121 1951 3175 1998 et
3200 1942 3288 1998 hic
3331 1945 3561 2015 gemitus
3594 1955 3676 2001 est
3703 1947 3809 2004 :in

2213 2030 2492 2099 psallendo
2540 2031 2848 2100 exsultatio,
2892 2033 2943 2087 in
2985 2034 3190 2090 orando
3238 2037 3481 2106 gemitus.
3533 2038 3700 2095 Geme
3739 2039 3812 2098 do

2213 2123 2588 2192 prtesentibus,
2624 2123 2788 2192 psalle
2831 2123 2896 2179 de
2934 2124 3168 2181 futuris:
3196 2141 3290 2182 ora
3332 2127 3400 2183 de
3420 2145 3498 2198 re,
3531 2132 3695 2200 psalle
3738 2130 3812 2190 de

2208 2226 2323 2281 spe.
2368 2210 2584 2281 Vespere
2604 2212 2946 2268 demorabitur
2969 2216 3137 2285 etus.
3171 2215 3308 2284 Quid
3345 2228 3447 2283 est,
3486 2218 3812 2290 Vesperedo-

2210 2304 2492 2358 morabitur
2513 2305 2708 2374 fletus?
2734 2305 2970 2377 Vespera
2996 2309 3054 2362 tit
3079 2309 3293 2379 quando
3314 2312 3394 2365 sol
3415 2312 3628 2366 occidit.
3655 2311 3810 2369 Occi-

2209 2395 2290 2450 dit
2328 2395 2408 2450 sol
2440 2395 2508 2450 ab
2539 2395 2778 2464 homine,
2812 2398 2865 2452 id
2908 2408 2992 2454 est
3021 2400 3111 2454 lux
3140 2401 3226 2455 illa
3251 2401 3492 2472 justitite,
3527 2407 3812 2473 praesentia

2210 2488 2323 2544 Dei.
2374 2488 2498 2545 Ideo
2541 2491 2755 2561 quando
2794 2492 3051 2561 expulsus
3099 2504 3181 2548 est
3209 2494 3402 2562 Adam,
3450 2497 3576 2566 quid
3606 2499 3812 2554 dictum

2209 2590 2294 2636 cst
2327 2581 2377 2636 in
2407 2581 2644 2638 Genesi?
2690 2582 2825 2638 Cum
2864 2583 3236 2640 deambularet
3264 2585 3405 2641 Deus
3440 2588 3493 2641 in
3522 2587 3809 2656 paradiso;

2211 2671 2277 2727 ad
2319 2688 2598 2743 vesperam
2638 2674 3014 2731 deambulabat
3058 2677 3199 2733 Deus
3241 2695 3254 2731 :
3281 2677 3392 2748 jam
3430 2679 3521 2735 ille
3561 2690 3813 2750 peccator

2210 2771 2415 2819 texerat
2435 2780 2494 2821 se
2520 2766 2656 2820 intra
2679 2766 2900 2838 lignum,
2919 2767 3136 2824 nolebat
3153 2769 3334 2825 videre
3352 2770 3541 2827 faciem
3575 2773 3664 2828 Dei
3691 2771 3809 2845 (Id.

2210 2852 2379 2925 111,8),
2402 2855 2468 2910 ad
2485 2872 2642 2926 quam
2659 2858 2891 2928 gaudere
2916 2870 3270 2916 consueverat
3294 2877 3309 2916 :
3331 2863 3599 2918 occiderat
3632 2865 3708 2920 illi
3724 2863 3812 2923 sol

2205 2947 2445 3016 justitize,
2477 2964 2586 3004 non
2627 2951 2890 3020 gaudebat
2919 2953 2985 3007 ad
3015 2955 3358 3023 praesentiam
3393 2955 3510 3011 Dei.
3562 2956 3688 3014 lude
3717 2959 3809 3015 in-

2207 3039 2401 3094 choata
2427 3049 2510 3096 est
2535 3043 2710 3097 omnis
2740 3042 2845 3098 vita
2887 3043 2987 3098 ista
3012 3045 3274 3101 mortalis.
3323 3045 3546 3120 Vespere
3569 3049 3810 3106 demora-

2209 3130 2340 3184 bitur
2380 3133 2551 3202 etus.
2600 3134 2698 3189 Diu
2737 3135 2845 3190 eris
2891 3136 2943 3190 in
2977 3137 3124 3204 fletu,
3179 3153 3213 3194 o
3254 3155 3425 3210 genus
3476 3141 3810 3201 humanum:

2207 3223 2444 3278 nasceris
2472 3224 2615 3280 enim
2646 3225 2715 3281 de
2739 3226 2930 3293 Adam,
2960 3238 3015 3283 et
3043 3229 3120 3284 sic
3147 3237 3230 3284 est
3258 3229 3456 3288 factum
3487 3249 3502 3299 ;
3535 3242 3588 3288 et
3613 3249 3712 3289 nos
3738 3249 3811 3292 ex

2208 3315 2378 3370 Adam
2407 3331 2613 3379 sumus,
2642 3325 2698 3372 et
2727 3327 2996 3389 quotquot
3037 3332 3292 3377 crearunt
3316 3323 3476 3390 filios,
3502 3334 3556 3379 et
3575 3326 3812 3384 creaturi

2207 3416 2352 3473 sunt,
2395 3423 2461 3461 ex
2508 3407 2678 3462 Adam
2732 3419 2873 3474 sunt,
2929 3426 2996 3466 ex
3048 3427 3156 3482 quo
3206 3423 3261 3468 et
3312 3415 3415 3486 ipsi
3452 3417 3618 3472 creati
3657 3428 3809 3476 sunt.

2218 3496 2434 3570 Vespere
2457 3498 2802 3554 demorabitur
2820 3503 2972 3571 etus
2990 3519 3009 3556 :
3029 3513 3075 3557 et
3099 3505 3152 3558 in
3172 3506 3478 3561 matutinum
3496 3511 3768 3564 multatio
3789 3525 3813 3566 :

2209 3588 2425 3659 quando
2465 3591 2698 3660 cteperit
2739 3591 2868 3646 oriri
2917 3593 3163 3649 fidelibus
3216 3595 3326 3664 lus,
3369 3612 3488 3667 qua:
3533 3598 3815 3656 occiderat

2209 3682 2600 3750 peccatoribus.
2629 3681 2764 3737 Nam
2793 3683 2916 3739 ideo
2936 3694 2990 3739 et
3015 3686 3276 3743 Dominus
3300 3687 3455 3744 Jesus
3479 3689 3728 3748 Christus
3753 3693 3812 3750 iu

2207 3771 2470 3826 matutino
2519 3774 2812 3828 resurrexit
2839 3774 2904 3829 de
2948 3776 3196 3846 sepulcro
3225 3777 3440 3850 (Matth.
3490 3796 3683 3850 xxvtn,
3723 3784 3810 3852 1),

2211 3869 2269 3916 ut
2307 3861 2449 3932 quod
2497 3862 2766 3919 dedicavit
2816 3865 2867 3920 in
2914 3867 3279 3937 fundamento,
3329 3870 3432 3926 hoc
3473 3873 3815 3940 promitteret

2208 3953 2410 4010 domui.
2439 3953 2496 4010 In
2527 3957 2756 4014 Domino
2805 3970 2992 4016 nostro
3035 3978 3257 4032 vespera
3287 3963 3405 4030 fuit,
3433 3981 3536 4037 qua
3566 3969 3814 4039 sepultus

2209 4054 2325 4111 est;
2357 4055 2413 4102 et
2439 4048 2778 4116 matutinum,
2808 4066 2917 4119 quo
2937 4060 3252 4122 resurrexit,
3292 4057 3449 4112 tertio
3469 4057 3558 4113 die
3589 4076 3601 4110 :
3631 4059 3816 4130 sepul-

2211 4145 2295 4192 tus
2323 4153 2384 4193 es
2419 4147 2474 4194 et
2501 4149 2558 4194 tu
2586 4155 2810 4211 vespere
2839 4143 2890 4196 in
2925 4144 3192 4213 paradiso,
3235 4155 3290 4201 et
3331 4149 3669 4205 resurrexiin
3695 4160 3812 4207 ter-

2210 4229 2284 4284 tio
2311 4229 2416 4285 die.
2463 4231 2745 4299 Quomodo
2809 4235 2964 4290 tertio
3009 4235 3226 4292 die?Si
3273 4239 3529 4295 saeculum
3575 4241 3810 4312 cogites,

2210 4335 2346 4374 unus
2372 4320 2488 4375 dies
2518 4331 2600 4376 est
2649 4333 2772 4378 ante
2819 4324 3039 4395 Legem,
3097 4327 3363 4384 secundus
3387 4331 3487 4386 sub
3513 4330 3671 4402 Lege,
3697 4341 3816 4388 ter-

2211 4413 2315 4468 tius
2340 4414 2439 4470 sub
2467 4415 2668 4471 Gratia.
2691 4417 2844 4484 Quod
2867 4420 3042 4475 triduo
3063 4421 3153 4476 illo
3175 4424 3412 4479 ostendit
3435 4435 3593 4495 caput
3619 4434 3801 4496 tuum,

2211 4506 2313 4563 hoc
2336 4508 2509 4564 triduo
2534 4511 2716 4566 szeculi
2743 4511 3042 4567 ostenditur
3067 4513 3120 4568 in
3154 4523 3225 4570 te.
3254 4515 3518 4584 Quando?
3545 4517 3601 4572 lu
3623 4528 3814 4574 matu-

2211 4599 2322 4655 tino
2347 4602 2672 4672 sperandum
2704 4614 2806 4672 est,
2837 4606 3123 4662 ltetandum
3148 4616 3263 4674 est;
3305 4609 3403 4665 sed
3433 4610 3814 4681 perferendum

2209 4700 2292 4746 est
2317 4693 2497 4760 modo,
2528 4702 2582 4749 et
2607 4695 2949 4763 gemendum.

2284 4783 2369 4838 17.
2413 4783 2564 4856 [vers.
2615 4784 2693 4858 7.]
2736 4785 2847 4856 Ego
2873 4798 3042 4844 autem
3077 4791 3188 4846 disi
3214 4791 3268 4846 in
3307 4808 3419 4847 mea
3446 4794 3759 4850 abundantia
3790 4812 3817 4854 :

2213 4874 2335 4929 Non
2357 4879 2585 4935 movebar
2607 4881 2660 4932 in
2683 4890 2945 4936 eternum.
2971 4883 3028 4939 lu
3058 4900 3161 4955 qua
3202 4885 3526 4944 abundantia
3555 4887 3690 4944 dixit
3709 4891 3818 4947 ho-

2211 4985 2300 5024 mo
2333 4987 2346 5024 :
2382 4969 2501 5025 Non
2528 4973 2759 5028 movebar
2782 4975 2835 5030 in
2860 4980 3143 5032 internum?
3174 4980 3544 5052 lntelligimus,
3589 4981 3813 5054 fratres,

2215 5079 2495 5133 personam
2526 5065 2744 5124 humilis
2775 5069 3029 5127 hominis.
3075 5071 3206 5141 Quis
3231 5071 3325 5130 hic
3347 5075 3505 5131 habet
3530 5076 3815 5134 abundan-

2214 5157 2375 5211 tiam?
2396 5156 2584 5212 Nemo.
2618 5161 2954 5218 Ahundantia
2979 5165 3214 5220 hominis
3233 5182 3354 5237 qua:
3373 5166 3496 5223 est?
3517 5167 3810 5235 Erumna,

2209 5248 2504 5305 calamitas.
2553 5250 2660 5306 Sed
2709 5252 2900 5310 divites
2947 5255 3148 5313 habent
3197 5257 3630 5316 abundantiam?
3674 5259 3815 5316 Plus

2210 5357 2370 5418 egent
2398 5359 2597 5420 quanto
2623 5349 2743 5420 plus
2765 5351 2997 5408 habent:
3028 5353 3312 5412 desideriis
3338 5365 3633 5426 vastantur,
3657 5357 3816 5426 cupi-

2211 5440 2469 5496 ditatibus
2497 5443 2844 5513 dissipantur,
2894 5447 3174 5505 timoribus
3219 5450 3544 5516 cruciantur,
3594 5451 3813 5508 tristitia

2211 5534 2598 5591 contabescunt
2620 5555 2632 5590 :
2657 5553 2777 5606 qua:
2795 5539 2900 5594 illis
2919 5540 3281 5598 abundantia?
3307 5542 3645 5598 Abundantia
3666 5553 3811 5610 erat,

2211 5629 2424 5698 quando
2444 5631 2763 5686 constitutus
2792 5643 2874 5688 est
2901 5633 3061 5690 homo
3078 5635 3128 5689 in
3151 5635 3417 5705 paradiso,
3435 5636 3652 5708 quando
3677 5635 3810 5695 nihil

2209 5720 2394 5776 deerat
2411 5721 2505 5785 illi,
2522 5722 2734 5792 quando
2761 5724 2869 5778 Deo
2885 5724 3195 5782 fruebatur:
3221 5726 3314 5782 sed
3331 5727 3482 5794 dixit,
3505 5726 3630 5782 Non
3648 5743 3813 5783 more.

2207 5812 2301 5866 bor
2318 5813 2371 5866 in
2390 5823 2654 5869 cternum.
2684 5814 2967 5884 Quomodo
2983 5817 3136 5885 dixit,
3169 5817 3290 5873 Non
3319 5820 3549 5874 movebar
3571 5837 3627 5874 tn
3652 5831 3812 5877 teter-

2209 5921 2332 5976 num
2343 5905 2370 5962 ?
2383 5904 2606 5974 Quando
2622 5906 2850 5974 libenter
2861 5910 3082 5982 audivit,
3097 5910 3326 5982 (instate,
3339 5922 3388 5970 et
3412 5912 3550 5970 eritis
3563 5923 3813 5986 mam
