4032 6468
211 486 275 548 dii
297 510 310 546 :
335 505 458 548 cum
505 491 656 548 Deus
677 492 903 559 diceret,
932 490 1046 557 Qua
1082 489 1165 547 die
1183 490 1404 557 ederitis,
1430 502 1589 548 morte
1608 494 1796 548 morie-

213 585 322 639 mini
342 601 361 648 ;
380 592 434 639 et
462 583 735 651 diabolus,
766 583 887 639 Non
914 592 1071 637 morte
1099 584 1381 638 moriemini
1404 583 1555 654 (Gen.
1588 601 1665 651 ιιι,
1691 586 1725 641 4
1752 595 1795 659 et

214 676 282 745 5).
310 673 552 731 Credens
578 690 710 747 ergo
734 674 811 730 illi
840 674 963 729 talia
992 674 1236 731 suadenti
1266 674 1400 730 dixit
1426 694 1438 729 :
1464 674 1589 730 Non
1626 693 1797 731 move-

215 769 291 823 bar
312 768 363 821 in
384 776 659 822 eternium.

272 860 357 916 18.
386 858 543 932 [να-ε.
577 860 633 925 8,
660 857 743 932 9.]
770 858 875 916 Sed
916 860 1039 930 quia
1066 874 1252 915 verum
1287 860 1493 917 dixerat
1518 860 1795 930 Dominus,

212 950 337 1021 quod
392 950 674 1006 ablaturus
702 960 851 1007 esset
889 952 1121 1021 superbo
1169 951 1311 1023 quod
1367 952 1587 1009 dederat
1614 953 1799 1010 humili

212 1042 408 1114 quando
454 1059 579 1099 eum
610 1045 842 1109 creavit;
880 1044 1140 1115 sequitur,
1180 1052 1235 1098 et
1273 1043 1439 1099 dicit:
1470 1044 1705 1113 Domine,
1746 1047 1798 1101 in

210 1133 450 1189 voluntate
491 1143 582 1188 tua
630 1135 905 1205 prtestitisti
948 1134 1119 1189 decori
1156 1152 1265 1190 meo
1315 1136 1546 1191 virtutem
1567 1154 1586 1193 :
1613 1138 1663 1193 id
1692 1146 1796 1207 est,

212 1228 316 1297 quia
342 1242 453 1282 non
483 1242 554 1281 ex
584 1242 671 1283 me
699 1228 874 1284 bonus
894 1243 1040 1283 eram
1070 1236 1125 1283 et
1145 1228 1317 1295 fortis,
1342 1233 1435 1285 sed
1466 1246 1530 1286 ex
1573 1242 1625 1287 te
1649 1248 1798 1288 eram

212 1330 259 1375 et
285 1322 509 1391 pulcher
532 1329 589 1377 et
614 1320 803 1387 fortis;
827 1322 1006 1377 decori
1029 1337 1151 1376 meo
1174 1322 1423 1377 virtutem
1452 1326 1794 1394 praestiteras,

210 1428 265 1467 ex
290 1413 571 1467 voluntate
620 1422 731 1480 tua,
782 1427 884 1483 qua
917 1428 1001 1467 me
1042 1412 1267 1469 ieceras.
1309 1413 1377 1468 Et
1406 1425 1463 1469 ut
1488 1416 1799 1473 ostenderes

210 1502 347 1565 mihi,
380 1502 512 1573 quia
564 1517 632 1557 ex
674 1502 949 1557 voluntate
997 1512 1084 1557 tua
1117 1504 1220 1558 hoc
1261 1520 1430 1570 eram,
1464 1506 1694 1562 Avertisli
1718 1510 1799 1578 fa-

207 1594 317 1647 ciem
344 1604 489 1647 tuam
534 1611 569 1648 a
612 1610 712 1660 me,
751 1604 797 1649 et
828 1596 991 1665 factus
1044 1611 1158 1649 sum
1197 1596 1542 1652 conturbatus.
1593 1598 1799 1654 Avertit

205 1703 321 1758 ergo
364 1687 560 1743 faciem
615 1688 684 1742 ab
732 1688 824 1743 illo
850 1704 1008 1758 quem
1049 1689 1227 1744 emisit
1265 1688 1410 1745 foras
1455 1690 1523 1746 de
1551 1692 1797 1761 paradiso

208 1778 384 1851 (ibid,
406 1781 526 1850 25).
559 1780 677 1835 Jam
723 1780 811 1837 hic
842 1782 1066 1851 positus,
1098 1782 1315 1850 clamet,
1351 1793 1405 1838 et
1433 1784 1575 1839 dicat
1608 1786 1727 1839 :Ad
1749 1796 1797 1841 te

204 1868 429 1935 Domine,
452 1870 705 1936 clamabo,
737 1880 785 1925 et
803 1872 872 1925 ad
896 1871 1060 1927 Deum
1080 1889 1244 1928 meum
1265 1874 1588 1944 deprecabor.
1614 1876 1669 1931 In
1698 1893 1793 1948 pa-

206 1961 379 2016 radiso
400 1976 503 2017 non
551 1963 843 2031 clamabas,
889 1964 982 2019 sed
1024 1964 1307 2031 laudabas;
1360 1982 1466 2021 non
1510 1969 1791 2037 gemebas,

204 2055 293 2109 sed
318 2054 585 2111 fruebaris
622 2074 636 2110 :
667 2056 796 2112 foris
819 2059 1022 2128 positus
1048 2074 1222 2129 geme,
1269 2069 1324 2116 et
1349 2062 1542 2116 clama.
1569 2062 1797 2134 Propin-

203 2156 317 2215 quat
346 2147 650 2215 tribulanti,
680 2150 770 2220 qui
809 2146 1476 2222 deSeruitsuperbientem.
1504 2154 1641 2210 Deus
1662 2157 1794 2212 enim

202 2237 417 2307 superbis
472 2238 679 2303 resistit,
724 2239 999 2295 humilibus
1017 2251 1185 2295 autem
1210 2242 1300 2296 dat
1342 2246 1562 2315 gratiam
1586 2245 1791 2316 (Jacobi

202 2341 263 2391 tv,
282 2326 358 2396 6).
383 2327 468 2380 Ad
495 2337 566 2396 te,
591 2327 828 2396 Domine,
857 2330 1104 2396 clamabo,
1133 2340 1182 2386 et
1207 2333 1276 2385 ad
1300 2332 1467 2388 Deum
1504 2350 1670 2390 meum
1697 2338 1790 2393 dc-

202 2420 448 2490 precabor.

262 2512 342 2566 l9.
371 2510 529 2584 (vers.
579 2511 693 2584 10.]
726 2512 843 2568 Jam
872 2530 938 2570 ex
968 2530 1196 2586 persona
1224 2518 1437 2574 Domini
1482 2520 1583 2577 hoc
1613 2524 1791 2593 sequi-

204 2608 289 2667 tur,
322 2602 493 2672 ipsius
513 2601 845 2660 fundamenti
870 2608 1041 2663 nostri
1073 2626 1087 2664 :
1122 2609 1252 2675 Qut:
1280 2612 1473 2666 utilitas
1502 2614 1555 2667 in
1583 2616 1791 2685 sangui-

200 2709 395 2759 Iemeo,
449 2697 573 2749 dum
623 2697 873 2752 descendo
921 2701 975 2753 in
1018 2705 1429 2774 corruptionem?
1474 2707 1608 2774 Quid
1659 2725 1788 2781 ergo

201 2785 339 2837 orat?
385 2783 459 2839 Ut
493 2795 761 2856 resurgat.
807 2786 863 2843 Si
919 2790 1061 2844 enim
1104 2791 1453 2862 descendero,
1497 2796 1687 2867 inquit,
1731 2799 1784 2855 in

199 2877 607 2945 corruptionem,
656 2878 702 2932 si
755 2878 836 2935 sic
862 2880 1021 2936 fuerit
1049 2895 1299 2955 corrupta
1327 2901 1453 2941 caro
1481 2904 1622 2957 mea,
1651 2906 1785 2961 quo-

197 2965 342 3021 modo
402 2976 729 3023 caeterorum
786 2969 1066 3028 hominum
1129 2984 1189 3029 ut
1239 2976 1295 3031 in
1363 2978 1470 3031 line
1518 2990 1781 3052 resurgat,

196 3057 366 3125 utquid
396 3055 506 3112 ludi
535 3059 889 3129 sanguinem?
912 3061 966 3119 Si
993 3065 1135 3119 enim
1154 3081 1259 3121 non
1290 3068 1450 3123 modo
1478 3084 1779 3143 resurgam,

195 3150 380 3204 nemini
422 3153 775 3219 annuntiabo,
837 3156 1103 3212 neminem
1149 3158 1399 3216 lucrabor
1442 3179 1456 3217 :
1499 3172 1555 3218 ut
1602 3174 1780 3223 autem

195 3243 336 3297 alicui
387 3245 705 3301 annuntiem
763 3247 1024 3303 mirabilia
1072 3258 1179 3316 tua,
1223 3251 1408 3308 laudes
1451 3262 1586 3323 tuas,
1618 3258 1780 3315 vitam

195 3345 461 3404 aeternam,
488 3348 742 3410 exsurgat
775 3354 902 3395 caro
928 3358 1069 3410 mea,
1118 3361 1224 3401 non
1250 3357 1339 3402 eat
1374 3350 1426 3403 in
1474 3356 1779 3422 corruptio-

194 3440 328 3481 nem.
375 3427 509 3483 Nam
538 3430 606 3484 si
635 3431 759 3485 ierit
792 3433 1062 3501 quomodo
1109 3440 1459 3493 caeterorum‘
1478 3439 1776 3515 hominum,

190 3533 297 3589 quae
339 3521 545 3576 utilitas
588 3522 641 3577 in
672 3526 930 3595 sanguine
959 3527 1124 3582 meo?
1168 3528 1436 3601 Numquid
1461 3535 1780 3603 conﬁtebitur

192 3608 269 3664 tibi
292 3613 478 3680 pulvis,
508 3621 599 3666 aut
637 3617 955 3670 annuntiabit
981 3622 1236 3674 veritatem
1287 3631 1427 3677 tuam
1445 3625 1471 3679 ?
1496 3624 1777 3685 Confessio

190 3702 387 3769 gemina
412 3712 521 3769 est,
556 3713 649 3758 aut
695 3706 917 3774 peccati,
960 3717 1053 3763 aut
1108 3710 1301 3766 laudis.
1351 3714 1575 3782 Quando
1622 3719 1776 3777 nobis

188 3793 319 3848 male
341 3804 449 3857 est,
484 3795 538 3849 in
584 3795 1015 3855 tribulationibus
1042 3803 1393 3860 conliteam‘tr
1417 3819 1635 3877 peccata
1679 3828 1779 3869 no-

186 3892 318 3951 stra;
343 3887 566 3957 quando
596 3889 749 3945 nobis
774 3890 910 3948 bene
937 3903 1042 3961 est,
1074 3895 1128 3949 in
1166 3899 1521 3957 exsultatione
1554 3903 1776 3974 iustitiae

185 3979 528 4035 conliteamur
556 3981 767 4037 laudem
798 3984 910 4040 Deo
933 4002 946 4039 :
971 3987 1088 4043 sine
1109 3988 1446 4049 confessione
1473 4004 1649 4053 tamen
1667 4015 1776 4056 non

186 4068 364 4125 simus.

245 4163 336 4219 20.
368 4162 523 4236 [κη.
556 4164 671 4239 11].
698 4168 902 4223 Audiuit
924 4169 1189 4240 Dominus,
1213 4185 1261 4229 et
1288 4177 1520 4234 misertus
1553 4189 1626 4236 est
1654 4184 1773 4240 mei.

183 4254 495 4321 Quomodo?
535 4260 813 4315 Attendite
837 4263 853 4293 ί
883 4262 951 4317 ad
982 4264 1372 4324 dedicationem
1423 4270 1634 4329 domus.
1664 4276 1777 4331 Au-

178 4344 333 4413 divit,
376 4358 434 4404 et
479 4349 738 4405 misertus
775 4362 880 4409 est.
932 4353 1181 4412 Dominus
1238 4364 1403 4431 [actus
1449 4373 1525 4418 est
1569 4366 1776 4437 adjutor

178 4453 331 4495 κιαι.

239 4533 347 4591 21-
378 4534 535 4609 [vers.
581 4535 696 4611 12].
740 4538 880 4595 Audi
921 4540 1033 4612 jam
1060 4544 1230 4613 ipsam
1276 4551 1771 4610 resurrectionem:

176 4623 475 4682 Cauertisti
497 4628 759 4699 planctum
782 4647 947 4686 meum
969 4633 1023 4688 in
1050 4636 1295 4706 gaudium
1310 4640 1456 4708 mihi,
1482 4644 1773 4701 conscidisti

171 4732 374 4773 saccum
404 4736 594 4788 meum,
624 4730 669 4776 et
693 4724 958 4779 accinxisti
977 4742 1057 4782 me
1085 4728 1278 4783 latitia.
1298 4730 1427 4799 Quis
1442 4742 1525 4788 est
1546 4737 1772 4792 saccus?

171 4807 489 4867 Iortalitas.
520 4812 722 4869 Saccus
763 4815 833 4870 de
860 4818 1036 4887 capris
1079 4819 1361 4876 coniicitur
1392 4833 1447 4879 et
1470 4824 1538 4881 de
1573 4825 1769 4896 haedis,

170 4910 223 4954 et
247 4917 434 4971 capras
464 4913 520 4959 et
548 4903 692 4959 hmdi
742 4905 882 4961 inter
930 4916 1238 4977 peccatores
1262 4924 1528 4982 ponuntur
1553 4917 1767 4984 (Matth.

169 5009 292 5059 xxv,
318 4995 442 5065 52).
477 4996 737 5054 Dominus
773 4998 841 5054 de
881 5013 1105 5056 numero
1133 5013 1318 5059 nostro
1356 5020 1567 5062 saccum
1597 5010 1769 5067 solum

166 5092 397 5161 accepit,
429 5106 537 5146 non
568 5094 857 5164 assumpsit
876 5098 1128 5152 meritum
1157 5101 1320 5155 saoci.
1344 5101 1584 5159 Meritum
1606 5106 1768 5175 sacci,

169 5191 453 5249 peccatum
475 5188 562 5238 est
590 5199 604 5235 :
634 5196 822 5239 saccus
845 5185 988 5254 ille”,
1010 5189 1307 5246 mortalitas
1335 5202 1437 5248 est.
1471 5194 1772 5267 Assumpsit

166 5282 393 5343 propter
415 5282 470 5329 te
494 5274 894 5343 mortalitatem,
923 5279 1015 5349 qui
1034 5280 1286 5336 meritum
1322 5286 1510 5340 mortis
1536 5302 1642 5341 non
1678 5286 1772 5344 ha-

166 5362 353 5420 bebat.
388 5365 638 5421 Meritum
683 5367 827 5423 enim
867 5371 1055 5441 mortis
1098 5371 1188 5427 ille
1232 5373 1392 5431 habet
1419 5376 1510 5446 qui
1541 5387 1769 5447 peccat:

168 5455 255 5513 ille
300 5466 485 5515 autem
527 5459 617 5530 qui
665 5475 776 5515 non
822 5465 1087 5533 peccavit,
1130 5481 1239 5521 non
1294 5466 1481 5541 habuit
1522 5472 1770 5529 meritum

169 5551 327 5607 sacci.
358 5552 481 5608 Alio
520 5553 643 5610 loco
682 5554 853 5624 ipsius
891 5566 974 5612 est
1004 5572 1110 5614 vox
1149 5559 1376 5617 dicentis
1404 5582 1416 5618 :
1444 5562 1556 5635 Ego
1606 5574 1773 5620 autem

228 5752 1777 5830 fudg.0uaniodo.’attenditaddcdicatianem,etc.nuss.

169 5817 433 5875 lltcndite.‘

221 5882 241 5914 ⁸
258 5884 451 5953 Aliquot
473 5895 616 5951 Μεςη
646 5889 740 5940 illi.

1334 362 1737 437 manuario
1763 374 1833 437 lN
1867 378 2196 446 PSALMUM
2232 387 2404 450 xxx.

3393 412 3509 475 22¢

1908 513 2025 553 cum
2077 503 2201 558 mihi
2246 507 2442 564 molesti
2480 508 2663 581 essent,
2706 516 2972 577 induebam
3012 541 3091 582 me
3129 528 3294 587 cilicio
3325 532 3497 604 (Psal.

1902 603 2090 657 xxxtv,
2126 596 2236 666 15).
2267 597 2403 666 Quid
2433 611 2516 657 est
2558 605 2682 674 hoc,
2712 608 2981 668 induebam
3026 634 3105 671 me
3143 596 3357 679 cilicio?
3385 626 3499 684 Hoc

1903 684 2241 774 opponebam
2286 698 2748 768 persequentibus,
2798 705 2939 774 quod
2987 705 3159 766 habeo
3194 712 3261 769 de
3301 716 3494 773 cilicio.

1903 769 1974 827 Ut
1995 773 2266 836 hominem
2306 783 2452 840 illum
2492 799 2773 861 putarent,
2814 769 3092 856 abscondit
3120 819 3179 859 se
3217 806 3285 862 ab
3312 769 3495 866 oculis

1902 875 2375 945 persequentium;
2404 882 2525 951 quia
2578 885 2776 957 indigni
2817 904 2968 947 erant
2994 908 3360 965 persecutores
3406 904 3496 973 qui

1901 961 2147 1019 viderent
2173 967 2414 1026 indutum
2444 974 2519 1049 (a)
2549 978 2743 1035 cilicio.
2776 983 2940 1057 Ergo,
2967 961 3268 1048 conscidisti
3290 961 3495 1050 saccum

1902 1068 2089 1123 meum,
2117 1068 2163 1111 et
2184 1061 2385 1117 cinxiin
2410 1083 2488 1121 me
2504 1068 2697 1126 latitia.

1973 1145 2063 1201 22.
2121 1148 2268 1222 [vers.
2306 1155 2418 1230 15.]
2476 1158 2545 1215 Ut
2593 1174 2760 1219 cantet
2789 1168 2877 1223 tibi
2911 1172 3075 1242 gloria
3111 1193 3257 1245 mea,
3306 1189 3352 1234 et
3383 1199 3486 1238 non

1900 1255 2232 1315 compungar.
2262 1247 2413 1316 Quod
2444 1251 2496 1306 in
2528 1256 2701 1324 capite
2720 1269 2834 1329 est,
2863 1262 2965 1319 hoc
3004 1265 3056 1319 in
3084 1284 3329 1340 corpore.
3357 1273 3493 1341 Quid

1901 1340 2001 1396 est,
2050 1351 2151 1388 non
2191 1354 2505 1413 compungar
2528 1346 2555 1400 .’
2582 1347 2698 1403 Jam
2725 1368 2828 1407 non
2877 1357 3094 1413 moriar.
3131 1340 3495 1433 Compunctus

1901 1431 1983 1476 est
2013 1426 2152 1480 enim
2184 1444 2306 1484 cum
2350 1433 2404 1487 in
2450 1450 2609 1494 cruce
2642 1442 2926 1511 penderet,
2982 1445 3163 1506 lancea
3208 1469 3496 1523 percussus

1900 1521 1977 1568 est
2004 1514 2182 1587 (Joan.
2224 1536 2353 1590 xm,
2398 1524 2509 1595 54).
2538 1527 2710 1601 Caput
2734 1549 2861 1605 ergo
2891 1548 3129 1595 nostrum
3173 1514 3322 1612 dicit,
3366 1518 3493 1604 Non

1900 1620 2239 1680 compungar,
2266 1612 2375 1683 jam
2394 1632 2498 1672 non
2527 1623 2745 1678 moriar.
2776 1625 2883 1681 Nos
2904 1639 3082 1687 autem
3110 1635 3235 1705 quid
3266 1637 3493 1697 dicimus

1898 1706 2119 1766 propter
2156 1701 2545 1764 dedicationem
2595 1711 2829 1771 domus?
2856 1717 2971 1775 Non
3022 1701 3140 1778 nos-
3171 1738 3494 1802 eompungat

1898 1792 2225 1849 conscientia
2263 1798 2494 1856 stimulis
2535 1816 2896 1872 peccatorum.
2952 1792 3309 1875 Dimittentur
3345 1792 3489 1878 enim

1897 1884 2096 1952 omnia,
2123 1894 2177 1940 et
2202 1895 2327 1943 tunc
2371 1891 2520 1948 liberi
2567 1897 2786 1954 erimus.
2824 1901 2892 1957 Ut
2928 1915 3096 1961 cantet
3135 1909 3250 1979 tibi,
3275 1911 3485 1984 inquit,

1900 1973 2069 2045 gloria
2092 1994 2224 2047 mea,
2256 1997 2361 2037 non
2388 1983 2679 2044 humilitas.
2703 1990 2764 2047 Si
2794 2006 2999 2065 nostra,
3024 2009 3077 2054 et
3100 2001 3292 2058 Christi
3323 2022 3335 2059 :
3364 2007 3488 2075 quia

1899 2082 2096 2140 corpus
2134 2071 2334 2129 Christi
2364 2093 2481 2133 nos.
2532 2081 2754 2149 Quare?
2782 2084 2914 2154 Quia
2957 2093 3203 2161 quamvis
3242 2071 3488 2156 Christus

1898 2159 2084 2217 sedeat
2114 2164 2165 2217 in
2196 2167 2351 2235 etelo,
2383 2170 2623 2228 dicturus
2650 2186 2733 2231 est
2775 2159 3090 2249 quibusdam
3129 2203 3143 2239 :
3184 2184 3409 2257 Esurivi,
3440 2200 3489 2246 et

1895 2256 2101 2312 dedistis
2135 2261 2259 2315 nti/ii
2287 2264 2597 2321 manducare
2629 2268 2843 2340 (Matth.
2868 2290 2994 2341 xxv,
3020 2276 3133 2347 55).
3168 2279 3235 2333 Et
3270 2280 3339 2336 ibi
3379 2293 3484 2353 est,

1894 2355 1949 2402 et
1978 2348 2066 2404 hic
2100 2368 2114 2405 :
2147 2350 2217 2406 ibi
2250 2353 2302 2408 in
2335 2369 2393 2411 se
2418 2398 2432 2425 ,
2471 2358 2555 2413 hic
2584 2359 2637 2414 in
2686 2362 2863 2418 nobis.
2906 2366 3044 2434 Quid
3087 2384 3215 2441 ergo
3253 2373 3366 2428 ait?
3419 2348 3488 2431 Ut

1894 2450 2059 2495 cantet
2082 2443 2171 2496 tibi
2219 2445 2383 2514 gloria
2408 2465 2545 2515 mea,
2583 2460 2631 2505 et
2677 2470 2777 2508 non
2808 2472 3138 2529 compungar.
3177 2461 3354 2519 Gemit
3390 2465 3485 2522 tibi

1894 2529 2164 2587 humilitas
2199 2550 2339 2604 mea,
2369 2540 2603 2597 cantabit
2635 2544 2727 2599 tibi
2753 2546 2919 2616 gloria
2948 2566 3084 2605 mea.
3109 2550 3226 2607 Jam
3252 2554 3304 2608 in
3334 2555 3437 2612 line
3466 2575 3480 2612 :

1893 2620 2110 2679 Domine
2153 2625 2294 2681 Deus
2318 2647 2476 2699 meus,
2510 2633 2561 2687 in
2596 2645 2836 2691 internum
2872 2641 3149 2710 conﬁtebor
3185 2645 3288 2699 tibi.
3343 2647 3480 2715 Quid

1890 2723 1992 2777 est,
2024 2716 2076 2769 in
2098 2726 2341 2773 teternum
2361 2724 2633 2792 conﬁtebor
2651 2727 2740 2780 tibi
2758 2730 2784 2782 Ρ
2800 2729 2856 2783 In
2882 2740 3140 2787 :eternum
3161 2735 3384 2791 laudabo
3407 2747 3478 2807 te,

1888 2807 2010 2877 quia
2043 2808 2275 2867 diximus
2300 2828 2420 2870 esse
2446 2812 2840 2876 confessionem
2883 2833 2937 2878 et
2967 2825 3019 2879 in
3054 2826 3301 2883 laudibus
3325 2872 3341 2897 ,
3372 2845 3479 2887 non

1888 2907 2091 2955 tantum
2136 2904 2187 2957 in
2215 2908 2469 2974 peccatis.
2498 2908 2768 2967 Conlitere
2792 2930 2920 2986 ergo
2945 2916 3106 2970 modo
3138 2920 3278 2989 quod
3308 2929 3363 2975 tu
3390 2922 3478 2977 fe-

1885 2992 2004 3048 cisti
2031 2994 2082 3049 in
2112 2995 2279 3051 Deum
2305 3040 2319 3065 ,
2354 3008 2409 3054 et
2441 3002 2781 3060 confiteberis
2807 3007 2931 3076 quid
2965 3008 3057 3063 tibi
3096 3008 3283 3066 fecerit
3310 3013 3473 3069 Deus.

1883 3084 2021 3154 Quid
2054 3086 2270 3144 fecisti?
2300 3091 2545 3148 Peccata.
2579 3094 2713 3163 Quid
2753 3098 2928 3154 Deus?
2955 3099 3241 3158 Confitenti
3285 3104 3478 3177 iniqui-

1885 3184 2047 3233 tatem
2095 3188 2238 3235 tuam
2279 3182 2499 3239 dimittit
2546 3187 2637 3241 tibi
2677 3200 2889 3258 peccata
2933 3200 3059 3259 tua,
3102 3202 3159 3248 ut
3200 3195 3248 3251 ei
3292 3206 3476 3267 postea

1882 3266 2065 3324 laudes
2092 3270 2259 3339 ipsius
2285 3276 2549 3332 conﬁtens
2595 3278 2647 3333 in
2683 3289 2938 3337 aeternum
2962 3326 2977 3353 ,
3008 3300 3116 3341 non
3145 3301 3473 3359 compunga-

1880 3359 1957 3414 ris
1986 3372 2225 3431 peccato.

2318 3573 2400 3636 IN
2442 3576 2823 3643 PSALMUM
2866 3583 3059 3648 XXX

2436 3695 2571 3752 ENA
2582 3698 2835 3757 RRATIO
2872 3704 2912 3759 l.

2127 3801 2194 3858 In
2216 3804 2388 3874 finem,
2415 3806 2659 3866 Psalmus
2681 3813 2780 3883 ipsi
2808 3815 2973 3872 David
2994 3824 3217 3879 ecstasis.

1951 3914 2005 3969 1.
2031 3914 2182 3988 [vers.
2217 3918 2294 3993 1.]
2327 3921 2381 3975 in
2413 3922 2570 3979 linem
2599 3925 2839 3985 Psalmus
2868 3931 2966 4001 ipsi
3011 3934 3176 3992 David
3204 3979 3220 4006 ,
3250 3942 3458 4000 media-

1879 4008 1982 4061 tori
2008 4024 2167 4065 manu
2196 4011 2319 4066 forti
2351 4015 2403 4068 in
2448 4021 2929 4093 persecutionibus.
2971 4026 3102 4083 Nam
3128 4041 3179 4086 et
3209 4038 3465 4106 ecstasis,

1877 4114 1997 4170 quae
2028 4101 2203 4156 addita
2242 4114 2326 4159 est
2379 4107 2568 4176 titulo,
2614 4127 2899 4170 excessum
2947 4124 3141 4177 mentis
3167 4101 3466 4200 signiﬁcat,

1876 4206 1995 4262 qua:
2022 4192 2081 4247 lit
2104 4194 2188 4249 vel
2218 4212 2436 4266 pavore,
2467 4203 2547 4256 vel
2579 4203 2752 4275 aliqua
2784 4210 3131 4269 revelatione.
3164 4192 3269 4273 Sed
3300 4221 3351 4275 in
3368 4192 3469 4280 hoc

1877 4285 2085 4355 psalmo
2121 4302 2287 4357 pavor
2313 4293 2544 4349 maxime
2575 4308 2796 4366 apparet
2823 4306 3116 4370 perturbati
3151 4314 3330 4380 populi
3373 4309 3466 4372 D‘ei

1876 4380 2257 4446 persecutione
2307 4384 2543 4438 omnium
2582 4390 2849 4457 gentium,
2880 4405 2929 4448 et
2982 4395 3191 4453 defectu
3217 4402 3233 4432 ί
3254 4420 3348 4471 per
3375 4422 3467 4461 or-

1877 4468 1999 4524 bem
2037 4469 2182 4526 tidei.
2226 4472 2332 4529 Sed
2355 4475 2503 4544 prior
2548 4478 2781 4550 loquitur
2803 4483 2918 4553 ipse
2943 4488 3205 4546 mediator
3230 4468 3466 4556 :ideinde

1875 4561 2184 4634 redemptus
2224 4568 2482 4637 sanguine
2514 4570 2680 4640 ipsius
2720 4576 2945 4645 populus
2974 4583 3170 4650 gratias
3212 4588 3321 4658 agit
3352 4607 3365 4643 :
3399 4592 3466 4648 ad

1875 4662 2171 4709 extremum
2202 4659 2547 4726 perturbatus
2590 4662 2682 4718 diu
2728 4665 2981 4737 loquitur,
3012 4674 3153 4742 quod
3199 4677 3265 4733 ad
3296 4690 3467 4738 ecsta-

1875 4747 1975 4802 sim
2004 4749 2276 4817 pertinet:
2308 4751 2590 4823 Propheta).
2640 4773 2767 4814 vero
2803 4763 2968 4831 ipsius
2997 4781 3227 4835 persona
3267 4772 3352 4830 bis
3377 4774 3464 4832 in-

1876 4844 2192 4912 terponitur,
2229 4861 2391 4915 prOpe
2422 4848 2601 4918 linem,
2629 4862 2683 4907 et
2712 4854 2762 4907 in
2786 4854 2911 4911 line.

1943 4936 1996 4989 2.
2019 4936 2168 5010 [vers.
2196 4936 2276 5011 2.]
2304 4938 2369 4994 In
2398 4950 2462 5008 te,
2487 4944 2721 5007 Domine,
2740 4950 2956 5018 speravi,
2977 4970 3077 5008 non
3103 4961 3390 5044 confundor
3410 4966 3464 5020 in

1873 5037 2113 5083 azternum
2139 5046 2158 5083 :
2177 5029 2226 5083 in
2251 5040 2303 5085 te
2329 5032 2552 5088 Domine
2585 5038 2816 5105 speravi,
2845 5057 3115 5113 nunquam
3148 5029 3462 5123 confundar,

1872 5120 1998 5175 dum
2036 5131 2282 5192 tanquam
2324 5123 2524 5179 homini
2556 5127 2716 5184 simili
2756 5137 2970 5191 caeteris
3005 5139 3363 5201 insnltahitur.
3397 5149 3463 5205 In

1863 5215 2065 5286 justitia
2114 5226 2201 5269 tua
2244 5232 2365 5269 erue
2391 5234 2468 5271 me
2487 5260 2502 5285 ,
2533 5230 2581 5273 et
2623 5223 2786 5278 exime
2812 5244 2893 5283 me
2918 5246 2937 5283 :
2965 5243 3017 5286 et
3062 5234 3112 5289 in
3154 5245 3238 5293 tua
3258 5239 3461 5310 justitia

1874 5321 2003 5362 erue
2052 5322 2138 5361 me
2163 5306 2232 5363 de
2264 5306 2414 5363 fovea
2445 5313 2631 5369 mortis
2654 5355 2670 5383 ,
2704 5325 2757 5371 et
2783 5319 2957 5377 exime
3005 5340 3093 5380 me
3120 5327 3186 5383 de
3237 5306 3462 5391 numero

1873 5414 2078 5455 eorum.

1948 5492 2003 5548 5.
2036 5490 2185 5565 [vers.
2215 5491 2295 5566 5.]
2324 5493 2531 5551 Inclina
2576 5501 2647 5554 ad
2683 5519 2762 5557 me
2784 5521 2956 5560 aurem
2999 5516 3135 5565 tuam
3162 5529 3181 5567 :
3205 5513 3458 5575 humilem

1876 5600 1963 5641 me
1986 5586 2197 5653 exaudi,
2225 5589 2497 5657 proximus
2520 5594 2669 5649 mihi.
2699 5596 2934 5652 Aceelera
2954 5610 3010 5655 ut
3028 5605 3217 5661 eximas
3242 5625 3321 5663 me
3342 5626 3362 5664 :
3392 5629 3460 5673 ne

1876 5677 2092 5734 diﬂ‘eras
2120 5678 2173 5733 in
2201 5678 2359 5734 ﬁnem
2396 5684 2611 5752 szeculi,
2665 5688 2800 5743 sicut
2850 5691 3085 5751 omnium
3128 5698 3458 5769 credentium

1942 5831 1965 5898 ξ
1983 5831 2058 5898 sic
2071 5836 2179 5881 κω.
2200 5837 2259 5881 At
2272 5830 2414 5898 _edd.,
2426 5838 2479 5898 et
2499 5833 2725 5898 defectus.

1946 5890 2022 5956 (α)
2046 5898 2201 5956 Forte,
2231 5892 2327 5945 nisi
