4032 6468
542 496 698 566 mihi,
721 493 1142 568 segregationcm
1182 505 1353 552 meam
1379 504 1411 548 a
1436 487 1825 563 peccatoribus.
1855 487 1982 544 Esto
2011 485 2134 542 mihi

539 593 594 653 in
626 589 791 646 Deum
825 596 1156 659 protectorem
1195 601 1214 644 :
1245 591 1514 658 protector
1553 583 1698 640 Deus
1735 580 1868 637 mihi
1895 586 2034 636 esto.
2064 575 2136 636 Et

539 684 595 737 in
621 681 827 736 domum
856 679 1072 751 refugii,
1107 687 1159 736 ut
1187 678 1385 734 saluum
1435 692 1513 731 me
1557 674 1718 746 facias
1747 679 1842 728 :et
1883 680 2134 741 tanquam

541 775 753 842 domus,
783 787 888 842 quo
917 769 1184 840 refugiens
1203 770 1382 824 salvus
1409 769 1553 822 liam.

615 867 670 921 4.
703 862 878 938 iners.
902 862 981 935 4.]
1027 862 1160 928 Quia
1195 862 1438 932 fortitudo
1470 866 1641 916 meoet
1686 859 1939 929 refugium
1970 872 2135 912 meum

543 977 595 1018 es
636 969 687 1014 tu
721 973 742 1014 :
768 959 891 1030 quia
919 956 1170 1014 fortitudo
1199 971 1318 1010 mea
1339 955 1402 1014 ad
1430 952 1735 1010 tolerandos
1763 961 2134 1022 persecutores

543 1066 714 1118 meos,
738 1061 791 1106 et
819 1050 1077 1120 refugium
1105 1063 1279 1104 meum
1305 1047 1372 1102 ad
1401 1044 1778 1117 relinquendos
1816 1055 1872 1100 tu
1900 1045 2132 1102 millies.

546 1143 611 1196 Et
639 1153 844 1214 propter
887 1158 1064 1201 nomen
1091 1151 1230 1196 tuum
1270 1141 1378 1196 dux
1403 1139 1524 1196 mihi
1550 1139 1668 1205 eris,
1696 1148 1744 1192 et
1773 1138 1992 1193 enutries
2017 1153 2094 1191 me
2118 1153 2135 1191 :

543 1243 595 1289 et
620 1243 675 1288 ut
703 1250 797 1303 per
824 1249 906 1288 me
934 1234 1236 1289 innotescas
1262 1230 1510 1288 omnibus
1533 1230 1805 1302 gentibus,
1831 1244 1926 1299 per
1955 1230 2134 1285 omnia

545 1341 738 1396 sequar
764 1325 1087 1380 voluntatem
1119 1333 1285 1391 tuam,
1319 1333 1373 1379 et
1394 1321 1646 1393 paulatim
1674 1321 1804 1378 mihi
1840 1320 2137 1390 aggregatis

547 1418 745 1474 sanctis
767 1416 1084 1488 adimplebis
1113 1429 1312 1486 corpus
1337 1429 1537 1481 meum,
1565 1422 1620 1469 et
1645 1413 1939 1484 perfectam
1965 1420 2134 1467 statu-

544 1527 656 1568 ram
681 1527 876 1566 meum.

614 1604 666 1660 5.
705 1602 723 1675 [
751 1619 877 1660 vers.
909 1603 959 1658 5.
994 1598 1238 1674 ]Educes
1269 1616 1347 1653 me
1374 1598 1438 1654 de
1489 1596 1777 1668 muscipula
1825 1597 1943 1662 ista,
1977 1612 2130 1666 quam

541 1693 1054 1760 occultaveruntntilii
1087 1708 1104 1747 :
1144 1691 1338 1747 educes
1379 1705 1464 1745 me
1502 1688 1568 1745 de
1597 1688 1806 1745 insidiis
1833 1688 1966 1755 istis,
2005 1703 2138 1758 quas

542 1787 940 1846 occultaverunt
966 1783 1118 1839 milii.
1151 1782 1404 1849 Quoniam
1447 1790 1501 1836 tu
1529 1798 1579 1836 es
1609 1789 1858 1851 protector
1904 1796 2063 1834 meus.

616 1881 669 1938 6.
702 1877 878 1950 [νοτε.
933 1877 986 1932 6.
1015 1874 1034 1948 ]
1061 1875 1127 1930 In
1179 1892 1358 1930 manus
1404 1884 1518 1932 tuas
1563 1872 1861 1928 commendo
1904 1873 2138 1944 spiritum

541 1986 706 2026 meum
734 1986 753 2024 :
780 1968 1025 2040 potestati
1056 1976 1159 2024 tute
1181 1965 1498 2024 commendo
1519 1966 1765 2036 spiritum
1802 1981 2003 2031 meum,
2032 1967 2138 2021 cito

541 2069 871 2132 recepturus.
910 2058 1178 2114 Redemisti
1206 2074 1302 2124 me,
1345 2057 1558 2112 Domine
1609 2055 1748 2110 Deus
1775 2057 2020 2110 uen'tatis.
2047 2055 2137 2110 Di-

543 2165 630 2212 cat
656 2164 710 2212 et
735 2153 955 2224 pOpulus
983 2151 1296 2221 redemptus
1314 2151 1566 2221 passione
1595 2149 1808 2204 Domini
1825 2149 1927 2210 sui.
1961 2157 2013 2203 et
2045 2149 2135 2202 lte-

543 2256 632 2306 tus
661 2244 1040 2302 clarificatione
1085 2243 1274 2313 capitis
1299 2242 1382 2297 sui
1416 2258 1429 2295 :
1462 2241 1739 2296 Redemisti
1790 2257 1890 2304 me,
1925 2239 2140 2296 Domine

545 2338 686 2400 Deus
711 2337 954 2392 ueritatis.

616 2434 668 2488 7.
697 2430 720 2506 [
745 2447 873 2487 vers.
905 2429 957 2486 7.
987 2426 1010 2502 ]
1043 2426 1206 2486 Odisti
1234 2427 1548 2484 obseruantes
1591 2425 1863 2481 vanitatem
1900 2440 2139 2496 superua-

543 2541 636 2582 cue
667 2522 866 2579 :odisti
894 2520 1241 2576 observantes
1273 2521 1290 2551 ¹
1319 2519 1502 2574 falsam
1523 2517 1904 2574 beatitudinem
1933 2517 2134 2572 saeculi.

545 2616 658 2690 Ego
681 2625 847 2671 autem
867 2617 920 2667 in
950 2613 1166 2668 Domino
1183 2611 1399 2683 speravi.

614 2708 669 2765 8.
697 2707 864 2779 [uers.
895 2705 972 2780 8].
1003 2702 1312 2766 Exsultabo,
1341 2712 1386 2756 et
1405 2700 1729 2774 jucundabor
1754 2701 1805 2755 in
1835 2710 1922 2756 tua
1948 2700 2143 2755 miseri.

543 2798 719 2858 cordia
748 2813 908 2870 :quae
933 2811 1020 2854 me
1049 2809 1151 2851 non
1187 2792 1340 2848 fallit.
1397 2793 1531 2860 Quia
1586 2793 1852 2861 respexisti
1877 2791 2138 2848 humilita-

546 2900 646 2947 tem
673 2907 833 2946 meam
855 2906 874 2945 :
894 2903 999 2961 qua
1025 2902 1112 2945 me
1137 2885 1352 2942 vanitati
1381 2885 1431 2938 in
1459 2899 1553 2955 spe
1598 2883 1892 2954 subjecisti.
1932 2885 2141 2940 Salvam

546 2983 707 3060 fecisti
737 2983 798 3037 de
823 2980 1193 3038 necessitatibus
1218 2979 1440 3032 animant
1469 2993 1632 3030 meam
1667 2993 1684 3031 :
1713 2977 1912 3032 salvam
1967 2977 2141 3034 fecisti

545 3073 616 3132 de
643 3073 1050 3130 necessitatibus
1076 3071 1280 3126 timoris
1307 3069 1538 3125 animam
1579 3082 1774 3134 meam,
1808 3078 1864 3122 ut
1895 3069 1986 3126 tibi
2015 3069 2142 3126 cha-

547 3165 702 3226 ritatc
733 3165 898 3222 libera
916 3165 1130 3219 serviat.

621 3256 674 3314 9.
703 3254 876 3330 [vers
906 3255 960 3312 9.
994 3253 1014 3329 ]
1049 3253 1160 3309 Nec
1208 3252 1495 3308 conclusisti
1517 3269 1596 3307 me
1623 3253 1678 3306 in
1708 3269 1887 3310 manus
1914 3252 2144 3308 inimici:

549 3367 648 3409 nec
673 3349 988 3408 conclusisti
1015 3364 1121 3416 me,
1147 3357 1202 3402 ut
1229 3363 1335 3402 non
1363 3347 1616 3403 haberem
1642 3346 1843 3404 aditum
1872 3347 2143 3418 respiran-

548 3446 602 3502 di
626 3445 677 3500 in
709 3444 1029 3507 libertatem,
1064 3450 1118 3498 et
1149 3442 1307 3496 darer
1333 3441 1383 3495 in
1417 3441 1796 3513 sempiternam
1821 3451 2140 3512 potestatem

547 3536 769 3603 diaboli,
799 3534 1088 3605 cupiditate
1135 3533 1292 3604 hujus
1318 3532 1442 3588 vita:
1493 3532 1846 3604 illaqueantis,
1877 3541 1932 3588 et
1972 3543 2144 3589 morte

550 3627 822 3683 terrentis.
847 3625 1085 3682 Statuisti
1109 3624 1163 3678 in
1202 3623 1312 3677 loco
1335 3623 1559 3693 spatioso
1585 3623 1737 3694 pedes
1767 3639 1938 3679 meos:
1966 3639 2146 3679 resur-

550 3721 789 3776 rectione
812 3719 1022 3790 cognita
1070 3717 1280 3773 Domini
1315 3716 1419 3772 mei
1467 3725 1522 3771 et
1544 3732 1661 3772 mea
1705 3719 1962 3786 promissa
1989 3719 2143 3788 mihi,

551 3810 812 3882 Spatiatur
837 3823 1160 3880 peramans
1197 3809 1253 3863 in
1289 3807 1620 3864 latitudinem
1673 3809 1935 3864 libertatis
1955 3810 2022 3864 ab
2047 3824 2142 3866 an-

549 3901 740 3974 gustiis
757 3899 961 3955 timoris
985 3898 1174 3955 educta
1201 3899 1436 3955 charitas
1451 3915 1588 3956 mea.

624 3995 711 4052 10.
741 3992 912 4068 [vers.
944 3991 1059 4066 10.]
1093 3991 1335 4048 Miserere
1357 3995 1474 4062 mei,
1505 3993 1745 4062 Domine,
1786 3995 2025 4064 quoniam
2055 3996 2136 4052 tri-

552 4085 718 4142 butor.
749 4083 856 4141 Sed
885 4099 1004 4155 qua
1029 4092 1112 4139 cst
1134 4084 1236 4139 ista
1263 4085 1531 4154 insperata
1560 4088 1990 4156 persequentium
2022 4103 2141 4144 om

552 4177 764 4244 delitas,
797 4191 1047 4248 niagnum
1095 4176 1223 4232 mihi
1269 4190 1522 4248 pavorem
1558 4176 1864 4233 incutiens?
1904 4177 2148 4238 Miserere

554 4269 672 4336 mei,
714 4267 950 4324 Domine.
980 4267 1094 4324 Non
1124 4267 1264 4324 enim
1287 4267 1354 4324 de
1383 4279 1556 4324 morte
1572 4268 1684 4338 jam
1702 4277 1926 4336 terreor,
1959 4270 2055 4326 sed
2081 4271 2148 4328 de

553 4361 875 4419 cruciatibus
919 4370 1080 4434 atque
1120 4361 1418 4417 tormentis.
1459 4359 1796 4416 Conturbalus
1847 4372 1920 4416 est
1971 4363 2024 4417 in
2069 4363 2150 4416 ira

553 4456 730 4512 oculus
757 4471 896 4510 meus
929 4471 948 4509 :
985 4455 1244 4512 habebam
1297 4454 1511 4510 oculum
1565 4456 1617 4514 in
1667 4463 1742 4522 te,
1770 4470 1876 4526 quo
1908 4470 2012 4512 non
2061 4471 2147 4516 me

553 4546 871 4613 desereres;
923 4548 1090 4604 iratus
1128 4562 1208 4613 es,
1223 4558 1277 4603 et
1301 4549 1632 4605 conturbasti
1662 4564 1807 4605 eum.
1827 4549 2012 4607 Anima
2037 4567 2149 4606 stes

559 4649 606 4694 et
635 4648 801 4694 uenter
828 4653 1009 4694 meus:
1039 4639 1094 4694 in
1142 4637 1327 4693 eadem
1387 4640 1464 4696 ira
1502 4640 1819 4698 conturbata
1859 4650 1946 4698 est
1970 4643 2146 4700 anima

557 4745 698 4797 mea,
723 4739 776 4787 et
805 4731 1063 4785 memoria
1122 4744 1225 4800 qua
1274 4730 1522 4786 tenebam
1551 4733 1675 4802 quid
1703 4748 1798 4803 pro
1849 4749 1936 4790 me
1964 4743 2147 4804 pertu-

559 4821 703 4888 lerit,
732 4830 784 4876 et
813 4819 939 4890 quid
971 4820 1098 4875 mihi
1123 4821 1428 4892 promiserit
1454 4822 1596 4879 Deus
1617 4839 1786 4880 meus.

630 4912 720 4968 11.
744 4907 768 4984 [
790 4927 922 4966 vers.
958 4912 1042 4967 11.
1067 4910 1089 4984 ]
1123 4911 1375 4978 Quoniam
1400 4912 1578 4984 defecit
1599 4915 1653 4968 in
1681 4913 1856 4968 dolore
1879 4915 1978 4970 uita
1998 4932 2109 4971 mea
2131 4933 2150 4970 :

559 5000 815 5074 quoniam
840 4999 947 5057 vita
994 5017 1114 5059 mea
1153 5011 1236 5059 est
1263 5003 1507 5060 confiteri
1539 5013 1610 5072 te,
1650 5005 1743 5060 sed
1759 5004 1960 5062 defecit
1980 5007 2030 5062 in
2053 5007 2150 5066 do-

558 5095 697 5160 lore,
719 5108 841 5150 eum
867 5093 1089 5151 dixisset
1141 5094 1387 5151 inimicus
1413 5114 1426 5150 :
1460 5096 1832 5168 Torqueantur
1859 5098 2030 5156 donec
2057 5117 2150 5156 ne-

558 5195 706 5261 gent.
722 5183 789 5241 Et
812 5185 934 5240 anni
960 5187 1057 5240 mei
1103 5186 1157 5240 in
1196 5188 1460 5259 gemitibus
1492 5205 1510 5243 :
1539 5200 1776 5262 tempora
1806 5207 1925 5262 qua:
1955 5209 2056 5264 ago
2095 5195 2148 5250 in

561 5279 666 5336 hoc
694 5279 909 5347 saeculo,
934 5293 1039 5333 non
1073 5278 1201 5334 mibi
1240 5289 1410 5338 morte
1437 5280 1771 5350 auferuntur,
1789 5285 1884 5342 sed
1910 5294 2148 5354 manent,

558 5378 718 5442 atque
743 5369 796 5424 in
824 5369 1110 5440 gemitibus
1125 5380 1266 5425 sunt.
1291 5369 1590 5441 lnﬁrmatus
1619 5385 1690 5430 est
1710 5377 1763 5430 in
1783 5387 1997 5444 egestate
2011 5379 2149 5450 uigor

560 5477 700 5517 meus
732 5477 751 5515 :
791 5476 922 5533 egeo
936 5461 1162 5517 sanitate
1188 5462 1344 5534 huius
1364 5475 1623 5534 corporls,
1645 5482 1746 5524 nec
1776 5475 2009 5539 parcitur
2029 5485 2149 5528 eru-

560 5553 821 5620 ciatibus;
861 5570 992 5627 egeo
1018 5555 1343 5612 resolutione
1369 5557 1629 5626 corporis,
1662 5567 1716 5615 et
1744 5563 1979 5631 parcitur
2006 5577 2149 5619 mor-

561 5650 603 5703 ti
637 5665 650 5702 :
699 5657 752 5703 et
782 5648 833 5703 in
862 5649 962 5703 hac
987 5657 1222 5720 egestate
1250 5649 1512 5705 inﬁrmata
1560 5662 1639 5708 est
1689 5653 1875 5711 tiducia
1922 5671 2059 5713 mea.
2088 5658 2150 5714 Et

628 5869 644 5901 ³
670 5873 719 5918 tn
744 5841 960 5931 pluribus
976 5874 1081 5920 Mss.
1087 5906 1102 5933 ,
1130 5874 1389 5934 sperantes.

1791 375 1847 434 S.
1890 369 2260 434 Αυαυετηῆι
2299 371 2602 434 EPISGOPI

2239 500 2353 542 ossa
2379 503 2490 543 mea
2517 489 2812 546 conturbata
2837 499 2956 546 sunt
2981 507 3002 548 :
3022 497 3080 550 et
3116 490 3342 552 ﬁrmitas
3375 509 3502 555 mea
3544 499 3829 558 conturbor

2241 587 2292 634 ta
2314 589 2416 636 est.

2311 673 2398 729 12.
2431 673 2598 747 [uers.
2631 676 2720 734 12.
2755 676 2968 753 jSuper
3012 695 3184 736 omnes
3227 681 3460 740 inimicos
3504 690 3828 760 assuefactus

2239 785 2351 824 sum
2378 772 2724 845 opprobrium.
2763 773 2966 828 inimici
3016 775 3120 829 mei
3160 785 3284 831 sunt
3325 793 3514 835 omnes
3539 779 3744 851 iniqui;
3773 792 3828 840 et

2242 870 2416 917 tamen
2445 878 2540 932 pro
2567 864 2862 920 sceleribus
2885 865 3001 922 suis
3025 868 3272 937 usquead
3291 869 3684 930 confessionem
3713 883 3824 930 tor-

2237 967 2512 1028 quentur:
2563 959 2807 1028 superavi
2849 975 2981 1030 ergo
3018 962 3365 1031 opprobrium
3401 979 3587 1020 eorum
3610 1006 3625 1033 ,
3677 967 3828 1038 cuius

2237 1049 2632 1106 confessionem
2659 1066 2764 1105 non
2788 1065 2934 1107 mors
2961 1051 3228 1122 sequitur,
3263 1054 3358 1109 sed
3384 1057 3651 1112 cruciatus
3679 1058 3826 1116 inse-

2241 1143 2438 1213 quitur.
2472 1141 2537 1196 Et
2565 1143 2740 1197 uicinis
2777 1144 2900 1197 meis
2943 1143 3161 1198 scindunt
3184 1161 3203 1199 :
3251 1145 3471 1201 nimium
3515 1147 3616 1204 hoc
3658 1149 3826 1206 visunt

2237 1244 2322 1289 est
2350 1235 2427 1289 eis
2452 1234 2538 1304 qui
2563 1235 2672 1304 jam
2706 1235 3129 1306 propinquabant
3153 1249 3546 1306 cognoscere-te
3570 1249 3624 1294 et
3645 1249 3827 1297 tenete

2241 1325 2401 1380 fidem
2423 1341 2582 1395 quam
2614 1335 2790 1381 teneo.
2823 1325 2888 1379 Et
2921 1327 3072 1380 timor
3105 1328 3235 1382 notis
3261 1328 3420 1382 sucis:
3439 1337 3493 1383 et
3535 1330 3667 1400 ipsis
3690 1334 3830 1388 notis

2237 1419 2378 1475 meis
2403 1418 2651 1488 exemplo
2681 1418 2960 1474 horribilis
3001 1419 3357 1474 tribulationis
3405 1435 3536 1476 mea:
3583 1422 3827 1478 timorem

2242 1512 2460 1566 incussi.
2494 1511 2591 1578 Qui
2623 1510 2857 1565 uidebant
2894 1527 2992 1574 me,
3026 1510 3163 1578 foras
3189 1511 3450 1582 fugiebant
3473 1529 3504 1565 a
3530 1529 3611 1566 me
3638 1528 3657 1567 :
3697 1527 3828 1583 quo-

2240 1605 2384 1659 niam
2449 1618 2558 1658 non
2621 1603 2985 1673 intelligebant
3052 1603 3361 1659 interiorem
3412 1613 3469 1659 et
3512 1603 3828 1661 invisibilcm

2241 1709 2392 1765 spem
2445 1708 2641 1757 meum,
2699 1694 2753 1749 in
2809 1694 3079 1750 exteriora
3123 1703 3178 1750 et
3221 1694 3448 1750 visibilia
3511 1695 3760 1767 fugerunt
3795 1710 3828 1752 ι

2241 1801 2349 1841 me.

2315 1877 2401 1930 15.
2436 1874 2604 1948 [uers.
2656 1877 2742 1930 15.
2769 1873 2791 1948 ]
2823 1874 3026 1931 Oblitus
3069 1891 3185 1930 sunt
3208 1916 3224 1943 ,
3247 1884 3488 1947 tanquam
3526 1886 3755 1932 mortus
3793 1893 3830 1932 ι

2242 1966 2394 2021 corde
2427 1976 2523 2021 :et
2544 1967 2692 2022 obliti
2723 1975 2842 2021 sunt
2891 1982 2998 2033 me,
3058 1975 3310 2037 tauquam
3362 1977 3606 2025 mortuus
3644 1969 3748 2024 sim
3793 1983 3825 2025 ι

2237 2060 2404 2117 corde
2434 2061 2688 2130 ipsorum.
2715 2059 2911 2116 Factus
2953 2076 3065 2115 sum
3110 2069 3352 2132 unquam
3403 2077 3490 2115 uas
3519 2060 3774 2131 perditust
3801 2075 3821 2116 :

2242 2152 2388 2207 visus
2407 2167 2522 2207 sum
2552 2152 2677 2206 mihi
2706 2151 2930 2220 periisse
2959 2150 3142 2205 usibus
3169 2150 3399 2217 Domini,
3425 2151 3612 2206 vivens
3637 2150 3693 2206 in
3723 2150 3820 2207 hoc

2241 2243 2459 2309 saeculo,
2495 2252 2549 2297 et
2573 2243 2838 2298 nemiuem
2849 2240 3210 2308 lucrifaeiens,
3232 2256 3356 2297 cum
3375 2251 3564 2298 omnes
3585 2242 3829 2299 timerent

2243 2335 2519 2406 aggregari
2547 2333 2698 2389 mihi.

2319 2428 2407 2482 14.
2441 2424 2610 2498 [uers.
2644 2427 2731 2481 14.
2755 2424 2779 2500 ]
2800 2425 3048 2493 Quoniam
3083 2426 3255 2480 audivi
3271 2425 3688 2497 vituperationem
3705 2427 3832 2482 sttui-

2243 2528 2410 2575 torum
2439 2519 2770 2574 accolentium
2817 2520 2871 2573 in
2895 2519 3108 2574 circuitu
3135 2533 3154 2572 :
3182 2519 3433 2589 quoniam
3461 2519 3640 2576 audivi
3692 2520 3828 2575 vitu-

2241 2621 2495 2682 perantes
2515 2625 2602 2665 me
2644 2610 2845 2666 multos
2898 2612 2951 2666 in
3011 2611 3440 2681 peregrinatione
3491 2611 3651 2681 hujus
3678 2619 3828 2667 terra

2240 2704 2390 2774 juxta
2413 2719 2520 2770 me,
2553 2711 2835 2774 sequentes
2886 2703 3170 2759 circuitum
3201 2711 3521 2773 temporum,
3547 2711 3603 2757 et
3623 2717 3831 2758 meum

2243 2797 2300 2852 is
2329 2797 2553 2866 patriam
2581 2805 2836 2850 aeternam
2863 2793 3039 2849 redire
3085 2802 3414 2850 recusantes.
3452 2792 3588 2846 Dum
3623 2807 3832 2865 congre-

2245 2899 2487 2962 garentur
2514 2889 2615 2957 ipsi
2644 2887 2798 2942 simul
2816 2886 3087 2941 admsum
3113 2901 3216 2951 me,
3233 2894 3288 2940 ut
3311 2885 3594 2956 acciperent
3613 2886 3834 2940 anitum

2246 2999 2409 3038 nicum
2435 2979 2689 3035 consitioti
2714 2988 2829 3034 sunt
2857 2994 2880 3032 :
2903 2986 2960 3033 ut
2979 2977 3310 3033 consesti-et
3333 2977 3415 3032 eis
3449 2977 3627 3031 aliisue
3686 2990 3822 3042 mea,

2246 3090 2366 3144 qua:
2395 3082 2570 3128 morte
2597 3080 2784 3144 posset
2823 3071 2892 3127 de
2945 3080 3214 3140 potestate
3231 3069 3455 3126 illorum
3484 3069 3640 3126 facile
3669 3069 3830 3133 exim.

2246 3165 2681 3234 excogitaverunt
2727 3162 3010 3218 consilium
3033 3202 3050 3229 ,
3104 3175 3211 3232 quo
3251 3175 3354 3217 nec
3377 3160 3516 3216 mori
3561 3174 3652 3215 me
3701 3160 3836 3215 sius-

2245 3265 2390 3313 rent.

2320 3346 2603 3420 i5.[oers.
2641 3346 2728 3402 15.
2758 3343 2778 3418 ]
2811 3344 2922 3416 Ego
2947 3353 3112 3400 autern
3161 3343 3219 3398 in
3256 3353 3304 3398 te
3330 3341 3835 3414 specuum,-

2247 3438 2357 3504 diati
2386 3456 2406 3492 :
2450 3437 2523 3493 Tu
2549 3454 2602 3492 es
2630 3434 2769 3492 Deus
2817 3450 3124 3490 meusmou
3178 3434 3325 3490 enim
3377 3442 3615 3488 mutauts
3675 3448 3753 3498 es,
3783 3439 3836 3487 ut

2247 3547 2354 3590 non
2385 3531 2591 3587 salvum
2619 3528 2782 3584 iacias
2806 3528 2893 3597 qui
2924 3526 3199 3582 emendas.

2321 3627 2410 3683 16.
2437 3626 2457 3699 [
2482 3642 2610 3681 uers.
2642 3625 2728 3681 16.
2760 3624 2780 3696 ]
2809 3622 2877 3678 In
2891 3623 3124 3678 mortibus
3152 3623 3252 3676 tuis
3271 3630 3574 3676 sor-testam
3599 3637 3620 3676 :
3649 3621 3706 3676 in
3734 3634 3831 3692 po-

2249 3729 2441 3776 testate
2469 3729 2556 3774 tua
2585 3727 2708 3776 sunt
2731 3727 2906 3772 sortes
2936 3730 3089 3770 mea.
3140 3713 3256 3770 Non
3294 3715 3438 3770 enim
3464 3714 3632 3768 ullum
3675 3713 3831 3768 video

2249 3813 2535 3876 meritam,
2553 3825 2664 3882 quo
2682 3809 2751 3865 de
2781 3809 3034 3864 universa
3085 3805 3358 3878 impietate
3379 3807 3594 3878 generis
3617 3805 3836 3862 humani

2249 3921 2336 3963 me
2363 3905 2695 3976 potissimum
2713 3901 2922 3973 elegiin
2950 3900 3015 3956 ad
3040 3901 3267 3956 salutem
3301 3918 3314 3956 :
3343 3909 3398 3955 et
3424 3901 3468 3954 si
3510 3907 3595 3954 est
3616 3897 3762 3970 apud
3788 3905 3837 3953 te

2246 3996 2423 4069 iustus
2449 4005 2506 4052 et
2539 3995 2785 4051 occultus
2831 3993 2967 4049 ordo
3009 3993 3293 4049 electionis
3341 4006 3495 4059 mete,
3527 4005 3629 4062 ego
3663 4001 3837 4048 tamen

2249 4107 2408 4164 quem
2440 4091 2540 4145 hoc
2568 4091 2716 4156 latet,
2746 4088 2810 4145 ad
2843 4089 3075 4144 tunicam
3104 4087 3312 4142 Domini
3340 4087 3445 4142 mei
3484 4094 3628 4141 sorte
3656 4097 3840 4157 pervo-

2250 4184 2347 4256 ni(
2373 4182 2530 4238 Jun.
2556 4198 2668 4249 xix,
2696 4181 2769 4237 ει
2790 4182 2830 4250 ).
2857 4179 3000 4235 Erue
3021 4195 3101 4234 me
3137 4178 3200 4234 de
3246 4177 3479 4234 manibus

2247 4291 2498 4341 meorum,
2529 4283 2579 4329 et
2607 4291 2637 4328 a
2665 4271 3072 4343 persequentibus
3091 4286 3190 4326 nte.

2324 4364 2453 4440 17.[
2482 4382 2606 4421 vers.
2644 4367 2729 4419 17.
2754 4363 2776 4437 ]
2805 4363 3016 4418 “lustra
3046 4363 3228 4436 facient
3275 4371 3414 4416 tuam
3460 4376 3614 4432 super
3638 4373 3837 4415 seruum

2252 4467 2436 4513 tuum:
2466 4466 2645 4513 uotum
2673 4456 2755 4511 fac
2805 4454 3109 4510 hominibus
3159 4454 3246 4524 qui
3294 4467 3400 4508 non
3448 4460 3636 4523 putant
3666 4447 3839 4506 mead

2251 4562 2306 4610 to
2333 4551 2619 4622 pertinere,
2643 4565 2812 4618 super
2828 4563 2914 4602 me
2931 4562 3054 4603 esse
3079 4544 3448 4602 iutendentsm
3468 4543 3660 4600 faciem
3676 4552 3836 4609 tuam,

2250 4659 2448 4715 meque
2494 4642 2590 4698 tibi
2641 4640 2865 4696 suum.
2917 4638 3135 4695 Satanas
3188 4652 3270 4692 nte
3314 4639 3402 4709 fee
3453 4635 3511 4690 in
3549 4643 3642 4690 tua
3687 4633 3836 4690 ἀει

2249 4736 2493 4792 ricordia.

2325 4829 2412 4883 18.
2447 4825 2467 4898 [
2496 4842 2626 4880 vers.
2658 4824 2745 4880 18.
2773 4822 2794 4898 ]
2823 4821 3062 4888 Domine,
3109 4838 3211 4877 non
3249 4820 3559 4892 confundor,
3605 4818 3843 4893 βοὰ.

2253 4921 2478 4976 inuocaui
2505 4927 2552 4973 te
2583 4934 2604 4972 :
2629 4916 2883 4982 Domine,
2935 4930 3046 4971 non
3097 4914 3414 4970 erubescam
3465 4913 3842 4969 insuttantibls

2253 5011 2406 5076 mihi,
2436 5026 2497 5064 ex
2527 5024 2596 5066 eo
2617 5009 2761 5080 quod
2789 5017 2843 5063 te
2862 5007 3120 5062 invocavi.
3149 5003 3462 5060 Eeubescant
3500 5005 3665 5075 impii,
3686 5013 3736 5060 et
3759 5002 3844 5057 ds-

2256 5105 2510 5160 ducantur
2528 5103 2583 5156 in
2609 5101 2866 5172 infernum
2893 5116 2912 5154 :
2930 5099 3252 5156 erubescant
3292 5099 3472 5170 potius
3495 5099 3585 5170 qui
3639 5095 3845 5167 lapides

2252 5198 2522 5263 invocant,
2546 5205 2600 5250 et
2629 5195 2833 5249 umbris
2853 5193 3148 5250 sociantur.

2327 5309 2414 5367 19.
2441 5307 2610 5383 [vers
2638 5306 2724 5364 19.
2748 5305 2942 5382 ]Muta
2994 5305 3271 5377 efﬁciantur
3313 5305 3446 5360 fabia
3475 5302 3654 5359 dotosa
3676 5319 3698 5358 :
3723 5309 3843 5358 nota

2251 5404 2455 5462 faciens
2476 5403 2686 5475 populis
2712 5409 3044 5457 sacramenta
3070 5402 3126 5456 in
3149 5414 3235 5456 me
3262 5409 3368 5465 tua,
3399 5398 3479 5454 fac
3496 5399 3846 5468 obstupesce-

2251 5513 2314 5554 re
2343 5497 2478 5552 labia
2508 5495 2816 5566 ﬁngentium
2837 5492 2905 5550 de
2926 5509 3012 5550 me
3042 5493 3192 5548 falsa.
3229 5492 3356 5560 Quir
3373 5492 3645 5562 loquuntur
3669 5490 3848 5544 adver-

2253 5610 2340 5650 sus
2361 5593 2558 5661 justum
2576 5589 2908 5660 iniquitatem,
2937 5587 2991 5640 in
3029 5586 3261 5657 superbia
3286 5594 3333 5638 et
3376 5592 3661 5651 contemptu
3689 5597 3707 5635 :
3732 5594 3850 5651 qua:

2259 5686 2548 5754 loquuntur
2576 5682 2829 5735 adversus
2848 5678 3116 5733 Christum
3144 5678 3498 5748 iniquitatem,
3527 5673 3845 5745 superbicm

2258 5785 2378 5842 tes,
2422 5786 2475 5830 et
2540 5780 2944 5830 contemnentes
3020 5781 3269 5842 tanquam
3321 5768 3591 5828 hominem
3637 5768 3850 5827 crocino

2260 5882 2408 5929 xum.
