4032 6490
263 495 348 556 20.
380 493 556 569 [ρεη.
577 494 679 566 30,
709 495 806 558 2!.
835 495 856 567 ]
889 495 1056 572 Quam
1099 509 1286 566 magna
1327 494 1594 554 multitudo
1622 494 1794 550 dulce-

207 588 468 652 dinistuc,
499 585 734 644 Domine
758 604 778 643 :
805 588 1065 648 exclamat
1117 586 1201 644 hic
1237 585 1500 656 Propheta
1532 587 1629 644 ista
1678 599 1798 642 cer-

207 694 349 747 nens,
373 687 428 735 et
453 678 668 740 mirans
689 695 855 752 quam
880 679 1056 740 multis
1076 678 1246 736 modis
1262 679 1477 748 copiosa
1505 687 1588 732 est
1613 677 1800 732 dulce-

211 775 274 838 do
294 785 400 846 tua,
438 773 690 836 Domine.
715 773 885 842 Quam
899 772 1204 834 abscondisti
1222 771 1511 832 timentibus
1533 781 1579 827 te
1597 788 1615 826 :
1633 771 1792 836 etiam

210 881 293 924 eos
319 879 454 937 quos
481 865 770 934 emendas,
797 864 1026 928 multum
1077 879 1261 931 amas;
1303 862 1397 922 sed
1450 878 1516 919 ne
1542 861 1799 928 dissoluta

210 959 490 1026 securitate
513 957 878 1028 negligentius
919 965 1097 1028 agant,
1141 955 1426 1014 abscondis
1458 954 1525 1012 ab
1575 955 1654 1018 eis
1683 955 1801 1018 dul-

209 1050 444 1118 redinetn
468 1051 677 1108 amoris
723 1050 820 1118 tui,
849 1050 1040 1121 quibus
1077 1048 1204 1112 utile
1243 1058 1325 1110 est
1351 1048 1642 1110 timerete.
1676 1047 1803 1103 Per-

211 1145 358 1214 μεὴή
386 1143 715 1216 sperantibus
734 1146 790 1206 in
819 1153 866 1200 te
896 1160 914 1198 :
944 1142 1213 1215 periecisti
1253 1153 1431 1202 autem
1458 1143 1599 1206 hanc
1623 1142 1802 1200 dulce-

211 1237 375 1301 dinem
393 1235 742 1306 sperantibus
757 1235 811 1290 in
835 1245 885 1290 te
907 1251 924 1303 ;
947 1249 1054 1294 non
1076 1234 1218 1296 enim
1241 1234 1511 1292 subtrahis
1527 1235 1606 1290 eis
1626 1233 1767 1305 quod
1782 1234 1798 1266 ι

215 1346 366 1401 usque
394 1331 450 1388 in
484 1329 648 1394 ﬁnem
687 1337 1096 1400 perseveranter
1144 1337 1473 1398 exspectant.
1508 1326 1573 1382 In
1594 1342 1805 1398 conspe-

213 1432 284 1478 ctu
304 1421 538 1491 ﬁliorum
560 1421 865 1484 hominum:
894 1437 998 1480 non
1021 1419 1163 1484 enim
1182 1420 1310 1484 latet
1328 1420 1464 1478 lilios
1496 1418 1794 1484 hominum,

207 1513 304 1584 iam
326 1528 437 1572 non
462 1511 767 1580 secundum
797 1511 988 1579 Adam,
1039 1511 1135 1576 sed
1162 1512 1452 1578 secundum
1503 1511 1668 1566 ﬁlium
1703 1510 1799 1570 ho-

383 1605 654 1668 viveutes,
678 1604 968 1660 Ahcondes
993 1619 1081 1660 eos
1107 1606 1160 1660 in
1187 1605 1478 1668 abscondito
1503 1605 1671 1660 vultus
1703 1604 1797 1671 tui,

209 1710 356 1767 quam
385 1695 576 1759 sedem
606 1706 918 1766 perpetuam
945 1710 1126 1760 serves
1154 1696 1206 1752 in
1236 1695 1550 1760 abscondito
1598 1696 1799 1758 notitiae

211 1797 308 1853 tua:
335 1789 688 1860 sperantibus
714 1789 770 1846 in
822 1799 894 1850 te.
924 1788 968 1842 Α
997 1789 1377 1852 conturbatione
1415 1790 1677 1850 hominum
1699 1805 1718 1846 :
1743 1799 1800 1848 ut

205 1880 314 1952 iam
339 1882 538 1942 nullam
569 1881 861 1946 humanam
891 1884 1352 1944 conturbationem
1383 1885 1669 1956 patiantur.

282 1972 369 2030 2|.
404 1973 646 2046 Proteges
676 1991 760 2038 eos
786 1976 839 2032 in
857 1977 1179 2038 tabernaculo
1197 1987 1313 2045 tuo,
1341 1995 1372 2032 a
1399 1978 1798 2042 contradictione

211 2065 497 2137 linguarum
522 2085 542 2122 ε
569 2077 666 2126 sed
697 2069 785 2130 hic
811 2069 1023 2134 interim
1049 2069 1175 2132 dum
1203 2071 1281 2132 eis
1309 2070 1583 2132 maledica:
1605 2071 1801 2141 limine

211 2157 520 2228 Obstrepunt
549 2158 810 2225 dicentes.
871 2160 1001 2228 Quis
1041 2161 1146 2222 bac
1194 2162 1360 2227 novit,
1410 2171 1501 2224 aut
1520 2162 1643 2233 quis
1670 2160 1798 2220 inde

213 2251 348 2314 seuit
369 2251 394 2304 ll
421 2260 675 2322 protegas
693 2267 790 2308 eos
811 2252 867 2308 in
881 2253 1228 2318 tabernaculo
1244 2253 1366 2312 ﬁdei
1387 2270 1568 2316 earum
1595 2270 1795 2321 rerum,

210 2356 334 2411 quas
362 2343 628 2405 Dominus
673 2359 770 2415 pro
813 2345 970 2410 nobis
1009 2345 1374 2416 temperanter
1395 2348 1644 2418 gessitet
1669 2361 1797 2418 per-

211 2434 342 2502 tulit.

271 2525 400 2600 22.[
428 2543 562 2588 vers.
593 2527 688 2592 ἢῆ.
717 2527 738 2602 ]
773 2527 1081 2596 Remedia»
1128 2528 1399 2597 Dominus,
1430 2531 1670 2600 quoniam
1695 2531 1794 2585 mi-

213 2618 417 2686 riﬁcam?
447 2620 852 2684 Manlium
877 2637 1020 2686 suam
1048 2622 1100 2684 in
1121 2623 1328 2684 ciuitate
1358 2623 1752 2684 circumstantia:
1781 2638 1800 2676 :

211 2706 519 2772 Mdictus
570 2710 850 2779 Dominus,
887 2712 1140 2782 quoniam
1195 2721 1316 2784 post
1365 2712 1797 2780 emendationem

215 2802 588 2866 scurrilitas-um
613 2804 1068 2872 persecutionum,
1098 2805 1346 2866 omnibus
1390 2806 1685 2868 mirabilem
1717 2807 1799 2862 te.

208 2892 728 2958 ﬁtnisericordiam
778 2911 928 2961 suam
958 2911 1052 2966 per
1075 2895 1261 2960 orbein
1301 2906 1586 2964 terrarum,
1615 2899 1667 2960 in
1689 2900 1798 2954 cir-

215 2984 350 3047 cuitu
375 2986 654 3046 societatis
681 2985 950 3050 humanm.

277 3076 403 3150 25.[
427 3094 555 3138 ears.
581 3079 673 3134 25.
705 3077 726 3152 ]
753 3079 868 3150 Ego,
892 3080 1000 3144 dimi
1041 3082 1100 3144 in
1133 3083 1315 3146 ecstasi
1354 3100 1464 3146 mea
1493 3099 1512 3138 :
1545 3083 1684 3150 unde
1713 3085 1800 3154 ille

215 3169 430 3238 pupillus
461 3170 656 3226 iterum
686 3172 932 3242 loquens,
953 3173 1026 3230 ait
1048 3191 1060 3227 :
1083 3174 1197 3245 Ego
1221 3173 1406 3232 dixiin
1437 3191 1630 3246 pavore
1649 3193 1794 3248 meo,

213 3275 326 3316 etim
369 3262 704 3322 borribiliter
747 3274 934 3335 gentes
982 3266 1034 3330 in
1079 3282 1165 3330 me
1223 3267 1492 3334 saevirent.
1528 3268 1794 3340 Proiectus

211 3368 366 3410 ..ιιι
393 3356 532 3426 [ade
545 3356 816 3416 oculorum
835 3365 1033 3419 tuorum
1061 3373 1080 3412 :
1104 3373 1211 3423 non
1239 3358 1384 3422 enim
1431 3361 1476 3426 si
1520 3376 1609 3422 me
1623 3363 1804 3432 respi-

215 3459 374 3516 ceres,
395 3448 517 3519 puti
554 3463 643 3506 me
672 3449 774 3512 ἰδία
821 3450 1044 3514 sineres.
1091 3450 1220 3516 Ideo
1255 3453 1534 3524 exaudiui,
1563 3454 1799 3523 Rantius,

215 3553 368 3596 mm
395 3541 648 3602 orationis
673 3556 822 3609 mea.
867 3557 984 3606 own
1012 3543 1282 3608 clamare»
1300 3545 1375 3599 ad
1396 3556 1442 3600 te
1470 3561 1489 3600 :
1534 3545 1654 3608 ideo
1681 3560 1802 3610 mo-

213 3631 333 3698 dum
357 3648 574 3703 ponens
591 3633 979 3702 emendationi,
1010 3645 1066 3691 et
1103 3637 1395 3702 ostendens
1423 3653 1509 3702 me
1535 3640 1804 3708 pertinere

213 3722 276 3790 ad
297 3733 674 3788 cumulem,
705 3724 991 3792 exaudiui,
1031 3726 1276 3794 Domine,
1311 3743 1497 3793 vocem
1546 3731 1804 3794 orationis

209 3827 358 3878 lea,
379 3829 514 3872 cum
533 3830 659 3878 eam
705 3830 773 3872 ex
811 3816 1156 3882 tribulatione
1185 3818 1346 3880 nimis
1370 3818 1728 3884 intenderem.

207 3909 228 3958 i
276 3906 366 3966 26-
399 3907 421 3980 [
449 3924 584 3966 ws.
615 3907 708 3972 24.
731 3906 753 3982 ]
779 3907 988 3980 Diligite
1005 3909 1282 3974 Dominum
1297 3929 1466 3974 omnes
1480 3916 1642 3970 sancti
1661 3917 1768 3985 ejus
1786 3930 1806 3970 :

213 3997 451 4057 itu-tatur
471 4000 668 4060 iterum
695 4000 958 4080 Propheta
984 4003 1087 4070 ista
1111 4018 1336 4062 cernens
1357 4045 1372 4071 ,
1400 4015 1456 4062 et
1491 4006 1619 4062 dicit
1647 4025 1659 4060 :
1705 4006 1803 4072 Di-

213 4093 344 4164 tip'te
371 4093 681 4163 hominum,
715 4111 887 4159 omnes
909 4097 1070 4164 sancti
1087 4099 1196 4170 ejus
1222 4114 1239 4154 :
1265 4100 1502 4169 quoniam
1550 4101 1806 4164 ueritatem

209 4189 428 4258 requies
473 4186 746 4252 mins.
777 4187 1007 4256 Quando
1051 4189 1096 4244 si
1135 4191 1315 4260 iustus
1342 4192 1432 4248 vix
1477 4193 1658 4254 salvus
1682 4194 1802 4258 erit,

214 4285 462 4346 peccator
491 4286 550 4338 et
589 4277 795 4348 impius
845 4279 935 4345 ubi
987 4279 1251 4350 parebunt
1281 4280 1326 4350 (ι
1363 4280 1504 4336 Petr.
1535 4299 1606 4346 tv,
1642 4283 1708 4338 18
1738 4283 1806 4353 )?

215 4366 280 4422 Et
302 4369 546 4425 retribuet
797 4368 1112 4438 euadentes,-
1153 4372 1351 4441 faciunt
1391 4374 1676 4444 superbiam
1705 4391 1723 4428 :
1754 4384 1808 4429 ct

215 4462 471 4520 leuibuet
491 4463 587 4520 his
603 4462 704 4533 uti
719 4462 960 4530 manu
985 4473 1392 4534 contemnatur,
1430 4466 1553 4537 quia
1579 4467 1804 4522 multum

219 4555 560 4624 superbiant.

279 4643 418 4719 35.-[
447 4646 691 4722 πρηᾹᾷ
717 4644 742 4720 ]
772 4645 994 4712 νὶνὶιὶι,εν
1044 4649 1215 4722 agite,
1261 4658 1310 4704 et
1365 4651 1678 4720 confortetur
1723 4666 1809 4705 cor

219 4747 429 4810 “tum
449 4755 472 4794 :
502 4738 704 4810 bonum
733 4738 850 4806 sine
897 4737 1199 4806 defectione
1250 4750 1556 4810 operanles,
1587 4748 1646 4795 ut
1672 4749 1808 4796 tem-

215 4843 342 4903 mre
361 4830 588 4902 proprio
622 4829 852 4900 metatis.
904 4828 1088 4896 Omnes
1115 4831 1202 4906 qui
1224 4833 1440 4901 speratis
1466 4832 1518 4886 in
1553 4829 1772 4886 Domino
1792 4847 1811 4886 :

216 4919 394 4988 idest,
428 4920 523 4991 qui
549 4935 674 4989 eum
718 4928 868 4986 recte
923 4921 1120 4988 timetis
1154 4922 1237 4978 vel
1276 4921 1471 4986 colitis.
1517 4931 1727 4994 sperate
1757 4924 1810 4979 in

222 4997 464 5082 Domitio.

283 5079 288 5084 ’
323 5079 328 5082 ⁷
395 5079 398 5080 ⁷
753 5083 1150 5141 ENARRATIO
1180 5083 1244 5140 ﬂ.

219 5209 392 5268 me
421 5197 464 5266 i,
503 5213 730 5266 luntres
755 5214 927 5266 rsum
977 5215 1106 5264 νοεῖ
1135 5214 1381 5277 suum
1437 5213 1811 5256 Αροετοιοιιυιι

806 5306 953 5355 nisu,
975 5306 1040 5348 ex
1071 5307 1128 5356 η.
1160 5291 1214 5346 5.

715 5379 794 5436 De
818 5382 1070 5454 principio
1097 5380 1313 5440 P'salmi.

289 5473 342 5530 1.
375 5470 549 5546 [ποτε.
572 5469 886 5545 l.]Psa,1mi
912 5472 1070 5544 hujus
1093 5489 1250 5544 quem
1279 5471 1438 5528 modo
1458 5474 1806 5540 cantavimus,

221 5575 473 5638 quantum
503 5581 795 5640 possumus
821 5577 1026 5630 secreta
1062 5569 1335 5635 rimcmur,
1366 5577 1418 5622 et
1448 5567 1572 5623 inde
1602 5583 1810 5623 sermo-

223 5641 342 5718 nem
365 5662 704 5734 exsculptum
722 5661 1005 5719 reddamus
1022 5662 1236 5726 auribus
1254 5661 1582 5717 etmentibus
1601 5661 1805 5718 vestris.

226 5753 426 5824 Titulus
449 5756 567 5832 ejus
595 5763 682 5812 est
712 5771 726 5807 :
758 5752 828 5808 In
858 5755 1027 5826 ﬁnem,
1080 5755 1320 5826 Rsaimus
1347 5752 1446 5832 ipsi
1469 5754 1636 5812 David
1660 5766 1811 5814 ecsta-

283 5864 506 5940 ιω
529 5874 668 5928 κει,
689 5860 767 5918 eis
786 5862 886 5930 qui.

1319 376 1717 438 ENARRATIO
1752 376 1822 434 IN
1857 376 2186 442 PSALMUM
2224 378 2394 436 XXX.

3387 387 3500 456 230

1911 494 2001 554 sis.
2031 493 2098 551 In
2127 496 2279 566 ﬁnem
2297 496 2422 568 quid
2436 496 2524 566 sit,
2552 499 2816 571 novimus,
2842 502 2885 559 si
2917 500 3186 572 Christum
3205 507 3490 580 novimus;

1909 589 2038 650 dicit
2064 591 2205 650 enim
2236 593 2560 664 Apostolus:
2586 594 2730 658 Finis
2765 598 2899 652 enim
2933 597 3054 670 legis
3082 599 3309 658 Christus
3329 603 3398 658 ad
3406 604 3499 676 ju-

1909 683 2098 744 stitiam
2129 684 2268 746 omni
2296 686 2517 748 credenti
2544 687 2562 761 (
2595 688 2746 744 Rom.
2775 706 2831 758 x,
2859 693 2890 746 4
2923 691 2964 763 ).
2989 693 3137 752 Finis
3167 712 3272 756 non
3302 712 3497 756 consu-

1909 787 2084 842 mens,
2135 775 2231 834 sed
2277 777 2561 848 perliciens
2595 781 2838 838 :duobus
2881 783 3024 842 enim
3076 787 3248 844 modis
3271 788 3500 847 dicimus

1910 864 2070 928 tinem
2096 884 2108 931 ;
2139 869 2220 924 vel
2246 884 2351 939 quo
2378 868 2434 924 iit
2455 878 2510 926 ut
2533 887 2640 928 non
2665 874 2735 929 sit
2763 875 2905 946 quod
2935 885 3072 944 erat,
3120 879 3201 936 vel
3218 893 3324 951 quo
3351 881 3409 937 tit
3433 891 3492 938 ut

1907 958 2203 1029 perfectum
2235 962 2304 1016 sit
2329 963 2469 1033 quod
2510 963 2817 1022 inchoatum
2861 977 2995 1031 erat,
3025 970 3164 1041 Ergo
3209 971 3266 1026 in
3301 972 3455 1043 ﬁnem
3480 978 3529 1040 ,'

1907 1049 1963 1106 in
1987 1050 2280 1112 Christum.

1979 1140 2034 1195 2.
2068 1140 2309 1202 Psaimns
2341 1144 2504 1204 David
2529 1149 2752 1208 ecstasis.
2783 1150 3017 1216 Verbum
3035 1156 3217 1210 ectasis
3235 1170 3496 1226 meum,

1909 1231 2092 1302 latine,
2123 1244 2379 1306 quantum
2409 1237 2564 1298 datur
2587 1241 2826 1312 intelligi,
2855 1244 3019 1299 verbo
3056 1261 3163 1300 uno
3180 1248 3373 1318 exponi
3403 1263 3501 1320 po-

1909 1335 2033 1396 test,
2079 1329 2124 1386 si
2166 1329 2373 1386 dicatur
2424 1348 2678 1394 excessus
2716 1352 3017 1404 :cxcessus
3065 1349 3246 1400 autem
3299 1342 3497 1399 mentis

1909 1420 2126 1492 proprie
2155 1424 2290 1479 solet
2333 1427 2554 1482 ecstasis
2598 1428 2723 1486 dici.
2764 1429 2819 1485 ln
2871 1448 3093 1494 excessu
3142 1450 3270 1498 vero
3297 1436 3494 1492 mentis

1907 1511 2014 1570 duo
2044 1512 2408 1583 intelliguntur
2433 1534 2446 1582 ;
2473 1529 2565 1574 aut
2596 1534 2778 1589 pavor,
2803 1531 2891 1581 aut
2908 1523 3130 1584 intentio
3156 1524 3222 1580 ad
3241 1540 3493 1600 superna,

1907 1605 1978 1662 ita
2001 1617 2057 1661 ut
2084 1608 2314 1676 quodam
2345 1610 2503 1667 modo
2529 1612 2596 1667 de
2643 1615 2898 1678 memoria
2944 1617 3188 1676 labantur
3240 1618 3446 1676 inferna
3481 1638 3495 1676 :

1908 1696 1960 1754 in
1988 1696 2086 1752 hac
2112 1701 2305 1763 ecstasi
2355 1701 2569 1764 fuerunt
2617 1719 2804 1771 omnes
2837 1708 3028 1778 sancti,
3057 1709 3248 1780 quibus
3295 1726 3492 1768 arcana

1906 1786 2000 1852 Dei
2021 1791 2276 1850 mundum
2301 1792 2457 1850 istum
2486 1795 2800 1858 excedentia
2844 1799 3074 1860 revelata
3124 1809 3268 1856 sunt.
3291 1801 3368 1858 De
3401 1802 3502 1860 hoc

1906 1880 2102 1942 mentis
2127 1896 2372 1950 excessu,
2400 1883 2448 1939 id
2464 1875 2544 1942 est
2569 1888 2778 1954 ecstasi,
2805 1887 3000 1952 Paulus
3020 1906 3140 1952 cum
3169 1892 3497 1962 loqueretur,

1906 1971 2136 2042 seipsum
2191 1973 2483 2042 insinuans,
2528 1977 2639 2034 ait:
2672 1978 2790 2034 Sive
2826 1982 2960 2036 enim
2992 1993 3153 2044 mente
3192 1985 3498 2041 excessimus

1904 2059 2034 2130 Deo,
2060 2065 2161 2122 sive
2189 2075 2520 2136 temperantes
2547 2086 2720 2130 sumtis
2738 2073 2895 2138 vobis,
2920 2072 3140 2128 charitas
3185 2076 3316 2130 enim
3345 2075 3497 2132 Chri-

1897 2153 1970 2210 sti
1993 2156 2247 2225 compellit
2289 2158 2487 2230 uos(ll
2516 2159 2632 2220 Cor.
2675 2179 2726 2229 v,
2773 2161 3041 2233 l5).ﬂoc
3069 2176 3168 2231 est,
3201 2167 3244 2222 si
3270 2183 3332 2222 ea
3376 2177 3493 2223 tan-

1905 2256 2016 2308 tum
2033 2263 2190 2318 agere
2202 2251 2477 2322 vellemus,
2499 2263 2624 2314 ctea
2644 2263 2845 2316 tantum
2862 2259 3210 2329 contemplari
3226 2276 3344 2332 qua:
3356 2276 3497 2318 men-

1907 2341 1974 2398 tis
2000 2357 2222 2400 cxcessu
2250 2345 2538 2412 intuemur,
2558 2349 2828 2404 vobiscum
2851 2365 2956 2410 non
3002 2368 3262 2420 essemus,
3293 2353 3385 2410 sed
3412 2369 3497 2418 cs-

1904 2448 2086 2496 sct'uus
2133 2437 2184 2490 in
2235 2439 2502 2507 supernis,
2551 2448 2801 2510 tauquam
2849 2439 3169 2514 contemptis
3220 2444 3409 2500 vobis:
3442 2454 3497 2500 et

1904 2527 2116 2595 quando
2148 2543 2244 2582 nos
2275 2528 2339 2588 ad
2387 2530 2476 2584 illa
2519 2533 2792 2603 superiora
2837 2542 2890 2594 et
2942 2533 3193 2588 interiora
3234 2534 3443 2590 infirmo
3473 2536 3493 2568 ⁸

1907 2631 2063 2687 passu
2092 2622 2470 2690 sequeremini,
2495 2623 2594 2676 nisi
2622 2640 2805 2680 rursus
2835 2626 3188 2694 compellente
3247 2641 3344 2682 nos
3365 2626 3494 2682 cha-

1907 2706 2062 2769 ritate
2091 2709 2287 2766 Christi
2313 2711 2423 2784 (qui
2466 2728 2586 2768 cum
2614 2715 2664 2770 in
2692 2714 2859 2769 forma
2891 2716 2981 2771 Dei
3010 2726 3169 2785 esset,
3197 2733 3305 2776 non
3349 2717 3497 2790 rapi-

1905 2816 2028 2858 nam
2059 2803 2343 2859 arbitratus
2373 2813 2597 2862 estesse
2623 2809 2841 2877 aequalis
2873 2808 2999 2874 Deo,
3029 2811 3122 2866 sed
3152 2813 3496 2883 semetipsum

1907 2895 2196 2954 exinanivit
2246 2896 2471 2954 fortnam
2514 2900 2652 2956 servi
2687 2901 2954 2972 accipiens
2986 2901 3243 2976 [Philipp
3275 2921 3332 2969 ιι,
3357 2903 3417 2978 6]
3443 2903 3490 2976 ),

1905 3000 2007 3050 nos
2064 2987 2525 3048 consideraremus
2554 3005 2675 3047 esse
2719 3007 2924 3061 servos,
2953 3002 3007 3050 et
3047 3010 3152 3050 non
3177 2996 3370 3067 ingrati
3391 2998 3495 3056 eia

1904 3095 2014 3151 quo
2034 3081 2335 3151 accepimus
2389 3085 2599 3151 altiora,
2641 3093 2859 3155 propter
2908 3101 3002 3144 eos
3029 3087 3120 3157 qui
3148 3088 3341 3144 infirmi
3373 3099 3498 3152 sunt

1907 3187 2014 3232 non
2038 3183 2505 3237 contemneremus
2548 3177 2819 3246 inferiora,
2870 3188 2922 3234 et
2955 3189 3376 3254 temperaremns
3394 3199 3492 3239 nos

1897 3263 1986 3328 eis
2012 3265 2099 3334 qui
2123 3280 2227 3322 non
2250 3276 2471 3336 possunt
2527 3268 2806 3330 nobiscum
2838 3271 3023 3327 videre
3063 3273 3305 3330 sublimia
3334 3275 3357 3329 ?
3385 3274 3498 3332 Hoc

1910 3369 2038 3424 ergo
2065 3354 2158 3422 ait,
2187 3355 2306 3412 Sive
2349 3366 2514 3414 mente
2560 3361 2861 3416 excessimus
2892 3361 3000 3416 Deo
3023 3379 3042 3418 :
3069 3363 3158 3419 ille
3187 3365 3329 3420 enim
3353 3365 3497 3423 videt

1908 3449 2049 3520 quod
2076 3463 2174 3506 nos
2190 3450 2432 3510 videmus
2449 3453 2499 3510 in
2519 3453 2710 3512 mentis
2729 3469 2954 3510 excessu
2977 3457 3017 3522 ²,
3050 3457 3141 3512 ille
3172 3458 3319 3513 solus
3340 3474 3491 3515 reve-

1903 3541 1983 3600 lat
2003 3553 2212 3604 secreta
2233 3559 2346 3606 sua.
2375 3545 2581 3615 Quippe
2632 3546 2720 3602 ille
2751 3547 2850 3602 hoc
2871 3548 3124 3618 loquitur,
3157 3549 3246 3620 qui
3276 3565 3333 3605 se
3373 3550 3501 3606 dicit

1907 3633 2190 3703 abreptum
2217 3649 2335 3691 esse
2362 3644 2416 3690 et
2441 3637 2676 3692 ablatum
2706 3638 2757 3692 in
2787 3640 2998 3693 tertium
3031 3639 3246 3704 coelum,
3269 3649 3322 3696 et
3346 3641 3496 3696 audi-

1909 3724 2050 3782 visse
2075 3723 2360 3784 iuell‘abilia
2388 3725 2568 3792 verba,
2602 3741 2719 3798 quae
2766 3743 2873 3782 non
2913 3728 3036 3783 licet
3065 3727 3267 3784 homini
3297 3730 3439 3802 loqui
3474 3749 3488 3787 :

1911 3823 2088 3876 tantus
2112 3825 2290 3872 autem
2347 3815 2445 3872 fuit
2487 3818 2575 3876 ille
2623 3821 2817 3876 mentis
2845 3835 3114 3888 excessus,
3154 3830 3211 3876 ut
3258 3822 3498 3878 diceret:

1913 3907 2033 3971 Siue
2059 3910 2112 3966 in
2165 3925 2396 3980 corpore,
2441 3909 2544 3966 sive
2583 3920 2728 3966 extra
2765 3927 2968 3984 corpus,
3022 3915 3208 3978 nescio,
3241 3913 3374 3968 Deus
3403 3915 3497 3970 scit

1913 3999 1996 4069 (ll
2027 3999 2259 4066 Conxu,
2289 4001 2324 4058 2
2353 4002 2386 4063 ).
2415 4001 2556 4073 Ergo
2583 4002 2625 4066 si
2677 4001 2821 4062 hunc
2871 4018 3151 4064 excessum
3205 4006 3421 4074 mentis,
3443 4006 3496 4063 id

1907 4102 1991 4152 est
2039 4091 2178 4154 hanc
2217 4093 2502 4160 ecstasim,
2552 4093 2815 4170 signiﬁcat
2844 4094 3024 4151 titulus
3075 4097 3264 4168 psalmi
3319 4099 3497 4170 hujus,

1912 4199 2101 4254 magna
2121 4185 2361 4258 profecto
2393 4197 2447 4244 et
2466 4188 2570 4244 alta
2599 4189 2842 4262 quzcdam
2882 4205 3101 4260 sperare
3144 4189 3396 4247 debemus
3421 4191 3503 4248 di-

1911 4285 2117 4336 cturum
2146 4293 2270 4340 cum
2290 4279 2376 4350 qui
2403 4279 2642 4340 condidit
2659 4281 2949 4346 Psalmum,
2975 4280 3026 4334 id
3046 4290 3128 4336 est
3149 4281 3493 4356 Prophetam,

1915 4367 2022 4423 imo
2051 4384 2178 4426 vero
2205 4383 2300 4440 per
2335 4370 2654 4440 Prophetam
2686 4370 2939 4444 Spiritum
2968 4380 3234 4426 sanctum.

1985 4461 2037 4514 5.
2068 4461 2122 4516 Si
2148 4476 2273 4518 vero
2296 4461 2411 4520 haec
2435 4462 2655 4522 ecstasis
2683 4478 2845 4532 pavor
2868 4461 3244 4534 intelligendus
3273 4473 3374 4531 est,
3404 4479 3498 4521 ne-

1913 4566 2017 4622 que
2044 4552 2165 4612 huic
2195 4551 2564 4624 significationi
2597 4553 2744 4624 verbi
2778 4552 2948 4608 deerit
2971 4551 3126 4623 h'sjus
3150 4554 3339 4630 psalmi
3371 4569 3502 4612 con-

1916 4651 2130 4709 textus;
2181 4643 2388 4700 vide-tur
2424 4644 2566 4702 enim
2593 4645 2660 4704 de
2687 4645 2930 4718 passione
2965 4645 3237 4708 locuturus
3263 4661 3380 4701 esse
3401 4689 3416 4714 ,
3450 4647 3504 4704 in

1915 4749 2015 4806 qua
2045 4750 2208 4808 pavor
2235 4744 2335 4792 est.
2394 4736 2499 4794 Sed
2525 4737 2676 4808 cujus
2704 4751 2870 4809 pavor
2897 4743 2980 4795 est
2999 4780 3012 4804 ,
3065 4745 3242 4794 utrum
3283 4736 3501 4804 Christi,

1917 4827 2037 4898 quia
2066 4826 2220 4891 dixit,
2254 4825 2320 4886 In
2349 4828 2524 4897 linem,
2554 4837 2607 4883 et
2635 4827 2976 4904 intelligimus
3008 4827 3164 4882 linem
3196 4826 3506 4884 Christum?

1916 4934 1983 4974 an
2013 4917 2155 4982 forte
2185 4927 2368 4992 noster
2397 4919 2597 4994 pavor?
2642 4919 2906 4988 Numquid
2937 4919 3080 4974 enim
3103 4934 3385 4989 possumus
3417 4936 3507 4992 pa-

1920 5025 2110 5076 vorem
2133 5011 2270 5080 bene
2305 5011 2601 5084 intelligere
2643 5011 2694 5064 in
2725 5010 2936 5066 Christo
2962 5013 3352 5083 propinquante
3376 5027 3504 5084 pas-

1918 5104 2071 5166 sione
2088 5146 2109 5173 ,
2159 5105 2252 5175 qui
2290 5085 2506 5174 prepter
2547 5118 2666 5168 eam
2713 5102 2976 5164 veneratil
3029 5119 3148 5159 cum
3182 5105 3418 5160 venisset
3439 5103 3502 5162 ad

1916 5198 2060 5268 quod
2102 5207 2341 5263 venerat,
2373 5195 2628 5268 numquid
2661 5195 2886 5266 pavebat
2907 5197 3238 5252 moriturus?
3266 5197 3320 5253 Si
3351 5211 3502 5269 pror-

1918 5305 2008 5346 sus
2049 5290 2118 5344 ita
2163 5289 2324 5346 homo
2352 5297 2531 5354 esset,
2573 5297 2629 5350 ut
2651 5288 2793 5346 Deus
2824 5303 2929 5343 non
2957 5299 3132 5356 esset,
3178 5290 3347 5360 magis
3371 5305 3504 5360 gan-

1917 5380 2067 5438 deret
2095 5388 2523 5449 resurrecturus,
2569 5397 2726 5452 quam
2771 5390 2990 5458 paveret
3040 5383 3368 5446 moriturus?
3397 5382 3504 5438 Ve-

1921 5481 2221 5530 rumtamen
2251 5473 2371 5542 quia
2399 5473 2644 5544 dignatus
2673 5483 2754 5529 est
2781 5489 3054 5530 assumere
3089 5473 3308 5528 formam
3341 5473 3500 5541 servi,

1917 5576 1970 5623 et
2001 5567 2048 5620 in
2083 5581 2143 5620 ea
2175 5581 2270 5620 nos
2305 5568 2496 5622 vestire
2525 5583 2583 5623 se
2611 5586 2623 5635 ;
2657 5567 2742 5640 qui
2773 5584 2876 5622 non
2907 5575 2987 5622 est
3010 5565 3320 5636 dedignatus
3345 5579 3501 5622 assu-

1976 5682 1996 5712 -ι
2022 5687 2141 5728 Tres
2164 5686 2290 5738 Mss,
2309 5678 2467 5742 linito.

1979 5744 2084 5811 {ita
2109 5748 2180 5790 Er.
2207 5743 2284 5811 cui
2308 5737 2410 5791 Mss.
2445 5741 2784 5811 subrogantur.
2807 5749 2869 5811 _At
2907 5747 3014 5810 Lor.
3042 5753 3054 5788 :
3211 5739 3338 5791 enim
3377 5738 3505 5794 videt

1916 5802 2030 5864 quid
2053 5815 2138 5867 nos
2172 5802 2402 5867 videmus,
2426 5805 2510 5866 qui
2542 5800 2653 5867 ﬁcii
2688 5804 2921 5855 hominem
2960 5803 3008 5853 in
3046 5800 3214 5854 mentis
3255 5815 3504 5857 excessum

1918 5864 2170 5918 amoenits
2197 5865 2276 5918 itie
2299 5864 2448 5928 solus,
2470 5864 2565 5922 etc.
