4032 6462
557 401 662 461 251

561 527 716 574 mere
737 523 837 568 nos
865 508 919 565 in
945 522 1024 576 se,
1056 520 1167 563 non
1195 510 1278 561 est
1301 500 1617 573 dedignatus
1641 494 2019 566 transfigurare
2045 505 2144 547 nos

559 607 616 664 in
640 620 700 661 se
720 647 733 672 ,
775 611 830 659 et
855 601 999 671 loqui
1027 599 1205 656 verbis
1233 594 1432 652 nostris
1456 635 1472 661 ,
1515 601 1577 646 ut
1603 600 1658 646 et
1681 603 1778 645 nos
1807 587 2149 657 loqueremur

559 697 738 755 verbis
780 696 968 768 ipsius.
1016 693 1141 748 Haec
1169 690 1312 746 enim
1351 687 1484 742 mira
1512 679 1860 740 commutatio
1885 678 2022 733 facta
2043 683 2148 744 est,

559 798 615 846 et
655 789 834 846 divina
874 794 1000 842 sunt
1041 792 1255 855 peracta
1296 777 1653 844 commercia,
1708 771 1932 828 mutatio
1971 783 2150 825 rerum

559 880 831 936 celebrata
859 878 912 933 in
942 876 1043 931 hoc
1069 873 1271 930 mundo
1297 887 1328 926 a
1359 869 1692 940 negotiatore
1715 863 1923 921 caelesti
1955 878 1974 917 :
2003 860 2152 916 venit

567 976 812 1044 accipere
854 967 1239 1034 contumelias,
1281 965 1411 1020 dare
1458 962 1728 1024 honores;
1768 956 1913 1012 venit
1935 955 2152 1010 haurire

561 1065 802 1121 dolorem
823 1105 839 1130 ,
869 1062 996 1118 dare
1024 1059 1281 1124 salutem;
1325 1055 1469 1110 venit
1505 1053 1687 1109 subire
1729 1057 1990 1116 mortem,
2023 1046 2154 1102 dare

558 1161 743 1216 vitam.
789 1156 1076 1212 Moriturus
1101 1167 1228 1223 ergo
1252 1166 1319 1207 ex
1345 1163 1410 1204 eo
1433 1144 1574 1216 quod
1612 1151 1854 1198 nostrum
1900 1139 2149 1204 habebat,

560 1251 751 1310 nonin
781 1265 860 1318 se,
893 1249 988 1304 sed
1006 1249 1057 1302 in
1095 1245 1248 1301 nobis
1290 1241 1548 1314 pavebat;
1594 1236 1717 1307 quia
1758 1242 1813 1289 et
1852 1232 1955 1288 hoc
1998 1230 2151 1298 dixit,

561 1345 770 1400 tristem
795 1356 916 1399 esse
955 1339 1187 1394 animam
1217 1350 1368 1391 suam
1396 1343 1565 1401 usque
1591 1328 1656 1382 ad
1683 1335 1910 1381 mortem
1940 1322 2153 1395 (Matth.

561 1453 689 1496 xxvr
711 1481 726 1506 ,
753 1433 884 1510 38),
932 1443 986 1489 et
1025 1433 1210 1502 utique
1236 1441 1336 1483 nos
1363 1425 1464 1496 ipsi
1491 1435 1678 1477 omnes
1705 1433 1825 1472 cum
1862 1417 1974 1470 illo.
2022 1413 2156 1468 Nam

563 1532 680 1588 sine
710 1529 801 1585 illo
885 1542 984 1582 nos
1014 1525 1145 1580 nihil
1171 1540 1185 1587 ;
1229 1525 1280 1576 in
1306 1519 1399 1574 illo
1428 1526 1604 1571 autem
1626 1555 1641 1580 ,
1689 1511 1806 1582 ipse
1837 1509 2077 1566 Christus
2103 1515 2157 1562 et

563 1639 682 1680 nos.
739 1621 955 1689 Quare?
1005 1617 1140 1685 Quia
1187 1620 1331 1669 totus
1371 1609 1619 1666 Christus
1659 1611 1819 1674 caput
1850 1609 1904 1656 et
1939 1613 2154 1669 corpus.

564 1716 734 1787 Caput
766 1715 853 1770 ille
875 1712 1107 1767 salvator
1125 1706 1365 1777 corporis
1389 1745 1404 1770 ,
1448 1701 1536 1772 qui
1563 1700 1672 1771 jam
1699 1694 1938 1752 ascendit
1963 1693 2016 1748 in
2041 1706 2156 1748 ete-

567 1784 716 1873 lum;
765 1819 961 1874 corpus
1005 1811 1181 1855 autem
1225 1795 1496 1859 Ecclesia,
1544 1805 1663 1860 qua:
1703 1787 1906 1842 laborat
1935 1784 1987 1838 in
2019 1790 2158 1836 terra

571 1901 784 1973 (Ephes.
813 1914 877 1963 v,
905 1895 1020 1966 25).
1065 1893 1180 1948 Hoc
1221 1898 1401 1944 autem
1443 1897 1638 1954 corpus
1684 1881 1788 1936 nisi
1827 1876 2161 1934 connexione

566 1972 843 2048 charitatis
867 1987 1167 2043 adhaereret
1203 1979 1362 2052 capiti
1388 1993 1485 2033 suo
1504 2018 1518 2042 ,
1548 1984 1608 2029 ut
1636 1987 1773 2029 unus
1801 1972 1948 2026 fieret
1974 1983 2042 2024 ex
2067 1982 2160 2020 ca-

566 2086 674 2156 pite
699 2092 752 2139 et
775 2095 1022 2150 corpore,
1058 2092 1163 2132 non
1191 2074 1258 2129 de
1283 2073 1422 2129 caelo
1452 2066 1735 2140 quemdam
1765 2070 2160 2134 persecutorem

566 2150 863 2246 corripiens
891 2171 1127 2236 diceret,
1169 2166 1329 2222 Saule
1347 2205 1360 2228 ,
1396 2161 1555 2217 Saule
1573 2202 1587 2225 ,
1613 2157 1733 2227 quid
1753 2173 1832 2210 me
1855 2150 2162 2225 persequeris

568 2242 811 2340 (Achâ€”ix,
844 2265 944 2337 ti)?
971 2261 1186 2335 quando
1213 2273 1333 2315 cum
1356 2256 1467 2326 jam
1497 2255 1549 2308 in
1572 2252 1710 2307 cmlo
1736 2249 2009 2303 sedentem
2040 2242 2163 2298 nul-

567 2339 651 2417 lus
686 2360 850 2427 homo
889 2355 1174 2426 tangebat,
1227 2346 1498 2421 quomodo
1533 2359 1653 2400 eum
1694 2341 1885 2397 Saulus
1925 2339 1977 2392 in
2023 2346 2165 2392 terra

570 2453 797 2509 saeviens
845 2448 1104 2529 adversus
1159 2441 1494 2498 Christianos
1541 2437 1720 2506 aliquo
1758 2431 1918 2486 modo
1967 2428 2161 2498 injuria

569 2520 936 2618 percellebat'?
965 2537 1082 2593 Non
1113 2537 1206 2600 ait,
1233 2533 1370 2600 Quid
1396 2536 1608 2585 sanctos
1630 2540 1800 2590 meos,
1828 2520 1953 2594 quid
1983 2533 2167 2576 servos

570 2612 758 2693 meos?
780 2631 896 2700 sed,
922 2630 1044 2703 quid
1065 2645 1144 2682 me
1168 2623 1498 2699 persequeris,
1523 2619 1625 2674 hoc
1651 2626 1753 2682 est,
1782 2614 1908 2686 quid
1930 2612 2167 2668 membra

571 2729 734 2786 mea?
760 2735 918 2796 caput
940 2739 1036 2795 pro
1057 2719 1318 2776 membris
1345 2713 1628 2775 clamabat,
1660 2716 1716 2764 et
1740 2706 1984 2762 membra
2011 2705 2063 2758 in
2097 2716 2157 2757 se

571 2829 733 2893 caput
774 2793 1202 2886 transtigurabat.
1255 2807 1455 2863 Vocem
1494 2815 1727 2872 namque
1757 2797 1906 2870 pedis
1949 2793 2171 2864 suscipit

573 2888 774 2988 lingua.
820 2909 1044 2982 Quando
1084 2907 1220 2962 forte
1263 2904 1317 2958 in
1361 2900 1513 2956 turba
1553 2895 1814 2952 contritus
1855 2904 1951 2961 pes
1993 2888 2166 2955 dolet,

576 2981 773 3066 clamat
795 2981 968 3074 lingua
995 3045 1011 3070 ,
1048 3000 1237 3056 Calcas
1266 3010 1388 3059 me;
1417 3007 1521 3047 non
1542 2990 1688 3046 enim
1719 2987 1826 3051 ait,
1864 2981 2048 3038 Calcas
2077 2993 2171 3050 pe-

580 3102 703 3157 dem
733 3071 944 3160 meum,
973 3092 1067 3149 sed
1093 3105 1154 3147 se
1182 3083 1552 3150 dixitcalcari,
1586 3094 1744 3150 quam
1775 3089 1934 3130 nemo
1961 3071 2167 3141 tetigit:

579 3192 675 3250 sed
706 3205 799 3260 pcs
827 3187 916 3257 qui
943 3184 1179 3240 calcatus
1207 3187 1322 3241 est,
1365 3191 1394 3228 a
1420 3175 1601 3243 lingua
1631 3184 1738 3224 non
1769 3172 2046 3237 separatus
2065 3170 2168 3218 est.

579 3254 724 3354 Ergo
769 3254 928 3336 etiam
973 3275 1053 3330 sic
1099 3287 1205 3328 non
1246 3271 1536 3336 incongrue
1573 3259 1887 3330 intelligitur
1927 3254 2171 3322 ecstasis,

579 3389 766 3448 pavor.
811 3367 948 3439 Quid
977 3368 1118 3424 enim
1139 3365 1312 3420 dicam
1338 3404 1353 3430 ,
1399 3356 1625 3414 fratres?
1662 3353 1718 3410 Si
1749 3353 1928 3408 nullus
1955 3350 2174 3405 omnino

581 3441 751 3543 pavor
777 3474 922 3524 esset
947 3460 1182 3536 passuris
1201 3501 1216 3528 ,
1248 3458 1520 3512 diceretur
1540 3450 1639 3522 ipsi
1663 3449 1824 3505 Petro
1847 3442 1986 3516 quod
2017 3441 2172 3498 audi-

577 3535 753 3618 vimus
797 3535 957 3613 natali
1001 3550 1372 3625 Apostolorum
1404 3546 1529 3612 die,
1573 3541 1787 3614 quando
1829 3538 1879 3594 ei
1917 3535 2189 3592 Dominus-

582 3651 831 3726 praedixit
859 3649 1088 3704 futuram
1111 3658 1259 3700 suam
1283 3640 1585 3712 passionem
1617 3652 1629 3687 Îµ
1659 3633 1785 3689 Cum
1812 3645 1944 3685 esses
1976 3627 2175 3698 junior,

580 3720 812 3815 cingebas
834 3751 899 3808 te,
926 3750 972 3795 et
1001 3738 1108 3793 ibas
1131 3751 1226 3804 quo
1246 3733 1481 3795 volebas;
1510 3743 1623 3781 cum
1643 3733 1811 3777 autem
1828 3720 1992 3775 senior
2014 3721 2179 3790 factus

585 3808 763 3910 [ue-ris,
791 3833 919 3886 alter
942 3839 988 3883 te
1011 3829 1192 3898 cinget,
1219 3834 1265 3879 et
1291 3823 1436 3876 ducet
1465 3834 1562 3889 quo
1587 3825 1640 3868 tu
1668 3830 1768 3868 non
1799 3813 1870 3865 vis
1895 3811 1918 3863 á¼µ
1946 3808 2057 3862 Hoc
2080 3823 2177 3861 au-

586 3899 707 3994 tem,
726 3924 917 3994 inquit,
949 3921 1078 3975 dixit
1097 3917 1390 3989 signiï¬cans
1405 3926 1506 3980 qua
1525 3915 1683 3961 morte
1703 3910 1981 3958 moreretur
2000 3899 2178 3971 (Joan.

591 3992 710 4088 xxt,
740 3992 866 4090 18-)?
913 4016 1054 4085 Ergo
1085 4013 1129 4068 si
1156 4011 1346 4065 Petrus
1375 4001 1648 4074 apostolus
1673 4007 1818 4053 tanta
1850 3992 2180 4066 perfectione

593 4129 701 4186 quo
727 4083 893 4168 nollet
919 4083 1194 4162 iitâ€”nolens
1221 4099 1444 4171 (nolens
1473 4101 1714 4149 mortuus
1742 4098 1845 4154 est,
1875 4085 1968 4141 sed
1998 4083 2182 4139 volens

589 4172 876 4262 coronatus
903 4206 986 4254 est
1012 4196 1054 4267 Â¹)
1074 4237 1090 4263 ,
1132 4191 1258 4264 quid
1285 4189 1480 4244 mirum
1514 4183 1560 4239 si
1596 4191 1681 4238 est
1721 4177 1912 4248 aliquis
1937 4189 2103 4246 pavor
2129 4172 2182 4226 in

587 4296 838 4370 passione
863 4293 1022 4348 etiam
1063 4289 1366 4358 justorum,
1411 4279 1574 4334 etiam
1613 4269 1964 4330 sanctorum?
2012 4268 2183 4322 Pavor

588 4400 670 4450 est
697 4405 766 4447 ex
803 4388 1035 4443 humana
1076 4377 1417 4443 infirmitate,
1467 4385 1592 4443 spes
1632 4385 1700 4425 ex
1739 4365 1919 4421 divina
1956 4359 2186 4433 promis.

589 4484 762 4541 sione.
814 4477 970 4548 Quod
1009 4487 1171 4546 paves
1211 4478 1364 4525 tuum
1407 4472 1530 4532 est,
1574 4459 1716 4532 quod
1763 4470 1945 4527 speras
1984 4453 2186 4509 donum

595 4574 692 4631 Dei
720 4580 803 4627 est
831 4545 987 4624 inte.
1016 4545 1106 4620 Et
1144 4563 1338 4618 melius
1373 4558 1424 4613 in
1462 4566 1662 4625 pavore
1705 4560 1794 4604 tuo
1829 4545 2074 4616 agnoscis
2103 4552 2178 4608 te,

595 4674 657 4721 Î¹Î¹Î¹
699 4665 754 4719 in
796 4659 1110 4716 liberatione
1137 4665 1226 4710 tua
1266 4648 1534 4722 glorifices
1571 4644 1661 4716 qui
1701 4641 1827 4696 fecit
1861 4647 1934 4694 te.
1989 4637 2188 4692 Paveat

595 4757 829 4814 humana
860 4749 1139 4807 infirmitas
1167 4786 1183 4812 ,
1227 4758 1332 4798 non
1380 4740 1432 4793 in
1459 4751 1526 4792 eo
1569 4747 1766 4805 pavore
1793 4728 1974 4785 deficit
2010 4727 2188 4781 divina

597 4846 987 4911 misericordia.
1020 4840 1258 4911 Denique
1284 4846 1484 4906 pavens
1512 4831 1612 4884 iste
1637 4825 1761 4881 inde
1784 4823 1948 4892 coepit
1983 4839 1997 4874 :
2023 4819 2091 4873 In
2120 4828 2187 4885 te,

597 4943 816 5000 Domine
838 4981 854 5008 ,
899 4938 1130 5008 speravi,
1163 4909 1263 4984 non
1289 4923 1576 4997 confundar
1603 4921 1656 4973 in
1675 4927 1939 4973 internum.
1985 4909 2192 4967 Videtis

599 5037 724 5110 quia
749 5043 803 5090 et
833 5004 1026 5104 pavet,
1057 5035 1112 5082 et
1139 5029 1319 5094 sperat
1350 5037 1364 5074 :
1395 5014 1588 5072 videtis
1616 5010 1738 5083 quia
1761 5021 1928 5079 pavor
1953 5004 2054 5059 iste
2084 5016 2190 5057 non

599 5096 684 5188 est
724 5096 850 5185 sine-
881 5139 997 5195 spe.
1041 5119 1217 5177 Etiam
1245 5117 1290 5172 si
1315 5120 1399 5170 est
1437 5111 1613 5180 aliqua
1660 5105 1713 5160 in
1757 5103 1991 5158 humano
2031 5096 2194 5153 corde

600 5185 955 5282 conturbatio,
987 5227 1095 5270 non
1123 5206 1325 5265 recedit
1351 5203 1530 5258 divina
1556 5193 1874 5255 consolatio.
2023 5185 2034 5190 â€œ

675 5315 731 5367 4.
753 5277 1010 5380 Loquitur
1042 5303 1132 5359 hic
1155 5313 1283 5371 ergo
1307 5295 1553 5352 Christus
1578 5291 1632 5346 in
1662 5287 1928 5356 Propheta
1956 5298 1971 5348 ;
2019 5277 2193 5335 audeo

603 5399 823 5468 dicere;
847 5371 1091 5456 Christus
1133 5392 1386 5464 loquitur.
1444 5387 1688 5441 Dicturus
1728 5388 1812 5435 est
1853 5373 2094 5448 quaedam
2141 5371 2194 5426 in

604 5497 712 5554 hoc
741 5493 945 5566 psalmo
964 5532 979 5556 ,
1025 5501 1143 5560 quae
1172 5481 1324 5555 quasi
1352 5478 1566 5535 Christo
1588 5473 1870 5528 videantur
1908 5483 2012 5522 non
2039 5477 2199 5536 posse

673 5611 692 5642 á½·
722 5616 820 5656 Am.
847 5613 900 5655 et
914 5610 991 5652 Er.
1014 5608 1171 5662 ÎµÎµÎ¹-90
1193 5595 1236 5648 si
1255 5597 1420 5662 Petrus
1441 5583 1697 5662 apoquus,
1710 5588 1862 5662 tanta.
1868 5573 2200 5662 persecutione

609 5683 705 5738 quo
722 5644 900 5738 â€™á½¶á¿—á½¸á½¶Î¹Î¾á¿‘
916 5644 1100 5738 Îªá½¶á¼±Î¹á½²á½³Î¹Î¹á¿–á½³
1111 5644 1230 5719 "est?
1243 5644 1317 5738 ,Îžá½³
1522 5644 1688 5738 Î·á¿—á½³á¿—á¿Î¾Î¾
1707 5644 2200 5738 á¼¨Î¶á½¶á½·á½³Ï‰Ïá¿—á½³Ï„Î‡Ïá¿—2Î¶Î¾â€™

610 5721 743 5784 lauta
761 5726 1047 5794 perfectione
1065 5735 1158 5786 quo
1173 5721 1317 5770 nollet
1340 5721 1510 5765 ductus
1545 5721 1615 5760 est
1637 5721 1681 5758 et
1711 5721 1896 5764 volens,
1922 5721 2016 5753 ew.
2053 5721 2201 5747 nurs-

613 5807 716 5858 que
741 5802 864 5850 MSS.,
886 5795 1020 5860 tanta
1041 5781 1380 5890 perfectin
1401 5772 1545 5823 notlet
1558 5777 1610 5821 ut
1627 5767 1800 5840 uolens.
1815 5767 1998 5816 Gatian.
2022 5759 2201 5845 codex,

615 5869 710 5890 mm
742 5854 884 5890 nnllot
913 5858 969 5890 Î¹Î¹Î¹
1010 5848 1188 5890 nolens.
1222 5850 1248 5890 s
1345 5833 1701 5888 emendandum
1729 5843 1816 5890 Sic,
1836 5839 1930 5890 quo
1953 5822 2096 5876 nollet
2113 5825 2169 5873 ut
2183 5857 2201 5884 ,

615 5822 716 5920 á¼“Î¾á½²Î¾
741 5822 1701 5920 Ï€Î´á¿—á½·á¾·Î¸á¿–á½³Î¹Ï‰Î·á½¸á¼·á¾·á¼‡á½²á¿—á½²Î¾á¾¶â€ÎµÎ¾Ï†ÎµÎ¹Î¹á½²Â²Î¹Î¹á½¹Ï‰Î·
1729 5831 1816 5893 sic,
1836 5839 1930 5892 quo
1953 5822 2096 5876 nollet
2113 5822 2205 5884 iit;

615 5897 965 5972 adficias;
976 5897 1190 5961 mortuus
1212 5909 1296 5962 est.
1322 5897 1428 5961 sed,
1454 5903 1550 5948 etc.

1803 383 1864 440 S.
1906 377 2274 438 AUGUSTINI
2312 380 2615 442 EPISCOPI

2262 514 2557 572 congruere
2573 541 2588 567 ,
2620 498 2698 555 illi
2720 496 3047 555 excellentiae
3067 497 3253 570 capitis
3278 495 3446 553 nostri
3467 537 3481 564 ,
3512 495 3856 568 maximeque

2255 594 2334 650 illi
2366 593 2544 650 Verbo
2584 593 2725 664 quod
2757 593 2809 648 in
2856 592 3116 664 principio
3153 601 3269 647 erat
3293 591 3436 646 Deus
3461 590 3602 662 apud
3637 589 3853 645 Deum:

2256 699 2358 744 nec
2397 687 2448 743 ei
2494 687 2549 742 in
2591 686 2760 742 forma
2797 685 2940 741 servi
2985 683 3212 740 fortasse
3251 683 3570 738 videbuntur
3606 681 3856 753 quaedam

2255 778 2346 836 hic
2381 778 2543 836 verba
2589 791 2883 850 congruere
2907 817 2923 843 ,
2969 791 3127 847 quam
3171 777 3396 830 formam
3435 775 3574 830 servi
3619 772 3860 843 suscepit

2257 887 2324 928 ex
2352 871 2554 942 virgine
2579 887 2593 938 ;
2625 879 2680 926 et
2707 880 2885 925 tamen
2901 869 3143 925 Christus
3168 868 3429 939 loquitur,
3459 867 3581 937 quia
3609 865 3662 920 in
3685 879 3861 920 mem-

2258 962 2373 1019 bris
2393 961 2593 1018 Christi
2631 961 2893 1018 Christus.
2945 960 3014 1016 Et
3037 969 3098 1015 ut
3123 960 3380 1016 noveritis
3404 1000 3418 1027 ,
3453 959 3573 1028 quia
3601 971 3742 1018 unus
3769 957 3859 1012 di-

2258 1055 2397 1110 citur
2419 1053 2666 1110 Christus
2693 1061 2852 1124 caput
2879 1061 2934 1108 et
2971 1065 3165 1121 corpus
3191 1066 3344 1106 suum
3369 1066 3384 1115 ;
3433 1050 3546 1120 ipse
3579 1047 3709 1103 dicit
3734 1062 3860 1102 cum

2259 1144 2328 1200 de
2356 1144 2605 1216 conjugio
2634 1145 2944 1214 loqueretur
2974 1161 3000 1216 :g
3021 1142 3188 1196 Erunt
3211 1141 3314 1195 duo
3339 1157 3392 1195 in
3415 1156 3566 1194 carne
3581 1156 3686 1193 una
3712 1155 3731 1192 :
3755 1138 3860 1210 igi-

2261 1247 2343 1291 tur
2353 1238 2466 1307 jam
2488 1252 2587 1290 non
2613 1236 2736 1302 duo,
2770 1233 2860 1290 sed
2886 1251 2988 1288 una
3015 1251 3134 1288 caro
3168 1232 3377 1304 (Matth.
3403 1247 3494 1285 Ï‡Î¹Ï‡
3513 1272 3530 1299 ,
3557 1231 3612 1298 5,
3641 1229 3721 1302 6).
3749 1228 3861 1285 Sed

2261 1327 2400 1385 forte
2421 1327 2524 1384 hoc
2548 1329 2691 1384 dicat
2709 1327 2777 1384 de
2805 1325 3453 1398 quocumqueconjugio?
3483 1324 3619 1379 Audi
3641 1333 3860 1394 apostoo

2260 1421 2371 1476 lum
2415 1421 2635 1477 Paulum
2667 1440 2681 1476 :
2710 1420 2778 1476 Et
2815 1430 2961 1476 erunt
2999 1419 3135 1487 duo,
3181 1419 3385 1489 inquit,
3429 1419 3484 1472 in
3526 1433 3678 1471 carne
3704 1433 3811 1470 una
3841 1434 3862 1471 :

2259 1525 2630 1569 sacramentum
2659 1514 2753 1569 hoc
2779 1531 3018 1586 magnum
3037 1522 3125 1579 est,
3156 1529 3246 1583 ego
3265 1520 3435 1566 autem
3456 1511 3567 1565 dico
3582 1511 3635 1564 in
3658 1509 3866 1563 Christo

2262 1616 2310 1662 et
2336 1608 2388 1662 in
2425 1605 2655 1661 Ecclesia
2688 1604 2904 1678 (Ephes.
2934 1621 2989 1671 Î½,
3023 1605 3087 1661 51
3113 1646 3127 1670 ,
3161 1603 3296 1674 32)?
3345 1602 3429 1658 Fit
3453 1616 3582 1671 ergo
3605 1609 3863 1670 tanquam

2262 1713 2330 1753 ex
2355 1699 2565 1754 duobus
2604 1712 2710 1753 una
2759 1697 3003 1769 quadam
3051 1709 3276 1767 persona
3300 1737 3314 1762 ,
3361 1709 3427 1749 ex
3457 1693 3630 1762 capite
3655 1701 3709 1747 et
3736 1705 3864 1746 cor-

2262 1805 2392 1861 pore
2415 1831 2430 1857 ,
2480 1805 2545 1844 ex
2574 1803 2776 1859 sponso
2799 1796 2855 1843 et
2880 1802 3094 1858 sponsa.
3143 1786 3276 1841 Nam
3319 1785 3573 1839 unitatem
3617 1796 3867 1852 personae

2263 1879 2422 1951 hujus
2455 1881 2644 1934 miram
2673 1888 2727 1934 et
2753 1878 3128 1942 excellentem,
3148 1873 3488 1932 commendat
3515 1873 3674 1926 etiam
3696 1869 3866 1928 Isaias

2265 1972 2526 2045 propheta
2551 1989 2566 2026 Îµ
2597 1987 2723 2027 nam
2752 1971 2976 2042 loquens
3014 1969 3175 2025 etiam
3206 1968 3257 2022 in
3286 1981 3352 2022 eo
3381 1964 3625 2020 Christus
3652 1961 3704 2016 in
3737 1975 3866 2032 pro-

2264 2064 2445 2137 phetia
2470 2063 2545 2118 ait
2575 2083 2588 2118 :
2619 2063 2762 2118 Sicut
2784 2078 2970 2134 sponso
2996 2059 3222 2130 alligauit
3249 2057 3372 2110 mihi
3399 2056 3639 2120 mitram,
3663 2063 3711 2107 et
3734 2052 3866 2106 sicut

2265 2175 2503 2230 sponsam
2526 2159 2721 2213 ornavit
2747 2171 2824 2210 me
2849 2162 3141 2210 ornamento
3166 2150 3216 2222 (Î™
3222 2151 3317 2206 sai.
3350 2164 3455 2215 ut,
3489 2144 3600 2218 10).
3631 2145 3702 2202 Se
3729 2143 3871 2200 dixit

2268 2265 2524 2321 sponsum
2541 2292 2557 2317 ,
2589 2264 2649 2304 se
2674 2261 2926 2318 sponsam
2962 2265 2976 2300 :
3006 2259 3173 2316 quare
3200 2257 3260 2298 se
3281 2254 3535 2311 sponsum
3555 2280 3569 2305 ,
3609 2253 3670 2293 se
3694 2253 3868 2309 spon-

2269 2358 2384 2399 sam
2410 2385 2423 2409 ,
2477 2341 2578 2397 nisi
2607 2340 2728 2412 quia
2756 2347 2915 2395 erunt
2959 2336 3068 2392 duo
3110 2337 3164 2390 in
3194 2348 3356 2389 carne
3393 2330 3546 2386 una?
3591 2329 3647 2385 Si
3677 2329 3784 2384 duo
3809 2329 3866 2383 in

2270 2449 2435 2490 carne
2463 2449 2586 2500 una,
2614 2447 2710 2487 cur
2732 2445 2838 2486 non
2868 2429 2976 2484 duo
3001 2429 3054 2484 in
3080 2441 3212 2481 voce
3240 2423 3387 2478 una?
3434 2423 3707 2492 Loquatur
3733 2433 3870 2490 ergo

2271 2527 2552 2592 Christus,
2603 2523 2726 2596 quia
2773 2523 2826 2578 in
2872 2521 3089 2577 Christo
3133 2517 3369 2588 loquitur
3399 2514 3678 2580 Ecclesia,
3721 2511 3866 2566 etin

2272 2616 2508 2674 Ecclesia
2533 2615 2764 2684 loquitur
2786 2611 3067 2676 Christus;
3095 2615 3152 2665 et
3172 2623 3366 2678 corpus
3392 2606 3444 2661 in
3471 2604 3664 2674 capite,
3691 2611 3749 2658 et
3770 2615 3869 2657 ca-

2273 2721 2368 2781 put
2403 2710 2456 2765 in
2482 2723 2729 2778 corpore.
2786 2705 2922 2761 Audi
2953 2701 3270 2774 Apostolum
3306 2699 3410 2754 hoc
3437 2698 3609 2768 ipsum
3641 2694 3871 2755 eviden-

2275 2806 2380 2860 tius
2425 2802 2814 2872 exprimentem
2853 2818 2867 2854 :
2908 2797 3056 2853 Sicut
3098 2796 3229 2850 enim
3269 2807 3452 2863 corpus
3503 2805 3662 2844 unum
3702 2793 3776 2841 est
3819 2796 3872 2840 et

2274 2895 2499 2950 membra
2529 2893 2673 2947 habet
2693 2891 2873 2956 multa,
2897 2889 3068 2944 omnia
3083 2894 3248 2940 autem
3269 2881 3490 2937 membra
3513 2879 3736 2950 corporis
3751 2893 3872 2930 cum

2275 2988 2375 3041 sint
2394 2985 2575 3050 multa,
2605 3000 2760 3037 unum
2780 2988 2852 3037 est
2879 2995 3083 3050 corpus,
3111 2977 3182 3032 sic
3211 2984 3258 3030 et
3287 2974 3517 3029 Christus
3543 2972 3585 3042 (1
3611 2968 3733 3026 Cor.
3764 2983 3868 3034 xu,

2278 3075 2392 3149 12).
2423 3077 2669 3146 Loquens
2695 3074 2762 3129 de
2792 3070 3048 3128 membris
3071 3066 3272 3124 Christi
3290 3107 3303 3130 ,
3353 3064 3458 3118 hoc
3491 3071 3574 3119 est
3595 3060 3663 3116 de
3691 3058 3874 3114 fideli-

2277 3170 2394 3236 bus,
2429 3183 2535 3224 non
2559 3168 2666 3232 ait,
2695 3166 2773 3220 sic
2791 3171 2848 3219 et
2878 3161 3117 3218 membra
3145 3157 3339 3214 Christi
3363 3172 3376 3220 ;
3423 3152 3517 3209 sed
3559 3161 3727 3207 totum
3766 3150 3877 3205 hoc

2278 3260 2420 3332 quod
2444 3259 2612 3326 dixit,
2656 3257 2927 3312 Christum
2954 3249 3260 3323 appellavit.
3310 3246 3461 3303 Sicut
3495 3244 3638 3300 enim
3674 3254 3878 3311 corpus

2278 3368 2466 3420 unum,
2493 3359 2548 3406 et
2575 3348 2812 3405 membra
2841 3346 3003 3402 habet
3019 3343 3207 3409 multa,
3232 3339 3410 3396 omnia
3429 3345 3606 3393 autem
3631 3332 3879 3390 membra

2279 3446 2522 3519 corporis
2549 3459 2672 3500 cum
2709 3442 2819 3498 sint
2858 3439 3025 3495 multa
3050 3479 3065 3505 ,
3115 3449 3280 3491 unum
3319 3440 3404 3489 est
3437 3444 3666 3502 corpus;
3716 3427 3800 3483 sic
3822 3432 3886 3482 et
3922 3408 3925 3410 â€™

2280 3518 2525 3599 Christus
2564 3535 2807 3594 membra
2835 3533 3039 3599 multa,
3086 3543 3252 3586 unum
3279 3539 3497 3596 corpus.
3537 3523 3678 3593 Ergo
3713 3518 3884 3576 simul

2282 3649 2470 3692 omnes
2499 3646 2600 3687 nos
2625 3643 2749 3685 cum
2798 3625 2972 3696 capite
3016 3619 3490 3684 nostroChristo,
3540 3615 3657 3670 sine
3699 3612 3886 3683 capite

2283 3735 2469 3784 nostro
2508 3721 2641 3777 nihil
2679 3718 2936 3774 valentes.
2987 3711 3207 3782 Quare?
3250 3709 3387 3776 Quia
3425 3720 3523 3761 nos
3549 3719 3670 3762 cum
3701 3703 3885 3772 capite

2284 3827 2470 3876 nostro
2489 3814 2612 3869 vitis
2643 3830 2656 3866 :
2685 3813 2802 3866 sine
2827 3808 3002 3878 capite
3030 3814 3237 3871 nostro,
3269 3800 3410 3873 quod
3429 3798 3584 3864 absit,
3609 3802 3888 3851 sarmenta

2285 3914 2530 3986 prtecisa,
2573 3923 2681 3964 non
2708 3905 2865 3961 alicui
2891 3901 3040 3972 Operi
3063 3898 3416 3971 agricolarum
3439 3933 3456 3959 ,
3500 3890 3594 3948 sed
3621 3889 3730 3960 igni
3759 3898 3886 3942 tan-

2287 3978 2562 4061 tummodo
2589 3998 2874 4054 destinata.
2925 3992 3050 4048 Ideo
3087 3999 3142 4046 et
3179 3991 3293 4059 ipse
3332 3987 3384 4040 in
3414 3980 3740 4052 Evangelio:
3772 3978 3891 4049 Ego

2287 4114 2401 4154 sum
2425 4096 2568 4160 vitis,
2599 4108 2686 4146 vos
2705 4090 2822 4145 estis
2852 4071 3119 4158 palmites,
3153 4081 3310 4137 Pater
3337 4094 3476 4135 meris
3514 4075 3738 4148 agricola
3772 4083 3890 4140 est;

2290 4199 2345 4246 et
2373 4207 2387 4244 :
2416 4187 2543 4243 Sine
2562 4201 2674 4252 me,
2723 4180 2927 4251 inquit,
2974 4177 3104 4232 nihil
3138 4173 3343 4246 potestis
3383 4174 3547 4244 fucus
3577 4165 3754 4239 (Joan.
3785 4179 3891 4233 xv,

2291 4281 2374 4355 5).
2431 4278 2654 4335 Domine
2678 4315 2694 4341 ,
2745 4273 2791 4328 si
2832 4271 2948 4327 sine
2973 4278 3029 4324 te
3052 4266 3225 4330 nihil,
3268 4271 3436 4319 totum
3463 4261 3515 4316 in
3547 4268 3617 4314 te.
3672 4257 3895 4312 Etenim

2290 4347 2546 4444 quidq'uid
2574 4367 2662 4422 ille
2686 4370 2941 4434 operatur
2960 4375 3058 4431 per
3085 4371 3186 4414 nos
3203 4397 3220 4424 ,
3251 4369 3351 4410 nos
3380 4351 3624 4407 videmur
3649 4347 3893 4418 operari.

2293 4437 2478 4522 Dotest
2532 4461 2623 4516 ille
2661 4459 2888 4513 multum
2915 4461 2973 4511 et
3022 4459 3193 4517 totum
3239 4449 3358 4505 sine
3385 4444 3578 4510 nobis,
3627 4454 3728 4496 nos
3754 4437 3897 4496 nihil

2293 4557 2410 4612 sine
2438 4555 2573 4626 ipso.

2369 4668 2422 4726 5.
2451 4667 2600 4740 [vers.
2626 4661 2708 4737 2.]
2751 4661 2893 4732 Ergo
2927 4656 2981 4714 in
3016 4665 3348 4728 quacumque
3373 4646 3571 4706 ecstasi
3613 4645 3899 4716 loquatur,

2297 4763 2411 4816 sive
2452 4771 2684 4830 pavore,
2727 4753 2840 4807 sive
2882 4762 3106 4805 excessu
3147 4743 3376 4809 mentis,
3417 4745 3718 4810 congruunt
3767 4749 3902 4805 quae

2297 4856 2566 4912 dicuntur.
2594 4850 2842 4905 Dicamus
2868 4845 2921 4900 in
2944 4841 3141 4899 Christi
3165 4851 3410 4909 corpore,
3432 4833 3676 4890 dicamus
3700 4841 3905 4884 omnes

2301 4946 2450 5019 quasi
2479 4958 2614 4999 unus
2637 4983 2653 5008 ,
2685 4939 2806 5011 quia
2830 4949 3018 4991 omnes
3045 4932 3244 4998 unitas,
3271 4929 3514 4984 dicamus
3545 4942 3558 4979 :
3588 4921 3655 4977 In
3682 4931 3748 4987 te,
3777 4917 3906 4975 Do-

2302 5039 2434 5093 mine
2453 5079 2466 5102 ,
2499 5032 2695 5105 speravi
2705 5010 2733 5097 á½·,
2774 5045 2876 5083 non
2909 5022 3194 5095 confundor
3222 5021 3277 5075 in
3305 5027 3568 5074 aeternum.
3600 5012 3748 5070 illam
3767 5053 3782 5079 ,
3811 5010 3909 5066 in-

2301 5131 2436 5200 quit,
2468 5124 2834 5182 confusionem
2864 5117 3233 5188 perhorresco,
3273 5125 3392 5182 qua:
3415 5117 3500 5166 est
3529 5107 3583 5163 in
3608 5114 3904 5162 aeternum.

2302 5197 2434 5280 Nam
2452 5215 2787 5290 estquaedam
2805 5209 3046 5269 confusio
3059 5204 3364 5277 temporalis
3380 5202 3545 5268 utilis,
3566 5197 3912 5272 perturbatio

2304 5314 2464 5370 animi
2492 5287 2826 5380 respicientis
2851 5308 3066 5373 peccata
3093 5312 3209 5363 sua,
3237 5293 3576 5364 respectione
3599 5287 3908 5351 horrentis,

2307 5407 2532 5462 horrore
2557 5377 2941 5460 erubescentis,
2979 5386 3347 5447 erubescentia
3367 5380 3682 5453 corrigentis
3707 5396 3721 5444 ;
3753 5377 3942 5436 unde.

2307 5497 2435 5553 dicit
2462 5502 2516 5550 et
2541 5489 2828 5562 Apostolus
2860 5504 2874 5541 :
2907 5484 3074 5550 Quam
3108 5481 3243 5536 enim
3272 5476 3487 5550 gloriam
3510 5471 3754 5527 habuistis
3780 5480 3917 5524 tunc

2307 5591 2363 5644 in
2389 5589 2488 5655 his,
2520 5587 2573 5639 in
2592 5561 2783 5654 iquibus
2805 5595 2936 5635 nunc
2956 5573 3246 5633 erubescitis
3274 5568 3453 5642 (Rom.
3479 5584 3532 5622 vt
3553 5607 3566 5632 ,
3588 5563 3729 5634 21)?
3757 5561 3918 5633 Ergo

2311 5680 2630 5738 erubescere
2669 5675 2790 5729 illos
2822 5671 2951 5728 dicit
2983 5671 3091 5741 jam
3122 5663 3336 5729 fideles,
3382 5676 3490 5716 non
3517 5657 3584 5713 de
3621 5655 3922 5725 praesenti-

2312 5775 2411 5831 bus
2435 5770 2610 5835 donis,
2641 5765 2738 5823 sed
2765 5764 2834 5822 de
2861 5760 3145 5835 praeteritis
3171 5755 3423 5829 peccatis.
3452 5750 3600 5806 Hanc
3619 5747 3922 5803 confusio-

2315 5880 2440 5924 nem
2470 5876 2578 5919 non
2604 5857 2856 5916 formidet
2888 5853 3212 5910 cbristianus
3243 5868 3256 5906 :
3289 5848 3397 5904 imo
3424 5843 3470 5902 si
3497 5841 3636 5898 hanc
3661 5852 3775 5895 non
3807 5837 3922 5896 ha-
