4032 6476
246 434 350 494 ἳῦδ

250 555 419 611 buerit
440 596 456 620 ,
488 562 762 614 aeternam
788 556 1025 616 habebit.
1071 559 1200 628 Qua:
1227 570 1311 618 est
1337 573 1534 620 aeterna
1564 565 1846 622 confusio?

1365 445 1764 507 ENARRATIO
1790 447 1857 507 IN
1886 447 2211 516 PSALMUM
2249 453 2420 520 XXX.

3443 484 3555 548 231

1975 568 2103 662 Yide
2151 590 2296 649 ergo,
2336 581 2552 640 attende
2594 598 2716 642 eum
2757 589 2846 661 qui
2875 591 3388 656 dicit:Contleleetor
3415 603 3553 662 enim

249 648 466 717 Quando
498 649 595 706 lict
645 651 778 708 illud
803 654 945 724 quod
976 652 1176 711 dictum
1218 665 1320 725 est,
1372 658 1440 713 Et
1469 661 1732 716 traducem
1769 676 1855 717 eos
1961 661 2060 735 legi
2087 663 2182 720 Dei
2223 648 2494 730 secundum
2548 648 2831 736 interiorem
2879 684 3151 757 hominem,
3192 690 3334 746 video
3379 703 3551 750 autent

251 745 542 800 exadversm
576 747 868 818 iniquitates
894 765 1065 804 eorum
1097 750 1251 821 (Sap.
1282 767 1353 817 tv,
1381 753 1496 825 20).
1531 753 1594 808 Et
1622 753 1711 810 lict
1737 763 1848 809 trao

251 837 566 893 ducentibus
594 855 660 894 ex
702 841 928 895 adverso
970 840 1331 914 iniquitatibus
1357 846 1532 900 omnis
1578 862 1702 916 grex
1737 862 1848 902 ma-

251 931 323 987 lus
353 931 417 984 ad
447 931 752 1000 sinistram,
783 934 1222 1005 tanquamhmdis
1245 935 1314 991 ab
1340 939 1525 994 ovibus
1555 939 1842 1010 separatis;

248 1033 295 1078 et
316 1024 575 1092 audient,
609 1024 695 1081 Ite
721 1027 774 1080 in
806 1028 968 1097 ignem
988 1039 1252 1096 retentum,
1285 1031 1372 1101 qui
1403 1042 1608 1101 paratus
1633 1043 1706 1086 est
1731 1033 1844 1087 dia-

244 1117 349 1171 bolo
373 1126 421 1172 et
443 1119 647 1187 angelis
673 1122 803 1190 ejus.
843 1121 1102 1190 Quaerunt
1132 1123 1333 1193 quare?
1366 1122 1566 1179 Esurivi
1596 1126 1761 1193 enim,
1794 1135 1842 1181 et

243 1227 335 1264 non
362 1210 580 1264 dedistis
625 1213 751 1266 mihi
791 1213 1096 1268 manducare
1138 1214 1348 1284 (Matth.
1374 1233 1509 1282 xxv,
1543 1214 1656 1291 41).
1696 1218 1839 1273 Con-

245 1306 551 1360 lcmuebaut
593 1317 718 1361 tunc
748 1307 961 1378 quando
985 1309 1240 1365 esurienti
1265 1308 1479 1367 Christo
1508 1327 1611 1366 non
1640 1311 1839 1368 dabant

239 1399 406 1453 cibum
437 1440 453 1464 ,
497 1399 718 1470 quando
745 1402 946 1458 sitienti
977 1419 1081 1459 non
1113 1403 1314 1461 dabant
1356 1414 1540 1476 potum
1563 1447 1578 1471 ,
1621 1406 1836 1477 quando

238 1495 428 1548 nudum
461 1510 574 1550 non
599 1495 897 1551 vestiebant
915 1538 929 1561 ,
960 1499 1298 1570 peregrinum
1322 1514 1424 1555 non
1451 1501 1830 1571 suscipiebant,

236 1597 582 1659 :egrotantem
611 1606 716 1644 non
751 1590 1057 1659 visitabam,
1093 1602 1217 1648 tunc
1240 1594 1651 1650 contemnebant
1678 1611 1830 1651 :cum

235 1682 495 1750 etnperint
523 1683 630 1736 illis
671 1683 771 1737 ista
799 1685 1100 1741 enumerari
1129 1727 1143 1750 ,
1172 1687 1563 1744 conluudentur
1585 1731 1600 1756 ,
1632 1697 1686 1744 et
1714 1687 1832 1746 haec

235 1773 472 1827 confusio
504 1775 559 1829 in
584 1785 844 1831 aeternum
869 1778 991 1833 erit.
1016 1777 1160 1834 Hanc
1191 1780 1381 1835 timens
1411 1780 1511 1837 iste
1533 1779 1622 1853 qui
1649 1790 1825 1852 pavet,

239 1867 316 1921 vel
339 1868 491 1936 cujus
521 1869 589 1922 ad
620 1869 791 1924 Deum
835 1883 916 1926 est
962 1873 1158 1928 tuentis
1187 1889 1441 1930 excessus
1463 1916 1478 1941 ,
1526 1873 1628 1930 hoc
1653 1884 1823 1947 rogat,

239 1957 306 2012 In
330 1970 391 2024 te,
422 1961 654 2030 Domine,
683 1966 909 2033 speravi,
942 1981 1041 2020 non
1070 1966 1358 2038 confundar
1383 1967 1434 2021 in
1455 1978 1717 2022 teternum.

307 2051 356 2106 6.
385 2051 453 2106 Et
485 2054 538 2108 in
571 2065 661 2108 tua
689 2057 892 2127 justitiu
915 2072 1032 2113 erue
1061 2075 1138 2114 me
1156 2101 1171 2127 ,
1217 2068 1264 2113 et
1303 2059 1464 2114 exime
1488 2076 1567 2115 me
1587 2076 1606 2115 :
1633 2075 1753 2115 nam
1779 2059 1824 2117 si

233 2147 474 2202 attendas
512 2148 584 2202 ad
620 2149 880 2219 justitiam
909 2168 1080 2207 meam
1101 2196 1114 2218 ,
1162 2153 1385 2209 damnas
1406 2168 1510 2210 me.
1537 2151 1605 2208 In
1630 2163 1718 2210 tua
1731 2154 1824 2227 ju-

231 2242 358 2296 stitia
391 2260 516 2298 erue
553 2261 656 2299 me.
717 2245 810 2301 Est
842 2247 981 2300 enim
1008 2247 1212 2317 justitia
1242 2247 1370 2314 Dei,
1416 2261 1534 2318 qua!
1559 2258 1614 2304 et
1641 2256 1822 2303 nostra

230 2333 307 2401 lit,
339 2351 463 2390 eum
495 2336 728 2392 donatur
755 2338 928 2394 nobis.
976 2339 1099 2395 ldeo
1127 2349 1302 2395 autem
1336 2340 1426 2396 Dei
1461 2339 1666 2411 justitia
1690 2339 1822 2397 dici-

231 2434 338 2492 tur,
371 2443 440 2482 ne
466 2427 632 2482 homo
668 2445 728 2484 se
757 2440 910 2500 putet
935 2447 963 2484 a
993 2433 1170 2501 seipse
1203 2432 1400 2488 habere
1419 2432 1702 2504 justitiam.
1732 2433 1821 2489 Sic

226 2518 357 2572 enim
410 2518 546 2575 dicit
595 2523 870 2591 apostolus
921 2523 1161 2579 Paulus:
1203 2521 1438 2579 Credenti
1480 2523 1535 2578 in
1573 2541 1686 2580 eum
1731 2523 1821 2596 qui

223 2611 462 2683 iusti/ient
511 2615 726 2685 impium
759 2615 924 2689 (quid
968 2628 1083 2687 est,
1130 2619 1218 2688 qui
1257 2618 1511 2688 jttslilicat
1553 2621 1818 2692 impium?

225 2705 303 2773 qui
325 2721 387 2759 cx
421 2706 595 2775 impio
621 2706 749 2762 facit
777 2708 1016 2778 justum)
1046 2710 1319 2782 deputatur
1338 2711 1464 2780 fides
1497 2711 1606 2782 eius
1634 2711 1702 2766 ad
1720 2713 1816 2784 ju-

226 2797 403 2851 stitiam
427 2797 609 2870 (Itoni.
637 2814 690 2853 tv
715 2841 728 2865 ,
761 2800 842 2870 5).
886 2800 1053 2856 Judaei
1077 2818 1208 2858 vero
1236 2803 1358 2874 quia
1389 2803 1500 2858 suis
1526 2804 1729 2859 viribus
1754 2819 1815 2860 se

229 2893 476 2962 putabant
505 2894 732 2966 implere
761 2909 920 2966 posse
951 2897 1210 2967 justitiam
1232 2941 1247 2966 ,
1294 2897 1630 2954 olienderunt
1657 2898 1710 2953 in
1736 2897 1813 2954 la-

223 2987 384 3056 pidem
412 2987 733 3044 offensionis
759 2989 778 3060 (
807 2989 957 3045 Rom.
991 3007 1064 3058 ix,
1097 2991 1209 3065 32)
1238 2999 1294 3046 et
1315 3001 1518 3062 petram
1549 2991 1808 3060 scandali,

221 3089 269 3134 et
291 3081 515 3152 gratiam
546 3080 745 3138 Christi
775 3098 880 3140 non
919 3094 1273 3155 agnoverunt.
1301 3087 1641 3158 Acceperunt
1664 3085 1808 3142 enim

220 3167 402 3242 Legem
429 3187 535 3243 qua
570 3172 760 3229 ﬁerent
785 3174 883 3242 rei,
913 3191 1018 3230 non
1045 3191 1146 3249 qua
1190 3177 1546 3235 liberarentur
1573 3193 1604 3234 a
1632 3186 1806 3236 reatu.

223 3262 447 3336 Denique
475 3265 604 3336 quid
639 3266 710 3322 de
754 3266 861 3323 illis
908 3269 1195 3340 Apostolus
1241 3270 1411 3327 dicit?
1439 3270 1806 3329 Testimonium

218 3357 336 3410 enim
363 3359 609 3427 perhibeo
634 3360 740 3415 illis
769 3362 905 3434 quod
929 3362 1096 3417 selum
1126 3363 1219 3420 Dei
1235 3362 1452 3432 habent,
1476 3369 1570 3422 sed
1594 3385 1695 3423 non
1718 3385 1802 3425 se-

215 3451 425 3506 cundum
445 3453 731 3508 scientiam.
759 3454 895 3524 Quid
927 3465 1008 3511 est
1026 3456 1169 3527 quod
1209 3457 1361 3526 dixit,
1384 3457 1565 3514 Zelum
1593 3459 1688 3515 Dei
1711 3460 1804 3516 ha-

213 3541 312 3598 bent
337 3542 534 3612 Judaei,
568 3547 658 3601 sed
711 3564 815 3602 non
854 3547 1130 3604 secundum
1178 3551 1479 3607 scientiam?
1507 3551 1644 3610 Audi
1674 3555 1800 3626 quid

211 3637 286 3702 sit,
334 3654 442 3694 non
489 3641 786 3697 secundum
831 3643 1106 3700 scientiam
1139 3662 1153 3700 :
1182 3643 1485 3717 Ignorantes
1525 3649 1658 3702 enim
1703 3648 1802 3705 Dei

204 3728 440 3798 iustitiam
467 3743 515 3785 et
542 3749 689 3787 suam
717 3734 935 3790 volentes
961 3737 1285 3804 constituere,
1318 3740 1533 3809 justitia:
1565 3740 1657 3795 Dei
1695 3758 1798 3797 non

204 3831 308 3876 sunt
330 3826 549 3895 subiecti
571 3825 682 3897 (Id.
714 3844 769 3895 χ,
792 3830 847 3896 2,
880 3831 957 3901 '5).
987 3830 1042 3886 Si
1067 3847 1194 3901 ergo
1223 3831 1340 3887 ideo
1364 3848 1468 3887 non
1502 3833 1795 3890 secundum

203 3917 470 3973 scientiam
500 3921 674 3974 zelum
713 3922 805 3976 Dei
851 3922 1064 3991 habent,
1094 3926 1212 3996 quia
1237 3921 1480 3997 ignorant
1519 3927 1610 3982 Dei
1631 3927 1792 3996 justi-

202 4008 314 4066 tiam
338 4022 393 4068 ct
420 4013 612 4068 volunt
636 4029 789 4069 suam
835 4019 1181 4084 constituere,
1213 4020 1363 4090 quasi
1394 4036 1458 4076 ex
1490 4021 1680 4091 seipsis
1701 4021 1791 4090 ju-

199 4103 257 4157 sti
284 4107 451 4173 liant;
503 4107 627 4164 ideo
665 4111 890 4180 gratiam
938 4111 1032 4168 Dei
1071 4129 1177 4168 non
1231 4124 1614 4186 cognoverunt,
1665 4117 1789 4187 quia

197 4199 347 4264 gratis
370 4201 570 4257 salvari
595 4202 898 4259 noluerunt.
941 4205 1070 4274 Quis
1095 4217 1178 4262 est
1208 4209 1294 4278 qui
1331 4209 1564 4265 Salvatur
1585 4211 1790 4282 gratis?

196 4285 242 4341 ln
265 4307 369 4361 quo
392 4309 504 4349 non
548 4295 752 4374 invenit
780 4297 1022 4353 Salvator
1052 4300 1192 4370 quod
1233 4311 1473 4369 coronet,
1519 4305 1614 4359 sed
1643 4305 1785 4377 quod

192 4378 433 4452 damnet;
495 4403 603 4442 non
656 4388 858 4443 invenit
899 4392 1085 4446 merita
1137 4393 1418 4461 bonorum,
1463 4395 1557 4452 sed
1585 4397 1787 4453 invenit

194 4475 370 4531 merita
402 4480 820 4550 suppliciorum.
867 4483 924 4540 Si
952 4497 1072 4556 agat
1125 4496 1372 4558 tanquam
1411 4491 1673 4547 veraciter
1714 4508 1782 4548 ex

190 4570 359 4640 regula
390 4571 558 4643 Legis
582 4577 876 4646 proposita,
903 4579 1238 4637 damnandus
1258 4591 1343 4638 est
1371 4593 1636 4652 peccator.
1671 4585 1782 4642 Hac

190 4663 354 4731 regula
383 4665 428 4720 si
461 4675 670 4736 ageret,
699 4684 857 4739 quem
902 4671 1192 4728 liberaret?
1228 4673 1428 4736 Omnes
1471 4685 1782 4749 peccatores

187 4751 381 4809 invenit
411 4772 427 4809 :
455 4757 611 4812 solus
635 4760 751 4816 sine
782 4772 1002 4831 peccato
1028 4766 1194 4832 venit,
1228 4768 1318 4837 qui
1346 4783 1442 4824 nos
1469 4779 1779 4840 peccatores

185 4841 397 4900 invenit.
430 4848 550 4905 Hoc
570 4851 646 4906 ait
665 4854 952 4923 Apostolus
983 4873 996 4910 :
1033 4856 1218 4914 Omnes
1243 4862 1377 4915 enim
1416 4875 1775 4933 peccaverunt,

184 4946 223 4989 et
246 4948 388 5008 egent
420 4938 597 5011 gloria
622 4943 714 4996 Dei
745 4944 854 5013 (Id.
885 4964 961 5014 Ill,
984 4948 1102 5022 23).
1131 4951 1266 5018 Quid
1306 4962 1408 5020 est,
1440 4965 1585 5025 egent
1612 4957 1776 5028 gloria

182 5029 309 5088 Dei?
339 5033 409 5089 Ut
433 5035 552 5104 ipse
585 5035 792 5102 liberet,
827 5053 931 5096 non
957 5049 1011 5096 tu
1044 5045 1202 5114 :quia
1232 5054 1285 5100 tu
1323 5053 1373 5100 te
1409 5047 1638 5106 liberare
1667 5066 1774 5107 non

178 5135 340 5194 potes,
375 5127 591 5198 indiges
631 5128 935 5188 liberatore.
977 5134 1114 5202 Quid
1153 5147 1234 5193 est
1279 5141 1420 5211 quod
1466 5152 1520 5200 te
1564 5144 1775 5216 jactas?

177 5217 308 5284 Quid
360 5229 447 5274 est
491 5221 632 5291 quod
661 5222 730 5279 de
779 5223 921 5297 Lege
959 5236 1014 5283 et
1050 5229 1253 5299 justitia
1299 5239 1616 5304 praesumis?
1655 5240 1769 5297 Non

175 5308 314 5367 vides
340 5312 475 5381 quid
498 5313 643 5370 intus
688 5319 939 5390 confligat
965 5320 1017 5376 in
1050 5331 1123 5389 te,
1164 5325 1231 5381 de
1275 5335 1346 5395 te,
1389 5330 1644 5389 adversus
1675 5337 1770 5390 te?

173 5399 278 5457 Non
307 5402 474 5462 audis
502 5420 852 5479 pugnantem,
886 5421 940 5469 et
967 5417 1333 5488 confitentem,
1359 5432 1413 5478 et
1445 5425 1767 5496 adjutorium

171 5512 216 5551 tn
241 5513 422 5570 pugna
441 5501 882 5561 desiderantem?
914 5506 1028 5563 Non
1060 5511 1212 5567 audis
1253 5514 1508 5572 athletam
1557 5518 1766 5577 Domini

169 5598 230 5640 an
250 5596 584 5663 agonetlieta
612 5605 876 5666 petentem
901 5600 1220 5670 adjutorium
1257 5622 1442 5678 pugnae
1467 5625 1578 5666 sua:
1601 5613 1625 5666 ‘l
1647 5611 1765 5670 Non

169 5681 305 5737 enim
333 5686 416 5739 sic
445 5697 501 5743 te
531 5699 808 5761 exspectat
863 5693 1001 5750 Deus
1028 5709 1322 5756 certantem
1348 5743 1362 5767 ,
1404 5704 1672 5773 quomodo
1711 5714 1764 5762 te

166 5785 442 5846 exspectat
477 5779 671 5847 editor,
717 5785 763 5840 si
808 5785 942 5843 forte
991 5805 1192 5862 pugnes
1230 5794 1279 5847 in
1319 5797 1759 5866 amphitheatro:

163 5866 247 5923 ille
275 5871 374 5926 tibi
409 5871 690 5943 praemium
729 5875 858 5932 dare
888 5891 1062 5948 potest
1090 5885 1136 5942 si
1181 5887 1392 5954 viceris,
1421 5891 1672 5963 adjuvare
1709 5903 1762 5952 te

164 5963 561 6032 periclitantem
603 5981 707 6022 non
755 5978 948 6039 potest.
979 5972 1094 6029 Non
1140 5978 1217 6034 sic
1257 5994 1533 6055 exspectat
1587 5987 1754 6045 Deus.

444 6059 676 6125 Sacr.
721 6066 1004 6132 Auens'r.
1047 6070 1155 6136 ιν.

1956 755 2113 813 aliam
2138 761 2294 832 legem
2329 767 2379 820 in
2410 773 2639 827 membris
2667 775 2788 832 meis
2819 755 3186 853 repugnantem
3229 786 3330 860 legi
3367 789 3550 846 mentis

1957 865 2097 918 mete,
2130 864 2176 908 et
2197 860 2450 927 captivum
2491 881 2568 918 me
2594 869 2855 924 ducentem
2885 873 2938 929 in
2967 876 3075 946 lege
3101 883 3312 949 peccati,
3335 899 3448 953 qua
3472 892 3550 941 est

1953 956 2005 994 tn
2030 946 2264 1004 membris
2290 957 2432 1007 meis.
2464 957 2621 1014 Miser
2659 978 2749 1031 ego
2772 965 2941 1035 homo,
2984 946 3109 1040 quis
3128 989 3204 1025 me
3227 946 3455 1031 liberabit
3481 979 3547 1035 de

1949 1049 2157 1106 corpore
2185 1047 2356 1099 mortis
2386 1047 2587 1118 hujus?
2617 1050 2796 1109 Gratia
2838 1057 2932 1112 Dei
2961 1078 3050 1132 per
3067 1061 3247 1119 Iesum
3283 1066 3542 1126 Christum

1948 1123 2222 1187 Dominum
2257 1149 2481 1194 nostrum
2511 1143 2686 1212 (Rom.
2719 1163 2810 1215 vu,
2841 1123 3016 1208 ΩΞ-έό
3047 1154 3085 1226 ).
3111 1157 3289 1226 Quare
3331 1123 3541 1233 gratia?

1945 1217 2077 1287 Quia
2103 1227 2268 1294 gratis
2300 1229 2472 1285 datur.
2519 1235 2692 1300 Quare
2735 1241 2900 1310 gratis
2943 1217 3300 1318 datur‘lQuia
3331 1217 3539 1310 ‘inerita

1945 1322 2029 1368 tua
2055 1331 2158 1371 non
2193 1337 2601 1393 prmcesseruut,
2631 1332 2723 1386 sed
2758 1333 3011 1394 beneficia
3048 1341 3141 1396 Dei
3173 1351 3222 1398 te
3257 1360 3536 1416 praevene-

1941 1417 2083 1463 runt.
2119 1409 2195 1465 llli
2228 1429 2356 1486 ergo
2384 1418 2550 1488 gloria
2573 1423 2658 1491 qui
2690 1441 2784 1480 nos
2814 1427 3022 1485 liberat.
3057 1431 3244 1489 Omnes
3264 1437 3396 1492 enim
3417 1456 3538 1510 pee-

1940 1512 2196 1569 eaverunt,
2227 1513 2273 1559 et
2303 1521 2444 1578 egent
2464 1512 2627 1582 gloria
2659 1513 2774 1570 Dei.
2799 1515 2864 1574 In
2893 1529 2940 1574 te
2969 1538 3118 1594 ergo,
3148 1524 3380 1596 Domine,
3411 1547 3534 1602 spe-

1938 1594 2064 1660 ravi,
2095 1611 2200 1652 non
2233 1599 2282 1653 in
2313 1618 2397 1657 me
2433 1621 2444 1656 :
2495 1622 2596 1660 non
2636 1613 2924 1681 confundor
2949 1615 3001 1670 in
3029 1628 3289 1684 teternum,
3319 1623 3441 1693 quia
3475 1625 3532 1683 in

1935 1699 2000 1739 eo
2026 1701 2185 1757 spero
2214 1692 2303 1762 qui
2337 1710 2440 1750 non
2471 1699 2748 1758 confundit
2778 1704 2817 1758 ί.
2849 1705 2914 1762 1η
2936 1718 3021 1763 tua
3045 1712 3254 1782 justitia
3280 1692 3397 1772 erue
3422 1735 3525 1789 me,

1934 1785 1981 1831 et
2000 1781 2162 1834 exime
2183 1799 2260 1838 me
2284 1787 2432 1857 :quia
2458 1807 2560 1846 non
2582 1793 2826 1852 invenisti
2854 1798 2906 1853 in
2933 1816 3023 1856 me
3044 1781 3304 1872 justitiam
3327 1823 3525 1881 meam,

1932 1883 2060 1926 erue
2079 1887 2167 1928 me
2197 1875 2248 1929 in
2279 1885 2396 1943 tua;
2429 1880 2531 1938 hoc
2554 1894 2656 1952 est,
2689 1887 2817 1944 illud
2847 1906 2933 1947 me
2962 1905 3116 1950 eruat
3157 1900 3298 1968 quod
3329 1916 3413 1958 me
3434 1875 3526 1972 ju;

1931 1961 2146 2029 stdicat,
2194 1969 2335 2038 quod
2364 1987 2427 2028 ex
2479 1978 2639 2046 impio
2686 1986 2828 2050 ptum
2861 1982 3018 2054 facit,
3050 1961 3193 2058 quod
3237 2007 3302 2046 ex
3345 1961 3526 2066 iniquo

1924 2052 2148 2124 justum,
2181 2063 2324 2131 quod
2368 2081 2430 2120 ex
2475 2083 2622 2126 careo
2652 2072 2944 2144 videntem,
2990 2052 3129 2150 quod
3187 2101 3250 2140 ex
3297 2052 3524 2147 cadente

1928 2237 2096 2308 berat,
2131 2261 2234 2301 non
2275 2265 2390 2320 ego.
2425 2251 2490 2308 In
2524 2257 2732 2326 justitia
2759 2272 2846 2317 tua
2898 2283 3014 2321 erue
3040 2285 3138 2338 me,
3163 2283 3208 2325 et
3236 2275 3396 2330 exime
3419 2294 3520 2334 me.

1999 2334 2050 2388 7.
2072 2333 2221 2410 [vers.
2241 2339 2320 2414 5.]
2337 2341 2364 2396 Ι
2372 2345 2539 2400 nclina
2555 2350 2624 2403 ad
2634 2369 2711 2407 me
2719 2370 2897 2410 aurem
2918 2369 3086 2416 tuam:
3107 2333 3228 2419 fecit
3240 2364 3342 2422 hoc
3358 2369 3518 2439 Deus,

1924 2428 2136 2496 quando
2153 2430 2324 2500 ipsum
2347 2435 2614 2496 Christum
2627 2443 2693 2498 ad
2711 2460 2810 2502 nos
2830 2449 2994 2506 misit.
3015 2451 3161 2508 Illum
3175 2457 3239 2512 ad
3257 2473 3354 2514 nos
3371 2428 3521 2520 misit

1923 2517 2012 2588 qui
2037 2519 2289 2579 inclinato
2300 2530 2472 2597 capite
2489 2531 2654 2606 digito
2676 2539 2942 2598 scribebat
2968 2545 3020 2599 in
3042 2554 3179 2603 terra
3199 2549 3378 2622 (Joan.
3399 2569 3517 2626 vui,

1922 2607 2000 2681 6),
2017 2615 2231 2683 quando
2247 2618 2295 2674 ei
2313 2620 2547 2680 adultera
2568 2631 2758 2686 mulier
2778 2633 3104 2696 oﬂ'erebatur
3130 2607 3520 2713 punienda-ille

1919 2713 2096 2759 autem
2126 2706 2472 2772 inclinaverat
2492 2733 2550 2774 se
2576 2721 2642 2776 ad
2675 2733 2893 2794 terram,
2921 2728 2975 2786 id
3000 2742 3103 2801 est,
3132 2706 3277 2792 Deus
3319 2739 3387 2795 ad
3415 2740 3517 2798 ho-

1920 2796 2142 2865 tninem,
2173 2804 2256 2858 cui
2289 2806 2487 2864 dictum
2537 2822 2640 2881 est,
2674 2814 2836 2874 Terra
2878 2839 2948 2889 es,
3002 2835 3051 2880 et
3099 2829 3150 2882 in
3185 2840 3373 2886 terram
3417 2834 3517 2891 ibis

1922 2885 2073 2990 (Gen.
2128 2907 2205 2990 tu,
2260 2896 2369 2969 l9).
2400 2900 2514 2958 Non
2561 2909 2703 2963 enim
2755 2885 3515 2990 quasi’corporalibuslocis

1917 2980 2058 3038 Deus
2077 2985 2143 3041 ad
2172 3003 2271 3044 nos
2300 2991 2522 3051 inclinat
2548 3014 2734 3057 aurem
2783 3019 2959 3075 suam,
2993 3020 3084 3066 aut
3107 3016 3359 3070 membris
3390 3018 3512 3076 istis

1913 3079 2186 3148 corporeis
2228 3082 2596 3148 determinatio
2638 3093 2816 3154 finitus
2842 3111 2944 3155 est.
2982 3099 3213 3162 Omnino
3255 3109 3382 3164 nihil
3414 3111 3511 3168 ho-

1911 3182 2031 3224 rum
2059 3173 2296 3244 cogitent
2319 3178 2549 3238 humana
2580 3183 2970 3255 phantasmata.
3003 3193 3212 3253 Veritas
3232 3209 3318 3256 est
3343 3202 3506 3262 Deus.

1917 3260 2123 3321 Veritas
2153 3283 2252 3324 nec
2299 3273 2500 3342 quadra
2549 3286 2655 3340 est,
2709 3295 2809 3336 nec
2869 3286 3116 3353 rotunda,
3168 3305 3266 3348 nec
3321 3293 3505 3368 longa.

1909 3353 2122 3429 Ubique
2152 3378 2389 3432 praesens
2419 3379 2524 3438 est,
2567 3371 2611 3426 si
2629 3375 2818 3432 cordis
2844 3379 3034 3437 oculus
3060 3382 3126 3438 ad
3161 3401 3280 3442 eam
3304 3353 3502 3458 pateat.

1909 3445 2132 3506 Inclinat
2162 3462 2338 3510 tamen
2364 3473 2546 3516 aurem
2589 3476 2738 3519 suam
2784 3467 2850 3523 ad
2885 3485 2986 3527 nos
3013 3471 3153 3529 Deus
3193 3478 3503 3538 misericor-

1906 3537 2048 3595 diam
2078 3541 2356 3614 deponens
2383 3565 2548 3620 super
2584 3569 2701 3610 nos.
2749 3555 2879 3624 Quae
2915 3561 3088 3633 major
3112 3566 3498 3642 misericordia,

1903 3645 2061 3701 quam
2092 3645 2147 3690 ut
2167 3635 2392 3694 Unicum
2421 3659 2576 3700 suum
2602 3645 2758 3703 daret
2782 3649 3078 3719 nobis,non
3106 3655 3281 3715 vivere
3312 3661 3500 3719 nobis-

1856 3717 1868 3738 ‘
1902 3738 2048 3792 cum,
2098 3731 2192 3785 sed
2255 3735 2393 3791 mori
2435 3751 2532 3809 pro
2588 3741 2786 3800 nobis?
2828 3743 3032 3804 lnclina
3074 3753 3143 3807 ad
3198 3771 3277 3810 me
3316 3774 3498 3816 aurem

1901 3826 2060 3875 luant.

1972 3913 2024 3968 8.
2067 3914 2308 3975 Accelera
2354 3931 2412 3974 ut
2451 3925 2642 3980 emimus
2666 3943 2785 3986 me:
2814 3933 3096 3992 exauditur
3123 3940 3264 3996 enim
3287 3939 3338 3998 in
3366 3941 3491 4016 hoc,

1897 4016 2020 4060 cum
2059 4006 2206 4073 dicit,
2253 4010 2510 4070 Accelera.
2555 4017 2636 4074 Ad
2670 4019 2773 4078 hoc
2809 4024 2950 4081 enim
3001 4030 3230 4098 positum
3259 4044 3342 4090 est
3366 4006 3492 4093 ver-'-

1897 4096 2022 4153 bum
2043 4142 2056 4164 ,
2093 4114 2150 4156 ut
2180 4101 2282 4160 hoc
2331 4115 2496 4164 totum
2529 4113 2669 4181 quod
2698 4116 2850 4173 nobis
2879 4118 2971 4174 diu
2998 4096 3208 4180 videtur
3234 4130 3488 4198 quamdiu

1896 4191 2125 4248 volvitur
2171 4197 2446 4267 smcnlum,
2497 4201 2759 4277 intelligas
2805 4220 3055 4278 punctum
3095 4231 3232 4270 esse.
3264 4217 3379 4276 Non
3403 4230 3490 4279 est

1893 4281 1985 4337 diu
2010 4285 2150 4355 quod
2193 4287 2352 4346 habet
2379 4302 2697 4351 extremum.
2738 4299 2820 4355 Ab
2850 4300 3016 4357 Adam
3067 4321 3231 4377 usque
3279 4311 3344 4365 ad
3389 4310 3488 4367 ho-

1891 4371 2132 4432 diernam
2181 4380 2321 4437 diem
2376 4396 2647 4454 peractum
2697 4399 2799 4456 est,
2850 4403 2904 4446 ct
2943 4396 3112 4451 multo
3144 4371 3326 4470 utique
3361 4403 3485 4473 plus

1890 4479 2162 4536 peractum
2211 4483 2292 4528 est
2335 4492 2494 4546 quam
2554 4489 2717 4535 restat
2766 4487 3145 4556 peragendum.
3199 4491 3254 4548 Si
3302 4493 3483 4552 adhuc

1890 4560 2090 4617 viveret
2132 4564 2341 4635 Adam,
2387 4578 2441 4625 et
2491 4570 2649 4629 hodie
2685 4585 3015 4646 moreretur;
3053 4583 3178 4654 quid
3229 4586 3275 4640 ei
3315 4591 3480 4659 prod-
3547 4661 3566 4672 ἡ

1888 4664 2033 4710 esset
2085 4658 2285 4714 tamdiu
2341 4677 2481 4732 esse,
2523 4668 2722 4724 tamdiu
2779 4671 3006 4730 vixisse?
3046 4677 3187 4749 Ergo
3228 4680 3478 4742 celeritas

1887 4745 2004 4804 hare
2028 4753 2240 4821 quare?
2263 4755 2394 4822 Quia
2434 4762 2763 4819 transvolant
2801 4773 3078 4837 tempora:
3113 4745 3167 4826 et
3209 4776 3348 4844 quod
3383 4778 3479 4835 tibi

1888 4840 2097 4898 tardum
2119 4856 2220 4910 est,
2250 4847 2301 4901 in
2330 4852 2500 4906 oculis
2538 4853 2627 4909 Dci
2660 4855 2819 4910 breve
2848 4867 2950 4913 est.
2977 4858 3095 4916 Jam
3128 4862 3264 4923 hanc
3287 4870 3480 4926 celeri-

1887 4943 2049 4992 tatem
2095 4939 2194 4995 iste
2226 4941 2560 5002 intellexerat
2607 4947 2661 5002 in
2689 4952 2901 5006 ecstasi.
2931 4953 3167 5011 Accelera
3206 4972 3258 5014 ut
3282 4963 3477 5020 eximus

1884 5044 1983 5082 me.
2005 5029 2132 5086 Esto
2157 5034 2282 5087 mihi
2299 5036 2352 5089 in
2371 5037 2530 5092 Deum
2550 5049 2882 5109 protectorem
2905 5056 2951 5100 et
2975 5047 3029 5103 in
3049 5049 3250 5108 domum
3267 5058 3475 5128 refugii,

1881 5128 1936 5174 ut
1955 5123 2148 5178 salvum
2171 5142 2248 5180 me
2270 5129 2451 5199 facias.
2485 5129 2682 5188 Domus
2711 5135 2898 5208 relugii
2924 5148 2978 5194 tu
3003 5141 3130 5197 mihi
3158 5155 3294 5213 esto,
3327 5148 3468 5205 Deus

1884 5224 2172 5284 protector,
2201 5218 2392 5275 domus
2415 5221 2624 5295 relugii.
2664 5226 2964 5296 Aliquando
2988 5235 3129 5290 enim
3160 5239 3469 5311 periclitor,

1879 5316 1934 5361 et
1977 5309 2095 5363 volo
2145 5313 2366 5382 lugere:
2401 5331 2508 5384 quo
2560 5315 2744 5389 fugio?
2786 5322 2852 5377 ad
2895 5339 3053 5395 quem
3103 5329 3274 5386 locum
3323 5309 3470 5391 tutus

1880 5398 2062 5470 fugio?
2090 5403 2155 5458 ad
2195 5421 2351 5475 quem
2397 5415 2675 5466 montem?
2715 5416 2782 5470 ad
2823 5434 2979 5486 quam
3028 5424 3471 5492 Speluncamlad

1879 5507 1999 5561 quae
2044 5503 2179 5549 tecta
2235 5499 2483 5555 munita?
2533 5501 2702 5572 Quam
2755 5523 2934 5566 arcem
2984 5515 3232 5570 teneam?
3273 5518 3473 5588 quibus

1875 5584 2045 5638 muris
2073 5586 2314 5642 ambiar?
2335 5590 2681 5666 Quocumque
2705 5599 2836 5665 iero,
2867 5617 3065 5672 sequor
3080 5606 3470 5680 me.Quidquid

1871 5676 2014 5730 enim
2059 5679 2139 5733 vis
2180 5690 2332 5748 potes
2376 5682 2580 5756 fugere,
2613 5687 2794 5756 homo,
2848 5701 3045 5762 pra-ter
3082 5697 3467 5760 conscientiam

1875 5776 2040 5823 tuam.
2072 5769 2213 5825 Intra
2241 5773 2292 5827 in
2320 5773 2537 5832 domum
2568 5789 2729 5846 tuam,
2759 5784 3036 5853 requiesce
3069 5787 3123 5842 in
3165 5789 3304 5847 lecto
3346 5800 3458 5862 tuo,

1872 5859 2011 5916 intra
2042 5861 2098 5918 in
2127 5863 2379 5922 interiora
2413 5886 2426 5922 :
2459 5869 2683 5928 interius
2709 5872 2906 5930 habere
2952 5876 3088 5934 nihil
3124 5889 3298 5953 potes,
3349 5859 3460 5958 qua

1929 5999 1948 6034 ι
1983 5997 2208 6068 Plerique
2239 6007 2374 6068 tua,
2394 6002 2509 6069 quia
2541 6004 2778 6071 qnimeo
2807 6015 3001 6158 apex?
3024 6016 3466 6083 meorumue-

2988 6099 3143 6158 uit.)

2877 6099 3143 6184 {11ml}
