  <div class='ocr_page' id='page_1' title='image "/cluster/home/n/w/nwhite01/storage/ocr_20150623/36/hvd.32044015471469/123.png"; bbox 0 0 4032 6456; ppageno 0'>
   <div class='ocr_carea' id='block_1_1' title="bbox 496 570 2099 663">
    <p class='ocr_par' dir='ltr' id='par_1_1' title="bbox 496 570 2099 663">
     <span class='ocr_line' id='line_1_1' title="bbox 496 570 2099 663; baseline -0.019 -12"><span class='ocrx_word' id='word_1_1' title='bbox 496 591 751 663; x_wconf 70' lang='lat' dir='ltr'><strong>‘fugias&#39;a</strong></span> <span class='ocrx_word' id='word_1_2' title='bbox 769 576 1095 646; x_wconf 67' lang='lat' dir='ltr'><strong>conscientia</strong></span> <span class='ocrx_word' id='word_1_3' title='bbox 1135 584 1263 653; x_wconf 73' lang='lat' dir='ltr'><strong>tua,</strong></span> <span class='ocrx_word' id='word_1_4' title='bbox 1294 576 1348 639; x_wconf 70' lang='lat' dir='ltr'><strong>st</strong></span> <span class='ocrx_word' id='word_1_5' title='bbox 1392 570 1590 637; x_wconf 75' lang='lat' dir='ltr'><strong>rodunt</strong></span> <span class='ocrx_word' id='word_1_6' title='bbox 1631 578 1685 631; x_wconf 88' lang='lat' dir='ltr'><strong>te</strong></span> <span class='ocrx_word' id='word_1_7' title='bbox 1729 577 1947 645; x_wconf 87' lang='lat' dir='ltr'><strong>peccata</strong></span> <span class='ocrx_word' id='word_1_8' title='bbox 1989 576 2099 624; x_wconf 89' lang='lat' dir='ltr'><strong>tua.</strong></span> 
     </span>
    </p>
   </div>
   <div class='ocr_carea' id='block_1_2' title="bbox 507 663 2102 756">
    <p class='ocr_par' dir='ltr' id='par_1_2' title="bbox 507 663 2102 756">
     <span class='ocr_line' id='line_1_2' title="bbox 507 663 2102 756; baseline -0.016 -15"><span class='ocrx_word' id='word_1_9' title='bbox 507 685 649 756; x_wconf 74' lang='lat' dir='ltr'><strong>Quia</strong></span> <span class='ocrx_word' id='word_1_10' title='bbox 675 696 805 739; x_wconf 90' lang='lat' dir='ltr'><strong>vero</strong></span> <span class='ocrx_word' id='word_1_11' title='bbox 830 678 999 737; x_wconf 63' lang='lat' dir='ltr'><strong>diiit:</strong></span> <span class='ocrx_word' id='word_1_12' title='bbox 1027 676 1280 734; x_wconf 58' lang='lat' dir='ltr'><strong>itccelera</strong></span> <span class='ocrx_word' id='word_1_13' title='bbox 1329 682 1389 730; x_wconf 89' lang='lat' dir='ltr'><strong>ut</strong></span> <span class='ocrx_word' id='word_1_14' title='bbox 1428 672 1632 730; x_wconf 80' lang='lat' dir='ltr'><strong>eximas</strong></span> <span class='ocrx_word' id='word_1_15' title='bbox 1661 682 1749 723; x_wconf 91' lang='lat' dir='ltr'><strong>me</strong></span> <span class='ocrx_word' id='word_1_16' title='bbox 1771 708 1788 735; x_wconf 98' lang='lat'><strong>,</strong></span> <span class='ocrx_word' id='word_1_17' title='bbox 1818 674 1873 722; x_wconf 88' lang='lat' dir='ltr'><strong>et</strong></span> <span class='ocrx_word' id='word_1_18' title='bbox 1915 663 1968 720; x_wconf 90' lang='lat' dir='ltr'><strong>in</strong></span> <span class='ocrx_word' id='word_1_19' title='bbox 2014 669 2102 716; x_wconf 88' lang='lat' dir='ltr'><strong>tua</strong></span> 
     </span>
    </p>
   </div>
   <div class='ocr_carea' id='block_1_3' title="bbox 492 756 2105 852">
    <p class='ocr_par' dir='ltr' id='par_1_3' title="bbox 492 756 2105 852">
     <span class='ocr_line' id='line_1_3' title="bbox 492 756 2105 852; baseline -0.018 -15"><span class='ocrx_word' id='word_1_20' title='bbox 492 777 720 852; x_wconf 69' lang='lat' dir='ltr'><strong>&quot;iustitia</strong></span> <span class='ocrx_word' id='word_1_21' title='bbox 748 786 879 833; x_wconf 84' lang='lat' dir='ltr'><strong>erue</strong></span> <span class='ocrx_word' id='word_1_22' title='bbox 904 787 1010 839; x_wconf 89' lang='lat' dir='ltr'><strong>me,</strong></span> <span class='ocrx_word' id='word_1_23' title='bbox 1028 768 1357 828; x_wconf 66' lang='lat' dir='ltr'><strong>‘ut‘dim&#39;ittas</strong></span> <span class='ocrx_word' id='word_1_24' title='bbox 1389 772 1602 838; x_wconf 85' lang='lat' dir='ltr'><strong>peccata</strong></span> <span class='ocrx_word' id='word_1_25' title='bbox 1633 767 1846 828; x_wconf 77' lang='lat' dir='ltr'><strong>mea,~et</strong></span> <span class='ocrx_word' id='word_1_26' title='bbox 1874 756 2105 852; x_wconf 73' lang='lat' dir='ltr'><strong>aediﬁces</strong></span> 
     </span>
    </p>
   </div>
   <div class='ocr_carea' id='block_1_4' title="bbox 501 844 2105 943">
    <p class='ocr_par' dir='ltr' id='par_1_4' title="bbox 501 844 2105 943">
     <span class='ocr_line' id='line_1_4' title="bbox 501 844 2105 943; baseline -0.019 -11"><span class='ocrx_word' id='word_1_27' title='bbox 600 887 688 929; x_wconf 88' lang='lat' dir='ltr'><strong>me</strong></span> <span class='ocrx_word' id='word_1_28' title='bbox 710 868 972 943; x_wconf 77' lang='lat' dir='ltr'><strong>justitiam</strong></span> <span class='ocrx_word' id='word_1_29' title='bbox 1002 872 1147 922; x_wconf 83' lang='lat' dir='ltr'><strong>tuam</strong></span> <span class='ocrx_word' id='word_1_30' title='bbox 1172 881 1185 917; x_wconf 92' lang='lat'>:</span> <span class='ocrx_word' id='word_1_31' title='bbox 1214 864 1277 919; x_wconf 80' lang='lat' dir='ltr'><strong>tu</strong></span> <span class='ocrx_word' id='word_1_32' title='bbox 1302 859 1431 917; x_wconf 90' lang='lat' dir='ltr'><strong>mihi</strong></span> <span class='ocrx_word' id='word_1_33' title='bbox 1458 858 1564 915; x_wconf 91' lang='lat' dir='ltr'><strong>eris</strong></span> <span class='ocrx_word' id='word_1_34' title='bbox 1589 854 1781 912; x_wconf 87' lang='lat' dir='ltr'><strong>domus</strong></span> <span class='ocrx_word' id='word_1_35' title='bbox 1808 849 2019 919; x_wconf 82' lang='lat' dir='ltr'><strong>refugii,</strong></span> 
     </span>
    </p>
   </div>
   <div class='ocr_carea' id='block_1_5' title="bbox 492 940 2161 1035">
    <p class='ocr_par' dir='ltr' id='par_1_5' title="bbox 492 940 2161 1035">
     <span class='ocr_line' id='line_1_5' title="bbox 492 940 2161 1035; baseline -0.019 -10"><span class='ocrx_word' id='word_1_36' title='bbox 492 974 571 1025; x_wconf 49' lang='lat' dir='ltr'><strong>&#39;te</strong></span> <span class='ocrx_word' id='word_1_37' title='bbox 617 940 886 1035; x_wconf 82' lang='lat' dir='ltr'><strong>confugio.</strong></span> <span class='ocrx_word' id='word_1_38' title='bbox 920 959 1067 1017; x_wconf 71' lang='lat' dir='ltr'><strong>Nam</strong></span> <span class='ocrx_word' id='word_1_39' title='bbox 1106 972 1141 1013; x_wconf 72' lang='lat' dir='ltr'><strong>‘a</strong></span> <span class='ocrx_word' id='word_1_40' title='bbox 1189 964 1243 1013; x_wconf 89' lang='lat' dir='ltr'><strong>te</strong></span> <span class='ocrx_word' id='word_1_41' title='bbox 1270 969 1377 1026; x_wconf 90' lang='lat' dir='ltr'><strong>quo</strong></span> <span class='ocrx_word' id='word_1_42' title='bbox 1421 948 1663 1023; x_wconf 72' lang='lat' dir='ltr'><strong>fugiam?</strong></span> <span class='ocrx_word' id='word_1_43' title='bbox 1712 945 1963 1002; x_wconf 75' lang='lat' dir='ltr'><strong>Irascitur</strong></span> <span class='ocrx_word' id='word_1_44' title='bbox 2009 940 2103 996; x_wconf 91' lang='lat' dir='ltr'><strong>tibi</strong></span> <span class='ocrx_word' id='word_1_45' title='bbox 2149 989 2161 1001; x_wconf 90' lang='grc'><strong>,</strong></span> 
     </span>
    </p>
   </div>
   <div class='ocr_carea' id='block_1_6' title="bbox 516 1036 2099 1130">
    <p class='ocr_par' dir='ltr' id='par_1_6' title="bbox 516 1036 2099 1130">
     <span class='ocr_line' id='line_1_6' title="bbox 516 1036 2099 1130; baseline -0.019 -11"><span class='ocrx_word' id='word_1_46' title='bbox 516 1060 682 1126; x_wconf 84' lang='lat' dir='ltr'><strong>Deus,</strong></span> <span class='ocrx_word' id='word_1_47' title='bbox 722 1074 829 1130; x_wconf 92' lang='lat' dir='ltr'><strong>quo</strong></span> <span class='ocrx_word' id='word_1_48' title='bbox 860 1054 1062 1128; x_wconf 86' lang='lat' dir='ltr'><strong>fugies?</strong></span> <span class='ocrx_word' id='word_1_49' title='bbox 1112 1050 1249 1107; x_wconf 88' lang='lat' dir='ltr'><strong>Audi</strong></span> <span class='ocrx_word' id='word_1_50' title='bbox 1275 1047 1403 1121; x_wconf 87' lang='lat' dir='ltr'><strong>quid</strong></span> <span class='ocrx_word' id='word_1_51' title='bbox 1433 1046 1574 1102; x_wconf 81' lang='lat' dir='ltr'><strong>dicat</strong></span> <span class='ocrx_word' id='word_1_52' title='bbox 1622 1043 1674 1099; x_wconf 90' lang='lat' dir='ltr'><strong>in</strong></span> <span class='ocrx_word' id='word_1_53' title='bbox 1710 1040 1832 1097; x_wconf 87' lang='lat' dir='ltr'><strong>&#39;aiio</strong></span> <span class='ocrx_word' id='word_1_54' title='bbox 1872 1036 2099 1130; x_wconf 79' lang='lat' dir='ltr'><strong>psalmo,</strong></span> 
     </span>
    </p>
   </div>
   <div class='ocr_carea' id='block_1_7' title="bbox 494 1128 2105 1214">
    <p class='ocr_par' dir='ltr' id='par_1_7' title="bbox 494 1128 2105 1214">
     <span class='ocr_line' id='line_1_7' title="bbox 494 1128 2105 1214; baseline -0.019 -3"><span class='ocrx_word' id='word_1_55' title='bbox 494 1155 711 1211; x_wconf 72' lang='lat' dir='ltr'><strong>&quot;timens</strong></span> <span class='ocrx_word' id='word_1_56' title='bbox 731 1128 865 1206; x_wconf 80' lang='lat' dir='ltr'><strong>iram</strong></span> <span class='ocrx_word' id='word_1_57' title='bbox 880 1148 1004 1204; x_wconf 88' lang='lat' dir='ltr'><strong>Dei:</strong></span> <span class='ocrx_word' id='word_1_58' title='bbox 1027 1145 1139 1214; x_wconf 80' lang='lat' dir='ltr'><strong>Quo</strong></span> <span class='ocrx_word' id='word_1_59' title='bbox 1164 1139 1607 1211; x_wconf 88' lang='lat' dir='ltr'><strong>iboaspiritutuo,</strong></span> <span class='ocrx_word' id='word_1_60' title='bbox 1628 1142 1673 1191; x_wconf 89' lang='lat' dir='ltr'><strong>et</strong></span> <span class='ocrx_word' id='word_1_61' title='bbox 1700 1147 1798 1204; x_wconf 84' lang='lat' dir='ltr'><strong>quo</strong></span> <span class='ocrx_word' id='word_1_62' title='bbox 1823 1148 1854 1185; x_wconf 91' lang='lat' dir='ltr'><strong>a</strong></span> <span class='ocrx_word' id='word_1_63' title='bbox 1876 1128 2105 1203; x_wconf 84' lang='lat' dir='ltr'><strong>facietua</strong></span> 
     </span>
    </p>
   </div>
   <div class='ocr_carea' id='block_1_8' title="bbox 490 1221 2104 1323">
    <p class='ocr_par' dir='ltr' id='par_1_8' title="bbox 490 1221 2104 1323">
     <span class='ocr_line' id='line_1_8' title="bbox 490 1221 2104 1323; baseline -0.017 -19"><span class='ocrx_word' id='word_1_64' title='bbox 490 1262 493 1271; x_wconf 73' lang='lat'><em>‘</em></span> <span class='ocrx_word' id='word_1_65' title='bbox 515 1244 754 1323; x_wconf 71' lang='lat' dir='ltr'><strong>fugiam?</strong></span> <span class='ocrx_word' id='word_1_66' title='bbox 776 1240 839 1302; x_wconf 86' lang='lat' dir='ltr'><strong>Si</strong></span> <span class='ocrx_word' id='word_1_67' title='bbox 861 1241 1133 1299; x_wconf 80' lang='lat' dir='ltr'><strong>ascendere</strong></span> <span class='ocrx_word' id='word_1_68' title='bbox 1153 1239 1208 1293; x_wconf 87' lang='lat' dir='ltr'><strong>in</strong></span> <span class='ocrx_word' id='word_1_69' title='bbox 1233 1236 1430 1300; x_wconf 78' lang='lat' dir='ltr'><strong>caelum,</strong></span> <span class='ocrx_word' id='word_1_70' title='bbox 1466 1242 1518 1286; x_wconf 89' lang='lat' dir='ltr'><strong>tu</strong></span> <span class='ocrx_word' id='word_1_71' title='bbox 1532 1228 1599 1285; x_wconf 87' lang='lat' dir='ltr'><strong>ibi</strong></span> <span class='ocrx_word' id='word_1_72' title='bbox 1615 1246 1666 1286; x_wconf 88' lang='lat' dir='ltr'><strong>es</strong></span> <span class='ocrx_word' id='word_1_73' title='bbox 1693 1246 1712 1284; x_wconf 92' lang='lat'><strong><em>:</em></strong></span> <span class='ocrx_word' id='word_1_74' title='bbox 1743 1228 1786 1282; x_wconf 91' lang='lat' dir='ltr'><strong>si</strong></span> <span class='ocrx_word' id='word_1_75' title='bbox 1802 1221 2104 1281; x_wconf 85' lang='lat' dir='ltr'><strong>descendere</strong></span> 
     </span>
    </p>
   </div>
   <div class='ocr_carea' id='block_1_9' title="bbox 512 1319 2104 1412">
    <p class='ocr_par' dir='ltr' id='par_1_9' title="bbox 512 1319 2104 1412">
     <span class='ocr_line' id='line_1_9' title="bbox 512 1319 2104 1412; baseline -0.018 -16"><span class='ocrx_word' id='word_1_76' title='bbox 512 1319 878 1412; x_wconf 15' lang='lat' dir='ltr'><strong>ini-infernum,</strong></span> <span class='ocrx_word' id='word_1_77' title='bbox 912 1334 1034 1390; x_wconf 87' lang='lat' dir='ltr'><strong>ades</strong></span> <span class='ocrx_word' id='word_1_78' title='bbox 1061 1326 1237 1405; x_wconf 82' lang='lat' dir='ltr'><strong>(Psal.</strong></span> <span class='ocrx_word' id='word_1_79' title='bbox 1269 1340 1534 1389; x_wconf 71' lang='lat' dir='ltr'><strong>cum“,</strong></span> <span class='ocrx_word' id='word_1_80' title='bbox 1559 1323 1614 1387; x_wconf 87' lang='lat'><strong>7,</strong></span> <span class='ocrx_word' id='word_1_81' title='bbox 1655 1321 1731 1392; x_wconf 90' lang='grc'><strong>8).</strong></span> <span class='ocrx_word' id='word_1_82' title='bbox 1760 1319 2104 1412; x_wconf 81' lang='lat' dir='ltr'><strong>Quocumque</strong></span> 
     </span>
    </p>
   </div>
   <div class='ocr_carea' id='block_1_10' title="bbox 482 1407 2102 1499">
    <p class='ocr_par' dir='ltr' id='par_1_10' title="bbox 482 1407 2102 1499">
     <span class='ocr_line' id='line_1_10' title="bbox 482 1407 2102 1499; baseline -0.02 -7"><span class='ocrx_word' id='word_1_83' title='bbox 482 1448 499 1457; x_wconf 55' lang='grc' dir='ltr'><em>δ</em></span> <span class='ocrx_word' id='word_1_84' title='bbox 512 1407 748 1499; x_wconf 48' lang='grc' dir='ltr'>ᾔει-οξὶἰιί</span> <span class='ocrx_word' id='word_1_85' title='bbox 775 1438 828 1487; x_wconf 88' lang='grc' dir='ltr'><strong>ιε</strong></span> <span class='ocrx_word' id='word_1_86' title='bbox 854 1428 1087 1486; x_wconf 84' lang='lat' dir='ltr'><strong>invenio.</strong></span> <span class='ocrx_word' id='word_1_87' title='bbox 1107 1424 1171 1482; x_wconf 83' lang='lat' dir='ltr'><strong>Et</strong></span> <span class='ocrx_word' id='word_1_88' title='bbox 1188 1424 1235 1479; x_wconf 98' lang='lat' dir='ltr'><strong>si</strong></span> <span class='ocrx_word' id='word_1_89' title='bbox 1251 1418 1519 1485; x_wconf 86' lang='lat' dir='ltr'><strong>irasceris,</strong></span> <span class='ocrx_word' id='word_1_90' title='bbox 1534 1416 1763 1472; x_wconf 91' lang='lat' dir='ltr'><strong>ultorem</strong></span> <span class='ocrx_word' id='word_1_91' title='bbox 1792 1423 1844 1467; x_wconf 89' lang='lat' dir='ltr'><strong>te</strong></span> <span class='ocrx_word' id='word_1_92' title='bbox 1870 1407 2102 1473; x_wconf 90' lang='lat' dir='ltr'><strong>invenio;</strong></span> 
     </span>
    </p>
   </div>
   <div class='ocr_carea' id='block_1_11' title="bbox 500 1500 2106 1601">
    <p class='ocr_par' dir='ltr' id='par_1_11' title="bbox 500 1500 2106 1601">
     <span class='ocr_line' id='line_1_11' title="bbox 500 1500 2106 1601; baseline -0.019 -16"><span class='ocrx_word' id='word_1_93' title='bbox 500 1527 563 1584; x_wconf 82' lang='lat' dir='ltr'><strong>‘si</strong></span> <span class='ocrx_word' id='word_1_94' title='bbox 589 1526 826 1599; x_wconf 79' lang='lat' dir='ltr'><strong>placatus</strong></span> <span class='ocrx_word' id='word_1_95' title='bbox 854 1538 934 1587; x_wconf 87' lang='lat' dir='ltr'><strong>es,</strong></span> <span class='ocrx_word' id='word_1_96' title='bbox 960 1520 1279 1601; x_wconf 84' lang='lat' dir='ltr'><strong>adjutorem.</strong></span> <span class='ocrx_word' id='word_1_97' title='bbox 1303 1512 1445 1569; x_wconf 87' lang='lat' dir='ltr'><strong>Nihil</strong></span> <span class='ocrx_word' id='word_1_98' title='bbox 1472 1509 1604 1565; x_wconf 87' lang='lat' dir='ltr'><strong>mihi</strong></span> <span class='ocrx_word' id='word_1_99' title='bbox 1629 1520 1759 1577; x_wconf 89' lang='lat' dir='ltr'><strong>ergo</strong></span> <span class='ocrx_word' id='word_1_100' title='bbox 1786 1509 1973 1569; x_wconf 80' lang='lat' dir='ltr'><strong>restat,</strong></span> <span class='ocrx_word' id='word_1_101' title='bbox 2002 1500 2106 1556; x_wconf 89' lang='lat' dir='ltr'><strong>nisi</strong></span> 
     </span>
    </p>
   </div>
   <div class='ocr_carea' id='block_1_12' title="bbox 494 1592 2107 1690">
    <p class='ocr_par' dir='ltr' id='par_1_12' title="bbox 494 1592 2107 1690">
     <span class='ocr_line' id='line_1_12' title="bbox 494 1592 2107 1690; baseline -0.018 -14"><span class='ocrx_word' id='word_1_102' title='bbox 494 1592 663 1675; x_wconf 43' lang='lat' dir='ltr'><strong>‘ad-te</strong></span> <span class='ocrx_word' id='word_1_103' title='bbox 683 1617 885 1690; x_wconf 90' lang='lat' dir='ltr'><strong>fugere,</strong></span> <span class='ocrx_word' id='word_1_104' title='bbox 914 1622 1025 1669; x_wconf 83' lang='lat' dir='ltr'><strong>non</strong></span> <span class='ocrx_word' id='word_1_105' title='bbox 1050 1626 1081 1667; x_wconf 89' lang='lat' dir='ltr'><strong>a</strong></span> <span class='ocrx_word' id='word_1_106' title='bbox 1108 1592 1179 1666; x_wconf 76' lang='lat' dir='ltr'><strong>te.</strong></span> <span class='ocrx_word' id='word_1_107' title='bbox 1198 1604 1494 1664; x_wconf 59' lang='lat' dir='ltr'><strong>&#39;Ut‘evadas</strong></span> <span class='ocrx_word' id='word_1_108' title='bbox 1533 1600 1805 1657; x_wconf 87' lang='lat' dir='ltr'><strong>hominem</strong></span> <span class='ocrx_word' id='word_1_109' title='bbox 1829 1592 2107 1653; x_wconf 89' lang='lat' dir='ltr'><strong>dominum</strong></span> 
     </span>
    </p>
   </div>
   <div class='ocr_carea' id='block_1_13' title="bbox 490 1684 2105 1784">
    <p class='ocr_par' dir='ltr' id='par_1_13' title="bbox 490 1684 2105 1784">
     <span class='ocr_line' id='line_1_13' title="bbox 490 1684 2105 1784; baseline -0.017 -16"><span class='ocrx_word' id='word_1_110' title='bbox 490 1684 843 1784; x_wconf 55' lang='lat' dir='ltr'><strong>‘quicumque</strong></span> <span class='ocrx_word' id='word_1_111' title='bbox 871 1716 1058 1764; x_wconf 84' lang='lat' dir='ltr'><strong>servus</strong></span> <span class='ocrx_word' id='word_1_112' title='bbox 1084 1718 1162 1767; x_wconf 90' lang='lat' dir='ltr'><strong>es,</strong></span> <span class='ocrx_word' id='word_1_113' title='bbox 1192 1698 1332 1772; x_wconf 75' lang='lat' dir='ltr'><strong>iugis</strong></span> <span class='ocrx_word' id='word_1_114' title='bbox 1355 1697 1410 1753; x_wconf 91' lang='lat' dir='ltr'><strong>in</strong></span> <span class='ocrx_word' id='word_1_115' title='bbox 1430 1711 1492 1752; x_wconf 86' lang='lat' dir='ltr'><strong>ea</strong></span> <span class='ocrx_word' id='word_1_116' title='bbox 1525 1695 1639 1750; x_wconf 89' lang='lat' dir='ltr'><strong>loca</strong></span> <span class='ocrx_word' id='word_1_117' title='bbox 1662 1690 1748 1748; x_wconf 89' lang='lat' dir='ltr'><strong>ubi</strong></span> <span class='ocrx_word' id='word_1_118' title='bbox 1777 1702 1881 1745; x_wconf 93' lang='lat' dir='ltr'><strong>non</strong></span> <span class='ocrx_word' id='word_1_119' title='bbox 1909 1694 1991 1744; x_wconf 90' lang='lat' dir='ltr'><strong>est</strong></span> <span class='ocrx_word' id='word_1_120' title='bbox 2011 1684 2105 1741; x_wconf 87' lang='lat' dir='ltr'><strong>do-</strong></span> 
     </span>
    </p>
   </div>
   <div class='ocr_carea' id='block_1_14' title="bbox 486 1776 2105 1864">
    <p class='ocr_par' dir='ltr' id='par_1_14' title="bbox 486 1776 2105 1864">
     <span class='ocr_line' id='line_1_14' title="bbox 486 1776 2105 1864; baseline -0.021 1"><span class='ocrx_word' id='word_1_121' title='bbox 486 1818 489 1827; x_wconf 80' lang='lat'>‘</span> <span class='ocrx_word' id='word_1_122' title='bbox 516 1776 700 1864; x_wconf 77' lang='lat' dir='ltr'><strong>minus</strong></span> <span class='ocrx_word' id='word_1_123' title='bbox 726 1776 847 1860; x_wconf 84' lang='lat' dir='ltr'><strong>tuus</strong></span> <span class='ocrx_word' id='word_1_124' title='bbox 867 1817 881 1857; x_wconf 88' lang='lat'><strong>:</strong></span> <span class='ocrx_word' id='word_1_125' title='bbox 903 1808 962 1854; x_wconf 87' lang='lat' dir='ltr'><strong>ut</strong></span> <span class='ocrx_word' id='word_1_126' title='bbox 982 1786 1388 1857; x_wconf 49' lang='lat' dir='ltr'><strong>eVadas’D&#39;eum,</strong></span> <span class='ocrx_word' id='word_1_127' title='bbox 1412 1789 1531 1858; x_wconf 84' lang='lat' dir='ltr'><strong>iuge</strong></span> <span class='ocrx_word' id='word_1_128' title='bbox 1553 1784 1618 1840; x_wconf 89' lang='lat' dir='ltr'><strong>ad</strong></span> <span class='ocrx_word' id='word_1_129' title='bbox 1641 1782 1946 1839; x_wconf 87' lang='lat' dir='ltr'><strong>Dominum.</strong></span> <span class='ocrx_word' id='word_1_130' title='bbox 1964 1776 2105 1834; x_wconf 77' lang='lat' dir='ltr'><strong>Nam</strong></span> 
     </span>
    </p>
   </div>
   <div class='ocr_carea' id='block_1_15' title="bbox 490 1870 2107 1968">
    <p class='ocr_par' dir='ltr' id='par_1_15' title="bbox 490 1870 2107 1968">
     <span class='ocr_line' id='line_1_15' title="bbox 490 1870 2107 1968; baseline -0.02 -10"><span class='ocrx_word' id='word_1_131' title='bbox 490 1892 625 1956; x_wconf 78' lang='lat' dir='ltr'><strong>‘non</strong></span> <span class='ocrx_word' id='word_1_132' title='bbox 655 1904 738 1955; x_wconf 86' lang='lat' dir='ltr'><strong>est</strong></span> <span class='ocrx_word' id='word_1_133' title='bbox 760 1909 867 1968; x_wconf 90' lang='lat' dir='ltr'><strong>quo</strong></span> <span class='ocrx_word' id='word_1_134' title='bbox 892 1884 1278 1963; x_wconf 70' lang='lat' dir='ltr'><strong>fugias‘Denm.</strong></span> <span class='ocrx_word' id='word_1_135' title='bbox 1306 1885 1513 1941; x_wconf 70' lang='lat' dir='ltr'><strong>Praesto</strong></span> <span class='ocrx_word' id='word_1_136' title='bbox 1534 1887 1657 1937; x_wconf 90' lang='lat' dir='ltr'><strong>sunt</strong></span> <span class='ocrx_word' id='word_1_137' title='bbox 1681 1875 1938 1932; x_wconf 88' lang='lat' dir='ltr'><strong>omnia&#39;et</strong></span> <span class='ocrx_word' id='word_1_138' title='bbox 1968 1870 2107 1927; x_wconf 86' lang='lat' dir='ltr'><strong>nuda</strong></span> 
     </span>
    </p>
   </div>
   <div class='ocr_carea' id='block_1_16' title="bbox 482 1962 2106 2063">
    <p class='ocr_par' dir='ltr' id='par_1_16' title="bbox 482 1962 2106 2063">
     <span class='ocr_line' id='line_1_16' title="bbox 482 1962 2106 2063; baseline -0.021 -11"><span class='ocrx_word' id='word_1_139' title='bbox 482 1962 913 2063; x_wconf 69' lang='lat' dir='ltr'><strong>&quot;Omnipotentis</strong></span> <span class='ocrx_word' id='word_1_140' title='bbox 940 1962 1128 2042; x_wconf 82' lang='lat' dir='ltr'><strong>oculis.</strong></span> <span class='ocrx_word' id='word_1_141' title='bbox 1144 1976 1233 2036; x_wconf 72' lang='lat' dir='ltr'><strong>Tu‘</strong></span> <span class='ocrx_word' id='word_1_142' title='bbox 1249 1992 1377 2049; x_wconf 83' lang='lat' dir='ltr'><strong>ergo</strong></span> <span class='ocrx_word' id='word_1_143' title='bbox 1399 1974 1548 2042; x_wconf 89' lang='lat' dir='ltr'><strong>mihi,</strong></span> <span class='ocrx_word' id='word_1_144' title='bbox 1576 1971 1767 2044; x_wconf 88' lang='lat' dir='ltr'><strong>inquit,</strong></span> <span class='ocrx_word' id='word_1_145' title='bbox 1784 1978 1900 2025; x_wconf 90' lang='lat' dir='ltr'><strong>esto</strong></span> <span class='ocrx_word' id='word_1_146' title='bbox 1916 1962 2106 2063; x_wconf 73' lang='lat' dir='ltr'><strong>demus</strong></span> 
     </span>
    </p>
   </div>
   <div class='ocr_carea' id='block_1_17' title="bbox 488 2056 2108 2161">
    <p class='ocr_par' dir='ltr' id='par_1_17' title="bbox 488 2056 2108 2161">
     <span class='ocr_line' id='line_1_17' title="bbox 488 2056 2108 2161; baseline -0.02 -17"><span class='ocrx_word' id='word_1_147' title='bbox 488 2056 730 2161; x_wconf 39' lang='lat' dir='ltr'><strong>frefugi-i.</strong></span> <span class='ocrx_word' id='word_1_148' title='bbox 775 2080 909 2138; x_wconf 82' lang='lat' dir='ltr'><strong>Nam</strong></span> <span class='ocrx_word' id='word_1_149' title='bbox 942 2078 1001 2133; x_wconf 82' lang='grc' dir='ltr'>ἐἰ</span> <span class='ocrx_word' id='word_1_150' title='bbox 1042 2064 1367 2161; x_wconf 63' lang='grc' dir='ltr'>εεῖιτιιεἹιοη</span> <span class='ocrx_word' id='word_1_151' title='bbox 1408 2067 1581 2161; x_wconf 86' lang='lat' dir='ltr'><strong>fuero,</strong></span> <span class='ocrx_word' id='word_1_152' title='bbox 1629 2061 1900 2135; x_wconf 90' lang='lat' dir='ltr'><strong>quomodo</strong></span> <span class='ocrx_word' id='word_1_153' title='bbox 1929 2056 2108 2130; x_wconf 78' lang='lat' dir='ltr'><strong>fugio?</strong></span> 
     </span>
    </p>
   </div>
   <div class='ocr_carea' id='block_1_18' title="bbox 488 2156 2107 2243">
    <p class='ocr_par' dir='ltr' id='par_1_18' title="bbox 488 2156 2107 2243">
     <span class='ocr_line' id='line_1_18' title="bbox 488 2156 2107 2243; baseline -0.021 -6"><span class='ocrx_word' id='word_1_154' title='bbox 488 2156 661 2237; x_wconf 57' lang='lat' dir='ltr'><strong>ESana</strong></span> <span class='ocrx_word' id='word_1_155' title='bbox 686 2192 794 2243; x_wconf 92' lang='lat' dir='ltr'><strong>me,</strong></span> <span class='ocrx_word' id='word_1_156' title='bbox 826 2181 881 2228; x_wconf 90' lang='lat' dir='ltr'><strong>et</strong></span> <span class='ocrx_word' id='word_1_157' title='bbox 907 2169 1052 2242; x_wconf 81' lang='lat' dir='ltr'><strong>fugio</strong></span> <span class='ocrx_word' id='word_1_158' title='bbox 1081 2162 1253 2224; x_wconf 77' lang='lat' dir='ltr'><strong>a‘d&#39;te.</strong></span> <span class='ocrx_word' id='word_1_159' title='bbox 1285 2156 1427 2219; x_wconf 76' lang='lat' dir='ltr'><strong>&#39;Nam</strong></span> <span class='ocrx_word' id='word_1_160' title='bbox 1454 2160 1500 2217; x_wconf 89' lang='lat' dir='ltr'><strong>si</strong></span> <span class='ocrx_word' id='word_1_161' title='bbox 1525 2174 1611 2215; x_wconf 91' lang='lat' dir='ltr'><strong>me</strong></span> <span class='ocrx_word' id='word_1_162' title='bbox 1636 2172 1746 2212; x_wconf 90' lang='lat' dir='ltr'><strong>non</strong></span> <span class='ocrx_word' id='word_1_163' title='bbox 1773 2168 1961 2221; x_wconf 89' lang='lat' dir='ltr'><strong>sanas,</strong></span> <span class='ocrx_word' id='word_1_164' title='bbox 1990 2164 2107 2205; x_wconf 82' lang='lat' dir='ltr'><strong>am-</strong></span> 
     </span>
    </p>
   </div>
   <div class='ocr_carea' id='block_1_19' title="bbox 498 2243 2109 2335">
    <p class='ocr_par' dir='ltr' id='par_1_19' title="bbox 498 2243 2109 2335">
     <span class='ocr_line' id='line_1_19' title="bbox 498 2243 2109 2335; baseline -0.019 -7"><span class='ocrx_word' id='word_1_165' title='bbox 498 2271 707 2328; x_wconf 78' lang='lat' dir='ltr'><strong>’bulare</strong></span> <span class='ocrx_word' id='word_1_166' title='bbox 750 2282 856 2323; x_wconf 91' lang='lat' dir='ltr'><strong>non</strong></span> <span class='ocrx_word' id='word_1_167' title='bbox 894 2268 1134 2335; x_wconf 85' lang='lat' dir='ltr'><strong>possum,</strong></span> <span class='ocrx_word' id='word_1_168' title='bbox 1184 2258 1369 2330; x_wconf 88' lang='lat' dir='ltr'><strong>fugere</strong></span> <span class='ocrx_word' id='word_1_169' title='bbox 1414 2251 1686 2326; x_wconf 88' lang='lat' dir='ltr'><strong>quomodo</strong></span> <span class='ocrx_word' id='word_1_170' title='bbox 1714 2246 1943 2323; x_wconf 80' lang='lat' dir='ltr'><strong>potero?</strong></span> <span class='ocrx_word' id='word_1_171' title='bbox 1990 2243 2109 2314; x_wconf 85' lang='lat' dir='ltr'><strong>Quo</strong></span> 
     </span>
    </p>
   </div>
   <div class='ocr_carea' id='block_1_20' title="bbox 487 2338 2109 2437">
    <p class='ocr_par' dir='ltr' id='par_1_20' title="bbox 487 2338 2109 2437">
     <span class='ocr_line' id='line_1_20' title="bbox 487 2338 2109 2437; baseline -0.019 -16"><span class='ocrx_word' id='word_1_172' title='bbox 487 2354 776 2437; x_wconf 58' lang='lat' dir='ltr'><strong>‘firet,&#39;quo</strong></span> <span class='ocrx_word' id='word_1_173' title='bbox 815 2351 1044 2429; x_wconf 77' lang='lat' dir='ltr'><strong>fugeret,</strong></span> <span class='ocrx_word' id='word_1_174' title='bbox 1073 2352 1119 2410; x_wconf 91' lang='lat' dir='ltr'><strong>si</strong></span> <span class='ocrx_word' id='word_1_175' title='bbox 1145 2350 1426 2407; x_wconf 84' lang='lat' dir='ltr'><strong>ambulare</strong></span> <span class='ocrx_word' id='word_1_176' title='bbox 1450 2360 1557 2401; x_wconf 90' lang='lat' dir='ltr'><strong>non</strong></span> <span class='ocrx_word' id='word_1_177' title='bbox 1586 2350 1790 2415; x_wconf 84' lang='lat' dir='ltr'><strong>posset,</strong></span> <span class='ocrx_word' id='word_1_178' title='bbox 1820 2338 2109 2396; x_wconf 81' lang='lat' dir='ltr'><strong>semivivus</strong></span> 
     </span>
    </p>
   </div>
   <div class='ocr_carea' id='block_1_21' title="bbox 489 2433 2109 2523">
    <p class='ocr_par' dir='ltr' id='par_1_21' title="bbox 489 2433 2109 2523">
     <span class='ocr_line' id='line_1_21' title="bbox 489 2433 2109 2523; baseline -0.019 -7"><span class='ocrx_word' id='word_1_179' title='bbox 489 2433 498 2483; x_wconf 57' lang='grc' dir='ltr'><strong>ί</strong></span> <span class='ocrx_word' id='word_1_180' title='bbox 516 2457 577 2516; x_wconf 82' lang='lat' dir='ltr'><strong>in</strong></span> <span class='ocrx_word' id='word_1_181' title='bbox 598 2458 706 2523; x_wconf 86' lang='lat' dir='ltr'><strong>via,</strong></span> <span class='ocrx_word' id='word_1_182' title='bbox 729 2454 991 2511; x_wconf 77' lang='lat' dir='ltr'><strong>sauciatus</strong></span> <span class='ocrx_word' id='word_1_183' title='bbox 1008 2444 1320 2503; x_wconf 77' lang='lat' dir='ltr'><strong>vulneribus</strong></span> <span class='ocrx_word' id='word_1_184' title='bbox 1335 2439 1637 2499; x_wconf 85' lang='lat' dir='ltr'><strong>latronum?</strong></span> <span class='ocrx_word' id='word_1_185' title='bbox 1656 2435 1822 2506; x_wconf 81' lang='lat' dir='ltr'><strong>Quem</strong></span> <span class='ocrx_word' id='word_1_186' title='bbox 1848 2433 2109 2489; x_wconf 82' lang='lat' dir='ltr'><strong>transiens</strong></span> 
     </span>
    </p>
   </div>
   <div class='ocr_carea' id='block_1_22' title="bbox 492 2530 2109 2620">
    <p class='ocr_par' dir='ltr' id='par_1_22' title="bbox 492 2530 2109 2620">
     <span class='ocr_line' id='line_1_22' title="bbox 492 2530 2109 2620; baseline -0.018 -10"><span class='ocrx_word' id='word_1_187' title='bbox 492 2544 773 2610; x_wconf 78' lang='lat' dir='ltr'><strong>“sacerdos</strong></span> <span class='ocrx_word' id='word_1_188' title='bbox 802 2542 1076 2620; x_wconf 64' lang='lat' dir='ltr'><strong>praeteriit,</strong></span> <span class='ocrx_word' id='word_1_189' title='bbox 1105 2540 1373 2601; x_wconf 87' lang='lat' dir='ltr'><strong>transiens</strong></span> <span class='ocrx_word' id='word_1_190' title='bbox 1412 2534 1594 2593; x_wconf 84' lang='lat' dir='ltr'><strong>Levita</strong></span> <span class='ocrx_word' id='word_1_191' title='bbox 1630 2530 1905 2603; x_wconf 80' lang='lat' dir='ltr'><strong>praeteriit,</strong></span> <span class='ocrx_word' id='word_1_192' title='bbox 1931 2538 2109 2620; x_wconf 81' lang='lat' dir='ltr'><strong>trans-</strong></span> 
     </span>
    </p>
   </div>
   <div class='ocr_carea' id='block_1_23' title="bbox 501 2610 2111 2702">
    <p class='ocr_par' dir='ltr' id='par_1_23' title="bbox 501 2610 2111 2702">
     <span class='ocr_line' id='line_1_23' title="bbox 501 2610 2111 2702; baseline -0.016 0"><span class='ocrx_word' id='word_1_193' title='bbox 501 2641 640 2702; x_wconf 68' lang='lat' dir='ltr'><strong>‘iens</strong></span> <span class='ocrx_word' id='word_1_194' title='bbox 676 2610 1360 2699; x_wconf 68' lang='lat' dir='ltr'><strong>Samaritanusinisemtus</strong></span> <span class='ocrx_word' id='word_1_195' title='bbox 1396 2635 1479 2685; x_wconf 92' lang='lat' dir='ltr'><strong>est</strong></span> <span class='ocrx_word' id='word_1_196' title='bbox 1517 2623 1666 2702; x_wconf 89' lang='lat' dir='ltr'><strong>(Luc.</strong></span> <span class='ocrx_word' id='word_1_197' title='bbox 1695 2618 1871 2695; x_wconf 54' lang='lat' dir='ltr'><strong>L30)</strong></span> <span class='ocrx_word' id='word_1_198' title='bbox 1892 2664 1908 2689; x_wconf 94' lang='lat'><strong>,</strong></span> <span class='ocrx_word' id='word_1_199' title='bbox 1932 2610 2000 2676; x_wconf 81' lang='lat' dir='ltr'><strong>&#39;id</strong></span> <span class='ocrx_word' id='word_1_200' title='bbox 2029 2612 2111 2677; x_wconf 85' lang='lat' dir='ltr'><strong>est</strong></span> 
     </span>
    </p>
   </div>
   <div class='ocr_carea' id='block_1_24' title="bbox 494 2716 2107 2810">
    <p class='ocr_par' dir='ltr' id='par_1_24' title="bbox 494 2716 2107 2810">
     <span class='ocr_line' id='line_1_24' title="bbox 494 2716 2107 2810; baseline -0.019 -14"><span class='ocrx_word' id='word_1_201' title='bbox 494 2733 655 2810; x_wconf 61' lang='lat' dir='ltr'><strong>“ipse</strong></span> <span class='ocrx_word' id='word_1_202' title='bbox 673 2736 948 2798; x_wconf 86' lang='lat' dir='ltr'><strong>Dominus,</strong></span> <span class='ocrx_word' id='word_1_203' title='bbox 1000 2720 1091 2802; x_wconf 69' lang='lat' dir='ltr'><strong>qui</strong></span> <span class='ocrx_word' id='word_1_204' title='bbox 1128 2722 1430 2784; x_wconf 63' lang='lat' dir='ltr'><strong>’ihiseratus</strong></span> <span class='ocrx_word' id='word_1_205' title='bbox 1474 2729 1559 2777; x_wconf 90' lang='lat' dir='ltr'><strong>est</strong></span> <span class='ocrx_word' id='word_1_206' title='bbox 1595 2732 1761 2790; x_wconf 89' lang='lat' dir='ltr'><strong>genus</strong></span> <span class='ocrx_word' id='word_1_207' title='bbox 1798 2716 2107 2770; x_wconf 88' lang='lat' dir='ltr'><strong>humanum.</strong></span> 
     </span>
    </p>
   </div>
   <div class='ocr_carea' id='block_1_25' title="bbox 498 2808 2113 2890">
    <p class='ocr_par' dir='ltr' id='par_1_25' title="bbox 498 2808 2113 2890">
     <span class='ocr_line' id='line_1_25' title="bbox 498 2808 2113 2890; baseline -0.019 1"><span class='ocrx_word' id='word_1_208' title='bbox 498 2808 815 2890; x_wconf 48' lang='lat' dir='ltr'><strong>Samarites</strong></span> <span class='ocrx_word' id='word_1_209' title='bbox 861 2824 1004 2882; x_wconf 87' lang='lat' dir='ltr'><strong>enim</strong></span> <span class='ocrx_word' id='word_1_210' title='bbox 1052 2810 1677 2885; x_wconf 76' lang='lat' dir='ltr'><strong>custoslnterprctatur.</strong></span> <span class='ocrx_word' id='word_1_211' title='bbox 1734 2810 1799 2864; x_wconf 83' lang='lat' dir='ltr'><strong>Et</strong></span> <span class='ocrx_word' id='word_1_212' title='bbox 1848 2808 1966 2878; x_wconf 83' lang='lat' dir='ltr'><strong>quis</strong></span> <span class='ocrx_word' id='word_1_213' title='bbox 2013 2821 2113 2862; x_wconf 91' lang='lat' dir='ltr'><strong>nos</strong></span> 
     </span>
    </p>
   </div>
   <div class='ocr_carea' id='block_1_26' title="bbox 520 2899 2113 2988">
    <p class='ocr_par' dir='ltr' id='par_1_26' title="bbox 520 2899 2113 2988">
     <span class='ocr_line' id='line_1_26' title="bbox 520 2899 2113 2988; baseline -0.019 -6"><span class='ocrx_word' id='word_1_214' title='bbox 520 2921 773 2988; x_wconf 86' lang='lat' dir='ltr'><strong>custodit,</strong></span> <span class='ocrx_word' id='word_1_215' title='bbox 821 2921 865 2976; x_wconf 91' lang='lat' dir='ltr'><strong>si</strong></span> <span class='ocrx_word' id='word_1_216' title='bbox 900 2910 1247 2974; x_wconf 74' lang='lat' dir='ltr'><strong>ille’deSerit‘?</strong></span> <span class='ocrx_word' id='word_1_217' title='bbox 1293 2908 1503 2973; x_wconf 79' lang='lat' dir='ltr'><strong>Merito,</strong></span> <span class='ocrx_word' id='word_1_218' title='bbox 1552 2918 1671 2961; x_wconf 90' lang='lat' dir='ltr'><strong>cum</strong></span> <span class='ocrx_word' id='word_1_219' title='bbox 1700 2901 1885 2958; x_wconf 64' lang='lat' dir='ltr'><strong>Judaei</strong></span> <span class='ocrx_word' id='word_1_220' title='bbox 1925 2899 2113 2955; x_wconf 83' lang='lat' dir='ltr'><strong>c0uvi-</strong></span> 
     </span>
    </p>
   </div>
   <div class='ocr_carea' id='block_1_27' title="bbox 524 2990 2112 3074">
    <p class='ocr_par' dir='ltr' id='par_1_27' title="bbox 524 2990 2112 3074">
     <span class='ocr_line' id='line_1_27' title="bbox 524 2990 2112 3074; baseline -0.02 0"><span class='ocrx_word' id='word_1_221' title='bbox 524 3018 728 3074; x_wconf 86' lang='lat' dir='ltr'><strong>ciantes</strong></span> <span class='ocrx_word' id='word_1_222' title='bbox 758 3012 1013 3071; x_wconf 88' lang='lat' dir='ltr'><strong>dicerent,</strong></span> <span class='ocrx_word' id='word_1_223' title='bbox 1046 3002 1231 3062; x_wconf 82' lang='lat' dir='ltr'><strong>Nonne</strong></span> <span class='ocrx_word' id='word_1_224' title='bbox 1257 3016 1430 3057; x_wconf 74' lang='lat' dir='ltr'><strong>rerum</strong></span> <span class='ocrx_word' id='word_1_225' title='bbox 1460 2996 1696 3060; x_wconf 77' lang='lat' dir='ltr'><strong>dicimus,</strong></span> <span class='ocrx_word' id='word_1_226' title='bbox 1729 2994 1845 3065; x_wconf 82' lang='lat' dir='ltr'><strong>quia</strong></span> <span class='ocrx_word' id='word_1_227' title='bbox 1875 2990 2112 3048; x_wconf 86' lang='lat' dir='ltr'><strong>Samari-</strong></span> 
     </span>
    </p>
   </div>
   <div class='ocr_carea' id='block_1_28' title="bbox 493 3082 2112 3171">
    <p class='ocr_par' dir='ltr' id='par_1_28' title="bbox 493 3082 2112 3171">
     <span class='ocr_line' id='line_1_28' title="bbox 493 3082 2112 3171; baseline -0.017 -6"><span class='ocrx_word' id='word_1_228' title='bbox 493 3096 676 3164; x_wconf 83' lang='lat' dir='ltr'><strong>‘tanus</strong></span> <span class='ocrx_word' id='word_1_229' title='bbox 700 3123 772 3171; x_wconf 87' lang='lat' dir='ltr'><strong>es,</strong></span> <span class='ocrx_word' id='word_1_230' title='bbox 804 3112 852 3158; x_wconf 89' lang='lat' dir='ltr'><strong>et</strong></span> <span class='ocrx_word' id='word_1_231' title='bbox 872 3090 1180 3157; x_wconf 69' lang='lat' dir='ltr'><strong>dte’monium</strong></span> <span class='ocrx_word' id='word_1_232' title='bbox 1208 3092 1357 3148; x_wconf 76' lang='lat' dir='ltr'><strong>habes</strong></span> <span class='ocrx_word' id='word_1_233' title='bbox 1384 3093 1416 3161; x_wconf 79' lang='lat'><strong>‘(</strong></span> <span class='ocrx_word' id='word_1_234' title='bbox 1448 3088 1603 3144; x_wconf 79' lang='lat' dir='ltr'><strong>Joan.</strong></span> <span class='ocrx_word' id='word_1_235' title='bbox 1633 3100 1748 3153; x_wconf 86' lang='lat' dir='ltr'><strong>vnt,</strong></span> <span class='ocrx_word' id='word_1_236' title='bbox 1776 3084 1845 3139; x_wconf 58' lang='lat'><strong>48</strong></span> <span class='ocrx_word' id='word_1_237' title='bbox 1869 3082 1930 3171; x_wconf 62' lang='lat' dir='ltr'><strong>)‘i</strong></span> <span class='ocrx_word' id='word_1_238' title='bbox 1949 3098 2112 3171; x_wconf 88' lang='lat' dir='ltr'><strong>unum</strong></span> 
     </span>
    </p>
   </div>
   <div class='ocr_carea' id='block_1_29' title="bbox 519 3164 2113 3269">
    <p class='ocr_par' dir='ltr' id='par_1_29' title="bbox 519 3164 2113 3269">
     <span class='ocr_line' id='line_1_29' title="bbox 519 3164 2113 3269; baseline -0.02 -11"><span class='ocrx_word' id='word_1_239' title='bbox 519 3164 1005 3269; x_wconf 36' lang='lat' dir='ltr'><strong>respuit,&#39;alterum</strong></span> <span class='ocrx_word' id='word_1_240' title='bbox 1030 3186 1307 3258; x_wconf 87' lang='lat' dir='ltr'><strong>amplexus</strong></span> <span class='ocrx_word' id='word_1_241' title='bbox 1332 3188 1426 3237; x_wconf 81' lang='lat' dir='ltr'><strong>‘est</strong></span> <span class='ocrx_word' id='word_1_242' title='bbox 1456 3197 1469 3233; x_wconf 89' lang='lat'>:</span> <span class='ocrx_word' id='word_1_243' title='bbox 1505 3178 1635 3251; x_wconf 85' lang='lat' dir='ltr'><strong>Ego,</strong></span> <span class='ocrx_word' id='word_1_244' title='bbox 1663 3178 1833 3248; x_wconf 84' lang='lat' dir='ltr'><strong>inquit</strong></span> <span class='ocrx_word' id='word_1_245' title='bbox 1860 3217 1874 3241; x_wconf 94' lang='lat'><strong>,</strong></span> <span class='ocrx_word' id='word_1_246' title='bbox 1906 3164 2113 3229; x_wconf 51' lang='lat' dir='ltr'><strong>‘daemo-</strong></span> 
     </span>
    </p>
   </div>
   <div class='ocr_carea' id='block_1_30' title="bbox 496 3266 2111 3349">
    <p class='ocr_par' dir='ltr' id='par_1_30' title="bbox 496 3266 2111 3349">
     <span class='ocr_line' id='line_1_30' title="bbox 496 3266 2111 3349; baseline -0.02 0"><span class='ocrx_word' id='word_1_247' title='bbox 496 3266 666 3349; x_wconf 74' lang='lat' dir='ltr'><strong>&quot;nium</strong></span> <span class='ocrx_word' id='word_1_248' title='bbox 694 3306 795 3345; x_wconf 86' lang='lat' dir='ltr'><strong>non</strong></span> <span class='ocrx_word' id='word_1_249' title='bbox 822 3285 979 3341; x_wconf 80' lang='lat' dir='ltr'><strong>habeo</strong></span> <span class='ocrx_word' id='word_1_250' title='bbox 1010 3290 1158 3337; x_wconf 85' lang='lat' dir='ltr'><strong>:n0n</strong></span> <span class='ocrx_word' id='word_1_251' title='bbox 1201 3270 1502 3343; x_wconf 56' lang='lat' dir='ltr'><strong>diiit,&#39;Non</strong></span> <span class='ocrx_word' id='word_1_252' title='bbox 1544 3284 1662 3326; x_wconf 89' lang='lat' dir='ltr'><strong>sum</strong></span> <span class='ocrx_word' id='word_1_253' title='bbox 1705 3266 2111 3324; x_wconf 82' lang='lat' dir='ltr'><strong>Samaritanus:</strong></span> 
     </span>
    </p>
   </div>
   <div class='ocr_carea' id='block_1_31' title="bbox 492 3357 2115 3452">
    <p class='ocr_par' dir='ltr' id='par_1_31' title="bbox 492 3357 2115 3452">
     <span class='ocr_line' id='line_1_31' title="bbox 492 3357 2115 3452; baseline -0.018 -10"><span class='ocrx_word' id='word_1_254' title='bbox 492 3387 602 3441; x_wconf 71' lang='lat' dir='ltr'><strong>“sic</strong></span> <span class='ocrx_word' id='word_1_255' title='bbox 629 3381 852 3452; x_wconf 82' lang='lat' dir='ltr'><strong>intelligi</strong></span> <span class='ocrx_word' id='word_1_256' title='bbox 872 3377 1058 3434; x_wconf 83' lang='lat' dir='ltr'><strong>volens</strong></span> <span class='ocrx_word' id='word_1_257' title='bbox 1073 3378 1317 3428; x_wconf 81' lang='lat' dir='ltr'><strong>nostrum</strong></span> <span class='ocrx_word' id='word_1_258' title='bbox 1350 3383 1408 3424; x_wconf 90' lang='lat' dir='ltr'><strong>se</strong></span> <span class='ocrx_word' id='word_1_259' title='bbox 1422 3379 1544 3420; x_wconf 88' lang='lat' dir='ltr'><strong>esse</strong></span> <span class='ocrx_word' id='word_1_260' title='bbox 1567 3359 1867 3417; x_wconf 81' lang='lat' dir='ltr'><strong>custodem.</strong></span> <span class='ocrx_word' id='word_1_261' title='bbox 1891 3357 2115 3414; x_wconf 81' lang='lat' dir='ltr'><strong>Misera-</strong></span> 
     </span>
    </p>
   </div>
   <div class='ocr_carea' id='block_1_32' title="bbox 507 3448 2115 3545">
    <p class='ocr_par' dir='ltr' id='par_1_32' title="bbox 507 3448 2115 3545">
     <span class='ocr_line' id='line_1_32' title="bbox 507 3448 2115 3545; baseline -0.019 -12"><span class='ocrx_word' id='word_1_262' title='bbox 507 3470 611 3533; x_wconf 34' lang='lat' dir='ltr'><strong>‘tus</strong></span> <span class='ocrx_word' id='word_1_263' title='bbox 640 3488 767 3545; x_wconf 89' lang='lat' dir='ltr'><strong>ergo</strong></span> <span class='ocrx_word' id='word_1_264' title='bbox 791 3448 1041 3535; x_wconf 71' lang='lat' dir='ltr'><strong>accessit,</strong></span> <span class='ocrx_word' id='word_1_265' title='bbox 1062 3461 1294 3529; x_wconf 86' lang='lat' dir='ltr'><strong>‘curavit,</strong></span> <span class='ocrx_word' id='word_1_266' title='bbox 1325 3458 1392 3514; x_wconf 85' lang='lat' dir='ltr'><strong>ad</strong></span> <span class='ocrx_word' id='word_1_267' title='bbox 1422 3455 1685 3545; x_wconf 84' lang='lat' dir='ltr'><strong>stabulum</strong></span> <span class='ocrx_word' id='word_1_268' title='bbox 1712 3448 1981 3524; x_wconf 83' lang='lat' dir='ltr'><strong>perduxit,</strong></span> <span class='ocrx_word' id='word_1_269' title='bbox 2013 3450 2115 3505; x_wconf 87' lang='lat' dir='ltr'><strong>im-</strong></span> 
     </span>
    </p>
   </div>
   <div class='ocr_carea' id='block_1_33' title="bbox 506 3544 2119 3643">
    <p class='ocr_par' dir='ltr' id='par_1_33' title="bbox 506 3544 2119 3643">
     <span class='ocr_line' id='line_1_33' title="bbox 506 3544 2119 3643; baseline -0.02 -16"><span class='ocrx_word' id='word_1_270' title='bbox 506 3567 849 3643; x_wconf 57' lang='lat' dir='ltr'><strong>pievitcirca</strong></span> <span class='ocrx_word' id='word_1_271' title='bbox 875 3576 997 3620; x_wconf 92' lang='lat' dir='ltr'><strong>eum</strong></span> <span class='ocrx_word' id='word_1_272' title='bbox 1038 3550 1462 3614; x_wconf 87' lang='lat' dir='ltr'><strong>misericordiam</strong></span> <span class='ocrx_word' id='word_1_273' title='bbox 1494 3544 1622 3603; x_wconf 88' lang='lat' dir='ltr'><strong>:ille</strong></span> <span class='ocrx_word' id='word_1_274' title='bbox 1657 3547 1767 3618; x_wconf 88' lang='lat' dir='ltr'><strong>jam</strong></span> <span class='ocrx_word' id='word_1_275' title='bbox 1803 3549 1980 3616; x_wconf 86' lang='lat' dir='ltr'><strong>potest</strong></span> <span class='ocrx_word' id='word_1_276' title='bbox 2005 3556 2119 3596; x_wconf 88' lang='lat' dir='ltr'><strong>am-</strong></span> 
     </span>
    </p>
   </div>
   <div class='ocr_carea' id='block_1_34' title="bbox 526 3636 2115 3730">
    <p class='ocr_par' dir='ltr' id='par_1_34' title="bbox 526 3636 2115 3730">
     <span class='ocr_line' id='line_1_34' title="bbox 526 3636 2115 3730; baseline -0.019 -11"><span class='ocrx_word' id='word_1_277' title='bbox 526 3636 737 3727; x_wconf 70' lang='lat' dir='ltr'><strong>bu‘lare,</strong></span> <span class='ocrx_word' id='word_1_278' title='bbox 768 3650 1270 3730; x_wconf 64' lang='lat' dir='ltr'><strong>potest&#39;etol&#39;ugere.</strong></span> <span class='ocrx_word' id='word_1_279' title='bbox 1300 3640 1650 3713; x_wconf 82' lang='lat' dir='ltr'><strong>Quofugeret</strong></span> <span class='ocrx_word' id='word_1_280' title='bbox 1692 3638 1794 3695; x_wconf 90' lang='lat' dir='ltr'><strong>nisi</strong></span> <span class='ocrx_word' id='word_1_281' title='bbox 1834 3636 1901 3692; x_wconf 89' lang='lat' dir='ltr'><strong>ad</strong></span> <span class='ocrx_word' id='word_1_282' title='bbox 1927 3636 2115 3703; x_wconf 89' lang='lat' dir='ltr'><strong>Deum,</strong></span> 
     </span>
    </p>
   </div>
   <div class='ocr_carea' id='block_1_35' title="bbox 502 3734 1384 3810">
    <p class='ocr_par' dir='ltr' id='par_1_35' title="bbox 502 3734 1384 3810">
     <span class='ocr_line' id='line_1_35' title="bbox 502 3734 1384 3810; baseline -0.026 1"><span class='ocrx_word' id='word_1_283' title='bbox 502 3748 764 3810; x_wconf 62' lang='lat' dir='ltr'><strong>‘dlii‘t&#39;ecit</strong></span> <span class='ocrx_word' id='word_1_284' title='bbox 788 3747 889 3804; x_wconf 86' lang='lat' dir='ltr'><strong>sibi</strong></span> <span class='ocrx_word' id='word_1_285' title='bbox 916 3746 1137 3801; x_wconf 68' lang='lat' dir='ltr'><strong>(tornum</strong></span> <span class='ocrx_word' id='word_1_286' title='bbox 1158 3734 1384 3808; x_wconf 84' lang='lat' dir='ltr'><strong>refdgii?</strong></span> 
     </span>
    </p>
   </div>
   <div class='ocr_carea' id='block_1_36' title="bbox 600 3823 2120 3916">
    <p class='ocr_par' dir='ltr' id='par_1_36' title="bbox 600 3823 2120 3916">
     <span class='ocr_line' id='line_1_36' title="bbox 600 3823 2120 3916; baseline -0.018 -16"><span class='ocrx_word' id='word_1_287' title='bbox 600 3847 653 3900; x_wconf 84' lang='lat'><strong>9.</strong></span> <span class='ocrx_word' id='word_1_288' title='bbox 684 3843 833 3916; x_wconf 87' lang='lat' dir='ltr'><strong>[vers.</strong></span> <span class='ocrx_word' id='word_1_289' title='bbox 852 3836 935 3911; x_wconf 71' lang='grc'><strong>4.]</strong></span> <span class='ocrx_word' id='word_1_290' title='bbox 964 3834 1095 3901; x_wconf 84' lang='lat' dir='ltr'><strong>Quia</strong></span> <span class='ocrx_word' id='word_1_291' title='bbox 1124 3828 1367 3903; x_wconf 82' lang='lat' dir='ltr'><strong>fortitudo</strong></span> <span class='ocrx_word' id='word_1_292' title='bbox 1385 3842 1494 3882; x_wconf 91' lang='lat' dir='ltr'><strong>mea</strong></span> <span class='ocrx_word' id='word_1_293' title='bbox 1524 3834 1568 3879; x_wconf 89' lang='lat' dir='ltr'><strong>et</strong></span> <span class='ocrx_word' id='word_1_294' title='bbox 1594 3823 1844 3896; x_wconf 83' lang='lat' dir='ltr'><strong>refugium</strong></span> <span class='ocrx_word' id='word_1_295' title='bbox 1876 3835 2040 3875; x_wconf 81' lang='lat' dir='ltr'><strong>meum</strong></span> <span class='ocrx_word' id='word_1_296' title='bbox 2067 3836 2120 3874; x_wconf 90' lang='lat' dir='ltr'><strong>es</strong></span> 
     </span>
    </p>
   </div>
   <div class='ocr_carea' id='block_1_37' title="bbox 509 3910 2120 4006">
    <p class='ocr_par' dir='ltr' id='par_1_37' title="bbox 509 3910 2120 4006">
     <span class='ocr_line' id='line_1_37' title="bbox 509 3910 2120 4006; baseline -0.018 -11"><span class='ocrx_word' id='word_1_297' title='bbox 509 3950 605 4003; x_wconf 83' lang='lat' dir='ltr'><strong>&#39;tu,</strong></span> <span class='ocrx_word' id='word_1_298' title='bbox 629 3910 1113 4006; x_wconf 45' lang='lat' dir='ltr'><strong>et-propternomen</strong></span> <span class='ocrx_word' id='word_1_299' title='bbox 1148 3930 1292 3977; x_wconf 79' lang='lat' dir='ltr'><strong>tuum</strong></span> <span class='ocrx_word' id='word_1_300' title='bbox 1334 3920 1443 3974; x_wconf 73' lang='lat' dir='ltr'><strong>duo;</strong></span> <span class='ocrx_word' id='word_1_301' title='bbox 1488 3915 1613 3971; x_wconf 83' lang='lat' dir='ltr'><strong>mihi</strong></span> <span class='ocrx_word' id='word_1_302' title='bbox 1653 3912 1775 3982; x_wconf 85' lang='lat' dir='ltr'><strong>eris,</strong></span> <span class='ocrx_word' id='word_1_303' title='bbox 1816 3921 1863 3967; x_wconf 87' lang='lat' dir='ltr'><strong>et</strong></span> <span class='ocrx_word' id='word_1_304' title='bbox 1904 3910 2120 3966; x_wconf 85' lang='lat' dir='ltr'><strong>enutries</strong></span> 
     </span>
    </p>
   </div>
   <div class='ocr_carea' id='block_1_38' title="bbox 528 4008 2121 4093">
    <p class='ocr_par' dir='ltr' id='par_1_38' title="bbox 528 4008 2121 4093">
     <span class='ocr_line' id='line_1_38' title="bbox 528 4008 2121 4093; baseline -0.016 -9"><span class='ocrx_word' id='word_1_305' title='bbox 528 4046 611 4084; x_wconf 86' lang='lat' dir='ltr'><strong>me</strong></span> <span class='ocrx_word' id='word_1_306' title='bbox 639 4044 656 4081; x_wconf 91' lang='lat'><strong><em>:</em></strong></span> <span class='ocrx_word' id='word_1_307' title='bbox 686 4041 789 4081; x_wconf 90' lang='lat' dir='ltr'><strong>non</strong></span> <span class='ocrx_word' id='word_1_308' title='bbox 821 4015 1311 4093; x_wconf 76' lang='lat' dir='ltr'><strong>propter‘meritum</strong></span> <span class='ocrx_word' id='word_1_309' title='bbox 1337 4025 1513 4067; x_wconf 92' lang='lat' dir='ltr'><strong>meum</strong></span> <span class='ocrx_word' id='word_1_310' title='bbox 1535 4051 1550 4076; x_wconf 91' lang='lat'><strong>,</strong></span> <span class='ocrx_word' id='word_1_311' title='bbox 1580 4008 1675 4064; x_wconf 90' lang='lat' dir='ltr'><strong>sed</strong></span> <span class='ocrx_word' id='word_1_312' title='bbox 1709 4012 1914 4077; x_wconf 83' lang='lat' dir='ltr'><strong>propter</strong></span> <span class='ocrx_word' id='word_1_313' title='bbox 1941 4019 2121 4058; x_wconf 82' lang='lat' dir='ltr'><strong>nomen</strong></span> 
     </span>
    </p>
   </div>
   <div class='ocr_carea' id='block_1_39' title="bbox 530 4097 2117 4185">
    <p class='ocr_par' dir='ltr' id='par_1_39' title="bbox 530 4097 2117 4185">
     <span class='ocr_line' id='line_1_39' title="bbox 530 4097 2117 4185; baseline -0.017 -9"><span class='ocrx_word' id='word_1_314' title='bbox 530 4128 695 4183; x_wconf 83' lang='lat' dir='ltr'><strong>&#39;tumn,</strong></span> <span class='ocrx_word' id='word_1_315' title='bbox 729 4126 783 4171; x_wconf 89' lang='lat' dir='ltr'><strong>ut</strong></span> <span class='ocrx_word' id='word_1_316' title='bbox 831 4123 887 4171; x_wconf 92' lang='lat' dir='ltr'><strong>tu</strong></span> <span class='ocrx_word' id='word_1_317' title='bbox 915 4106 1256 4185; x_wconf 79' lang='lat' dir='ltr'><strong>gloriﬁceris,</strong></span> <span class='ocrx_word' id='word_1_318' title='bbox 1288 4120 1392 4159; x_wconf 89' lang='lat' dir='ltr'><strong>non</strong></span> <span class='ocrx_word' id='word_1_319' title='bbox 1435 4102 1557 4171; x_wconf 89' lang='lat' dir='ltr'><strong>quia</strong></span> <span class='ocrx_word' id='word_1_320' title='bbox 1595 4115 1695 4172; x_wconf 85' lang='lat' dir='ltr'><strong>ego</strong></span> <span class='ocrx_word' id='word_1_321' title='bbox 1735 4097 1926 4168; x_wconf 86' lang='lat' dir='ltr'><strong>dignus</strong></span> <span class='ocrx_word' id='word_1_322' title='bbox 1964 4110 2117 4162; x_wconf 90' lang='lat' dir='ltr'><strong>sum;</strong></span> 
     </span>
    </p>
   </div>
   <div class='ocr_carea' id='block_1_40' title="bbox 531 4188 2124 4270">
    <p class='ocr_par' dir='ltr' id='par_1_40' title="bbox 531 4188 2124 4270">
     <span class='ocr_line' id='line_1_40' title="bbox 531 4188 2124 4270; baseline -0.018 -3"><span class='ocrx_word' id='word_1_323' title='bbox 531 4215 640 4267; x_wconf 79' lang='lat' dir='ltr'><strong>dua:</strong></span> <span class='ocrx_word' id='word_1_324' title='bbox 668 4208 791 4263; x_wconf 83' lang='lat' dir='ltr'><strong>mihi</strong></span> <span class='ocrx_word' id='word_1_325' title='bbox 839 4205 959 4270; x_wconf 82' lang='lat' dir='ltr'><strong>eris,</strong></span> <span class='ocrx_word' id='word_1_326' title='bbox 1000 4215 1070 4256; x_wconf 90' lang='lat' dir='ltr'><strong>ne</strong></span> <span class='ocrx_word' id='word_1_327' title='bbox 1115 4198 1360 4254; x_wconf 87' lang='lat' dir='ltr'><strong>aberrem</strong></span> <span class='ocrx_word' id='word_1_328' title='bbox 1391 4209 1421 4248; x_wconf 86' lang='lat' dir='ltr'><strong>a</strong></span> <span class='ocrx_word' id='word_1_329' title='bbox 1465 4202 1547 4257; x_wconf 87' lang='lat' dir='ltr'><strong>te;</strong></span> <span class='ocrx_word' id='word_1_330' title='bbox 1593 4199 1636 4245; x_wconf 89' lang='lat' dir='ltr'><strong>et</strong></span> <span class='ocrx_word' id='word_1_331' title='bbox 1676 4188 1892 4244; x_wconf 87' lang='lat' dir='ltr'><strong>enutries</strong></span> <span class='ocrx_word' id='word_1_332' title='bbox 1938 4202 2037 4252; x_wconf 87' lang='lat' dir='ltr'><strong>me,</strong></span> <span class='ocrx_word' id='word_1_333' title='bbox 2066 4194 2124 4241; x_wconf 88' lang='lat' dir='ltr'><strong>ut</strong></span> 
     </span>
    </p>
   </div>
   <div class='ocr_carea' id='block_1_41' title="bbox 512 4280 2122 4360">
    <p class='ocr_par' dir='ltr' id='par_1_41' title="bbox 512 4280 2122 4360">
     <span class='ocr_line' id='line_1_41' title="bbox 512 4280 2122 4360; baseline -0.017 0"><span class='ocrx_word' id='word_1_334' title='bbox 512 4304 738 4360; x_wconf 80' lang='lat' dir='ltr'><strong>‘validus</strong></span> <span class='ocrx_word' id='word_1_335' title='bbox 758 4300 857 4354; x_wconf 89' lang='lat' dir='ltr'><strong>sim</strong></span> <span class='ocrx_word' id='word_1_336' title='bbox 885 4295 951 4351; x_wconf 90' lang='lat' dir='ltr'><strong>ad</strong></span> <span class='ocrx_word' id='word_1_337' title='bbox 972 4287 1401 4351; x_wconf 83' lang='lat' dir='ltr'><strong>manducandum</strong></span> <span class='ocrx_word' id='word_1_338' title='bbox 1431 4300 1631 4350; x_wconf 87' lang='lat' dir='ltr'><strong>escam,</strong></span> <span class='ocrx_word' id='word_1_339' title='bbox 1658 4297 1767 4354; x_wconf 86' lang='lat' dir='ltr'><strong>qua</strong></span> <span class='ocrx_word' id='word_1_340' title='bbox 1800 4280 1974 4353; x_wconf 89' lang='lat' dir='ltr'><strong>pascis</strong></span> <span class='ocrx_word' id='word_1_341' title='bbox 2009 4280 2122 4334; x_wconf 85' lang='lat' dir='ltr'><strong>An-</strong></span> 
     </span>
    </p>
   </div>
   <div class='ocr_carea' id='block_1_42' title="bbox 494 4376 2124 4473">
    <p class='ocr_par' dir='ltr' id='par_1_42' title="bbox 494 4376 2124 4473">
     <span class='ocr_line' id='line_1_42' title="bbox 494 4376 2124 4473; baseline -0.018 -16"><span class='ocrx_word' id='word_1_342' title='bbox 494 4402 699 4473; x_wconf 65' lang='lat' dir='ltr'><strong>“gelos.</strong></span> <span class='ocrx_word' id='word_1_343' title='bbox 736 4396 830 4452; x_wconf 84' lang='lat' dir='ltr'><strong>Hic</strong></span> <span class='ocrx_word' id='word_1_344' title='bbox 850 4393 993 4450; x_wconf 91' lang='lat' dir='ltr'><strong>enim</strong></span> <span class='ocrx_word' id='word_1_345' title='bbox 1021 4390 1160 4445; x_wconf 90' lang='lat' dir='ltr'><strong>lacte</strong></span> <span class='ocrx_word' id='word_1_346' title='bbox 1180 4399 1282 4443; x_wconf 88' lang='lat' dir='ltr'><strong>nos</strong></span> <span class='ocrx_word' id='word_1_347' title='bbox 1298 4381 1534 4448; x_wconf 84' lang='lat' dir='ltr'><strong>nutrivit,</strong></span> <span class='ocrx_word' id='word_1_348' title='bbox 1562 4380 1650 4450; x_wconf 88' lang='lat' dir='ltr'><strong>qui</strong></span> <span class='ocrx_word' id='word_1_349' title='bbox 1675 4377 1828 4433; x_wconf 90' lang='lat' dir='ltr'><strong>nobis</strong></span> <span class='ocrx_word' id='word_1_350' title='bbox 1846 4376 2124 4432; x_wconf 72' lang='lat' dir='ltr'><strong>cmlestem</strong></span> 
     </span>
    </p>
   </div>
   <div class='ocr_carea' id='block_1_43' title="bbox 498 4468 2121 4561">
    <p class='ocr_par' dir='ltr' id='par_1_43' title="bbox 498 4468 2121 4561">
     <span class='ocr_line' id='line_1_43' title="bbox 498 4468 2121 4561; baseline -0.018 -9"><span class='ocrx_word' id='word_1_351' title='bbox 498 4468 710 4551; x_wconf 75' lang='lat' dir='ltr'><strong>&#39;cibum</strong></span> <span class='ocrx_word' id='word_1_352' title='bbox 743 4487 1021 4561; x_wconf 86' lang='lat' dir='ltr'><strong>promisit;</strong></span> <span class='ocrx_word' id='word_1_353' title='bbox 1065 4494 1120 4539; x_wconf 88' lang='lat' dir='ltr'><strong>et</strong></span> <span class='ocrx_word' id='word_1_354' title='bbox 1154 4495 1282 4537; x_wconf 90' lang='lat' dir='ltr'><strong>usus</strong></span> <span class='ocrx_word' id='word_1_355' title='bbox 1321 4485 1406 4534; x_wconf 88' lang='lat' dir='ltr'><strong>est</strong></span> <span class='ocrx_word' id='word_1_356' title='bbox 1448 4485 1684 4531; x_wconf 87' lang='lat' dir='ltr'><strong>materna</strong></span> <span class='ocrx_word' id='word_1_357' title='bbox 1733 4468 2121 4527; x_wconf 84' lang='lat' dir='ltr'><strong>misericordia.</strong></span> 
     </span>
    </p>
   </div>
   <div class='ocr_carea' id='block_1_44' title="bbox 496 4559 2124 4641">
    <p class='ocr_par' dir='ltr' id='par_1_44' title="bbox 496 4559 2124 4641">
     <span class='ocr_line' id='line_1_44' title="bbox 496 4559 2124 4641; baseline -0.017 1"><span class='ocrx_word' id='word_1_358' title='bbox 496 4559 839 4641; x_wconf 73' lang='lat' dir='ltr'><strong>&quot;Sicutenim</strong></span> <span class='ocrx_word' id='word_1_359' title='bbox 864 4588 1033 4633; x_wconf 88' lang='lat' dir='ltr'><strong>mater</strong></span> <span class='ocrx_word' id='word_1_360' title='bbox 1047 4576 1250 4631; x_wconf 86' lang='lat' dir='ltr'><strong>lactans</strong></span> <span class='ocrx_word' id='word_1_361' title='bbox 1270 4568 1512 4626; x_wconf 83' lang='lat' dir='ltr'><strong>eamdem</strong></span> <span class='ocrx_word' id='word_1_362' title='bbox 1534 4579 1731 4631; x_wconf 84' lang='lat' dir='ltr'><strong>escam,</strong></span> <span class='ocrx_word' id='word_1_363' title='bbox 1754 4562 1839 4619; x_wconf 90' lang='lat' dir='ltr'><strong>cui</strong></span> <span class='ocrx_word' id='word_1_364' title='bbox 1853 4559 2124 4619; x_wconf 68' lang='lat' dir='ltr'><strong>sumendae</strong></span> 
     </span>
    </p>
   </div>
   <div class='ocr_carea' id='block_1_45' title="bbox 500 4655 2125 4732">
    <p class='ocr_par' dir='ltr' id='par_1_45' title="bbox 500 4655 2125 4732">
     <span class='ocr_line' id='line_1_45' title="bbox 500 4655 2125 4732; baseline -0.016 1"><span class='ocrx_word' id='word_1_365' title='bbox 500 4676 762 4732; x_wconf 56' lang='lat' dir='ltr'><strong>“idoneus</strong></span> <span class='ocrx_word' id='word_1_366' title='bbox 790 4666 1096 4725; x_wconf 38' lang='lat' dir='ltr'><strong>infans‘non</strong></span> <span class='ocrx_word' id='word_1_367' title='bbox 1122 4672 1206 4719; x_wconf 83' lang='lat' dir='ltr'><strong>est</strong></span> <span class='ocrx_word' id='word_1_368' title='bbox 1224 4704 1237 4725; x_wconf 87' lang='lat'><strong><em>.</em></strong></span> <span class='ocrx_word' id='word_1_369' title='bbox 1260 4677 1358 4732; x_wconf 88' lang='lat' dir='ltr'><strong>per</strong></span> <span class='ocrx_word' id='word_1_370' title='bbox 1378 4674 1593 4715; x_wconf 86' lang='lat' dir='ltr'><strong>carnem</strong></span> <span class='ocrx_word' id='word_1_371' title='bbox 1623 4655 1838 4725; x_wconf 87' lang='lat' dir='ltr'><strong>trajicit,</strong></span> <span class='ocrx_word' id='word_1_372' title='bbox 1860 4664 1913 4709; x_wconf 93' lang='lat' dir='ltr'><strong>et</strong></span> <span class='ocrx_word' id='word_1_373' title='bbox 1935 4655 2016 4709; x_wconf 88' lang='lat' dir='ltr'><strong>lac</strong></span> <span class='ocrx_word' id='word_1_374' title='bbox 2046 4656 2125 4708; x_wconf 89' lang='lat' dir='ltr'><strong>iu-</strong></span> 
     </span>
    </p>
   </div>
   <div class='ocr_carea' id='block_1_46' title="bbox 502 4750 2124 4837">
    <p class='ocr_par' dir='ltr' id='par_1_46' title="bbox 502 4750 2124 4837">
     <span class='ocr_line' id='line_1_46' title="bbox 502 4750 2124 4837; baseline -0.015 -11"><span class='ocrx_word' id='word_1_375' title='bbox 502 4768 712 4827; x_wconf 79' lang='lat' dir='ltr'><strong>“fundit</strong></span> <span class='ocrx_word' id='word_1_376' title='bbox 753 4764 894 4837; x_wconf 89' lang='lat' dir='ltr'><strong>(hoc</strong></span> <span class='ocrx_word' id='word_1_377' title='bbox 937 4761 1079 4817; x_wconf 90' lang='lat' dir='ltr'><strong>enim</strong></span> <span class='ocrx_word' id='word_1_378' title='bbox 1126 4755 1319 4825; x_wconf 87' lang='lat' dir='ltr'><strong>accipit</strong></span> <span class='ocrx_word' id='word_1_379' title='bbox 1364 4752 1612 4822; x_wconf 87' lang='lat' dir='ltr'><strong>parvulus</strong></span> <span class='ocrx_word' id='word_1_380' title='bbox 1643 4750 1783 4819; x_wconf 88' lang='lat' dir='ltr'><strong>quod</strong></span> <span class='ocrx_word' id='word_1_381' title='bbox 1811 4755 2124 4817; x_wconf 86' lang='lat' dir='ltr'><strong>accepturus</strong></span> 
     </span>
    </p>
   </div>
   <div class='ocr_carea' id='block_1_47' title="bbox 528 4838 2121 4921">
    <p class='ocr_par' dir='ltr' id='par_1_47' title="bbox 528 4838 2121 4921">
     <span class='ocr_line' id='line_1_47' title="bbox 528 4838 2121 4921; baseline -0.018 -1"><span class='ocrx_word' id='word_1_382' title='bbox 528 4870 660 4921; x_wconf 73' lang='lat' dir='ltr'><strong>“erat</strong></span> <span class='ocrx_word' id='word_1_383' title='bbox 699 4858 765 4915; x_wconf 82' lang='lat' dir='ltr'><strong>ad</strong></span> <span class='ocrx_word' id='word_1_384' title='bbox 792 4866 1054 4919; x_wconf 87' lang='lat' dir='ltr'><strong>mensam,</strong></span> <span class='ocrx_word' id='word_1_385' title='bbox 1102 4850 1200 4906; x_wconf 88' lang='lat' dir='ltr'><strong>sed</strong></span> <span class='ocrx_word' id='word_1_386' title='bbox 1245 4847 1386 4917; x_wconf 90' lang='lat' dir='ltr'><strong>quod</strong></span> <span class='ocrx_word' id='word_1_387' title='bbox 1435 4858 1531 4914; x_wconf 85' lang='lat' dir='ltr'><strong>per</strong></span> <span class='ocrx_word' id='word_1_388' title='bbox 1573 4858 1787 4898; x_wconf 84' lang='lat' dir='ltr'><strong>carnem</strong></span> <span class='ocrx_word' id='word_1_389' title='bbox 1832 4838 2121 4909; x_wconf 83' lang='lat' dir='ltr'><strong>trajicitur,</strong></span> 
     </span>
    </p>
   </div>
   <div class='ocr_carea' id='block_1_48' title="bbox 500 4933 2127 5024">
    <p class='ocr_par' dir='ltr' id='par_1_48' title="bbox 500 4933 2127 5024">
     <span class='ocr_line' id='line_1_48' title="bbox 500 4933 2127 5024; baseline -0.015 -13"><span class='ocrx_word' id='word_1_390' title='bbox 500 4950 783 5024; x_wconf 71' lang='lat' dir='ltr'><strong>&quot;congruit</strong></span> <span class='ocrx_word' id='word_1_391' title='bbox 826 4943 1108 5019; x_wconf 89' lang='lat' dir='ltr'><strong>parvulo);</strong></span> <span class='ocrx_word' id='word_1_392' title='bbox 1141 4941 1219 4998; x_wconf 91' lang='lat' dir='ltr'><strong>sic</strong></span> <span class='ocrx_word' id='word_1_393' title='bbox 1256 4936 1512 4994; x_wconf 89' lang='lat' dir='ltr'><strong>Dominus</strong></span> <span class='ocrx_word' id='word_1_394' title='bbox 1540 4933 1850 5005; x_wconf 72' lang='lat' dir='ltr'><strong>sapientiam</strong></span> <span class='ocrx_word' id='word_1_395' title='bbox 1877 4947 2028 4987; x_wconf 87' lang='lat' dir='ltr'><strong>suam</strong></span> <span class='ocrx_word' id='word_1_396' title='bbox 2064 4939 2127 4987; x_wconf 88' lang='lat' dir='ltr'><strong>ut</strong></span> 
     </span>
    </p>
   </div>
   <div class='ocr_carea' id='block_1_49' title="bbox 502 5024 2126 5105">
    <p class='ocr_par' dir='ltr' id='par_1_49' title="bbox 502 5024 2126 5105">
     <span class='ocr_line' id='line_1_49' title="bbox 502 5024 2126 5105; baseline -0.015 -1"><span class='ocrx_word' id='word_1_397' title='bbox 502 5044 619 5104; x_wconf 46' lang='lat' dir='ltr'><strong>“lac</strong></span> <span class='ocrx_word' id='word_1_398' title='bbox 645 5044 803 5101; x_wconf 86' lang='lat' dir='ltr'><strong>nobis</strong></span> <span class='ocrx_word' id='word_1_399' title='bbox 842 5042 1061 5105; x_wconf 84' lang='lat' dir='ltr'><strong>faceret,</strong></span> <span class='ocrx_word' id='word_1_400' title='bbox 1112 5031 1531 5091; x_wconf 73' lang='lat' dir='ltr'><strong>carne&#39;indutus</strong></span> <span class='ocrx_word' id='word_1_401' title='bbox 1556 5028 1699 5083; x_wconf 90' lang='lat' dir='ltr'><strong>venit</strong></span> <span class='ocrx_word' id='word_1_402' title='bbox 1742 5024 1808 5081; x_wconf 88' lang='lat' dir='ltr'><strong>ad</strong></span> <span class='ocrx_word' id='word_1_403' title='bbox 1837 5041 1953 5081; x_wconf 87' lang='lat' dir='ltr'><strong>nos.</strong></span> <span class='ocrx_word' id='word_1_404' title='bbox 1986 5025 2126 5098; x_wconf 88' lang='lat' dir='ltr'><strong>Ergo</strong></span> 
     </span>
    </p>
   </div>
   <div class='ocr_carea' id='block_1_50' title="bbox 508 5124 1698 5211">
    <p class='ocr_par' dir='ltr' id='par_1_50' title="bbox 508 5124 1698 5211">
     <span class='ocr_line' id='line_1_50' title="bbox 508 5124 1698 5211; baseline -0.022 -12"><span class='ocrx_word' id='word_1_405' title='bbox 508 5136 513 5163; x_wconf 61' lang='grc' dir='ltr'>ί</span> <span class='ocrx_word' id='word_1_406' title='bbox 536 5154 735 5211; x_wconf 73' lang='lat' dir='ltr'><strong>corpus</strong></span> <span class='ocrx_word' id='word_1_407' title='bbox 753 5134 951 5195; x_wconf 84' lang='lat' dir='ltr'><strong>Christi</strong></span> <span class='ocrx_word' id='word_1_408' title='bbox 983 5130 1239 5203; x_wconf 87' lang='lat' dir='ltr'><strong>loquitur,</strong></span> <span class='ocrx_word' id='word_1_409' title='bbox 1272 5127 1335 5181; x_wconf 84' lang='lat' dir='ltr'><strong>Et</strong></span> <span class='ocrx_word' id='word_1_410' title='bbox 1362 5124 1578 5181; x_wconf 86' lang='lat' dir='ltr'><strong>enutries</strong></span> <span class='ocrx_word' id='word_1_411' title='bbox 1605 5138 1698 5176; x_wconf 89' lang='lat' dir='ltr'><strong>me.</strong></span> 
     </span>
    </p>
   </div>
   <div class='ocr_carea' id='block_1_51' title="bbox 609 5213 2127 5305">
    <p class='ocr_par' dir='ltr' id='par_1_51' title="bbox 609 5213 2127 5305">
     <span class='ocr_line' id='line_1_51' title="bbox 609 5213 2127 5305; baseline -0.017 -15"><span class='ocrx_word' id='word_1_412' title='bbox 609 5233 697 5290; x_wconf 76' lang='grc'><strong>10.</strong></span> <span class='ocrx_word' id='word_1_413' title='bbox 727 5229 875 5305; x_wconf 66' lang='lat' dir='ltr'><strong>[vers</strong></span> <span class='ocrx_word' id='word_1_414' title='bbox 905 5225 984 5300; x_wconf 84' lang='lat'><strong>5.]</strong></span> <span class='ocrx_word' id='word_1_415' title='bbox 1020 5222 1219 5278; x_wconf 83' lang='lat' dir='ltr'><strong>Educes</strong></span> <span class='ocrx_word' id='word_1_416' title='bbox 1259 5235 1337 5273; x_wconf 89' lang='lat' dir='ltr'><strong>me</strong></span> <span class='ocrx_word' id='word_1_417' title='bbox 1374 5216 1437 5271; x_wconf 83' lang='lat' dir='ltr'><strong>de</strong></span> <span class='ocrx_word' id='word_1_418' title='bbox 1477 5214 1762 5283; x_wconf 79' lang='lat' dir='ltr'><strong>muscipula</strong></span> <span class='ocrx_word' id='word_1_419' title='bbox 1798 5213 1930 5281; x_wconf 89' lang='lat' dir='ltr'><strong>ista,</strong></span> <span class='ocrx_word' id='word_1_420' title='bbox 1975 5228 2127 5283; x_wconf 84' lang='lat' dir='ltr'><strong>quam</strong></span> 
     </span>
    </p>
   </div>
   <div class='ocr_carea' id='block_1_52' title="bbox 502 5303 2127 5384">
    <p class='ocr_par' dir='ltr' id='par_1_52' title="bbox 502 5303 2127 5384">
     <span class='ocr_line' id='line_1_52' title="bbox 502 5303 2127 5384; baseline -0.015 0"><span class='ocrx_word' id='word_1_421' title='bbox 502 5303 913 5384; x_wconf 63' lang='lat' dir='ltr'><strong>‘occultaeerunt</strong></span> <span class='ocrx_word' id='word_1_422' title='bbox 957 5314 1100 5373; x_wconf 75' lang='lat' dir='ltr'><strong>mihi.</strong></span> <span class='ocrx_word' id='word_1_423' title='bbox 1147 5309 1485 5380; x_wconf 75' lang='lat' dir='ltr'><strong>Jam&#39;passio</strong></span> <span class='ocrx_word' id='word_1_424' title='bbox 1513 5306 1878 5378; x_wconf 81' lang='lat' dir='ltr'><strong>signiﬁcatur,</strong></span> <span class='ocrx_word' id='word_1_425' title='bbox 1914 5303 2127 5359; x_wconf 83' lang='lat' dir='ltr'><strong>‘Educes</strong></span> 
     </span>
    </p>
   </div>
   <div class='ocr_carea' id='block_1_53' title="bbox 502 5394 2128 5484">
    <p class='ocr_par' dir='ltr' id='par_1_53' title="bbox 502 5394 2128 5484">
     <span class='ocr_line' id='line_1_53' title="bbox 502 5394 2128 5484; baseline 0.002 -34"><span class='ocrx_word' id='word_1_426' title='bbox 502 5416 617 5474; x_wconf 51' lang='lat' dir='ltr'><strong>eme</strong></span> <span class='ocrx_word' id='word_1_427' title='bbox 643 5418 709 5472; x_wconf 59' lang='lat' dir='ltr'><strong><em>de</em></strong></span> <span class='ocrx_word' id='word_1_428' title='bbox 742 5409 1029 5484; x_wconf 60' lang='lat' dir='ltr'><strong>muscipula</strong></span> <span class='ocrx_word' id='word_1_429' title='bbox 1052 5408 1171 5472; x_wconf 82' lang='lat' dir='ltr'><strong>ista,</strong></span> <span class='ocrx_word' id='word_1_430' title='bbox 1211 5416 1365 5475; x_wconf 80' lang='lat' dir='ltr'><strong>quam</strong></span> <span class='ocrx_word' id='word_1_431' title='bbox 1409 5400 1786 5454; x_wconf 81' lang='lat' dir='ltr'><strong>occultaverunt</strong></span> <span class='ocrx_word' id='word_1_432' title='bbox 1827 5394 1972 5450; x_wconf 82' lang='lat' dir='ltr'><strong>mihi.</strong></span> <span class='ocrx_word' id='word_1_433' title='bbox 2020 5394 2128 5453; x_wconf 84' lang='lat' dir='ltr'><strong>Nec</strong></span> 
     </span>
    </p>
   </div>
   <div class='ocr_carea' id='block_1_54' title="bbox 502 5488 2130 5576">
    <p class='ocr_par' dir='ltr' id='par_1_54' title="bbox 502 5488 2130 5576">
     <span class='ocr_line' id='line_1_54' title="bbox 502 5488 2130 5576; baseline -0.014 -9"><span class='ocrx_word' id='word_1_434' title='bbox 502 5510 650 5567; x_wconf 57' lang='lat' dir='ltr'><strong>*sola</strong></span> <span class='ocrx_word' id='word_1_435' title='bbox 681 5509 768 5563; x_wconf 87' lang='lat' dir='ltr'><strong>illa</strong></span> <span class='ocrx_word' id='word_1_436' title='bbox 800 5502 978 5576; x_wconf 85' lang='lat' dir='ltr'><strong>passio</strong></span> <span class='ocrx_word' id='word_1_437' title='bbox 1002 5507 1104 5565; x_wconf 87' lang='lat' dir='ltr'><strong>est,</strong></span> <span class='ocrx_word' id='word_1_438' title='bbox 1144 5498 1247 5568; x_wconf 87' lang='lat' dir='ltr'><strong>qua</strong></span> <span class='ocrx_word' id='word_1_439' title='bbox 1288 5506 1478 5565; x_wconf 84' lang='lat' dir='ltr'><strong>passus</strong></span> <span class='ocrx_word' id='word_1_440' title='bbox 1519 5500 1601 5546; x_wconf 90' lang='lat' dir='ltr'><strong>est</strong></span> <span class='ocrx_word' id='word_1_441' title='bbox 1658 5488 1913 5544; x_wconf 86' lang='lat' dir='ltr'><strong>Dominus</strong></span> <span class='ocrx_word' id='word_1_442' title='bbox 1949 5496 2130 5545; x_wconf 87' lang='lat' dir='ltr'><strong>noster</strong></span> 
     </span>
    </p>
   </div>
   <div class='ocr_carea' id='block_1_55' title="bbox 506 5580 2130 5661">
    <p class='ocr_par' dir='ltr' id='par_1_55' title="bbox 506 5580 2130 5661">
     <span class='ocr_line' id='line_1_55' title="bbox 506 5580 2130 5661; baseline -0.015 -1"><span class='ocrx_word' id='word_1_443' title='bbox 506 5602 691 5661; x_wconf 66' lang='lat' dir='ltr'><strong>&quot;lesus</strong></span> <span class='ocrx_word' id='word_1_444' title='bbox 718 5596 1003 5654; x_wconf 85' lang='lat' dir='ltr'><strong>Christus:</strong></span> <span class='ocrx_word' id='word_1_445' title='bbox 1030 5586 1381 5659; x_wconf 81' lang='lat' dir='ltr'><strong>muscipulam</strong></span> <span class='ocrx_word' id='word_1_446' title='bbox 1411 5598 1561 5639; x_wconf 83' lang='lat' dir='ltr'><strong>suam</strong></span> <span class='ocrx_word' id='word_1_447' title='bbox 1608 5580 1857 5638; x_wconf 79' lang='lat' dir='ltr'><strong>diabolus</strong></span> <span class='ocrx_word' id='word_1_448' title='bbox 1907 5580 2130 5637; x_wconf 84' lang='lat' dir='ltr'><strong>tetendit</strong></span> 
     </span>
    </p>
   </div>
   <div class='ocr_carea' id='block_1_56' title="bbox 504 5670 2127 5767">
    <p class='ocr_par' dir='ltr' id='par_1_56' title="bbox 504 5670 2127 5767">
     <span class='ocr_line' id='line_1_56' title="bbox 504 5670 2127 5767; baseline -0.014 -14"><span class='ocrx_word' id='word_1_449' title='bbox 504 5696 706 5767; x_wconf 71' lang='lat' dir='ltr'><strong>“usque</strong></span> <span class='ocrx_word' id='word_1_450' title='bbox 742 5694 800 5747; x_wconf 87' lang='lat' dir='ltr'><strong>in</strong></span> <span class='ocrx_word' id='word_1_451' title='bbox 822 5689 1025 5745; x_wconf 77' lang='lat' dir='ltr'><strong>‘ilnem.</strong></span> <span class='ocrx_word' id='word_1_452' title='bbox 1054 5670 1227 5740; x_wconf 18' lang='lat' dir='ltr'><strong>Et‘vee</strong></span> <span class='ocrx_word' id='word_1_453' title='bbox 1252 5680 1329 5736; x_wconf 90' lang='lat' dir='ltr'><strong>illi</strong></span> <span class='ocrx_word' id='word_1_454' title='bbox 1358 5722 1371 5743; x_wconf 92' lang='lat'><strong>,</strong></span> <span class='ocrx_word' id='word_1_455' title='bbox 1406 5678 1496 5749; x_wconf 88' lang='lat' dir='ltr'><strong>qui</strong></span> <span class='ocrx_word' id='word_1_456' title='bbox 1520 5677 1577 5732; x_wconf 88' lang='lat' dir='ltr'><strong>in</strong></span> <span class='ocrx_word' id='word_1_457' title='bbox 1606 5677 1752 5732; x_wconf 86' lang='lat' dir='ltr'><strong>illam</strong></span> <span class='ocrx_word' id='word_1_458' title='bbox 1779 5676 2127 5747; x_wconf 87' lang='lat' dir='ltr'><strong>muscipulam</strong></span> 
     </span>
    </p>
   </div>
   <div class='ocr_carea' id='block_1_57' title="bbox 512 5768 2126 5844">
    <p class='ocr_par' dir='ltr' id='par_1_57' title="bbox 512 5768 2126 5844">
     <span class='ocr_line' id='line_1_57' title="bbox 512 5768 2126 5844; baseline -0.012 -2"><span class='ocrx_word' id='word_1_459' title='bbox 512 5788 683 5844; x_wconf 52' lang='lat' dir='ltr'><strong>tcadit</strong></span> <span class='ocrx_word' id='word_1_460' title='bbox 723 5802 739 5839; x_wconf 88' lang='lat'><strong>:</strong></span> <span class='ocrx_word' id='word_1_461' title='bbox 774 5778 916 5838; x_wconf 85' lang='lat' dir='ltr'><strong>cadit</strong></span> <span class='ocrx_word' id='word_1_462' title='bbox 944 5787 1121 5834; x_wconf 80' lang='lat' dir='ltr'><strong>autem</strong></span> <span class='ocrx_word' id='word_1_463' title='bbox 1148 5778 1323 5830; x_wconf 84' lang='lat' dir='ltr'><strong>omnis</strong></span> <span class='ocrx_word' id='word_1_464' title='bbox 1349 5773 1440 5841; x_wconf 90' lang='lat' dir='ltr'><strong>qui</strong></span> <span class='ocrx_word' id='word_1_465' title='bbox 1481 5785 1585 5825; x_wconf 89' lang='lat' dir='ltr'><strong>non</strong></span> <span class='ocrx_word' id='word_1_466' title='bbox 1628 5776 1807 5838; x_wconf 86' lang='lat' dir='ltr'><strong>sperat</strong></span> <span class='ocrx_word' id='word_1_467' title='bbox 1831 5769 1883 5822; x_wconf 90' lang='lat' dir='ltr'><strong>in</strong></span> <span class='ocrx_word' id='word_1_468' title='bbox 1917 5768 2082 5822; x_wconf 82' lang='lat' dir='ltr'><strong>Deum</strong></span> <span class='ocrx_word' id='word_1_469' title='bbox 2110 5783 2126 5833; x_wconf 90' lang='lat'><strong>;</strong></span> 
     </span>
    </p>
   </div>
   <div class='ocr_carea' id='block_1_58' title="bbox 510 5859 2131 5952">
    <p class='ocr_par' dir='ltr' id='par_1_58' title="bbox 510 5859 2131 5952">
     <span class='ocr_line' id='line_1_58' title="bbox 510 5859 2131 5952; baseline -0.015 -15"><span class='ocrx_word' id='word_1_470' title='bbox 510 5878 632 5952; x_wconf 50' lang='lat' dir='ltr'><strong>“qui</strong></span> <span class='ocrx_word' id='word_1_471' title='bbox 662 5891 767 5932; x_wconf 89' lang='lat' dir='ltr'><strong>non</strong></span> <span class='ocrx_word' id='word_1_472' title='bbox 792 5873 929 5930; x_wconf 79' lang='lat' dir='ltr'><strong>dicit</strong></span> <span class='ocrx_word' id='word_1_473' title='bbox 953 5869 1063 5931; x_wconf 79' lang='lat' dir='ltr'><strong>:‘In</strong></span> <span class='ocrx_word' id='word_1_474' title='bbox 1091 5877 1157 5937; x_wconf 84' lang='lat' dir='ltr'><strong>te,</strong></span> <span class='ocrx_word' id='word_1_475' title='bbox 1176 5866 1423 5931; x_wconf 78' lang='lat' dir='ltr'><strong>“Domine,</strong></span> <span class='ocrx_word' id='word_1_476' title='bbox 1448 5863 1668 5936; x_wconf 75' lang='lat' dir='ltr'><strong>speravi,</strong></span> <span class='ocrx_word' id='word_1_477' title='bbox 1717 5876 1819 5915; x_wconf 87' lang='lat' dir='ltr'><strong>non</strong></span> <span class='ocrx_word' id='word_1_478' title='bbox 1843 5859 2131 5930; x_wconf 82' lang='lat' dir='ltr'><strong>confundar</strong></span> 
     </span>
    </p>
   </div>
   <div class='ocr_carea' id='block_1_59' title="bbox 520 5956 2124 6036">
    <p class='ocr_par' dir='ltr' id='par_1_59' title="bbox 520 5956 2124 6036">
     <span class='ocr_line' id='line_1_59' title="bbox 520 5956 2124 6036; baseline -0.015 -4"><span class='ocrx_word' id='word_1_479' title='bbox 520 5977 871 6036; x_wconf 57' lang='lat' dir='ltr'><strong>item</strong></span> <span class='ocrx_word' id='word_1_480' title='bbox 901 5982 922 6023; x_wconf 90' lang='lat'><strong><em>:</em></strong></span> <span class='ocrx_word' id='word_1_481' title='bbox 958 5958 1425 6034; x_wconf 83' lang='lat' dir='ltr'><strong>et</strong></span> <span class='ocrx_word' id='word_1_482' title='bbox 1448 5973 1565 6015; x_wconf 66' lang='lat' dir='ltr'><strong>me</strong></span> <span class='ocrx_word' id='word_1_483' title='bbox 1601 5972 1701 6023; x_wconf 71' lang='lat' dir='ltr'><strong>me,</strong></span> <span class='ocrx_word' id='word_1_484' title='bbox 1747 5956 2000 6011; x_wconf 60' lang='lat' dir='ltr'><strong>uacatione</strong></span> <span class='ocrx_word' id='word_1_485' title='bbox 2022 5971 2124 6009; x_wconf 82' lang='lat' dir='ltr'><strong>me.</strong></span> 
     </span>
    </p>
   </div>
   <div class='ocr_carea' id='block_1_60' title="bbox 1756 428 2565 514">
    <p class='ocr_par' dir='ltr' id='par_1_60' title="bbox 1756 428 2565 514">
     <span class='ocr_line' id='line_1_60' title="bbox 1756 428 2565 514; baseline -0.022 0"><span class='ocrx_word' id='word_1_486' title='bbox 1756 453 1817 514; x_wconf 81' lang='lat'><strong>8.</strong></span> <span class='ocrx_word' id='word_1_487' title='bbox 1856 428 2224 510; x_wconf 70' lang='lat' dir='ltr'><strong>’AUGUSTiNl</strong></span> <span class='ocrx_word' id='word_1_488' title='bbox 2263 435 2565 504; x_wconf 74' lang='lat' dir='ltr'><strong>EPIBCOPI</strong></span> 
     </span>
    </p>
   </div>
   <div class='ocr_carea' id='block_1_61' title="bbox 2150 552 3796 639">
    <p class='ocr_par' dir='ltr' id='par_1_61' title="bbox 2150 552 3796 639">
     <span class='ocr_line' id='line_1_61' title="bbox 2150 552 3796 639; baseline 0.001 -17"><span class='ocrx_word' id='word_1_489' title='bbox 2150 588 2156 592; x_wconf 51' lang='grc'>&lt;</span> <span class='ocrx_word' id='word_1_490' title='bbox 2202 560 2442 623; x_wconf 76' lang='lat' dir='ltr'><strong>‘Extettta</strong></span> <span class='ocrx_word' id='word_1_491' title='bbox 2480 575 2565 624; x_wconf 86' lang='lat' dir='ltr'><strong>est</strong></span> <span class='ocrx_word' id='word_1_492' title='bbox 2603 574 2656 624; x_wconf 88' lang='lat' dir='ltr'><strong>et</strong></span> <span class='ocrx_word' id='word_1_493' title='bbox 2684 575 2873 639; x_wconf 76' lang='lat' dir='ltr'><strong>parata</strong></span> <span class='ocrx_word' id='word_1_494' title='bbox 2918 552 3478 639; x_wconf 55' lang='lat' dir='ltr'><strong>musciptilbdulrtiiﬁ.</strong></span> <span class='ocrx_word' id='word_1_495' title='bbox 3513 564 3710 625; x_wconf 75' lang='lat' dir='ltr'><strong>&#39;Postiit</strong></span> <span class='ocrx_word' id='word_1_496' title='bbox 3739 568 3796 625; x_wconf 86' lang='lat' dir='ltr'><strong>in</strong></span> 
     </span>
    </p>
   </div>
   <div class='ocr_carea' id='block_1_62' title="bbox 2212 5749 3570 5823">
    <p class='ocr_par' dir='ltr' id='par_1_62' title="bbox 2212 5749 3570 5823">
     <span class='ocr_line' id='line_1_62' title="bbox 2212 5749 3570 5823; baseline -0.021 -2"><span class='ocrx_word' id='word_1_497' title='bbox 2625 5749 2741 5815; x_wconf 51' lang='lat' dir='ltr'><strong>me.</strong></span> <span class='ocrx_word' id='word_1_498' title='bbox 2774 5749 3477 5820; x_wconf 48' lang='lat' dir='ltr'><strong>manumittenti“</strong></span> <span class='ocrx_word' id='word_1_499' title='bbox 3509 5757 3570 5794; x_wconf 85' lang='lat' dir='ltr'><strong>eu</strong></span> 
     </span>
    </p>
   </div>
   <div class='ocr_carea' id='block_1_63' title="bbox 3674 432 3799 510">
    <p class='ocr_par' dir='ltr' id='par_1_63' title="bbox 3674 432 3799 510">
     <span class='ocr_line' id='line_1_63' title="bbox 3674 432 3799 510; baseline -0.016 1"><span class='ocrx_word' id='word_1_500' title='bbox 3674 432 3799 510; x_wconf 61' lang='lat'><strong>‘23!)</strong></span> 
     </span>
    </p>
   </div>
   <div class='ocr_carea' id='block_1_64' title="bbox 2206 650 3795 734">
    <p class='ocr_par' dir='ltr' id='par_1_64' title="bbox 2206 650 3795 734">
     <span class='ocr_line' id='line_1_64' title="bbox 2206 650 3795 734; baseline 0.001 -20"><span class='ocrx_word' id='word_1_501' title='bbox 2206 659 2506 730; x_wconf 79' lang='lat' dir='ltr'><strong>nmscipuia</strong></span> <span class='ocrx_word' id='word_1_502' title='bbox 2531 674 2768 717; x_wconf 89' lang='lat' dir='ltr'><strong>errorem</strong></span> <span class='ocrx_word' id='word_1_503' title='bbox 2797 670 2851 718; x_wconf 91' lang='lat' dir='ltr'><strong>et</strong></span> <span class='ocrx_word' id='word_1_504' title='bbox 2879 670 3138 718; x_wconf 86' lang='lat' dir='ltr'><strong>terrorem</strong></span> <span class='ocrx_word' id='word_1_505' title='bbox 3156 650 3427 719; x_wconf 78' lang='lat' dir='ltr'><strong>:errorem</strong></span> <span class='ocrx_word' id='word_1_506' title='bbox 3457 676 3563 734; x_wconf 93' lang='lat' dir='ltr'><strong>quo</strong></span> <span class='ocrx_word' id='word_1_507' title='bbox 3588 660 3795 730; x_wconf 88' lang='lat' dir='ltr'><strong>illiciat,</strong></span> 
     </span>
    </p>
   </div>
   <div class='ocr_carea' id='block_1_65' title="bbox 2213 746 3799 827">
    <p class='ocr_par' dir='ltr' id='par_1_65' title="bbox 2213 746 3799 827">
     <span class='ocr_line' id='line_1_65' title="bbox 2213 746 3799 827; baseline 0.002 -20"><span class='ocrx_word' id='word_1_508' title='bbox 2213 746 2474 808; x_wconf 84' lang='lat' dir='ltr'><strong>terrorem</strong></span> <span class='ocrx_word' id='word_1_509' title='bbox 2521 766 2627 823; x_wconf 87' lang='lat' dir='ltr'><strong>quo</strong></span> <span class='ocrx_word' id='word_1_510' title='bbox 2662 750 2897 825; x_wconf 68' lang='lat' dir='ltr'><strong>&quot;frangat,</strong></span> <span class='ocrx_word' id='word_1_511' title='bbox 2943 763 2998 811; x_wconf 92' lang='lat' dir='ltr'><strong>et</strong></span> <span class='ocrx_word' id='word_1_512' title='bbox 3041 753 3231 825; x_wconf 87' lang='lat' dir='ltr'><strong>rapiat.</strong></span> <span class='ocrx_word' id='word_1_513' title='bbox 3248 749 3340 811; x_wconf 71' lang='lat' dir='ltr'><strong>‘Tu</strong></span> <span class='ocrx_word' id='word_1_514' title='bbox 3365 748 3799 827; x_wconf 74' lang='lat' dir='ltr'><strong>claude‘januam</strong></span> 
     </span>
    </p>
   </div>
   <div class='ocr_carea' id='block_1_66' title="bbox 2211 846 3801 920">
    <p class='ocr_par' dir='ltr' id='par_1_66' title="bbox 2211 846 3801 920">
     <span class='ocr_line' id='line_1_66' title="bbox 2211 846 3801 920; baseline 0.001 -16"><span class='ocrx_word' id='word_1_515' title='bbox 2211 846 2514 918; x_wconf 86' lang='lat' dir='ltr'><strong>cupiditatis</strong></span> <span class='ocrx_word' id='word_1_516' title='bbox 2538 857 2723 904; x_wconf 87' lang='lat' dir='ltr'><strong>contra</strong></span> <span class='ocrx_word' id='word_1_517' title='bbox 2753 862 2992 905; x_wconf 88' lang='lat' dir='ltr'><strong>errorem</strong></span> <span class='ocrx_word' id='word_1_518' title='bbox 3017 866 3032 916; x_wconf 89' lang='lat'><strong>;</strong></span> <span class='ocrx_word' id='word_1_519' title='bbox 3061 857 3116 903; x_wconf 92' lang='lat' dir='ltr'><strong>tu</strong></span> <span class='ocrx_word' id='word_1_520' title='bbox 3134 846 3330 906; x_wconf 82' lang='lat' dir='ltr'><strong>claude</strong></span> <span class='ocrx_word' id='word_1_521' title='bbox 3354 851 3570 920; x_wconf 87' lang='lat' dir='ltr'><strong>januam</strong></span> <span class='ocrx_word' id='word_1_522' title='bbox 3592 849 3801 905; x_wconf 83' lang='lat' dir='ltr'><strong>timoris</strong></span> 
     </span>
    </p>
   </div>
   <div class='ocr_carea' id='block_1_67' title="bbox 2212 940 3800 1013">
    <p class='ocr_par' dir='ltr' id='par_1_67' title="bbox 2212 940 3800 1013">
     <span class='ocr_line' id='line_1_67' title="bbox 2212 940 3800 1013; baseline 0.001 -17"><span class='ocrx_word' id='word_1_523' title='bbox 2212 951 2395 996; x_wconf 88' lang='lat' dir='ltr'><strong>contra</strong></span> <span class='ocrx_word' id='word_1_524' title='bbox 2421 950 2698 1007; x_wconf 89' lang='lat' dir='ltr'><strong>terrorem,</strong></span> <span class='ocrx_word' id='word_1_525' title='bbox 2717 950 2772 997; x_wconf 90' lang='lat' dir='ltr'><strong>et</strong></span> <span class='ocrx_word' id='word_1_526' title='bbox 2789 940 3034 997; x_wconf 90' lang='lat' dir='ltr'><strong>educeris</strong></span> <span class='ocrx_word' id='word_1_527' title='bbox 3053 941 3121 998; x_wconf 89' lang='lat' dir='ltr'><strong>de</strong></span> <span class='ocrx_word' id='word_1_528' title='bbox 3136 941 3454 1013; x_wconf 89' lang='lat' dir='ltr'><strong>muscipula.</strong></span> <span class='ocrx_word' id='word_1_529' title='bbox 3483 942 3800 1013; x_wconf 80' lang='lat' dir='ltr'><strong>Hujusmodi</strong></span> 
     </span>
    </p>
   </div>
   <div class='ocr_carea' id='block_1_68' title="bbox 2205 1034 3798 1109">
    <p class='ocr_par' dir='ltr' id='par_1_68' title="bbox 2205 1034 3798 1109">
     <span class='ocr_line' id='line_1_68' title="bbox 2205 1034 3798 1109; baseline 0.002 -19"><span class='ocrx_word' id='word_1_530' title='bbox 2205 1046 2401 1107; x_wconf 68' lang='lat' dir='ltr'><strong>~pugna:</strong></span> <span class='ocrx_word' id='word_1_531' title='bbox 2421 1034 2721 1107; x_wconf 79' lang='lat' dir='ltr'><strong>exemplum</strong></span> <span class='ocrx_word' id='word_1_532' title='bbox 2746 1035 2860 1107; x_wconf 88' lang='lat' dir='ltr'><strong>ipse</strong></span> <span class='ocrx_word' id='word_1_533' title='bbox 2876 1035 2967 1093; x_wconf 90' lang='lat' dir='ltr'><strong>tibi</strong></span> <span class='ocrx_word' id='word_1_534' title='bbox 2989 1036 3281 1107; x_wconf 85' lang='lat' dir='ltr'><strong>Imperator</strong></span> <span class='ocrx_word' id='word_1_535' title='bbox 3296 1044 3436 1103; x_wconf 89' lang='lat' dir='ltr'><strong>tuus,</strong></span> <span class='ocrx_word' id='word_1_536' title='bbox 3463 1038 3552 1109; x_wconf 92' lang='lat' dir='ltr'><strong>qui</strong></span> <span class='ocrx_word' id='word_1_537' title='bbox 3581 1046 3798 1109; x_wconf 86' lang='lat' dir='ltr'><strong>propter</strong></span> 
     </span>
    </p>
   </div>
   <div class='ocr_carea' id='block_1_69' title="bbox 2213 1128 3803 1200">
    <p class='ocr_par' dir='ltr' id='par_1_69' title="bbox 2213 1128 3803 1200">
     <span class='ocr_line' id='line_1_69' title="bbox 2213 1128 3803 1200; baseline 0.003 -18"><span class='ocrx_word' id='word_1_538' title='bbox 2213 1133 2265 1183; x_wconf 85' lang='lat' dir='ltr'><strong>te</strong></span> <span class='ocrx_word' id='word_1_539' title='bbox 2289 1129 2445 1183; x_wconf 88' lang='lat' dir='ltr'><strong>etiam</strong></span> <span class='ocrx_word' id='word_1_540' title='bbox 2476 1128 2667 1185; x_wconf 87' lang='lat' dir='ltr'><strong>tentari</strong></span> <span class='ocrx_word' id='word_1_541' title='bbox 2692 1128 2937 1200; x_wconf 88' lang='lat' dir='ltr'><strong>dignatus</strong></span> <span class='ocrx_word' id='word_1_542' title='bbox 2965 1137 3068 1198; x_wconf 90' lang='lat' dir='ltr'><strong>est,</strong></span> <span class='ocrx_word' id='word_1_543' title='bbox 3102 1130 3157 1185; x_wconf 92' lang='lat' dir='ltr'><strong>in</strong></span> <span class='ocrx_word' id='word_1_544' title='bbox 3192 1143 3252 1187; x_wconf 89' lang='lat' dir='ltr'><strong>se</strong></span> <span class='ocrx_word' id='word_1_545' title='bbox 3296 1129 3700 1187; x_wconf 88' lang='lat' dir='ltr'><strong>demonstravit.</strong></span> <span class='ocrx_word' id='word_1_546' title='bbox 3732 1130 3803 1186; x_wconf 88' lang='lat' dir='ltr'><strong>Et</strong></span> 
     </span>
    </p>
   </div>
   <div class='ocr_carea' id='block_1_70' title="bbox 2208 1222 3800 1296">
    <p class='ocr_par' dir='ltr' id='par_1_70' title="bbox 2208 1222 3800 1296">
     <span class='ocr_line' id='line_1_70' title="bbox 2208 1222 3800 1296; baseline 0.003 -19"><span class='ocrx_word' id='word_1_547' title='bbox 2208 1222 2384 1292; x_wconf 89' lang='lat' dir='ltr'><strong>primo</strong></span> <span class='ocrx_word' id='word_1_548' title='bbox 2413 1230 2641 1279; x_wconf 88' lang='lat' dir='ltr'><strong>tentatus</strong></span> <span class='ocrx_word' id='word_1_549' title='bbox 2669 1232 2751 1279; x_wconf 91' lang='lat' dir='ltr'><strong>est</strong></span> <span class='ocrx_word' id='word_1_550' title='bbox 2779 1223 3071 1290; x_wconf 88' lang='lat' dir='ltr'><strong>illecebris;</strong></span> <span class='ocrx_word' id='word_1_551' title='bbox 3105 1225 3230 1296; x_wconf 89' lang='lat' dir='ltr'><strong>quia</strong></span> <span class='ocrx_word' id='word_1_552' title='bbox 3254 1230 3455 1280; x_wconf 87' lang='lat' dir='ltr'><strong>tentata</strong></span> <span class='ocrx_word' id='word_1_553' title='bbox 3480 1234 3567 1281; x_wconf 89' lang='lat' dir='ltr'><strong>est</strong></span> <span class='ocrx_word' id='word_1_554' title='bbox 3609 1225 3664 1280; x_wconf 90' lang='lat' dir='ltr'><strong>in</strong></span> <span class='ocrx_word' id='word_1_555' title='bbox 3706 1223 3800 1281; x_wconf 89' lang='lat' dir='ltr'><strong>illo</strong></span> 
     </span>
    </p>
   </div>
   <div class='ocr_carea' id='block_1_71' title="bbox 2204 1312 3802 1387">
    <p class='ocr_par' dir='ltr' id='par_1_71' title="bbox 2204 1312 3802 1387">
     <span class='ocr_line' id='line_1_71' title="bbox 2204 1312 3802 1387; baseline 0.001 -17"><span class='ocrx_word' id='word_1_556' title='bbox 2204 1312 2366 1381; x_wconf 76' lang='lat' dir='ltr'><strong>ianua</strong></span> <span class='ocrx_word' id='word_1_557' title='bbox 2396 1315 2732 1386; x_wconf 89' lang='lat' dir='ltr'><strong>cupiditatis,</strong></span> <span class='ocrx_word' id='word_1_558' title='bbox 2773 1316 2984 1387; x_wconf 89' lang='lat' dir='ltr'><strong>quando</strong></span> <span class='ocrx_word' id='word_1_559' title='bbox 3025 1330 3146 1372; x_wconf 88' lang='lat' dir='ltr'><strong>eum</strong></span> <span class='ocrx_word' id='word_1_560' title='bbox 3180 1317 3401 1374; x_wconf 85' lang='lat' dir='ltr'><strong>tentavit</strong></span> <span class='ocrx_word' id='word_1_561' title='bbox 3446 1315 3691 1373; x_wconf 90' lang='lat' dir='ltr'><strong>diabolus</strong></span> <span class='ocrx_word' id='word_1_562' title='bbox 3718 1316 3802 1373; x_wconf 83' lang='lat' dir='ltr'><strong>di—</strong></span> 
     </span>
    </p>
   </div>
   <div class='ocr_carea' id='block_1_72' title="bbox 2188 1406 3803 1480">
    <p class='ocr_par' dir='ltr' id='par_1_72' title="bbox 2188 1406 3803 1480">
     <span class='ocr_line' id='line_1_72' title="bbox 2188 1406 3803 1480; baseline 0.002 -19"><span class='ocrx_word' id='word_1_563' title='bbox 2188 1420 2341 1462; x_wconf 74' lang='lat' dir='ltr'><strong>cens</strong></span> <span class='ocrx_word' id='word_1_564' title='bbox 2376 1427 2389 1463; x_wconf 91' lang='lat'><strong>:</strong></span> <span class='ocrx_word' id='word_1_565' title='bbox 2424 1406 2520 1462; x_wconf 85' lang='lat' dir='ltr'><strong>Dic</strong></span> <span class='ocrx_word' id='word_1_566' title='bbox 2544 1407 2796 1479; x_wconf 79' lang='lat' dir='ltr'><strong>lapidibus</strong></span> <span class='ocrx_word' id='word_1_567' title='bbox 2817 1410 2925 1465; x_wconf 84' lang='lat' dir='ltr'><strong>istis</strong></span> <span class='ocrx_word' id='word_1_568' title='bbox 2952 1417 3008 1463; x_wconf 87' lang='lat' dir='ltr'><strong>ut</strong></span> <span class='ocrx_word' id='word_1_569' title='bbox 3038 1424 3193 1479; x_wconf 81' lang='lat' dir='ltr'><strong>panes</strong></span> <span class='ocrx_word' id='word_1_570' title='bbox 3222 1410 3368 1480; x_wconf 80' lang='lat' dir='ltr'><strong>ﬁant.</strong></span> <span class='ocrx_word' id='word_1_571' title='bbox 3398 1409 3571 1465; x_wconf 84' lang='lat' dir='ltr'><strong>Adora</strong></span> <span class='ocrx_word' id='word_1_572' title='bbox 3601 1426 3710 1476; x_wconf 89' lang='lat' dir='ltr'><strong>me,</strong></span> <span class='ocrx_word' id='word_1_573' title='bbox 3753 1418 3803 1465; x_wconf 84' lang='lat' dir='ltr'><strong>et</strong></span> 
     </span>
    </p>
   </div>
   <div class='ocr_carea' id='block_1_73' title="bbox 2212 1498 3804 1574">
    <p class='ocr_par' dir='ltr' id='par_1_73' title="bbox 2212 1498 3804 1574">
     <span class='ocr_line' id='line_1_73' title="bbox 2212 1498 3804 1574; baseline 0.003 -20"><span class='ocrx_word' id='word_1_574' title='bbox 2212 1498 2342 1554; x_wconf 80' lang='lat' dir='ltr'><strong>dabo</strong></span> <span class='ocrx_word' id='word_1_575' title='bbox 2370 1498 2639 1572; x_wconf 70' lang='lat' dir='ltr'><strong>tibi&#39;regna</strong></span> <span class='ocrx_word' id='word_1_576' title='bbox 2676 1501 2793 1555; x_wconf 82' lang='lat' dir='ltr'><strong>ista.</strong></span> <span class='ocrx_word' id='word_1_577' title='bbox 2834 1499 2981 1556; x_wconf 74' lang='lat' dir='ltr'><strong>Mitte</strong></span> <span class='ocrx_word' id='word_1_578' title='bbox 3008 1510 3057 1556; x_wconf 88' lang='lat' dir='ltr'><strong>te</strong></span> <span class='ocrx_word' id='word_1_579' title='bbox 3090 1501 3347 1571; x_wconf 81' lang='lat' dir='ltr'><strong>deorsum,</strong></span> <span class='ocrx_word' id='word_1_580' title='bbox 3395 1502 3515 1572; x_wconf 75' lang='lat' dir='ltr'><strong>quia</strong></span> <span class='ocrx_word' id='word_1_581' title='bbox 3553 1504 3804 1574; x_wconf 85' lang='lat' dir='ltr'><strong>scriptum</strong></span> 
     </span>
    </p>
   </div>
   <div class='ocr_carea' id='block_1_74' title="bbox 2212 1593 3803 1666">
    <p class='ocr_par' dir='ltr' id='par_1_74' title="bbox 2212 1593 3803 1666">
     <span class='ocr_line' id='line_1_74' title="bbox 2212 1593 3803 1666; baseline 0.001 -17"><span class='ocrx_word' id='word_1_582' title='bbox 2212 1604 2286 1649; x_wconf 88' lang='lat' dir='ltr'><strong>est</strong></span> <span class='ocrx_word' id='word_1_583' title='bbox 2314 1593 2489 1661; x_wconf 73' lang='lat' dir='ltr'><strong>:‘Quta</strong></span> <span class='ocrx_word' id='word_1_584' title='bbox 2535 1594 2741 1666; x_wconf 82' lang='lat' dir='ltr'><strong>Angelis</strong></span> <span class='ocrx_word' id='word_1_585' title='bbox 2775 1596 2881 1650; x_wconf 85' lang='lat' dir='ltr'><strong>suis</strong></span> <span class='ocrx_word' id='word_1_586' title='bbox 2923 1595 3181 1651; x_wconf 78' lang='lat' dir='ltr'><strong>mandavit</strong></span> <span class='ocrx_word' id='word_1_587' title='bbox 3208 1596 3272 1651; x_wconf 89' lang='lat' dir='ltr'><strong>de</strong></span> <span class='ocrx_word' id='word_1_588' title='bbox 3315 1604 3381 1662; x_wconf 88' lang='lat' dir='ltr'><strong>te,</strong></span> <span class='ocrx_word' id='word_1_589' title='bbox 3412 1605 3462 1651; x_wconf 85' lang='lat' dir='ltr'><strong>et</strong></span> <span class='ocrx_word' id='word_1_590' title='bbox 3487 1597 3541 1651; x_wconf 86' lang='lat' dir='ltr'><strong>in</strong></span> <span class='ocrx_word' id='word_1_591' title='bbox 3567 1595 3803 1652; x_wconf 84' lang='lat' dir='ltr'><strong>manibus</strong></span> 
     </span>
    </p>
   </div>
   <div class='ocr_carea' id='block_1_75' title="bbox 2202 1683 3807 1757">
    <p class='ocr_par' dir='ltr' id='par_1_75' title="bbox 2202 1683 3807 1757">
     <span class='ocr_line' id='line_1_75' title="bbox 2202 1683 3807 1757; baseline 0.001 -18"><span class='ocrx_word' id='word_1_592' title='bbox 2202 1685 2391 1740; x_wconf 69' lang='lat' dir='ltr'><strong>&#39;tdlleut</strong></span> <span class='ocrx_word' id='word_1_593' title='bbox 2417 1696 2485 1753; x_wconf 85' lang='lat' dir='ltr'><strong>te,</strong></span> <span class='ocrx_word' id='word_1_594' title='bbox 2520 1702 2586 1741; x_wconf 86' lang='lat' dir='ltr'><strong>ne</strong></span> <span class='ocrx_word' id='word_1_595' title='bbox 2605 1687 2808 1757; x_wconf 83' lang='lat' dir='ltr'><strong>quando</strong></span> <span class='ocrx_word' id='word_1_596' title='bbox 2830 1683 3060 1753; x_wconf 69' lang='lat' dir='ltr'><strong>emendas</strong></span> <span class='ocrx_word' id='word_1_597' title='bbox 3093 1686 3161 1740; x_wconf 91' lang='lat' dir='ltr'><strong>ad</strong></span> <span class='ocrx_word' id='word_1_598' title='bbox 3189 1686 3411 1757; x_wconf 85' lang='lat' dir='ltr'><strong>lapidem</strong></span> <span class='ocrx_word' id='word_1_599' title='bbox 3450 1686 3627 1757; x_wconf 84' lang='lat' dir='ltr'><strong>pedem</strong></span> <span class='ocrx_word' id='word_1_600' title='bbox 3656 1693 3807 1741; x_wconf 86' lang='lat' dir='ltr'><strong>tuum</strong></span> 
     </span>
    </p>
   </div>
   <div class='ocr_carea' id='block_1_76' title="bbox 2202 1775 3804 1850">
    <p class='ocr_par' dir='ltr' id='par_1_76' title="bbox 2202 1775 3804 1850">
     <span class='ocr_line' id='line_1_76' title="bbox 2202 1775 3804 1850; baseline 0.003 -21"><span class='ocrx_word' id='word_1_601' title='bbox 2202 1775 2431 1849; x_wconf 62' lang='lat' dir='ltr'><strong>~(tilium.</strong></span> <span class='ocrx_word' id='word_1_602' title='bbox 2461 1793 2533 1845; x_wconf 84' lang='lat' dir='ltr'><strong>tv,</strong></span> <span class='ocrx_word' id='word_1_603' title='bbox 2554 1779 2615 1846; x_wconf 73' lang='grc'><strong>⁸4,</strong></span> <span class='ocrx_word' id='word_1_604' title='bbox 2645 1778 2699 1847; x_wconf 92' lang='lat'><strong>9,</strong></span> <span class='ocrx_word' id='word_1_605' title='bbox 2732 1778 2808 1849; x_wconf 88' lang='lat'><strong>6).</strong></span> <span class='ocrx_word' id='word_1_606' title='bbox 2837 1777 3022 1832; x_wconf 89' lang='lat' dir='ltr'><strong>Omnis</strong></span> <span class='ocrx_word' id='word_1_607' title='bbox 3044 1777 3160 1834; x_wconf 82' lang='lat' dir='ltr'><strong>haec</strong></span> <span class='ocrx_word' id='word_1_608' title='bbox 3178 1777 3429 1834; x_wconf 87' lang='lat' dir='ltr'><strong>illecebra</strong></span> <span class='ocrx_word' id='word_1_609' title='bbox 3453 1778 3804 1850; x_wconf 88' lang='lat' dir='ltr'><strong>cupiditatem</strong></span> 
     </span>
    </p>
   </div>
   <div class='ocr_carea' id='block_1_77' title="bbox 2186 1868 3807 1942">
    <p class='ocr_par' dir='ltr' id='par_1_77' title="bbox 2186 1868 3807 1942">
     <span class='ocr_line' id='line_1_77' title="bbox 2186 1868 3807 1942; baseline -0.001 -15"><span class='ocrx_word' id='word_1_610' title='bbox 2186 1876 2383 1927; x_wconf 57' lang='lat' dir='ltr'><strong>&#39;tentat</strong></span> <span class='ocrx_word' id='word_1_611' title='bbox 2417 1872 2458 1925; x_wconf 78' lang='grc' dir='ltr'><strong>ί.</strong></span> <span class='ocrx_word' id='word_1_612' title='bbox 2502 1872 2572 1926; x_wconf 79' lang='lat' dir='ltr'><strong>At</strong></span> <span class='ocrx_word' id='word_1_613' title='bbox 2621 1870 2709 1927; x_wconf 83' lang='lat' dir='ltr'><strong>ubi</strong></span> <span class='ocrx_word' id='word_1_614' title='bbox 2748 1871 2981 1926; x_wconf 89' lang='lat' dir='ltr'><strong>clausam</strong></span> <span class='ocrx_word' id='word_1_615' title='bbox 3008 1870 3225 1941; x_wconf 76' lang='lat' dir='ltr'><strong>ianuam</strong></span> <span class='ocrx_word' id='word_1_616' title='bbox 3253 1869 3456 1927; x_wconf 88' lang='lat' dir='ltr'><strong>invenit</strong></span> <span class='ocrx_word' id='word_1_617' title='bbox 3495 1868 3807 1942; x_wconf 88' lang='lat' dir='ltr'><strong>cupiditatis</strong></span> 
     </span>
    </p>
   </div>
   <div class='ocr_carea' id='block_1_78' title="bbox 2213 1963 3805 2036">
    <p class='ocr_par' dir='ltr' id='par_1_78' title="bbox 2213 1963 3805 2036">
     <span class='ocr_line' id='line_1_78' title="bbox 2213 1963 3805 2036; baseline 0.001 -16"><span class='ocrx_word' id='word_1_618' title='bbox 2213 1964 2269 2020; x_wconf 91' lang='lat' dir='ltr'><strong>in</strong></span> <span class='ocrx_word' id='word_1_619' title='bbox 2295 1979 2361 2020; x_wconf 85' lang='lat' dir='ltr'><strong>eo</strong></span> <span class='ocrx_word' id='word_1_620' title='bbox 2388 1964 2477 2036; x_wconf 88' lang='lat' dir='ltr'><strong>qui</strong></span> <span class='ocrx_word' id='word_1_621' title='bbox 2498 1963 2811 2019; x_wconf 70' lang='lat' dir='ltr'><strong>mutabatur</strong></span> <span class='ocrx_word' id='word_1_622' title='bbox 2837 1977 2936 2035; x_wconf 91' lang='lat' dir='ltr'><strong>pro</strong></span> <span class='ocrx_word' id='word_1_623' title='bbox 2977 1964 3154 2032; x_wconf 89' lang='lat' dir='ltr'><strong>nobis,</strong></span> <span class='ocrx_word' id='word_1_624' title='bbox 3198 1965 3461 2021; x_wconf 81' lang='lat' dir='ltr'><strong>convertit</strong></span> <span class='ocrx_word' id='word_1_625' title='bbox 3486 1978 3545 2021; x_wconf 91' lang='lat' dir='ltr'><strong>se</strong></span> <span class='ocrx_word' id='word_1_626' title='bbox 3589 1964 3657 2020; x_wconf 90' lang='lat' dir='ltr'><strong>ad</strong></span> <span class='ocrx_word' id='word_1_627' title='bbox 3686 1973 3805 2021; x_wconf 89' lang='lat' dir='ltr'><strong>ten-</strong></span> 
     </span>
    </p>
   </div>
   <div class='ocr_carea' id='block_1_79' title="bbox 2214 2052 3800 2129">
    <p class='ocr_par' dir='ltr' id='par_1_79' title="bbox 2214 2052 3800 2129">
     <span class='ocr_line' id='line_1_79' title="bbox 2214 2052 3800 2129; baseline 0 -16"><span class='ocrx_word' id='word_1_628' title='bbox 2214 2057 2437 2114; x_wconf 78' lang='lat' dir='ltr'><strong>tandam&#39;</strong></span> <span class='ocrx_word' id='word_1_629' title='bbox 2453 2058 2671 2128; x_wconf 76' lang='lat' dir='ltr'><strong>januam</strong></span> <span class='ocrx_word' id='word_1_630' title='bbox 2699 2057 2926 2126; x_wconf 88' lang='lat' dir='ltr'><strong>timoris,</strong></span> <span class='ocrx_word' id='word_1_631' title='bbox 2948 2066 3005 2114; x_wconf 86' lang='lat' dir='ltr'><strong>et</strong></span> <span class='ocrx_word' id='word_1_632' title='bbox 3028 2056 3347 2129; x_wconf 63' lang='lat' dir='ltr'><strong>praeparavit</strong></span> <span class='ocrx_word' id='word_1_633' title='bbox 3372 2052 3449 2112; x_wconf 90' lang='lat' dir='ltr'><strong>illi</strong></span> <span class='ocrx_word' id='word_1_634' title='bbox 3473 2057 3800 2129; x_wconf 79' lang='lat' dir='ltr'><strong>passidnem.</strong></span> 
     </span>
    </p>
   </div>
   <div class='ocr_carea' id='block_1_80' title="bbox 2202 2148 3803 2222">
    <p class='ocr_par' dir='ltr' id='par_1_80' title="bbox 2202 2148 3803 2222">
     <span class='ocr_line' id='line_1_80' title="bbox 2202 2148 3803 2222; baseline -0.002 -15"><span class='ocrx_word' id='word_1_635' title='bbox 2202 2148 2452 2222; x_wconf 77' lang='lat' dir='ltr'><strong>Denique</strong></span> <span class='ocrx_word' id='word_1_636' title='bbox 2472 2150 2574 2205; x_wconf 85' lang='lat' dir='ltr'><strong>hoc</strong></span> <span class='ocrx_word' id='word_1_637' title='bbox 2596 2150 2727 2206; x_wconf 83' lang='lat' dir='ltr'><strong>dicit</strong></span> <span class='ocrx_word' id='word_1_638' title='bbox 2752 2149 3087 2221; x_wconf 85' lang='lat' dir='ltr'><strong>Evangelista</strong></span> <span class='ocrx_word' id='word_1_639' title='bbox 3118 2168 3133 2206; x_wconf 87' lang='lat'><strong>:</strong></span> <span class='ocrx_word' id='word_1_640' title='bbox 3164 2148 3233 2204; x_wconf 85' lang='lat' dir='ltr'><strong>Et</strong></span> <span class='ocrx_word' id='word_1_641' title='bbox 3261 2159 3609 2205; x_wconf 83' lang='lat' dir='ltr'><strong>consummata</strong></span> <span class='ocrx_word' id='word_1_642' title='bbox 3635 2158 3803 2205; x_wconf 84' lang='lat' dir='ltr'><strong>tenta-</strong></span> 
     </span>
    </p>
   </div>
   <div class='ocr_carea' id='block_1_81' title="bbox 2202 2238 3800 2316">
    <p class='ocr_par' dir='ltr' id='par_1_81' title="bbox 2202 2238 3800 2316">
     <span class='ocr_line' id='line_1_81' title="bbox 2202 2238 3800 2316; baseline 0.003 -19"><span class='ocrx_word' id='word_1_643' title='bbox 2202 2238 2371 2311; x_wconf 65' lang='grc' dir='ltr'><strong>ἀιὶοηε,</strong></span> <span class='ocrx_word' id='word_1_644' title='bbox 2396 2242 2627 2298; x_wconf 83' lang='lat' dir='ltr'><strong>diabolus</strong></span> <span class='ocrx_word' id='word_1_645' title='bbox 2655 2244 2859 2299; x_wconf 81' lang='lat' dir='ltr'><strong>recessit</strong></span> <span class='ocrx_word' id='word_1_646' title='bbox 2895 2242 2957 2297; x_wconf 90' lang='lat' dir='ltr'><strong>ab</strong></span> <span class='ocrx_word' id='word_1_647' title='bbox 2981 2259 3039 2298; x_wconf 92' lang='lat' dir='ltr'><strong>eo</strong></span> <span class='ocrx_word' id='word_1_648' title='bbox 3063 2243 3132 2298; x_wconf 89' lang='lat' dir='ltr'><strong>ad</strong></span> <span class='ocrx_word' id='word_1_649' title='bbox 3156 2253 3353 2315; x_wconf 81' lang='lat' dir='ltr'><strong>tempus</strong></span> <span class='ocrx_word' id='word_1_650' title='bbox 3380 2242 3530 2316; x_wconf 84' lang='lat' dir='ltr'><strong>(Luc.</strong></span> <span class='ocrx_word' id='word_1_651' title='bbox 3557 2258 3628 2311; x_wconf 83' lang='lat' dir='ltr'><strong>tv,</strong></span> <span class='ocrx_word' id='word_1_652' title='bbox 3646 2243 3732 2301; x_wconf 65' lang='lat'><strong>‘15</strong></span> <span class='ocrx_word' id='word_1_653' title='bbox 3759 2246 3800 2315; x_wconf 94' lang='lat'><strong>).</strong></span> 
     </span>
    </p>
   </div>
   <div class='ocr_carea' id='block_1_82' title="bbox 2188 2335 3805 2410">
    <p class='ocr_par' dir='ltr' id='par_1_82' title="bbox 2188 2335 3805 2410">
     <span class='ocr_line' id='line_1_82' title="bbox 2188 2335 3805 2410; baseline 0.001 -17"><span class='ocrx_word' id='word_1_654' title='bbox 2188 2358 2195 2365; x_wconf 91' lang='grc'><strong>·</strong></span> <span class='ocrx_word' id='word_1_655' title='bbox 2215 2335 2353 2408; x_wconf 80' lang='lat' dir='ltr'><strong>Quid</strong></span> <span class='ocrx_word' id='word_1_656' title='bbox 2380 2344 2481 2404; x_wconf 80' lang='grc' dir='ltr'>εει,</span> <span class='ocrx_word' id='word_1_657' title='bbox 2512 2339 2581 2393; x_wconf 90' lang='lat' dir='ltr'><strong>ad</strong></span> <span class='ocrx_word' id='word_1_658' title='bbox 2604 2338 2838 2410; x_wconf 80' lang='lat' dir='ltr'><strong>tempus?</strong></span> <span class='ocrx_word' id='word_1_659' title='bbox 2855 2336 3128 2409; x_wconf 85' lang='lat' dir='ltr'><strong>Tanquam</strong></span> <span class='ocrx_word' id='word_1_660' title='bbox 3147 2337 3412 2394; x_wconf 86' lang='lat' dir='ltr'><strong>rediturus</strong></span> <span class='ocrx_word' id='word_1_661' title='bbox 3428 2346 3482 2394; x_wconf 90' lang='lat' dir='ltr'><strong>et</strong></span> <span class='ocrx_word' id='word_1_662' title='bbox 3507 2345 3805 2394; x_wconf 86' lang='lat' dir='ltr'><strong>tentaturus</strong></span> 
     </span>
    </p>
   </div>
   <div class='ocr_carea' id='block_1_83' title="bbox 2196 2428 3803 2505">
    <p class='ocr_par' dir='ltr' id='par_1_83' title="bbox 2196 2428 3803 2505">
     <span class='ocr_line' id='line_1_83' title="bbox 2196 2428 3803 2505; baseline -0.001 -16"><span class='ocrx_word' id='word_1_663' title='bbox 2196 2428 2428 2505; x_wconf 72' lang='lat' dir='ltr'><strong>‘januam</strong></span> <span class='ocrx_word' id='word_1_664' title='bbox 2468 2433 2692 2500; x_wconf 89' lang='lat' dir='ltr'><strong>timoris,</strong></span> <span class='ocrx_word' id='word_1_665' title='bbox 2722 2433 2842 2505; x_wconf 85' lang='lat' dir='ltr'><strong>quia</strong></span> <span class='ocrx_word' id='word_1_666' title='bbox 2870 2432 3102 2487; x_wconf 90' lang='lat' dir='ltr'><strong>clausam</strong></span> <span class='ocrx_word' id='word_1_667' title='bbox 3131 2431 3333 2488; x_wconf 90' lang='lat' dir='ltr'><strong>invenit</strong></span> <span class='ocrx_word' id='word_1_668' title='bbox 3352 2430 3569 2503; x_wconf 85' lang='lat' dir='ltr'><strong>januam</strong></span> <span class='ocrx_word' id='word_1_669' title='bbox 3594 2430 3803 2502; x_wconf 84' lang='lat' dir='ltr'><strong>cupidi-</strong></span> 
     </span>
    </p>
   </div>
   <div class='ocr_carea' id='block_1_84' title="bbox 2190 2524 3804 2598">
    <p class='ocr_par' dir='ltr' id='par_1_84' title="bbox 2190 2524 3804 2598">
     <span class='ocr_line' id='line_1_84' title="bbox 2190 2524 3804 2598; baseline -0.001 -15"><span class='ocrx_word' id='word_1_670' title='bbox 2190 2527 2360 2583; x_wconf 80' lang='lat' dir='ltr'><strong>“tatis.</strong></span> <span class='ocrx_word' id='word_1_671' title='bbox 2392 2526 2583 2583; x_wconf 89' lang='lat' dir='ltr'><strong>Totum</strong></span> <span class='ocrx_word' id='word_1_672' title='bbox 2637 2540 2766 2598; x_wconf 89' lang='lat' dir='ltr'><strong>ergo</strong></span> <span class='ocrx_word' id='word_1_673' title='bbox 2808 2535 3000 2596; x_wconf 88' lang='lat' dir='ltr'><strong>corpus</strong></span> <span class='ocrx_word' id='word_1_674' title='bbox 3038 2524 3234 2580; x_wconf 90' lang='lat' dir='ltr'><strong>Christi</strong></span> <span class='ocrx_word' id='word_1_675' title='bbox 3278 2532 3514 2580; x_wconf 88' lang='lat' dir='ltr'><strong>tentatur</strong></span> <span class='ocrx_word' id='word_1_676' title='bbox 3537 2536 3702 2596; x_wconf 90' lang='lat' dir='ltr'><strong>usque</strong></span> <span class='ocrx_word' id='word_1_677' title='bbox 3749 2524 3804 2581; x_wconf 89' lang='lat' dir='ltr'><strong>in</strong></span> 
     </span>
    </p>
   </div>
   <div class='ocr_carea' id='block_1_85' title="bbox 2210 2616 3804 2690">
    <p class='ocr_par' dir='ltr' id='par_1_85' title="bbox 2210 2616 3804 2690">
     <span class='ocr_line' id='line_1_85' title="bbox 2210 2616 3804 2690; baseline -0.001 -15"><span class='ocrx_word' id='word_1_678' title='bbox 2210 2619 2397 2675; x_wconf 81' lang='lat' dir='ltr'><strong>iinc&#39;m.</strong></span> <span class='ocrx_word' id='word_1_679' title='bbox 2442 2618 2655 2675; x_wconf 84' lang='lat' dir='ltr'><strong>Fratres</strong></span> <span class='ocrx_word' id='word_1_680' title='bbox 2686 2618 2810 2686; x_wconf 88' lang='lat' dir='ltr'><strong>mei,</strong></span> <span class='ocrx_word' id='word_1_681' title='bbox 2838 2617 3051 2690; x_wconf 89' lang='lat' dir='ltr'><strong>quando</strong></span> <span class='ocrx_word' id='word_1_682' title='bbox 3073 2617 3280 2689; x_wconf 74' lang='lat' dir='ltr'><strong>iussum</strong></span> <span class='ocrx_word' id='word_1_683' title='bbox 3320 2626 3403 2673; x_wconf 88' lang='lat' dir='ltr'><strong>est</strong></span> <span class='ocrx_word' id='word_1_684' title='bbox 3449 2618 3632 2673; x_wconf 86' lang='lat' dir='ltr'><strong>nescio</strong></span> <span class='ocrx_word' id='word_1_685' title='bbox 3676 2616 3804 2688; x_wconf 89' lang='lat' dir='ltr'><strong>quid</strong></span> 
     </span>
    </p>
   </div>
   <div class='ocr_carea' id='block_1_86' title="bbox 2217 2707 3807 2781">
    <p class='ocr_par' dir='ltr' id='par_1_86' title="bbox 2217 2707 3807 2781">
     <span class='ocr_line' id='line_1_86' title="bbox 2217 2707 3807 2781; baseline -0.002 -14"><span class='ocrx_word' id='word_1_686' title='bbox 2217 2720 2401 2767; x_wconf 83' lang='lat' dir='ltr'><strong>contra</strong></span> <span class='ocrx_word' id='word_1_687' title='bbox 2420 2707 2755 2767; x_wconf 83' lang='lat' dir='ltr'><strong>Christianos</strong></span> <span class='ocrx_word' id='word_1_688' title='bbox 2774 2711 2918 2779; x_wconf 85' lang='lat' dir='ltr'><strong>mali,</strong></span> <span class='ocrx_word' id='word_1_689' title='bbox 2937 2711 3094 2766; x_wconf 88' lang='lat' dir='ltr'><strong>simul</strong></span> <span class='ocrx_word' id='word_1_690' title='bbox 3114 2709 3503 2781; x_wconf 88' lang='lat' dir='ltr'><strong>impingebatur</strong></span> <span class='ocrx_word' id='word_1_691' title='bbox 3526 2711 3547 2742; x_wconf 79' lang='grc'>³</span> <span class='ocrx_word' id='word_1_692' title='bbox 3570 2709 3673 2765; x_wconf 91' lang='lat' dir='ltr'><strong>hoc</strong></span> <span class='ocrx_word' id='word_1_693' title='bbox 3687 2723 3807 2765; x_wconf 87' lang='lat' dir='ltr'><strong>cor-</strong></span> 
     </span>
    </p>
   </div>
   <div class='ocr_carea' id='block_1_87' title="bbox 2217 2801 3808 2877">
    <p class='ocr_par' dir='ltr' id='par_1_87' title="bbox 2217 2801 3808 2877">
     <span class='ocr_line' id='line_1_87' title="bbox 2217 2801 3808 2877; baseline -0.003 -16"><span class='ocrx_word' id='word_1_694' title='bbox 2217 2821 2337 2877; x_wconf 89' lang='lat' dir='ltr'><strong>pus,</strong></span> <span class='ocrx_word' id='word_1_695' title='bbox 2366 2815 2533 2860; x_wconf 91' lang='lat' dir='ltr'><strong>totum</strong></span> <span class='ocrx_word' id='word_1_696' title='bbox 2564 2804 2954 2876; x_wconf 78' lang='lat' dir='ltr'><strong>impingebatur</strong></span> <span class='ocrx_word' id='word_1_697' title='bbox 2981 2821 2995 2859; x_wconf 87' lang='lat'><strong>:</strong></span> <span class='ocrx_word' id='word_1_698' title='bbox 3028 2803 3168 2859; x_wconf 93' lang='lat' dir='ltr'><strong>unde</strong></span> <span class='ocrx_word' id='word_1_699' title='bbox 3195 2803 3394 2859; x_wconf 88' lang='lat' dir='ltr'><strong>dictum</strong></span> <span class='ocrx_word' id='word_1_700' title='bbox 3429 2802 3624 2857; x_wconf 88' lang='lat' dir='ltr'><strong>eratin</strong></span> <span class='ocrx_word' id='word_1_701' title='bbox 3664 2801 3808 2872; x_wconf 89' lang='lat' dir='ltr'><strong>psal-</strong></span> 
     </span>
    </p>
   </div>
   <div class='ocr_carea' id='block_1_88' title="bbox 2214 2890 3801 2969">
    <p class='ocr_par' dir='ltr' id='par_1_88' title="bbox 2214 2890 3801 2969">
     <span class='ocr_line' id='line_1_88' title="bbox 2214 2890 3801 2969; baseline -0.003 -15"><span class='ocrx_word' id='word_1_702' title='bbox 2214 2912 2307 2954; x_wconf 89' lang='lat' dir='ltr'><strong>mo</strong></span> <span class='ocrx_word' id='word_1_703' title='bbox 2330 2890 2629 2968; x_wconf 66' lang='lat' dir='ltr'><strong>:Tanquam</strong></span> <span class='ocrx_word' id='word_1_704' title='bbox 2644 2897 3062 2954; x_wconf 71' lang='lat' dir='ltr'><strong>cumulus&#39;areme</strong></span> <span class='ocrx_word' id='word_1_705' title='bbox 3073 2898 3322 2969; x_wconf 82' lang='lat' dir='ltr'><strong>impulsus</strong></span> <span class='ocrx_word' id='word_1_706' title='bbox 3342 2912 3453 2951; x_wconf 82' lang='lat' dir='ltr'><strong>sum</strong></span> <span class='ocrx_word' id='word_1_707' title='bbox 3472 2905 3527 2949; x_wconf 89' lang='lat' dir='ltr'><strong>ut</strong></span> <span class='ocrx_word' id='word_1_708' title='bbox 3551 2895 3801 2963; x_wconf 84' lang='lat' dir='ltr'><strong>caderem,</strong></span> 
     </span>
    </p>
   </div>
   <div class='ocr_carea' id='block_1_89' title="bbox 2217 2986 3806 3061">
    <p class='ocr_par' dir='ltr' id='par_1_89' title="bbox 2217 2986 3806 3061">
     <span class='ocr_line' id='line_1_89' title="bbox 2217 2986 3806 3061; baseline -0.003 -15"><span class='ocrx_word' id='word_1_709' title='bbox 2217 2998 2271 3046; x_wconf 80' lang='lat' dir='ltr'><strong>et</strong></span> <span class='ocrx_word' id='word_1_710' title='bbox 2285 2991 2537 3046; x_wconf 75' lang='lat' dir='ltr'><strong>Dominus</strong></span> <span class='ocrx_word' id='word_1_711' title='bbox 2562 2992 2780 3061; x_wconf 87' lang='lat' dir='ltr'><strong>suscepit</strong></span> <span class='ocrx_word' id='word_1_712' title='bbox 2804 3007 2884 3044; x_wconf 84' lang='lat' dir='ltr'><strong>me</strong></span> <span class='ocrx_word' id='word_1_713' title='bbox 2910 2989 3082 3061; x_wconf 83' lang='lat' dir='ltr'><strong>(Psal.</strong></span> <span class='ocrx_word' id='word_1_714' title='bbox 3114 3004 3279 3055; x_wconf 81' lang='lat' dir='ltr'><strong>cxvu,</strong></span> <span class='ocrx_word' id='word_1_715' title='bbox 3308 2986 3418 3060; x_wconf 78' lang='lat' dir='ltr'><strong>i5).</strong></span> <span class='ocrx_word' id='word_1_716' title='bbox 3450 2989 3518 3042; x_wconf 84' lang='lat' dir='ltr'><strong>&#39;At</strong></span> <span class='ocrx_word' id='word_1_717' title='bbox 3543 2987 3629 3042; x_wconf 89' lang='lat' dir='ltr'><strong>ubi</strong></span> <span class='ocrx_word' id='word_1_718' title='bbox 3654 2986 3806 3043; x_wconf 76' lang='lat' dir='ltr'><strong>ﬁnita</strong></span> 
     </span>
    </p>
   </div>
   <div class='ocr_carea' id='block_1_90' title="bbox 2194 3080 3805 3157">
    <p class='ocr_par' dir='ltr' id='par_1_90' title="bbox 2194 3080 3805 3157">
     <span class='ocr_line' id='line_1_90' title="bbox 2194 3080 3805 3157; baseline -0.002 -17"><span class='ocrx_word' id='word_1_719' title='bbox 2194 3095 2343 3141; x_wconf 72' lang='lat' dir='ltr'><strong>&quot;sunt</strong></span> <span class='ocrx_word' id='word_1_720' title='bbox 2371 3084 2457 3139; x_wconf 84' lang='lat' dir='ltr'><strong>illa</strong></span> <span class='ocrx_word' id='word_1_721' title='bbox 2484 3100 2603 3157; x_wconf 64' lang='lat' dir='ltr'><strong>quae</strong></span> <span class='ocrx_word' id='word_1_722' title='bbox 2635 3094 2802 3140; x_wconf 89' lang='lat' dir='ltr'><strong>totum</strong></span> <span class='ocrx_word' id='word_1_723' title='bbox 2833 3096 3027 3154; x_wconf 85' lang='lat' dir='ltr'><strong>corpus</strong></span> <span class='ocrx_word' id='word_1_724' title='bbox 3072 3082 3430 3152; x_wconf 86' lang='lat' dir='ltr'><strong>impingebant</strong></span> <span class='ocrx_word' id='word_1_725' title='bbox 3455 3089 3515 3136; x_wconf 89' lang='lat' dir='ltr'><strong>ut</strong></span> <span class='ocrx_word' id='word_1_726' title='bbox 3540 3080 3757 3136; x_wconf 84' lang='lat' dir='ltr'><strong>caderet</strong></span> <span class='ocrx_word' id='word_1_727' title='bbox 3786 3121 3805 3149; x_wconf 93' lang='lat'><strong>,</strong></span> 
     </span>
    </p>
   </div>
   <div class='ocr_carea' id='block_1_91' title="bbox 2195 3172 3809 3248">
    <p class='ocr_par' dir='ltr' id='par_1_91' title="bbox 2195 3172 3809 3248">
     <span class='ocr_line' id='line_1_91' title="bbox 2195 3172 3809 3248; baseline -0.005 -13"><span class='ocrx_word' id='word_1_728' title='bbox 2195 3182 2381 3248; x_wconf 70' lang='lat' dir='ltr'><strong>’tompit</strong></span> <span class='ocrx_word' id='word_1_729' title='bbox 2443 3180 2665 3233; x_wconf 83' lang='lat' dir='ltr'><strong>tcutatio</strong></span> <span class='ocrx_word' id='word_1_730' title='bbox 2714 3191 2833 3233; x_wconf 85' lang='lat' dir='ltr'><strong>esse</strong></span> <span class='ocrx_word' id='word_1_731' title='bbox 2890 3191 2986 3246; x_wconf 89' lang='lat' dir='ltr'><strong>per</strong></span> <span class='ocrx_word' id='word_1_732' title='bbox 3052 3183 3252 3245; x_wconf 89' lang='lat' dir='ltr'><strong>partes.</strong></span> <span class='ocrx_word' id='word_1_733' title='bbox 3296 3172 3560 3228; x_wconf 86' lang='lat' dir='ltr'><strong>Tentatur</strong></span> <span class='ocrx_word' id='word_1_734' title='bbox 3610 3186 3809 3243; x_wconf 86' lang='lat' dir='ltr'><strong>corpus</strong></span> 
     </span>
    </p>
   </div>
   <div class='ocr_carea' id='block_1_92' title="bbox 2198 3266 3807 3339">
    <p class='ocr_par' dir='ltr' id='par_1_92' title="bbox 2198 3266 3807 3339">
     <span class='ocr_line' id='line_1_92' title="bbox 2198 3266 3807 3339; baseline -0.005 -11"><span class='ocrx_word' id='word_1_735' title='bbox 2198 3268 2439 3335; x_wconf 76' lang='lat' dir='ltr'><strong>‘Cliristi,</strong></span> <span class='ocrx_word' id='word_1_736' title='bbox 2469 3286 2572 3326; x_wconf 89' lang='lat' dir='ltr'><strong>una</strong></span> <span class='ocrx_word' id='word_1_737' title='bbox 2598 3270 2834 3327; x_wconf 86' lang='lat' dir='ltr'><strong>Ecciesia</strong></span> <span class='ocrx_word' id='word_1_738' title='bbox 2860 3280 2976 3324; x_wconf 83' lang='lat' dir='ltr'><strong>nou&#39;</strong></span> <span class='ocrx_word' id='word_1_739' title='bbox 2996 3268 3670 3339; x_wconf 74' lang='lat' dir='ltr'><strong>patitur&#39;persecutionem,</strong></span> <span class='ocrx_word' id='word_1_740' title='bbox 3701 3266 3807 3322; x_wconf 86' lang='lat' dir='ltr'><strong>alia</strong></span> 
     </span>
    </p>
   </div>
   <div class='ocr_carea' id='block_1_93' title="bbox 2204 3357 3809 3436">
    <p class='ocr_par' dir='ltr' id='par_1_93' title="bbox 2204 3357 3809 3436">
     <span class='ocr_line' id='line_1_93' title="bbox 2204 3357 3809 3436; baseline -0.003 -18"><span class='ocrx_word' id='word_1_741' title='bbox 2204 3364 2438 3436; x_wconf 76' lang='lat' dir='ltr'><strong>&#39;patitur.</strong></span> <span class='ocrx_word' id='word_1_742' title='bbox 2472 3363 2584 3417; x_wconf 87' lang='lat' dir='ltr'><strong>Non</strong></span> <span class='ocrx_word' id='word_1_743' title='bbox 2612 3363 2811 3433; x_wconf 90' lang='lat' dir='ltr'><strong>patitur</strong></span> <span class='ocrx_word' id='word_1_744' title='bbox 2836 3362 3071 3416; x_wconf 87' lang='lat' dir='ltr'><strong>furorem</strong></span> <span class='ocrx_word' id='word_1_745' title='bbox 3103 3360 3461 3431; x_wconf 85' lang='lat' dir='ltr'><strong>imperatoris,</strong></span> <span class='ocrx_word' id='word_1_746' title='bbox 3490 3359 3591 3416; x_wconf 90' lang='lat' dir='ltr'><strong>sed</strong></span> <span class='ocrx_word' id='word_1_747' title='bbox 3610 3357 3809 3430; x_wconf 87' lang='lat' dir='ltr'><strong>patitur</strong></span> 
     </span>
    </p>
   </div>
   <div class='ocr_carea' id='block_1_94' title="bbox 2202 3444 3809 3526">
    <p class='ocr_par' dir='ltr' id='par_1_94' title="bbox 2202 3444 3809 3526">
     <span class='ocr_line' id='line_1_94' title="bbox 2202 3444 3809 3526; baseline -0.004 -12"><span class='ocrx_word' id='word_1_748' title='bbox 2202 3458 2453 3514; x_wconf 67' lang='lat' dir='ltr'><strong>‘furorcm</strong></span> <span class='ocrx_word' id='word_1_749' title='bbox 2480 3444 2604 3511; x_wconf 80' lang='lat' dir='ltr'><strong>mali</strong></span> <span class='ocrx_word' id='word_1_750' title='bbox 2636 3457 2830 3526; x_wconf 85' lang='lat' dir='ltr'><strong>populi.</strong></span> <span class='ocrx_word' id='word_1_751' title='bbox 2860 3454 3081 3524; x_wconf 70' lang='lat' dir='ltr'><strong>Quantae</strong></span> <span class='ocrx_word' id='word_1_752' title='bbox 3105 3453 3432 3509; x_wconf 84' lang='lat' dir='ltr'><strong>vastationes</strong></span> <span class='ocrx_word' id='word_1_753' title='bbox 3458 3469 3486 3506; x_wconf 86' lang='lat' dir='ltr'><strong>a</strong></span> <span class='ocrx_word' id='word_1_754' title='bbox 3522 3450 3809 3526; x_wconf 76' lang='lat' dir='ltr'><strong>plebibus?</strong></span> 
     </span>
    </p>
   </div>
   <div class='ocr_carea' id='block_1_95' title="bbox 2218 3545 3806 3622">
    <p class='ocr_par' dir='ltr' id='par_1_95' title="bbox 2218 3545 3806 3622">
     <span class='ocr_line' id='line_1_95' title="bbox 2218 3545 3806 3622; baseline -0.005 -14"><span class='ocrx_word' id='word_1_755' title='bbox 2218 3553 2427 3622; x_wconf 82' lang='lat' dir='ltr'><strong>Quanta</strong></span> <span class='ocrx_word' id='word_1_756' title='bbox 2458 3550 2593 3606; x_wconf 84' lang='lat' dir='ltr'><strong>maia</strong></span> <span class='ocrx_word' id='word_1_757' title='bbox 2619 3550 2818 3621; x_wconf 83' lang='lat' dir='ltr'><strong>ingesta</strong></span> <span class='ocrx_word' id='word_1_758' title='bbox 2842 3546 3237 3605; x_wconf 68' lang='lat' dir='ltr'><strong>sunt‘Ecc‘lesizc</strong></span> <span class='ocrx_word' id='word_1_759' title='bbox 3252 3562 3283 3603; x_wconf 91' lang='lat' dir='ltr'><strong>a</strong></span> <span class='ocrx_word' id='word_1_760' title='bbox 3300 3547 3455 3603; x_wconf 86' lang='lat' dir='ltr'><strong>malis</strong></span> <span class='ocrx_word' id='word_1_761' title='bbox 3478 3545 3806 3610; x_wconf 86' lang='lat' dir='ltr'><strong>cbristianis,</strong></span> 
     </span>
    </p>
   </div>
   <div class='ocr_carea' id='block_1_96' title="bbox 2223 3637 3810 3717">
    <p class='ocr_par' dir='ltr' id='par_1_96' title="bbox 2223 3637 3810 3717">
     <span class='ocr_line' id='line_1_96' title="bbox 2223 3637 3810 3717; baseline -0.005 -16"><span class='ocrx_word' id='word_1_762' title='bbox 2223 3647 2291 3702; x_wconf 90' lang='lat' dir='ltr'><strong>ab</strong></span> <span class='ocrx_word' id='word_1_763' title='bbox 2325 3647 2404 3703; x_wconf 89' lang='lat' dir='ltr'><strong>eis</strong></span> <span class='ocrx_word' id='word_1_764' title='bbox 2430 3646 2519 3717; x_wconf 70' lang='lat' dir='ltr'><strong>qui</strong></span> <span class='ocrx_word' id='word_1_765' title='bbox 2548 3645 2687 3716; x_wconf 83' lang='lat' dir='ltr'><strong>capti</strong></span> <span class='ocrx_word' id='word_1_766' title='bbox 2734 3645 2787 3699; x_wconf 88' lang='lat' dir='ltr'><strong>in</strong></span> <span class='ocrx_word' id='word_1_767' title='bbox 2830 3643 2924 3700; x_wconf 89' lang='lat' dir='ltr'><strong>illo</strong></span> <span class='ocrx_word' id='word_1_768' title='bbox 2964 3642 3221 3699; x_wconf 89' lang='lat' dir='ltr'><strong>retiaculo</strong></span> <span class='ocrx_word' id='word_1_769' title='bbox 3253 3684 3269 3710; x_wconf 92' lang='lat'><strong>,</strong></span> <span class='ocrx_word' id='word_1_770' title='bbox 3316 3650 3423 3697; x_wconf 91' lang='lat' dir='ltr'><strong>tam</strong></span> <span class='ocrx_word' id='word_1_771' title='bbox 3472 3637 3810 3709; x_wconf 87' lang='lat' dir='ltr'><strong>multiplicati</strong></span> 
     </span>
    </p>
   </div>
   <div class='ocr_carea' id='block_1_97' title="bbox 2223 3730 3811 3809">
    <p class='ocr_par' dir='ltr' id='par_1_97' title="bbox 2223 3730 3811 3809">
     <span class='ocr_line' id='line_1_97' title="bbox 2223 3730 3811 3809; baseline -0.007 -12"><span class='ocrx_word' id='word_1_772' title='bbox 2223 3750 2367 3807; x_wconf 88' lang='lat' dir='ltr'><strong>sunt,</strong></span> <span class='ocrx_word' id='word_1_773' title='bbox 2396 3748 2453 3794; x_wconf 91' lang='lat' dir='ltr'><strong>ut</strong></span> <span class='ocrx_word' id='word_1_774' title='bbox 2478 3746 2783 3809; x_wconf 89' lang='lat' dir='ltr'><strong>premerent</strong></span> <span class='ocrx_word' id='word_1_775' title='bbox 2809 3744 2969 3792; x_wconf 82' lang='lat' dir='ltr'><strong>naves</strong></span> <span class='ocrx_word' id='word_1_776' title='bbox 2994 3736 3146 3807; x_wconf 88' lang='lat' dir='ltr'><strong>(Luc.</strong></span> <span class='ocrx_word' id='word_1_777' title='bbox 3175 3752 3228 3801; x_wconf 91' lang='lat' dir='ltr'><strong>v,</strong></span> <span class='ocrx_word' id='word_1_778' title='bbox 3258 3732 3314 3807; x_wconf 88' lang='lat'><strong>7)</strong></span> <span class='ocrx_word' id='word_1_779' title='bbox 3333 3734 3384 3790; x_wconf 91' lang='lat' dir='ltr'><strong>in</strong></span> <span class='ocrx_word' id='word_1_780' title='bbox 3406 3732 3698 3805; x_wconf 85' lang='lat' dir='ltr'><strong>piscatione</strong></span> <span class='ocrx_word' id='word_1_781' title='bbox 3716 3730 3811 3787; x_wconf 84' lang='lat' dir='ltr'><strong>illa</strong></span> 
     </span>
    </p>
   </div>
   <div class='ocr_carea' id='block_1_98' title="bbox 2202 3828 3813 3902">
    <p class='ocr_par' dir='ltr' id='par_1_98' title="bbox 2202 3828 3813 3902">
     <span class='ocr_line' id='line_1_98' title="bbox 2202 3828 3813 3902; baseline -0.006 -12"><span class='ocrx_word' id='word_1_782' title='bbox 2202 3832 2432 3890; x_wconf 83' lang='lat' dir='ltr'><strong>&#39;Domini</strong></span> <span class='ocrx_word' id='word_1_783' title='bbox 2467 3840 2588 3887; x_wconf 88' lang='lat' dir='ltr'><strong>ante</strong></span> <span class='ocrx_word' id='word_1_784' title='bbox 2619 3831 2957 3902; x_wconf 78' lang='lat' dir='ltr'><strong>passionem?</strong></span> <span class='ocrx_word' id='word_1_785' title='bbox 2998 3829 3113 3885; x_wconf 84' lang='lat' dir='ltr'><strong>Non</strong></span> <span class='ocrx_word' id='word_1_786' title='bbox 3141 3844 3268 3900; x_wconf 88' lang='lat' dir='ltr'><strong>ergo</strong></span> <span class='ocrx_word' id='word_1_787' title='bbox 3305 3828 3498 3884; x_wconf 87' lang='lat' dir='ltr'><strong>desunt</strong></span> <span class='ocrx_word' id='word_1_788' title='bbox 3544 3840 3813 3898; x_wconf 72' lang='lat' dir='ltr'><strong>pressum</strong></span> 
     </span>
    </p>
   </div>
   <div class='ocr_carea' id='block_1_99' title="bbox 2224 3920 3812 3989">
    <p class='ocr_par' dir='ltr' id='par_1_99' title="bbox 2224 3920 3812 3989">
     <span class='ocr_line' id='line_1_99' title="bbox 2224 3920 3812 3989; baseline -0.008 -6"><span class='ocrx_word' id='word_1_789' title='bbox 2224 3926 2553 3983; x_wconf 87' lang='lat' dir='ltr'><strong>tentationis.</strong></span> <span class='ocrx_word' id='word_1_790' title='bbox 2584 3922 2751 3980; x_wconf 89' lang='lat' dir='ltr'><strong>Nemo</strong></span> <span class='ocrx_word' id='word_1_791' title='bbox 2795 3921 2893 3978; x_wconf 91' lang='lat' dir='ltr'><strong>sibi</strong></span> <span class='ocrx_word' id='word_1_792' title='bbox 2912 3920 3063 3976; x_wconf 39' lang='lat' dir='ltr'><strong>“dicat</strong></span> <span class='ocrx_word' id='word_1_793' title='bbox 3092 3942 3108 3977; x_wconf 89' lang='lat'><strong>:</strong></span> <span class='ocrx_word' id='word_1_794' title='bbox 3133 3920 3259 3975; x_wconf 77' lang='lat' dir='ltr'><strong>Non</strong></span> <span class='ocrx_word' id='word_1_795' title='bbox 3289 3929 3372 3974; x_wconf 90' lang='lat' dir='ltr'><strong>est</strong></span> <span class='ocrx_word' id='word_1_796' title='bbox 3399 3927 3609 3989; x_wconf 89' lang='lat' dir='ltr'><strong>tempus</strong></span> <span class='ocrx_word' id='word_1_797' title='bbox 3634 3923 3812 3972; x_wconf 85' lang='lat' dir='ltr'><strong>tenta-</strong></span> 
     </span>
    </p>
   </div>
   <div class='ocr_carea' id='block_1_100' title="bbox 2224 4009 3814 4083">
    <p class='ocr_par' dir='ltr' id='par_1_100' title="bbox 2224 4009 3814 4083">
     <span class='ocr_line' id='line_1_100' title="bbox 2224 4009 3814 4083; baseline -0.008 -8"><span class='ocrx_word' id='word_1_798' title='bbox 2224 4018 2405 4075; x_wconf 85' lang='lat' dir='ltr'><strong>tionis.</strong></span> <span class='ocrx_word' id='word_1_799' title='bbox 2446 4016 2548 4083; x_wconf 83' lang='lat' dir='ltr'><strong>Qui</strong></span> <span class='ocrx_word' id='word_1_800' title='bbox 2592 4015 2691 4070; x_wconf 90' lang='lat' dir='ltr'><strong>sibi</strong></span> <span class='ocrx_word' id='word_1_801' title='bbox 2737 4015 2838 4069; x_wconf 88' lang='lat' dir='ltr'><strong>hoc</strong></span> <span class='ocrx_word' id='word_1_802' title='bbox 2873 4013 3022 4080; x_wconf 86' lang='lat' dir='ltr'><strong>dicit,</strong></span> <span class='ocrx_word' id='word_1_803' title='bbox 3053 4027 3235 4083; x_wconf 88' lang='lat' dir='ltr'><strong>pacem</strong></span> <span class='ocrx_word' id='word_1_804' title='bbox 3260 4011 3358 4067; x_wconf 89' lang='lat' dir='ltr'><strong>sibi</strong></span> <span class='ocrx_word' id='word_1_805' title='bbox 3387 4009 3649 4082; x_wconf 88' lang='lat' dir='ltr'><strong>promittit</strong></span> <span class='ocrx_word' id='word_1_806' title='bbox 3676 4025 3691 4063; x_wconf 89' lang='lat'><strong>:</strong></span> <span class='ocrx_word' id='word_1_807' title='bbox 3721 4010 3814 4080; x_wconf 89' lang='lat' dir='ltr'><strong>qui</strong></span> 
     </span>
    </p>
   </div>
   <div class='ocr_carea' id='block_1_101' title="bbox 2226 4102 3816 4180">
    <p class='ocr_par' dir='ltr' id='par_1_101' title="bbox 2226 4102 3816 4180">
     <span class='ocr_line' id='line_1_101' title="bbox 2226 4102 3816 4180; baseline -0.006 -15"><span class='ocrx_word' id='word_1_808' title='bbox 2226 4109 2325 4166; x_wconf 86' lang='lat' dir='ltr'><strong>sibi</strong></span> <span class='ocrx_word' id='word_1_809' title='bbox 2353 4122 2534 4180; x_wconf 84' lang='lat' dir='ltr'><strong>pacem</strong></span> <span class='ocrx_word' id='word_1_810' title='bbox 2569 4107 2844 4177; x_wconf 87' lang='lat' dir='ltr'><strong>promittit,</strong></span> <span class='ocrx_word' id='word_1_811' title='bbox 2875 4120 3094 4161; x_wconf 89' lang='lat' dir='ltr'><strong>securus</strong></span> <span class='ocrx_word' id='word_1_812' title='bbox 3142 4103 3429 4159; x_wconf 87' lang='lat' dir='ltr'><strong>invaditur.</strong></span> <span class='ocrx_word' id='word_1_813' title='bbox 3463 4102 3653 4159; x_wconf 87' lang='lat' dir='ltr'><strong>Totum</strong></span> <span class='ocrx_word' id='word_1_814' title='bbox 3684 4115 3816 4173; x_wconf 83' lang='lat' dir='ltr'><strong>ergo</strong></span> 
     </span>
    </p>
   </div>
   <div class='ocr_carea' id='block_1_102' title="bbox 2226 4194 3814 4271">
    <p class='ocr_par' dir='ltr' id='par_1_102' title="bbox 2226 4194 3814 4271">
     <span class='ocr_line' id='line_1_102' title="bbox 2226 4194 3814 4271; baseline -0.008 -13"><span class='ocrx_word' id='word_1_815' title='bbox 2226 4216 2420 4271; x_wconf 83' lang='lat' dir='ltr'><strong>corpus</strong></span> <span class='ocrx_word' id='word_1_816' title='bbox 2448 4199 2644 4256; x_wconf 84' lang='lat' dir='ltr'><strong>Christi</strong></span> <span class='ocrx_word' id='word_1_817' title='bbox 2676 4198 2819 4253; x_wconf 87' lang='lat' dir='ltr'><strong>dicat</strong></span> <span class='ocrx_word' id='word_1_818' title='bbox 2846 4215 2861 4253; x_wconf 90' lang='lat'><strong>:</strong></span> <span class='ocrx_word' id='word_1_819' title='bbox 2894 4196 3094 4251; x_wconf 81' lang='lat' dir='ltr'><strong>Educes</strong></span> <span class='ocrx_word' id='word_1_820' title='bbox 3116 4212 3196 4249; x_wconf 84' lang='lat' dir='ltr'><strong>me</strong></span> <span class='ocrx_word' id='word_1_821' title='bbox 3232 4196 3296 4249; x_wconf 88' lang='lat' dir='ltr'><strong>de</strong></span> <span class='ocrx_word' id='word_1_822' title='bbox 3332 4194 3616 4264; x_wconf 83' lang='lat' dir='ltr'><strong>muscipula</strong></span> <span class='ocrx_word' id='word_1_823' title='bbox 3666 4194 3767 4248; x_wconf 79' lang='lat' dir='ltr'><strong>ista</strong></span> <span class='ocrx_word' id='word_1_824' title='bbox 3795 4229 3814 4255; x_wconf 88' lang='lat'><strong>,</strong></span> 
     </span>
    </p>
   </div>
   <div class='ocr_carea' id='block_1_103' title="bbox 2226 4286 3818 4364">
    <p class='ocr_par' dir='ltr' id='par_1_103' title="bbox 2226 4286 3818 4364">
     <span class='ocr_line' id='line_1_103' title="bbox 2226 4286 3818 4364; baseline -0.007 -17"><span class='ocrx_word' id='word_1_825' title='bbox 2226 4309 2379 4364; x_wconf 84' lang='lat' dir='ltr'><strong>quam</strong></span> <span class='ocrx_word' id='word_1_826' title='bbox 2403 4293 2777 4346; x_wconf 79' lang='lat' dir='ltr'><strong>occultaverunt</strong></span> <span class='ocrx_word' id='word_1_827' title='bbox 2812 4289 2936 4343; x_wconf 84' lang='lat' dir='ltr'><strong>mihi</strong></span> <span class='ocrx_word' id='word_1_828' title='bbox 2967 4304 2985 4343; x_wconf 92' lang='lat'><strong><em>:</em></strong></span> <span class='ocrx_word' id='word_1_829' title='bbox 3011 4289 3131 4359; x_wconf 85' lang='lat' dir='ltr'><strong>quia</strong></span> <span class='ocrx_word' id='word_1_830' title='bbox 3162 4286 3409 4344; x_wconf 85' lang='lat' dir='ltr'><strong>eductum</strong></span> <span class='ocrx_word' id='word_1_831' title='bbox 3447 4294 3529 4339; x_wconf 86' lang='lat' dir='ltr'><strong>est</strong></span> <span class='ocrx_word' id='word_1_832' title='bbox 3573 4294 3627 4339; x_wconf 92' lang='lat' dir='ltr'><strong>et</strong></span> <span class='ocrx_word' id='word_1_833' title='bbox 3656 4288 3818 4350; x_wconf 84' lang='lat' dir='ltr'><strong>caput</strong></span> 
     </span>
    </p>
   </div>
   <div class='ocr_carea' id='block_1_104' title="bbox 2226 4373 3817 4459">
    <p class='ocr_par' dir='ltr' id='par_1_104' title="bbox 2226 4373 3817 4459">
     <span class='ocr_line' id='line_1_104' title="bbox 2226 4373 3817 4459; baseline -0.01 -16"><span class='ocrx_word' id='word_1_834' title='bbox 2226 4394 2475 4443; x_wconf 81' lang='lat' dir='ltr'><strong>nostrum’</strong></span> <span class='ocrx_word' id='word_1_835' title='bbox 2496 4386 2563 4441; x_wconf 93' lang='lat' dir='ltr'><strong>de</strong></span> <span class='ocrx_word' id='word_1_836' title='bbox 2581 4383 2895 4459; x_wconf 82' lang='lat' dir='ltr'><strong>muscipula,</strong></span> <span class='ocrx_word' id='word_1_837' title='bbox 2917 4397 3073 4454; x_wconf 86' lang='lat' dir='ltr'><strong>quam</strong></span> <span class='ocrx_word' id='word_1_838' title='bbox 3098 4378 3485 4435; x_wconf 86' lang='lat' dir='ltr'><strong>abscondcrunt</strong></span> <span class='ocrx_word' id='word_1_839' title='bbox 3506 4375 3601 4439; x_wconf 87' lang='lat' dir='ltr'><strong>illi,</strong></span> <span class='ocrx_word' id='word_1_840' title='bbox 3620 4373 3817 4445; x_wconf 82' lang='lat' dir='ltr'><strong>quibus</strong></span> 
     </span>
    </p>
   </div>
   <div class='ocr_carea' id='block_1_105' title="bbox 2226 4463 3819 4546">
    <p class='ocr_par' dir='ltr' id='par_1_105' title="bbox 2226 4463 3819 4546">
     <span class='ocr_line' id='line_1_105' title="bbox 2226 4463 3819 4546; baseline -0.014 -6"><span class='ocrx_word' id='word_1_841' title='bbox 2226 4483 2391 4540; x_wconf 87' lang='lat' dir='ltr'><strong>modo</strong></span> <span class='ocrx_word' id='word_1_842' title='bbox 2416 4481 2691 4539; x_wconf 85' lang='lat' dir='ltr'><strong>dicebatur</strong></span> <span class='ocrx_word' id='word_1_843' title='bbox 2718 4479 2771 4534; x_wconf 91' lang='lat' dir='ltr'><strong>in</strong></span> <span class='ocrx_word' id='word_1_844' title='bbox 2802 4475 3103 4546; x_wconf 83' lang='lat' dir='ltr'><strong>Evangelio,</strong></span> <span class='ocrx_word' id='word_1_845' title='bbox 3133 4474 3250 4544; x_wconf 85' lang='lat' dir='ltr'><strong>quia</strong></span> <span class='ocrx_word' id='word_1_846' title='bbox 3273 4470 3465 4526; x_wconf 86' lang='lat' dir='ltr'><strong>dicturi</strong></span> <span class='ocrx_word' id='word_1_847' title='bbox 3488 4474 3677 4523; x_wconf 87' lang='lat' dir='ltr'><strong>erant:</strong></span> <span class='ocrx_word' id='word_1_848' title='bbox 3715 4463 3819 4518; x_wconf 77' lang='lat' dir='ltr'><strong>Hic</strong></span> 
     </span>
    </p>
   </div>
   <div class='ocr_carea' id='block_1_106' title="bbox 2229 4556 3820 4639">
    <p class='ocr_par' dir='ltr' id='par_1_106' title="bbox 2229 4556 3820 4639">
     <span class='ocr_line' id='line_1_106' title="bbox 2229 4556 3820 4639; baseline -0.015 -6"><span class='ocrx_word' id='word_1_849' title='bbox 2229 4586 2299 4633; x_wconf 91' lang='lat' dir='ltr'><strong>est</strong></span> <span class='ocrx_word' id='word_1_850' title='bbox 2323 4578 2500 4639; x_wconf 64' lang='lat' dir='ltr'><strong>haeres,</strong></span> <span class='ocrx_word' id='word_1_851' title='bbox 2536 4572 2692 4629; x_wconf 84' lang='lat' dir='ltr'><strong>venite</strong></span> <span class='ocrx_word' id='word_1_852' title='bbox 2727 4570 3015 4625; x_wconf 84' lang='lat' dir='ltr'><strong>occidamus</strong></span> <span class='ocrx_word' id='word_1_853' title='bbox 3051 4582 3187 4629; x_wconf 82' lang='lat' dir='ltr'><strong>eum,</strong></span> <span class='ocrx_word' id='word_1_854' title='bbox 3218 4573 3266 4619; x_wconf 88' lang='lat' dir='ltr'><strong>et</strong></span> <span class='ocrx_word' id='word_1_855' title='bbox 3290 4574 3461 4617; x_wconf 87' lang='lat' dir='ltr'><strong>nostra</strong></span> <span class='ocrx_word' id='word_1_856' title='bbox 3488 4561 3580 4615; x_wconf 85' lang='lat' dir='ltr'><strong>erit</strong></span> <span class='ocrx_word' id='word_1_857' title='bbox 3601 4556 3820 4613; x_wconf 68' lang='lat' dir='ltr'><strong>literarii-</strong></span> 
     </span>
    </p>
   </div>
   <div class='ocr_carea' id='block_1_107' title="bbox 2231 4647 3821 4724">
    <p class='ocr_par' dir='ltr' id='par_1_107' title="bbox 2231 4647 3821 4724">
     <span class='ocr_line' id='line_1_107' title="bbox 2231 4647 3821 4724; baseline -0.015 0"><span class='ocrx_word' id='word_1_858' title='bbox 2231 4669 2433 4724; x_wconf 51' lang='lat' dir='ltr'><strong>tas/Et</strong></span> <span class='ocrx_word' id='word_1_859' title='bbox 2465 4668 2529 4721; x_wconf 65' lang='lat' dir='ltr'><strong>‘in</strong></span> <span class='ocrx_word' id='word_1_860' title='bbox 2569 4681 2628 4721; x_wconf 83' lang='lat' dir='ltr'><strong>se</strong></span> <span class='ocrx_word' id='word_1_861' title='bbox 2655 4662 2971 4719; x_wconf 87' lang='lat' dir='ltr'><strong>sententiam</strong></span> <span class='ocrx_word' id='word_1_862' title='bbox 3011 4658 3263 4713; x_wconf 82' lang='lat' dir='ltr'><strong>dixerunt</strong></span> <span class='ocrx_word' id='word_1_863' title='bbox 3300 4650 3607 4722; x_wconf 81' lang='lat' dir='ltr'><strong>interrogati</strong></span> <span class='ocrx_word' id='word_1_864' title='bbox 3635 4668 3647 4704; x_wconf 90' lang='lat'><strong>:</strong></span> <span class='ocrx_word' id='word_1_865' title='bbox 3681 4647 3821 4714; x_wconf 82' lang='lat' dir='ltr'><strong>Quid</strong></span> 
     </span>
    </p>
   </div>
   <div class='ocr_carea' id='block_1_108' title="bbox 2222 4739 3823 4833">
    <p class='ocr_par' dir='ltr' id='par_1_108' title="bbox 2222 4739 3823 4833">
     <span class='ocr_line' id='line_1_108' title="bbox 2222 4739 3823 4833; baseline -0.014 -19"><span class='ocrx_word' id='word_1_866' title='bbox 2222 4760 2382 4833; x_wconf 69' lang='lat' dir='ltr'><strong>‘ﬂtciet</strong></span> <span class='ocrx_word' id='word_1_867' title='bbox 2442 4758 2530 4812; x_wconf 85' lang='lat' dir='ltr'><strong>ille</strong></span> <span class='ocrx_word' id='word_1_868' title='bbox 2573 4753 2940 4824; x_wconf 75' lang='lat' dir='ltr'><strong>paterfamiiias</strong></span> <span class='ocrx_word' id='word_1_869' title='bbox 2988 4748 3181 4803; x_wconf 86' lang='lat' dir='ltr'><strong>colonis</strong></span> <span class='ocrx_word' id='word_1_870' title='bbox 3224 4746 3415 4800; x_wconf 84' lang='lat' dir='ltr'><strong>malis?</strong></span> <span class='ocrx_word' id='word_1_871' title='bbox 3465 4742 3633 4796; x_wconf 72' lang='lat' dir='ltr'><strong>Malos</strong></span> <span class='ocrx_word' id='word_1_872' title='bbox 3685 4739 3823 4792; x_wconf 78' lang='lat' dir='ltr'><strong>male</strong></span> 
     </span>
    </p>
   </div>
   <div class='ocr_carea' id='block_1_109' title="bbox 2233 4830 3821 4923">
    <p class='ocr_par' dir='ltr' id='par_1_109' title="bbox 2233 4830 3821 4923">
     <span class='ocr_line' id='line_1_109' title="bbox 2233 4830 3821 4923; baseline -0.014 -18"><span class='ocrx_word' id='word_1_873' title='bbox 2233 4830 2424 4923; x_wconf 81' lang='lat' dir='ltr'><strong>perdet,</strong></span> <span class='ocrx_word' id='word_1_874' title='bbox 2449 4857 2495 4903; x_wconf 84' lang='lat' dir='ltr'><strong>et</strong></span> <span class='ocrx_word' id='word_1_875' title='bbox 2520 4850 2715 4901; x_wconf 79' lang='lat' dir='ltr'><strong>vineam</strong></span> <span class='ocrx_word' id='word_1_876' title='bbox 2744 4841 3097 4898; x_wconf 84' lang='lat' dir='ltr'><strong>suam&#39;locabit</strong></span> <span class='ocrx_word' id='word_1_877' title='bbox 3141 4839 3259 4893; x_wconf 83' lang='lat' dir='ltr'><strong>aliis</strong></span> <span class='ocrx_word' id='word_1_878' title='bbox 3294 4836 3548 4909; x_wconf 83' lang='lat' dir='ltr'><strong>agricolis.</strong></span> <span class='ocrx_word' id='word_1_879' title='bbox 3585 4830 3741 4897; x_wconf 79' lang='lat' dir='ltr'><strong>Quid,</strong></span> <span class='ocrx_word' id='word_1_880' title='bbox 3771 4836 3821 4883; x_wconf 77' lang='lat' dir='ltr'><strong>et</strong></span> 
     </span>
    </p>
   </div>
   <div class='ocr_carea' id='block_1_110' title="bbox 2231 4920 3819 5011">
    <p class='ocr_par' dir='ltr' id='par_1_110' title="bbox 2231 4920 3819 5011">
     <span class='ocr_line' id='line_1_110' title="bbox 2231 4920 3819 5011; baseline -0.014 -15"><span class='ocrx_word' id='word_1_881' title='bbox 2231 4920 2362 4999; x_wconf 81' lang='lat' dir='ltr'><strong>illud</strong></span> <span class='ocrx_word' id='word_1_882' title='bbox 2390 4958 2492 4997; x_wconf 82' lang='lat' dir='ltr'><strong>non</strong></span> <span class='ocrx_word' id='word_1_883' title='bbox 2519 4938 2706 5011; x_wconf 54' lang='lat' dir='ltr'><strong>tqistis</strong></span> <span class='ocrx_word' id='word_1_884' title='bbox 2738 4953 2756 4991; x_wconf 92' lang='lat'><em>:</em></span> <span class='ocrx_word' id='word_1_885' title='bbox 2796 4928 3042 5006; x_wconf 75' lang='lat' dir='ltr'><strong>Lapidem</strong></span> <span class='ocrx_word' id='word_1_886' title='bbox 3067 4948 3214 5002; x_wconf 77' lang='lat' dir='ltr'><strong>quem</strong></span> <span class='ocrx_word' id='word_1_887' title='bbox 3239 4924 3625 4997; x_wconf 83' lang='lat' dir='ltr'><strong>reprobauerunt</strong></span> <span class='ocrx_word' id='word_1_888' title='bbox 3650 4920 3819 4991; x_wconf 63' lang='lat' dir='ltr'><strong>aediﬁ-</strong></span> 
     </span>
    </p>
   </div>
   <div class='ocr_carea' id='block_1_111' title="bbox 2231 5015 3819 5104">
    <p class='ocr_par' dir='ltr' id='par_1_111' title="bbox 2231 5015 3819 5104">
     <span class='ocr_line' id='line_1_111' title="bbox 2231 5015 3819 5104; baseline -0.015 -10"><span class='ocrx_word' id='word_1_889' title='bbox 2231 5042 2422 5100; x_wconf 79' lang='lat' dir='ltr'><strong>e&#39;dntes,</strong></span> <span class='ocrx_word' id='word_1_890' title='bbox 2446 5037 2529 5089; x_wconf 80' lang='lat' dir='ltr'><strong>hic</strong></span> <span class='ocrx_word' id='word_1_891' title='bbox 2544 5035 2719 5104; x_wconf 67' lang='lat' dir='ltr'><strong>{actus</strong></span> <span class='ocrx_word' id='word_1_892' title='bbox 2747 5039 2820 5084; x_wconf 89' lang='lat' dir='ltr'><strong>est</strong></span> <span class='ocrx_word' id='word_1_893' title='bbox 2838 5030 2896 5082; x_wconf 83' lang='lat' dir='ltr'><strong>in</strong></span> <span class='ocrx_word' id='word_1_894' title='bbox 2924 5035 3077 5097; x_wconf 74' lang='lat' dir='ltr'><strong>caput</strong></span> <span class='ocrx_word' id='word_1_895' title='bbox 3108 5020 3340 5095; x_wconf 71' lang='lat' dir='ltr'><strong>‘anguli?</strong></span> <span class='ocrx_word' id='word_1_896' title='bbox 3367 5018 3521 5088; x_wconf 83' lang='lat' dir='ltr'><strong>Quod</strong></span> <span class='ocrx_word' id='word_1_897' title='bbox 3543 5026 3627 5074; x_wconf 81' lang='lat' dir='ltr'><strong>est</strong></span> <span class='ocrx_word' id='word_1_898' title='bbox 3648 5015 3819 5082; x_wconf 86' lang='lat' dir='ltr'><strong>enim,</strong></span> 
     </span>
    </p>
   </div>
   <div class='ocr_carea' id='block_1_112' title="bbox 2198 5106 3826 5205">
    <p class='ocr_par' dir='ltr' id='par_1_112' title="bbox 2198 5106 3826 5205">
     <span class='ocr_line' id='line_1_112' title="bbox 2198 5106 3826 5205; baseline -0.017 -17"><span class='ocrx_word' id='word_1_899' title='bbox 2198 5130 2211 5167; x_wconf 86' lang='lat'><strong>‘-</strong></span> <span class='ocrx_word' id='word_1_900' title='bbox 2231 5130 2620 5205; x_wconf 76' lang='lat' dir='ltr'><strong>repmbauerunt</strong></span> <span class='ocrx_word' id='word_1_901' title='bbox 2645 5112 2991 5193; x_wconf 61' lang='lat' dir='ltr'><strong>mitiﬁcant”;</strong></span> <span class='ocrx_word' id='word_1_902' title='bbox 3017 5117 3120 5172; x_wconf 74' lang='lat' dir='ltr'><strong>lroc</strong></span> <span class='ocrx_word' id='word_1_903' title='bbox 3148 5115 3243 5181; x_wconf 85' lang='lat' dir='ltr'><strong>ait,</strong></span> <span class='ocrx_word' id='word_1_904' title='bbox 3284 5111 3554 5183; x_wconf 75' lang='lat' dir='ltr'><strong>Ejeceruut</strong></span> <span class='ocrx_word' id='word_1_905' title='bbox 3577 5116 3721 5165; x_wconf 69' lang='lat' dir='ltr'><strong>extra</strong></span> <span class='ocrx_word' id='word_1_906' title='bbox 3743 5106 3826 5162; x_wconf 71' lang='lat' dir='ltr'><strong>ui-</strong></span> 
     </span>
    </p>
   </div>
   <div class='ocr_carea' id='block_1_113' title="bbox 2232 5203 3827 5288">
    <p class='ocr_par' dir='ltr' id='par_1_113' title="bbox 2232 5203 3827 5288">
     <span class='ocr_line' id='line_1_113' title="bbox 2232 5203 3827 5288; baseline -0.018 -8"><span class='ocrx_word' id='word_1_907' title='bbox 2232 5203 2397 5287; x_wconf 78' lang='lat' dir='ltr'><strong>ncam,</strong></span> <span class='ocrx_word' id='word_1_908' title='bbox 2421 5218 2781 5277; x_wconf 37' lang='lat' dir='ltr'><strong>et&#39;occideruut</strong></span> <span class='ocrx_word' id='word_1_909' title='bbox 2807 5212 3016 5288; x_wconf 75' lang='lat' dir='ltr'><strong>(Matth.</strong></span> <span class='ocrx_word' id='word_1_910' title='bbox 3056 5224 3161 5274; x_wconf 74' lang='lat' dir='ltr'><strong>xxi,</strong></span> <span class='ocrx_word' id='word_1_911' title='bbox 3210 5203 3427 5275; x_wconf 64' lang='lat'><strong>38-42).</strong></span> <span class='ocrx_word' id='word_1_912' title='bbox 3446 5228 3450 5239; x_wconf 84' lang='lat'><strong>-</strong></span> <span class='ocrx_word' id='word_1_913' title='bbox 3471 5203 3611 5273; x_wconf 87' lang='lat' dir='ltr'><strong>Ergo</strong></span> <span class='ocrx_word' id='word_1_914' title='bbox 3637 5204 3827 5255; x_wconf 78' lang='lat' dir='ltr'><strong>erutus</strong></span> 
     </span>
    </p>
   </div>
   <div class='ocr_carea' id='block_1_114' title="bbox 2232 5294 3823 5380">
    <p class='ocr_par' dir='ltr' id='par_1_114' title="bbox 2232 5294 3823 5380">
     <span class='ocr_line' id='line_1_114' title="bbox 2232 5294 3823 5380; baseline -0.017 -7"><span class='ocrx_word' id='word_1_915' title='bbox 2232 5324 2316 5373; x_wconf 87' lang='lat' dir='ltr'><strong>est</strong></span> <span class='ocrx_word' id='word_1_916' title='bbox 2355 5313 2563 5372; x_wconf 79' lang='lat' dir='ltr'><strong>et&#39;ii-le.</strong></span> <span class='ocrx_word' id='word_1_917' title='bbox 2605 5310 2777 5380; x_wconf 84' lang='lat' dir='ltr'><strong>Caput</strong></span> <span class='ocrx_word' id='word_1_918' title='bbox 2823 5313 3063 5362; x_wconf 89' lang='lat' dir='ltr'><strong>nostrum</strong></span> <span class='ocrx_word' id='word_1_919' title='bbox 3089 5313 3302 5358; x_wconf 87' lang='lat' dir='ltr'><strong>sursum</strong></span> <span class='ocrx_word' id='word_1_920' title='bbox 3323 5305 3424 5365; x_wconf 83' lang='lat' dir='ltr'><strong>est,</strong></span> <span class='ocrx_word' id='word_1_921' title='bbox 3458 5294 3685 5351; x_wconf 84' lang='lat' dir='ltr'><strong>liberum</strong></span> <span class='ocrx_word' id='word_1_922' title='bbox 3712 5299 3823 5348; x_wconf 77' lang='lat' dir='ltr'><strong>est.</strong></span> 
     </span>
    </p>
   </div>
   <div class='ocr_carea' id='block_1_115' title="bbox 2208 5390 3827 5473">
    <p class='ocr_par' dir='ltr' id='par_1_115' title="bbox 2208 5390 3827 5473">
     <span class='ocr_line' id='line_1_115' title="bbox 2208 5390 3827 5473; baseline -0.016 -7"><span class='ocrx_word' id='word_1_923' title='bbox 2208 5408 2541 5466; x_wconf 44' lang='lat' dir='ltr'><strong>“timeamus</strong></span> <span class='ocrx_word' id='word_1_924' title='bbox 2572 5403 2648 5458; x_wconf 91' lang='lat' dir='ltr'><strong>illi</strong></span> <span class='ocrx_word' id='word_1_925' title='bbox 2681 5415 2778 5473; x_wconf 88' lang='lat' dir='ltr'><strong>per</strong></span> <span class='ocrx_word' id='word_1_926' title='bbox 2802 5397 3162 5458; x_wconf 85' lang='lat' dir='ltr'><strong>dilectionem,</strong></span> <span class='ocrx_word' id='word_1_927' title='bbox 3185 5400 3246 5449; x_wconf 89' lang='lat' dir='ltr'><strong>ut</strong></span> <span class='ocrx_word' id='word_1_928' title='bbox 3267 5390 3460 5447; x_wconf 82' lang='lat' dir='ltr'><strong>melius</strong></span> <span class='ocrx_word' id='word_1_929' title='bbox 3479 5400 3663 5458; x_wconf 84' lang='lat' dir='ltr'><strong>postea</strong></span> <span class='ocrx_word' id='word_1_930' title='bbox 3687 5400 3793 5440; x_wconf 89' lang='lat' dir='ltr'><strong>con</strong></span> <span class='ocrx_word' id='word_1_931' title='bbox 3808 5416 3827 5428; x_wconf 77' lang='grc' dir='ltr'><strong><em>ο</em></strong></span> 
     </span>
    </p>
   </div>
   <div class='ocr_carea' id='block_1_116' title="bbox 2208 5483 3829 5574">
    <p class='ocr_par' dir='ltr' id='par_1_116' title="bbox 2208 5483 3829 5574">
     <span class='ocr_line' id='line_1_116' title="bbox 2208 5483 3829 5574; baseline -0.014 -17"><span class='ocrx_word' id='word_1_932' title='bbox 2208 5502 2561 5574; x_wconf 84' lang='lat' dir='ltr'><strong>-glutinemur</strong></span> <span class='ocrx_word' id='word_1_933' title='bbox 2579 5497 2633 5552; x_wconf 87' lang='lat' dir='ltr'><strong>ei</strong></span> <span class='ocrx_word' id='word_1_934' title='bbox 2644 5502 2741 5566; x_wconf 79' lang='lat' dir='ltr'><strong>per</strong></span> <span class='ocrx_word' id='word_1_935' title='bbox 2760 5488 3213 5548; x_wconf 83' lang='lat' dir='ltr'><strong>immortalitatem</strong></span> <span class='ocrx_word' id='word_1_936' title='bbox 3234 5492 3323 5556; x_wconf 84' lang='lat' dir='ltr'><strong>;et</strong></span> <span class='ocrx_word' id='word_1_937' title='bbox 3339 5483 3578 5540; x_wconf 77' lang='lat' dir='ltr'><strong>dicamus</strong></span> <span class='ocrx_word' id='word_1_938' title='bbox 3595 5492 3789 5537; x_wconf 85' lang='lat' dir='ltr'><strong>omnes</strong></span> <span class='ocrx_word' id='word_1_939' title='bbox 3813 5496 3829 5534; x_wconf 90' lang='lat'><strong>:</strong></span> 
     </span>
    </p>
   </div>
   <div class='ocr_carea' id='block_1_117' title="bbox 2298 5660 3834 5806">
    <p class='ocr_par' dir='ltr' id='par_1_117' title="bbox 2298 5660 3834 5806">
     <span class='ocr_line' id='line_1_117' title="bbox 2298 5660 3834 5768; baseline -0.02 -12"><span class='ocrx_word' id='word_1_940' title='bbox 2298 5708 2317 5740; x_wconf 76' lang='grc' dir='ltr'>ί</span> <span class='ocrx_word' id='word_1_941' title='bbox 2343 5706 2417 5755; x_wconf 83' lang='lat' dir='ltr'><strong>sic</strong></span> <span class='ocrx_word' id='word_1_942' title='bbox 2435 5702 2604 5768; x_wconf 88' lang='lat' dir='ltr'><strong>plures</strong></span> <span class='ocrx_word' id='word_1_943' title='bbox 2622 5707 2729 5750; x_wconf 77' lang='lat' dir='ltr'><strong>Mss.</strong></span> <span class='ocrx_word' id='word_1_944' title='bbox 2756 5660 2906 5748; x_wconf 54' lang='lat' dir='ltr'><strong>stur.</strong></span> <span class='ocrx_word' id='word_1_945' title='bbox 2932 5690 3101 5746; x_wconf 85' lang='lat' dir='ltr'><strong>omnia</strong></span> <span class='ocrx_word' id='word_1_946' title='bbox 3117 5682 3623 5763; x_wconf 65' lang='lat' dir='ltr'><strong>hweperitlecebram</strong></span> <span class='ocrx_word' id='word_1_947' title='bbox 3639 5674 3834 5749; x_wconf 48' lang='lat' dir='ltr'><strong>cupidi—</strong></span> 
     </span>
     <span class='ocr_line' id='line_1_118' title="bbox 2298 5739 3833 5806; baseline -0.006 0"><span class='ocrx_word' id='word_1_948' title='bbox 2298 5776 2380 5806; x_wconf 75' lang='grc' dir='ltr'>ιοιη</span> <span class='ocrx_word' id='word_1_949' title='bbox 2401 5771 2596 5806; x_wconf 67' lang='lat' dir='ltr'><strong>unm-1-</strong></span> <span class='ocrx_word' id='word_1_950' title='bbox 2630 5770 2741 5806; x_wconf 80' lang='lat' dir='ltr'><strong>Inv-</strong></span> <span class='ocrx_word' id='word_1_951' title='bbox 2774 5757 2947 5806; x_wconf 64' lang='lat' dir='ltr'><strong>omnia</strong></span> <span class='ocrx_word' id='word_1_952' title='bbox 2960 5756 3192 5806; x_wconf 70' lang='lat' dir='ltr'><strong>~h¢aner</strong></span> <span class='ocrx_word' id='word_1_953' title='bbox 3208 5778 3211 5785; x_wconf 52' lang='grc'><strong>&lt;</strong></span> <span class='ocrx_word' id='word_1_954' title='bbox 3225 5749 3477 5805; x_wconf 63' lang='lat' dir='ltr'><strong>diem</strong></span> <span class='ocrx_word' id='word_1_955' title='bbox 3509 5739 3833 5806; x_wconf 71' lang='grc' dir='ltr'>οαριάιιαιωπ</span> 
     </span>
    </p>
   </div>
   <div class='ocr_carea' id='block_1_118' title="bbox 2234 5839 3835 5955">
    <p class='ocr_par' dir='ltr' id='par_1_118' title="bbox 2234 5839 3835 5955">
     <span class='ocr_line' id='line_1_119' title="bbox 2234 5839 3835 5955; baseline -0.021 -7"><span class='ocrx_word' id='word_1_956' title='bbox 2234 5839 2478 5953; x_wconf 47' lang='grc' dir='ltr'><strong>ωὲιαῐέάἁη</strong></span> <span class='ocrx_word' id='word_1_957' title='bbox 2502 5883 2925 5955; x_wconf 68' lang='lat' dir='ltr'><strong>impingebath</strong></span> <span class='ocrx_word' id='word_1_958' title='bbox 2945 5881 3038 5931; x_wconf 73' lang='lat' dir='ltr'><strong>hoc</strong></span> <span class='ocrx_word' id='word_1_959' title='bbox 3069 5887 3261 5940; x_wconf 68' lang='lat' dir='ltr'><strong>corpus.</strong></span> <span class='ocrx_word' id='word_1_960' title='bbox 3296 5867 3573 5935; x_wconf 65' lang='lat' dir='ltr'><strong>Praepositio</strong></span> <span class='ocrx_word' id='word_1_961' title='bbox 3601 5862 3655 5917; x_wconf 80' lang='lat' dir='ltr'><strong>in</strong></span> <span class='ocrx_word' id='word_1_962' title='bbox 3684 5861 3835 5918; x_wconf 62' lang='lat' dir='ltr'><strong>abut</strong></span> 
     </span>
    </p>
   </div>
   <div class='ocr_carea' id='block_1_119' title="bbox 2216 5956 2661 6025">
    <p class='ocr_par' dir='ltr' id='par_1_119' title="bbox 2216 5956 2661 6025">
     <span class='ocr_line' id='line_1_120' title="bbox 2216 5956 2661 6025; baseline -0.013 -16"><span class='ocrx_word' id='word_1_963' title='bbox 2216 5973 2270 6013; x_wconf 76' lang='grc' dir='ltr'><strong>,ι</strong></span> <span class='ocrx_word' id='word_1_964' title='bbox 2282 5956 2535 6025; x_wconf 80' lang='lat' dir='ltr'><strong>plerisque</strong></span> <span class='ocrx_word' id='word_1_965' title='bbox 2554 5963 2661 6004; x_wconf 66' lang='lat' dir='ltr'><strong>uss.</strong></span> 
     </span>
    </p>
   </div>
  </div>
