4032 6472
163 487 265 549 187

172 605 366 665 Educes
387 619 478 663 nte
503 604 574 662 ds
597 599 894 678 musci-pilo
905 605 1022 673 ista,
1048 619 1201 678 quam
1224 605 1596 661 occultaverunt
1615 602 1762 670 mihi;

165 703 402 776 quorum
424 712 482 756 tu
507 719 564 758 ss
585 709 852 770 protector
871 716 1032 755 meus.
1669 701 1672 704 ’

239 797 325 851 11.
369 794 530 870 [rers.
577 794 661 867 6.]
703 794 992 850 Audiamus
1021 807 1204 849 vocem
1235 793 1462 859 Domini,
1494 807 1654 864 quam
1682 791 1768 847 di-

173 887 248 943 xit
265 888 320 942 in
339 901 516 943 cruce
547 906 561 943 :
588 886 654 941 In
677 903 856 942 manus
881 897 993 940 tuos
1013 888 1306 940 commendo
1323 887 1557 956 spiritum
1581 901 1766 940 meum.

167 980 322 1036 Certe
345 995 473 1036 cum
505 981 672 1035 verba
689 979 815 1050 eius
842 983 893 1034 in
910 978 1209 1049 Evangelia
1231 978 1300 1033 de
1325 979 1428 1032 isto
1450 979 1656 1049 psalmo
1681 993 1772 1032 co-

170 1073 715 1143 gnoscimus,'ipsum
749 1073 833 1127 hic
860 1073 1090 1128 locutum
1123 1070 1285 1125 fuisse
1310 1087 1413 1124 non
1440 1070 1768 1124 dubitemus.

173 1163 342 1219 llabes
372 1164 482 1219 hoc
515 1167 569 1219 in
600 1164 924 1235 Evangelia,
955 1163 1125 1229 dixit,
1159 1161 1224 1216 In
1264 1179 1442 1217 manus
1481 1173 1592 1215 tuas
1630 1178 1771 1216 com-

171 1257 348 1310 utendo
367 1257 617 1327 spiritum
642 1273 808 1310 meum
831 1255 982 1324 (Luc.
1008 1270 1165 1319 χχιιι,
1188 1253 1279 1325 46)
1311 1271 1324 1308 :
1353 1265 1402 1309 et
1427 1254 1669 1308 inclinato
1695 1269 1774 1306 ca-

174 1349 271 1403 aite
293 1349 518 1402 tradidit
544 1349 781 1419 spiritum
809 1348 988 1417 (Joan.
1027 1363 1142 1412 XIX,
1178 1347 1292 1418 '50).
1325 1347 1439 1402 Non
1472 1347 1588 1402 sine
1611 1361 1773 1402 causa

172 1443 332 1498 voluit
364 1445 536 1498 verba
567 1443 725 1511 huius
761 1441 950 1513 psalmi
988 1457 1080 1496 sua
1117 1455 1256 1506 esse,
1291 1442 1392 1496 nisi
1423 1452 1479 1495 ut
1511 1452 1562 1495 te
1585 1440 1774 1495 admo-

173 1544 321 1590 neret
361 1549 428 1589 se
478 1535 720 1589 locutum
769 1549 892 1590 esse
938 1533 1134 1588 inrhoc
1178 1533 1402 1604 psalmo.
1461 1533 1637 1604 Ipsum
1690 1531 1775 1586 hic

175 1642 380 1699 quare;
409 1627 590 1698 cogita
615 1625 886 1697 quomodo
915 1626 970 1679 in
997 1625 1088 1680 illo
1113 1625 1318 1695 psalmo
1345 1640 1403 1679 se
1422 1624 1586 1695 qumri
1609 1624 1777 1678 voluit

175 1735 267 1790 pro
291 1719 648 1789 susceptione
669 1718 937 1772 matutina
968 1735 981 1771 :
1026 1715 1290 1771 Foderunt
1335 1733 1516 1770 manus
1555 1732 1693 1769 meas
1730 1725 1777 1769 et

173 1817 322 1885 pedes
343 1827 504 1876 meos,
546 1811 995 1865 dinumeraeerunt
1025 1809 1196 1863 omnia
1219 1825 1335 1862 ossa
1365 1825 1510 1872 mea;
1538 1807 1635 1878 ipsi
1663 1823 1778 1861 vero

175 1906 623 1960 consideracerunt
651 1915 698 1958 et
727 1913 1092 1975 conspexerunt
1140 1919 1240 1968 me,
1272 1902 1547 1956 diviserunt
1570 1901 1664 1956 sibi
1691 1916 1775 1954 ve-

167 1999 412 2054 stimenta
447 2014 561 2051 mea
583 2037 598 2062 ,
641 2006 688 2050 et
731 2012 883 2067 super
919 2006 1102 2050 vestem
1124 2011 1285 2050 meam
1323 1995 1567 2049 miserunt
1593 2003 1780 2048 sortem

151 2091 348 2164 ~(Psal.
383 2107 491 2157 ut,
519 2091 720 2159 1749)
748 2108 763 2144 :
794 2098 853 2143 ut
889 2097 940 2145 te
981 2089 1301 2145 admoneret
1341 2088 1392 2142 in
1436 2102 1495 2142 se
1522 2086 1624 2142 hoc
1659 2100 1780 2140 esse

177 2185 501 2254 completum
522 2227 536 2249 ,
583 2183 636 2236 iu
676 2196 810 2237 voce
831 2197 930 2236 sua
961 2181 1136 2252 posuit
1173 2190 1335 2249 caput
1361 2180 1527 2250 ipsius
1553 2179 1740 2250 psalmi
1762 2221 1797 2246 ,,

173 2276 330 2342 ﬂeas,
361 2276 504 2332 Deus
526 2293 692 2339 meus,
717 2274 895 2346 utquid
921 2274 1326 2346 medereliquisti
1364 2272 1550 2344 (Ibid.,
1582 2271 1685 2342 2)?
1717 2273 1782 2327 Et

180 2381 356 2427 tamen
381 2386 578 2427 vocem
599 2371 846 2441 corporis
869 2370 922 2426 in
949 2383 1008 2424 se
1038 2368 1468 2439 transtiguravit;
1501 2383 1608 2422 non
1634 2367 1776 2421 enim

180 2464 405 2522 Unicum
451 2480 610 2520 suum
629 2465 803 2520 Pater
836 2463 1122 2534 aliquando
1152 2462 1457 2532 dereliquit.
1499 2459 1780 2516 deemisti

179 2576 275 2625 ate,
311 2560 553 2625 Domine,
580 2558 965 2613 Deusvert'tatis
1002 2572 1022 2612 :
1059 2555 1260 2612 faciens
1284 2554 1426 2627 quod
1443 2554 1780 2626 promisisti,

180 2668 280 2708 non
315 2654 509 2708 fallens
539 2653 593 2706 in
623 2651 1007 2722 pollicitatione
1033 2660 1144 2717 tua,
1177 2650 1320 2706 Dens
1343 2649 1606 2704 veritatis.

250 2745 343 2800 12.
388 2744 557 2818 [νει-ε.
603 2743 683 2818 7.]
727 2743 894 2798 Odisti
931 2743 1248 2798 observantes
1287 2741 1562 2796 vanitatem
1603 2757 1781 2812 super-

175 2856 362 2895 vacue.
406 2840 538 2908 Quis
581 2841 833 2895 observat
873 2836 1206 2892 vanitatem?
1246 2835 1620 2904 Quitimendo
1647 2836 1784 2891 mori

178 2933 414 2988 moritur
456 2951 468 2985 ε
511 2931 749 2987 timendo
783 2929 1104 2986 enimmori
1150 2928 1428 2994 mentitur,
1470 2936 1524 2983 et
1553 2927 1783 2982 moritur

193 3036 490 3096 antequam
517 3028 794 3090 moriatur,
836 3025 926 3097 qui
954 3024 1074 3080 ideo
1097 3022 1452 3080 mentiebatur
1479 3029 1535 3077 ut
1561 3019 1780 3076 viveret.

171 3117 408 3174 'Ientiri
432 3119 529 3182 vis,
553 3136 624 3175 ne
654 3119 897 3174 moriaris
922 3137 934 3172 :
963 3127 1017 3173 et
1046 3117 1289 3172 mentiris
1309 3157 1325 3183 ,
1358 3123 1411 3170 et
1439 3115 1699 3181 moreris;
1731 3122 1786 3170 et

181 3223 308 3265 cum
342 3210 484 3264 vitas
513 3227 667 3264 unam
700 3221 927 3264 mortem
971 3223 1127 3280 quam
1168 3206 1386 3264 diﬂ‘erre
1424 3207 1654 3279 poteris,
1684 3222 1784 3262 au-

181 3302 332 3358 ierre
361 3317 472 3356 non
505 3305 720 3373 poteris.
750 3303 940 3358 incidis
969 3303 1020 3357 in
1045 3301 1199 3366 duas,
1227 3309 1286 3355 ut
1314 3300 1461 3370 prius
1493 3299 1546 3354 in
1583 3298 1781 3366 anima,

179 3404 384 3465 postea
407 3395 458 3448 in
479 3409 700 3466 corpore
730 3395 995 3449 moriaris.
1021 3392 1176 3450 Unde
1207 3392 1308 3448 hoc
1327 3432 1342 3457 ,
1366 3391 1466 3446 nisi
1493 3391 1784 3446 observan-

179 3488 736 3557 tlovanitatem?Quia
753 3489 1024 3544 dulcisest
1069 3487 1164 3543 tibi
1208 3488 1472 3543 transiens
1508 3485 1783 3555 dies,quia

181 3580 373 3637 dulcia
406 3588 528 3636 sunt
554 3581 644 3635 tibi
675 3581 1057 3636 transvolantia
1085 3589 1347 3650 tempora,
1379 3579 1520 3634 unde
1550 3576 1681 3632 nihil
1708 3585 1785 3632 te-

181 3687 304 3741 nes,
337 3680 408 3727 et
432 3673 644 3743 insuper
669 3681 722 3727 tu
751 3673 972 3728 teneris.
999 3671 1163 3726 Odisti
1185 3670 1498 3726 observantes
1517 3669 1786 3724 vanitatem

180 3780 526 3838 superum.
571 3763 682 3835 Ego
710 3774 880 3818 autem
899 3805 915 3832 ,
946 3763 1034 3835 qui
1067 3778 1172 3818 non
1198 3763 1429 3818 observo
1467 3761 1783 3824 vanitatem,

181 3855 236 3911 in
266 3857 506 3912 Domino
529 3858 737 3926 speravi.
779 3857 974 3926 Speras
1001 3857 1056 3910 in
1081 3855 1326 3926 pecunia,
1351 3854 1609 3909 observas
1632 3850 1784 3907 vani-

180 3958 356 4006 tatem
389 3967 406 4002 :
431 3963 610 4019 speras
638 3949 689 4003 in
712 3948 913 4004 honore
933 3957 987 4004 et
1011 3945 1336 4003 sublimitate
1354 3946 1526 4016 aliqua
1547 3951 1781 4014 potesta-

169 4043 564 4106 tishumanag
609 4044 861 4098 observas
903 4041 1190 4096 vanitatem
1231 4058 1250 4110 ,ε
1293 4053 1479 4110 speras
1517 4039 1570 4093 in
1608 4037 1788 4108 aliquo

177 4138 372 4193 amico
407 4143 641 4204 potente,
669 4135 927 4190 observas
955 4135 1263 4189 vanitatem.
1310 4131 1367 4187 ln
1413 4132 1496 4187 his
1540 4131 1788 4187 omnibus

183 4241 307 4284 cum
339 4240 562 4297 speras,
591 4235 680 4280 aut
707 4236 761 4282 tu
788 4227 1047 4296 exspiras,
1077 4237 1131 4281 et
1151 4241 1230 4282 —ea
1272 4225 1358 4281 hic
1400 4223 1659 4290 dimittis;
1691 4232 1791 4278 aut

181 4318 509 4384 cum-vivis,
536 4320 710 4373 omnia
741 4327 988 4388 pereunt,
1013 4326 1068 4372 et
1092 4318 1143 4372 in
1171 4331 1266 4387 spe
1295 4325 1380 4371 tua
1407 4314 1614 4371 deﬁcis.
1641 4314 1790 4370 Hanc

182 4414 493 4468 vanitatem
520 4419 903 4466 commemorat
923 4411 1090 4466 Isaias
1113 4409 1330 4464 dicens:
1359 4407 1536 4464 Omnis
1569 4423 1689 4463 caro
1716 4411 1791 4479 fe-

179 4523 326 4572 m,
364 4515 424 4560 et
447 4505 606 4558 omnis
624 4505 786 4575 gloria
823 4509 931 4574 ejus
955 4504 1098 4574 quasi
1137 4504 1232 4573 ﬂos
1263 4503 1365 4573 feni
1395 4503 1565 4556 :aruit
1592 4503 1785 4571 fenum,

183 4610 230 4656 et
264 4603 374 4672 flos
424 4599 536 4669 ejus
574 4597 795 4661 decidit;
836 4597 1036 4651 verbum
1077 4605 1244 4650 autem
1286 4595 1492 4649 Domini
1529 4603 1695 4649 manet
1733 4595 1790 4650 in

173 4703 448 4750 iterm
479 4687 629 4761 (Isai.
677 4705 762 4753 χι,
796 4689 1068 4758 68).ιΕεο
1113 4693 1324 4753 autem,
1372 4701 1476 4741 non
1519 4686 1790 4756 quomodo

179 4782 256 4839 illi
288 4784 394 4856 qui
430 4794 647 4854 sperant
677 4784 728 4836 in
774 4783 1024 4846 vanitate,
1067 4790 1120 4836 et
1146 4781 1234 4850 qui
1264 4781 1554 4836 observant
1581 4781 1790 4836 vanita-

167 4881 289 4930 rtem
313 4891 332 4940 ;
365 4873 474 4928 sed
503 4875 556 4927 in
581 4873 808 4928 Domino
832 4873 1061 4943 speravi,
1091 4872 1183 4944 qui
1213 4886 1317 4926 non
1347 4882 1430 4927 est
1458 4874 1685 4929 vanitas.

235 4969 350 5025 '15.
403 4963 662 5038 [oers.~8.]
706 4966 1002 5032 Exsultabo,
1033 4975 1081 5020 et
1095 4964 1419 5036 jucunddtor
1439 4965 1493 5018 in
1516 4974 1603 5019 tua
1639 4965 1792 5019 mise-

181 5061 426 5117 ricordia
463 5074 482 5113 :
512 5074 614 5113 non
645 5059 695 5113 in
725 5075 839 5114 mea
875 5060 1096 5127 justitia.
1131 5058 1264 5126 Quia
1293 5060 1554 5129 respexisti
1579 5060 1790 5115 humili-

183 5163 340 5208 tatem
385 5166 580 5219 meam,
626 5152 815 5206 solvam
857 5153 1015 5224 fecisti
1053 5152 1117 5206 de
1156 5152 1528 5208 necessitatibus
1567 5155 1794 5210 animam

183 5263 352 5300 meatu
382 5260 405 5298 :
433 5261 525 5298 nec
553 5245 842 5300 conclusisti
858 5262 948 5299 «tne
971 5246 1027 5299 in
1058 5261 1239 5300 manus
1267 5247 1480 5301 inimici.
1512 5246 1640 5315 Quae
1669 5256 1796 5304 sunt

185 5337 577 5404 necessitates,
603 5336 748 5393 unde
773 5337 1017 5392 volumus
1042 5337 1244 5392 salvam
1270 5338 1382 5394 lteri
1433 5339 1666 5393 animam
1697 5356 1796 5396 no-

171 5440 352 5485 stram
374 5430 406 5482 ?
429 5428 562 5497 Quis
580 5443 673 5484 eas
697 5430 998 5484 enumeret?
1013 5430 1132 5500 quis
1155 5430 1312 5502 digne
1333 5431 1651 5502 exaggerat?
1673 5433 1794 5504 quis

181 5537 444 5596 congrue
460 5522 702 5577 vitandas
728 5521 1109 5593 fugiendasque
1132 5522 1512 5578 commendet?
1539 5524 1720 5581 Primo
1738 5525 1793 5580 in

181 5629 416 5685 genere
434 5613 668 5669 humano
693 5614 828 5669 dura
859 5615 1173 5681 necessitas,
1206 5616 1414 5672 nescire
1435 5630 1530 5671 cor
1549 5615 1792 5686 alterius,

167 5708 572 5772 nabsentire
599 5706 917 5776 piamque
941 5705 1012 5762 de
1037 5707 1399 5773 amicodideli,
1432 5707 1569 5764 bene
1592 5709 1796 5765 sentire

182 5798 520 5869 plerumque
549 5797 615 5852 de
643 5798 820 5854 amico
849 5798 1068 5854 inﬁdeli.
1118 5798 1164 5856 Ο
1205 5799 1335 5855 dura
1367 5803 1692 5857 necessitas!
1727 5801 1797 5858 Et

179 5887 489 5960 quid'facis
517 5896 579 5942 ut
604 5887 768 5944 corda
811 5888 1100 5960 inspicias?
1127 5899 1301 5962 tquem
1339 5893 1554 5948 oculum
1588 5891 1796 5965 .all‘ers,

181 5978 412 6041 inﬁrma
445 5988 500 6036 et
527 5979 1194 6060 plangendammtuuast?
1215 5983 1347 6056 quid
1367 5983 1502 6044 lacis
1529 5993 1590 6043 ut
1607 5985 1796 6050 videas

1329 483 1725 544 ENARRATIO
1764 479 1828 540 IN
1865 481 2185 546 PSA'LMUM
2210 486 2384 548 XXX.

3359 503 3466 562 εεδε

1875 601 2037 660 hodie
2058 621 2155 663 cor
2175 609 2354 664 fratris
2375 608 2455 665 tui
2470 607 2630 666 ?-Non
2654 608 2819 668 habes
2844 613 2969 686 quid
2993 615 3177 673 facias.
3206 620 3321 676 Alia
3353 637 3464 679 ma-

1867 695 1955 768 jor
1987 701 2297 768 necessitas,
2331 716 2430 758 nec
2461 712 2606 758 tuum
2639 704 2788 760 vides
2827 707 2983 778 quale
3012 710 3111 763 crit
3152 724 3291 766 eras.
3319 713 3459 782 Quid

1863 791 1979 861 jam
2005 792 2178 848 dicam
2206 793 2274 850 de
2297 797 2704 852 necessitatibus
2734 799 2898 868 ipsius
2923 803 3297 860 mortalitatis?
3327 806 3459 863 Mori

1877 898 2097 939 necesse
2126 895 2226 950 est,
2275 895 2328 942 et
2378 905 2533 942 nemo
2564 890 2697 944 vult.
2741 889 2908 946 Nemo
2939 893 3050 947 vult
3074 897 3213 964 quod
3243 912 3466 956 necesse

1880 984 1981 1030 est.
2010 976 2176 1031 Nemo
2204 979 2334 1042 vult.
2363 981 2504 1051 quod
2531 983 2632 1036 erit
2654 984 2777 1038 velit
2804 985 3122 1042 nolit.-Dura
3151 995 3443 1048 necessitas

1879 1068 2018 1122 nolle
2058 1070 2196 1138 quod
2247 1086 2350 1126 non
2391 1083 2566 1142 potest
2603 1078 2812 1131 evitari.
2846 1077 2975 1133 Nam
3021 1082 3064 1136 si
3107 1081 3217 1138 fieri
3263 1098 3457 1156 posset,

1879 1160 2143 1216 nollemus
2191 1163 2371 1234 utique
2414 1167 2586 1232 mori;
2637 1177 2689 1222 et
2719 1167 2857 1224 efﬁci
2888 1173 3029 1242 quod
3066 1176 3249 1245 Angeli
3299 1179 3438 1234 velle

1878 1267 2024 1317 mus,
2070 1255 2165 1310 sed
2220 1259 2639 1314 commutatione
2663 1261 2891 1332 quadam
2912 1306 2924 1329 ,
2959 1281 3063 1320 non
3094 1279 3296 1338 morte,
3329 1271 3445 1328 sicu

1878 1345 2010 1402 dicit
2039 1349 2329 1415 Apostolus
2358 1368 2370 1406 :
2405 1350 2824 1421 Ediﬁeationem
2852 1357 3088 1415 habemus
3117 1379 3181 1416 ex
3211 1362 3337 1430 Deo,
3371 1367 3466 1420 do-

1875 1456 2016 1493 mum
2035 1457 2136 1494 non
2164 1445 2533 1516 manufactam,
2551 1454 2790 1500 aeternam
2822 1450 2874 1502 in
2897 1450 3052 1504 ctelis.
3080 1451 3279 1508 Etenim
3299 1457 3350 1508 in
3373 1458 3467 1511 hoc

1878 1535 2272 1606 ingemiscimus.
2316 1538 2660 1593 habitaculum
2702 1553 2929 1596 nostrum
2955 1547 3089 1611 quod
3124 1547 3185 1600 de
3209 1550 3336 1602 caelo
3372 1561 3465 1615 est,

1879 1629 2178 1697 supcrindui
2200 1632 2488 1699 cupientes;
2510 1633 2555 1685 si
2573 1643 2740 1688 tanton
2761 1634 2945 1699 induti,
2969 1647 3014 1689 et
3048 1655 3149 1692 non
3181 1640 3304 1694 nudi
3329 1642 3470 1696 inve-

1881 1722 2101 1774 niantur.
2142 1722 2340 1776 Etenim
2366 1725 2452 1791 qui
2476 1742 2648 1780 sumus
2697 1727 2749 1780 in
2775 1727 2872 1781 hac
2903 1729 3229 1796 habitatione,
3261 1736 3471 1806 ingemi-

1881 1814 2066 1868 scimus
2091 1817 2304 1886 grarati,
2335 1818 2386 1874 in
2411 1835 2508 1887 quo
2539 1818 2772 1872 nolumus
2799 1821 3090 1891 exspoliari,
3123 1825 3211 1878 sed
3233 1844 3469 1897 supertte~

1881 1905 2010 1969 stiri,
2045 1916 2097 1959 ut
2125 1907 2446 1962 absorbeatur
2476 1912 2686 1964 mortale
2721 1929 2752 1964 a
2796 1913 2894 1966 vita
2923 1912 3003 1988 (ΙΙ
3050 1914 3167 1970 Cor.
3217 1935 3264 1982 v,
3314 1920 3405 1976 1-4
3426 1920 3468 1990 ).

1883 1994 2138 2051 Volumus
2171 2001 2448 2070 pervenire
2477 2001 2542 2070 ad
2575 2017 2793 2073 regnum
2841 2003 2954 2071 Dei,
2994 2006 3087 2061 sed
3120 2024 3213 2075 per
3241 2021 3468 2067 mortem

1881 2090 2128 2144 nolunms
2158 2108 2172 2145 :
2203 2102 2251 2146 et
2287 2101 2464 2148 tamen
2495 2094 2622 2149 dicit
2653 2095 2744 2150 tibi
2785 2097 3093 2162 necessitas,
3131 2101 3240 2158 Hac
3266 2105 3468 2160 venies.

1884 2179 1996 2236 Hac
2035 2182 2220 2237 venire
2263 2183 2468 2238 dubitas
2510 2185 2688 2252 homo,
2741 2203 2860 2242 cum
2913 2190 3010 2244 hac
3057 2191 3123 2246 ad
3173 2202 3223 2248 te
3267 2196 3475 2253 venerit

1889 2271 2072 2328 Deus?
2095 2269 2224 2342 Qua:
2257 2285 2380 2328 sunt
2405 2277 2564 2330 etiam
2595 2280 2942 2336 necessitates
2971 2282 3348 2342 vincendarum
3381 2305 3475 2344 ve-

1891 2367 2305 2423 tustissimarum
2336 2369 2686 2440 cupiditatum
2709 2414 2722 2439 ,
2756 2383 2807 2428 et
2851 2389 3172 2433 annosarum
3217 2381 3478 2440 malarum

1885 2464 2375 2519 consuetudinum?
2421 2465 2648 2521 Vincere
2695 2470 3154 2536 consuetudinem,
3202 2474 3333 2529 dura
3377 2491 3476 2546 pu-

1885 2571 2010 2628 gna,
2042 2557 2202 2611 nosti.
2237 2557 2398 2613 Vides
2424 2573 2582 2630 quam
2613 2561 2751 2616 male
2780 2560 2960 2630 facias,
2993 2580 3151 2634 quam
3181 2566 3478 2625 detestabi-

1887 2650 2030 2716 liter,
2063 2666 2221 2721 quam
2253 2649 2570 2718 infeliciter;
2599 2661 2651 2706 et
2685 2651 2813 2708 facis
2845 2661 3019 2710 tamen
3068 2673 3080 2705 :
3130 2656 3300 2713 intristi
3336 2662 3473 2730 heri,

1887 2742 2122 2798 facturus
2165 2758 2225 2798 es
2269 2742 2452 2799 hodie.
2493 2745 2548 2800 Si
2589 2744 2664 2798 sic
2691 2744 2784 2799 tibi
2810 2744 3058 2816 displicet
3085 2764 3207 2804 cum
3238 2751 3476 2822 disputo,

1886 2835 2156 2906 quomodo
2183 2835 2426 2905 displicet
2458 2835 2548 2890 tibi
2578 2851 2698 2890 cum
2726 2838 2966 2907 cogitas?
3008 2839 3073 2894 Et
3101 2850 3278 2897 tamen
3307 2844 3474 2900 factu-

1886 2941 1979 2982 rus
2025 2941 2085 2982 es
2130 2927 2252 2982 hoc.
2284 2927 2434 2984 Unde
2461 2927 2703 2998 raperis?
2746 2929 2864 2999 quis
2895 2939 2945 2984 te
2979 2932 3242 3000 captivum
3275 2937 3476 2990 trahit?

1887 3021 1970 3076 An
2004 3019 2091 3075 illa
2136 3020 2224 3075 lex
2270 3020 2322 3076 in
2369 3021 2623 3076 membris
2667 3022 2770 3077 tuis
2805 3039 3108 3095 repugnans
3152 3026 3252 3097 legi
3284 3039 3475 3084 mcntts

1890 3111 2033 3167 tum?
2063 3111 2241 3166 Clama
2269 3127 2398 3182 ergo
2425 3129 2437 3164 :
2469 3109 2663 3184 Infelix
2690 3130 2780 3184 ego
2812 3114 2979 3177 homo,
3011 3118 3121 3184 quis
3147 3134 3224 3170 me
3249 3119 3477 3174 liberabit

1887 3205 1951 3261 de
1969 3222 2180 3278 corpore
2199 3206 2369 3259 tttortis
2391 3205 2581 3276 hujus?
2602 3203 2782 3260 Gratia
2803 3205 2900 3262 Dei
2921 3225 3009 3279 per
3026 3207 3202 3263 Jesum
3226 3209 3480 3266 Christum

1889 3296 2168 3352 Dominum
2198 3311 2424 3352 nostrum
2461 3297 2648 3370 (Rom.
2676 3315 2770 3365 vn,
2802 3300 2944 3371 23);
2977 3310 3030 3356 et
3061 3303 3310 3372 impletur
3348 3306 3398 3359 itt
3429 3315 3482 3361 te

1889 3389 2033 3461 quod
2063 3389 2223 3444 modo
2265 3389 2527 3456 diximus,
2567 3390 2674 3461 Ego
2702 3403 2869 3445 autent
2907 3393 2957 3445 in
2993 3393 3211 3449 Domino
3240 3400 3435 3467 speravi
3458 3415 3479 3453 :

1890 3484 2172 3544 exsultabo,
2197 3492 2243 3536 et
2260 3483 2590 3554 jucundabor
2618 3483 2668 3536 in
2696 3494 2781 3536 tua
2810 3486 3191 3551 misericordia;
3219 3490 3337 3557 quia
3394 3507 3476 3542 re—

1891 3577 2445 3648 spexistihumilitatmn
2463 3594 2646 3643 meam,
2671 3579 2863 3631 salvam
2890 3579 3054 3649 fecisti
3083 3579 3144 3633 de
3169 3581 3479 3636 necessitati-

1891 3669 1980 3725 bus
2007 3670 2228 3723 animam
2257 3685 2435 3723 meam.
2487 3667 2635 3724 Unde
2661 3669 2806 3724 enim
2846 3669 2981 3724 facta
3005 3679 3089 3726 est
3113 3671 3256 3727 salva
3281 3671 3352 3729 de
3378 3688 3478 3730 ne-

1890 3763 2229 3819 cessitatibus
2250 3764 2424 3817 anima
2449 3771 2557 3828 tua,
2580 3763 2677 3817 nisi
2699 3763 2820 3834 quia
2844 3761 3084 3835 respecta
3106 3773 3189 3821 est
3210 3765 3481 3824 humilitas

1893 3858 2007 3913 tua?
2034 3856 2142 3911 Nisi
2175 3858 2317 3926 prius
2349 3856 2726 3918 humiliareris,
2750 3871 2856 3912 non
2877 3866 2926 3912 te
2947 3859 3240 3922 exaudiret.
3264 3861 3354 3932 qui
3375 3869 3428 3916 te
3449 3877 3480 3916 τι

1894 3948 2302 4005 necessitatibus
2327 3949 2596 4004 liberaret.
2627 3948 2942 4005 llumiliatus
2969 3960 3051 4006 est
3071 3952 3158 4022 qui
3187 3951 3321 4007 dixit
3346 3972 3357 4006 :
3388 3951 3482 4008 1η-

1882 4043 2018 4116 felix
2043 4059 2132 4115 ego
2165 4043 2334 4108 homo,
2368 4042 2478 4107 quis
2506 4058 2584 4096 me
2612 4041 2840 4096 liberabit
2869 4042 2932 4097 de
2952 4059 3161 4114 corpore
3183 4044 3359 4100 mortis
3383 4045 3480 4100 htt-

1874 4127 2016 4216 ,jus?
2041 4134 2154 4189 Non
2183 4143 2306 4189 sunt
2333 4133 2610 4200 humiliati,
2653 4134 2743 4205 qui
2771 4138 3057 4206 ignorantes
3083 4134 3181 4190 Dei
3199 4137 3477 4208 justitiam,

1891 4237 1941 4284 et
1965 4245 2109 4282 suam
2132 4230 2352 4282 volentes
2376 4229 2694 4294 constituere,
2719 4230 2936 4300 justitiat
2967 4229 3064 4285 Dei
3089 4247 3191 4286 non
3215 4240 3333 4286 sunt
3358 4231 3443 4289 sui
3463 4265 3482 4273 -~

1883 4322 2011 4394 jecti
2035 4319 2145 4395 (Id.
2176 4337 2229 4388 ι,
2263 4321 2345 4392 5)?

1971 4414 2055 4469 l4.
2098 4412 2244 4488 [vers.
2279 4411 2358 4488 9.]
2401 4411 2512 4467 Nec
2542 4413 2834 4467 conclusisti
2859 4429 2937 4466 me
2964 4415 3015 4466 in
3041 4429 3219 4469 manus
3245 4414 3434 4468 inimici
3461 4430 3482 4464 :

1896 4522 2003 4562 non
2030 4505 2189 4560 vicini
2224 4504 2320 4572 tui,
2351 4521 2456 4560 non
2485 4505 2934 4575 compossessoris
2963 4506 3059 4570 tui,
3089 4520 3193 4560 non
3221 4505 3338 4576 ejus
3359 4521 3480 4562 cum

1896 4608 2002 4664 quo
2032 4590 2271 4645 militasti
2299 4599 2351 4646 et
2375 4604 2497 4645 eum
2529 4589 2749 4658 laesisti,
2778 4597 2870 4644 aut
2909 4588 3044 4644 forte
3071 4590 3125 4644 in
3153 4599 3238 4645 tua
3269 4591 3484 4648 civitate

1899 4685 2144 4757 injuriam
2185 4685 2233 4740 ei
2261 4683 2464 4750 fecisti;
2501 4684 2585 4739 isti
2630 4684 2774 4740 enim
2807 4683 2942 4740 tales
2986 4692 3110 4739 sunt
3151 4699 3248 4754 pro
3289 4685 3484 4756 quibus

1898 4794 2053 4836 orare
2080 4778 2355 4834 debemus.
2388 4777 2561 4831 Alium
2592 4774 2849 4831 habemus
2870 4775 3166 4842 inimicum,
3190 4776 3484 4844 diabolum,

1899 4880 2200 4944 serpentem
2241 4873 2538 4942 antiquum.
2583 4870 2782 4926 Omnes
2804 4869 3112 4934 morientes,
3140 4871 3183 4924 si
3215 4870 3352 4926 bene
3372 4885 3488 4926 m0-

1901 4964 2121 5032 riamur,
2149 4964 2216 5018 ab
2242 4964 2358 5033 ejus
2385 4962 2630 5017 manibus
2657 4961 3489 5031 liberamur.“Quicumqueenim

1904 5059 2042 5114 male
2071 5059 2370 5114 moriuntur
2411 5057 2460 5111 in
2494 5057 2605 5110 suis
2636 5054 3030 5124 iniquitatibus,
3077 5055 3129 5109 in
3155 5055 3272 5125 ejus
3303 5069 3492 5110 manus

1903 5150 2313 5216 concluduntur,
2345 5158 2401 5203 ut
2425 5163 2546 5202 cum
2578 5146 2666 5200 illo
2698 5145 2750 5199 in
2779 5145 2885 5201 line
2911 5146 3252 5201 damnentur.
3278 5146 3492 5201 Liberat

1905 5257 2032 5312 ergo
2063 5257 2160 5295 nos
2187 5241 2444 5294 Dominus
2473 5237 2612 5293 Deus
2641 5245 2827 5292 noster
2849 5237 2917 5293 de
2946 5253 3108 5292 manu
3164 5239 3362 5293 inimici
3396 5254 3493 5292 no-

1904 5336 1999 5390 stri
2027 5354 2038 5389 :
2069 5335 2156 5389 ille
2172 5333 2314 5388 enim
2339 5347 2434 5386 nos
2453 5347 2548 5402 per
2571 5331 2887 5401 cupiditates
2908 5342 3120 5387 nostras
3144 5332 3254 5386 vult
3277 5345 3488 5399 capere.

1907 5428 2241 5500 Cupiditates
2283 5435 2458 5481 autem
2509 5437 2711 5482 nostris
2757 5426 2968 5498 quando
3016 5425 3205 5482 validae
3247 5434 3390 5488 sunt,
3439 5432 3494 5480 et

1907 5522 2120 5595 quando
2165 5522 2243 5577 eis
2294 5520 2579 5587 servimus,
2625 5520 2972 5576 necessitates
3009 5527 3288 5572 vocantur.
3329 5514 3490 5569 Libe-

1908 5625 2061 5672 rante
2088 5624 2263 5670 autem
2295 5614 2404 5669 Deo
2444 5614 2677 5668 animam
2722 5620 2958 5669 nostram
2985 5611 3055 5667 de
3083 5608 3494 5666 necessitatibus

1907 5709 2105 5766 nostris
2124 5751 2140 5778 ,
2168 5708 2294 5780 quid
2325 5709 2426 5765 erit
2455 5708 2597 5780 quod
2625 5712 2679 5762 in
2709 5706 2864 5763 nobis
2909 5713 3088 5762 teneat
3113 5701 3364 5760 inimicus
3382 5742 3401 5772 ,
3429 5709 3493 5759 ιιι

1907 5803 2372 5867 concludanturin
2400 5816 2589 5862 manus
2623 5799 2779 5872 ejus?

1981 5897 2069 5952 15.
2116 5895 2354 5950 Statuisti
2392 5895 2445 5948 in
2469 5894 2691 5964 spatioso
2719 5889 3048 5962 pedaneos.
3085 5887 3494 5962 Cortonam

1910 5991 1995 6049 via
2015 6000 2098 6050 est
2118 5989 2332 6063 (Matth.
2361 6004 2454 6055 vn,
2483 5987 2576 6060 14)
2600 6004 2613 6040 :
2639 5985 3145 6062 laborantianguata
3165 5993 3272 6060 est,
3296 5988 3499 6046 amanti
