4032 6458
187 431 278 495 211
1299 417 1693 478 ENARRATIO
1731 419 1799 478 lN
1835 421 2162 480 PSALMUM
2199 424 2370 482 XXX.

192 561 290 604 non
315 541 705 616 apparentibus
749 549 806 598 et
843 537 1178 611 gementibus
1224 535 1509 604 irascitur,
1536 535 1624 606 qui
1653 533 1783 590 dicit

195 639 290 694 alio
318 637 434 691 loco
461 654 476 689 :
510 634 672 692 Zelus
694 634 875 688 domus
902 643 1004 687 tua:
1031 630 1245 686 comedit
1276 647 1354 684 me
1385 629 1557 700 (.Psal.
1590 644 1778 694 uvut,

199 728 300 800 10).
330 727 470 782 Dicit
500 737 556 783 et
587 726 717 782 alibi
759 724 969 796 quando
999 723 1210 795 quidem
1240 722 1382 778 videt
1420 722 1615 777 multos
1644 722 1780 776 mala

198 822 475 884 facientes,
511 817 749 874 Tir-dium
792 817 1003 870 detinuit
1043 832 1121 870 me
1161 832 1192 868 a
1231 815 1577 887 peccatoribus
1623 815 1782 868 relin-

200 913 445 983 quentibus
475 913 638 983 legem
670 921 809 964 tuam
856 907 1028 981 (Psal.
1061 923 1220 964 cxvnt
1243 950 1258 973 ,
1296 907 1411 978 55).
1441 906 1578 962 Dicit
1599 916 1651 963 et
1678 907 1784 962 alio

199 1008 327 1075 loco,
365 1006 480 1062 Vidi
505 1008 806 1070 insensatos,
829 1014 877 1058 et
903 1001 1210 1058 tabescebam
1244 999 1425 1073 (Ibid.,
1453 999 1599 1072 158).

260 1101 315 1156 ฮน.
342 1099 469 1154 ilmc
499 1109 678 1154 autem
711 1099 810 1164 ira,
834 1095 1176 1152 metuendum
1205 1104 1306 1162 est,
1335 1110 1399 1150 ne
1429 1102 1573 1148 tanta
1600 1093 1699 1159 sit,
1728 1099 1787 1146 ut

198 1191 244 1248 iu
293 1190 476 1246 odium
529 1200 783 1246 vertatur.
834 1189 913 1244 Ira
965 1187 1106 1243 enim
1155 1187 1386 1243 nondum
1441 1196 1524 1241 est
1559 1185 1780 1242 odium:

197 1298 307 1338 nam
335 1283 587 1338 irasceris
616 1282 743 1349 lilio,
773 1297 878 1336 non
901 1279 1059 1335 odisti
1091 1279 1258 1334 lilium
1283 1295 1297 1344 ;
1322 1279 1368 1333 ci
1397 1291 1584 1333 servas
1612 1276 1784 1332 luere-

195 1375 430 1436 ditatem,
456 1374 547 1443 qui
572 1384 623 1427 te
650 1374 810 1427 sentit
840 1372 1032 1427 iratum
1054 1387 1070 1436 ;
1096 1378 1150 1426 et
1177 1370 1242 1425 ad
1271 1368 1373 1425 hoc
1395 1368 1640 1424 irasceris
1661 1409 1676 1434 ,
1711 1382 1782 1423 ne

195 1467 371 1538 perdat
398 1467 546 1538 quod
573 1466 890 1534 servaveris,
915 1465 1053 1521 male
1071 1465 1255 1520 vivens
1277 1465 1293 1496 ยน
1324 1462 1562 1518 moribus
1583 1462 1780 1535 pravis.

195 1561 325 1632 Ergo
376 1561 457 1614 ira
499 1559 737 1614 nondum
776 1567 858 1615 est
894 1557 1074 1613 odium
1108 1554 1380 1613 :nondum
1423 1555 1636 1610 odimus
1688 1568 1781 1610 eos

189 1653 373 1725 quibus
417 1652 731 1720 irascimur;
777 1650 869 1707 sed
911 1650 1010 1706 ista
1057 1650 1132 1704 ira
1176 1651 1220 1704 si
1261 1647 1546 1715 manserit,
1576 1654 1630 1702 et
1672 1662 1777 1700 non

188 1749 290 1804 cito
320 1747 510 1803 evulsa
539 1745 730 1812 fuerit,
758 1744 952 1802 crescit
972 1753 1026 1800 et
1048 1743 1105 1798 lit
1131 1742 1331 1798 odium.
1365 1741 1488 1796 Ideo
1515 1749 1573 1795 ut
1593 1755 1779 1795 recens

187 1839 260 1895 ira
287 1839 574 1905 evellatur,
593 1847 645 1894 et
663 1839 715 1893 in
741 1837 920 1892 odium
947 1850 1050 1890 non
1067 1843 1427 1899 convertatur,
1451 1832 1550 1888 hoc
1575 1846 1669 1886 nos
1685 1830 1780 1885 do-

185 1941 266 1988 cet
285 1931 590 2000 Scriptura,
617 1930 801 1986 dicens
825 1948 837 1984 :
860 1927 981 1984 Non
994 1927 1187 1982 occidat
1203 1926 1280 1982 sol
1294 1943 1444 1997 super
1463 1924 1779 1979 iracundiam

185 2036 397 2082 vestram
448 2024 670 2097 (Ephes.
715 2039 807 2088 tv,
837 2022 949 2093 26).
1004 2021 1214 2076 invenis
1265 2028 1443 2075 autem
1495 2016 1778 2090 aliquando

185 2119 402 2175 fratrem
427 2117 612 2172 odium
645 2116 948 2179 habentem,
971 2123 1025 2170 et
1044 2111 1387 2185 reprehendit
1416 2111 1733 2168 irascentem
1760 2127 1773 2164 :

190 2213 238 2270 in
267 2214 361 2269 illo
392 2220 480 2268 est
500 2211 682 2266 odium
705 2251 720 2276 ,
752 2219 806 2264 et
828 2210 879 2264 iu
906 2208 1012 2263 alio
1053 2207 1233 2276 culpat
1276 2205 1443 2269 iram;
1479 2204 1592 2274 ipse
1619 2202 1779 2258 habet

188 2305 384 2360 trabem
409 2303 464 2358 in
487 2302 643 2358 oculo
663 2315 783 2368 suo,
807 2311 862 2356 et
891 2297 1233 2371 reprehendit
1259 2296 1513 2353 festucam
1545 2296 1595 2350 in
1624 2295 1778 2350 oculo

187 2395 356 2452 fratris
394 2394 476 2449 sui
512 2393 728 2465 (Matth.
759 2408 852 2458 vn,
885 2392 959 2461 3).
993 2389 1096 2444 Sed
1149 2388 1347 2444 festuca
1381 2388 1478 2442 ista
1507 2396 1559 2442 et
1584 2401 1774 2442 surcu'

189 2489 285 2552 lus,
316 2489 422 2544 nisi
462 2488 573 2542 cito
619 2486 876 2542 evellatur
899 2527 912 2550 ,
949 2483 1123 2538 trabes
1165 2481 1338 2536 futura
1370 2489 1470 2536 est.
1502 2479 1616 2535 Non
1648 2495 1777 2551 ergo

189 2582 276 2650 ait,
306 2581 628 2637 Exstinctos
666 2588 750 2634 est
778 2578 964 2633 oculus
994 2591 1145 2630 meus
1176 2590 1286 2646 pra}
1318 2574 1430 2638 ira;
1458 2573 1554 2628 sed
1599 2571 1775 2626 turba-

193 2683 302 2731 tus:
330 2691 456 2730 nam
484 2675 532 2729 si
552 2673 929 2745 exstinguitur,
957 2673 1067 2743 jam
1096 2669 1274 2726 odium
1305 2679 1405 2736 est,
1439 2684 1545 2724 non
1578 2667 1674 2723 ira.
1709 2667 1778 2722 Et

191 2768 301 2823 vide
346 2767 472 2839 quia
515 2766 811 2821 exstinctus
848 2773 950 2820 est.
982 2764 1116 2844 liinc
1147 2762 1220 2816 ait
1248 2761 1480 2817 Joannes
1510 2778 1523 2815 :
1553 2759 1652 2826 Qui
1671 2759 1778 2813 odit

194 2860 394 2930 fratrem
430 2875 582 2913 suum
606 2900 620 2924 ,
649 2858 702 2910 in
731 2856 944 2912 tenebris
969 2865 1042 2910 est
1075 2871 1232 2926 usque
1258 2852 1423 2906 adhuc
1449 2851 1494 2923 (l
1520 2851 1675 2906 Joan.
1706 2866 1774 2917 tt,

192 2951 294 3021 il).
325 2953 632 3020 Antequam
671 2962 799 3019 ergo
839 2955 991 3002 eatur
1019 2945 1071 3000 in
1116 2944 1398 3010 tenebras,
1428 2941 1778 2997 conturbatur

191 3043 371 3100 oculus
402 3043 455 3096 in
491 3043 566 3095 ira
602 3059 615 3096 :
647 3038 741 3096 sed
780 3038 1074 3094 cavendum
1114 3046 1195 3092 est
1215 3079 1230 3104 ,
1260 3051 1326 3090 nc
1357 3035 1432 3090 ira
1460 3043 1697 3090 vertatur
1723 3033 1776 3088 in

191 3136 403 3201 odium,
452 3145 504 3190 et
558 3134 746 3188 oculus
789 3132 1154 3202 cxstinguatur
1183 3131 1225 3183 ยน.
1275 3129 1378 3183 Iste
1428 3143 1557 3199 ergo
1604 3126 1773 3182 dicit:

196 3226 438 3282 Turbatus
463 3236 540 3282 est
566 3243 676 3297 pra:
702 3228 778 3279 ira
802 3225 976 3280 oculus
1002 3241 1140 3279 meus
1161 3267 1175 3290 ,
1205 3223 1376 3277 anima
1403 3239 1513 3276 utea
1543 3231 1589 3276 et
1612 3230 1779 3276 venter

193 3337 323 3375 nteus
348 3336 367 3385 ;
399 3322 504 3375 hoc
530 3327 644 3385 est,
677 3317 880 3374 turbata
914 3324 1038 3372 sunt
1068 3315 1317 3372 interiora
1349 3331 1488 3370 mea.
1520 3314 1775 3370 Ventrem

190 3427 280 3483 pro
317 3412 667 3467 interioribus
731 3410 924 3482 posuit.
976 3407 1274 3479 Aliquando
1308 3408 1449 3462 enim
1493 3407 1687 3478 iniquis
1726 3415 1782 3463 et

191 3505 452 3573 perversis
517 3513 573 3559 et
613 3519 643 3558 a
686 3503 803 3574 lege
845 3502 1180 3558 dcviantibus
1219 3512 1271 3556 et
1316 3500 1454 3555 male
1480 3501 1779 3556 viventibus

196 3598 344 3651 irasci
379 3598 533 3664 licet,
561 3597 794 3652 clamare
820 3611 923 3650 non
948 3595 1090 3650 licet.
1119 3593 1251 3650 Cum
1285 3594 1562 3649 irascimur
1585 3601 1641 3650 et
1665 3594 1776 3649 cla-

198 3705 337 3744 mare
362 3708 469 3745 non
491 3705 800 3763 possumus,
821 3689 1072 3746 interiora
1093 3698 1271 3744 nostra
1291 3687 1589 3744 turbantur.
1610 3688 1776 3744 Tanta

197 3792 275 3836 est
297 3785 440 3838 enim
471 3781 761 3852 aliquando
786 3782 1137 3852 perversitas,
1168 3789 1226 3835 ut
1252 3795 1349 3834 nec
1369 3779 1563 3851 corripi
1588 3782 1773 3850 possit.

253 3875 306 3930 5.
352 3874 507 3948 [vers.
543 3871 654 3946 1ฮ.]
687 3873 935 3940 Quoniam
963 3873 1143 3944 defecit
1164 3872 1218 3926 in
1248 3871 1422 3927 dolore
1448 3873 1548 3926 vita
1574 3889 1706 3939 mea,
1731 3881 1780 3926 et

189 3968 302 4020 anni
343 3968 440 4021 mei
484 3967 539 4020 in
581 3966 863 4038 gemitibus.
891 3964 1079 4034 Defecit
1103 4005 1119 4030 ,
1147 3964 1348 4034 inquit,
1378 3964 1431 4017 in
1472 3963 1646 4019 dolore
1678 3963 1780 4018 vita

189 4075 315 4112 mea.
352 4060 486 4113 Dicit
535 4058 822 4128 Apostolus
853 4076 864 4112 :
900 4056 1054 4111 Nunc
1091 4057 1331 4122 vivimus,
1359 4055 1403 4110 si
1429 4072 1515 4110 vos
1555 4057 1700 4110 statis
1726 4055 1778 4109 in

188 4152 461 4225 Donu'no(l
495 4151 672 4207 Thess.
704 4167 780 4219 nt,
810 4150 888 4222 8).
930 4150 1263 4220 Quicumque
1309 4148 1530 4219 perfecti
1558 4157 1682 4204 sunt
1711 4163 1774 4203 cx

190 4243 479 4315 Evangelio
507 4255 561 4300 et
588 4245 753 4315 gratia
788 4244 876 4299 Dei
903 4285 916 4304 .
946 4257 1050 4297 non
1081 4241 1167 4296 hic
1197 4241 1380 4295 vivunt
1416 4241 1517 4295 nisi
1560 4249 1778 4310 propter

187 4338 349 4400 alios;
375 4354 502 4392 nam
542 4338 647 4392 vita
681 4351 868 4392 eorum
897 4335 948 4390 in
999 4335 1101 4389 hoc
1141 4333 1340 4389 sacculo
1361 4374 1376 4400 ,
1403 4332 1481 4388 eis
1525 4331 1635 4401 jam
1668 4347 1774 4386 non

186 4440 265 4484 est
295 4430 623 4486 necessaria.
673 4428 776 4486 Sed
803 4429 924 4499 quia
964 4425 1290 4499 dispensatio
1325 4440 1508 4479 eorum
1535 4424 1652 4478 aliis
1683 4441 1778 4478 ne-

187 4522 422 4576 cessaria
473 4529 594 4585 est,
630 4521 684 4574 lit
732 4521 785 4576 in
831 4520 910 4574 eis
955 4516 1098 4588 quod
1138 4518 1210 4571 ait
1261 4515 1398 4570 idem
1446 4515 1774 4585 Apostolus:

186 4612 660 4683 Concupisceutiam
707 4611 892 4666 habens
931 4609 1170 4673 dissolvi,
1195 4616 1365 4663 etesse
1397 4623 1512 4661 eum
1541 4605 1776 4672 Christo;

185 4708 345 4760 multo
386 4706 525 4760 enim
565 4705 725 4776 magis
771 4703 1056 4774 optimum:
1084 4716 1286 4754 manere
1322 4707 1488 4754 autem
1530 4699 1583 4752 in
1627 4713 1779 4752 carne

184 4801 523 4854 necessarium
561 4806 766 4870 propter
791 4813 878 4852 vos
908 4795 1164 4868 (Philipp.
1199 4810 1216 4849 ฮน
1243 4834 1259 4862 ,
1287 4793 1378 4861 ฮตฮด,
1407 4791 1521 4864 24).
1551 4789 1778 4860 Quando

182 4902 363 4947 s'ltem
393 4891 540 4945 videt
570 4891 729 4944 homo
757 4905 822 4945 ex
843 4887 1242 4959 dispensatione
1266 4900 1382 4949 sua,
1413 4900 1478 4939 ex
1506 4882 1778 4938 laboribus

183 4985 332 5049 suis,
363 4998 429 5037 cx
482 4982 861 5054 praedicatione
900 4995 995 5035 sua
1019 5021 1033 5044 ,
1062 4993 1166 5032 non
1211 4980 1470 5048 prolicere
1511 4975 1775 5041 homines,

182 5075 488 5129 infirmatur
510 5073 560 5127 iu
599 5081 830 5144 egestate
867 5071 971 5124 vita
1003 5069 1254 5124 hominis.
1281 5067 1421 5123 Vere
1457 5065 1778 5122 miserabilis

179 5175 394 5238 egestas
432 5176 487 5222 et
537 5165 746 5220 fames:
789 5161 1212 5235 quandoquidem
1251 5175 1344 5216 eos
1381 5174 1515 5231 quos
1550 5158 1778 5213 Domino

179 5259 480 5327 lucramur,
510 5255 908 5329 quodammodo
939 5254 1225 5309 manducat
1245 5251 1502 5308 Ecclesia.
1533 5249 1668 5320 Quid
1696 5258 1778 5304 est

241 5398 262 5429 โธ
295 5401 342 5444 tu
364 5394 592 5445 omnibus
612 5398 739 5452 ttss.,
763 5389 985 5442 evadens.

240 5459 264 5489 แฝท
295 5457 404 5506 uid.
440 5465 516 5504 Er.
557 5463 608 5522 et
647 5448 755 5522 nov.
782 5461 899 5522 post
921 5449 1408 5522 exstinguaturhhaec
1427 5448 1773 5522 interponunt:

175 5529 284 5572 Hoc
311 5527 468 5568 mitem
489 5509 837 5580 cntintadvertat
872 5509 1194 5580 imusquisaue
1330 5511 1381 5562 in
1401 5523 1538 5580 pace,
1564 5509 1656 5580 hoc
1686 5515 1772 5580 est,

175 5584 260 5646 qui
279 5581 333 5631 in
354 5580 562 5646 Christo,
585 5579 667 5641 qui
690 5589 859 5641 pacem
873 5575 964 5626 Dei
979 5574 1342 5646 cumniettdarit,
1361 5578 1551 5646 vocatus
1563 5577 1648 5646 est,
1667 5574 1779 5646 etin

179 5607 260 5646 ฯฮฑ
281 5607 333 5631 (ll
354 5607 440 5631 Lut
451 5607 562 5637 locu,
585 5607 664 5641 qut
691 5607 859 5641 ฮผฯฮฝฯฮนฮท
873 5607 964 5626 uc.
979 5607 1278 5626 wsuuwuuus
1287 5607 1342 5634 ฮท,
1363 5607 1632 5644 usura-ww.
1667 5607 1712 5621 ฮฝฯ
1728 5607 1776 5642 ฯฮน

179 5646 327 5708 cujus
347 5640 594 5692 natiritate
611 5653 797 5691 summa
815 5651 915 5702 pas:
937 5651 1024 5701 per
1051 5636 1278 5701 ,mgelum
1299 5641 1516 5706 nuntiata
1532 5641 1601 5707 est
1623 5607 1776 5683 bam:-

179 5707 325 5750 nibus
353 5718 370 5750 :
390 5704 431 5750 si
455 5715 546 5750 mo
567 5702 730 5750 alimia
754 5713 902 5750 ฯฮฑฮฝฯแฝทฮน
926 5698 998 5749 vel
1030 5711 1204 5750 magna
1233 5711 1378 5749 causa
1397 5709 1450 5747 ut
1477 5697 1640 5746 odium
1663 5708 1776 5750 nro-

177 5707 325 5758 us'bus
353 5718 370 5755 :
390 5707 431 5754 si
455 5715 546 5766 pro
567 5707 730 5765 aliqua
754 5713 902 5764 parva
926 5707 998 5749 vet
1030 5711 1204 5761 magna
1233 5711 1378 5749 causa
1397 5709 1450 5747 ut
1477 5707 1640 5746 oatum
1663 5708 1776 5760 pro-

177 5767 391 5836 ruperat,
415 5762 896 5836 tutltmnsocietatem
929 5775 1041 5812 ctam
1073 5774 1224 5836 paceโ
1355 5765 1427 5836 est

176 5822 296 5882 bere
314 5822 525 5895 poterit,
563 5825 655 5895 nisi
684 5838 795 5895 per_
1445 5822 1774 5895 paenitentum

176 5835 525 5942 "religent,
563 5839 655 5898 mss
684 5838 772 5888 per
813 5835 1011 5895 dignam
1052 5835 1428 5873 emendationem
1470 5835 1774 5895 parmarum.

176 5901 290 5958 seat
314 5888 326 5902 '
449 5901 576 5958 ergo
600 5894 705 5946 tslc,
749 5892 795 5937 et
834 5887 990 5958 ctpr
1018 5885 1268 5958 turbatus,
1312 5891 1407 5934 etc.
1435 5891 1687 5958 iuuenes
1717 5894 1776 5934 ea

178 5946 707 6017 vermeXpu๏ฌgimus,
729 5948 861 6017 quod
889 5946 1051 6002 abiciat
1068 5959 1098 5998 a
1119 5948 1300 6002 nostris
1319 5946 1544 6002 omnibus
1566 5952 1672 6002 Mss.
1759 5973 1762 5980 -

3362 435 3470 492 219

1895 537 2222 594 manducat?
2251 539 2306 594 in
2345 555 2538 612 corpus
2574 556 2727 600 suum
2773 546 3004 619 trajicit:
3037 549 3288 622 quidquid
3337 552 3482 607 enim

1893 630 2296 699 manducamus,
2351 634 2401 688 in
2446 649 2640 706 corpus
2697 648 2937 694 nostrum
2999 642 3315 713 trajicimus.
3366 642 3482 700 Hoc

1892 722 2001 792 agit
2024 723 2261 779 Ecclesia
2285 741 2382 794 per
2411 737 2624 782 sanctos
2655 746 2668 782 :
2695 731 2860 785 esurit
2882 746 3016 802 quos
3044 733 3235 788 lucrari
3269 734 3401 798 vult,
3428 745 3485 790 et

1893 828 2029 883 quos
2055 815 2256 872 lucrata
2294 817 2451 873 fuerit
2493 819 2673 890 aliquo
2701 822 2882 890 modo,
2911 824 3196 881 ntanducat
3219 828 3482 897 quodam-

1894 905 2076 961 modo.
2104 907 2266 978 Cujus
2292 925 2574 980 personam
2603 912 2820 982 gerebat
2846 914 3035 970 Petrus
3057 958 3070 982 ,
3098 917 3312 987 quando
3340 918 3389 973 ei
3415 917 3483 973 de

1893 997 2033 1052 etelo
2057 999 2352 1055 submissus
2379 1012 2463 1056 est
2501 1001 2681 1058 discus
2720 1005 2911 1076 plenus
2955 1008 3204 1063 omnibus
3232 1009 3481 1064 animali-

1893 1087 1994 1144 bus
2018 1089 2445 1161 quadrupedibus
2469 1134 2485 1160 ,
2513 1097 2850 1165 serpentibus
2869 1139 2884 1162 ,
2910 1106 2964 1152 et
2995 1099 3294 1153 volatilibus
3318 1118 3333 1156 :
3366 1101 3486 1171 qui-

1893 1181 1993 1237 bus
2019 1185 2305 1254 generibus
2332 1201 2518 1240 omnes
2544 1196 2728 1257 gentes
2748 1189 3135 1259 signi๏ฌcantur.
3160 1191 3482 1263 Prazligura-

1891 1274 1983 1330 bat
2035 1275 2288 1332 Dominus
2339 1279 2662 1345 Ecclesiam,
2701 1282 2844 1352 quod
2893 1298 3083 1338 omnes
3125 1295 3311 1356 gentes
3367 1301 3477 1342 erat

1891 1375 2289 1424 transvoratura
2313 1409 2330 1437 ,
2358 1379 2413 1425 ๏ฌl
2437 1371 2490 1426 in
2519 1386 2714 1442 corpus
2743 1389 2898 1428 suum
2946 1390 3311 1444 conversnra;
3335 1388 3391 1434 ฯฮน
3409 1395 3484 1435 ฯฮน..

1890 1457 2054 1513 Petro
2077 1500 2093 1526 ,
2126 1458 2300 1514 Macta
2322 1502 2338 1529 ,
2367 1472 2414 1516 et
2443 1463 2692 1518 manduca
2723 1464 2860 1538 (Act.
2894 1482 2927 1521 ฮน
2951 1508 2966 1534 ,
2996 1467 3108 1540 15).
3131 1468 3177 1524 0
3203 1469 3441 1526 Ecclesia
3463 1513 3479 1538 ,

1895 1548 2020 1620 (hoc
2039 1560 2122 1606 est
2136 1551 2312 1620 Petre,
2337 1555 2458 1624 quia
2485 1571 2646 1626 super
2674 1556 2809 1613 hanc
2839 1567 3044 1628 petram
3071 1560 3345 1618 aedi๏ฌcabo
3369 1562 3477 1619 Ec-

1887 1642 2104 1698 clesium
2127 1660 2298 1700 meam
2329 1644 2538 1718 [Matt/1.
2570 1665 2679 1712 xw,
2707 1649 2843 1724 18]),
2877 1663 3060 1722 macta,
3084 1663 3128 1708 et
3166 1656 3417 1710 manduca
3439 1673 3461 1712 :

1889 1735 2036 1805 prius
2071 1745 2241 1791 macta
2262 1777 2278 1803 ,
2310 1747 2365 1792 et
2407 1739 2486 1794 sic
2523 1739 2812 1808 manduca;
2851 1743 3036 1799 occide
3065 1744 3206 1816 quod
3233 1754 3394 1814 sunt,
3423 1756 3482 1804 et

1887 1825 1971 1883 fac
2006 1829 2148 1899 quod
2186 1845 2265 1886 es.
2309 1830 2442 1886 Cum
2483 1847 2616 1904 ergo
2653 1835 2973 1904 praedicatur
3013 1837 3393 1910 Evangelium,
3419 1849 3480 1899 et

1889 1919 2032 1976 videt
2067 1921 2158 1992 qui
2189 1922 2438 1993 praedicat
2469 1941 2572 1979 non
2607 1928 2871 1996 proficere
2893 1928 3154 1998 homines,
3179 1947 3345 2002 quare
3366 1947 3475 1990 non

1887 2012 2118 2069 clamet:
2163 2014 2414 2081 Quoniam
2454 2017 2638 2090 defecit
2659 2019 2711 2074 in
2740 2021 2914 2076 dolore
2959 2024 3059 2078 vita
3083 2041 3192 2079 mea
3214 2067 3230 2092 ,
3258 2034 3306 2081 et
3351 2028 3479 2083 anni

1887 2105 1984 2160 mei
2002 2106 2054 2160 in
2073 2105 2336 2178 gemitibus
2355 2125 2373 2162 :
2403 2106 2708 2178 ln๏ฌrmatus
2734 2123 2804 2166 est
2830 2113 2882 2167 in
2908 2124 3122 2186 egestate
3145 2117 3286 2188 vigor
3307 2133 3472 2186 meus,

1888 2209 1934 2255 et
1968 2217 2082 2257 ossa
2115 2220 2225 2258 mea
2265 2204 2561 2259 conturbata
2601 2207 2762 2262 sunt?
2803 2209 2940 2263 Anni
2987 2211 3154 2266 nostri
3186 2211 3311 2280 isti,
3341 2225 3478 2284 quos

1887 2293 1975 2349 hic
2004 2294 2270 2364 ducimus,
2302 2297 2354 2351 in
2386 2299 2667 2368 gemitibus
2695 2307 2838 2354 sunt.
2864 2299 3208 2371 UndelQuia
3236 2301 3478 2358 abunda-

1885 2386 1962 2441 vit
1992 2386 2263 2459 iniquitas,
2292 2387 2591 2460 refrigescit
2623 2390 2857 2447 charitas
2887 2394 3199 2448 multorum.
3229 2394 3283 2450 In
3313 2396 3480 2467 gemi-

1887 2479 2061 2546 tibus,
2092 2496 2197 2534 non
2230 2481 2281 2535 in
2324 2481 2483 2537 claris
2513 2483 2734 2538 vocibus
2765 2503 2778 2540 :
2807 2485 3018 2555 quando
3061 2485 3202 2541 videt
3234 2485 3478 2543 Ecclesia

1887 2572 2084 2627 multos
2116 2573 2166 2626 in
2195 2588 2506 2644 perversum
2547 2575 2644 2639 ire,
2675 2575 2908 2646 gemitus
2935 2591 3063 2632 suos
3091 2577 3312 2632 devorat
3335 2578 3476 2649 apud

1888 2677 1965 2730 se,
2001 2673 2060 2719 ut
2081 2664 2221 2719 dicat
2246 2665 2382 2732 Deo,
2414 2665 2640 2722 Gemitus
2680 2683 2821 2722 meus
2851 2685 2954 2723 non
2993 2678 3065 2723 est
3097 2669 3423 2726 absconditus
3445 2686 3480 2725 a

1886 2763 1935 2809 te
1979 2755 2157 2827 (Psal.
2201 2773 2416 2824 xxxvu,
2465 2757 2556 2828 10)
2587 2774 2602 2812 :
2632 2758 2684 2813 in
2731 2759 2838 2814 alio
2883 2760 3088 2832 psalmo
3134 2760 3349 2830 dicitur,
3381 2761 3478 2818 sed

1884 2851 2129 2920 congruit
2181 2849 2332 2918 huic;
2380 2860 2435 2906 ct
2471 2850 2574 2906 hoc
2597 2853 2720 2907 estโ
2750 2852 2967 2920 dicere,
3014 2852 3254 2909 Gemitus
3301 2868 3476 2920 meus,

1885 2942 1984 2998 etsi
2026 2942 2369 2998 absconditus
2407 2951 2490 2999 est
2519 2943 2586 3000 ab
2612 2944 2978 3011 hominihus,a
3009 2953 3062 3000 te
3090 2961 3195 3002 non
3239 2954 3322 3003 est
3347 2946 3478 3003 abs-

1885 3033 2150 3091 conditus.
2203 3033 2503 3106 fn๏ฌrmatus
2545 3045 2617 3090 est
2685 3037 2739 3090 in
2787 3046 3004 3109 egestate
3038 3037 3178 3110 vigor
3215 3052 3390 3106 meus,
3431 3045 3478 3092 et

1884 3143 2002 3184 ossa
2028 3143 2138 3183 mea
2158 3129 2456 3184 conturbata
2486 3138 2602 3183 sunt
2627 3146 2645 3184 :
2667 3127 2736 3185 de
2762 3129 2862 3185 hac
2889 3137 3128 3202 egestate
3149 3145 3309 3201 supra
3340 3129 3478 3186 dixi-

1886 3237 2048 3278 mus:
2090 3237 2212 3278 ossa
2259 3237 2388 3278 vero
2429 3222 2594 3279 fortes
2641 3223 3006 3294 intelliguntur
3050 3225 3338 3290 Ecclesiae,
3387 3224 3480 3296 qui

1887 3315 2047 3372 etiam
2073 3315 2119 3370 si
2140 3331 2245 3371 non
2266 3316 2653 3372 conturbantur
2671 3317 3129 3387 persecutionibus
3153 3319 3479 3386 alienorum,

1888 3409 2273 3465 conturbantur
2300 3417 2474 3464 tamen
2506 3409 2878 3480 iniquitatibus
2900 3410 3142 3466 fratrum.

1959 3499 2012 3554 6.
2059 3498 2210 3573 [vers.
2253 3499 2377 3573 12.]
2423 3501 2591 3572 Super
2633 3519 2804 3556 omnes
2846 3503 3075 3557 inimicos
3120 3519 3254 3558 meos
3302 3507 3473 3575 factus

1885 3608 1997 3646 sum
2022 3591 2371 3664 opprobrium,
2403 3603 2450 3646 et
2475 3592 2652 3646 vicinis
2681 3593 2804 3648 meis
2838 3595 3070 3659 nimium,
3100 3603 3146 3648 et
3174 3594 3324 3648 timor
3348 3595 3482 3650 notis

1886 3683 2030 3736 meis.
2079 3682 2250 3752 Super
2277 3699 2448 3738 omnes
2477 3684 2708 3738 inimicos
2751 3701 2886 3740 meos
2927 3686 3092 3758 factus
3135 3702 3246 3740 sum
3287 3702 3480 3757 oppro-

1886 3771 2092 3827 brium:
2121 3774 2210 3845 qui
2253 3783 2376 3828 sunt
2423 3773 2622 3829 inimici
2668 3775 2964 3830 Ecclesia}?
3006 3775 3223 3845 Pagani,
3267 3775 3482 3832 Judaei?

1886 3868 2144 3923 Omnibus
2189 3868 2341 3940 pejus
2385 3870 2568 3925 vivunt
2628 3871 2752 3926 mali
2799 3871 3095 3927 christiani.
3166 3872 3255 3927 Vis
3296 3871 3482 3929 videre

1886 3977 2046 4032 quam
2074 3963 2319 4018 omnibus
2347 3964 2496 4035 pejus
2523 3965 2702 4019 vivant
2737 3965 2862 4020 mali
2889 3964 3207 4020 christiani?
3247 3966 3324 4022 De
3363 3965 3482 4022 tali-

1890 4057 1993 4112 bus
2035 4057 2164 4112 dicit
2193 4058 2450 4128 propheta
2480 4058 2750 4124 Ezechiel,
2793 4059 2912 4130 quia
2950 4068 3328 4129 comparantur
3365 4074 3482 4114 sar-

1886 4150 2083 4204 mentis
2115 4149 2387 4206 inutilibus
2419 4149 2628 4223 (Ezech.
2655 4168 2750 4216 xv,
2775 4151 2811 4204 2
2833 4151 2868 4222 ).
2892 4151 3038 4207 Pone
3059 4152 3300 4222 Pagauos
3340 4151 3479 4222 ligna

1887 4255 2008 4296 esse
2054 4241 2295 4296 silvatica
2339 4251 2486 4296 extra
2531 4242 2860 4308 Ecclesium,
2908 4242 3082 4296 adhuc
3133 4251 3308 4312 potest
3355 4241 3480 4298 inde

1887 4333 2004 4390 fieri
2031 4333 2229 4402 aliquid
2257 4351 2271 4399 ;
2313 4334 2580 4404 quomodo
2606 4333 2673 4388 de
2697 4334 2854 4404 lignis
2875 4333 3154 4389 fabrilibus
3175 4344 3253 4388 est
3279 4335 3476 4404 lignum

1886 4425 2037 4480 fabro
2060 4433 2262 4494 aptum,
2289 4434 2343 4480 cl
2372 4426 2415 4480 si
2442 4425 2616 4481 adlmc
2657 4426 2916 4480 nodosum
2941 4435 2996 4480 et
3019 4442 3239 4480 curvum
3273 4436 3329 4482 et
3351 4441 3476 4482 cor-

1889 4517 2114 4574 ticosum
2134 4558 2149 4584 ,
2183 4524 2358 4572 tamen
2397 4515 2536 4587 quod
2577 4516 2813 4584 doletur,
2844 4518 3107 4584 ascietur,
3137 4517 3476 4589 deplanetur,

1886 4618 1941 4664 et
1970 4608 2138 4680 possit
2164 4609 2344 4663 venire
2386 4609 2451 4662 ad
2492 4607 2723 4678 aliquam
2774 4608 3024 4663 fabricam
3057 4623 3184 4664 usus
3216 4609 3430 4664 humani
3462 4629 3476 4665 :

1887 4702 1954 4758 de
1982 4701 2264 4757 sarmentis
2290 4711 2466 4757 autem
2499 4702 2734 4772 praecisis
2774 4701 2905 4758 fabri
2953 4702 3085 4758 nihil
3129 4701 3307 4759 facere
3349 4719 3476 4775 pos-

1885 4803 2043 4859 sunt;
2093 4793 2228 4864 ignis
2271 4809 2330 4849 ea
2380 4794 2526 4848 solus
2573 4803 2866 4863 exspectat.
2915 4795 3208 4864 Attendite,
3259 4795 3475 4854 fratres.

1887 4883 2018 4940 Cum
2061 4885 2307 4940 silvatico
2347 4885 2489 4955 ligno
2533 4885 2726 4956 ubique
2768 4895 3108 4956 praeponatur
3148 4898 3478 4943 sarmentum

1887 4992 2110 5032 manens
2140 4977 2191 5031 in
2223 4977 2351 5042 vite,
2396 4976 2519 5047 quia
2556 4985 2881 5031 sarmentum
2911 4975 3003 5031 dat
3041 4980 3304 5046 fructum,
3347 4980 3482 5034 illud

1887 5069 2083 5142 lignum
2127 5086 2230 5124 non
2299 5069 2389 5123 dat
2435 5071 2659 5123 fructum
2693 5087 2706 5123 :
2735 5069 2956 5140 praeciso
2987 5080 3163 5124 tamen
3207 5082 3481 5126 sarmento

1887 5163 1954 5218 de
1983 5164 2087 5218 vite
2111 5163 2153 5217 si
2187 5171 2531 5232 comparetur
2557 5162 2756 5231 lignum
2795 5163 3091 5217 silvaticum
3114 5203 3129 5229 ,
3168 5164 3482 5234 intelligitur

1889 5270 2014 5312 esse
2051 5255 2276 5319 melius;
2306 5258 2425 5325 quia
2455 5254 2522 5310 de
2547 5255 2636 5309 illo
2666 5255 2811 5310 faber
2837 5255 3034 5327 aliquid
3066 5257 3239 5311 facere
3266 5265 3477 5327 potest;
3513 5263 3516 5266 โ

1886 5349 1989 5404 hoc
2013 5358 2188 5403 autem
2213 5363 2318 5402 nou
2345 5347 2549 5416 qumrit,
2581 5348 2680 5401 nisi
2707 5347 2796 5418 qui
2823 5345 2942 5402 foco
2970 5348 3257 5402 ministrat.
3289 5349 3477 5402 Attenโ

1886 5443 2018 5498 dens
2043 5442 2219 5512 itaque
2244 5441 2634 5497 multitudinem
2659 5446 2796 5497 male
2817 5443 3107 5498 viventium
3136 5443 3186 5496 in
3215 5441 3474 5507 Ecclesia,

1889 5537 2058 5608 Super
2087 5552 2278 5601 omnes,
2306 5535 2496 5608 inquit,
2527 5537 2756 5591 inimicos
2793 5552 2929 5591 meos
2959 5538 3124 5608 factus
3149 5552 3261 5589 sum
3286 5551 3474 5606 appro.

1887 5629 2070 5684 brium.
2124 5628 2315 5698 Pejus,
2365 5628 2566 5700 inquit,
2615 5629 2799 5683 vivunt
2845 5627 2969 5682 mali
3019 5627 3072 5682 in
3124 5626 3474 5682 sacramentis

1886 5724 2042 5792 meis,
2076 5737 2234 5794 quam
2262 5724 2349 5794 qui
2376 5722 2441 5777 ad
2467 5723 2554 5777 illa
2581 5736 2848 5794 nunquam
2878 5729 3244 5777 accesserunt.
3285 5719 3474 5776 Latine

1883 5881 2068 5996 ฯฮต
2089 5887 2142 5933 ฮฟฮน
2162 5886 2292 5944 Lam,
2315 5877 2402 5933 sed
2425 5876 2642 5944 congruit
2657 5875 2738 5930 hic
2754 5887 2802 5930 et
2818 5875 2907 5929 hoc
2925 5874 3107 5929 dicere.
3131 5877 3477 5942 mstigavim's
