4032 6480
476 461 585 521 Ξὲδ

477 585 663 651 aperte
686 591 785 635 cur
811 580 916 635 non
954 575 1195 645 dicamus
1213 618 1229 645 ,
1260 575 1344 632 vel
1373 573 1585 648 quando
1612 572 1872 645 psalmum
1899 585 2067 642 expo-

475 671 653 727 nimus
671 669 699 727 τ
736 670 805 728 Et
829 670 873 727 si
900 669 1021 726 aliis
1048 670 1185 727 forte
1211 667 1537 740 temporibus
1562 666 1743 723 dicere
1773 680 1877 720 non
1904 663 2068 720 aude.

475 778 595 818 mus
616 803 630 828 ,
660 763 848 818 saltem
880 762 1171 819 necessitas
1199 759 1500 832 exponendi
1530 758 1724 815 habeat
1765 758 2064 814 libertatem

474 855 823 928 corripiendi.
852 855 1024 926 Super
1049 871 1241 921 omnes,
1267 854 1456 925 inquit,
1484 852 1715 907 inimicos
1740 867 1876 905 meos
1902 853 2069 923 factus

477 965 588 1004 sum
628 949 975 1019 opprobrium.
1012 947 1088 1003 De
1129 946 1324 1003 talibus
1362 945 1492 1001 dicit
1528 945 1804 1015 apostolus
1844 944 2063 999 Petrus:

479 1041 644 1097 Facta
669 1052 784 1099 sunt
826 1042 930 1097 illis
956 1042 1233 1113 posteriora
1276 1040 1525 1095 deteriora
1556 1039 1806 1111 prioribus
1836 1054 1853 1092 :
1883 1038 2063 1092 melius

478 1136 613 1191 enim
655 1142 763 1190 erat
803 1134 908 1190 illis
951 1151 1053 1190 non
1094 1148 1393 1207 cognoscere
1443 1132 1575 1187 viam
1616 1130 1860 1203 iustitiae,
1905 1146 2060 1201 quam

477 1229 891 1301 cognoscentibus
937 1236 1212 1283 retrorsum
1254 1226 1445 1297 reﬂecti
1468 1242 1500 1279 a
1528 1224 1713 1280 tradito
1754 1224 1846 1278 sibi
1888 1231 2062 1279 sancto

480 1323 742 1378 mandato.
780 1324 913 1379 Cum
944 1321 1091 1389 dicit,
1137 1319 1323 1378 Helius
1351 1330 1459 1377 erat
1499 1320 1605 1376 illis
1640 1337 1740 1375 non
1769 1334 2068 1393 cognoscere

477 1416 611 1470 riam
639 1415 885 1482 iustitiw;
915 1430 1090 1471 nonne
1111 1414 1367 1485 judicavit
1395 1413 1646 1469 meliores
1672 1427 1792 1468 esse
1822 1411 2068 1467 inimicos

485 1509 616 1565 foris
643 1510 869 1581 positos,
903 1525 1059 1581 quam
1087 1509 1229 1565 iutus
1256 1507 1393 1563 male
1422 1508 1689 1575 viventes,
1720 1506 1915 1579 quibus
1946 1521 2070 1577 pre-

480 1601 643 1656 mitur
666 1612 717 1656 et
742 1611 993 1672 gravatur
1015 1600 1288 1656 Ecclesia?
1317 1597 1524 1664 Melius,
1554 1598 1743 1669 inquit,
1770 1596 1873 1653 illis
1898 1599 2070 1669 [uerat

481 1711 583 1747 non
633 1711 931 1766 cognoscere
981 1694 1111 1749 uiam
1156 1692 1409 1764 justitiw,
1455 1710 1608 1765 quam
1654 1692 2066 1766 cognoscentibus

479 1797 754 1842 retrorsum
782 1789 973 1858 reﬂecti
996 1806 1027 1842 a
1049 1788 1234 1843 tradito
1271 1788 1367 1843 sibi
1402 1798 1576 1844 sancto
1615 1787 1876 1842 mandata.
1904 1786 2067 1841 Deni-

479 1892 583 1948 que
613 1880 729 1933 \‘itlt'
759 1896 916 1950 quam
957 1880 1193 1935 horribili
1222 1880 1296 1935 rei
1335 1894 1432 1935 eos
1460 1879 1791 1949 comparavit
1819 1897 1831 1931 :
1858 1876 2070 1933 Contin-

475 1970 548 2042 git
593 1972 697 2027 illis
741 1988 820 2027 res
862 1974 966 2027 veri
1012 1971 1259 2045 proverbii
1282 2014 1298 2039 ,
1344 1969 1501 2028 Canis
1546 1988 1772 2026 reversus
1812 1968 1882 2025 ad
1922 1987 2071 2026 suum

478 2064 719 2116 vomitum
750 2063 831 2136 (ll
852 2060 993 2117 Petr.
1022 2079 1077 2128 ιι,
1106 2062 1327 2134 20-22).
1360 2062 1480 2118 Istis
1510 2063 1686 2133 itaque
1715 2061 1909 2117 talibus
1942 2077 2067 2117 cum

474 2155 581 2209 sint
631 2155 799 2224 plena:
847 2153 1139 2222 Ecclesia},
1190 2170 1369 2211 nonne
1416 2155 1682 2211 veraciter
1731 2154 1840 2211 illic
1884 2155 2071 2212 dicunt

472 2246 662 2317 pauci,
701 2247 810 2302 imo
835 2261 900 2302 ex
930 2261 1218 2320 paucorum
1248 2262 1381 2303 voce
1425 2248 1536 2317 ipsa
1567 2245 1806 2304 Ecclesia
1837 2265 1851 2302 :
1879 2247 2051 2319 Super

473 2353 645 2390 omnes
672 2336 901 2392 inimicos
927 2353 1061 2392 meos
1102 2341 1267 2410 factus
1292 2355 1406 2393 sum
1430 2338 1757 2408 opprobrium
1790 2382 1803 2405 ,
1827 2347 1873 2394 et
1893 2340 2068 2395 vicinis

474 2430 598 2481 meis
626 2428 857 2494 nimium,
890 2437 937 2483 et
961 2429 1111 2483 timor
1134 2429 1265 2483 notis
1288 2428 1439 2483 meis?
1460 2427 1660 2484 Vicinis
1685 2431 1820 2486 meis
1841 2429 2064 2487 nimium

477 2523 820 2592 opprobrium
852 2521 1019 2577 factus
1048 2535 1187 2589 sum,
1218 2522 1269 2577 id
1296 2530 1377 2577 est
1396 2563 1411 2590 ,
1442 2521 1533 2593 qui
1568 2522 1697 2577 mihi
1727 2522 1836 2593 jam
1868 2538 2066 2595 appro-

476 2614 805 2683 pinquabunt
846 2621 903 2667 ut
954 2612 1233 2669 crederent
1272 2632 1285 2667 :
1333 2613 1437 2668 hoc
1480 2620 1582 2681 est,
1626 2613 1784 2669 vicini
1833 2615 1937 2671 mei
1981 2614 2066 2670 ni-

476 2707 642 2762 mium
671 2707 914 2762 deterriti
944 2715 1098 2776 sunt,
1130 2707 1269 2762 mala
1298 2708 1405 2762 vita
1436 2708 1698 2763 malorum
1728 2716 1784 2763 et
1812 2708 2065 2764 falsorum

476 2798 908 2854 chriStlanorum.
962 2798 1131 2867 Quam
1176 2800 1374 2854 multos
1413 2799 1555 2855 enim
1605 2799 1823 2869 putatis,
1874 2798 2066 2856 fratres

475 2893 603 2961 mei,
644 2892 781 2947 velle
823 2906 943 2948 esse
989 2892 1330 2961 christianos,
1376 2891 1469 2947 sed
1518 2890 1715 2948 offendi
1756 2886 1911 2949 malis
1950 2908 2068 2950 mo-

475 2985 625 3043 ribus
667 2984 1122 3041 christianorum?
1162 2984 1266 3057 Ipsi
1311 2994 1434 3041 sunt
1475 2985 1636 3040 vicini
1681 2984 1773 3057 qui
1812 2985 1923 3057 jam
1966 3001 2065 3057 ap.

477 3080 940 3154 propinquabant,
1003 3088 1058 3136 et
1118 3079 1339 3135 nimium
1400 3078 1745 3151 opprobrium
1808 3079 1911 3135 illis
1965 3078 2066 3134 visi

473 3184 679 3227 sumus.

546 3262 600 3320 7.
630 3263 767 3340 [item
780 3261 1028 3338 venit]
1067 3260 1239 3318 Timor
1266 3263 1430 3334 [actus
1469 3279 1583 3318 sum
1604 3263 1735 3318 notis
1755 3263 1897 3317 meis.
1927 3259 2087 3331 Quid“

473 3364 583 3413 tam
617 3357 950 3414 timendum?
976 3353 1174 3422 Timor,
1204 3356 1393 3427 inquit,
1423 3355 1587 3425 factus
1614 3372 1728 3411 sum
1755 3356 1888 3411 notis
1916 3354 2060 3409 meis.

477 3450 617 3518 Quid
647 3461 755 3506 tam
787 3449 1101 3516 timendum,
1131 3464 1287 3519 quam
1318 3463 1437 3503 cum
1476 3446 1625 3504 videt
1670 3447 1830 3503 homo
1869 3446 2064 3503 multos

473 3543 615 3600 male
654 3543 929 3611 viventes,
984 3550 1037 3597 et
1087 3540 1156 3597 de
1211 3540 1404 3612 quibus
1461 3539 1599 3596 bene
1638 3539 1950 3611 sperabatur
2007 3538 2064 3593 in

470 3634 656 3692 multis
695 3634 986 3690 malefactis
1006 3632 1286 3690 inventos?
1315 3631 1490 3689 Timet
1510 3646 1577 3687 ne
1593 3631 1727 3686 tales
1750 3632 1855 3685 sint
1874 3645 2063 3686 omnes

474 3742 609 3799 quos
635 3726 855 3798 putabat
904 3725 1104 3790 bonos.
1157 3734 1211 3780 et
1254 3724 1544 3780 veniuutin
1572 3722 1927 3793 suspicionem
1958 3738 2066 3778 ma-

476 3817 585 3873 lam
619 3832 786 3888 prope
810 3831 997 3871 omues
1018 3814 1163 3871 boni.
1186 3812 1372 3883 Qualis
1387 3813 1507 3868 vir?
1535 3812 1801 3885 quomodo
1821 3810 2015 3868 cecidit
2037 3811 2062 3866 ‘l

475 3909 746 3981 quomodo
775 3908 1021 3964 inventus
1050 3917 1133 3965 est
1157 3907 1209 3962 in
1238 3907 1327 3962 illa
1356 3904 1700 3978 turpitudine,
1734 3904 1786 3959 in
1828 3903 1922 3960 illo
1946 3920 2063 3961 sce-

475 4001 610 4071 lere,
643 4003 695 4058 in
725 4001 815 4058 illo
840 4002 979 4058 facto
1003 4001 1180 4057 malo?
1207 4008 1360 4072 putas
1388 4015 1496 4055 non
1523 4000 1655 4055 tales
1684 4006 1810 4054 sunt
1835 3997 2063 4054 omnes?

472 4094 588 4155 Hoc
612 4105 695 4155 est
720 4097 870 4152 timor
898 4098 1028 4152 notis
1056 4096 1201 4163 meis,
1231 4101 1292 4151 ut
1328 4104 1383 4150 et
1415 4092 1546 4164 ipsis
1583 4091 1776 4163 quibus
1821 4092 1931 4147 noti
1971 4107 2063 4147 su-

469 4205 611 4256 mus,
642 4191 954 4263 plerumque
979 4189 1033 4245 in
1063 4189 1280 4245 dubium
1300 4187 1597 4244 veniamus.
1628 4186 1695 4241 Et
1721 4186 1822 4241 nisi
1854 4195 1906 4243 te
1924 4200 2060 4241 con-

468 4283 669 4340 soletur
686 4281 827 4356 quod
843 4298 923 4350 es,
945 4282 988 4337 si
1019 4281 1215 4352 aliquid
1241 4294 1320 4346 es,
1348 4293 1452 4334 non
1484 4278 1660 4334 credis
1684 4292 1805 4334 esse
1832 4279 2060 4335 alterum

470 4376 653 4432 talem.
685 4373 1008 4433 Consolatur
1035 4372 1304 4427 hominem
1345 4369 1749 4442 qualiscumque
1776 4370 2060 4425 conscien-

469 4469 560 4533 tia,
593 4476 651 4523 ut
677 4465 819 4524 dicat
843 4465 944 4521 sibi
971 4465 1132 4520 homo
1153 4463 1240 4535 qui
1268 4464 1403 4519 bene
1429 4462 1559 4518 vivit
1591 4480 1604 4516 :
1633 4461 1678 4518 Ο
1705 4473 1760 4518 ιιι
1782 4463 1872 4534 qui
1900 4461 2061 4518 modo

466 4560 676 4617 vereris
703 4574 771 4615 ne
800 4558 933 4614 tales
962 4557 1067 4611 sint
1093 4570 1301 4621 omnes,
1352 4564 1405 4610 tu
1456 4554 1577 4611 talis
1618 4555 1718 4610 es?
1753 4553 2061 4624 Respondet

465 4652 792 4713 conscientia
825 4671 836 4705 :
870 4650 984 4708 Non
1005 4666 1143 4706 sum.
1172 4649 1314 4720 Ergo
1333 4648 1375 4704 si
1404 4647 1526 4703 talis
1548 4662 1654 4703 non
1680 4662 1756 4713 es,
1791 4648 1937 4702 solus
1960 4646 2062 4701 es?

467 4744 604 4800 Vide
630 4759 699 4800 ne
728 4743 877 4816 pejor
906 4742 977 4797 sit
1021 4740 1121 4795 ista
1168 4739 1445 4811 superbia,
1490 4753 1646 4810 quam
1684 4738 1772 4793 illa
1803 4738 2055 4810 nequitia.

465 4836 585 4893 Noli
634 4834 806 4891 solum
849 4843 901 4890 te
941 4833 1140 4889 dicere.
1169 4831 1300 4887 Nam
1328 4841 1383 4887 et
1413 4829 1560 4885 Elius
1588 4828 1872 4900 aliquando
1901 4830 2059 4886 tazdio

467 4925 824 4984 multitudinis
844 4925 1128 4997 impiorum
1157 4923 1231 4979 ait
1259 4941 1272 4977 :
1304 4921 1591 4993 Prophetas
1610 4930 1721 4977 tuos
1745 4922 2055 4990 occiderunt,

468 5018 657 5075 altaria
685 5028 771 5073 tua
795 5015 1135 5085 suﬁ'oderunt,
1184 5025 1231 5070 et
1279 5031 1369 5086 ego
1417 5012 1620 5068 relictus
1665 5029 1777 5067 sum
1820 5013 1979 5081 solus,
2012 5022 2059 5068 et

468 5121 704 5182 quierunt
756 5109 979 5164 animam
1005 5125 1189 5163 meam.
1232 5106 1339 5164 Sed
1364 5105 1487 5179 quid
1512 5106 1631 5159 dicit
1656 5105 1735 5160 illi
1762 5122 2059 5176 responsum

464 5203 687 5259 divinum
709 5201 737 5258 .’
761 5199 966 5273 Reliqui
990 5200 1116 5254 mihi
1138 5207 1326 5269 septem
1358 5197 1520 5251 millia
1548 5198 1801 5265 virorum,
1829 5200 1916 5270 qui
1954 5216 2054 5255 non

461 5304 796 5351 curvaverant
837 5309 1001 5365 genua
1042 5300 1158 5347 ante
1193 5288 1326 5345 Baal
1350 5288 1440 5360 (ill
1470 5288 1599 5361 Reg.
1626 5305 1740 5358 xu,
1765 5290 1871 5357 40;
1901 5291 2053 5348 Rom.

463 5404 533 5453 χι,
566 5389 620 5457 '5,
646 5387 728 5460 4).
761 5387 921 5460 Ergo,
948 5386 1140 5442 fratres
1156 5427 1171 5451 ,
1212 5385 1351 5440 inter
1377 5383 1492 5438 haec
1515 5382 1763 5439 scandala
1787 5401 1949 5441 unum
1973 5395 2058 5442 est

463 5477 759 5534 remedium
790 5520 806 5546 ,
838 5492 907 5533 ne
931 5476 1068 5532 male
1088 5474 1288 5532 sentias
1306 5472 1374 5530 de
1403 5472 1566 5529 fratre
1591 5481 1704 5529 tuo.
1732 5474 2013 5533 Humiliter
2036 5478 2055 5511 ι

461 5579 581 5628 esto
623 5570 765 5643 quod
796 5570 879 5626 vis
905 5578 1027 5626 eum
1057 5580 1178 5624 esse
1201 5609 1215 5634 ,
1253 5573 1309 5623 et
1356 5580 1463 5622 non
1501 5566 1713 5637 putabis
1759 5582 1883 5624 eum
1935 5584 2057 5626 esse

462 5663 607 5736 quod
646 5678 756 5721 non
784 5676 864 5719 es.
894 5659 1000 5717 Sed
1030 5668 1207 5716 tamen
1243 5658 1316 5718 sit
1338 5658 1498 5716 etiam
1523 5657 1685 5715 timor
1709 5661 1871 5729 notis,
1895 5662 2054 5719 etiam

461 5757 714 5829 expertis.

544 5852 598 5908 8.
632 5848 784 5924 [oers.
812 5846 928 5927 13.]
958 5846 1445 5925 mandabantur,
1463 5851 1862 5925 {aufugerunt
1887 5864 1922 5906 a
1950 5865 2051 5906 me.

527 5963 547 5997 ⁸
569 5963 645 6016 ste
663 5966 741 6015 Β.
764 5967 938 6016 ουκ.
961 5968 1171 6026 Δίωνι,
1191 5958 1404 6016 hostilis.

1667 454 1723 512 S.
1767 438 2151 512 AUGUSTlNl'
2175 449 2481 508 ENSCOPI

3656 446 3783 516 aut

2177 568 2557 642 Ignoscendnm
2581 579 2723 630 esset
2741 574 2786 629 si
2812 570 2956 630 foras
2978 571 3235 647 fugissent
3264 589 3295 631 a
3323 584 3410 631 m‘e
3434 571 3525 648 qui
3554 587 3660 631 non
3682 575 3766 631 vi—

2175 664 2370 720 debant
2399 680 2484 721 me
2514 682 2527 721 :
2561 667 2720 723 etiam
2747 666 2835 739 qui
2866 666 3115 723 videbant
3140 681 3247 733 me,
3278 665 3423 723 foras
3456 665 3710 740 fugerunt
3737 678 3779 722 τι

2173 772 2280 812 me.
2296 754 2401 812 Sed
2417 756 2462 812 si
2492 758 2580 828 qui
2608 774 2692 815 mc
2712 774 2817 815 non
2835 759 3108 828 videbant,
3134 758 3280 815 foras
3305 758 3559 832 fugerunt
3594 775 3639 816 ο-
3676 776 3764 816 me

2175 853 2302 921 (nec
2319 852 2601 909 dicendum
2620 862 2721 919 est,
2744 855 2885 912 foras
2900 854 3182 927 fugerunt;
3208 857 3327 927 quia
3352 856 3493 911 intus
3515 871 3619 911 non
3650 857 3768 912 fuc—

2174 954 2296 999 runt
2329 962 2341 998 :
2375 946 2419 1000 si
2466 947 2606 1003 iutus
2634 947 2774 1004 enim
2812 947 3056 1013 fuissent,
3084 948 3345 1004 vidissent
3370 963 3459 1005 me
3484 991 3499 1016 ,
3532 947 3586 1004 id
3633 958 3718 1005 est
3749 992 3765 1013 ,

2173 1039 2543 1107 cognovissent
2586 1054 2781 1109 corpus
2836 1038 3057 1107 Christi,
3099 1042 3474 1111 cognovissent
3526 1040 3765 1096 membra

2172 1127 2392 1198 Christi,
2416 1134 2787 1203 cognovissent
2817 1134 3070 1190 unitatem
3099 1133 3317 1207 Christi)
3342 1153 3355 1187 :
3378 1136 3509 1191 illud
3538 1142 3621 1192 est
3646 1150 3766 1189 ma-
3796 1199 3807 1210 ο

2171 1223 2252 1294 gis
2278 1216 2631 1295 gemendum,
2664 1225 2793 1281 illud
2826 1228 3044 1283 omnino
3074 1228 3424 1293 intolerabile,
3461 1229 3583 1301 quia
3614 1228 3766 1283 multi

2172 1317 2263 1386 qui
2301 1317 2546 1374 viderunt
2591 1335 2697 1386 me,
2733 1319 2875 1375 foras
2925 1320 3173 1392 fugerunt
3205 1339 3233 1376 a
3285 1338 3391 1388 me,
3424 1323 3474 1379 id
3506 1333 3623 1390 est,
3671 1326 3768 1396 qui

2173 1420 2536 1481 cognoverunt
2578 1411 2701 1482 quid
2742 1421 2886 1468 esset
2931 1412 3170 1469 Ecclesia
3194 1456 3211 1481 ,
3242 1415 3491 1471 exierunt
3520 1415 3682 1480 foras,
3711 1425 3768 1471 et

2172 1501 2407 1560 htereses
2423 1515 2475 1558 et
2495 1505 2780 1561 schismata
2796 1510 2980 1560 contra
3000 1505 3292 1561 Ecclesiam
3316 1507 3574 1563 fecerunt.
3594 1506 3768 1563 Hodie

2173 1595 2441 1651 hominem
2467 1597 2693 1663 invenis,
2715 1599 2860 1654 verbi
2881 1600 3071 1671 gratia,
3096 1609 3278 1655 natum
3300 1601 3349 1655 in
3370 1612 3517 1672 parte
3543 1600 3759 1663 Donati.

2172 1687 2343 1742 nescit
2367 1687 2495 1758 quid
2534 1688 2603 1743 sit
2632 1688 2890 1754 Ecclesia,
2921 1690 3010 1745 ubi
3053 1698 3207 1745 natus
3236 1702 3317 1746 est
3345 1701 3487 1751 tenet
3517 1709 3528 1745 :
3554 1707 3661 1746 non
3686 1691 3783 1747 illi’

2171 1778 2354 1835 cvellis
2381 1780 2819 1836 consuetudinem
2850 1796 3007 1853 quam
3036 1781 3177 1836 suxit
3199 1797 3321 1837 cum
3350 1781 3489 1838 lacte
3516 1782 3766 1842 nutricis.

2173 1869 2326 1926 lllum
2351 1913 2367 1939 ,
2408 1870 2553 1927 illum
2590 1870 2655 1927 da
2680 1871 2769 1942 qui
2814 1871 3044 1927 volvitur
3080 1871 3317 1945 quotidie
3347 1872 3398 1937 in
3428 1872 3721 1944 scripturis
3748 1914 3767 1940 ,

2172 1962 2261 2033 qui
2307 1962 2451 2033 legit,
2479 1962 2568 2032 qui
2601 1962 2853 2033 prmdicat
2882 1981 2895 2017 :
2930 1964 3073 2019 itane
3102 1963 3315 2020 tandem
3348 1980 3454 2019 non
3482 1964 3551 2019 ibi
3579 1964 3764 2030 videt,

2171 2051 2392 2109 Postulo
2417 2071 2450 2108 a
2477 2071 2575 2119 me,
2599 2064 2644 2108 et
2666 2055 2797 2110 dabo
2819 2055 2906 2110 tibi
2930 2053 3113 2112 Gentes
3143 2056 3487 2112 ha'reditatem
3522 2066 3683 2125 tuam,
3716 2066 3770 2113 et

2172 2147 2535 2219 possessionem
2563 2157 2704 2203 tuam
2728 2150 2969 2204 terntinos
2993 2158 3140 2205 terrae
3161 2147 3333 2221 (Psal.
3356 2165 3413 2215 ιι,
3438 2136 3534 2222 8)?
3560 2165 3665 2205 non
3689 2149 3768 2208 ibi

2174 2238 2339 2305 videt,
2363 2239 2919 2309 Commemorabuntur,
2950 2250 2999 2297 et
3020 2252 3367 2297 convertentur
3391 2242 3459 2297 ad
3486 2242 3768 2298 Dominum

2171 2332 2393 2387 universi
2412 2333 2539 2403 fines
2561 2343 2727 2401 terra,
2760 2343 2807 2388 et
2832 2334 3117 2390 adorabunt
3138 2334 3189 2388 in
3218 2345 3485 2407 conspectu
3513 2336 3623 2407 ejus
3648 2336 3770 2390 uni-

2171 2440 2327 2479 versa:
2350 2426 2529 2496 patria:
2548 2426 2769 2498 gentium
2803 2424 2974 2500 (Psal.
3007 2442 3120 2493 xxi,
3148 2426 3240 2498 28)
3265 2426 3291 2482 τ
3313 2427 3370 2487 Si
3396 2427 3545 2485 vides
3574 2429 3645 2484 ibi
3683 2438 3772 2486 to-

2171 2518 2276 2572 tius
2301 2519 2448 2574 orbis
2477 2520 2753 2586 unitatem,
2797 2519 2922 2591 quid
2954 2518 3100 2577 foras
3129 2520 3295 2593 fugis,
3341 2532 3398 2577 ut
3441 2537 3550 2578 non
3585 2523 3767 2581 solum

2171 2610 2285 2681 ipse
2312 2611 2549 2681 patiaris,
2572 2627 2755 2668 verum
2787 2621 2841 2668 et
2865 2612 2984 2668 aliis
3006 2613 3168 2668 facias
3191 2613 3529 2669 caecitatem?
3557 2612 3658 2683 Qui
3682 2617 3767 2669 vi-

2171 2701 2353 2755 debant
2378 2718 2476 2768 me,
2506 2701 2557 2757 id
2583 2712 2667 2757 est
2685 2745 2699 2766 ,
2728 2705 2816 2774 qui
2846 2712 3103 2759 noverant
3136 2703 3263 2775 quid
3294 2705 3364 2759 sit
3393 2704 3650 2772 Ecclesia,
3673 2706 3769 2777 qui

2170 2808 2288 2849 eam
2330 2792 2385 2849 in
2418 2792 2705 2865 Scripturis
2733 2795 3094 2864 intuebantur,
3137 2801 3278 2870 foras
3315 2801 3549 2870 fugerunt
3582 2815 3615 2853 α
3662 2816 3766 2854 me.

2171 2886 2378 2945 Putatis
2403 2889 2569 2956 enim,
2600 2887 2792 2946 fratres
2814 2890 2939 2956 niei,
2963 2891 3085 2961 quia
3108 2890 3184 2946 illi
3209 2905 3398 2947 onmes
3416 2893 3503 2963 qui
3526 2891 3771 2950 fecerunt

2171 2981 2405 3039 haereses
2431 2998 2527 3053 per
2555 2983 2668 3038 loca
2697 2992 2749 3039 et
2771 2993 2969 3054 partes,
3003 3000 3108 3039 non
3137 2993 3396 3040 noverant
3425 2985 3478 3041 in
3521 2985 3769 3056 Scriptu-

2169 3075 2246 3131 ris
2284 3076 2398 3140 Dei,
2440 3076 2558 3147 quia
2608 3075 2848 3132 Ecclesia
2890 3066 2993 3131 ndn
3035 3087 3118 3132 est
3147 3077 3398 3148 praedicta
3432 3079 3475 3147 ί,
3514 3079 3614 3134 nisi
3650 3088 3769 3136 toto

2170 3176 2431 3223 terrarum
2463 3167 2592 3223 orbe
2629 3167 2818 3223 diffusa
2842 3167 2866 3222 ‘l
2892 3167 3032 3224 Vere
3058 3168 3179 3224 dico
3218 3170 3478 3225 Charitati
3514 3170 3715 3227 Vestra:
3747 3191 3764 3226 :

2169 3257 2326 3315 Certe
2372 3274 2560 3315 omnes
2588 3258 2863 3314 christiani
2912 3274 3128 3325 sumus,
3160 3262 3243 3316 vel
3274 3263 3549 3318 christiani
3574 3279 3768 3321 omnes

2168 3353 2418 3422 dicimur,
2450 3362 2502 3409 et
2520 3368 2709 3409 omnes
2728 3353 2927 3410 Christi
2956 3354 3110 3425 signo
3135 3354 3409 3426 signamur
3434 3374 3447 3411 :
3475 3355 3764 3413 obscurius

2168 3446 2418 3503 dixerunt
2458 3445 2741 3517 Propheta:
2770 3446 2837 3501 de
2866 3446 3110 3513 Christo,
3158 3463 3315 3517 quam
3364 3448 3432 3503 de
3475 3448 3765 3517 Ecclesia;

2167 3544 2298 3609 puto
2328 3545 2611 3609 propterea
2642 3539 2765 3608 quia
2798 3536 3047 3593 videbant
3074 3538 3125 3591 in
3157 3537 3358 3607 Spiritu
3388 3580 3403 3604 ,
3445 3547 3629 3595 contra
3661 3539 3769 3596 Ec-

2167 3630 2384 3686 clesiam
2407 3630 2653 3686 homines
2685 3629 2919 3686 facturos
2948 3645 3067 3685 esse
3094 3630 3399 3701 particulas,
3432 3638 3488 3686 ct
3511 3630 3579 3687 de
3606 3631 3771 3688 Chri-

2167 3730 2254 3779 sto
2276 3737 2381 3777 non
2404 3731 2606 3778 tantam
2637 3721 2787 3778 litem
2816 3722 3113 3790 habituros,
3156 3722 3223 3777 de
3262 3720 3501 3778 Ecclesia
3543 3738 3768 3796 magnas

2167 3815 2539 3873 contentiones
2589 3816 2934 3873 excitaturos.
2983 3816 3107 3871 Ideo
3158 3815 3291 3872 illud
3347 3816 3487 3873 unde
3527 3817 3764 3889 majores

2167 3907 2287 3963 lites
2310 3908 2499 3966 futura:
2519 3916 2688 3974 erant,
2724 3907 2930 3978 planius
2956 3907 3266 3977 praedictum
3297 3915 3352 3963 et
3372 3910 3607 3979 apertius
3634 3924 3767 3980 pro-

2164 4002 2438 4074 phetatum
2467 4009 2568 4069 est,
2598 4008 2656 4055 ut
2678 3999 2745 4056 ad
2767 3999 3023 4071 judicium
3052 3999 3158 4057 illis
3180 4001 3355 4058 valeat
3374 4002 3462 4073 qui
3484 4001 3759 4070 viderunt,

2167 4103 2221 4151 et
2251 4095 2391 4151 foras
2420 4094 2685 4166 fugerunt.

2240 4188 2297 4244 9.
2320 4186 2566 4258 Exempli
2595 4185 2766 4258 gratia
2793 4201 2955 4241 unum
2985 4185 3441 4243 commemorabo.
3487 4185 3765 4246 Abraham

2165 4292 2318 4355 pater
2336 4290 2520 4339 noster
2541 4280 2657 4347 fuit,
2683 4296 2789 4336 non
2819 4289 3040 4353 propter
3060 4282 3408 4352 propaginem
3432 4281 3630 4350 carnis,
3659 4281 3765 4339 sed

2163 4383 2384 4449 propter
2409 4373 2758 4429 imitationem
2790 4371 2915 4429 lidei
2947 4391 2959 4427 :
2987 4373 3163 4444 justus
3182 4381 3239 4429 et
3258 4374 3473 4443 placens
3495 4374 3624 4442 Deo,
3660 4389 3763 4444 per

2166 4468 2327 4525 fidem
2374 4469 2611 4539 suscepit
2654 4468 2821 4523 lilium
2866 4468 2966 4523 sibi
3009 4469 3326 4539 promissum
3357 4468 3503 4526 Isaac
3525 4469 3593 4526 de
3623 4470 3762 4527 Sara

2163 4560 2332 4617 sterili
2368 4576 2537 4616 uxore
2573 4574 2666 4615 sua
2704 4560 2757 4615 in
2806 4569 3082 4616 senectute
3130 4576 3225 4616 sua
3271 4558 3428 4633 (Gen.
3479 4578 3591 4630 xxi,
3645 4560 3705 4633 2)
3742 4580 3760 4617 :

2158 4651 2343 4722 jussus
2368 4658 2453 4707 est
2478 4650 2755 4706 immolare
2780 4650 2892 4706 Deo
2917 4650 3161 4706 eumdem
3208 4651 3395 4719 lilium,
3419 4667 3517 4707 nec
3542 4651 3765 4708 dubita-

2163 4744 2258 4809 vit,
2298 4758 2395 4798 nec
2422 4743 2754 4814 disceptavit,
2793 4760 2891 4799 nec
2928 4742 2994 4799 de
3018 4743 3170 4816 jussu
3202 4744 3291 4800 Dei
3317 4745 3622 4816 disputavit,
3657 4762 3764 4803 nec

2164 4836 2366 4893 malum
2394 4837 2599 4908 putavit
2622 4836 2761 4909 quod
2790 4835 2978 4907 jubere
3002 4838 3239 4908 optimus
3276 4839 3481 4908 potuit;
3515 4834 3668 4893 duxit
3694 4837 3764 4893 fi-

2163 4929 2291 4984 lium
2315 4943 2468 4984 suum
2496 4928 2561 4983 ad
2588 4928 2990 4995 immolandum,
3031 4929 3283 4998 imposuit
3304 4929 3352 4983 ei
3374 4928 3513 5001 ligna
3551 4928 3758 4985 sacrifi-

2162 5020 2254 5090 cii,
2287 5020 2609 5091 pervenitad
2638 5021 2835 5087 locum,
2863 5022 3034 5077 erexit
3055 5020 3327 5077 dexteram
3355 5032 3412 5078 ut
3434 5030 3759 5093 percuteret,

2163 5129 2230 5170 eo
2260 5114 2579 5184 prdhibente
2606 5114 2872 5187 deposuit,
2914 5128 3020 5184 quo
3061 5113 3282 5184 jubente
3326 5115 3595 5170 levaverat
3635 5114 3756 5186 (Id.

2165 5221 2300 5273 χιιι,
2331 5207 2420 5278 5);
2449 5208 2538 5278 qui
2565 5205 3029 5278 obtemperaverat
3055 5215 3113 5260 ut
3140 5205 3344 5273 feriret,
3366 5207 3763 5279 obtemperavit

2163 5310 2223 5355 ut
2250 5309 2525 5371 parceret;
2560 5300 2753 5372 ubique
2795 5299 3087 5369 obediens,
3119 5317 3377 5374 nusquam
3407 5302 3621 5359 timidus
3649 5321 3663 5358 :
3694 5315 3763 5361 ut

2163 5402 2341 5448 tamen
2373 5393 2686 5465 impleretur
2725 5393 3044 5447 sacriﬁcium
3066 5435 3081 5460 ,
3124 5404 3180 5451 et
3212 5398 3333 5452 sine
3358 5398 3615 5467 sanguine
3644 5412 3760 5455 non

2164 5486 2551 5552 discederetur,
2580 5486 2823 5542 inventus
2848 5494 2935 5543 est
2957 5474 3099 5544 aries
3119 5487 3335 5547 haerens
3362 5493 3416 5547 in
3438 5506 3601 5563 vepre
3624 5507 3758 5549 cor-

2163 5578 2344 5643 nibus,
2376 5578 2491 5648 ipse
2518 5578 2821 5634 immolatus
2856 5587 2960 5642 est.
2998 5589 3271 5650 peractum
3298 5591 3382 5638 est
3405 5583 3753 5641 sacriﬁcium.

2161 5667 2357 5736 Quaere
2375 5666 2503 5739 quid
2529 5668 2631 5723 sit:
2657 5667 2823 5740 ﬁgura
2853 5677 2937 5726 est
2959 5669 3154 5728 Christi
3180 5673 3417 5730 involuta
3441 5688 3757 5731 sacramen-

2162 5759 2253 5815 tis.
2298 5759 2538 5830 Denique
2578 5768 2637 5816 ut
2662 5760 2902 5819 videatur
2928 5762 3212 5820 discutitur
3231 5805 3246 5834 ,
3276 5773 3334 5820 ut
3358 5766 3602 5823 videatur
3626 5781 3761 5839 per-

2162 5858 2454 5919 tractatur,
2506 5861 2564 5909 ut
2608 5854 2750 5925 quod
2802 5855 3098 5917 involutum
3132 5864 3216 5913 est
3251 5857 3544 5919 evolvatur.
3599 5857 3759 5927 Isaac

2227 5960 3366 6036 ‘de;,pr¢edteaa.mmuﬂt5pr¢dtm.
