4032 6492
192 466 287 526 915

194 593 437 654 tanquam
477 577 639 637 ﬁlius
681 578 871 638 unicus
906 578 1135 635 dilectus
1174 576 1395 649 ﬁguram
1432 572 1637 631 habens
1675 571 1796 630 Filii

197 679 318 745 Dei,
348 686 580 748 portans
632 677 777 750 ligna
819 675 941 741 sibi,
998 674 1268 748 quomodo
1294 672 1540 729 Christus
1578 683 1797 726 crucem

195 772 421 845 portavit
445 770 636 844 (Joan.
663 768 912 844 “3.17).
935 771 1025 827 llle
1049 777 1324 842 postremo
1342 768 1456 839 ipse
1482 766 1621 823 aries
1642 763 1800 821 Chri-

196 875 330 922 stum
381 862 731 936 signiﬁcavit.
784 863 920 934 Quid
961 874 1042 919 est
1077 863 1218 918 enim
1263 861 1468 917 haerere
1504 858 1793 925 cornibus,

194 957 294 1013 nisi
344 956 582 1029 quodam
628 956 792 1015 modo
847 955 1122 1026 cruciﬁgi?
1179 954 1370 1026 Figura
1433 960 1517 1009 est
1566 951 1667 1009 ista
1728 949 1796 1006 de

194 1048 427 1104 Christo.
450 1047 730 1104 Continuo
758 1047 1093 1119 przedicanda
1114 1055 1231 1103 erat
1250 1044 1512 1112 Ecclesia,
1536 1059 1793 1117 praenun-

195 1140 319 1196 tiata
345 1141 527 1211 capite
557 1139 1024 1212 prmnuntiandum
1071 1149 1186 1196 erat
1228 1148 1283 1195 et
1330 1152 1524 1210 corpus
1576 1156 1589 1190 :
1633 1136 1797 1208 coepit

195 1231 426 1304 Spiritus
456 1232 578 1302 Dei,
610 1234 777 1305 coepit
802 1234 939 1289 Deus
960 1232 1307 1289 adAbraham
1335 1230 1627 1303 prmdicare
1656 1217 1794 1285 velle

198 1326 521 1395 Ecclesium,
552 1339 609 1384 et
647 1328 771 1384 tulit
818 1332 1057 1405 ﬁguram.
1095 1328 1366 1385 Christum
1407 1327 1632 1400 ﬁgurate
1659 1343 1796 1399 prm-

197 1418 439 1488 dicabat,
493 1422 791 1479 Ecclesiam
833 1433 1014 1494 aperte
1054 1423 1395 1495 praedicavit;
1425 1424 1501 1478 ait
1533 1423 1675 1479 enim
1726 1422 1794 1477 ad

197 1511 465 1567 Abraham
501 1532 514 1567 :
546 1513 804 1581 Quoniam
830 1514 1079 1570 obaudisti
1100 1532 1267 1571 vocem
1302 1532 1482 1580 meam,
1508 1523 1554 1569 et
1580 1531 1679 1569 non
1703 1532 1795 1586 pe-

200 1605 395 1674 percisti
419 1606 537 1675 ﬁlio
568 1616 655 1661 tuo
694 1606 876 1665 dilecto
904 1618 1107 1681 propter
1137 1624 1235 1676 me,
1277 1608 1569 1663 benedicens
1592 1606 1796 1664 benedi-

198 1712 297 1750 csm
327 1706 397 1764 te,
427 1707 476 1752 et
517 1700 779 1769 implendo
825 1701 1042 1771 implebo
1085 1717 1251 1757 semen
1294 1710 1433 1756 tuum
1465 1703 1593 1757 sicut
1622 1703 1795 1757 stellas

196 1789 320 1853 ccli,
351 1799 398 1844 et
425 1791 563 1849 sicut
601 1809 809 1848 arenam
840 1795 1014 1863 maris,
1055 1803 1102 1850 et
1137 1793 1486 1849 benedicentur
1526 1795 1580 1850 in
1608 1797 1797 1851 semine

196 1890 277 1933 tuo
305 1896 481 1935 omnes
506 1892 684 1953 gentes
713 1894 864 1939 teme
883 1884 1037 1956 (Gen.
1073 1902 1203 1953 χχιι,
1226 1886 1338 1957 16).
1363 1886 1580 1958 Etpenc
1599 1887 1793 1959 ubique

193 1970 440 2029 Christus
463 1974 646 2045 aliquo
679 1975 952 2043 iuvolucro
990 1978 1309 2035 sacramenti
1356 1979 1670 2049 prmdicalus
1711 1986 1797 2035 est

194 2081 222 2119 a
245 2064 554 2137 Prophetis,
584 2069 821 2126 Ecclesia
852 2080 1034 2143 aperte
1059 2090 1072 2127 :
1094 2080 1151 2127 ut
1173 2071 1411 2128 viderent
1441 2071 1584 2127 illam
1615 2081 1669 2129 et
1703 2073 1792 2143 qui

196 2160 347 2217 futuri
373 2172 535 2218 erant
560 2174 749 2222 contra
793 2165 969 2232 illam,
1018 2174 1072 2221 et
1114 2166 1427 2245 impleretur
1470 2167 1521 2221 in
1572 2166 1649 2223 eis
1692 2166 1791 2222 ista

197 2256 423 2326 nequitia
472 2273 635 2335 quam
681 2258 929 2329 prmdixit
958 2258 1222 2324 Psalmus,
1259 2259 1359 2327 Qui
1398 2259 1626 2314 videbant
1663 2276 1742 2314 me
1773 2302 1788 2326 ,

196 2348 322 2415 foras
348 2350 599 2419 fugerunt
628 2365 661 2402 a
682 2366 780 2419 me.
812 2348 889 2405 Ex
916 2350 1071 2406 nobis
1094 2351 1359 2417 exierunt,
1389 2350 1483 2406 scd
1506 2366 1610 2405 non
1638 2360 1794 2407 erant

196 2452 254 2495 ex
280 2440 440 2507 nobis
474 2441 522 2511 (l
561 2441 722 2497 .Ioan.
768 2458 825 2511 ιι,
856 2442 944 2515 19)
978 2462 991 2499 :
1021 2444 1123 2501 hoc
1150 2443 1421 2516 apostolus
1450 2442 1685 2500 Joannes
1724 2445 1792 2501 de

194 2528 290 2585 illis
316 2530 479 2587 dixit.

258 2624 346 2681 10.
382 2624 537 2707 [ραι.
598 2627 713 2702 ιᾶτ]
766 2628 963 2686 Oblitus
1006 2646 1139 2697 sum,
1196 2639 1436 2707 tanquam
1480 2639 1710 2684 mortuus
1758 2646 1791 2684 a

192 2717 359 2772 corde.
402 2716 619 2775 Oblitus
649 2736 767 2783 sum
791 2763 806 2787 ,
843 2722 893 2776 in
922 2720 1246 2777 oblivionem
1287 2720 1430 2788 veni,
1475 2720 1625 2776 obliti
1665 2728 1791 2775 sunt

191 2826 271 2869 me
302 2811 387 2867 illi
409 2813 502 2885 qui
530 2813 779 2870 viderunt
821 2830 908 2873 me
951 2833 963 2868 :
1007 2814 1156 2871 obliti
1205 2822 1329 2870 sunt
1376 2828 1484 2882 me,
1517 2822 1572 2869 et
1597 2813 1672 2868 sic
1704 2828 1789 2868 me

188 2903 337 2958 obliti
362 2914 507 2969 sunt,
534 2914 784 2983 tanquam
816 2914 1057 2963 mortuus
1079 2905 1273 2981 fuerim
1293 2922 1323 2959 a
1347 2904 1509 2961 corde
1526 2903 1784 2975 ipsorum.

191 2995 398 3053 Oblitus
441 3015 555 3055 sum
576 3040 593 3066 ,
637 3009 889 3071 tanquam
937 3010 1163 3054 mortuus
1190 3017 1223 3052 a
1250 2997 1403 3053 corde
1433 3013 1451 3052 :
1479 3001 1644 3070 [actus
1673 3014 1788 3052 sum

188 3098 437 3156 Inquam
460 3104 547 3155 uas
573 3092 844 3160 perditum.
877 3089 1014 3167 Quid
1044 3101 1127 3147 est
1165 3089 1300 3159 hoc,
1332 3093 1497 3162 factus
1528 3107 1643 3144 sum
1669 3101 1786 3145 tan-

187 3195 343 3248 quam
365 3194 455 3235 uas
482 3181 775 3250 perditum?
799 3180 1099 3238 Laborabat
1119 3180 1240 3247 iste,
1268 3193 1320 3237 et
1344 3181 1471 3237 nulli
1496 3181 1783 3253 proderat:

187 3271 319 3330 vidit
351 3289 416 3331 se
440 3288 537 3331 vas
561 3289 704 3344 esse,
748 3285 802 3332 et
838 3276 967 3331 nulli
1001 3275 1277 3347 prodesse,
1331 3286 1384 3332 ct
1429 3291 1487 3332 se
1534 3289 1784 3348 tanquam

185 3379 275 3425 vas
300 3367 579 3445 perditum
602 3367 751 3425 dicit.

249 3462 351 3527 11.
384 3457 535 3534 [ηαδ.
570 3460 679 3535 lt]
718 3462 971 3539 Quoniam
999 3462 1170 3517 audivi
1202 3463 1623 3534 vituperationem
1654 3462 1786 3517 mul-

184 3561 359 3608 tmm
386 3552 441 3607 iu
465 3554 797 3613 accolentium
822 3555 1035 3609 circuitu
1071 3570 1090 3609 :
1130 3555 1283 3610 multi
1323 3555 1567 3610 accolunt
1599 3555 1650 3611 in
1674 3554 1784 3611 cir-

183 3646 336 3705 cuitu
385 3661 528 3715 meo,
576 3656 631 3705 et
676 3647 1075 3719 reprehendunt
1139 3664 1226 3704 me
1266 3648 1525 3720 quotidie.
1575 3649 1783 3716 Quanta

182 3737 327 3795 mala
356 3734 546 3807 dicunt
567 3737 619 3793 in
642 3739 813 3794 malos
836 3738 1177 3806 christianos,
1201 3754 1320 3810 qua:
1348 3738 1629 3796 maledicta
1663 3755 1785 3810 pcr-

182 3829 415 3895 veniunt
437 3828 507 3883 ad
537 3844 725 3885 omnes
750 3829 1082 3887 Christianos
1109 3832 1130 3885 1ο
1150 3829 1415 3902 Numquid
1443 3831 1585 3886 enim
1613 3831 1780 3897 dicit,

181 3920 267 3991 qui
298 3919 606 3990 maledicit,
638 3930 729 3978 aut
766 3923 856 3993 qui
885 3921 1233 3993 reprehendit
1257 3921 1609 3992 Christianos,
1646 3924 1785 3980 Ecce

181 4024 302 4081 qua
329 4010 540 4068 faciunt
579 4027 685 4069 non
724 4012 848 4069 boui
874 4012 1193 4071 christiani?
1218 4013 1323 4070 Sed
1348 4057 1363 4082 ,
1392 4013 1531 4075 Ecce
1554 4032 1671 4087 quae
1702 4014 1783 4071 fa-

181 4103 336 4160 ciunt
369 4102 654 4167 Christiani
687 4124 700 4160 :
731 4122 836 4161 non
866 4114 1114 4178 separat,
1149 4122 1255 4177 non
1289 4105 1561 4163 discernit.
1591 4107 1671 4162 illi
1708 4117 1784 4163 ta-

183 4209 307 4251 men
342 4195 449 4261 ista
479 4195 679 4266 dicunt,
720 4198 811 4269 qui
837 4198 1081 4253 accolunt
1113 4198 1163 4253 in
1193 4198 1435 4265 circuitu,
1461 4197 1511 4253 id
1542 4208 1643 4276 est,
1675 4200 1782 4255 cir-

181 4298 470 4357 eumeum,
504 4297 558 4346 et
590 4305 695 4346 non
732 4291 946 4348 intrant.
993 4290 1170 4362 Quare
1198 4291 1562 4359 circumeunt,
1594 4300 1649 4348 et
1678 4310 1783 4348 non

182 4380 428 4441 ituram?
456 4382 589 4452 Quia
614 4393 786 4439 rotam
817 4384 1072 4457 temporis
1100 4393 1279 4439 amant
1312 4404 1326 4439 :
1355 4400 1458 4441 non
1490 4384 1689 4461 intrant
1716 4384 1784 4441 ad

182 4473 497 4539 veritatem,
523 4473 645 4545 quia
669 4489 772 4531 non
787 4484 967 4530 amant
987 4475 1373 4541 aeternitatem;
1402 4476 1785 4546 temporalibus

182 4561 361 4618 dediti
392 4571 638 4637 tanquam
685 4573 817 4635 rota:
856 4565 1150 4633 constricti,
1181 4565 1247 4622 de
1277 4566 1467 4638 quibus
1492 4566 1619 4623 alibi
1650 4566 1785 4623 dicio

184 4665 293 4721 tur,
331 4653 485 4709 Pone
507 4658 757 4727 principes
782 4675 953 4713 eorum
976 4668 1032 4712 ut
1060 4668 1220 4712 rotam
1247 4657 1417 4730 (Psal.
1440 4675 1638 4729 Lxxxn,
1673 4659 1782 4731 l4);

180 4757 233 4803 et
259 4747 421 4813 alibi,
452 4746 516 4802 In
544 4748 755 4803 circuitu
782 4750 925 4821 impii
944 4750 1202 4805 ambulant
1230 4748 1403 4823 (Psal.
1434 4768 1508 4817 χι,
1540 4750 1619 4823 9).
1650 4749 1786 4805 Dum

182 4850 621 4913 congregarentur
667 4842 761 4913 ipsi
805 4841 954 4896 simul
983 4842 1247 4898 adversum
1274 4859 1374 4911 me,
1422 4851 1476 4896 ut
1504 4844 1787 4913 acciperent

181 4933 421 4987 onustam
451 4914 614 4987 meant
646 4934 898 4988 consiliati
926 4943 1061 4988 sunt.
1092 4933 1230 5003 Quid
1271 4942 1373 5001 est,
1412 4945 1465 4988 ut
1507 4935 1788 5007 acciperent

180 5028 421 5087 animum
444 5042 604 5081 meam
634 5028 883 5082 consiliati
907 5028 1061 5083 sunt?
1091 5027 1158 5085 Ut
1178 5028 1534 5084 consentirem
1559 5029 1789 5099 pravita-

182 5120 335 5175 tibus
353 5133 561 5177 eorum.
581 5117 688 5176 illis
712 5120 853 5175 enim
880 5123 966 5192 qui
995 5119 1337 5184 maledicunt,
1369 5129 1543 5175 etnon
1568 5121 1783 5185 intrant,

182 5226 386 5282 parum
415 5219 501 5267 est
527 5212 650 5282 quia
695 5227 804 5268 non
844 5212 1075 5280 intrant;
1125 5222 1180 5268 et
1222 5212 1419 5284 ejicere
1450 5212 1575 5269 hinc
1602 5214 1789 5269 volunt

182 5303 567 5373 vituperando.
601 5304 657 5360 Si
687 5303 959 5375 eiecerunt
986 5314 1037 5361 te
1061 5304 1131 5361 de
1161 5303 1428 5371 Ecclesia,
1462 5314 1788 5377 acceperunt

179 5399 429 5455 animam
457 5404 622 5465 tuam,
653 5395 704 5455 id
734 5407 835 5465 cst,
866 5407 1153 5454 tenuerunt
1178 5397 1588 5455 consensionem
1616 5408 1782 5467 tuam;

178 5500 239 5553 et
262 5489 388 5547 eris
410 5488 463 5544 in
489 5489 713 5555 circuitu
732 5531 748 5556 ,
779 5506 884 5546 non
911 5490 965 5549 in
995 5492 1291 5550 mansione.

254 5583 361 5641 12.
390 5580 539 5655 [υεη.
591 5581 708 5657 15.]
736 5583 847 5655 Ego
873 5593 1051 5641 autem
1078 5628 1093 5653 ,
1128 5586 1266 5642 inter
1292 5586 1409 5642 hzec
1452 5585 1738 5658 opprobria
1770 5628 1786 5656 ,

182 5677 338 5739 inter
369 5675 480 5732 hac
518 5675 775 5735 scandala
798 5718 814 5743 ,
845 5676 984 5735 inter
1004 5676 1121 5733 haec
1144 5677 1281 5733 mala
1309 5719 1322 5743 ,
1372 5677 1513 5735 inter
1541 5678 1669 5737 istas
1698 5694 1788 5735 se-

182 5766 508 5838 ductiones,
550 5766 686 5825 foris
717 5768 1022 5839 iniquitates
1042 5811 1058 5837 ,
1089 5780 1143 5825 et
1174 5770 1553 5840 perversitates
1604 5771 1748 5827 intus
1770 5813 1786 5840 ,

181 5874 319 5915 cum
362 5858 693 5915 attenderem
747 5858 993 5917 homines
1036 5860 1211 5932 iustos
1256 5869 1313 5918 et
1358 5877 1695 5933 quaererem,
1734 5869 1793 5919 et

192 5951 462 6009 deessent
485 5966 625 6025 quos
655 5950 931 6024 imitarer,
957 5951 1089 6024 quid
1114 5952 1263 6011 foci?
1311 5952 1457 6026 quod
1507 5949 1791 6014 consilium

1284 453 1682 519 ENARRATIO
1722 454 1787 509 IN
1825 451 2148 513 PSALMUM
2188 457 2356 516 XXX.

3382 463 3493 523 2w

1910 571 2127 630 inveni?
2144 573 2257 649 Ego
2272 582 2443 631 autem
2460 618 2477 645 ,
2506 576 2630 632 ints
2650 579 2882 649 sparsum,
2904 578 3147 641 Destino.
3176 580 3321 645 Nihil
3343 581 3496 641 salu.-

1907 667 2091 734 brius,
2125 668 2256 725 nihil
2274 670 2535 728 seem-inst
2563 671 3019 731 Volebas-initsri
3057 674 3238 733 nescio
3282 688 3443 747 (piem
3473 715 3501 743 ,

1909 762 2157 820 invenisti
2189 764 2338 822 illum
2366 781 2473 822 non
2501 766 2700 823 bonum
2729 784 2746 823 :
2777 767 2906 823 tolle
2929 765 3284 831 imitationem
3331 768 3493 833 hanc.

1907 858 2084 916 Alium
2110 860 2345 934 quaesisti
2371 902 2386 928 ,
2415 860 2597 918 nescio
2624 858 2750 933 quid
2772 859 3044 932 displicuit
3068 877 3082 913 :
3110 859 3324 923 tertium
3343 874 3494 933 quac

1907 954 2061 1024 sisti,
2091 965 2146 1013 et
2171 957 2284 1027 ipse
2312 970 2416 1013 non
2440 954 2680 1027 placuit:
2707 954 3107 1027 numquidquia
3125 963 3180 1012 et
3203 954 3378 1017 illest
3400 953 3499 1013 ille

1906 1048 2205 1121 displicuit,
2234 1061 2285 1107 et
2315 1061 2368 1106 tu
2393 1050 2592 1122 peribis
2607 1050 2645 1105 ἲ·
2661 1049 2814 1106 Tolle
2833 1049 2903 1104 ab
2927 1049 3146 1106 homine
3172 1063 3347 1120 spem,
3367 1049 3495 1120 quia

1906 1144 2224 1200 maledictus
2250 1145 2426 1200 omnis
2472 1144 2564 1216 qui
2608 1158 2758 1215 spem
2798 1157 2950 1199 suam
2978 1142 3130 1213 ponit
3173 1142 3237 1198 in.
3272 1141 3501 1211 homine

1907 1236 2119 1308 (Jerem.
2162 1254 2308 1306 xvn,
2358 1238 2437 1310 5).
2480 1238 2537 1294 Si
2585 1237 2821 1293 attondis
2865 1235 3043 1293 adhuc
3081 1235 3399 1303 hominem,
3436 1242 3501 1293 et

1906 1345 2028 1387 eum
2052 1331 2247 1403 qumris
2281 1329 2509 1398 imitari,
2533 1338 2600 1387 ett
2623 1345 2691 1386 ex
2714 1330 2811 1386 illo
2832 1328 3101 1400 pondere,
3147 1326 3331 1397 adhuc.
3350 1326 3497 1387 lacte

1906 1424 1984 1479 vis
2012 1425 2234 1490 nutriri;
2257 1432 2310 1480 et
2333 1423 2431 1480 ﬁes
2452 1424 2970 1494 mammotltreptus,
3009 1420 3196 1493 quales
3238 1418 3495 1483 dicunllr
3542 1432 3574 1474 :2

1904 1516 2055 1586 pueri
2084 1517 2171 1587 qui
2194 1516 2283 1571 diu
2309 1522 2540 1588 sugunt,
2563 1512 2845 1585 quod-non
2874 1511 3048 1571 decet.
3090 1511 3301 1569 Etenim
3351 1511 3493 1573 iacto

1903 1608 1979 1663 uti
2005 1648 2020 1675 ,
2051 1616 2300 1680 tanquam
2353 1622 2449 1679 per
2491 1620 2708 1663 carnem
2736 1605 2884 1662 valle
2920 1605 3022 1662 sibi
3051 1604 3231 1661 cibum
3267 1602 3443 1675 trdici
3470 1646 3495 1670 ν

1903 1698 2007 1756 hoc
2046 1700 2185 1755 idem
2216 1709 2298 1756 est
2328 1715 2423 1771 per
2467 1698 2737 1755 hominem
2768 1698 2969 1754 there.
3018 1695 3248 1754 idoneus
3276 1704 3397 1753 esto
3419 1694 3505 1753 ad;

1902 1807 2143 1849 mensam
2165 1834 2179 1859 ,
2214 1793 2337 1849 inde
2364 1806 2496 1864 cape
2514 1791 2658 1848 unde
2685 1790 2778 1848 illo
2798 1790 2942 1862 cepit
2960 1832 2977 1859 ,
2999 1799 3091 1845 aut
3113 1789 3345 1847 fortasse
3379 1802 3489 1847 non

1901 1887 2063 1958 cepit.
2093 1885 2255 1943 Forte
2275 1887 2478 1943 utiliter
2504 1895 2559 1942 et
2582 1886 2639 1942 in
2666 1885 2871 1941 malum
2887 1883 3117 1939 incidisti
3140 1924 3158 1951 ,
3203 1896 3364 1954 quem
3385 1880 3490 1937 ho-

1902 1992 2027 2032 num
2056 1977 2289 2049 putasti,
2320 1984 2379 2033 ut
2409 1978 2460 2032 in
2491 1976 2656 2032 ubere
2696 1975 2848 2044 quasi
2892 1982 3137 2033 materno
3178 1970 3491 2030 amaritudi—

1900 2085 2023 2126 nem
2051 2070 2350 2135 invenires,
2387 2078 2441 2125 et
2466 2084 2527 2125 ea
2561 2068 2858 2125 oil'ensione
2899 2065 3266 2139 repellereris,
3316 2073 3376 2126 et
3417 2063 3517 2122 ad

1900 2161 2078 2217 cibum
2108 2161 2419 2218 validiorem
2461 2161 2788 2217 invitareris.
2818 2158 3045 2217 Faciunt
3067 2157 3211 2213 enim
3257 2156 3362 2214 hoc
3384 2170 3490 2214 nu-

1900 2254 2059 2311 trices
2085 2253 2545 2324 mammothreptis
2569 2296 2584 2319 ,
2606 2263 2664 2308 ut
2686 2252 2861 2323 aliqua
2886 2265 3069 2307 anim
3093 2258 3297 2320 ponant
3318 2248 3373 2305 in
3394 2263 3491 2320 ps-

1900 2348 2039 2419 pillis
2068 2348 2179 2405 suis
2202 2390 2216 2415 ,
2248 2347 2441 2419 quibus
2466 2346 2655 2402 oil‘ensi
2679 2345 2880 2417 parvuli
2904 2344 2973 2400 ab
3000 2343 3166 2399 ubere
3200 2341 3439 2399 resiliant
3463 2381 3484 2411 ,

1898 2447 1952 2494 et
1975 2441 2041 2494 ad
2073 2454 2312 2495 mensam
2355 2438 2578 2494 inhient.
2629 2437 2770 2510 Ergo
2794 2438 2966 2499 dicat;
3011 2436 3120 2509 Ego
3159 2446 3325 2491 autem
3360 2435 3418 2491 in
3440 2442 3490 2515 te

1896 2532 2096 2604 speravi
2118 2576 2134 2601 ,
2160 2530 2375 2587 Domine
2394 2572 2411 2598 ,
2434 2529 2545 2585 dixi
2566 2545 2586 2585 :
2604 2527 2685 2585 Tu
2709 2547 2762 2587 es
2808 2527 2947 2584 Deus
2969 2544 3128 2585 meus.
3162 2528 3241 2584 Tu
3262 2543 3322 2585 es
3344 2528 3488 2585 Deus

1897 2636 2093 2678 meus:
2138 2622 2356 2680 recedat
2408 2623 2683 2689 Donatus,
2730 2620 2950 2678 recedat
2993 2621 3343 2689 Caecilianus;
3386 2636 3490 2678 nec

1896 2715 1988 2771 ille
2008 2759 2022 2783 ,
2049 2732 2150 2772 nec
2168 2717 2272 2773 iste
2301 2716 2441 2773 Deus
2470 2730 2622 2773 meus
2645 2724 2748 2773 est.
2778 2716 2899 2771 Non
2919 2716 2988 2771 ad
3030 2716 3261 2773 hominis
3287 2729 3511 2773 nomen

1895 2809 2147 2877 ambulo,
2180 2808 2378 2865 Christi
2423 2823 2618 2863 nomen
2652 2817 2827 2864 teneo.
2880 2809 3054 2879 Ipsum
3094 2806 3317 2864 Paulum
3361 2806 3487 2864 audi

1894 2897 2162 2954 dicentem
2194 2916 2207 2953 :
2240 2897 2509 2969 Numquid
2530 2897 2735 2955 Paulus
2755 2915 2847 2971 pro
2868 2898 3007 2954 vobis
3053 2899 3327 2967 crucifim
3369 2907 3443 2954 est
3462 2939 3480 2966 ,

1893 2999 1981 3045 aut
2001 2991 2054 3045 in
2080 2990 2281 3046 nomine
2300 2989 2463 3044 Pauli
2475 2991 2717 3061 baptisati
2742 2993 2860 3047 estis
2888 2990 2932 3061 (Ι
2962 2988 3081 3047 Gor.
3105 3006 3147 3058 ι,
3180 2990 3308 3055 ιδιι
3350 2991 3487 3049 Per-

1893 3085 2023 3140 irem
2056 3085 2113 3140 si‘
2151 3099 2327 3141 essem
2353 3086 2422 3142 de
2446 3097 2598 3157 parte
2637 3086 2824 3153 Pauli;
2855 3084 3125 3158 quomodo
3155 3100 3261 3142 non
3311 3102 3481 3159 pereo

1893 3174 1937 3230 si
1965 3174 2118 3233 fuero
2142 3175 2209 3231 de
2234 3184 2387 3247 parte
2414 3177 2652 3234 Donati?
2698 3178 2923 3234 Prorsus
2947 3178 3201 3235 recedant
3251 3179 3487 3239 humana

1893 3270 2142 3339 nomina,
2165 3269 2394 3325 humana
2415 3271 2641 3327 crimina
2661 3313 2678 3339 ,
2706 3271 2937 3328 humana
2986 3271 3257 3344 ﬁgmenta.
3285 3271 3356 3330 in
3394 3283 3444 3331 te
3462 3314 3482 3343 ,

1891 3358 2111 3414 Domine
2128 3403 2143 3428 ,
2171 3362 2371 3433 speravi
2392 3378 2413 3418 :
2437 3362 2550 3417 disi
2567 3403 2583 3431 ,
2609 3361 2687 3417 Tu
2715 3377 2768 3418 es
2790 3362 2923 3419 Deus
2954 3379 3111 3420 meus.
3160 3365 3276 3421 Non
3319 3366 3483 3424 homo

1892 3452 2171 3524 quisquam
2196 3494 2211 3518 ,
2238 3453 2332 3508 sed
2361 3461 2416 3508 tu
2445 3466 2508 3510 es
2534 3453 2674 3510 Deus
2716 3469 2888 3511 meus.
2922 3454 3073 3513 Unus
3097 3455 3311 3525 deﬁcit,
3342 3472 3483 3514 ullus

1890 3546 2101 3616 proﬁcit
2133 3564 2146 3601 :
2179 3547 2321 3602 Deus
2345 3562 2498 3604 meus
2523 3563 2630 3605 non
2657 3548 2870 3614 deﬁcit,
2897 3564 3074 3622 neque
3110 3550 3349 3621 proiicit;
3379 3565 3482 3609 nec

1891 3638 2051 3693 habet
2076 3654 2182 3709 quo
2207 3639 2451 3710 proﬁciat
2476 3639 2777 3712 perfectus,
2796 3656 2896 3697 nec
2920 3641 3083 3699 habet
3100 3644 3243 3700 unde
3269 3642 3485 3703 deiciat

1889 3740 2141 3786 aeternus.
2175 3729 2297 3785 Dixi
2317 3729 2540 3788 Domino
2556 3747 2576 3787 :
2595 3731 2731 3788 Deus
2754 3749 2961 3790 metues
2980 3742 3053 3790 tu.

1962 3823 2048 3879 15.
2079 3819 2229 3895 [verm
2255 3822 2367 3897 16.]
2397 3823 2463 3878 In
2510 3824 2743 3880 manibus
2762 3825 2862 3881 tuis
2891 3834 3050 3883 sortes
3077 3842 3203 3884 mea
3230 3842 3251 3884 :
3286 3841 3397 3885 non
3424 3828 3483 3885 in

1890 3913 2136 3969 manibus
2150 3913 2446 3983 hominum,
2466 3916 2559 3972 sed
2582 3917 2632 3971 in
2647 3917 2894 3974 manibus
2922 3919 3046 3974 tuis.
3074 3918 3205 3989 Quae
3219 3929 3344 3976 sunt
3364 3919 3484 3978 ista

1890 4008 2088 4064 sortes?
2104 4023 2269 4079 quare
2282 4009 2481 4066 sortes?
2497 4010 2690 4067 Audito
2708 4012 2923 4071 nomine
2935 4014 3177 4081 sortium,
3194 4029 3299 4070 non
3317 4014 3493 4073 deire--

1890 4114 2009 4159 mus
2020 4103 2301 4176 sortilegos
2313 4118 2574 4176 quterere.
2591 4104 2722 4162 Sors
2739 4106 2882 4163 enim
2894 4122 3001 4163 non
3018 4108 3218 4179 aliquid
3233 4109 3357 4166 mali
3372 4117 3482 4167 est:

1890 4198 1987 4254 sed
2014 4213 2104 4254 res
2140 4207 2224 4253 est
2261 4199 2313 4253 in
2344 4198 2679 4256 dubitatione
2710 4200 2940 4257 humana
2962 4201 3196 4258 divinam
3238 4202 3491 4262 indicans

1889 4289 2239 4346 voluntatem.
2270 4288 2403 4345 Nam
2434 4297 2489 4346 et
2508 4298 2681 4347 sortes
2704 4291 2966 4347 miserunt
2984 4292 3246 4361 Apostoli,
3268 4294 3489 4365 quando

1890 4380 2055 4439 Judas
2081 4381 2277 4437 tradito
2306 4381 2533 4437 Domino
2554 4383 2729 4454 periit,
2756 4391 2831 4449 et,
2851 4385 2989 4440 sicut
3011 4385 3080 4441 de
3103 4385 3199 4441 illo
3222 4387 3482 4456 scriptum

1890 4482 2009 4543 est,
2039 4473 2173 4527 Abiit
2197 4474 2250 4529 in
2280 4474 2445 4528 locum
2470 4490 2616 4529 suum
2643 4489 2664 4529 :
2683 4475 3032 4547 cmpitqumri
3061 4476 3182 4548 quis
3207 4478 3261 4531 in
3300 4476 3483 4533 locum

1891 4564 2007 4636 ejus
2033 4563 2397 4630 ordinaretur,
2422 4564 2577 4621 electi
2610 4574 2734 4621 sunt
2761 4564 2871 4621 duo
2894 4565 3097 4637 iudicio
3138 4567 3396 4637 humano,
3425 4574 3484 4626 et

1891 4655 2091 4712 electus
2119 4656 2186 4712 de
2237 4655 2447 4713 duobus
2495 4671 2633 4714 unus
2675 4657 2878 4729 judicio
2922 4657 3106 4715 divino
3136 4677 3152 4717 :
3180 4659 3251 4717 de
3273 4660 3483 4720 duobus

1892 4750 2167 4805 consultus
2193 4758 2277 4807 est
2306 4751 2447 4807 Deus
2468 4793 2483 4818 ,
2514 4766 2800 4824 quemnam
2852 4752 3090 4824 ipsorum
3131 4768 3252 4811 esse
3274 4755 3437 4813 vellet
3463 4794 3482 4824 ,

1892 4853 1940 4900 et
1967 4844 2145 4901 cecidit
2168 4862 2279 4900 sors
2310 4861 2466 4917 super
2486 4845 2755 4902 Hattltiam
2776 4845 2913 4919 (Act.
2939 4862 2978 4917 ι,
3004 4846 3120 4921 26).
3146 4848 3283 4916 Quid
3324 4848 3489 4921 igitur

1893 4946 1976 4995 est
1995 4981 2007 5004 ,
2035 4936 2103 4993 In
2129 4939 2359 4994 manibus
2386 4941 2484 4995 tuis
2508 4949 2667 4995 sortes
2694 4940 2860 4996 mets?
2886 4940 3071 4998 Sortes
3109 4941 3280 5009 dixit,
3309 4956 3484 5015 quan-

1892 5038 2005 5086 tum
2036 5046 2137 5104 ego
2166 5031 2445 5098 existimo,
2497 5034 2721 5104 gratiam
2775 5047 2875 5103 qua
2925 5034 3057 5089 salvi
3108 5036 3229 5092 iacti
3274 5048 3482 5093 sumus.

1893 5121 2070 5192 Quare
2098 5125 2259 5178 sortis
2309 5124 2524 5179 nomine
2550 5123 2783 5194 appellat
2825 5125 3049 5195 gratiam
3098 5127 3231 5181 Dei?
3256 5127 3390 5197 Quia
3429 5127 3483 5184 in

1894 5223 2041 5271 sorte
2065 5231 2173 5270 non
2201 5224 2283 5271 est
2303 5214 2497 5271 electio
2518 5257 2533 5283 ,
2570 5214 2666 5271 sed
2693 5215 2943 5272 voluntas
2972 5218 3088 5274 Dei.
3115 5218 3247 5273 Nam
3283 5219 3373 5275 ubi
3400 5217 3485 5276 di-

1894 5309 2033 5364 citur
2050 5351 2065 5376 ,
2084 5308 2190 5364 iste
2219 5307 2361 5374 facit,
2398 5308 2498 5365 iste
2527 5322 2635 5365 non
2662 5307 2808 5379 facit,
2832 5312 3023 5368 merita
3051 5312 3477 5378 considerantur;

1895 5409 1950 5457 et
1974 5401 2063 5457 ubi
2088 5400 2277 5456 merita
2298 5400 2709 5459 considerantur
2732 5445 2746 5471 ,
2784 5402 2979 5461 electio
3007 5413 3090 5461 est
3110 5447 3124 5472 ,
3167 5419 3273 5460 non
3315 5418 3435 5461 sors
3459 5421 3479 5461 :

1895 5492 2108 5564 quando
2133 5501 2308 5549 autem
2343 5492 2483 5548 Deus
2503 5494 2643 5550 nulla
2666 5495 2855 5552 merita
2878 5504 3059 5553 nostra
3082 5496 3302 5560 invenit,
3333 5502 3486 5553 sorte

1895 5582 2185 5638 voluntatis
2212 5597 2321 5639 sum
2341 5599 2441 5639 nos
2462 5586 2638 5643 salvos
2659 5585 2812 5656 fecit,
2840 5587 2964 5660 quia
2992 5588 3193 5652 voluit,
3223 5602 3329 5644 non
3356 5588 3480 5659 quia

1897 5675 2040 5748 digni
2062 5676 2275 5732 luimus.
2304 5677 2431 5734 Haec
2462 5689 2547 5736 est
2570 5696 2706 5737 sors.
2736 5679 2927 5737 Merito
2951 5682 3127 5736 tunica
3153 5680 3243 5736 illa
3267 5681 3487 5739 Domini

1898 5769 2131 5841 desuper
2154 5778 2295 5827 texta
2318 5771 2497 5845 (loan.
2542 5789 2638 5829 nx
2657 5815 2674 5842 ,
2699 5772 2796 5846 25)
2816 5814 2832 5842 ,
2864 5788 2984 5846 quae
3013 5772 3278 5845 signiﬁcat
3302 5775 3484 5831 chari-

1898 5864 2025 5920 tatis
2052 5863 2408 5921 mternitatem
2425 5907 2442 5935 ,
2469 5878 2594 5921 cum
2641 5865 2805 5922 dividi
2834 5881 2864 5921 a
2891 5867 3329 5937 persecutoribus
3372 5880 3483 5924 non

1900 5968 2113 6031 posset,
2140 5970 2261 6018 sors
2278 5973 2440 6031 super
2464 5972 2584 6016 eam
2609 5958 2775 6019 missa
2794 5966 2921 6019 est:
2946 5957 3017 6018 sd
3041 5972 3182 6033 quos
3203 5959 3491 6035 pervenit,
