4032 6450
478 437 588 496 ΞΠ

478 563 576 612 eos
619 541 934 622 signiﬁcavit
974 539 1064 616 qui
1117 538 1363 598 videnlur
1413 531 1481 590 ad
1531 538 1728 588 sortem
1786 522 2068 622 pervenire

479 618 809 704 Sanctorum.
839 637 1018 695 Gratia
1036 634 1164 690 salvi
1185 630 1306 702 facti
1335 627 1452 683 estis
1479 641 1566 698 per
1586 622 1771 693 ﬁdem,
1812 618 1886 672 ait
1935 629 2068 686 apo-

477 740 653 796 stolus
677 735 902 799 Paulus,
935 729 1113 785 Gratia
1127 725 1256 782 salvi
1276 723 1401 796 facti
1419 720 1536 776 estis
1562 733 1648 788 per
1673 715 1825 785 ﬁdem
1846 753 1860 778 ,
1902 719 1948 765 et
1977 711 2071 763 hoc

487 846 593 886 non
612 845 674 883 ex
699 825 835 882 vobis
854 822 1016 895 (vide
1057 813 1316 888 sortem),
1343 822 1392 868 et
1441 812 1536 866 hoc
1563 824 1665 864 non
1700 805 1946 868 exvabis;
1984 800 2072 895 sed

487 923 588 978 Dei
608 923 795 977 donum
816 894 909 974 est.
943 914 1066 970 Non
1084 929 1148 968 ea:
1167 910 1399 983 operibus
1418 904 1589 978 (quasi
1616 917 1710 959 vos
1742 894 2070 956 beneleceri-

482 1014 553 1070 tis
573 1056 589 1083 ,
612 1023 670 1068 ut
689 1011 756 1067 ad
775 1012 874 1065 hoc
897 1007 1152 1064 accedere
1170 1004 1313 1073 digni
1339 995 1574 1068 essetis),
1598 1012 1696 1051 non
1718 1010 1780 1048 ea:
1800 991 2032 1064 operibus
2051 1029 2068 1056 ,

481 1122 548 1162 ne
575 1106 707 1177 forte
732 1104 845 1175 quis
865 1101 1155 1156 extollatur.
1187 1095 1361 1168 Ipsius
1385 1093 1516 1147 enim
1536 1105 1710 1144 sumus
1738 1087 2032 1157 ﬁgmentum
2053 1121 2068 1145 ,

480 1174 640 1251 creati
666 1197 720 1251 in
742 1174 942 1250 Christo
961 1192 1088 1247 Iesu
1107 1193 1161 1245 in
1181 1187 1416 1259 aperibus
1443 1184 1585 1238 bonis
1636 1179 1852 1252 (Ephes.
1899 1192 1934 1231 ιι
1960 1217 1974 1241 ,
2006 1174 2070 1229 8-

483 1289 603 1360 10).
625 1287 749 1343 Haec
773 1285 1002 1358 quodam
1027 1282 1187 1340 modo
1206 1293 1325 1336 sors
1348 1275 1558 1332 occulta
1575 1280 1658 1328 est
1676 1271 1918 1325 voluntas
1946 1266 2067 1332 Dei;

482 1381 538 1439 in
588 1381 823 1437 humano
851 1393 1048 1450 genere
1074 1391 1193 1434 sors
1222 1383 1308 1429 est
1329 1411 1345 1437 ,
1375 1383 1493 1427 sors
1513 1367 1736 1423 veniens
1765 1363 1835 1419 de
1861 1362 1955 1417 Dei
1982 1375 2075 1414 oc-

481 1474 628 1530 culta
648 1474 922 1529 voluntate
941 1513 955 1538 ,
985 1469 1125 1542 apud
1153 1482 1311 1540 quem
1348 1479 1456 1521 non
1493 1470 1576 1518 est
1613 1459 1863 1530 iniquitas
1893 1453 2068 1530 (Rom.

481 1581 541 1623 lx
570 1608 584 1632 ,
618 1566 707 1637 14)
741 1583 755 1620 :
785 1579 889 1620 non
919 1563 1061 1619 enim
1089 1561 1182 1616 ille
1205 1570 1464 1631 personas
1490 1553 1716 1625 accipit,
1744 1549 1839 1606 sed
1864 1548 2070 1605 occulta
2127 1575 2132 1604 is

485 1657 633 1714 illius
658 1657 861 1726 justitia
892 1656 984 1710 tibi
1004 1669 1122 1710 sors
1149 1660 1253 1709 est.

559 1749 649 1804 14.
678 1747 932 1804 Attendat
962 1747 1140 1816 itaque
1192 1743 1436 1800 Charitas
1479 1739 1700 1804 Vestra,
1749 1735 1927 1791 videte
1971 1734 2073 1788 hoc

484 1840 662 1910 ipsum
707 1835 1154 1910 quemadmodum
1195 1834 1438 1890 ﬁrmetur
1478 1830 1547 1886 ab
1590 1829 1833 1898 apostolo
1892 1826 2071 1882 Petro.

487 1932 619 1989 Cum
645 1932 827 1989 Simon
857 1931 947 1988 ille
971 1945 1156 2002 magus
1182 1928 1478 2000 baptizatus
1502 1941 1530 1980 a
1561 1923 1808 1994 Philippo
1834 1920 2077 1977 adhaere-

484 2031 572 2080 ret
601 2024 649 2079 ei
675 2065 690 2090 ,
714 2022 943 2079 credens
969 2020 1238 2077 miraculis
1267 2019 1462 2074 divinis
1500 2017 1651 2072 lactis
1685 2016 1736 2070 in
1786 2022 2072 2084 conspectu

484 2129 621 2181 suo;
652 2123 914 2171 venerunt
940 2111 1181 2185 Apostoli
1209 2110 1274 2166 ad
1305 2107 1596 2166 Samariam
1622 2148 1636 2172 ,
1670 2106 1757 2160 ubi
1777 2104 2078 2160 crediderat

486 2210 650 2264 etiam
677 2218 732 2262 et
756 2209 869 2277 ipse
897 2220 1083 2276 magus
1107 2245 1122 2271 ,
1154 2211 1210 2260 et
1234 2202 1322 2257 ubi
1354 2201 1452 2256 fuit
1473 2199 1796 2270 baptizatus,
1827 2206 1880 2252 et
1904 2197 2074 2266 impo-

487 2307 718 2358 suerunt
739 2297 981 2370 Apostoli
1011 2311 1198 2352 manus
1220 2293 1527 2350 hominibus
1549 2290 1829 2361 baptizatis
1848 2330 1864 2357 ,
1898 2297 1952 2344 et
1983 2304 2075 2343 ae-

485 2399 747 2463 ceperunt
771 2389 1025 2460 Spiritum
1052 2397 1294 2444 sanctum
1316 2429 1331 2454 ,
1360 2394 1414 2441 et
1451 2392 1733 2454 coeperunt
1775 2382 1969 2453 linguis
1999 2382 2076 2437 lo-

487 2482 600 2553 qui.
630 2479 937 2535 Admiratus
957 2486 1039 2534 est
1067 2478 1156 2534 ille
1176 2519 1190 2544 ,
1223 2485 1276 2533 et
1291 2473 1688 2546 obstupefactus
1718 2480 1863 2528 tanto
1895 2472 2076 2526 divino

485 2573 763 2636 miraculo,
792 2571 931 2643 quod
948 2571 1013 2626 ad
1038 2569 1426 2640 impositionem
1451 2568 1801 2622 humanarum
1820 2581 2075 2621 manuum

486 2669 636 2724 venit
659 2667 889 2737 Spiritus
915 2677 1162 2732 sanctus,
1187 2673 1241 2720 et
1261 2662 1498 2734 implevit
1527 2661 1806 2725 homines;
1837 2669 1892 2716 et
1928 2658 2076 2715 desi-

487 2760 695 2815 deravit
737 2760 928 2826 istam,
985 2775 1091 2814 non
1142 2757 1366 2830 gratiam
1395 2799 1411 2823 ,
1458 2755 1552 2810 sed
1589 2753 1920 2827 potentiam;
1972 2767 2076 2808 non

488 2852 633 2906 unde
660 2852 980 2907 liberaretur
1001 2891 1013 2914 ,
1047 2849 1140 2906 sed
1170 2849 1311 2905 unde
1340 2848 1692 2905 extolleretur
1721 2865 1733 2902 :
1764 2855 1818 2901 at
1846 2845 1933 2902 ubi
1979 2844 2076 2899 de-

489 2943 746 3000 sideravit
767 2943 869 2998 hoc
885 2985 898 3006 ,
931 2950 985 2997 et
1005 2943 1241 3012 implevit
1268 2941 1514 3010 superbia
1534 2955 1628 2996 cor
1647 2939 1786 3011 ejus,
1809 2947 1864 2994 et
1887 2937 2077 2994 diabo-

487 3033 589 3090 lica
615 3035 858 3104 impietas
884 3043 940 3089 et
965 3032 1230 3090 ee‘situdo
1272 3030 1568 3103 dejicienda
1594 3073 1609 3097 ,
1652 3031 1726 3085 ait
1759 3030 2028 3101 Apostolis
2062 3047 2076 3083 :

491 3126 757 3195 Quantam
805 3125 966 3180 vultis
1006 3124 1284 3196 pecuniam
1317 3138 1347 3178 a
1379 3139 1464 3178 me
1511 3122 1784 3193 accipere,
1814 3131 1870 3176 ut
1917 3122 2077 3191 etad

489 3235 732 3276 mearum
777 3219 1171 3289 impositionem
1223 3231 1479 3274 manuum
1527 3216 1791 3285 accipiant
1835 3214 2080 3270 homines

491 3310 752 3382 Spiritum
781 3312 1063 3366 sanctum?
1093 3311 1192 3376 Qui
1237 3310 1512 3381 quaerebat
1539 3307 1809 3364 Stecularia
1832 3351 1847 3375 ,
1897 3308 1985 3378 qni
2027 3309 2080 3363 in

493 3403 721 3460 circuitu
761 3403 1068 3470 aceolebat,
1101 3405 1321 3472 pecunia
1368 3403 1572 3474 putavit
1615 3417 1772 3473 posse
1814 3416 1872 3457 se
1900 3415 2083 3457 emere

491 3493 694 3549 donum
726 3495 841 3550 Dei.
871 3494 969 3561 Qui
998 3509 1056 3549 se
1090 3495 1293 3566 putavit
1327 3494 1551 3564 pecunia
1586 3507 1898 3563 comparare
1917 3491 2086 3562 Spiri-

492 3594 607 3642 tum
633 3597 872 3643 sanctum
893 3629 908 3654 ,
939 3587 1100 3644 etiam
1128 3587 1416 3657 Apostolos
1440 3600 1631 3641 avaros
1659 3585 1949 3640 arbitratus
1975 3594 2079 3652 est,

492 3679 633 3734 sicut
657 3691 772 3733 erat
801 3679 912 3749 ipse
941 3678 1134 3749 impius
1153 3686 1207 3732 et
1233 3677 1513 3748 superbus.
1545 3674 1809 3732 Continuo
1842 3676 2034 3731 Petrus
2065 3693 2078 3732 :

497 3770 731 3827 Pecunia
760 3779 876 3835 tua,
907 3772 1108 3842 inquit,
1153 3778 1313 3825 tecum
1351 3771 1415 3824 sil
1459 3770 1511 3824 in
1555 3769 1920 3840 perditionem,
1965 3768 2084 3840 quia

495 3863 795 3919 existimasti
813 3863 1000 3916 donum
1029 3861 1127 3917 Dei
1147 3863 1358 3932 pecunia
1390 3862 1696 3931 comparari.
1736 3858 1856 3913 Non
1892 3869 1963 3913 est
1997 3859 2086 3914 tibi

495 3976 609 4014 sors
629 3976 786 4027 neque
806 3976 924 4030 pars
946 3961 998 4014 in
1030 3959 1132 4029 ﬁde
1162 3960 1258 4012 hac
1289 3958 1422 4029 (Act.
1451 3973 1539 4014 vm
1560 4000 1576 4025 ,
1607 3958 1799 4028 15-21)
1825 3974 1838 4023 ;
1877 3956 1927 4012 id
1958 3964 2040 4013 est
2065 3994 2082 4024 ,

495 4067 606 4107 non
643 4053 880 4122 pertines
907 4052 970 4105 ad
1011 4052 1164 4105 istam
1205 4051 1463 4120 gratiam,
1507 4066 1664 4121 quam
1704 4051 1870 4121 gratis
1898 4063 2086 4105 omnes

496 4144 788 4212 accipimus
809 4187 822 4210 ,
853 4144 973 4214 quia
1013 4142 1236 4214 pecunia
1265 4151 1315 4197 te
1345 4153 1499 4213 putas
1526 4157 1706 4198 emere
1742 4140 1881 4213 quod
1921 4142 2087 4212 gratis

496 4234 674 4290 datur.
703 4237 777 4291 Ex
801 4252 868 4292 eo
892 4247 1065 4290 autem
1095 4235 1233 4306 quod
1260 4241 1426 4307 gratis
1455 4235 1642 4302 datur,
1680 4250 1797 4291 sors
1827 4243 2084 4291 vocatur:

498 4327 627 4384 Non
651 4340 722 4383 est
743 4329 831 4383 tibi
849 4345 958 4384 sors
998 4346 1156 4400 neque
1196 4347 1320 4400 pars
1345 4332 1397 4383 in
1420 4329 1521 4399 ﬁde
1558 4329 1672 4382 hac.
1701 4328 1803 4385 Ista
1843 4328 1988 4392 dixi,
2022 4343 2088 4382 ne

497 4435 976 4492 expavesceremus
1001 4421 1143 4493 quod
1169 4422 1271 4486 ait,
1303 4421 1367 4475 In
1395 4420 1625 4476 manibus
1643 4422 1742 4476 tuis
1764 4430 1924 4476 sortes
1943 4437 2088 4475 mete.

497 4511 631 4581 Quae
651 4521 776 4568 sunt
795 4514 937 4569 enim
963 4513 1172 4568 sortes?
1196 4513 1485 4568 Hazreditas
1507 4511 1782 4568 Ecclesiae.
1802 4512 2091 4582 Quousque

501 4615 589 4660 est
619 4605 898 4660 hereditas
925 4605 1210 4660 Ecclesim?
1239 4605 1376 4660 inter
1399 4619 1535 4675 quos
1564 4605 1697 4660 lines
1727 4605 1780 4658 ’Ἰ
1820 4605 1999 4675 Usque
2025 4603 2090 4659 ad

501 4711 696 4752 omnes
725 4695 856 4752 lines
887 4714 899 4750 :
927 4696 1065 4750 dabo
1088 4695 1179 4750 tibi
1208 4705 1395 4765 gentes
1422 4695 1785 4750 hazreditatem
1833 4704 2004 4757 tuam,
2039 4703 2091 4748 et

502 4789 902 4861 possessionem
949 4796 1089 4842 tuam
1140 4786 1290 4842 lines
1318 4795 1475 4842 terra:
1511 4785 1685 4856 (Psal.
1729 4802 1804 4850 ιι,
1849 4785 1929 4857 8).
1975 4785 2091 4840 Νοιι

505 4880 640 4938 mihi
669 4895 797 4952 ergo
822 4881 1095 4952 promittat
1122 4881 1284 4936 homo
1309 4881 1493 4935 nescio
1517 4893 1677 4948 quam
1725 4877 2040 4948 particulam
2077 4895 2089 4931 :

505 4973 653 5030 Deus
681 4987 832 5029 meus
853 5014 868 5037 ,
901 4972 969 5026 In
988 4971 1218 5027 manibus
1247 4972 1346 5027 tuis
1363 4980 1520 5026 sortes
1545 4986 1686 5025 metu.
1710 4969 1826 5024 Jam
1867 4969 2096 5024 sufﬁciat

505 5063 767 5120 Charitati
805 5063 1048 5120 Vestraaz
1095 5064 1234 5136 quod
1277 5072 1479 5129 restat,
1523 5064 1576 5118 in
1621 5062 1839 5118 nomine
1886 5060 2093 5116 Domini

505 5157 742 5216 crastina
769 5156 856 5212 die
881 5157 996 5227 ipso
1026 5156 1309 5227 adjuvante
1339 5155 1646 5212 reddemus.

1150 5264 1319 5304 ssnuo
1367 5265 1452 5314 ιιι,

585 5355 810 5400 ΠΛΒΙτυε
838 5355 1072 5398 νιιοχιιιιι
1102 5357 1189 5398 ωε
1210 5357 1337 5397 POST
1365 5355 1692 5398 SUPEMORBI
1723 5354 2024 5398 SEBIONEI.

933 5433 1011 5488 De
1057 5435 1158 5504 ﬁne
1197 5434 1417 5505 ejusdem
1450 5432 1665 5489 Psalmi.

585 5532 640 5587 1.
675 5528 827 5599 Quod
853 5529 920 5584 de
944 5529 1156 5584 Psalmo
1182 5537 1381 5593 restat,
1411 5528 1550 5583 unde
1577 5527 1710 5582 duos
1751 5527 1856 5597 jam
1894 5538 2101 5580 sermo-

510 5637 612 5683 nes
627 5623 930 5684 habuimus,
957 5620 1229 5690 aliquanto
1253 5628 1335 5676 est
1355 5620 1581 5692 amplius
1605 5633 1761 5690 quam
1776 5617 1927 5673 tertia
1954 5630 2098 5687 pars,

515 5725 575 5774 et
607 5716 850 5772 videmus
890 5714 1042 5771 nobis
1085 5715 1246 5771 hodie
1277 5715 1514 5771 debitum
1558 5727 1676 5768 esse
1704 5710 2098 5782 complendum.

517 5805 674 5865 Unde
695 5815 818 5878 peto
841 5805 1166 5864 Charitatem
1197 5805 1445 5862 Vestram
1467 5847 1483 5873 ,
1506 5812 1567 5860 ut
1593 5803 1822 5860 libenter
1864 5801 2106 5859 habeatis

499 5971 505 5977 .
576 5919 596 5953 ⁸
620 5925 727 5969 uss.
745 5924 862 5983 Reg.
886 5925 940 5972 et
959 5919 1130 5999 Vatie.,
1145 5915 1327 5984 afﬁnes.

1655 413 1715 472 S.
1743 402 2110 472 AUGUSTINI
2149 399 2450 458 El’ISCOPl

3569 445 3574 450 .
3652 399 3760 466 258

2176 532 2276 573 nos
2305 518 2354 573 in
2385 517 2560 574 verbis
2586 518 2700 588 ejus
2728 517 3057 590 planioribus
3102 533 3207 574 non
3253 519 3525 575 immorari
3551 561 3565 584 ,
3593 527 3653 575 ut
3687 534 3751 576 ea

2176 624 2274 665 nos
2301 619 2512 664 teneant
2536 652 2550 674 ,
2579 625 2803 680 quorum
2817 620 2899 665 est
2923 611 3214 668 necessitas
3233 611 3557 682 exponendi.
3591 611 3754 667 Multa

2174 705 2316 758 enim
2348 712 2470 758 sunt
2505 703 2697 758 animis
2720 702 2955 760 lidelium
2984 713 3173 775 sponte
3193 693 3547 770 occurrentia,
3583 703 3750 759 multa

2174 809 2293 865 qua:
2325 794 2469 850 brevi
2500 794 2859 851 admonitione
2889 811 3024 868 opus
3057 796 3286 851 habent:
3321 797 3562 868 qutedam
3591 811 3720 852 vero
3739 838 3756 863 ,

2175 894 2229 942 et
2253 900 2312 940 ea
2336 888 2541 942 rariora
2567 929 2582 953 ,
2611 887 2804 958 quibus
2840 888 3190 946 insudandum
3217 897 3325 956 est,
3357 899 3415 944 ut
3442 891 3647 960 possint
3674 890 3757 950 in-

2175 979 2362 1052 telligi.
2390 980 2461 1036 Ut
2489 997 2616 1054 ergo
2647 990 2853 1052 tempus
2883 982 3113 1038 sufﬁciat
3143 983 3346 1038 viribus
3375 992 3430 1038 et
3471 984 3666 1036 nostris
3706 991 3760 1037 et

2175 1075 2396 1141 vestris,
2431 1075 2607 1132 videte
2639 1091 2792 1147 quam
2825 1085 3006 1147 aperta
3051 1083 3177 1130 sunt
3209 1076 3358 1143 lucc;
3386 1085 3442 1131 et
3481 1076 3757 1131 nobiscum

2177 1167 2354 1238 potius
2380 1168 2652 1237 agnoscite
2675 1209 2692 1236 ,
2716 1177 2769 1224 et
2802 1169 2851 1222 in
2889 1167 2971 1223 his
3005 1167 3282 1223 nobiscum
3306 1167 3472 1221 Deum
3506 1166 3718 1220 laudate
3744 1183 3754 1217 :

2174 1267 2230 1315 et
2260 1259 2304 1315 si
2337 1270 2453 1315 orat
2475 1260 2749 1327 Psalmus,
2779 1269 2962 1326 orate;
2991 1260 3108 1316 etsi
3132 1259 3328 1330 gemit,
3354 1256 3588 1329 gemite;
3627 1267 3680 1311 et
3714 1257 3760 1308 si

2175 1353 2503 1425 gratulatur,
2535 1354 2799 1426 gaudete;
2827 1362 2881 1410 et
2915 1355 2960 1409 si
3001 1361 3214 1424 sperat,
3254 1361 3502 1423 sperate;
3533 1359 3590 1406 et
3619 1351 3665 1405 si
3697 1350 3762 1404 ti-

2157 1454 2321 1527 met,
2354 1445 2553 1502 timete.
2584 1444 2771 1501 Omnia
2795 1445 2936 1500 enim
2976 1459 3095 1516 qua:
3139 1443 3226 1500 hic
3269 1443 3569 1513 conscripta
3595 1452 3717 1497 sunt
3743 1480 3760 1506 ,

2176 1536 2452 1608 speculum
2476 1545 2714 1592 nostrum
2738 1547 2882 1592 sunt.

2247 1628 2303 1683 2.
2332 1625 2480 1701 [vers.
2516 1627 2629 1701 16.]
2660 1629 2798 1683 Erue
2825 1645 2903 1683 me
2926 1628 2988 1682 de
3011 1627 3243 1682 manibus
3290 1625 3606 1682 inimicorum
3635 1641 3766 1680 meo-

2175 1737 2290 1775 rum
2309 1761 2326 1788 ,
2348 1731 2392 1774 et
2413 1737 2444 1773 a
2472 1721 2880 1793 persequentibus
2913 1737 2993 1774 me
3025 1736 3043 1774 :
3072 1719 3313 1775 dicamus
3349 1718 3448 1772 hoc
3470 1759 3485 1784 ,
3516 1727 3570 1772 et
3596 1731 3766 1772 unus-

2179 1814 2400 1885 quisque
2426 1813 2493 1868 de
2515 1813 2740 1869 inimicis
2768 1812 3040 1870 suisdicat
3082 1812 3218 1878 hoc;
3250 1812 3446 1867 bonum
3473 1818 3554 1864 est
3581 1811 3722 1864 enim
3749 1851 3764 1875 ,

2177 1914 2233 1960 et
2255 1920 2414 1961 orare
2439 1904 2696 1961 debemus
2729 1913 2786 1960 ut
2817 1920 2912 1960 nos
2939 1905 3081 1960 Deus
3102 1912 3253 1959 eruat
3286 1903 3352 1958 de
3391 1902 3633 1956 manibus
3662 1901 3768 1955 ini-

2179 1998 2438 2055 micorum
2483 2008 2807 2052 nostrorum.
2854 1997 2958 2052 Sed
2999 1994 3328 2066 intelligendi
3363 2002 3488 2050 sunt
3527 1992 3766 2060 inimici,

2179 2107 2277 2164 pro
2298 2093 2489 2163 quibus
2517 2091 2776 2147 orandum
2801 2092 2908 2158 sit,
2933 2100 2984 2146 et
3019 2099 3202 2145 contra
3229 2103 3360 2159 quos
3384 2087 3640 2143 orandum
3675 2087 3765 2140 sit.

2179 2186 2386 2243 Inimici
2441 2187 2716 2252 homines,
2762 2186 3180 2257 qualescumque
3221 2183 3448 2246 fuerint,
3493 2195 3599 2234 non
3643 2191 3770 2234 sunt

2179 2278 2304 2334 odio
2333 2277 2598 2343 habendi;
2641 2293 2708 2332 ne
2733 2292 2852 2332 cum
2893 2277 3005 2330 odit
3034 2276 3202 2330 malus
3228 2287 3389 2344 quem
3418 2272 3615 2343 patitur
3651 2286 3769 2325 ma-

2186 2371 2296 2427 lum
2323 2415 2335 2438 ,
2374 2372 2481 2426 sint
2508 2372 2614 2426 duo
2655 2370 2798 2426 mali.
2850 2370 3039 2438 Diligat
3083 2368 3253 2424 bonus
3287 2375 3342 2421 et
3367 2380 3524 2436 quem
3570 2362 3772 2434 patitur

2181 2465 2380 2521 malum
2399 2507 2413 2532 ,
2440 2474 2492 2518 ut
2518 2464 2600 2519 vel
2629 2478 2766 2518 unus
2789 2465 2856 2518 sit
2879 2464 3068 2518 malus.
3097 2461 3173 2517 Illi
3205 2460 3403 2516 inimici
3433 2467 3556 2514 sunt
3583 2465 3773 2512 contra

2181 2571 2314 2629 quos
2346 2557 2607 2611 orandum
2639 2567 2753 2623 est,
2781 2555 3024 2610 diabolus
3049 2564 3103 2610 et
3139 2552 3310 2624 angeli
3340 2551 3460 2621 ejus
3489 2567 3502 2605 :
3533 2549 3630 2619 ipsi
3670 2563 3772 2602 no-

2181 2649 2265 2705 bis
2293 2648 2538 2703 invident
2567 2663 2790 2718 regnum
2815 2647 3072 2702 malorum
3101 2688 3114 2709 ,
3155 2645 3254 2714 ipsi
3286 2644 3474 2699 nolunt
3494 2649 3553 2696 ut
3581 2655 3775 2695 ascen-

2183 2739 2374 2794 damus
2411 2738 2551 2794 unde
2597 2738 2673 2794 illi
2717 2737 2910 2807 dejecti
2959 2746 3082 2791 sunt
3115 2757 3124 2788 :
3155 2737 3222 2790 ab
3273 2735 3356 2789 his
3399 2748 3612 2789 oremus
3656 2733 3774 2786 erui

2183 2834 2416 2888 animam
2449 2841 2706 2887 nostram.
2730 2830 2861 2886 Nam
2890 2839 2942 2886 et
2967 2829 3179 2900 quando
3225 2828 3504 2882 adversum
3547 2839 3645 2879 nos
3673 2823 3776 2877 ho-

2181 2925 2356 2980 mines
2385 2923 2692 2988 incitantur,
2720 2938 2844 2976 vasa
2878 2922 3111 2992 ipsorum
3137 2922 3288 2974 liunt.
3327 2917 3556 2972 Proinde
3580 2915 3780 2970 Paulus

2182 3018 2455 3088 apostolus
2483 3017 2776 3070 admonens
2799 3030 2896 3069 nos
2938 3029 3100 3084 quam
3129 3015 3268 3067 cauti
3295 3026 3416 3066 esse
3445 3017 3629 3065 contra
3671 3008 3778 3062 ini-

2183 3110 2352 3165 micos
2407 3107 2730 3172 debeamus,
2793 3107 2865 3161 ait
2912 3107 3081 3162 servis
3128 3105 3217 3158 Dei
3259 3103 3347 3174 qui
3394 3100 3768 3156 tribulationes

2183 3200 2554 3272 patiebantur,
2614 3200 2794 3269 utique
2851 3196 3236 3260 seditionibus,
3293 3191 3719 3263 improbitatihus
3758 3233 3775 3257 ,

2185 3292 2480 3349 inimicitiis
2511 3291 2785 3345 hominum
2818 3310 2832 3346 :
2868 3289 2989 3344 Non
3014 3299 3086 3344 est
3114 3289 3250 3344 vobis
3278 3287 3566 3341 colluctatio
3598 3285 3782 3338 adver-

2184 3401 2271 3440 sus
2295 3400 2496 3438 carnem
2522 3393 2566 3438 et
2591 3382 2916 3455 sanguinem,
2944 3382 2994 3438 id
3015 3392 3095 3438 est
3121 3426 3135 3447 ,
3169 3397 3272 3435 non
3309 3380 3566 3434 adversus
3600 3378 3782 3432 homi-

2185 3493 2281 3532 nes
2302 3517 2318 3543 ,
2345 3475 2434 3530 sed
2485 3476 2720 3530 adversus
2769 3476 3019 3546 principes
3043 3484 3090 3529 et
3141 3482 3405 3544 potestates
3463 3482 3510 3524 et
3559 3479 3779 3526 rectores

2185 3571 2363 3624 mundi
2385 3568 2598 3642 (Ep/tes.
2626 3587 2678 3625 γι
2705 3612 2720 3637 ,
2756 3567 2864 3642 ιε).
2897 3569 3060 3640 Cujus
3093 3567 3312 3623 mundi?
3334 3566 3455 3622 caeli
3485 3576 3538 3620 et
3568 3574 3724 3618 terrm
3756 3563 3783 3615 ?

2186 3664 2360 3720 Absit.
2395 3665 2561 3733 Hujus
2603 3663 2784 3720 mundi
2822 3671 2999 3718 rector
3025 3676 3129 3716 non
3156 3670 3236 3715 est
3266 3659 3365 3715 nisi
3396 3659 3637 3713 Creator.
3669 3654 3782 3710 Sed

2187 3772 2344 3828 quem
2396 3757 2523 3812 dicit
2583 3756 2896 3811 mundum?
2945 3756 3230 3809 Amatores
3279 3751 3484 3807 mundi.
3537 3749 3783 3817 Denique

2187 3848 2333 3905 addit
2359 3892 2372 3915 ,
2395 3857 2451 3904 et
2472 3848 2689 3918 exponit
2707 3890 2722 3911 ,
2751 3847 2903 3914 Quod
2931 3846 3051 3900 dico
3087 3844 3269 3900 mundi
3292 3886 3304 3910 ,
3337 3844 3649 3897 tenebrarum
3679 3841 3781 3892 Ita-

2187 3956 2322 3994 rum.
2351 3938 2584 4004 Quarum
2607 3939 2789 4008 utique
2829 3936 3170 3992 tenebrarum
3198 3976 3213 4000 ,
3247 3933 3345 3986 nisi
3390 3931 3686 3986 inﬁdelium
3723 3939 3786 3984 et

2190 4030 2521 4100 impiorum?
2549 4029 2682 4083 Nam
2713 4043 2779 4082 ex
2809 4027 2986 4096 impiis
3013 4037 3065 4080 et
3103 4025 3404 4079 inlidelibus
3439 4039 3558 4079 cum
3600 4032 3788 4077 essent

2190 4120 2314 4176 facti
2341 4121 2410 4190 pii
2438 4130 2493 4175 et
2516 4119 2718 4188 tideles,
2739 4121 2817 4174 sic
2842 4133 2936 4174 eos
2959 4118 3244 4188 alloquitur
3283 4115 3420 4172 idem
3457 4114 3728 4185 apostolus
3766 4155 3783 4180 ,

2192 4213 2388 4269 Fuistis
2405 4215 2536 4267 enim
2557 4213 2830 4283 aliquando
2863 4212 3076 4266 tenebrat
3093 4252 3108 4274 ,
3132 4225 3264 4262 nunc
3291 4219 3456 4261 autent
3486 4209 3575 4262 lux
3593 4207 3644 4260 in
3670 4205 3786 4260 Do-

2192 4304 2331 4359 mino
2358 4302 2467 4374 (Id.
2493 4319 2527 4356 v
2549 4345 2561 4367 ,
2591 4303 2671 4373 8).
2705 4301 2977 4356 Adversus
2997 4299 3317 4371 spiritualia,
3353 4297 3554 4366 inquit,
3589 4295 3786 4365 ncqui-

2196 4396 2282 4451 tiae
2305 4396 2355 4450 in
2378 4395 2687 4451 caelestibus
2715 4437 2728 4459 ,
2759 4393 3019 4447 adversus
3043 4389 3319 4445 diabolum
3348 4396 3401 4444 ct
3426 4387 3540 4458 ejus
3562 4386 3789 4453 angelos

2195 4487 2462 4543 dimicatis
2489 4485 2597 4557 (Id.
2623 4501 2672 4539 v1
2700 4529 2713 4548 ,
2740 4482 2829 4555 1‘2)
2861 4501 2873 4538 :
2904 4483 3086 4537 hostes
3116 4489 3325 4536 vestros
3345 4494 3449 4534 non
3477 4477 3664 4532 videtis
3685 4518 3699 4542 ,
3729 4489 3791 4532 et

2195 4580 2426 4634 vincitis.
2452 4577 2592 4632 Erue
2627 4594 2705 4630 me
2733 4577 2795 4629 de
2833 4575 3062 4630 manibus
3091 4574 3407 4628 inimicorum
3453 4581 3789 4635 meorum;et

2197 4689 2230 4726 a
2258 4670 2660 4744 persequentibus
2680 4685 2780 4722 me.

2269 4768 2324 4820 5.
2367 4763 2516 4837 [vers
2567 4760 2679 4835 17.]
2719 4759 2935 4816 Illustra
2992 4761 3170 4832 faciem
3221 4768 3356 4812 tuam
3396 4773 3546 4828 super
3588 4771 3791 4811 servum

2199 4867 2376 4923 tuum,
2403 4854 2600 4909 salvum
2622 4871 2701 4908 me
2719 4858 2802 4925 fac
2828 4853 2881 4906 in
2907 4861 2995 4906 tua
3021 4851 3389 4905 misericordia.
3425 4847 3680 4920 Superius
3705 4846 3792 4900 di-

2199 4945 2543 5016 cebamus(a)
2570 4988 2584 5013 ,
2614 4946 2657 5000 si
2688 4943 2931 4999 meminit
2961 4943 3224 4998 hesterna:
3246 4940 3620 5011 disputationis
3645 4937 3790 4992 Cha-

2199 5042 2334 5097 ritas
2364 5039 2553 5094 Vestra
2576 5079 2590 5104 ,
2623 5037 2944 5107 quicumque
2971 5034 3224 5099 affuistis,
3262 5032 3510 5101 quoniam
3557 5029 3630 5084 illi
3668 5042 3790 5082 ma-

2201 5132 2344 5189 xime
2389 5137 2784 5202 persequuntur
2825 5126 3120 5182 Ecclesiam
3159 5125 3246 5195 qui
3283 5123 3556 5178 christiani
3603 5120 3794 5175 uelum

2199 5224 2338 5282 bene
2362 5221 2561 5276 vivere.
2595 5220 2696 5274 Per
2720 5218 2818 5273 hos
2850 5218 2990 5272 enim
3021 5216 3372 5286 opprobrium
3413 5211 3573 5266 habet
3600 5209 3792 5268 Eccle-

2205 5318 2282 5373 sia
2303 5357 2318 5384 ,
2348 5324 2402 5371 et
2425 5315 2491 5369 ab
2513 5313 2597 5367 his
2617 5313 2922 5366 inimicitias
2948 5310 3177 5365 sustinet
3206 5329 3219 5364 :
3250 5305 3463 5380 quando
3488 5305 3790 5373 corripiun-

2205 5418 2292 5464 tur
2311 5449 2325 5472 ,
2354 5405 2569 5478 quando
2590 5404 2731 5458 male
2755 5402 2932 5457 vivere
2980 5417 3086 5456 non
3139 5401 3550 5473 permittuntur,
3579 5395 3795 5467 quando

2205 5515 2326 5556 cum
2349 5501 2426 5554 eis
2448 5497 2527 5551 vel
2560 5495 2726 5550 verbo
2751 5495 2954 5566 agitur,
2989 5494 3090 5565 ipsi
3135 5495 3272 5549 mala
3311 5495 3362 5548 in
3390 5493 3502 5548 suis
3542 5490 3796 5547 cordibus

2207 5590 2533 5649 meditantur
2556 5629 2571 5654 ,
2601 5595 2656 5641 et
2675 5586 2987 5655 erumpendi
3017 5587 3352 5641 occasionem
3383 5584 3679 5654 requirnnt.
3711 5582 3799 5636 ln-

2209 5694 2293 5742 ter
2317 5683 2414 5738 hos
2439 5691 2524 5738 est
2545 5695 2764 5752 gemens
2795 5681 2894 5736 iste
2914 5722 2928 5746 ,
2962 5691 3018 5736 et
3059 5683 3104 5737 si
3147 5681 3395 5735 volumus
3422 5693 3519 5734 nos
3561 5690 3746 5731 sumus
3776 5693 3792 5740 ;

2209 5774 2461 5854 quoniam
2489 5774 2672 5849 plures
2697 5781 2821 5828 sunt
2855 5772 2987 5845 ipsi,
3021 5781 3076 5828 et
3113 5771 3252 5826 inter
3278 5769 3664 5825 multitudinem
3695 5779 3794 5822 eo-

2277 5912 2355 5982 (a)
2379 5919 2432 5967 tn
2454 5913 2696 5980 superiori
2713 5922 2962 5975 sermone,
2983 5923 3034 5962 ιι.
3058 5909 3090 5961 2
3114 5914 3166 5962 et
3191 5919 3334 5978 seqq.
