4032 6482
205 455 288 513 αθ
1264 431 1447 491 ENAR
1455 429 1664 489 RATIO
1700 430 1768 489 IN

1875 432 2127 494 lALMUM
2159 437 2331 497 XXX.

209 564 394 628 ηωνίι
435 563 688 632 apparent
712 553 1143 623 boni,tanquam
1179 563 1341 621 grana
1373 548 1426 604 in
1466 563 1626 617 area,
1667 547 1735 604 de

211 660 369 733 quibus
385 663 555 722 tamen
591 648 820 721 purgatis
851 645 1043 702 horrea
1085 641 1337 715 replenda
1372 651 1497 697 sunt
1532 641 1739 696 Domini

213 747 389 824 (lculi.
411 761 463 800 ιιι
485 785 500 809 ,
535 741 632 806 12;
659 739 784 794 Luc.
809 753 887 807 tu,
917 737 1033 806 l7).
1067 736 1210 806 Ergo
1235 735 1374 790 inter
1401 733 1498 789 hos
1519 747 1744 824 gemens

213 823 290 901 iste
306 841 371 895 ait
393 857 404 892 :
434 836 646 890 lllustra
667 833 846 906 faciem
871 841 1010 887 tuam
1029 845 1181 899 super
1199 843 1396 883 servum
1415 835 1578 881 tuum.
1600 823 1744 880 Con-

214 933 324 990 fusio
347 930 474 985 enim
520 926 764 998 (incedam
800 932 1050 996 putatur,
1088 935 1208 976 cum
1235 933 1423 974 omnes
1455 917 1744 973 Christiani

3327 447 3436 508 250

1846 550 1902 618 5,
1925 561 2077 622 etut,
2093 554 2172 628 6).
2193 556 2260 612 Et
2275 555 2456 628 utique
2475 557 2869 631 invocaverunt,
2894 578 2994 621 nec
3020 572 3195 623 tamen
3219 562 3435 622 invoca-

1847 658 2058 704 verunt.
2092 649 2330 706 Breviter
2356 650 2507 716 dico,
2539 653 2788 721 quoniam
2822 665 2941 711 nata
2967 666 3050 713 est
3089 659 3345 728 quastio,
3375 666 3435 715 ut

1851 746 2052 794 tantam
2098 741 2400 798 mercedem
2427 744 2603 816 exigat
2643 743 2802 801 homo
2828 746 3064 817 allegans
3089 762 3250 802 unum
3286 748 3436 804 meri-

1849 839 1961 888 tum
1982 875 1996 899 ,
2027 833 2252 890 dicendo
2271 876 2285 900 ,
2311 836 2428 905 quia
2458 837 2684 892 invocavi
2713 847 2795 906 te;
2821 854 2940 894 cum
2970 839 3247 896 videamus
3271 857 3300 896 a
3329 851 3434 896 tam

214 1028 448 1088 dicuntur,
479 1031 533 1075 et
571 1021 661 1090 qui
704 1018 841 1073 bene
886 1015 1103 1080 vivunt,
1135 1021 1190 1068 et
1220 1011 1308 1082 qui
1347 1010 1484 1065 male
1520 1010 1746 1077 vivunt,

215 1133 363 1178 omnes
387 1130 486 1171 uno
513 1113 826 1168 charactere
853 1111 1157 1181 signantur,
1178 1121 1364 1161 omnes
1381 1103 1447 1158 ad
1478 1119 1638 1158 unum
1665 1102 1747 1156 al-

217 1220 300 1268 tare
317 1207 575 1272 accedunt,
609 1218 796 1258 omnes
823 1201 1012 1257 eodem
1031 1200 1292 1269 baptismo
1311 1195 1618 1260 abluuntur,
1633 1208 1751 1247 om-

218 1317 290 1360 nes
306 1299 524 1356 eamdem
552 1297 847 1353 orationem
873 1291 1192 1349 dominicam
1213 1290 1488 1361 proferunt
1517 1326 1534 1355 ,
1563 1299 1750 1341 omnes

219 1393 366 1452 iisdem
396 1389 661 1462 mysteriis
697 1384 1034 1442 celebrandis
1064 1383 1348 1447 intersunt,
1391 1377 1613 1447 Quando
1639 1376 1749 1432 dis-

223 1491 469 1541 cernuntur
497 1481 585 1550 qui
617 1487 870 1550 gemant,
893 1485 947 1532 et
967 1491 1064 1547 pro
1095 1477 1110 1507 ί
1134 1473 1325 1544 quibus
1349 1479 1614 1543 gematur,
1649 1469 1751 1523 nisi

229 1579 414 1634 illustret
436 1574 522 1629 ille
545 1573 736 1627 faciem
765 1587 913 1626 suam
943 1584 1103 1639 super
1127 1581 1340 1623 servum
1370 1563 1571 1620 suum?
1614 1561 1752 1630 Quid

223 1678 280 1725 est
302 1683 438 1736 ergo,
492 1664 710 1719 lllustra
761 1663 942 1732 {aciem
985 1670 1120 1714 tuam
1152 1674 1304 1728 super
1348 1672 1544 1711 servum
1571 1651 1752 1730 luunt?

223 1765 434 1834 Appareat
456 1758 572 1829 quia
609 1757 854 1826 pertineo
878 1755 942 1810 ad
969 1764 1018 1809 te
1043 1795 1057 1818 ,
1087 1767 1190 1808 nec
1218 1752 1296 1806 sic
1321 1749 1464 1804 dicat
1499 1757 1554 1804 et
1610 1746 1755 1801 chri~

223 1855 382 1909 stianus
408 1851 594 1922 impius
613 1849 738 1919 quia
769 1847 997 1918 pertinet
1025 1843 1090 1899 ad
1119 1854 1191 1904 te.
1231 1858 1296 1897 ne
1321 1843 1436 1896 sine
1474 1855 1633 1896 causa
1663 1838 1754 1893 tibi

223 1949 266 2003 in
282 1947 365 2001 alio
386 1946 575 2016 psalmo
605 1943 836 1997 dixerim
862 1959 874 1996 :
907 1939 1100 1994 Indica
1121 1955 1220 2003 me,
1246 1935 1414 2002 Deus,
1452 1944 1496 1987 et
1533 1927 1758 1987 discerne

224 2055 384 2093 causam
418 2052 576 2089 meam
634 2034 697 2087 de
737 2042 882 2103 gente
923 2046 1023 2083 non
1053 2037 1227 2082 sancta
1267 2025 1440 2095 (Psal.
1486 2039 1592 2078 xut
1617 2064 1631 2089 ,
1678 2022 1754 2090 l).

225 2129 336 2198 Quod
361 2129 417 2182 ibi
441 2127 607 2192 dixit,
640 2125 884 2179 Discerne
909 2138 1116 2176 causam
1138 2135 1338 2182 meam;
1363 2118 1464 2172 hoc
1491 2116 1620 2172 dicit
1651 2115 1756 2180 hic,

226 2220 391 2276 Illustra
415 2220 590 2292 facient
620 2227 758 2271 tuam
801 2231 950 2284 super
971 2211 1169 2268 servum
1191 2221 1351 2264 tuum.
1380 2210 1445 2263 Et
1471 2216 1648 2262 tamen
1691 2220 1760 2261 ne

226 2326 264 2368 et
282 2315 372 2383 ipse
403 2311 710 2382 superbiat,
755 2316 808 2362 et
842 2307 992 2377 quasi
1035 2319 1094 2360 se
1135 2301 1433 2374 justificare
1473 2300 1714 2353 videatur
1741 2337 1757 2364 ,

226 2405 440 2476 adjungit,
462 2404 607 2459 etait
633 2446 646 2469 ,
679 2401 892 2457 Salvum
923 2416 999 2453 nte
1032 2400 1114 2470 [ac
1150 2397 1204 2450 in
1236 2404 1323 2448 tua
1361 2390 1711 2447 misericordia
1733 2405 1753 2446 .°

226 2501 299 2556 hoc
315 2508 410 2565 est,
449 2515 548 2553 non
595 2499 650 2552 in
694 2511 808 2551 mea
847 2492 1082 2564 justitia,
1116 2506 1225 2545 non
1261 2489 1312 2542 in
1343 2487 1478 2542 meis
1509 2484 1712 2539 meritis
1736 2524 1752 2550 ,

227 2591 293 2648 sed
311 2594 352 2646 in
373 2603 450 2646 tua
477 2590 868 2653 misericordia;
891 2602 997 2642 non
1019 2584 1141 2656 quia
1165 2599 1264 2653 ego
1285 2597 1401 2636 sum
1432 2579 1642 2649 dignus,
1667 2574 1762 2631 sed

226 2687 312 2757 quia
329 2695 374 2740 tu
395 2685 704 2741 misericors
728 2697 806 2736 es.
830 2680 945 2736 Noli
978 2693 1063 2732 me
1087 2675 1273 2730 audire
1303 2671 1592 2728 secundum
1621 2667 1762 2738 judi-

225 2781 392 2834 ciariam
431 2779 777 2836 severitatem
801 2817 816 2841 ,
871 2772 963 2828 scd
995 2768 1292 2827 secundum
1326 2761 1765 2820 misericordissi.

226 2888 329 2927 mam
353 2873 658 2926 bonitatem.
690 2867 902 2924 Salvum
926 2882 1003 2918 me
1028 2867 1108 2935 [ac
1130 2863 1182 2915 in
1205 2870 1290 2914 tua
1312 2854 1680 2911 misericordia.

276 2963 316 3017 4.
338 2961 471 3035 [cem
499 2958 618 3034 l8.]
651 2957 884 3022 Domine,
903 2971 1002 3007 non
1020 2955 1144 3022 conf
1143 2950 1326 3032 nndar,
1352 2946 1589 3017 quoniam
1614 2943 1729 2997 iuro
1743 2973 1762 2984 -

224 3057 304 3109 cari
325 3066 364 3109 te
391 3071 406 3111 :
437 3067 686 3124 magnam
717 3063 930 3104 causam
961 3046 1111 3112 dixit,
1146 3041 1267 3096 Non
1292 3037 1604 3111 confundor,
1640 3053 1767 3108 quo-

224 3150 326 3200 niam
342 3147 543 3200 invocavi
567 3155 643 3198 te.
678 3142 766 3196 Vis
788 3151 841 3194 ut
869 3137 1222 3194 confundatur
1256 3134 1343 3204 qui
1372 3130 1633 3186 invocavit
1675 3127 1766 3182 te?

227 3237 291 3292 Vis
312 3247 358 3292 ut
380 3238 581 3291 dicatur
612 3253 627 3288 :
661 3233 760 3289 [lbi
790 3231 958 3288 estde
983 3245 1088 3299 quo
1111 3223 1488 3300 prmsumpsit?
1516 3222 1646 3288 Quis
1671 3236 1768 3274 au-

225 3338 301 3382 tem
335 3330 475 3383 etiam
525 3328 771 3398 ipsorum
823 3323 1106 3392 impiorum
1157 3334 1261 3372 non
1314 3316 1521 3370 invocat
1564 3312 1768 3368 Deum?

224 3418 304 3475 Nisi
325 3436 437 3492 ergo
463 3419 689 3491 proprio
717 3415 876 3470 modo
905 3413 1133 3484 quodam
1165 3410 1388 3474 diceret,
1419 3406 1655 3461 Invocavi
1687 3414 1732 3459 te
1751 3447 1765 3466 ,

223 3513 285 3582 qui
309 3530 398 3568 non
424 3513 590 3583 possit
622 3508 922 3565 communis
951 3518 1071 3562 esse
1097 3520 1218 3558 cum
1250 3501 1448 3566 multis,
1479 3500 1625 3554 nullo
1649 3513 1768 3553 mo-

227 3604 275 3658 de)
296 3604 350 3659 de
377 3606 466 3659 hac
494 3603 837 3659 invocatione
867 3607 1065 3653 tantam
1094 3594 1392 3650 mercedem
1414 3592 1634 3646 auderet
1659 3587 1771 3644 exi-

225 3713 334 3766 gere.
364 3695 728 3766 Responderct
749 3692 890 3747 enim
919 3689 994 3744 illi
1025 3688 1166 3743 Deus
1185 3681 1577 3756 quodammodo
1609 3683 1659 3735 iu
1681 3695 1772 3736 eo-

1852 926 2033 981 multis
2057 928 2210 982 malis
2239 928 2471 984 invocari
2504 929 2668 986 Deum
2691 972 2704 996 ,
2734 938 2857 986 nata
2882 940 2968 988 est
2992 933 3219 1004 quanstio
3251 949 3264 986 :
3299 933 3440 989 unde

1853 1033 1960 1074 non
1982 1020 2360 1076 transeundum
2389 1031 2489 1078 est.
2515 1022 2643 1078 Dico
2669 1038 2797 1095 ergo
2824 1024 3055 1080 breviter
3083 1024 3284 1080 homini
3305 1039 3433 1079 avao

1853 1126 1953 1167 ro:
1989 1112 2204 1167 Invocas
2235 1114 2441 1169 Deum?
2465 1115 2638 1183 Quare
2659 1117 2874 1172 invocas
2901 1117 3108 1173 Deum?
3137 1117 3204 1176 Ut
3227 1117 3319 1173 det
3348 1119 3442 1173 mi-

1855 1200 1910 1257 hi
1938 1203 2164 1259 lucrum.
2186 1204 2416 1261 Lucrum
2444 1222 2571 1279 ergo
2587 1209 2818 1273 invocas.
2844 1225 2947 1264 non
2973 1211 3158 1266 Deum.
3181 1210 3313 1279 Quia
3337 1209 3438 1268 hoc

1857 1295 2059 1350 lucrum
2090 1296 2230 1368 quod
2256 1298 2607 1370 concupiscis,
2637 1316 2742 1356 non
2777 1310 2927 1372 potes
2973 1301 3170 1358 habere
3199 1317 3293 1373 per
3320 1317 3440 1358 ser-

1855 1404 1980 1444 vum
2004 1399 2173 1459 tuum,
2205 1406 2308 1447 non
2336 1401 2488 1464 potes
2516 1393 2710 1448 habere
2738 1409 2834 1466 per
2861 1395 3109 1451 colonum
3141 1405 3308 1459 tuum,
3345 1409 3440 1466 per

1857 1482 2103 1538 clientem
2139 1493 2320 1551 tuum,
2365 1500 2462 1558 per
2509 1486 2738 1542 amicum
2790 1496 2933 1541 tuum
2960 1530 2974 1555 ,
3026 1503 3121 1559 per
3161 1489 3442 1544 satellitem

1857 1581 2042 1641 tuum;
2067 1575 2283 1630 invocas
2305 1576 2491 1644 Deum,
2515 1578 2817 1633 ministrum
2841 1578 2970 1633 lucri
2995 1579 3066 1632 tui
3098 1576 3230 1634 facis
3251 1579 3438 1634 Deum:

1857 1666 2010 1721 viluit
2054 1665 2148 1722 tibi
2180 1667 2338 1724 Deus.
2371 1667 2466 1724 Vis
2495 1669 2742 1725 invocare
2784 1670 2985 1725 Deum?
3027 1669 3205 1726 Gratis
3234 1671 3443 1726 invoca.

1859 1758 2062 1821 Avare,
2094 1773 2160 1813 an
2206 1775 2390 1828 parum
2421 1769 2503 1815 est
2529 1761 2622 1815 tibi
2648 1803 2662 1825 ,
2709 1762 2751 1815 si
2795 1769 2845 1816 te
2875 1761 3093 1831 impleat
3126 1762 3239 1833 ipse
3269 1761 3447 1818 Deus?

1860 1849 2003 1904 Deus
2026 1849 2070 1905 si
2097 1849 2160 1904 ad
2189 1860 2239 1905 te
2267 1853 2442 1906 veniat
2475 1852 2590 1907 sine
2629 1865 2760 1908 auro
2785 1861 2838 1908 et
2865 1861 3104 1924 argento,
3133 1868 3238 1908 non
3270 1855 3351 1909 vis
3380 1853 3448 1908 il-

1860 1939 1967 1994 lum
1985 1940 2008 1994 ?
2028 1940 2162 2009 Quid
2189 1957 2316 2011 ergo
2339 1942 2428 1997 tibi
2456 1942 2525 1999 de
2555 1942 2637 1998 his
2657 1959 2774 2014 qure
2805 1943 2930 1999 fecit
2959 1944 3096 2000 Deus
3124 1944 3339 2012 sufficit,
3362 1943 3448 1998 cui

1861 2032 2003 2088 Deus
2043 2034 2154 2103 ipse
2194 2048 2298 2088 non
2331 2033 2560 2089 sufficit?
2598 2036 2786 2091 Merito
2821 2051 2948 2106 ergo
2985 2046 3137 2108 rogat
3174 2036 3293 2104 iste,
3327 2034 3450 2090 Non

1862 2126 2170 2196 confundor,
2197 2126 2434 2192 quoniam
2473 2126 2701 2181 invocavi
2745 2137 2810 2181 te.
2841 2127 3089 2183 lnvocate
3128 2127 3447 2194 Dominum,

1863 2215 2096 2283 fratres,
2142 2218 2186 2271 si
2231 2233 2336 2271 non
2371 2217 2530 2275 vultis
2570 2217 2844 2274 confundi.
2889 2216 3270 2273 Confusiouem
3309 2218 3452 2273 enim

1863 2306 2146 2378 quamdam
2191 2308 2340 2362 timet
2389 2309 2508 2375 iste,
2536 2309 2604 2365 de
2633 2325 2733 2381 qua
2775 2310 2826 2364 in
2869 2310 3231 2380 superioribus
3258 2309 3451 2366 Psalmi

1865 2397 2073 2454 locutus
2101 2408 2183 2454 est
2211 2398 2310 2454 :In
2341 2409 2406 2464 te,
2443 2399 2682 2466 Domine,
2707 2402 2928 2472 speravi,
2964 2418 3064 2456 non
3092 2401 3380 2473 confundar
3401 2401 3456 2455 in

1864 2501 2127 2548 (uernum.
2168 2492 2298 2547 Nam
2331 2503 2387 2547 ut
2432 2493 2610 2548 sciatis
2639 2495 2758 2564 quia
2791 2494 2946 2548 istam
2977 2492 3340 2548 confusionem
3384 2491 3452 2547 ti-

1866 2593 2008 2646 met,
2053 2583 2177 2654 quid
2213 2583 2447 2650 addidit,
2476 2600 2597 2640 cum
2627 2584 2886 2650 dixisset,
2927 2583 3047 2638 Non
3093 2583 3456 2657 confundarin

1866 2684 2128 2740 aeternum,
2150 2675 2388 2745 quoniam
2409 2676 2634 2728 invocavi
2656 2676 2744 2729 te?
2769 2674 3081 2729 Erubescant
3108 2675 3272 2745 impii,
3301 2683 3347 2728 et
3369 2674 3458 2727 de-

1867 2765 2117 2819 ducantur
2130 2767 2446 2834 injnfernum
2468 2784 2481 2821 :
2499 2765 2808 2820 confusione
2823 2767 3000 2836 utique
3013 2766 3098 2821 illa
3112 2766 3163 2820 in
3175 2775 3453 2820 aeternum.

1939 2858 1989 2912 5.
2037 2855 2188 2930 [vers.
2220 2857 2332 2929 l9.]
2363 2856 2510 2910 Muta
2539 2858 2815 2928 efﬁciantur
2839 2857 2974 2912 labia
3007 2857 3204 2918 dolosa,
3235 2873 3350 2926 quae
3373 2857 3454 2922 lo-

1867 2958 2090 3019 quuntur
2108 2948 2346 3002 adversus
2364 2949 2562 3020 justum
2588 2949 2920 3019 iniquitatem,
2940 2949 2990 3002 in
3020 2948 3252 3018 superbia
3277 2957 3324 3002 et
3345 2963 3458 3002 con-

1870 3049 2080 3110 temptu.
2108 3040 2291 3095 Justus
2318 3040 2416 3095 iste
2443 3041 2686 3095 Christus
2712 3049 2792 3095 est
2824 3059 2836 3094 :
2871 3041 3034 3094 multa
3058 3040 3192 3094 labia
3216 3039 3448 3110 loquun-

1872 3139 1956 3186 tur
1984 3131 2237 3187 adversus
2266 3147 2388 3187 cum
2418 3131 2748 3202 iniquitatem
2774 3131 2824 3186 in
2856 3131 3102 3201 superbia
3134 3139 3188 3186 et
3210 3141 3457 3186 contem-

1873 3236 1986 3297 ptu.
2017 3227 2192 3294 Quare
2229 3226 2281 3280 in
2317 3226 2563 3295 superbia
2596 3234 2650 3280 et
2677 3225 3028 3296 contemptu?
3057 3224 3190 3293 Quia
3217 3234 3456 3281 contem-
3497 3287 3509 3299 χ

1872 3321 2070 3391 ptibilis
2098 3321 2339 3390 superbis
2363 3321 2627 3392 apparuit,
2656 3321 2744 3391 qui
2772 3330 2876 3375 tam
2902 3320 3118 3376 humilis
3145 3323 3306 3376 venit.
3338 3320 3456 3375 Non

1873 3414 1956 3469 vis
1981 3422 2043 3468 ut
2070 3421 2442 3468 contemnatur
2466 3413 2532 3468 ab
2561 3414 2640 3467 eis
2666 3414 2753 3482 qui
2779 3413 3012 3467 honores
3031 3421 3230 3478 amant,
3261 3413 3349 3466 ille
3370 3412 3459 3482 qui

1877 3516 2048 3561 tantas
2075 3505 2426 3560 contumelias
2457 3505 2694 3576 accepit?
2732 3504 2846 3558 Non
2893 3505 2975 3558 vis
3005 3513 3063 3560 ut
3087 3513 3461 3558 contemnatur

1875 3597 1942 3652 ab
1967 3597 2048 3652 his
2079 3597 2166 3666 qui
2215 3612 2308 3668 pro
2351 3611 2543 3667 magno
2589 3595 2785 3650 habent
2829 3597 2984 3651 istam
3034 3596 3216 3663 vitam,
3250 3595 3338 3649 ille
3366 3595 3457 3666 qui

1875 3698 2114 3745 mortuus
2141 3689 2257 3745 est?
2285 3688 2401 3744 Non
2433 3689 2511 3744 vis
2531 3698 2587 3744 ut
2611 3697 2981 3745 contemnatur
3005 3689 3072 3744 ab
3095 3689 3172 3744 eis
3193 3688 3281 3760 qui
3309 3689 3460 3760 quasi

224 3791 446 3859 gitatione,
478 3800 531 3843 et
561 3789 769 3842 diceret
802 3803 816 3839 :
849 3783 982 3850 Quid
1005 3797 1033 3835 a
1064 3796 1151 3835 me
1173 3780 1307 3849 petis
1334 3787 1390 3831 ut
1417 3793 1521 3830 non
1548 3773 1774 3829 confun-

224 3881 368 3936 daris?
402 3879 623 3950 Quare?
663 3879 798 3946 Quia
841 3873 1095 3930 invocasti
1144 3871 1266 3925 me?
1306 3869 1493 3924 Nonne
1539 3865 1777 3936 quotidie

226 3972 455 4040 homines,
489 3984 546 4028 ut
578 3972 833 4041 impleant
881 3967 1016 4023 forte
1052 3962 1309 4019 adulteria
1358 3976 1473 4032 qua:
1519 3958 1775 4028 concupi-

223 4078 358 4130 scunt,
385 4069 639 4122 invocant
663 4063 783 4118 me?
813 4076 988 4116 nonne
1017 4055 1255 4129 quotidie
1283 4053 1550 4119 homines,
1577 4059 1632 4105 ut
1663 4065 1775 4104 mo-

224 4161 388 4215 riantur
424 4163 494 4216 illi
535 4177 566 4215 a
600 4159 795 4229 quibus
823 4159 1135 4224 exspectant
1179 4146 1578 4211 ltmreditatem,
1625 4144 1777 4198 invo-

223 4254 450 4308 cantate?
479 4265 665 4308 nonne
689 4246 923 4319 quotidie
950 4244 1194 4298 homines
1223 4241 1312 4311 qui
1352 4237 1592 4293 fraudem
1631 4235 1778 4306 cogi-

226 4351 330 4407 tant,
354 4356 406 4400 ut
424 4361 541 4400 eam
575 4355 836 4413 prOSpero
860 4337 1011 4394 exitu
1041 4333 1362 4404 compleant,
1391 4331 1638 4385 invocant
1658 4328 1779 4383 me?

223 4434 329 4502 Quid
355 4452 479 4508 ergo
503 4442 594 4492 est
616 4432 758 4504 quod
788 4446 884 4502 pro
907 4443 1092 4499 magna
1124 4423 1372 4480 mercede
1398 4421 1587 4492 exigis,
1617 4430 1672 4474 ut
1693 4418 1781 4474 di-

225 4542 330 4582 cas:
369 4530 484 4584 Non
519 4523 1096 4597 confundar,quoniam
1129 4518 1356 4574 invocavi
1393 4526 1441 4569 te
1462 4516 1487 4568 ?
1534 4515 1785 4569 lnvocant

222 4619 399 4688 quidem
438 4621 553 4688 illi,
607 4616 702 4673 sed
751 4631 856 4670 non
901 4615 1151 4668 invocant
1195 4617 1266 4664 te.
1319 4607 1538 4661 Invocas
1577 4603 1781 4670 Deum,

223 4713 400 4780 quando
421 4714 473 4768 in
499 4721 552 4766 te
579 4723 740 4765 vocas
767 4708 954 4762 Deum.
986 4705 1098 4760 Hoc
1121 4710 1201 4759 est
1228 4699 1369 4757 enim
1397 4698 1542 4754 illum
1570 4696 1789 4752 invoca-

221 4817 283 4868 re,
308 4804 446 4859 illum
478 4805 533 4861 in
564 4812 616 4858 te
641 4815 853 4866 vocare,
876 4797 1109 4870 quodam
1146 4793 1306 4850 modo
1329 4807 1452 4848 eum
1485 4791 1536 4845 in
1565 4788 1784 4844 domum

221 4897 370 4952 cordis
387 4899 458 4952 tui
481 4897 732 4952 invitare.
760 4893 874 4950 Non
900 4900 1076 4947 autem
1098 4887 1324 4943 auderes
1351 4893 1553 4940 tantum
1580 4890 1783 4953 patrem

221 4987 423 5046 familias
451 4991 683 5046 invitare
703 5031 717 5057 ,
759 4987 858 5043 nisi
889 4998 1076 5042 nosses
1109 4983 1158 5039 ei
1200 4979 1560 5037 habitaculum
1586 4989 1791 5048 praepa-

222 5095 336 5139 rare.
362 5083 415 5141 Si
437 5085 584 5140 enim
612 5081 703 5138 tibi
733 5081 876 5136 dicat
901 5080 1042 5134 Deus
1071 5094 1083 5130 :
1118 5075 1258 5132 Ecce
1284 5071 1538 5128 invocasti
1569 5085 1676 5136 me,
1697 5083 1790 5124 ve-

221 5175 293 5232 nio
313 5177 372 5233 ad
392 5187 465 5243 te,
483 5192 593 5248 quo
620 5171 871 5230 intrabo?
895 5170 1095 5227 Tantas
1115 5167 1302 5223 sordes
1327 5163 1666 5221 conscientiae
1689 5170 1793 5216 tuae

221 5269 517 5325 sustinebo?
553 5268 610 5326 Si
644 5281 856 5323 servum
887 5278 1064 5319 meum
1105 5261 1158 5315 in
1188 5259 1405 5315 domum
1437 5265 1580 5310 tuam
1611 5252 1795 5307 invita-

221 5374 310 5426 res,
349 5377 529 5418 nonne
559 5360 704 5431 prius
731 5373 848 5414 eam
889 5354 1148 5412 mundare
1173 5350 1432 5408 curares?
1463 5348 1680 5404 Invocas
1708 5359 1794 5400 me

223 5451 264 5505 in
303 5471 388 5510 cor
414 5465 565 5511 tuum
592 5497 604 5521 ,
655 5461 710 5509 et
747 5451 964 5523 plenum
995 5457 1077 5503 est
1119 5445 1340 5516 rapinis.
1367 5443 1485 5512 Quo
1523 5442 1796 5496 invocatur

225 5543 344 5602 Dens
369 5549 582 5618 plenum
607 5555 692 5602 est
719 5541 1082 5614 blasphemiis,
1110 5539 1325 5610 plenum
1368 5543 1450 5589 est
1475 5530 1748 5588 adulteriis
1773 5570 1789 5596 ,

227 5637 417 5704 plenum
447 5648 535 5694 est
561 5635 854 5702 fraudibus,
878 5634 1095 5706 plenum
1125 5639 1206 5685 est
1244 5627 1397 5683 malis
1423 5624 1796 5694 concupiscen-

182 5765 194 5805 ι
229 5729 327 5796 tiis,
351 5740 406 5786 et
433 5731 655 5786 invocas
695 5729 815 5783 me!
861 5727 934 5782 De
963 5724 1156 5780 talibus
1181 5720 1413 5790 denique
1439 5715 1562 5789 quid
1592 5715 1667 5770 ait
1695 5713 1800 5767 alio

229 5821 332 5878 loco
357 5823 629 5894 psalmus?
655 5822 939 5894 ,Dominum
965 5835 1068 5874 non
1091 5817 1444 5873 invocaverunt
1471 5810 1640 5885 (Psal.
1669 5821 1761 5863 xtu
1781 5847 1796 5874 ,

1878 3782 2235 3838 damnationis
2276 3792 2502 3838 mortem
2543 3783 2748 3838 crucis‘
2783 3780 2990 3852 turpem
3021 3791 3224 3852 putant,
3255 3783 3344 3837 ille
3373 3781 3465 3854 qui

1879 3875 2166 3930 crucifixus
2192 3874 2316 3929 est?
2356 3873 2471 3928 Non
2505 3873 2585 3928 vis
2630 3883 2684 3928 ut
2709 3882 3082 3930 contemnatur
3115 3888 3144 3927 a
3184 3872 3464 3937 divitibus,

1881 3965 1970 4022 ille
1993 3966 2081 4036 qui
2110 3979 2394 4036 pauperem
2421 3967 2582 4020 vitam
2620 3965 2785 4035 gessit
2815 3966 2864 4019 in
2907 3964 3106 4020 mundo
3125 4007 3140 4030 .
3173 3980 3292 4020 cum
3324 3972 3470 4020 esset

1880 4068 2091 4114 creator
2119 4058 2340 4113 mundi?
2370 4058 2557 4113 Omnia
2589 4059 2686 4113 ista
2709 4075 2827 4130 quae
2851 4067 3032 4114 amant
3059 4059 3322 4125 homines,
3345 4058 3470 4129 quia

1885 4152 2052 4207 noluit
2087 4151 2172 4206 illa
2204 4151 2399 4206 habere
2423 4150 2668 4206 Christus
2687 4193 2701 4219 ,
2733 4162 2788 4207 ut
2814 4167 2919 4206 non
2945 4151 3193 4207 habendo
3219 4151 3472 4207 ostende-

1883 4251 1969 4300 ret
2005 4243 2416 4308 contcmnenda,
2461 4259 2563 4297 non
2592 4243 2713 4314 quia
2743 4243 2793 4296 in
2834 4252 3093 4312 potestate
3137 4257 3241 4297 non
3289 4242 3474 4298 habuit

1884 4337 2241 4410 possidenda;
2274 4352 2462 4391 omnes
2498 4337 2585 4406 qui
2616 4345 2796 4392 amant
2839 4335 2954 4390 haec
2975 4378 2988 4400 ,
3021 4343 3369 4390 contemnunt
3406 4335 3473 4389 il-

1886 4429 2018 4487 lum.
2042 4428 2110 4484 Et
2127 4429 2448 4499 quicumque
2465 4428 2688 4492 voluerit
2709 4442 2982 4496 servorum
3005 4428 3119 4497 ejus
3139 4428 3287 4497 sequi
3309 4427 3473 4482 vesti-

1886 4522 1972 4594 gia
1997 4522 2182 4592 ipsius,
2210 4529 2267 4574 ut
2291 4519 2525 4574 ambulet
2547 4528 2599 4573 et
2629 4519 2740 4588 ipse
2770 4519 2820 4573 iu
2850 4533 2910 4573 ea
2940 4518 3254 4585 humilitate,
3287 4518 3341 4573 in
3371 4533 3475 4589 qua

1889 4613 2073 4668 didicit
2127 4611 2430 4666 ambulasse
2479 4611 2759 4665 Dominum
2810 4625 2986 4677 suum,
3038 4609 3397 4664 contemnitur
3422 4610 3477 4665 in

1889 4704 2104 4760 Christo
2152 4704 2304 4775 quasi
2354 4701 2651 4758 membrum
2693 4701 2888 4758 Christi
2924 4711 3016 4756 :et
3058 4715 3181 4756 cum
3227 4711 3386 4772 caput
3425 4709 3482 4758 et

1891 4797 2129 4852 membra
2152 4803 2585 4861 contemnuntur,
2611 4803 2750 4848 totus
2777 4795 2891 4864 ipse
2914 4791 3158 4848 Christus
3177 4793 3482 4849 contemni-

1895 4897 2002 4953 tur,
2033 4887 2152 4958 quia
2186 4895 2328 4942 totus
2349 4887 2462 4956 ipse
2483 4885 2659 4957 justus
2683 4893 2765 4940 est
2789 4894 2948 4954 caput
2972 4893 3026 4939 et
3049 4900 3263 4956 corpus.
3294 4886 3360 4941 Et
3381 4901 3482 4941 ne-

1894 4994 2046 5036 cesse
2068 4988 2148 5034 est
2175 4987 2231 5034 ut
2256 4987 2626 5033 contemnatur
2659 4986 2799 5032 totus
2828 4976 2940 5046 ipse
2963 4977 3208 5033 Christus
3233 4993 3261 5032 a
3291 4994 3484 5049 super-

1903 5073 1987 5128 bis
2006 5083 2059 5126 et
2085 5070 2280 5140 impiis,
2319 5077 2374 5122 ut
2403 5069 2495 5122 ﬁat
2525 5068 2627 5121 illis
2655 5066 3017 5137 quoddicitur
3049 5086 3061 5121 :
3092 5067 3240 5122 Muta
3260 5070 3486 5140 e/fician-

1899 5172 1981 5219 tur
2019 5163 2151 5218 labia
2188 5162 2398 5227 dolosa,
2441 5175 2554 5229 quw
2597 5158 2871 5230 loquuntur
2896 5160 3134 5215 adversus
3157 5161 3354 5232 justum
3384 5160 3487 5215 ini-

1897 5259 2156 5330 quitatem,
2187 5255 2240 5309 in
2270 5253 2502 5325 superbia
2523 5262 2569 5306 et
2603 5261 2912 5323 contemptu.
2942 5252 3165 5320 Quando
3189 5253 3490 5308 efficientur

1901 5359 2044 5406 muta
2073 5348 2208 5404 labia
2235 5346 2378 5402 ista?
2409 5345 2462 5400 In
2503 5344 2607 5401 hoc
2635 5345 2871 5400 satculo?
2909 5345 3190 5416 Nunquam
3210 5347 3254 5398 ’.
3298 5343 3489 5412 Quoti-

1902 5445 1990 5502 die
2038 5443 2272 5498 clamant
2316 5447 2500 5495 contra
2549 5439 2907 5505 Christianos,
2948 5438 3178 5492 maxime
3229 5434 3490 5501 humiles;

1903 5536 2142 5611 quotidie
2162 5533 2552 5605 blasphemant,
2575 5531 2809 5604 quotidie
2830 5531 3023 5584 latrant
3048 5548 3061 5585 :
3083 5536 3279 5598 augent
3295 5527 3490 5598 linguis

1905 5632 2018 5690 suis
2045 5644 2254 5704 poenas,
2281 5628 2476 5700 quibus
2498 5626 2635 5698 apud
2665 5625 2866 5680 inferos
2893 5624 3092 5686 sitiant,
3116 5631 3171 5677 et
3197 5637 3347 5693 aqua!
3375 5621 3495 5679 stil-

1973 5834 1988 5864 ί
2017 5839 2134 5889 vox.
2153 5829 2331 5892 crucis,
2354 5842 2450 5881 non
2467 5829 2711 5892 reperitur
2733 5827 2782 5876 in
2802 5831 2911 5892 _|ls_s.

1972 5896 1992 5926 ³
2013 5885 2153 5944 Corh.
2187 5901 2268 5944 Ms.
2303 5885 2332 5944 ἁ
2367 5885 2581 5946 secunda
2618 5903 2762 5939 manu
2796 5886 2963 5951 habet,
2996 5897 3047 5938 tn
3080 5885 3171 5942 hoc
3212 5888 3390 5943 siccato
3421 5901 3500 5943 κο-

287 5977 708 6044 ίη.ςάηήΜο
1161 5983 1197 5993 ..
1910 5968 2073 6024 quam.
