4032 6496
456 548 579 605 lam-
600 546 723 613 sine
742 539 1256 609 ωιόωἱάθνθωε
1296 534 1416 600 ηοω
1442 551 1575 610 ergo
1598 549 1749 595 nunc
1764 543 1909 595 muta
1937 526 2048 597 eiii-

460 640 674 698 ciuutur
692 638 827 697 labia
850 638 1094 697 istorum.
1119 632 1499 706 Sed,quando?
1523 628 1749 699 Quando
1766 625 2049 683 traducens

457 748 553 791 eos
586 748 655 789 ex
676 731 906 789 adverso
935 730 1247 801 iniquitates.
1265 741 1450 785 eorum
1477 767 1491 784 .
1523 725 1653 780 sicut
1683 722 1872 779 dicitur
1901 719 1953 773 in
1984 717 2045 773 Ιίρ

456 825 554 881 bro
576 824 860 896 Sapientiae
890 842 902 879 :
930 822 1076 878 Tunc
1100 821 1305 883 stabunt.
1318 819 1529 890 justiin
1552 832 1744 886 magno
1756 812 2049 870 constantia

462 917 700 972 adversus
726 932 808 971 eos
838 916 921 984 qui
945 932 1001 977 se
1020 921 1432 986 attgustavernnt.
1455 909 1598 965 Tunc
1627 910 1797 963 dicent
1811 905 1887 961 illi
1919 921 1937 959 :
1968 902 2043 958 Hi

455 1015 572 1065 sunt
598 1022 723 1076 quos
751 1006 1024 1077 aliquando
1048 1005 1316 1060 habuimus
1333 1006 1388 1059 in
1414 1004 1570 1059 risum
1601 1011 1648 1057 et
1669 997 2041 1056 insimilitudi-

458 1113 569 1153 item
582 1097 892 1170 impropsrii.
917 1096 1180 1166 Quomodo
1198 1096 1477 1167 computati
1489 1104 1604 1149 sunt
1623 1094 1753 1148 inter
1770 1092 1903 1161 ﬁlios
1914 1088 2038 1156 Dei,

451 1198 500 1245 et
534 1190 664 1245 inter
686 1200 883 1248 sanctos
913 1206 1027 1247 sors
1057 1190 1261 1245 illorum
1289 1188 1399 1244 est?
1434 1185 1547 1242 Nos
1578 1185 1849 1249 iusensati,
1884 1184 2039 1237 vitam

452 1280 661 1345 illorum
685 1281 1054 1338 mstimabamus
1080 1282 1330 1337 insaniam
1352 1279 1506 1350 (Sag.
1540 1295 1591 1345 v,
1630 1274 1755 1349 1-5).
1785 1275 1933 1331 Tunc
1959 1272 2040 1330 ef—

453 1370 699 1428 ficientur
722 1371 865 1429 labia
899 1387 1085 1428 eorum
1114 1380 1292 1437 muta,
1323 1371 1413 1441 qui
1457 1370 1745 1440 loquuntur
1785 1365 2040 1422 adversus

447 1464 650 1536 justum
693 1466 1045 1537 iniquitatem,
1074 1466 1128 1521 in
1154 1464 1401 1535 superbia
1422 1472 1475 1520 et
1494 1462 1548 1518 in
1576 1471 1907 1531 contemptu.
1932 1459 2039 1514 Mo-

450 1557 523 1614 do
536 1559 691 1615 enim-
706 1558 893 1623 (buunt
910 1558 1068 1623 nobis
1094 1575 1111 1615 :
1141 1557 1243 1615 Ubi
1257 1566 1341 1614 est
1356 1557 1499 1613 Deus
1513 1554 1728 1611 vester?
1747 1552 1882 1621 Quid
1900 1550 2035 1605 coli~

451 1652 558 1707 tis?
585 1652 723 1722 Quid
750 1654 978 1713 videtis?
1004 1653 1234 1710 Creditis
1251 1694 1266 1721 ,
1294 1660 1351 1708 et
1382 1650 1634 1708 laboratis
1665 1665 1679 1702 :
1720 1656 1924 1704 certum
1949 1650 2036 1700 est

449 1745 591 1815 quod
630 1746 915 1814 laboratis,
947 1746 1208 1802 incertum
1234 1753 1317 1801 est
1345 1743 1493 1816 quod
1526 1741 1773 1813 speratis.
1809 1737 2036 1808 Quando

446 1839 654 1897 venerit
680 1848 882 1895 certum
912 1839 1054 1910 quod
1079 1852 1376 1909 speeamus,
1405 1843 1553 1893 muta
1570 1833 1871 1893 efﬁcienter
1892 1831 2037 1888 labia

446 1926 653 1986 dolosa.
1078 1934 1083 1937 ’

517 2022 568 2079 6.
604 2020 754 2095 [uera
776 2022 893 2098 20.]
921 2023 1151 2080 Proinde
1171 2022 1292 2081 vide
1310 2021 1714 2095 quidsequitur,
1736 2019 1861 2090 quia
1885 2027 2030 2073 muta

447 2113 753 2177 efﬁciantur
789 2116 931 2172 labia
953 2116 1159 2182 dolosa,
1189 2130 1310 2187 quas
1348 2116 1635 2186 loquuntur
1660 2110 1921 2166 adversus
1939 2108 2032 2179 ju-

443 2217 589 2266 stum
612 2211 967 2282 iniquitatem,
993 2213 1057 2267 in.
1073 2211 1323 2283 superbia
1345 2218 1402 2266 et
1427 2215 1758 2278 contemptu.
1790 2202 2034 2261 Attendit

441 2300 547 2359 iste
573 2304 663 2375 qui
686 2306 764 2360 sic
788 2305 977 2377 gemit,
1009 2304 1141 2378 vidit
1165 2304 1302 2360 bona
1332 2303 1425 2359 Dei
1456 2302 1599 2357 intus
1639 2301 1693 2355 in
1720 2298 1932 2369 spiritu,
1962 2296 2032 2351 vi-

441 2396 527 2453 dit
561 2397 681 2455 hine.
699 2399 839 2456 bona
868 2416 989 2472 quae
1018 2401 1070 2456 in
1109 2400 1320 2455 occulto
1342 2397 1609 2464 videntur,
1638 2395 1732 2452 sed
1760 2394 1828 2449 ab
1854 2392 2032 2463 impiis

440 2504 549 2545 non
587 2491 856 2547 videntur.
903 2492 1044 2548 Vidit
1072 2506 1166 2548 eos
1197 2500 1479 2562 propterea
1505 2488 1644 2559 loqui
1675 2486 1932 2542 adversus
1953 2483 2035 2555 ju-

439 2582 936 2655 stum-iniquitatem
965 2585 1018 2639 in
1045 2583 1291 2657 superbia
1318 2592 1369 2638 et
1390 2588 1718 2651 contemptu,
1742 2579 1864 2650 quia
1892 2578 2030 2632 bona

445 2674 605 2747 hujus
632 2676 817 2735 saecli
839 2676 1026 2732 videre
1051 2685 1269 2742 norunt,
1290 2675 1429 2731 bona
1460 2680 1638 2728 autem
1665 2670 1827 2726 futuri
1849 2669 2032 2725 saeculi

439 2783 543 2825 nec
569 2770 806 2841 cogitare
847 2770 1042 2826 sciunt.
1070 2768 1187 2827 Sed.
1206 2778 1266 2825 ut
1304 2765 1709 2825 commendaret
1745 2764 1858 2834 ipsa
1889 2764 2031 2818 bona

437 2860 615 2921 futuri
645 2863 826 2920 seaculi
870 2862 1207 2930 hominibus,
1248 2876 1385 2933 quos
1420 2860 1573 2932 jubet
1613 2857 1873 2920 tolerare,
1919 2869 2030 2909 non

439 2970 623 3016 amare
649 2959 955 3029 pmsentia,
985 2957 1307 3013 exclamavit
1331 2964 1386 3012 et
1405 2953 1644 3011 addidit:
1675 2952 1841 3020 Quae:
1868 2949 2033 3004 multa

439 3049 715 3104 multitudo
740 3050 1022 3104 dulcedinis
1047 3058 1179 3115 tuae,
1222 3046 1473 3102 Domine!
1515 3045 1614 3100 Hic
1643 3043 1805 3098 homo
1834 3039 2031 3111 impius

439 3140 486 3196 si
514 3139 657 3195 dicat
682 3158 696 3196 :
727 3140 829 3197 Ubi
858 3149 941 3196 est
977 3142 1078 3195 ista
1104 3137 1387 3193 multitudo
1420 3134 1755 3192 dulcedinis?
1784 3134 2031 3202 Respon-

444 3229 628 3286 debo:
663 3231 941 3299 Quomodo
980 3229 1073 3286 tibi
1111 3228 1389 3285 ostendam
1433 3226 1824 3291 multitudinem
1872 3222 2037 3293 hujus

366 3352 374 3359 -
443 3321 761 3389 dulcedinis,
788 3324 878 3394 qui
909 3324 1141 3393 palatum
1178 3322 1245 3376 de
1283 3319 1432 3376 febre
1460 3316 1752 3389 iniquitatis
1776 3314 2023 3387 perdidi-

443 3414 553 3470 sti?
580 3415 682 3470 Mel
711 3416 755 3470 si
787 3430 891 3471 non
923 3430 1129 3483 nosses,
1160 3429 1320 3485 quam
1358 3412 1497 3468 bene
1525 3417 1738 3480 saperet
1773 3422 1883 3463 non
1921 3407 2034 3461 elar-

358 3515 369 3521 '
440 3520 652 3573 mares,
681 3508 780 3562 nisi
808 3516 1097 3578 gustasses.
1129 3505 1371 3562 Palatum
1414 3502 1592 3559 cordis
1634 3516 1741 3557 non
1771 3499 1943 3555 babes
1963 3495 2037 3552 ad

442 3596 567 3654 haec
618 3599 757 3655 bona
800 3599 1098 3672 gustauda;
1152 3598 1279 3670 quid
1332 3597 1424 3652 tibi
1481 3594 1706 3651 iaciam?
1751 3590 2034 3662 Quomodo

443 3692 759 3751 ostendam?
789 3693 901 3749 Non
928 3701 1012 3750 est
1034 3694 1119 3749 cui
1148 3692 1225 3763 (a)
1265 3691 1446 3747 dicere
1477 3708 1489 3745 :
1522 3688 1767 3756 Gustate,
1795 3698 1845 3742 et
1871 3687 2038 3742 uidete

442 3788 687 3859 quoniam
711 3789 882 3843 suavis
917 3797 991 3844 est
1014 3787 1468 3858 Bominus(Psal.
1501 3801 1693 3851 χχχιιι,
1730 3785 1823 3855 9).
1868 3783 2039 3851 Quam

445 3878 605 3936 multa
630 3878 900 3933 ntultitudo
925 3879 1205 3934 dulcedinis
1222 3888 1342 3943 tum,
1373 3877 1609 3946 Domine,
1638 3892 1789 3949 quam
1817 3875 2036 3930 abscon-

448 3970 571 4025 disti
600 3970 885 4025 timentibus
922 3972 1007 4025 te!
1030 3970 1167 4038 Quid
1198 3980 1281 4026 est
1306 3970 1631 4026 abscondisti
1661 3968 1802 4025 illi?
1838 3966 2035 4024 Serva-

446 4062 517 4118 sti
545 4061 673 4127 illis,
706 4076 813 4117 non
839 4063 1063 4134 negasti,
1103 4070 1163 4117 ut
1186 4063 1285 4119 soli
1322 4062 1389 4117 ad
1417 4076 1534 4117 eam
1566 4060 1876 4132 perveniant
1920 4058 2039 4133 (bo-

446 4169 579 4210 num
602 4162 691 4211 est
721 4156 865 4211 enim
888 4155 1028 4227 quod
1070 4154 1231 4226 justis
1275 4164 1330 4211 et
1357 4154 1533 4225 impiis
1575 4167 1681 4209 non
1711 4161 1890 4223 potest
1915 4165 2038 4208 esse

446 4249 798 4320 commune);
849 4258 906 4304 ut
952 4248 1189 4304 timendo
1210 4248 1543 4319 perveniant.
1584 4245 1849 4314 Quamdiu
1891 4245 2041 4301 enim

448 4339 626 4397 adhuc
653 4341 864 4409 timent,
902 4340 1137 4397 nondum
1165 4349 1221 4397 et
1249 4341 1351 4411 ipsi
1378 4347 1738 4411 pervenerunt
1763 4355 1776 4393 :
1808 4337 1905 4394 sed
1927 4351 2043 4393 cre-

447 4434 582 4491 dunt
608 4448 667 4491 se
690 4444 1061 4507 perventuros,
1083 4445 1183 4491 eta
1208 4437 1399 4491 timore
1425 4433 1702 4506 incipiunt.
1729 4432 1868 4488 Nihil
1893 4430 2038 4487 enim

448 4527 658 4585 dulcius
682 4538 767 4585 est
802 4530 1198 4586 immortalitate
1235 4530 1510 4600 sapientiae
1532 4571 1548 4596 ,
1590 4528 1684 4584 sed
1714 4528 1922 4584 initium
1950 4541 2039 4582 sa-

447 4619 664 4689 pientia:
711 4622 871 4676 timor
908 4622 1116 4677 Domini
1170 4620 1370 4694 (Prov.
1411 4638 1450 4687 ι,
1483 4622 1545 4687 7;
1584 4620 1730 4676 Psol.
1779 4635 1869 4686 cx,
1901 4618 1972 4676 10
1996 4618 2038 4689 ).

456 4713 623 4782 Quam
648 4714 954 4769 abscondisti
982 4715 1265 4770 timentibus
1300 4723 1365 4770 te.

523 4806 580 4860 τ.
621 4804 892 4877 Perfecisti
910 4815 1078 4862 autem
1104 4805 1421 4877 sperantibus
1448 4807 1501 4861 in
1531 4814 1579 4861 te
1603 4806 1656 4860 in
1681 4813 1948 4877 conspectu
1974 4805 2043 4874 [i-

452 4898 639 4954 lionm
660 4900 938 4954 hominum.
961 4900 1100 4968 Non,
1128 4901 1400 4955 Perfecisti
1429 4900 1483 4956 in
1504 4908 1790 4969 conspecut
1813 4898 2042 4954 ﬁliorum

452 4989 764 5057 hominum;
797 4991 889 5047 sed
914 5033 927 5055 ,
965 4993 1282 5063 sperantibus
1301 4994 1355 5047 in
1385 5003 1432 5047 te
1453 4992 1502 5046 in
1530 4999 1798 5062 conspectu
1819 4990 2043 5060 ﬁliorum

453 5082 714 5137 [taurinum
738 5099 757 5137 :
787 5082 837 5137 id
868 5093 968 5147 est,
1001 5085 1080 5140 eis
1109 5086 1374 5154 perfecisti
1400 5084 1732 5140 dulcedinem
1763 5091 1925 5148 tuam,
1954 5083 2042 5152 qui

452 5183 673 5245 sperant
717 5176 769 5231 in
802 5186 852 5231 te
895 5177 947 5231 in
987 5186 1274 5247 conspectu
1318 5177 1545 5234 filiorum
1583 5175 1880 5232 hominum.
1909 5173 2048 5244 Quo-

453 5267 615 5323 modo
644 5267 771 5323 dicit
801 5267 1062 5324 Dominus
1088 5285 1103 5322 :
1138 5269 1238 5337 Qui
1268 5287 1347 5324 me
1381 5271 1635 5342 negaverit
1661 5285 1834 5325 coram
1874 5267 2046 5323 Itami-

454 5364 622 5430 nibus,
642 5363 833 5435 negabo
856 5374 901 5418 et
936 5380 1025 5436 ego
1052 5365 1194 5418 illum
1216 5380 1386 5418 coram
1416 5362 1573 5419 Patre
1597 5381 1708 5420 meo
1737 5364 1952 5438 (Matth.
1983 5378 2042 5430 x,

454 5455 571 5527 33).
603 5457 743 5527 Ergo
790 5457 833 5511 si
881 5472 1067 5528 speras
1110 5458 1160 5511 in
1213 5457 1476 5523 Domino,
1528 5472 1710 5513 coram
1742 5456 2048 5512 hominibus

455 5562 613 5620 spera
642 5567 657 5603 :
690 5565 757 5606 ne
784 5548 918 5605 forte
945 5548 1243 5605 abscondas
1268 5549 1438 5620 ipsam
1463 5563 1612 5619 spem
1640 5558 1784 5604 tuam
1808 5550 1861 5603 in
1882 5546 2047 5604 corde

456 5648 570 5707 tuo,
598 5646 655 5698 et
681 5641 873 5699 timeas
896 5640 1159 5709 confiteri,
1187 5656 1310 5698 cum
1340 5641 1433 5697 tibi
1471 5655 1566 5712 pro
1588 5641 1809 5697 crimine
1836 5640 2054 5713 obiicia-

457 5741 546 5790 tur
573 5734 695 5805 quia
722 5734 1046 5792 cbristianus
1061 5750 1141 5791 es.
1159 5733 1256 5792 Cui
1278 5745 1456 5791 autem
1478 5733 1638 5791 modo
1657 5733 1907 5805 objicitur
1925 5734 2051 5805 quia

459 5834 781 5892 christianos
818 5836 938 5893 est?
975 5835 1107 5892 Tam
1136 5834 1294 5935 pauci
1330 5848 1439 5891 non
1468 5830 1747 5890 christiani
1784 5842 2053 5887 remanse-

425 5940 433 5948 ’
522 5947 598 6011 (a)
620 5947 1054 6014 Subaud.,posstm.

1629 418 1689 489 ἃ.
1730 409 2112 489 αυςυετιιωι
2135 410 2439 471 EPISCOPI

2159 538 2300 598 runt,
2334 541 2392 589 ut
2415 532 2492 589 eis
2518 534 2687 605 magis
2705 535 3430 611 objicietuntpis-cbﬁstimi
3452 562 3562 604 non
3585 558 3747 620 sunt,

2150 641 2309 696 quam
2343 628 2444 699 ipsi
2483 630 2725 687 audeant
2746 632 3021 706 aliquibus
3047 636 3284 709 objicese
3304 643 3427 714 quia
3456 644 3754 713 diristiani:

2150 730 2294 775 sunt.
2326 720 2526 779 Tamen
2547 723 2669 779 dico
2696 726 2848 783 vobis
2865 769 2881 794 ,
2907 727 3100 786 fratres
3127 731 3253 797 mei,
3283 733 3477 806 incipe,
3499 738 3744 809 «inicum-

2148 826 2253 881 que
2277 827 2363 868 me
2398 814 2571 882 audis,
2598 817 2781 875 vivere
2805 822 3075 891 quomodo
3097 825 3437 898 christianos,
3465 842 3519 888 et
3541 833 3664 891 vide
3689 836 3741 892 si

2149 918 2255 960 non
2288 905 2379 962 tibi
2408 906 2692 978 objiciatur
2722 920 2779 967 et
2801 928 2835 969 a
2868 914 3196 988 christianis,
3227 921 3322 977 sed
3352 928 3586 992 nomine,
3624 948 3745 991 non

2146 996 2283 1064 vita,
2306 1012 2416 1053 non
2446 999 2702 1093 moribus.
2731 1003 2903 1060 Nemo
2923 1011 3089 1065 sentit
3114 1014 3213 1069 nisi
3237 1018 3327 1085 qui
3352 1034 3603 1093 expertus
3622 1041 3736 1086 est.
3764 1056 3771 1061 σ

2146 1088 2288 1161 Ergo
2308 1091 2547 1162 intende,
2576 1095 2785 1153 intuere
2814 1101 2954 1170 quod
2984 1104 3156 1161 audis.
3189 1106 3281 1165 Vis
3307 1088 3489 1171 vivere
3506 1128 3566 1173 ut
3592 1121 3739 1179 ebrio

2144 1181 2414 1279 stlianust
2438 1186 2520 1240 vis
2556 1188 2720 1259 sequi.
2749 1192 2983 1263 vestigia.
3020 1195 3230 1254 Domini
3274 1202 3390 1258 tui?
3435 1206 3739 1279 Objiciatur

2145 1272 2263 1373 tibi,
2300 1274 2680 1373 erubescispet
2716 1283 3080 1344 erubescendo
3102 1288 3345 1350 dimittis.
3379 1272 3531 1354 vnn;
3560 1304 3740 1373 penu.
3792 1308 3817 1372 ιδ

2142 1364 2285 1459 disti.
2326 1366 2533 1427 Videris
2565 1371 2663 1428 tibi
2691 1375 2855 1432 corde
2878 1379 3174 1438 credidisse
3211 1384 3279 1441 ad
3308 1364 3602 1459 justitiam,
3629 1397 3741 1453 sed

2143 1458 2452 1562 perdidisti;
2483 1479 2580 1519 ore
2602 1465 2872 1525 confessio
2898 1470 2961 1526 ﬁt
2983 1472 3051 1528 ad
3076 1475 3302 1534 salutem
3327 1478 3502 1553 (Rom.
3526 1501 3587 1556 x,
3609 1488 3734 1562 10).

2140 1549 2197 1605 Si
2216 1566 2344 1624 ergo
2365 1553 2444 1610 vis
2469 1556 2745 1615 ambulare
2770 1560 2909 1617 viam
2940 1563 3187 1634 Domini,
3222 1549 3384 1629 etiam
3416 1575 3468 1631 in
3507 1549 3734 1653 conspe-

2139 1653 2228 1700 ctu
2255 1645 2533 1704 hominum
2567 1664 2721 1721 spera
2753 1655 2806 1708 in
2834 1655 3023 1726 Deum,
3051 1657 3105 1715 id
3134 1670 3238 1731 est,
3266 1666 3373 1721 noli
3404 1645 3736 1732 erubescere

2138 1738 2206 1795 de
2230 1754 2325 1813 spe
2347 1749 2455 1797 tua.
2478 1743 2760 1811 Quomodo
2782 1749 2910 1806 vivit
2933 1752 2985 1807 in
3009 1754 3175 1812 corde
3202 1766 3312 1827 tuo,
3341 1761 3421 1818 sic
3446 1763 3648 1823 habitet
3671 1768 3735 1826 in

2139 1850 2234 1893 ore
2261 1845 2354 1893 tuo
2383 1856 2395 1892 :
2428 1841 2548 1911 quia
2575 1857 2681 1897 non
2721 1844 2836 1900 sine
2867 1861 3026 1903 causa
3063 1849 3273 1923 signum
3299 1868 3454 1912 suum
3481 1858 3736 1921 Christus

2137 1928 2190 1983 in
2220 1928 2394 2023 fronte
2430 1934 2587 1989 nobis
2612 1934 2704 2004 ﬁgi
2728 1938 2915 2006 voluit,
2951 1949 3201 2012 tanquam
3227 1946 3280 2001 in
3307 1947 3437 2005 sede
3468 1953 3732 2023 pudoris,

2138 2036 2207 2120 ne
2241 2021 2752 2096 Cltristi’opprobria
2783 2030 3108 2091 cbristitmus
3131 2038 3430 2096 erubescat.
3462 2042 3575 2100 Hoc
3596 2021 3738 2120 ergo

2136 2111 2189 2166 in
2219 2125 2511 2185 conspectu
2541 2117 2819 2177 hominum
2850 2124 2894 2178 si
2921 2123 3113 2181 feceris
3133 2169 3147 2193 ,
3180 2130 3225 2184 si
3264 2130 3388 2187 inde
3411 2148 3592 2192 coram
3622 2111 3734 2195 ho-

2137 2206 2368 2263 minibus
2387 2222 2495 2264 non
2515 2211 2816 2281 erubueris,
2842 2216 2886 2270 si
2913 2216 2964 2270 in
2985 2229 3273 2291 conspectu
3297 2222 3524 2281 filiorum
3546 2226 3733 2286 homi-

2138 2314 2265 2354 num
2295 2316 2394 2355 nec
2422 2317 2517 2358 ore
2534 2319 2633 2359 nec
2652 2302 2809 2361 factis
2822 2306 3091 2366 Christum
3119 2316 3428 2384 negaveris;
3453 2332 3608 2390 spera
3630 2322 3736 2379 tibi

2143 2394 2325 2465 perlici
2350 2396 2685 2454 dulcedinem
2717 2400 2829 2457 Dei.

2207 2486 2260 2541 8.
2304 2485 2474 2561 [να-ε.
2523 2489 2662 2564 2L]
2702 2492 2837 2562 Quid
2891 2496 3183 2567 sequitur?
3220 2498 3509 2558 Abseondes
3546 2521 3636 2561 eos
3673 2507 3739 2562 in

2135 2580 2427 2636 abscondito
2457 2582 2621 2639 vultus
2648 2586 2739 2639 tui.
2763 2586 2948 2653 Qualis
2971 2597 3055 2644 est
3079 2588 3229 2647 locus
3254 2590 3396 2649 iste?
3421 2593 3538 2651 Non
3568 2587 3734 2669 dixit,

2135 2674 2449 2732 Abscondes
2491 2692 2586 2733 eos
2633 2679 2687 2734 in
2732 2680 2873 2736 coelo
2915 2690 3059 2740 tuo:
3088 2699 3194 2740 non
3227 2684 3383 2754 dixit,
3415 2688 3737 2749 Abscondes

2136 2781 2231 2822 eos
2271 2768 2323 2823 in
2366 2769 2658 2841 paradiso:
2714 2786 2823 2827 non
2863 2773 3016 2843 dixit,
3043 2776 3358 2836 Abscondes
3388 2795 3483 2836 eos
3522 2783 3579 2837 in
3605 2784 3737 2840 sinu

2136 2858 2385 2915 Abrahae.
2418 2860 2597 2917 Multis
2628 2863 2770 2918 enim
2799 2864 3045 2922 ﬁdelibus
3066 2867 3143 2941 (a)
3172 2867 3286 2925 loca
3318 2869 3490 2927 futura
3514 2886 3737 2930 sancto-

2137 2965 2257 3005 rum
2289 2951 2343 3006 in
2368 2951 2659 3023 Scripturis
2684 2956 2883 3012 sanctis
2920 2958 3093 3029 posita
3122 2969 3263 3017 sunt.
3302 2962 3530 3019 Vilescat
3555 2973 3736 3023 totum

2136 3042 2390 3113 quidquid
2431 3052 2627 3114 praeter
2666 3047 2833 3103 Deum
2873 3056 2975 3105 est.
3017 3049 3131 3119 Qui
3163 3066 3262 3107 nos
3300 3062 3481 3110 tuetur
3507 3055 3559 3111 in
3607 3057 3742 3115 loco

2137 3136 2262 3190 vita:
2294 3135 2470 3206 hujus,
2500 3138 2615 3208 ipse
2646 3147 2766 3210 post
2806 3141 2960 3196 istam
3004 3142 3164 3199 vitam
3207 3145 3278 3199 sit
3320 3145 3468 3203 locus
3511 3157 3736 3206 noster:

2136 3227 2259 3296 quia
2281 3237 2335 3282 et
2364 3230 2463 3284 iste
2490 3229 2729 3299 psalmus
2764 3232 2865 3288 hoc
2893 3234 2944 3289 ei
2988 3234 3063 3289 ait
3101 3239 3346 3307 superius
3380 3257 3396 3295 :
3436 3238 3563 3295 Esto
3607 3242 3741 3298 mild

2136 3318 2195 3373 in
2230 3316 2397 3374 Deum
2438 3330 2787 3391 protectorem;
2817 3334 2865 3379 et
2892 3326 2943 3381 in
2970 3325 3175 3382 deum
3216 3330 3421 3402 mfugii.
3452 3331 3593 3403 Ergo
3620 3335 3741 3390 eri-

2139 3426 2260 3467 mus
2301 3412 2354 3467 in
2380 3414 2527 3477 vultu
2571 3415 2666 3471 Dei
2707 3417 3028 3476 absconditi.
3056 3420 3186 3490 Quis
3231 3424 3379 3480 sinus
3407 3433 3490 3481 est
3517 3427 3571 3481 in
3598 3427 3742 3485 facie

2141 3502 2257 3570 Dei,
2287 3517 2317 3558 a
2359 3519 2448 3559 me
2490 3509 2816 3577 exspectatis
2861 3510 3084 3566 audire?
3127 3513 3354 3585 Purgato
3380 3531 3490 3583 cor,
3524 3525 3583 3573 ut
3617 3519 3742 3589 ipse

2140 3594 2423 3662 illumiuet,
2453 3605 2510 3652 et
2532 3613 2689 3669 quem
2716 3599 2976 3657 invocatis
3002 3601 3183 3658 intret.
3225 3603 3356 3660 Esto
3376 3605 3565 3662 domus
3589 3608 3737 3679 ejus,

2141 3695 2199 3743 et
2223 3688 2325 3743 erit
2368 3688 2560 3745 domus
2602 3697 2729 3745 tua:
2764 3691 2969 3748 habitet
3010 3694 3062 3748 in
3112 3703 3181 3758 te,
3210 3705 3267 3752 et
3305 3706 3359 3752 tu
3389 3697 3649 3755 babitabis
3678 3701 3743 3757 in

2142 3794 2230 3835 eo.
2257 3779 2315 3835 Si
2346 3796 2466 3836 eum
2509 3781 2563 3837 in
2592 3781 2695 3837 hoc
2724 3785 2919 3840 saeclo
2964 3788 3240 3858 exceperis
3281 3790 3443 3847 corde
3484 3803 3595 3857 tuo,
3643 3792 3743 3851 ille

2141 3882 2264 3943 post
2290 3873 2393 3929 hoc
2421 3875 2671 3930 saeculum
2702 3878 2932 3948 excipiet
2969 3886 3025 3934 te
3062 3880 3207 3936 vultu
3254 3897 3371 3939 suo.
3421 3885 3737 3956 Abscondes,

2142 3967 2333 4039 inquit,
2365 3984 2468 4025 eos.
2502 3970 2647 4026 Ubi?
2693 3971 2761 4027 In
2804 3974 3100 4032 abscondito
3128 3979 3296 4034 vultus
3322 3981 3415 4035 tui.
3452 3981 3496 4035 Α
3523 3990 3741 4039 contur-

2144 4059 2343 4116 batione
2384 4063 2694 4118 hominum:
2738 4063 2810 4120 ibi
2843 4067 2989 4122 enim
3034 4083 3139 4124 non
3180 4072 3584 4141 conturbantur,
3610 4090 3746 4133 cum

2144 4152 2579 4222 abscondantur;
2631 4156 2686 4210 in
2713 4155 3031 4215 abscondito
3055 4162 3232 4218 vultus
3280 4163 3355 4218 tui
3383 4178 3490 4221 non
3515 4174 3747 4223 contur-

2146 4246 2359 4302 bantur.
2388 4247 2552 4305 Putas
2581 4259 2663 4305 est
2691 4251 2971 4324 quisquam
3016 4255 3095 4310 ita
3134 4255 3255 4313 felix
3298 4258 3353 4313 in
3385 4258 3485 4315 hoc
3513 4261 3743 4334 mundo,

2148 4345 2207 4393 ut
2227 4352 2349 4393 cum
2381 4341 2810 4411 cmperitaudire
2835 4345 3117 4415 opprobria
3140 4347 3436 4419 hominum,
3454 4362 3747 4423 propterea

2146 4430 2288 4501 quod
2315 4428 2532 4487 Christo
2551 4434 2735 4502 servit,
2764 4433 2931 4507 fugiat
2954 4436 3028 4493 ad
3043 4438 3213 4494 Deum
3234 4441 3415 4507 corde,
3439 4451 3494 4499 et
3522 4444 3750 4515 incipiat

2146 4538 2297 4595 spem
2328 4525 2525 4583 habere
2554 4527 2607 4583 in
2636 4528 2919 4587 dulcedine
2959 4530 3147 4601 ipsius,
3181 4543 3237 4590 et
3267 4546 3296 4589 a
3337 4536 3751 4594 conturbatione

2148 4617 2446 4687 hominum,
2471 4634 2500 4674 a
2535 4621 2726 4691 quibus
2754 4621 2901 4678 audit
2926 4625 3233 4695 opprobria,
3268 4625 3429 4684 intret
3455 4628 3507 4683 in
3535 4629 3753 4687 vultum

2152 4711 2243 4768 Dei
2270 4726 2390 4768 cum
2430 4714 2752 4769 conscientia
2784 4716 2922 4769 sua?
2954 4710 3120 4772 Intrat
3149 4719 3324 4787 plane,
3357 4720 3450 4777 sed
3478 4723 3523 4777 si
3551 4720 3754 4780 habeat

2148 4816 2268 4859 cum
2299 4819 2405 4875 quo
2442 4804 2620 4873 intret,
2661 4805 2715 4860 id
2755 4816 2859 4874 est,
2885 4809 2930 4863 si
2960 4824 3066 4864 non
3111 4811 3181 4866 sit
3218 4827 3441 4869 onerosa
3473 4814 3583 4885 ipsa
3608 4830 3753 4870 con-

2150 4896 2389 4961 scientia,
2422 4897 2466 4952 si
2506 4910 2610 4951 non
2642 4897 2716 4953 illi
2749 4897 2906 4954 faciat
2945 4902 3209 4957 sarcinam
3239 4905 3514 4974 grandem,
3546 4906 3612 4961 ad
3642 4922 3754 4963 an-

2149 4996 2356 5058 gustam
2375 4989 2613 5059 januam.
2635 4990 2922 5046 Abscondes
2942 5007 3071 5064 ergo
3092 5009 3175 5049 eos
3194 4996 3249 5049 in
3268 4998 3562 5052 abscondito
3578 5000 3756 5054 uultus

2151 5080 2242 5144 tui,
2272 5098 2304 5133 o
2336 5079 2720 5135 conturbatione
2740 5084 3021 5139 hominum.
3052 5085 3294 5159 Proteges
3321 5104 3406 5143 eos
3432 5090 3486 5144 in
3508 5091 3756 5145 taberna-

2152 5172 2267 5227 culo
2288 5181 2391 5239 tuo,
2408 5189 2441 5226 a
2461 5174 2855 5230 contradictione
2877 5176 3186 5248 linguarum.
3208 5181 3506 5253 Aliquando
3527 5182 3759 5239 abscon-

2153 5263 2249 5321 des
2275 5280 2369 5321 eos
2400 5265 2450 5319 in
2478 5264 2794 5321 abscondito
2818 5268 2996 5322 vultus
3027 5271 3122 5337 tui,
3152 5286 3181 5325 a
3211 5274 3620 5329 conturbatione
3649 5275 3760 5331 bo-
3856 5290 3868 5296 '

2154 5357 2388 5425 minnm;
2418 5365 2475 5412 ut
2497 5373 2715 5429 prorsus
2737 5359 2788 5413 in
2806 5359 2884 5415 eis
2899 5361 3235 5417 conturbatio
3254 5364 3481 5421 humana
3498 5366 3763 5438 deinceps

2155 5465 2276 5507 esse
2320 5465 2425 5506 non
2473 5451 2687 5521 possit:
2731 5450 2824 5507 sed
2874 5451 3085 5512 interim
3113 5469 3233 5511 cum
3266 5459 3667 5528 peregrinantur
3695 5459 3760 5516 in

2156 5542 2260 5600 hoc
2301 5542 2520 5611 saeculo,
2545 5544 2669 5614 quia
2709 5543 2905 5600 multas
2941 5546 3214 5615 patiuntur
3242 5548 3445 5621 linguas
3486 5551 3766 5608 contradi~

2158 5645 2340 5692 centes
2384 5635 2473 5706 qui
2505 5636 2599 5691 tibi
2628 5636 2894 5704 serviunt,
2931 5639 3059 5708 quid
3098 5641 3175 5696 eis
3201 5640 3368 5698 facis?
3400 5641 3643 5716 Proteges
3671 5662 3767 5703 eos

2157 5728 2212 5783 in
2240 5726 2565 5782 tabernaculo
2594 5734 2701 5781 tuo.
2732 5727 2883 5795 Quod
2915 5740 2997 5785 est
3026 5732 3467 5791 tabernaculum?
3509 5735 3764 5796 Ecclesia

2160 5822 2318 5893 hujus
2367 5820 2665 5891 temporis;
2732 5822 3132 5884 tabernaculum
3187 5827 3307 5885 ideo
3366 5829 3583 5899 dicitur,
3633 5832 3766 5902 quin

2231 5936 2305 6002 (a)
2327 5940 2486 5999 Forte,
