4032 6480
224 493 337 559 9.53

240 616 405 677 adhuc
436 614 497 671 in
520 612 631 671 hac
657 606 1214 685 terraperegrinamr.
1245 603 1672 664 Tabernacnlum
1694 600 1838 657 enim

244 709 605 768 habitaculum
653 717 739 765 est
784 705 1010 764 militum
1040 703 1091 759 in
1137 700 1476 774 expeditione
1521 696 1837 770 positorum.

244 805 354 876 Ipsa
379 802 647 859 dicuntur
670 800 1031 856 tabernacula.
1058 796 1256 853 Domus
1282 808 1388 849 non
1413 801 1497 849 est
1527 792 1841 849 tabernacu-

244 896 373 953 lum.
434 879 624 965 Pugna
671 892 741 947 in:
771 889 1121 961 attulimus.
1155 886 1503 958 peregrinus;
1554 892 1614 938 ut
1662 881 1840 937 salvus

243 985 411 1042 tactus
437 984 492 1039 in
526 978 1195 1051 tabernaculo,.gloriosus
1220 976 1496 1053 recipiaris
1524 975 1576 1029 in
1597 972 1835 1030 domum.

242 1078 356 1134 Erit
383 1077 532 1132 enim
563 1076 617 1131 in
643 1074 785 1131 coelo
813 1073 1004 1129 domus
1034 1082 1122 1127 tua
1160 1078 1378 1135 aeterna,
1408 1069 1455 1124 si
1501 1066 1663 1123 modo
1700 1066 1840 1122 bene

243 1168 297 1225 in
331 1168 441 1225 hoc
469 1167 820 1223 tabernaculo
847 1164 1066 1221 vixeris.
1098 1152 1243 1234 Ergo
1282 1162 1335 1216 in
1367 1158 1468 1216 hoc
1496 1158 1839 1217 tabernaculo

244 1252 498 1333 protegas
536 1267 634 1316 eos
671 1274 701 1314 a
746 1256 1169 1315 contradictione
1194 1255 1515 1327 linguarum.
1555 1250 1834 1307 Contradi-

243 1362 369 1409 cunt
409 1353 615 1423 lingua:
637 1351 856 1418 multae;
900 1349 1129 1406 diversa:
1173 1347 1427 1414 hzereses,
1457 1344 1668 1401 diversa
1698 1342 1842 1399 schi-

242 1453 410 1501 smata
459 1452 788 1516 personant;
842 1443 1032 1514 linguae
1057 1439 1237 1497 multa:
1264 1436 1634 1494 contradicunt
1662 1435 1839 1491 veraci

240 1536 548 1593 doctrinae:
584 1546 639 1592 tu
664 1550 829 1592 curre
859 1534 927 1591 ad
955 1534 1351 1591 tabernaculum
1398 1532 1513 1600 Dei,
1545 1530 1838 1587 Ecclesiam

239 1630 567 1687 catholicam
587 1637 732 1695 tene,
773 1645 805 1685 a
830 1628 1014 1702 regula
1040 1628 1281 1685 veritatis
1316 1628 1423 1683 noli
1455 1625 1754 1694 discedere,
1784 1633 1843 1681 et

244 1722 546 1793 protegeris
597 1723 651 1777 in
697 1719 1037 1776 tabernaculo
1088 1733 1116 1773 a
1176 1717 1599 1775 contradictione
1637 1717 1843 1788 lingua-

241 1827 376 1868 rum.

305 1906 361 1963 9.
395 1905 552 1980 [πη.
576 1903 704 1979 22.]-
717 1903 1021 1961 mm.
1046 1903 1312 1968 Dominus,
1342 1903 1580 1974 quoniam
1599 1901 1843 1971 miri/ica-

240 2002 305 2054 vit
331 2000 737 2055 misericordiam
776 2015 922 2053 suam
959 1999 1014 2052 in
1038 1998 1238 2052 civitate
1276 1995 1683 2050 circumstantiae.
1711 1994 1845 2063 Qute

238 2100 324 2148 est
347 2092 547 2147 civitas
565 2088 1025 2146 circumstantiae?
1052 2087 1109 2144 lu
1149 2102 1251 2143 una
1281 2086 1464 2144 Judtea
1489 2085 1718 2158 populus
1745 2082 1840 2140 Dei

241 2195 356 2241 erat
377 2186 610 2256 positus,
631 2182 790 2256 quasi
827 2183 881 2237 in
911 2182 1091 2238 medio
1143 2181 1365 2249 mundo,
1401 2179 1490 2236 ubi
1530 2178 1844 2235 dicebantur

238 2278 424 2335 laudes
450 2279 585 2344 Deo,
616 2278 774 2349 eique
798 2275 1058 2333 sacriﬁcia
1081 2274 1468 2342 oﬂerebantnr,
1496 2272 1585 2329 ubi
1609 2271 1842 2343 prophe-

237 2373 309 2427 tia
329 2387 440 2426 non
470 2369 724 2427 cessabat
744 2368 989 2424 canendo
1032 2367 1230 2432 futura,
1258 2381 1378 2437 quae
1408 2364 1570 2421 modo
1594 2362 1841 2419 videmus

239 2463 448 2535 impleri
477 2481 491 2517 :
524 2463 629 2518 iste
654 2461 885 2532 populus
928 2460 1083 2531 quasi
1133 2460 1185 2514 in
1214 2456 1399 2514 medio
1421 2455 1659 2527 gentium
1698 2463 1836 2509 erat.

237 2554 478 2610 Attendit
515 2551 777 2625 propheta
822 2552 944 2619 iste,
995 2560 1050 2608 et
1094 2550 1225 2606 vidit
1274 2548 1504 2605 futuram
1544 2545 1838 2603 Ecclesiam

241 2648 333 2703 Dei
359 2646 691 2703 homines
713 2644 960 2717 gentibus
990 2662 1004 2700 :
1036 2652 1092 2702 et
1115 2643 1237 2715 quia
1290 2656 1481 2698 omnes
1519 2647 1709 2713 gentes
1726 2638 1838 2695 cire-

238 2752 355 2794 cum
393 2730 639 2810 undique
682 2745 855 2817 erant,
898 2751 1021 2808 qua!
1062 2737 1115 2791 in
1160 2732 1341 2790 medio
1379 2732 1651 2805 ponebant
1676 2745 1838 2787 unum

236 2841 445 2902 gentem
473 2829 815 2895 Judteorum;
842 2829 1195 2901 lmsuudiqun
1218 2828 1629 2885 circumstantes
1647 2834 1838 2897 gentes

238 2924 525 2996 appellavit
544 2924 815 2980 civitatem
834 2922 1267 2980 circumstantiae.
1290 2920 1577 2976 Mirificasti
1590 2918 1834 2990 quidem,

239 3015 480 3082 Domine,
515 3016 945 3072 miseric0rdiam
989 3025 1131 3071 tuam
1166 3015 1219 3070 in
1248 3015 1464 3071 civitate
1500 3012 1834 3078 Jerusalem;

240 3110 309 3167 ibi
338 3121 530 3181 passus
560 3119 644 3166 est
687 3109 952 3176 Christus,
995 3109 1071 3164 ibi
1114 3108 1431 3174 resurrexit,
1479 3106 1551 3161 ibi
1597 3104 1840 3161 ascendit

240 3203 292 3259 in
318 3203 540 3268 enim,
592 3203 667 3259 ibi
706 3204 875 3257 multa
898 3200 1163 3257 mirabilia
1190 3200 1314 3256 fecit
1344 3217 1358 3255 :
1386 3198 1481 3255 sed
1524 3197 1696 3270 major
1720 3198 1841 3253 laus

240 3304 330 3351 tua
353 3303 458 3363 est,
482 3295 609 3367 quia
632 3294 933 3349 miri-beasti
966 3290 1389 3349 misericordiam
1419 3300 1567 3346 tuam
1613 3291 1666 3345 in
1704 3288 1839 3344 civi-

240 3387 807 3452 tabcit'ctmstantim,
840 3384 890 3440 id
920 3393 1025 3451 est,
1059 3384 1112 3438 in
1156 3382 1407 3438 omnibus
1437 3381 1686 3453 gentibus
1728 3379 1838 3435 dif-

238 3475 414 3535 indicti
442 3477 867 3534 misericordiam
891 3486 1056 3531 tuam.
1088 3474 1198 3531 Nec
1222 3483 1561 3546 unguentum
1601 3482 1749 3528 tuum
1780 3473 1838 3528 in

241 3571 325 3628 illa
350 3571 675 3640 Jerusalem,
706 3572 856 3642 quasi
883 3570 1099 3625 intvase
1136 3568 1388 3634 tenuisti;
1446 3566 1542 3622 sed
1586 3575 1837 3637 tanquam

240 3664 682 3728 contractam,
709 3671 1037 3734 ungtrenwm
1064 3676 1159 3733 per
1174 3660 1431 3717 mundum
1451 3657 1707 3713 diti‘usum
1729 3664 1835 3727 est,

241 3767 298 3823 ut
350 3756 676 3827 impleretur
728 3755 869 3827 quod
916 3754 1110 3811 dicitur
1156 3754 1210 3809 in
1262 3751 1550 3823 Scripturis
1595 3750 1835 3808 sanctis:

245 3846 577 3921 Unguem»
589 3842 809 3914 refusum
832 3856 907 3903 est
927 3862 1109 3902 notus»
1130 3855 1273 3900 tuum
1302 3843 1473 3917 (Cant.
1496 3860 1542 3911 ι,
1560 3842 1644 3917 2).
1670 3845 1736 3900 Et
1762 3844 1838 3899 ita

242 3940 535 3996 mirillcasti
552 3938 978 3996 misericordiam
1000 3947 1141 3994 tuam
1166 3939 1221 3994 in
1241 3937 1455 3993 civitate
1481 3937 1839 3992 circumstat»

242 4031 345 4085 tim.
399 4030 661 4087 Ascendit
711 4031 854 4086 enim
901 4032 953 4085 in
1003 4030 1218 4096 emtum,
1269 4028 1425 4085 sedet
1461 4027 1533 4083 ad
1555 4028 1839 4083 dexteram

242 4123 431 4192 Paris,
452 4133 575 4194 post
585 4123 781 4180 decem
795 4123 911 4179 dies
923 4124 1070 4180 misit
1085 4122 1341 4193 Spiritum
1353 4131 1601 4181 sanctum.
1614 4120 1754 4192 (Act.
1771 4118 1835 4193 1):

241 4215 597 4286 ὶωῃιθιίιειιιι·
617 4215 827 4286 Spiritu
844 4224 1035 4273 sancto
1056 4212 1326 4285 discipuli,
1347 4222 1627 4286 crepet-unt
1642 4211 1839 4283 praedi.

242 4321 365 4363 care
393 4308 656 4380 magnth
689 4307 923 4373 Christi;
973 4305 1216 4377 lapidati,
1262 4305 1450 4370 occisi,
1499 4304 1669 4374 rigati
1711 4311 1838 4359 sunt

241 4399 353 4471 (Μ.
381 4398 521 4475 VIII)‘
552 4401 621 4456 Et
645 4416 765 4457 cum
795 4400 922 4456 inde
941 4408 1195 4470 tanquam
1218 4414 1286 4455 ex
1308 4397 1561 4454 uno-loco
1581 4396 1834 4467 fugaran-

242 4501 344 4561 tur,
373 4490 535 4565 quasi
554 4493 696 4564 ligna
735 4492 974 4549 ardentia
1016 4493 1141 4563 igne
1171 4490 1377 4557 divino,
1422 4496 1588 4545 totam
1645 4488 1849 4545 silum;

240 4586 424 4642 mundi
452 4601 741 4643 accensam
769 4586 980 4642 fervore
1004 4585 1243 4658 Spiritus
1265 4592 1321 4640 et
1354 4583 1557 4645 lumine
1593 4582 1845 4639 veritatis.

239 4680 641 4753 inpleverant:
675 4691 731 4736 et
769 4679 1074 4737 miriﬁcavit
1120 4677 1376 4733 Dominus
1413 4674 1837 4735 misericordiam

238 4786 390 4828 suam
415 4772 475 4829 in
504 4772 723 4828 civitate
748 4770 1185 4827 circumstantia.

310 4865 399 4921 tot
424 4861 582 4939 (om.
610 4861 734 4938 ﬁ}
776 4863 890 4936 Ego
936 4865 1046 4918 dixi
1094 4864 1147 4916 in
1185 4862 1367 4917 ecstai
1404 4875 1558 4915 mea:
1585 4859 1834 4917 recorda—

238 4957 609 5015 minitituium
645 4956 863 5022 Psalmi,
921 4970 1050 5011 ecce
1095 4961 1183 5009 est
1220 4953 1310 5009 illa
1351 4954 1589 5009 ecstasis.
1647 4951 1837 5007 Videte

238 5051 367 5120 quid
406 5051 557 5111 dicat
574 5067 597 5104 :
639 5050 923 5125 Ego'diai,
948 5048 1138 5119 intptit,
1174 5048 1232 5102 in
1264 5046 1444 5102 ecstasi
1484 5061 1629 5100 nica:
1652 5043 1836 5116 Proje-

238 5152 351 5197 ctus
377 5160 493 5199 sum
510 5160 543 5197 α
559 5144 691 5216 facie
715 5142 978 5197 oculorum
1000 5150 1221 5194 tuorum.
1255 5138 1312 5192 In
1340 5152 1535 5209 pavore
1556 5152 1678 5193 meo
1699 5135 1830 5201 dixi,

190 5295 199 5301 η
238 5233 343 5290 hoc
358 5243 463 5303 est,
493 5234 604 5290 dici
636 5234 690 5290 in
730 5233 911 5290 ecstasi
937 5248 1067 5287 mea.
1094 5230 1235 5287 Vidit
1276 5245 1335 5285 se
1362 5238 1645 5300 paventem
1690 5229 1834 5284 intus

240 5331 429 5386 nescio
478 5342 585 5400 qua
640 5326 982 5384 tribulatione
1006 5340 1218 5396 magna,
1269 5324 1409 5380 sicut
1446 5339 1553 5378 non
1599 5322 1828 5378 desunt:

233 5421 466 5477 attendit
492 5435 589 5476 eor
606 5434 765 5475 suum
788 5417 1039 5490 pavidum
1068 5428 1123 5473 et
1149 5415 1433 5487 trepidum,
1465 5423 1522 5470 et
1549 5414 1623 5469 ait
1653 5428 1668 5468 :
1698 5412 1835 5469 Pro-

224 5517 397 5589 jecm
421 5530 537 5570 sint:
561 5529 592 5567 a
613 5514 743 5585 facie
763 5513 1028 5567 astiterunt
1053 5519 1273 5565 tuorum.
1302 5507 1359 5566 Si
1388 5509 1440 5565 in
1467 5508 1602 5565 facie
1631 5516 1719 5562 tua
1738 5522 1831 5564 es-

234 5622 375 5675 sem,
406 5622 516 5663 non
532 5608 612 5664 sic
641 5607 922 5672 timerem;
956 5604 999 5661 si
1025 5620 1113 5660 me
1134 5603 1463 5669 attenderes,
1492 5617 1601 5657 non
1627 5602 1706 5658 sic
1731 5609 1831 5657 tre-

236 5697 505 5771 pidatum.
530 5697 635 5755 Sed
661 5695 1067 5769 quoniamdicit
1089 5696 1143 5751 in
1166 5695 1274 5751 alio
1312 5707 1536 5766 psalmo,
1589 5692 1651 5750 Si
1695 5693 1831 5748 dice-

234 5789 372 5856 bam,
418 5801 588 5845 metu:
636 5801 713 5845 est
758 5806 845 5861 pes
872 5806 1032 5857 meus,
1090 5788 1431 5845 misericordia
1459 5798 1568 5857 tua,
1590 5784 1828 5855 Domine,

233 5883 515 5954 adjmbat
551 5899 628 5938 me
671 5881 845 5954 (Psal.
872 5898 1019 5949 xcut,
1044 5882 1156 5954 18);
1202 5882 1456 5938 continuo
1493 5891 1551 5938 et
1591 5880 1681 5938 hic
1716 5881 1826 5936 ait:

236 5974 371 6035 Ideo
393 5977 648 6034 exaudisti
690 5992 861 6034 vocem
901 5977 1144 6035 orationis
1196 5991 1340 6033 mea.
1370 5975 1504 6045 Quia
1547 5973 1826 6034 confessos

1349 482 1746 548 ENARRA’PIO
1782 479 1847 537 ΙΝ
1885 477 2203 542 PS’ALMUM
2235 482 2401 543 XXX.

3422 492 3545 556 235

1952 613 2092 667 sum,
2116 602 2236 671 quia
2250 602 2380 672 dixi,
2410 602 2803 678 Projectussum
2820 609 3005 681 a'facie
3017 610 3280 669 acutorum
3305 604 3531 682 tuorum;

1949 695 2068 763 quia
2094 711 2200 751 non
2232 698 2494 771 superbus
2522 700 2721 769 exstiti,
2769 702 2862 758 sed
2907 717 3001 759 cor
3030 720 3206 760 meum
3261 708 3525 775 accusavi,

1946 795 2001 841 et
2048 787 2100 843 in
2142 789 2484 849 tribulatione
2529 809 2643 849 mea
2696 794 2931 852 titubans
2970 796 3036 852 ad
3086 807 3138 853 te
3190 800 3527 854 exclamavi:

1945 879 2206 935 exaudisti
2237 885 2533 940 orationem
2557 902 2751 943 meam.
2788 888 3066 959 lmpletum
3105 899 3188 947 est
3216 905 3343 963 ergo
3384 890 3524 963 quod

1944 975 2309 1030 commendavi
2354 977 2422 1033 de
2468 978 2559 1035 illo
2608 982 2831 1052 psalmo.
2882 981 3034 1050 Quod
3081 986 3223 1041 enim
3262 995 3365 1053 est,
3419 985 3533 1058 Ego

1944 1064 2052 1120 dixi
2092 1067 2145 1121 in
2178 1071 2355 1124 θεειαεί
2394 1087 2503 1125 mea
2530 1070 2836 1146 :Projectus
2883 1092 2996 1132 sum
3029 1093 3061 1130 a
3097 1077 3229 1147 facie
3272 1079 3532 1134 oculorum

1944 1167 2180 1225 tuorum;
2222 1164 2322 1218 hoc
2350 1164 2509 1219 estin
2538 1164 2628 1220 illo
2656 1167 2877 1236 psalmo,
2908 1167 2970 1224 Si
2991 1170 3235 1239 dicebam,
3265 1169 3437 1226 Motus
3463 1182 3533 1227 est

1944 1268 2032 1323 pes
2058 1270 2213 1311 meus.
2245 1255 2311 1311 Et
2336 1257 2481 1327 quod
2530 1267 2615 1314 est
2644 1260 2696 1314 in
2728 1260 2838 1329 illo,
2875 1261 3227 1318 Misericordia
3270 1275 3373 1329 tua,
3421 1265 3532 1321 Do-

1943 1346 2093 1411 mine,
2114 1347 2384 1414 adjuvabat
2406 1366 2519 1417 me;
2542 1350 2645 1406 hoc
2666 1361 2746 1408 cst
2767 1352 2819 1408 in
2836 1352 2964 1423 isto,
2986 1354 3112 1411 Ideo
3128 1356 3399 1426 erandisti,
3421 1357 3532 1412 Do-

1944 1436 2094 1504 mine,
2123 1454 2291 1493 vocem
2320 1436 2560 1497 orationis
2595 1460 2735 1499 mrw.
2769 1446 2999 1502 Attende
3044 1447 3174 1502 illud
3224 1448 3278 1503 in
3322 1449 3482 1505 Petro
3518 1469 3532 1505 :

1946 1530 2090 1587 videt
2119 1534 2395 1588 Dominum
2424 1536 2782 1593 ambulantem
2811 1538 2864 1593 in
2914 1540 3086 1611 aquis,
3129 1552 3276 1611 putat
3299 1542 3527 1613 phanta-

1945 1640 2080 1681 sma.
2114 1626 2390 1683 Exclamat
2416 1630 2683 1697 Dominus,
2711 1631 2826 1704 Ego
2846 1647 2988 1700 sum,
3018 1634 3124 1690 noli
3152 1636 3359 1693 timere.
3384 1637 3531 1693 Con-

1946 1717 2061 1774 ﬁdit
2088 1718 2298 1786 Petrus,
2338 1732 2393 1777 et
2430 1721 2576 1791 dicit,
2607 1723 2661 1779 Si
2691 1733 2744 1779 tu
2774 1739 2853 1791 es,
2895 1726 3020 1797 jube
3045 1742 3133 1783 me
3172 1730 3357 1784 venire
3383 1731 3449 1785 ad
3482 1738 3535 1786 te

1947 1826 2108 1881 super
2134 1826 2298 1881 aquas
2329 1830 2343 1867 :
2378 1813 2503 1870 hinc
2532 1816 2699 1887 probo
2720 1818 2763 1874 si
2789 1826 2843 1874 tu
2870 1834 2949 1883 es,
2972 1820 3018 1876 si
3044 1821 3096 1876 in
3125 1822 3289 1878 verbo
3316 1832 3407 1878 tuo
3436 1837 3531 1895 po.

1947 1911 2102 1959 tucro
2128 1904 2269 1974 quod
2299 1913 2350 1961 tu
2374 1916 2546 1978 potes.
2601 1911 2688 1965 Ait
2718 1910 2828 1980 ille,
2860 1909 3014 1968 Veni.
3047 1913 3114 1969 Et
3136 1915 3153 1946 ¹
3198 1914 3417 1971 verbum
3452 1915 3530 1987 iu-

1947 1994 2122 2052 bentis
2148 1995 2286 2053 facta
2331 2007 2413 2054 est
2453 2010 2688 2071 potestas
2723 2003 3007 2061 audientis.
3041 2004 3197 2075 Veni,
3244 2007 3435 2078 inquit.
3466 2007 3536 2066 Et

1947 2085 2261 2144 descendit:
2294 2091 2457 2162 cccpit
2499 2093 2598 2160 ire,
2653 2091 2766 2150 ibat
2820 2095 3148 2169 intrepidus,
3201 2107 3450 2171 tanquam
3479 2102 3533 2157 in

1948 2179 2041 2234 illo
2062 2194 2283 2250 sperans
2314 2201 2326 2237 :
2360 2183 2544 2239 videns
2571 2194 2747 2241 autem
2775 2196 2991 2241 ventum
3031 2187 3287 2258 validum,
3337 2191 3531 2249 timuit.

1947 2270 2061 2344 Ego
2088 2272 2196 2329 dixi
2230 2275 2282 2328 in
2325 2277 2504 2331 ecstasi
2546 2294 2657 2332 mea
2681 2293 2699 2332 :
2720 2276 2985 2350 Projectus
3010 2296 3123 2336 sum
3144 2298 3175 2336 a
3213 2282 3342 2351 facie
3362 2286 3537 2338 oculo-

1946 2383 2059 2420 rum
2089 2374 2307 2424 tuorum.
2367 2368 2434 2425 Et
2475 2385 2595 2426 cum
2624 2371 2876 2443 coepisset
2903 2374 3092 2447 mergi,
3120 2375 3389 2444 clamavit,
3426 2376 3535 2432 Do-

1948 2458 2113 2526 mine,
2144 2474 2328 2530 pereo.
2361 2461 2427 2517 Et
2450 2461 2605 2520 Jesus
2632 2466 2911 2539 porrigens
2955 2467 3004 2523 ei
3052 2483 3289 2538 manum,
3343 2469 3537 2525 levavit

1946 2566 2069 2606 eum
2097 2553 2302 2623 dicens,
2353 2554 2573 2613 Modica:
2620 2557 2765 2628 ﬁdei,
2811 2575 2976 2632 quare
3016 2559 3266 2618 dubitasti
3322 2562 3534 2634 (Matth.

1946 2659 2057 2710 xiv,
2086 2644 2303 2718 26-52)?
2327 2646 2442 2702 Dixi
2465 2663 2593 2720 ergo
2622 2650 2674 2705 iu
2702 2665 2903 2721 pavore
2942 2667 3085 2719 meo,
3115 2651 3381 2726 Projectus
3420 2672 3533 2709 sunt

1944 2749 1979 2786 a
2008 2734 2138 2806 [acie
2161 2737 2422 2791 oculorum
2452 2747 2652 2793 tuorum
2679 2755 2699 2794 :
2719 2749 2773 2796 et
2794 2749 3041 2813 tanquam
3061 2744 3170 2814 jam
3201 2746 3373 2814 perire
3401 2747 3534 2801 inci-

1946 2826 2141 2896 pientis
2186 2828 2236 2882 in
2268 2829 2424 2894 mari,
2467 2832 2735 2899 exaudisti,
2787 2832 3023 2902 Domine,
3077 2850 3243 2891 vocem
3294 2837 3536 2893 orationis

1946 2934 2088 2973 mete.
2119 2918 2390 2975 Exaudiin
2416 2931 2616 2989 autem,
2658 2940 2773 2977 cum
2799 2925 3075 2980 clamarem
3116 2928 3187 2981 ad
3226 2937 3291 2983 te.
3323 2928 3537 2984 Clamor

1944 3011 2013 3066 ad
2048 3011 2211 3067 Deum
2244 3027 2351 3068 non
2377 3024 2458 3069 est
2477 3030 2627 3081 voce,
2661 3016 2754 3071 sed
2798 3017 2984 3075 corde.
3010 3019 3159 3074 Multi
3205 3020 3425 3077 silentes
3454 3020 3536 3077 la-

1945 3104 2072 3175 hiis,
2093 3105 2255 3162 corde
2280 3108 2644 3165 clamaverunt
2667 3127 2682 3164 :
2706 3109 2862 3166 multi
2902 3126 2996 3167 ore
3017 3119 3334 3185 strepentes,
3373 3114 3536 3171 corde

1945 3213 2138 3255 averso
2171 3200 2303 3254 nihil
2343 3200 2629 3270 impetrare
2677 3212 2979 3272 potuerunt.
3034 3204 3090 3260 Si
3134 3221 3262 3279 ergo
3310 3206 3534 3277 clamas,

1945 3283 2117 3338 clama
2144 3284 2306 3352 intus,
2337 3285 2425 3341 ubi
2454 3286 2597 3341 audit
2642 3287 2799 3343 Deus.
2830 3286 2961 3343 Cum
3007 3289 3313 3358 clamarem,
3344 3292 3535 3365 inquit,

1945 3377 2013 3431 ad
2042 3385 2114 3443 te,
2145 3378 2407 3434 exaudisti
2436 3394 2619 3434 vocem
2649 3383 2903 3443 orationis
2933 3397 3088 3439 meae.

2021 3470 2106 3524 ll.
2133 3466 2283 3542 [vers.
2311 3468 2427 3543 24.]
2471 3470 2587 3527 Jam
2618 3487 2746 3542 ergo
2784 3483 3041 3543 expertus
3067 3477 3191 3548 quid
3222 3492 3321 3534 nos
3355 3478 3537 3536 horta-

1946 3562 2074 3617 tur?
2100 3561 2307 3634 Diligite
2338 3562 2629 3631 Dominum,
2680 3581 2852 3622 omnes
2901 3569 3062 3622 sancti
3086 3570 3217 3641 ejus.
3263 3570 3536 3644 Tanquam

1944 3654 2171 3721 diceret,
2193 3653 2409 3711 Credite
2451 3656 2601 3725 mihi,
2648 3672 2748 3730 ego
2791 3674 2908 3714 sum
2935 3671 3217 3731 expertus;
3250 3662 3409 3719 habui
3438 3666 3537 3720 tri-

1944 3743 2284 3813 bulationes;
2314 3747 2573 3813 invocavi,
2601 3758 2653 3803 et
2681 3764 2787 3804 non
2812 3765 2928 3805 sum
2980 3749 3265 3822 deceptus;
3317 3755 3537 3825 speravi

1946 3837 2001 3894 in
2032 3838 2223 3908 Deum,
2271 3849 2456 3898 etnon
2506 3858 2623 3898 sum
2669 3840 2922 3899 confusus
2955 3862 2967 3899 :
2998 3845 3347 3919 cogitationes
3388 3861 3538 3904 meas

1945 3932 2284 4002 illuminavit,
2340 3935 2750 4006 trepidationem
2806 3951 2979 3993 meam
3031 3932 3279 3994 ﬁrmavit.
3330 3937 3540 4012 Diligite

1945 4022 2245 4094 Dominum,
2277 4043 2449 4083 omnes
2471 4028 2633 4082 sancti
2658 4030 2768 4100 ejus
2796 4045 2815 4084 :
2838 4028 2889 4085 id
2917 4037 3019 4096 est,
3042 4044 3137 4086 vos
3157 4032 3179 4063 '
3203 4030 3404 4106 diligite
3428 4033 3537 4088 Do—

1945 4118 2173 4185 minum,
2218 4120 2307 4189 qui
2346 4134 2452 4174 non
2496 4119 2711 4191 diligitis
2762 4122 3038 4188 mundum,
3087 4122 3191 4179 hoc
3236 4132 3337 4191 est,
3365 4140 3539 4181 omnes

1944 4208 2108 4264 sancti
2146 4214 2275 4280 ejus.
2326 4208 2459 4266 Nam
2485 4212 2571 4266 cui
2598 4212 2720 4268 dico
2768 4221 2825 4268 ut
2863 4212 3046 4286 diligat
3088 4214 3393 4284 Dominum,
3446 4217 3538 4289 qui
3592 4224 3597 4229 '

1944 4301 2121 4356 adhuc
2144 4303 2315 4374 diligit
2354 4303 2844 4374 amphitheatrum?
2871 4302 2963 4359 Cui
2986 4305 3107 4360 dico
3136 4315 3195 4361 ut
3222 4306 3405 4378 diligat
3428 4308 3536 4364 Do-

1945 4397 2171 4458 minum,
2202 4397 2289 4467 qui
2320 4394 2494 4450 adhuc
2526 4396 2698 4467 diligit
2730 4395 2973 4463 mimum,
3016 4398 3106 4470 qui
3144 4399 3317 4455 adhuc
3366 4400 3547 4475 diligit

1945 4487 2333 4559 pantomimum
2362 4487 2461 4559 (a),
2490 4488 2578 4558 qui
2607 4486 2783 4543 adhuc
2827 4487 2998 4560 diligit
3036 4489 3399 4559 vinolentiam,
3443 4491 3536 4562 qui

1941 4582 2117 4638 adhuc
2146 4581 2319 4652 diligit
2341 4595 2565 4652 pompas
2604 4582 2807 4647 seculi,
2841 4591 2895 4638 et
2919 4583 3182 4639 vanitates
3220 4597 3428 4651 omnes,
3479 4592 3535 4639 et

1942 4675 2178 4732 insanias
2205 4673 2526 4731 mendaces?
2555 4676 2648 4732 Cui
2675 4674 2797 4732 dico
2826 4693 2839 4731 :
2871 4674 3024 4734 Disce
3064 4690 3171 4733 non
3208 4676 3446 4748 diligere,
3476 4689 3537 4736 ut

1943 4766 2118 4822 discas
2138 4766 2395 4839 diligere;
2428 4776 2693 4839 avertere,
2741 4776 2798 4821 ut
2844 4767 3204 4834 convertaris;
3260 4767 3442 4839 funde,
3476 4781 3535 4827 ut

1944 4862 2237 4935 implcaris.
2270 4863 2483 4937 Diligite
2505 4865 2802 4929 Dominum,
2826 4882 2997 4921 omnes
3020 4869 3184 4921 sancti
3199 4868 3328 4940 ejus.

2018 4958 2103 5014 12.
2136 4960 2387 5027 Quoniam
2434 4963 2686 5014 veritatem
2753 4959 2969 5027 requiret
3029 4960 3299 5017 Dominus.
3354 4962 3533 5021 Nostis

1941 5053 2063 5123 quia
2087 5053 2245 5108 modo
2272 5052 2423 5108 multi
2449 5050 2672 5107 maleﬁci
2690 5050 2711 5082 ³
2739 5049 3013 5119 videntur;
3038 5054 3207 5109 nostis
3227 5054 3348 5126 quia
3370 5056 3532 5111 modo

1942 5146 1995 5201 in
2026 5147 2137 5202 suis
2180 5144 2498 5202 vanitatibus
2555 5145 2889 5201 extolluntur
2920 5161 2935 5201 :
2963 5147 3242 5203 veritatem
3290 5151 3534 5220 requiret

1942 5237 2216 5293 Dominus.
2249 5236 2319 5292 Et
2338 5235 2573 5291 retribuet
2596 5236 2674 5291 his
2705 5238 2791 5309 qui
2815 5239 3129 5295 abundanter
3152 5241 3346 5313 faciunt
3364 5258 3534 5314 super-

1941 5331 2098 5387 biam.
2128 5329 2288 5388 Ferte
2316 5330 2488 5386 donec
2514 5329 2770 5398 eﬂ'eratis,
2792 5332 3012 5389 tolerate
3053 5333 3227 5390 donec
3255 5335 3480 5390 caveatis
3515 5352 3528 5390 :

1940 5438 2163 5480 necesse
2206 5431 2287 5478 est
2335 5422 2476 5479 enim
2521 5431 2581 5479 ut
2632 5423 2890 5481 Dominus
2925 5424 3203 5481 veritatem
3230 5425 3528 5495 requirens,

2005 5607 2023 5639 ί
2048 5612 2181 5668 Lov.,
2221 5612 2273 5655 Et
2311 5606 2376 5655 ad
2414 5604 2627 5655 verbum.
2654 5610 2709 5653 At
2730 5610 2805 5653 Er.
2842 5607 2897 5653 et
2932 5608 3039 5652 Mss.
3073 5607 3241 5653 arent
3278 5602 3529 5668 particula,

1936 5668 2815 5802 αάξδιεεηίςζμειςι,ἱιιὶλςιὶιίειὶιςῖ.εεισετΔ

2002 5798 2023 5830 ³
2045 5785 2264 5846 Nonnulli
2298 5785 2360 5845 ei
2387 5785 2737 5858 antiquioribus
2781 5798 2907 5850 Mss,
2930 5786 3071 5839 inulti
3108 5785 3343 5853 ntatiﬁces
3366 5788 3531 5841 viden-

1935 5863 2076 5985 Μὶἷι)
2104 5919 2437 5988 memerat:
2454 5917 2672 5988 εξιέδιρζι
2701 5919 2790 5988 3υὲ
2815 5913 3533 5988 φουψξυιξιξψιψψξωτολ

1938 5976 2087 6051 gestit
2111 5976 2435 6048 exprmebatl
2457 5976 2676 6033 videlib’.
2699 5976 2742 6033 ἱ
2751 5980 2819 6033 de
2836 5979 3057 6032 Doctn‘na
3076 5976 3272 6041 dmin,
3290 5976 3337 6031 ἁ.
3536 5984 3545 5992 “
