4032 6480
422 569 684 630 retribuat
710 567 795 625 his
820 566 909 640 qui
939 564 1272 625 abundanter
1298 561 1498 622 faciunt
1520 562 1844 636 superbiam.
1891 560 2010 618 1am

424 662 665 717 dicturus
684 675 743 716 es
773 677 787 714 :
815 657 1038 728 Quando
1089 655 1642 726 retribuetiQnando
1692 654 1827 709 vult.
1878 651 2014 723 Quia

421 755 684 812 retribuet
706 763 884 809 certus
903 753 1010 819 sis;
1040 751 1109 808 de
1144 751 1494 808 retributione
1544 766 1649 804 non
1685 749 1919 814 dubites,
1945 747 2015 803 de

424 857 663 917 tempore
695 861 799 900 non
827 843 1023 901 audeas
1050 844 1160 900 Deo
1186 842 1314 899 dare
1337 841 1639 899 consilium.
1668 841 1896 899 Prorsus
1922 853 2015 893 ve-

422 940 633 995 ritatem
671 938 925 1009 requiret,
957 945 1012 993 et
1038 936 1298 993 retribuet
1338 935 1422 992 his
1447 935 1537 1006 qui
1567 933 1903 990 abundanter
1930 931 2012 986 fa-

423 1030 571 1085 ciunt
595 1030 917 1097 superbiam.
963 1029 1243 1100 Aliquibus
1271 1036 1325 1084 et
1352 1027 1439 1083 hic
1462 1025 1744 1092 retribuet,
1781 1033 1837 1081 et
1872 1022 2012 1080 vidi-

426 1137 547 1178 mus
598 1132 651 1175 et
695 1121 979 1177 didicimus
1033 1123 1153 1194 quia
1203 1119 1469 1177 retribuit.
1516 1119 1727 1176 Etenim
1797 1116 2010 1188 quando

421 1215 767 1271 humiliantur
786 1216 875 1287 qui
902 1216 1066 1271 Deum
1090 1215 1298 1283 timent,
1330 1214 1373 1269 si
1397 1212 1532 1268 forte
1550 1213 1600 1266 in
1629 1212 1805 1283 aliqua
1832 1208 2010 1279 digni-

420 1315 530 1364 tate
559 1308 715 1377 hujus
754 1308 931 1363 saeculi
960 1306 1297 1371 refulserant,
1329 1304 1592 1361 humiliati
1641 1317 1751 1359 non
1793 1301 2008 1358 cecide-

421 1408 568 1468 runt,
601 1399 721 1470 quia
754 1399 918 1455 Deum
940 1398 1007 1453 de
1037 1397 1199 1453 corde
1242 1412 1351 1452 non
1377 1396 1755 1453 excluserunt:
1784 1391 2007 1448 altitudo

419 1488 655 1560 ipsorum
689 1489 828 1545 Deus
856 1499 955 1544 est.
1010 1488 1325 1544 llumiliatus
1354 1486 1634 1543 videbatur
1661 1484 1762 1541 Job
1799 1482 2007 1556 perdita

429 1579 727 1636 substantia
749 1596 862 1642 sua,
899 1579 1117 1649 perditis
1137 1578 1256 1635 ﬁliis
1273 1579 1403 1647 suis,
1435 1577 1656 1649 perditis
1675 1592 1795 1648 qua:
1820 1589 2005 1631 serva-

419 1670 530 1737 bat,
554 1672 775 1744 perditis
792 1672 980 1743 quibus
994 1686 1143 1726 serva
1152 1671 1257 1737 bat;
1275 1670 1658 1728 remansitsine
1675 1666 2005 1732 haereditate,

414 1766 633 1840 et,quod
650 1776 732 1825 est
751 1766 972 1830 tristius,
993 1766 1108 1821 sine
1122 1764 1333 1820 hzrrcde
1349 1763 1468 1835 (Job
1485 1765 1523 1836 ι)
1543 1762 1828 1829 ;remansit
1841 1759 1907 1815 ad
1919 1773 2007 1815 so-

415 1857 521 1915 lam
548 1874 790 1923 uxorem,
821 1875 923 1912 non
942 1872 1090 1912 suam
1119 1856 1548 1923 consolatricem,
1577 1853 1673 1911 sed
1694 1853 1887 1910 diaboli
1911 1868 2006 1924 po-

414 1950 521 2011 tius
540 1950 852 2021 adiutricem
884 1948 992 2020 (Id.
1022 1966 1079 2014 ιι,
1099 1948 1154 2020 9)
1182 1964 1197 2002 :
1224 1946 1530 2004 humiliatus
1558 1946 1856 2013 videbatur;
1882 1945 2005 2002 vide

415 2045 461 2102 si
480 2046 645 2101 miser
661 2044 828 2100 factus
846 2053 947 2107 est,
966 2042 1087 2099 vide
1112 2043 1155 2098 si
1171 2058 1274 2097 non
1292 2050 1406 2098 erat
1423 2041 1474 2096 in
1500 2039 1811 2096 abscondito
1830 2038 2004 2094 vultus

414 2136 531 2192 Dei.
555 2135 762 2203 Nudus,
782 2137 875 2202 ait,
897 2136 996 2190 exii
1018 2135 1233 2190 deutero
1250 2134 1426 2188 matris
1442 2149 1582 2198 mete,
1601 2132 1766 2187 nudus
1784 2139 2004 2186 reuertar

409 2226 464 2283 in
504 2236 737 2282 terram:
777 2226 1026 2280 Dominus
1079 2225 1250 2291 dedit,
1286 2224 1537 2279 Dominus
1582 2223 1826 2289 abstulit;
1872 2222 2003 2277 sicut

409 2318 633 2377 Domino
660 2318 869 2389 placuit,
893 2319 964 2372 ita
993 2320 1183 2388 factum
1215 2325 1286 2372 est
1314 2332 1333 2372 :
1358 2317 1422 2372 sit
1448 2332 1628 2370 nomen
1665 2313 1876 2369 Domini
1919 2314 2006 2368 be-

409 2412 667 2467 nedictum
694 2410 802 2483 (Id.
832 2427 870 2477 ι,
894 2409 1007 2483 21).
1058 2409 1179 2465 Istic
1218 2424 1445 2480 gemmae
1500 2406 1674 2462 laudis
1711 2406 1803 2463 Dei
1858 2404 2000 2462 unde

408 2504 573 2561 sunt?
618 2503 807 2559 Videte
860 2502 991 2559 foris
1037 2518 1346 2574 pauperem,
1406 2502 1548 2557 intus
1588 2500 1829 2557 divitem.
1880 2499 2000 2555 Istae

409 2610 635 2668 gemmae
657 2594 829 2651 laudis
857 2595 949 2650 Dei
977 2594 1268 2651 exirentde
1291 2594 1406 2665 ejus
1424 2610 1537 2658 ore,
1563 2593 1663 2649 nisi
1691 2593 1998 2648 thesaurum

408 2684 634 2743 haberet
664 2687 715 2742 in
742 2686 941 2742 corde?
969 2686 1069 2755 Qui
1097 2686 1288 2742 divites
1318 2701 1439 2743 esse
1477 2686 1654 2750 vultis,
1687 2684 1821 2741 tales
1860 2683 1999 2740 divi-

408 2780 511 2835 tias
537 2780 920 2850 concupiscite,
952 2796 1082 2852 quas
1100 2796 1199 2836 nec
1219 2781 1271 2836 in
1302 2780 1576 2852 naufragio
1597 2779 1822 2851 potestis
1844 2781 2001 2835 amit-

408 2881 541 2929 tere.
573 2874 712 2945 Ergo
741 2874 874 2931 tales
911 2874 1126 2946 quando
1153 2875 1520 2942 humiliantur,
1552 2874 1716 2930 nolite
1764 2889 1858 2929 eos
1905 2888 2002 2943 pu-

407 2975 525 3024 tare
550 2969 796 3023 miseros.
831 2968 1049 3035 Erratis,
1079 2982 1185 3024 non
1216 2967 1362 3023 scitis
1384 2966 1510 3039 quid
1556 2967 1699 3022 intus
1745 2965 1996 3021 habeant.

405 3057 488 3117 Ex
514 3059 667 3114 vobis
713 3059 994 3130 conjicitis,
1038 3060 1127 3130 qui
1153 3059 1408 3115 mundum
1454 3058 1693 3130 diligitis,
1738 3058 1861 3128 quia
1902 3070 2001 3112 vos

406 3164 528 3206 cum
555 3152 674 3205 talia
705 3151 947 3221 perditis,
999 3151 1177 3206 miseri
1212 3151 1518 3206 remanetis.
1555 3152 1779 3205 Prorsus
1832 3149 1998 3205 nolite

407 3241 512 3299 hoc
544 3255 764 3312 putare;
793 3241 988 3297 habent
1018 3242 1157 3297 intus
1196 3258 1301 3313 quo
1328 3241 1610 3313 gaudeant.
1658 3241 1889 3296 Interior
1916 3249 2000 3297 est

407 3334 712 3391 dominator
752 3350 960 3397 eorum.
995 3335 1216 3390 interior
1245 3344 1327 3390 est
1356 3345 1536 3406 pastor
1588 3343 1642 3390 et
1693 3335 1998 3391 consolator

406 3425 666 3498 ipsorum.
696 3426 798 3497 Ipsi
825 3435 948 3482 sunt
976 3427 1065 3498 qui
1103 3426 1239 3481 male
1268 3426 1485 3492 cadunt,
1520 3428 1608 3497 qui
1650 3441 1799 3499 spem
1845 3441 1995 3482 suam

407 3518 462 3575 in
502 3517 605 3574 hoc
646 3519 843 3574 saeculo
893 3527 1115 3589 ponunt.
1144 3519 1396 3574 Aufertur
1429 3518 1573 3588 quod
1602 3517 1800 3574 nitebat
1843 3519 1995 3583 forts,

407 3611 545 3669 nihil
591 3620 834 3668 remanet
879 3612 1018 3667 intus
1071 3612 1172 3668 nisi
1214 3611 1390 3667 fumus
1441 3611 1595 3666 malm
1633 3611 1994 3668 conscientiae.

403 3705 559 3764 Unde
584 3722 642 3762 se
669 3706 1013 3761 consolentur
1039 3720 1145 3761 non
1174 3705 1393 3771 habent,
1422 3719 1528 3760 non
1561 3703 1766 3759 habent
1782 3718 1891 3774 quo
1916 3702 1994 3758 fo-

404 3813 498 3856 ras
524 3806 740 3865 exeant,
792 3812 897 3861 non
947 3797 1143 3852 habent
1188 3813 1295 3867 quo
1339 3796 1479 3852 intro
1518 3795 1759 3862 redeant,
1797 3795 1996 3851 deserti

405 3905 602 3964 pompa
629 3890 895 3956 smenlari,
928 3889 1115 3945 inanes
1142 3891 1310 3962 gratia
1359 3890 1641 3959 spirituali,
1669 3906 1796 3946 vere
1823 3890 1996 3946 humi-

405 3985 625 4042 liantur.
651 3984 719 4039 Et
742 3983 926 4039 multis
955 3982 1079 4038 facit
1121 3982 1258 4038 Deus
1285 3982 1383 4037 ista
1401 3983 1454 4037 in
1482 3982 1584 4037 isto
1611 3990 1872 4053 tempore,
1899 3980 1993 4038 sed

404 4091 514 4133 non
538 4076 805 4131 omnibus.
839 4074 895 4131 Si
926 4078 1068 4130 enim
1100 4073 1299 4130 nemini
1331 4072 1553 4139 faceret,
1579 4073 1728 4145 quasi
1775 4087 1880 4129 non
1909 4074 1994 4128 vi-

404 4166 625 4225 deretur
645 4166 863 4238 vigilare
892 4165 1069 4222 divina
1097 4164 1427 4235 providentia
1457 4182 1470 4219 :
1496 4164 1540 4221 si
1560 4163 1805 4221 omnibus
1850 4166 1994 4222 face-

406 4269 512 4328 ret,
546 4275 649 4314 non
679 4268 985 4313 servaretur
1012 4257 1188 4312 divina
1212 4256 1487 4326 patientia.
1510 4255 1588 4312 Tn
1621 4265 1818 4322 tamen,
1846 4256 1995 4313 chri-

406 4353 600 4418 stiane,
633 4351 861 4406 tolerare
904 4349 1158 4416 didicisti,
1204 4362 1309 4404 non
1340 4348 1626 4404 vindictam
1672 4349 1992 4406 retribuere.

404 4442 677 4499 Vindicari
729 4443 830 4508 vis,
883 4443 1212 4499 cliristiane‘!
1268 4440 1517 4498 Nondum
1558 4441 1856 4497 vindicatus
1913 4450 1997 4499 est

404 4534 671 4592 Christus.
698 4537 779 4591 Au
811 4545 864 4590 tu
895 4551 1081 4606 passus
1101 4551 1160 4592 es
1179 4536 1502 4606 improbum,
1529 4545 1585 4591 et
1613 4533 1703 4591 ille
1732 4552 1840 4591 non
1866 4550 1994 4607 pas-

406 4642 500 4685 sus
520 4627 642 4683 est?
667 4627 852 4684 Nonne
880 4628 1023 4699 prior
1051 4643 1146 4699 pro
1168 4636 1221 4684 te
1249 4643 1437 4699 passus
1479 4635 1584 4695 est,
1622 4628 1711 4701 qui
1756 4645 1862 4684 non
1896 4630 1995 4685 ha-

407 4722 570 4780 bebat
596 4732 759 4794 quare
783 4722 1087 4791 pateretur?
1127 4722 1259 4777 Nam
1310 4724 1361 4778 in
1409 4731 1461 4779 te
1504 4723 1780 4779 tribulatio
1806 4723 1993 4780 fornax

404 4813 637 4870 auriﬁcis
653 4824 736 4868 est
762 4811 825 4887 (si
856 4823 1028 4868 tamen
1047 4829 1231 4869 aurum
1258 4814 1352 4882 sis,
1368 4822 1422 4870 et
1444 4830 1548 4887 non
1572 4814 1780 4886 palea),
1801 4826 1861 4870 ut
1881 4830 1999 4870 sor-

405 4907 562 4965 dibus
585 4923 790 4974 careas,
824 4923 926 4962 non
959 4908 1008 4962 in
1039 4908 1274 4964 cinerem
1306 4910 1654 4965 convertaris.

478 5002 566 5059 15.
599 5000 746 5074 [vers.
776 4999 893 5074 25.]
923 4999 1131 5073 Diligite
1154 5000 1448 5067 Dominum,
1478 5017 1650 5056 omnes
1673 5003 1835 5056 sancti
1852 5001 1960 5073 ejus
1978 5019 1997 5058 :

323 5077 356 5179 ἶ
402 5093 643 5168 quoniam
685 5094 940 5149 veritatem
980 5094 1193 5164 requiret
1233 5092 1513 5159 Dominus,
1562 5102 1609 5148 et
1645 5092 1882 5148 retribuet
1919 5094 1998 5148 his

345 5186 357 5225 θ
403 5189 492 5261 qui
528 5188 842 5243 abundanter
878 5188 1073 5260 faciunt
1110 5187 1419 5259 superbiam.
1457 5185 1563 5243 Sed
1603 5186 1814 5258 quando
1840 5187 1998 5242 retri-

405 5281 575 5337 buet?
603 5279 647 5337 Ο
678 5281 723 5338 si
761 5280 921 5337 modo
954 5281 1311 5338 retribueret!
1341 5278 1501 5335 modo
1527 5293 1620 5336 eos
1642 5278 1886 5337 volebam
1916 5282 1998 5336 vi-

403 5375 536 5434 dere
570 5374 877 5431 humiliatos
913 5385 1071 5446 atque
1107 5382 1424 5445 prostratos.
1449 5372 1642 5430 Audite
1669 5374 1796 5446 quid
1822 5376 2002 5448 sequi-

404 5474 494 5524 tur
525 5485 540 5523 :
577 5467 801 5523 Viriliter
835 5468 984 5541 agite.
1011 5466 1186 5522 Nolite
1214 5466 1381 5520 lassas
1411 5481 1599 5521 manus
1622 5467 1675 5522 in
1705 5466 2002 5523 tribulatio~

406 5559 565 5617 nibus
601 5560 868 5616 dimittere
897 5600 914 5627 ,
955 5574 1061 5614 non
1104 5566 1289 5615 nutent
1326 5572 1496 5630 genua
1536 5567 1733 5616 vestra.
1780 5558 2002 5615 Viriliter

406 5653 575 5725 agile,
613 5660 659 5706 et
700 5653 1012 5723 confortatur
1055 5665 1143 5705 cor
1182 5658 1399 5704 oestrum
1428 5667 1447 5704 :
1473 5648 1539 5705 ad
1580 5650 1922 5721 perpetienda
1948 5662 2000 5706 et

350 5800 355 5804 .
406 5742 682 5803 toleranda
729 5742 906 5798 omnia
950 5741 1088 5798 mala
1132 5739 1288 5813 hujus
1325 5741 1505 5798 smeuli
1544 5742 1872 5799 confortetur
1909 5757 2003 5798 cor

403 5845 666 5895 Vestrum.
705 5835 810 5891 Sed
849 5834 939 5908 qui
983 5842 1109 5892 sunt
1149 5835 1340 5907 quibus
1379 5834 1494 5892 lucc
1533 5835 1662 5892 dicit
1687 5834 1951 5908 Propheta
1985 5856 1999 5893 :

392 5929 643 6014 (.Virititer
656 5932 822 6001 agtte,
853 5936 902 5986 et
919 5932 1230 6003 confortatur
1247 5944 1334 5987 cor
1358 5929 1620 5987 vestrum?
1642 5931 1897 6008 numquid
1922 5932 2003 5992 his

1598 451 1656 510 S.
1696 440 2061 509 AUGUSTINI
2099 442 2403 507 EPISCOPI

2125 563 2215 632 qui
2259 562 2487 637 diligunt
2525 566 2823 625 mundum?
2860 567 2999 628 Non.
3037 569 3145 629 Sed
3182 572 3376 646 quibus
3412 574 3581 645 dicit,
3615 593 3713 638 an-

2122 655 2234 713 dite
2260 675 2274 713 :
2302 656 2488 716 Omnes
2510 661 2599 731 qui
2622 662 2837 733 speratis
2855 663 2910 719 iu
2928 660 3171 722 Dommo.

3510 805 3695 823 —
3756 796 3769 807 ”

2525 879 2611 942 IN
2649 878 3033 943 PSALMUM
3073 878 3298 944 XXXI

2652 1000 3054 1060 ENABRATIO
3091 1001 3135 1059 l.

2562 1112 2678 1187 Ipsi
2698 1113 2866 1171 David
2887 1116 3249 1188 intelligentia.

2190 1227 2245 1283 1.
2276 1225 2429 1301 [verm
2461 1227 2539 1303 1.]
2579 1228 2685 1300 ipsi
2712 1229 2877 1287 David
2906 1230 3304 1303 intelligentia,
3332 1246 3439 1304 qua
3461 1230 3708 1304 intelligi-

2115 1326 2201 1376 tur
2219 1334 2325 1377 non
2347 1321 2552 1377 meritis
2579 1337 2795 1394 operum
2812 1365 2829 1392 ,
2858 1322 2952 1380 sed
2975 1325 3142 1396 gratia
3172 1324 3266 1381 Dei
3288 1325 3556 1383 hominem
3576 1325 3708 1383 libe-

2111 1412 2254 1479 rari,
2285 1412 2626 1469 conﬁtentem
2656 1424 2871 1485 peccata
2894 1430 3012 1472 sua.

2182 1504 2237 1560 2.
2274 1503 2423 1577 [νοτε.
2449 1504 2532 1581 2.]
2575 1506 2722 1563 Beati
2745 1526 2961 1582 quorum
2986 1511 3209 1567 remissae
3232 1520 3352 1569 sunt
3378 1511 3665 1583 iniquitates
3687 1555 3708 1583 ,

2111 1604 2159 1652 et
2200 1613 2415 1666 quorum
2457 1607 2586 1654 tecta
2627 1609 2743 1655 sunt
2779 1611 2984 1673 peccata
3021 1617 3042 1657 :
3077 1611 3133 1658 et
3154 1617 3379 1675 quorum
3405 1612 3621 1674 peccata
3651 1604 3707 1660 in

2110 1687 2430 1744 oblivionem
2478 1690 2635 1746 ducta
2679 1701 2822 1749 sunt.
2874 1691 3059 1749 Beatus
3097 1694 3173 1749 vir
3201 1696 3285 1750 cui
3310 1712 3412 1752 non
3439 1697 3709 1768 imputavit

2110 1778 2359 1837 Dominus
2405 1793 2699 1852 peccatum,
2741 1801 2833 1840 nec
2868 1794 2941 1841 est
2965 1786 3019 1840 in
3055 1802 3142 1841 ore
3167 1787 3276 1857 ejus
3298 1786 3447 1842 dolus
3477 1803 3497 1842 :
3521 1801 3621 1843 nec
3649 1787 3706 1845 in

2109 1886 2206 1929 ore
2224 1887 2322 1928 suo
2343 1872 2502 1930 habet
2525 1877 2936 1934 ostentationem
2958 1878 3180 1951 iustitiae
3197 1920 3215 1948 ,
3237 1893 3360 1936 cum
3380 1878 3709 1936 conscientia

2107 1964 2225 2036 ejus
2250 1967 2481 2037 peccatis
2509 1968 2663 2039 plena
2690 1978 2791 2025 est.

2178 2057 2233 2113 3.
2264 2057 2416 2130 [vers.
2443 2058 2522 2132 5.]
2563 2060 2814 2129 Quoniam
2835 2062 2988 2130 tacui,
3011 2064 3407 2119 inueterauerunt
3425 2079 3702 2124 ossam:

2107 2151 2358 2222 quoniam
2408 2168 2513 2211 non
2561 2155 2753 2225 protuli
2796 2170 2892 2211 ore
2931 2154 3330 2213 confessionem
3372 2155 3441 2212 ad
3470 2157 3704 2214 salutem

2111 2243 2287 2314 (Rom.
2315 2261 2381 2313 χ,
2417 2245 2507 2315 10)
2526 2286 2542 2311 ,
2574 2246 2748 2302 omnis
2778 2246 3000 2302 ﬁrmitas
3026 2261 3144 2303 mea
3173 2247 3230 2302 in
3249 2246 3558 2304 inﬁrmitate
3576 2261 3708 2304 con-

2104 2336 2304 2394 senuit.
2349 2338 2393 2391 A
2431 2336 2701 2393 clamando
2738 2354 2818 2393 me
2858 2347 2964 2395 tota
3003 2338 3086 2394 die
3110 2353 3275 2397 :cum
3302 2354 3479 2396 essem
3507 2339 3705 2412 impius

2105 2439 2265 2502 atque
2306 2428 2652 2500 blasphemus
2674 2471 2690 2497 ,
2742 2430 3024 2486 clamando
3066 2438 3253 2487 contra
3298 2430 3466 2487 Deum
3490 2472 3506 2499 ,
3551 2430 3705 2502 quasi

2106 2521 2402 2579 defendens
2425 2530 2484 2579 ct
2507 2538 2771 2580 excusans
2795 2532 3011 2595 peccata
3033 2538 3172 2580 mea.

2175 2616 2232 2672 4.
2264 2614 2415 2689 [item
2443 2614 2523 2689 4.]
2575 2615 2827 2684 Quoniam
2855 2617 2938 2672 die
2967 2632 3028 2671 ac
3053 2622 3197 2671 nocte
3223 2621 3432 2687 gravata
3453 2623 3527 2672 est
3551 2630 3705 2687 super

2105 2725 2188 2765 me
2217 2725 2399 2764 manus
2427 2717 2516 2763 tua
2544 2726 2564 2765 :
2590 2709 2842 2781 quoniam
2869 2708 3117 2766 continua
3146 2706 3438 2764 afﬂictione
3464 2705 3700 2778 flagello-

2104 2816 2223 2858 rum
2266 2809 2477 2856 tnorum
2498 2842 2512 2868 ,
2557 2800 2837 2858 Conversus
2873 2818 2985 2856 sum
3014 2803 3070 2856 in
3107 2817 3338 2857 wrumna
3362 2817 3474 2856 mea
3499 2802 3548 2869 ⁸,
3578 2800 3703 2858 dum

2104 2896 2440 2967 conﬁgeretur
2475 2895 2644 2965 spina.
2671 2894 2831 2952 Miser
2854 2894 3024 2951 factus
3046 2911 3166 2952 sum
3197 2894 3569 2968 wgnoscendo
3596 2895 3701 2953 mi-

2104 2986 2301 3043 seriam
2328 3003 2500 3043 meam
2525 3029 2542 3056 ,
2573 2996 2926 3058 compunctus
2953 2988 3092 3044 mala
3115 2988 3461 3046 conscientia.

2175 3082 2232 3137 5.
2262 3078 2410 3152 [vers.
2443 3079 2522 3153 5.]
2567 3080 2645 3151 (a)
2673 3079 2950 3138 Peccatum
2975 3098 3140 3137 meum
3159 3082 3368 3154 cognoui
3388 3123 3404 3151 ,
3430 3091 3477 3139 et
3495 3082 3701 3154 injusti-

2104 3175 2229 3230 tiam
2251 3192 2415 3231 meam
2441 3192 2542 3232 non
2567 3178 2749 3250 operui
2775 3193 2794 3232 :
2823 3178 2874 3234 id
2901 3185 3019 3246 est,
3048 3178 3359 3249 injustitiam
3389 3194 3562 3237 meatu
3588 3193 3699 3236 non

2091 3270 2385 3326 occultavi.
2425 3269 2550 3325 Dixi
2579 3289 2599 3326 :
2624 3269 2976 3327 Pronuntiabo
2999 3272 3265 3329 adversum
3289 3289 3371 3329 me
3394 3273 3699 3347 iniustitiam

2080 3368 2268 3417 ’meam
2313 3360 2551 3418 Domino.
2597 3363 2716 3418 Dixi
2762 3381 2777 3419 :

2825 3363 3190 3421 Pronuntiabo
3206 3405 3225 3434 ,
3264 3379 3370 3422 non
3412 3364 3698 3423 adversum

2106 3453 2271 3509 Deum
2296 3495 2312 3521 ,
2343 3454 2481 3511 sicut
2505 3455 2557 3510 in
2584 3456 2821 3512 clamore
2850 3454 3140 3528 impietatis
3167 3457 3382 3529 quando
3407 3458 3575 3527 tacui,
3601 3457 3699 3516 sed

2101 3544 2386 3602 adversum
2405 3561 2493 3602 me
2518 3546 2829 3617 iniustitiam
2851 3563 3026 3606 meam
3052 3549 3297 3606 Domino.
3320 3546 3391 3604 Et
3416 3560 3471 3605 tu
3496 3549 3698 3606 sentiri-

2100 3638 2166 3693 sti
2190 3637 2499 3709 impietatem
2528 3639 2696 3695 cordis
2720 3640 2820 3695 mei
2843 3657 2863 3695 .·
2891 3639 3112 3696 audiens
3140 3654 3325 3696 vocem
3347 3639 3701 3697 confessionis

2101 3729 2155 3786 in
2175 3729 2338 3787 corde
2356 3771 2371 3796 ,
2393 3739 2676 3803 antequam
2704 3746 2834 3788 voce
2862 3732 3208 3803 proferretur.

2173 3821 2227 3879 6.
2272 3820 2422 3896 [κη.
2490 3822 2568 3896 6.]
2613 3822 2721 3879 Pro
2756 3826 2853 3879 hac
2877 3824 3039 3879 orabit
3062 3823 3131 3878 ad
3154 3833 3202 3879 te
3223 3824 3388 3881 omnis
3413 3833 3617 3881 sanans
3641 3825 3700 3881 in

2110 3924 2335 3988 tempore
2369 3926 2654 3989 opportuno
2697 3934 2718 3973 :
2759 3933 2855 3989 pro
2891 3919 2990 3974 hac
3025 3918 3301 3990 impietate
3330 3918 3509 3976 cordis
3538 3917 3607 3976 ad
3645 3927 3701 3976 te

2100 4010 2278 4067 orabit
2319 4010 2497 4066 omnis
2538 4017 2776 4065 sanctus.
2821 4009 2937 4066 Non
2977 4011 3121 4066 enim
3160 4011 3365 4068 meritis
3387 4011 3500 4069 suis
3527 4012 3699 4068 sancti

2100 4110 2290 4169 erunt,
2321 4101 2415 4158 sed
2443 4102 2839 4174 opportunitate
2861 4104 3139 4173 temporis,
3161 4102 3265 4160 hoc
3285 4112 3368 4176 est
3388 4105 3443 4162 in
3464 4105 3699 4163 adventu

2100 4198 2217 4269 eius
2241 4198 2329 4269 qui
2356 4211 2456 4252 nos
2482 4211 2513 4252 a
2540 4197 2772 4268 peccatis
2790 4196 3036 4254 redemit.
3067 4196 3418 4254 Verumtamen
3437 4198 3699 4255 indiluvio

2099 4305 2349 4361 aquarum
2373 4288 2649 4344 multarum
2667 4328 2685 4353 ,
2714 4289 2783 4344 ad
2804 4306 2917 4345 eum
2941 4306 3043 4345 non
3065 4290 3540 4362 appropinquabant
3561 4305 3586 4347 :
3605 4305 3700 4348 ve-

2100 4392 2401 4439 rumtamen
2433 4397 2592 4437 nemo
2619 4380 2906 4437 arbitretur
2928 4423 2945 4451 ,
2975 4396 3097 4439 cum
3127 4390 3350 4453 repente
3383 4382 3505 4439 ﬁnis
3529 4397 3701 4439 vene-

2101 4474 2203 4543 rit,
2245 4474 2384 4530 sicut
2420 4473 2473 4528 in
2511 4472 2700 4530 diebus
2740 4472 2884 4541 Noe,
2928 4488 3207 4530 remanere
3237 4472 3587 4531 confessionis
3612 4473 3697 4530 lo-

2100 4581 2223 4623 cum
2243 4607 2260 4634 ,
2291 4581 2390 4637 per
2414 4582 2572 4638 quam
2599 4566 2982 4640 propinquetur
3006 4567 3072 4623 ad
3100 4567 3292 4625 Deum.

2173 4660 2226 4717 7.
2273 4658 2421 4733 [verm
2462 4659 2543 4733 7.]
2609 4645 2685 4715 Tu
2722 4661 2849 4714 mihi
2888 4676 2940 4715 es
2972 4661 3224 4732 refugium
3256 4675 3290 4714 α
3323 4675 3560 4731 pressura
3583 4675 3702 4732 qua

2101 4752 2434 4809 circumdedit
2474 4768 2554 4807 me
2580 4767 2602 4807 :
2632 4759 2686 4807 tu
2714 4751 2841 4807 mihi
2869 4766 2929 4807 es
2952 4750 3213 4822 refugium
3240 4765 3271 4805 a
3301 4765 3547 4823 pressura
3575 4766 3703 4823 peo-

2101 4854 2342 4901 catorum
2366 4885 2383 4912 ,
2408 4860 2527 4916 qua:
2547 4843 2896 4901 circumdedit
2922 4858 3017 4900 cor
3035 4858 3234 4900 meum.
3257 4843 3546 4901 Exsultatio
3562 4861 3697 4916 mea,

2102 4938 2293 4994 redime
2327 4953 2408 4992 me
2442 4952 2476 4990 a
2515 4935 2940 4991 circumdantibus
2983 4951 3063 4990 me
3089 4950 3109 4990 :
3139 4934 3193 4991 in
3224 4943 3279 4993 te
3304 4936 3436 4993 mihi
3464 4946 3549 4993 est
3570 4951 3704 5009 gau-

2102 5027 2249 5085 dium
2269 5069 2285 5096 ,
2331 5027 2534 5084 redime
2567 5042 2657 5083 me
2679 5025 2748 5082 ab
2774 5041 2836 5082 ea
2862 5026 3072 5082 tristitia
3097 5068 3113 5095 ,
3139 5042 3299 5100 quam
3326 5028 3457 5085 mihi
3480 5037 3701 5101 peccata

2104 5136 2224 5177 mea
2250 5119 2467 5176 faciunt.

2175 5214 2229 5270 8.
2273 5212 2424 5287 [vers.
2464 5211 2543 5286 8.]
2588 5209 2668 5286 (b)
2724 5211 3021 5284 Responsio
3049 5211 3144 5268 Dei
3175 5229 3188 5268 :
3221 5210 3542 5269 Intellectum
3567 5213 3701 5271 dabo

2106 5307 2195 5363 tibi
2218 5347 2233 5373 ,
2271 5316 2318 5362 et
2356 5316 2573 5361 statuam
2617 5315 2666 5360 te
2704 5306 2758 5361 in
2784 5306 2867 5362 via
2898 5306 2994 5361 hac
3017 5322 3119 5375 qua
3141 5307 3388 5378 gradieris
3414 5309 3457 5365 ².
3487 5307 3699 5365 Intelle-

2105 5409 2250 5457 ctum
2289 5399 2426 5457 dabo
2467 5399 2558 5455 tibi
2600 5408 2722 5470 post
2746 5397 3139 5456 confessionem
3162 5442 3178 5468 ,
3211 5409 3270 5456 ut
3295 5415 3401 5457 non
3427 5402 3644 5459 recedas
3669 5419 3701 5458 a

2106 5495 2190 5550 via
2219 5508 2321 5566 qua
2353 5492 2693 5566 ingredieris,
2723 5507 2791 5547 ne
2825 5499 2931 5548 tum
2960 5494 3238 5565 potestatis
3261 5507 3382 5551 esse
3406 5494 3556 5550 velis.
3591 5492 3699 5551 Ob-

2176 5655 2569 5765 {Plerique
2593 5685 2771 5737 misso
2799 5697 2924 5749 mea,
2949 5690 3231 5737 constanter
3251 5685 3436 5738 habent
3452 5686 3506 5741 in
3525 5700 3707 5742 arum

2107 5758 2238 5806 nam,
2259 5760 2360 5798 sec.
2385 5754 2513 5798 Lxx.

2142 5858 2152 5867 ,
2176 5810 2197 5882 ξ
2222 5816 2326 5882 uss.
2352 5811 2400 5859 in
2425 5809 2514 5882 bac
2537 5816 2590 5861 et
2611 5812 2661 5862 in
2681 5817 2843 5864 Fnarr.
2868 5823 2998 5878 seq.,
3020 5809 3326 5877 ingredieris.

2201 5872 2249 5934 a)
2275 5872 2556 5934 Diapsalma.

2176 5870 2254 6000 ill
2275 5872 2561 6005 nam;
