4032 6472
264 425 364 483 95⁸1

272 539 476 609 ﬁrmato
506 552 668 609 super
706 542 757 593 te
791 534 967 591 oculos
991 548 1128 591 meos
1150 546 1170 589 :
1194 531 1266 589 ita
1290 546 1453 604 super
1471 539 1523 587 te
1548 528 1738 586 faciam
1763 528 1859 583 ﬂr-

271 647 402 688 mam
432 629 777 686 dilectionem
803 642 998 684 meam.

336 726 389 781 9.
424 723 592 797 [rem
625 721 705 797 9.]
737 720 914 777 Nolite
942 737 1049 777 esse
1070 720 1200 776 sicut
1225 736 1381 791 equus
1424 727 1474 773 et
1502 717 1670 772 mulus
1693 755 1710 783 ,
1741 714 1857 786 qui-

271 818 354 871 bus
394 832 497 870 non
538 825 613 870 est
648 813 950 869 intellectus.
992 812 1115 869 Ideo
1155 811 1319 881 seipsi
1353 825 1539 881 regere
1561 808 1768 863 volunt.
1798 806 1868 862 Et

273 926 370 964 vox
403 909 692 979 Propheta:
724 926 737 963 :
771 905 837 961 In
868 909 1011 979 freno
1033 916 1080 960 et
1106 920 1249 959 camo
1279 903 1517 957 maxillas
1545 918 1719 955 eorum
1747 915 1866 954 con-

273 1003 473 1070 stringe.
516 1002 653 1070 Ergo
687 1000 769 1054 t'ac
809 998 913 1055 illis
954 1000 1125 1062 Deus,
1171 995 1312 1067 quod
1354 996 1413 1049 ﬁt
1440 1008 1579 1064 equo
1602 1001 1656 1047 et
1685 990 1864 1057 mulo,

273 1103 326 1148 ut
362 1094 538 1164 pcenis
560 1107 658 1149 eos
680 1107 840 1164 cogas
864 1094 1002 1147 terre
1028 1090 1266 1161 regimen
1294 1096 1444 1144 tuum
1462 1127 1479 1156 ,
1506 1086 1593 1158 qui
1620 1101 1721 1140 non
1745 1099 1869 1155 pro-

274 1188 520 1257 pinquant
548 1185 617 1238 ad
647 1193 714 1238 te.

344 1276 432 1332 10.
475 1274 631 1348 [verm
677 1273 791 1347 10.]
834 1272 1003 1327 Multa
1040 1272 1246 1344 ﬂagella
1274 1270 1596 1343 peccatoris:
1638 1267 1865 1323 mullum

274 1368 570 1439 ﬂagellatur
591 1408 606 1431 ,
645 1368 736 1437 qui
777 1382 881 1421 non
924 1366 1189 1421 conﬁtens
1218 1363 1328 1419 Deo
1357 1370 1571 1432 peccata
1602 1376 1695 1415 sua
1720 1401 1735 1425 ,
1784 1373 1872 1413 se-

277 1462 453 1533 ipsum
473 1459 575 1515 sibi
594 1468 860 1515 rectorem
879 1471 999 1513 esse
1021 1456 1150 1511 vult.
1176 1455 1478 1527 Sperantem
1496 1461 1665 1506 autent
1684 1451 1738 1505 in
1760 1448 1869 1505 Do-

274 1554 411 1609 ntitso
455 1552 802 1608 misericordia
845 1550 1175 1605 circumdabit
1220 1564 1239 1604 :
1284 1548 1374 1619 qui
1410 1556 1586 1602 autem
1612 1553 1792 1615 sperat
1818 1544 1873 1598 in

276 1646 506 1702 Domino
529 1687 546 1712 ,
567 1653 619 1700 et
647 1644 698 1700 ei
726 1659 787 1701 se
810 1642 991 1701 subdit
1016 1640 1308 1713 regendum
1328 1680 1345 1709 ,
1374 1636 1739 1695 misericordia
1770 1634 1876 1691 cir-

274 1735 555 1796 cumdabit
577 1750 722 1793 eum.

345 1832 437 1890 tl.
486 1828 636 1903 [verm
678 1827 792 1902 11.]
835 1826 1105 1885 Latamini
1147 1827 1199 1882 in
1226 1824 1479 1890 Domino,
1508 1831 1556 1879 et
1588 1820 1834 1877 exsultate
1859 1861 1873 1884 ,

279 1922 399 1998 justi
429 1939 445 1977 :
478 1920 764 1986 laetamini,
794 1928 850 1975 et
874 1919 1157 1985 exsultate,
1182 1917 1332 1987 justi,
1366 1930 1471 1970 non
1504 1915 1558 1969 in
1583 1911 1754 1976 vobis,
1781 1910 1878 1967 sed

282 2016 336 2071 in
375 2014 623 2070 Domino.
644 2012 713 2067 Et
740 2012 1050 2084 gloriamini,
1080 2026 1250 2065 omnes
1277 2009 1398 2063 recti
1423 2006 1575 2061 corde
1606 2020 1625 2061 :
1654 2013 1707 2060 et
1734 2004 1785 2059 in
1812 2017 1879 2058 eo

281 2105 582 2179 gloriamini
627 2119 849 2171 omnes,
898 2103 988 2174 qui
1035 2100 1369 2158 intellexistis
1416 2108 1621 2157 rectum
1659 2110 1781 2154 esse
1804 2093 1880 2151 illi

283 2197 468 2266 subdi,
500 2207 559 2254 ut
588 2196 800 2253 caeteris
826 2192 1207 2268 pricl'eramini.

841 2325 1234 2385 ENARRATIO
1274 2325 1336 2381 ll.

834 2462 1007 2502 εειωο
1033 2460 1102 2501 ΔΙ)
1130 2458 1353 2500 ιλιι-ψει.

357 2563 409 2618 l.
456 2560 703 2618 Psalmus
746 2560 762 2592 ¹
809 2558 993 2631 gratim
1038 2558 1129 2614 Dei
1173 2565 1227 2612 et
1264 2552 1657 2626 justiﬁcationis
1690 2557 1887 2605 nostra:

290 2656 449 2712 nullis
479 2652 905 2725 praecedentibus
932 2650 1135 2706 meritis
1162 2648 1379 2708 nostris.
1412 2646 1505 2701 sed
1533 2642 1889 2715 praeveniente

293 2762 388 2805 nos
410 2744 776 2802 misericordia
797 2742 1005 2799 Domini
1034 2741 1127 2797 Dei
1144 2740 1335 2807 nostri,
1358 2734 1765 2795 commendatus
1778 2749 1889 2788 ma-

294 2841 433 2895 xime
473 2853 569 2893 ore
600 2836 896 2910 apostolico
915 2877 930 2900 ,
962 2834 1099 2889 sicut
1128 2831 1434 2904 praecedens
1462 2829 1603 2884 hunc
1630 2828 1890 2899 psalmum

296 2930 448 2986 lectio
492 2928 741 2985 omnibus
779 2928 1075 2991 intimavit,
1120 2941 1151 2980 a
1196 2934 1377 2980 nostra
1423 2924 1678 2979 tenuitate
1703 2927 1889 2977 susce-

297 3031 412 3091 ptus
453 3028 538 3076 est
573 3036 695 3076 cum
728 3018 914 3074 Vestra
944 3018 1213 3074 Charitate
1238 3015 1565 3071 tractandus.
1595 3012 1749 3070 Unde
1779 3012 1891 3081 pri-

296 3128 438 3169 mum
492 3111 856 3168 inﬁrmitatem
902 3125 1072 3165 meam
1121 3108 1451 3165 orationibus
1502 3105 1695 3161 vestris
1741 3118 1893 3159 com-

297 3205 489 3261 mendo
512 3246 528 3271 ,
570 3204 709 3259 sicut
747 3202 877 3258 dicit
911 3203 1228 3273 Apostolus,
1256 3210 1308 3255 ut
1334 3200 1481 3255 detur
1505 3199 1629 3253 milii
1654 3214 1815 3253 sermo
1839 3196 1894 3251 in

298 3297 554 3367 apertione
596 3297 699 3351 oris
740 3296 838 3351 mei
880 3294 1095 3367 (Ephes.
1138 3311 1227 3363 vl,
1260 3294 1391 3364 l9),
1424 3294 1502 3348 sic
1533 3292 1677 3363 loqui
1705 3291 1891 3359 vobis,

297 3390 742 3463 quemadmodum
773 3400 827 3447 et
852 3389 981 3445 mihi
1012 3390 1193 3445 dicere
1224 3388 1579 3459 periculosum
1604 3401 1707 3440 non
1731 3384 1819 3451 sit,
1842 3392 1897 3439 et

300 3485 445 3541 vobis
471 3483 656 3539 audire
686 3483 917 3538 salutare
947 3482 1037 3537 sit.
1068 3484 1275 3551 Auceps
1301 3480 1442 3537 enim
1470 3479 1681 3533 animus
1707 3479 1896 3531 huma-

300 3591 396 3631 nus
419 3618 437 3643 ,
484 3586 540 3630 et
579 3574 841 3631 ﬂuctuans
878 3575 1017 3630 inter
1056 3573 1444 3629 confessionem
1486 3570 1809 3626 inﬁrmitatis
1843 3577 1899 3625 et

298 3668 574 3725 audaciam
605 3668 1037 3739 praesumptionis
1058 3709 1072 3733 ,
1110 3667 1422 3738 plerumque
1445 3665 1570 3719 hinc
1594 3672 1752 3734 atque
1773 3662 1898 3719 inde

301 3760 644 3816 contunditur
665 3800 685 3828 ,
727 3770 781 3815 et
806 3762 878 3816 ita
905 3758 1196 3831 impellitur
1222 3767 1279 3812 ut
1306 3758 1354 3813 ei
1384 3757 1439 3813 in
1462 3754 1753 3827 quamlibet
1780 3769 1899 3823 par-

304 3863 404 3911 tem
451 3854 647 3909 cadere
691 3851 1036 3923 praecipitium
1084 3853 1173 3905 sit.
1224 3849 1281 3905 Si
1321 3850 1463 3905 enim
1502 3864 1561 3904 se
1600 3846 1895 3902 inﬁrmitati

303 3947 530 4018 propria:
568 3945 711 4000 omni
734 3960 802 4000 ex
842 3952 994 4014 parte
1031 3942 1343 4009 donaverit,
1372 3952 1426 3995 et
1452 3940 1504 3995 in
1532 3938 1668 3994 hanc
1694 3938 1899 4008 cogita-

306 4042 499 4095 tionem
540 4052 601 4093 se
638 4036 1013 4102 inclinaverit,
1060 4044 1117 4090 ut
1154 4035 1329 4099 dicat,
1370 4033 1492 4103 quia
1534 4030 1900 4088 misericordia

307 4130 397 4186 Dei
444 4129 694 4185 omnibus
743 4128 1108 4199 peccatoribus
1138 4169 1153 4192 ,
1202 4128 1253 4181 in
1302 4125 1623 4197 quibuslibet
1670 4124 1901 4194 peccatis

307 4221 769 4293 perseverantibus
793 4263 807 4287 ,
848 4228 1049 4275 tantum
1087 4218 1427 4274 credentibus
1449 4219 1570 4287 quia
1598 4216 1736 4271 Deus
1764 4215 1899 4269 libe-

308 4325 407 4382 rat,
440 4315 583 4370 Deus
607 4314 852 4385 ignoscit,
880 4312 951 4367 ita
984 4312 1037 4366 in
1065 4310 1168 4365 ﬁne
1196 4320 1375 4381 parata
1397 4316 1479 4365 cst
1505 4316 1561 4363 ut
1589 4322 1748 4363 nemo
1777 4320 1899 4376 per-

306 4416 391 4464 eat
427 4407 662 4463 ﬁdelium
694 4406 1029 4477 iniquorum;
1065 4405 1114 4459 id
1146 4414 1259 4468 est,
1294 4418 1451 4459 nemo
1497 4410 1678 4471 pereat
1716 4414 1902 4455 eorum

306 4503 393 4572 qui
438 4500 540 4556 sibi
586 4500 805 4565 dicunt,
853 4497 1071 4567 Quidvis
1097 4496 1322 4561 faciam,
1355 4493 1679 4565 quibuslibet
1703 4491 1904 4547 facino—

310 4593 455 4648 ribus
496 4601 550 4647 et
591 4592 802 4661 ﬂagitiis
844 4590 1117 4660 inquiner,
1147 4586 1534 4658 quantumlibet
1566 4599 1812 4655 peccem,
1840 4582 1904 4638 li—

310 4684 465 4740 berat
485 4700 571 4739 uie
600 4684 739 4737 Deus
761 4681 1125 4736 misericordia
1146 4695 1263 4743 sua,
1304 4678 1429 4749 quia
1459 4676 1659 4733 credidi
1682 4677 1733 4731 in
1755 4691 1900 4732 eum.

310 4778 410 4846 Qui
454 4793 585 4846 ergo
625 4777 753 4832 dicit
797 4776 1063 4830 neminem
1112 4774 1286 4844 perire
1329 4772 1540 4838 talium,
1584 4771 1904 4843 cogitatione

311 4872 451 4925 mala
487 4871 772 4925 inclinatur
798 4870 849 4923 in
881 4868 1246 4937 impunitatem
1281 4876 1654 4936 peccatorum;
1682 4872 1736 4918 et
1768 4864 1905 4918 Deus

312 4963 401 5018 ille
443 4962 620 5032 justus
649 5002 667 5027 ,
718 4961 804 5015 cui
854 4967 1099 5014 cantatur
1145 4955 1505 5011 misericordia
1550 4962 1605 5009 et
1646 4953 1906 5023 judicium

312 5050 487 5123 (Psal.
518 5067 550 5107 c
570 5093 585 5119 ,
615 5052 668 5122 l)
692 5092 709 5117 ,
742 5066 848 5106 non
876 5051 989 5105 sola
1014 5048 1400 5115 misericordia,
1426 5046 1520 5102 sed
1546 5054 1600 5101 et
1621 5045 1901 5116 judicium,

316 5148 516 5201 invenit
541 5144 812 5206 hominem
840 5144 979 5199 male
1006 5143 1073 5198 de
1101 5158 1159 5198 se
1191 5151 1597 5213 prausumentem
1618 5180 1633 5207 ,
1662 5149 1716 5196 et
1738 5139 1805 5193 ad
1828 5139 1907 5193 iu-

318 5242 530 5295 tcritum
577 5254 732 5295 suum
777 5236 1141 5291 misericordia
1183 5236 1277 5291 Dei
1317 5234 1621 5289 abutentem
1653 5273 1670 5300 ,
1717 5242 1773 5287 et
1812 5247 1906 5287 ue-

316 5348 465 5389 cesse
501 5342 582 5388 est
615 5341 674 5387 ut
696 5331 930 5387 damnet.
961 5330 1105 5385 Talis
1134 5330 1311 5400 itaque
1339 5328 1587 5398 cogitatio
1615 5326 1909 5396 prrccipitat

319 5422 587 5480 hominem
636 5442 649 5479 :
693 5439 795 5493 qua
830 5423 1052 5493 quisque
1078 5422 1291 5477 territus
1312 5423 1330 5452 ⁸
1353 5462 1368 5486 ,
1395 5420 1441 5475 si
1465 5434 1524 5474 se
1550 5421 1601 5473 in
1630 5418 1904 5473 audaciam

319 5515 600 5585 quamdam
648 5516 1073 5586 praesumptionis
1098 5513 1355 5579 erexerit,
1385 5522 1439 5568 et
1475 5512 1542 5567 de
1568 5512 1678 5567 suis
1705 5512 1906 5567 viribus

315 5607 625 5680 justitiaque
661 5608 1096 5680 prazsumpserit,
1135 5616 1190 5663 et
1229 5606 1563 5677 praposuerit
1598 5604 1776 5660 animo
1801 5604 1904 5659 im-

377 5744 538 5808 'AHn_ic
553 5745 765 5808 sermoni
791 5744 956 5808 titulus
986 5744 1035 5808 in
1059 5751 1174 5808 Reg.
1191 5750 1293 5808 με.
1326 5742 1555 5808 praeﬁxos
1573 5744 1667 5808 istc
1693 5748 1804 5808 est;
1836 5750 1907 5792 In-

322 5804 437 5869 cipit
460 5805 733 5869 ιζςρεαιηιο
755 5805 994 5858 tricesimo
1014 5806 1065 5866 1,
1091 5803 1279 5857 habitus
1314 5803 1472 5856 sermo
1490 5805 1542 5857 in
1563 5803 1730 5868 quinta
1759 5806 1907 5867 ferta,

320 5866 378 5919 ut
394 5866 589 5917 basilica
611 5867 849 5918 Restituta.

387 5954 407 5983 ²
431 5951 563 6014 £dd.,
574 5964 670 6017 qua
690 5951 886 6018 quisque
906 5952 1131 6011 terretur.
1152 5959 1210 6006 At
1232 5952 1402 6019 plures
1414 5961 1542 6019 Mss,
1565 5951 1780 6008 territus.

1350 410 1754 474 ENARRATIO
1791 409 1860 470 IN
1896 408 2221 470 PSALMUI
2248 406 2443 467 XXXI.

3454 413 3561 471 258

1976 524 2125 595 plere
2159 524 2417 594 justitiam
2438 562 2454 590 ,
2495 530 2551 579 et
2586 524 2764 580 omnia
2788 539 2908 597 qua:
2932 526 3311 600 precipiuntur
3336 528 3391 585 in
3418 528 3562 600 Lege

1968 615 2040 670 ita
2076 615 2249 671 lacere
2286 624 2343 670 ut
2370 614 2423 669 in
2456 614 2600 672 nullo
2626 615 2886 686 oﬂ‘endat,
2912 626 3070 690 atque
3098 620 3149 675 in
3178 629 3441 691 potestate
3465 637 3563 677 sua

1969 722 2031 763 se
2071 706 2267 764 habere
2298 707 2458 763 vitam
2487 722 2636 764 suam
2659 751 2674 777 ,
2707 718 2765 765 ut
2792 711 3009 767 omnino
3038 728 3296 784 nusquam
3323 715 3560 781 labatur,

1972 817 2233 873 nusquam
2260 802 2505 869 deﬁciat,
2530 820 2788 875 nusquam
2814 804 3035 872 titubet,
3069 822 3329 876 nusquam
3349 808 3563 878 caliget,

1972 896 2181 966 sibique
2230 897 2332 952 hoc
2374 898 2603 965 tribuat,
2650 907 2704 953 et
2749 898 3047 968 potentatui
3090 900 3377 954 voluntatis
3406 916 3515 954 suae
3549 917 3564 955 :

1972 987 2134 1043 etiam
2161 989 2205 1043 si
2229 988 2366 1043 forte
2389 989 2688 1059 impleverit
2713 992 2888 1046 omnia
2911 1008 3029 1062 qum
3048 993 3188 1060 justa
3213 992 3458 1047 videntur
3478 1006 3567 1047 co-

1975 1094 2090 1134 ram
2137 1080 2306 1135 oculis
2343 1080 2615 1136 hominum
2642 1124 2657 1148 ,
2702 1083 2771 1137 ita
2811 1093 2869 1137 ut
2899 1083 3025 1138 nihil
3057 1084 3359 1139 inveniatur
3382 1085 3436 1138 in
3463 1084 3568 1139 vita

1975 1170 2093 1239 ejus
2118 1211 2133 1235 ,
2175 1170 2314 1239 quod
2359 1172 2525 1241 possit
2563 1173 2880 1242 reprehendi
2920 1174 2988 1229 ab
3031 1174 3372 1243 hominibus,
3402 1174 3571 1245 ipsam

1976 1264 2448 1334 praesumptionem
2518 1265 2969 1337 jactationemque
3035 1268 3298 1337 superbia:
3354 1268 3575 1323 damnat

1979 1353 2137 1409 Deus.
2159 1355 2295 1423 Quid
2326 1356 2485 1426 igitur
2512 1358 2597 1423 ﬁt,
2622 1360 2665 1413 si
2694 1375 2753 1414 se
2783 1360 2942 1416 homo
2966 1360 3375 1430 justiﬂcavcrit,
3420 1370 3473 1416 et
3503 1360 3573 1417 de

1980 1444 2180 1514 justitia
2224 1462 2319 1501 sua
2364 1450 2802 1519 praesumpserit?
2841 1451 3011 1506 Cadit.
3058 1451 3113 1508 Si
3150 1453 3497 1508 considerans
3520 1459 3577 1508 et

1978 1538 2219 1607 cogitans
2259 1538 2617 1597 intlrmitatem
2644 1542 2799 1597 ‘suam
2830 1553 2883 1599 et
2913 1559 3241 1614 pricsumeus
3268 1545 3335 1601 de
3360 1545 3575 1603 miseri-

1979 1629 2159 1683 cordia
2189 1630 2281 1685 Dei
2306 1674 2319 1697 ,
2353 1632 2645 1701 neglexerit
2672 1634 2832 1689 vitam
2860 1650 3009 1691 suam
3036 1638 3296 1694 mundare
3323 1654 3353 1693 a
3383 1652 3576 1709 pecca-

1982 1719 2051 1774 tis
2071 1720 2181 1775 suis
2201 1762 2215 1788 ,
2242 1731 2298 1776 et
2323 1736 2382 1776 se
2410 1724 2553 1779 omni
2578 1726 2787 1797 gurgite
2808 1727 3126 1798 ﬂagitiorum
3153 1730 3467 1787 demerserit
3487 1746 3503 1798 ;
3523 1738 3580 1789 et

1981 1810 2096 1881 ipse
2125 1812 2285 1867 cadit.
2319 1813 2675 1887 Praesumptio
2697 1817 2762 1873 de
2782 1818 2984 1889 jusﬁtia
3002 1862 3017 1888 ,
3040 1822 3191 1892 quasi
3212 1822 3429 1879 dextera
3457 1832 3578 1879 est:

1984 1905 2235 1975 cogitatio
2277 1907 2605 1978 impunitatis
2645 1921 3019 1980 peccatorum,
3049 1914 3201 1983 quasi
3228 1915 3443 1971 sinistra
3471 1922 3578 1971 est.

1987 1995 2278 2052 Audiamus
2306 1998 2321 2029 ¹
2371 2013 2554 2055 vocem
2600 2001 2688 2055 Dei
2728 2001 2993 2057 dicentem
3022 2004 3177 2059 nobis
3208 2020 3221 2057 :
3255 2003 3338 2059 Ne
3363 2005 3583 2061 declines

1984 2087 2039 2141 in
2079 2088 2339 2144 dexteram
2380 2101 2466 2144 aut
2504 2093 2763 2147 sinistram
2805 2094 2985 2167 (Prov.
3018 2112 3102 2163 tv,
3131 2096 3245 2169 27).
3277 2097 3353 2154 Ne
3382 2114 3583 2169 praesu-

1986 2195 2104 2235 mas
2139 2181 2207 2236 ad
2237 2198 2458 2253 regnum
2488 2184 2557 2239 de
2580 2184 2783 2256 justitia
2817 2197 2931 2253 tua,
2963 2203 3031 2243 ne
3056 2204 3347 2258 prmsumas
3370 2190 3435 2245 ad
3462 2206 3584 2261 pee-

1987 2273 2215 2329 candum
2255 2274 2323 2330 de
2366 2277 2731 2333 misericordia
2773 2279 2886 2335 Dei.
2934 2281 3016 2336 Ab
3043 2290 3265 2353 utroque
3293 2292 3344 2338 te
3372 2291 3587 2339 revocat

1989 2376 2313 2436 przcceptum
2354 2368 2632 2434 divinum;
2678 2370 2826 2426 etab
2853 2370 2940 2425 illa
2970 2372 3277 2439 altitudine,
3307 2381 3360 2428 et
3389 2372 3457 2426 ab
3484 2374 3585 2430 ista

1989 2457 2368 2527 profunditate.
2425 2459 2555 2516 Illuc
2628 2461 2672 2515 si
2726 2461 3067 2529 ascenderis,
3119 2464 3573 2535 przecipitaberis;

1992 2549 2093 2605 hac
2114 2551 2158 2605 si
2189 2552 2367 2621 lapsus
2391 2551 2553 2608 fueris
2575 2595 2589 2619 ,
2620 2554 2966 2625 demergeris.
2993 2554 3107 2620 Ne,
3133 2556 3340 2624 inquit,
3368 2557 3589 2611 declines

1992 2641 2045 2696 in
2085 2642 2341 2697 dexteram
2384 2654 2470 2698 aut
2512 2645 2788 2700 sinistram.
2824 2645 3018 2701 lterum
3046 2647 3165 2701 dico
3190 2648 3332 2718 quod
3359 2648 3591 2705 breviter

1994 2732 2155 2788 ﬁxum
2196 2750 2382 2791 omnes
2422 2738 2601 2791 animo
2649 2740 2913 2793 teneatis:
2960 2739 3039 2795 Ne
3083 2754 3375 2809 pra-sumas
3415 2739 3484 2795 ad
3506 2755 3593 2797 re-

1995 2842 2154 2897 gnum
2184 2828 2250 2883 de
2272 2830 2475 2898 justitia
2510 2840 2595 2885 tua
2618 2872 2634 2897 ,
2666 2847 2731 2887 ne
2762 2847 3053 2901 praesumus
3077 2833 3143 2887 ad
3175 2833 3499 2903 peccandum
3524 2833 3594 2889 de

1997 2920 2361 2977 misericordia
2410 2922 2527 2976 Dei.
2574 2923 2941 2993 Respondebis
2988 2941 3000 2976 :
3043 2924 3179 2992 Quid
3208 2939 3337 2996 ergo
3362 2922 3594 2980 faciam?

1997 3010 2241 3069 Psalmus
2270 3014 2367 3069 iste
2394 3014 2550 3070 docet
2569 3032 2666 3071 nos
2700 3033 2713 3071 :
2746 3032 2853 3087 quo
2882 3018 3116 3087 perlecto
3145 3028 3306 3089 atque
3332 3025 3591 3087 tractato,

1998 3104 2229 3161 arbitror
2270 3106 2552 3178 adjuvante
2599 3108 2963 3165 misericordia
2991 3110 3234 3177 Domini,
3264 3110 3471 3165 visuros
3495 3124 3595 3166 nos

1999 3200 2136 3255 viam
2180 3200 2266 3256 vel
2311 3200 2395 3257 ubi
2435 3201 2544 3271 jam
2586 3202 2920 3259 ambulemus
2943 3244 2957 3267 ,
2988 3204 3073 3259 vel
3100 3219 3255 3274 quam
3292 3212 3473 3259 tenere
3493 3201 3595 3259 de-

1999 3295 2242 3351 beamus.
2283 3295 2656 3367 Unusquisque
2683 3312 2778 3367 pro
2804 3297 3021 3354 modulo
3051 3312 3147 3352 suo
3171 3297 3384 3363 audiat;
3412 3307 3466 3353 et
3494 3297 3597 3353 sic-

2001 3394 2059 3442 ut
2094 3386 2194 3443 sibi
2235 3388 2479 3443 conscius
2519 3389 2673 3443 fuerit
2698 3431 2713 3455 ,
2754 3390 2826 3444 ita
2868 3389 2952 3446 vel
2988 3388 3167 3446 doleat
3213 3388 3593 3459 corrigendus,

1998 3480 2085 3535 vel
2130 3480 2358 3550 gaudeat
2399 3481 2791 3551 approbandus.
2836 3480 2891 3537 Si
2935 3497 2993 3538 se
3027 3481 3270 3537 deviasse
3298 3480 3593 3550 invenerit,

2001 3574 2187 3629 redeat
2228 3583 2284 3629 ut
2310 3575 2363 3629 in
2389 3575 2470 3628 via
2498 3574 2735 3630 ambulet
2763 3591 2775 3627 :
2809 3575 2853 3628 si
2882 3590 2941 3630 se
2968 3576 3020 3629 in
3046 3575 3129 3631 via
3160 3573 3421 3629 invenerit
3439 3615 3453 3637 ,
3480 3588 3596 3627 am-

2001 3665 2149 3721 bulet
2192 3676 2247 3721 ut
2287 3667 2583 3736 perveniat.
2629 3665 2799 3722 Nemo
2838 3666 2909 3721 sit
2948 3668 3208 3737 superbus
3233 3674 3382 3722 extra
3412 3664 3551 3721 viam
3574 3705 3596 3735 ,

2003 3775 2161 3815 nemo
2194 3759 2341 3830 piger
2370 3759 2421 3813 iu
2450 3758 2552 3813 via.

2074 3852 2127 3906 2.
2157 3852 2308 3907 Hunc
2332 3860 2507 3906 autem
2539 3852 2799 3922 psalmum
2827 3851 2894 3907 ad
2913 3867 3033 3907 eam
3058 3851 3279 3923 gratiam
3303 3849 3594 3921 pertinere,

2005 3958 2109 4014 qua
2159 3944 2432 3999 christiani
2487 3958 2701 4009 sumus,
2746 3952 2969 4000 testatus
3021 3952 3102 4019 est
3142 3942 3414 4014 apostolus
3456 3941 3597 3997 Pau-

2005 4034 2088 4089 lus
2132 4052 2143 4086 ε
2196 4034 2335 4089 unde
2378 4034 2547 4105 ipsam
2593 4034 2875 4091 lectionem
2947 4035 3097 4090 vobis
3154 4036 3257 4106 legi
3310 4033 3594 4090 voluimus.

2007 4126 2119 4183 Hoc
2142 4126 2275 4181 dixit
2300 4127 2606 4197 Apostolus,
2635 4143 2759 4182 cum
2780 4128 3179 4184 commendaret
3196 4128 3452 4199 justitiam
3478 4142 3598 4198 quin

2006 4233 2071 4272 ex
2102 4216 2205 4273 ﬁde
2235 4226 2352 4284 est,
2409 4218 2664 4274 adversus
2700 4234 2795 4274 eos
2840 4220 2928 4289 qui
2971 4219 3264 4289 gloriantur
3302 4219 3370 4274 de
3392 4219 3599 4289 justitiu

2007 4327 2129 4381 quae
2153 4320 2324 4367 estex
2350 4311 2619 4379 Operibus,
2649 4310 2750 4365 hoc
2789 4312 2863 4365 ait
2892 4328 2905 4364 :
2943 4310 3079 4377 Quid
3120 4327 3240 4381 ergo
3265 4311 3489 4365 dicemus
3510 4312 3597 4365 in-

2008 4403 2201 4457 venisse
2221 4403 2477 4455 Abraham
2505 4412 2697 4470 patrem
2719 4411 2944 4455 nostrum
2967 4402 3241 4455 secundum
3261 4402 3509 4456 carnem?
3533 4400 3599 4457 Si

2008 4496 2141 4551 enim
2180 4495 2439 4549 Abraham
2481 4510 2543 4548 ea:
2566 4493 2799 4564 Operibus
2822 4494 3138 4565 justiﬁcatus
3167 4502 3259 4559 est,
3290 4492 3435 4547 liabet
3483 4492 3599 4565 glo-

2008 4588 2175 4656 riam,
2203 4587 2291 4642 sed
2317 4604 2419 4641 non
2443 4586 2512 4640 ad
2538 4585 2701 4639 Deum
2740 4586 2917 4656 (Rom.
2949 4602 3019 4651 tv,
3055 4587 3105 4653 l,
3130 4585 3209 4655 ‘2).
3238 4585 3457 4639 Avertat
3484 4584 3601 4654 ipse

2012 4684 2152 4739 Deus
2180 4698 2208 4737 a
2235 4681 2390 4737 nobis
2435 4681 2592 4737 talem
2636 4680 2881 4752 gloriam,
2923 4690 2976 4736 et
3042 4679 3169 4734 illud
3206 4679 3379 4749 potius
3418 4678 3601 4735 audia-

2009 4791 2128 4830 mus
2157 4790 2171 4828 :
2202 4773 2300 4841 Qui
2325 4774 2592 4845 gloriatur,
2621 4773 2674 4827 in
2691 4770 2911 4826 Domino
2936 4772 3178 4843 glorietur
3204 4770 3245 4840 (Ι
3271 4771 3387 4825 Cor.
3416 4786 3454 4836 ι,
3479 4770 3596 4841 51).

2009 4865 2155 4921 Multi
2184 4866 2327 4922 enim
2355 4866 2647 4937 gloriantur
2676 4862 2743 4919 de
2768 4864 3040 4935 operibus,
3070 4873 3124 4918 et
3168 4863 3373 4919 iuvenis
3400 4863 3598 4919 multos

2011 4976 2246 5033 paganos
2282 4969 2557 5031 propterea
2588 4958 2727 5012 nolle
2754 4958 2866 5013 ﬁeri
2896 4957 3214 5013 christianos
3236 5000 3249 5025 ,
3280 4957 3401 5028 quia
3441 4972 3598 5028 quan

2012 5053 2283 5109 sufﬁciunt
2308 5053 2405 5108 sibi
2436 5053 2503 5108 de
2534 5052 2669 5107 bona
2693 5052 2799 5107 vita
2828 5066 2944 5107 sua.
2970 5052 3113 5107 Bene
3136 5052 3313 5107 vivere
3341 5066 3475 5122 opus
3495 5058 3600 5118 est,

2013 5146 2087 5199 ait
2117 5164 2131 5200 :
2164 5144 2286 5215 quid
2313 5144 2443 5199 mihi
2468 5153 2831 5215 prmeepturus
2857 5153 2939 5199 est
2967 5143 3249 5199 Christus?
3276 5142 3497 5200 Utbene
3521 5143 3603 5199 vi-

2011 5238 2169 5292 vam?
2211 5237 2329 5292 lam
2364 5237 2499 5293 bene
2546 5238 2668 5293 vivo
2717 5255 2731 5292 :
2782 5237 2908 5307 quid
2962 5238 3091 5292 mihi
3142 5237 3478 5293 necessarius
3514 5244 3602 5295 est

2010 5331 2257 5387 Christus
2278 5331 2302 5385 ?
2323 5330 2536 5387 Nullum
2565 5330 2908 5387 homicidium
2932 5371 2949 5399 ,
2979 5332 3180 5387 nullum
3210 5330 3435 5396 furtum,
3479 5330 3602 5387 nul-

2012 5424 2115 5478 lam
2144 5425 2380 5494 rapinam
2419 5424 2576 5492 facio,
2618 5442 2705 5481 res
2732 5426 2934 5482 alienas
2960 5440 3067 5480 non
3087 5422 3429 5494 concupisco,
3456 5423 3603 5479 nullo

2012 5514 2275 5571 adulterio
2314 5518 2672 5572 containinor.
2703 5517 2835 5572 Nam
2860 5516 3162 5573 inveniatur
3189 5514 3386 5585 aliquid
3413 5515 3466 5569 in
3495 5515 3604 5571 vita

2014 5622 2132 5663 mea
2155 5607 2296 5678 quod
2326 5608 2773 5679 reprehendatur,
2809 5617 2864 5665 et
2894 5608 2984 5678 qui
3010 5605 3416 5677 reprehenderit
3443 5604 3605 5663 iaciat

2013 5699 2378 5757 christianum.
2413 5702 2583 5758 liabet
2617 5702 2862 5772 gloriam,
2893 5699 2987 5756 sed
3016 5714 3121 5754 non
3167 5696 3235 5754 ad
3262 5697 3449 5754 Deum.
3484 5696 3605 5756 Non

2013 5801 2190 5850 autem
2216 5794 2294 5850 sic
2320 5803 2470 5866 pater
2494 5802 2679 5850 noster
2710 5792 3002 5850 Abraham.
3029 5789 3157 5849 lim
3194 5790 3340 5850 enim
3380 5797 3601 5850 senten-

2079 5950 2098 5983 ⁸
2122 5949 2313 6017 Aliquot
2334 5947 2766 6015 uss..4udivtmus.
