4032 6464
476 388 591 449 asa
1660 387 1746 448 Is.
1775 381 2147 448 numam
2166 386 2494 448 armum
3277 343 3280 346 ’
3634 398 3764 465 πο

474 507 563 564 aia
582 504 878 579 Scriptura:
903 502 987 563 iad
1002 503 1275 565 ‘hocmltt
1288 503 1640 563 interitionem
1664 512 1906 562 nostram
1922 503 2063 561 adiri-

470 616 629 675 gere.
650 602 806 671 Quia
849 599 1270 670 eiihnilfatemur,
1299 609 1356 658 et
1377 600 1492 673 ipsa
1518 608 1603 658 est
1640 599 1775 656 ﬁdes
1796 606 1981 656 nostra
1998 597 2070 655 de

481 702 673 750 sancto
693 692 997 751 Patriareha
1014 734 1028 759 ,
1056 692 1375 764 qui'placuit
1415 693 1524 749 Deo
1547 699 1653 761 ,*ut
1678 690 1920 748 dicamus
1945 705 2070 747 eum

480 796 540 845 et
565 786 871 844 noverimus
898 785 976 842 ad
1004 786 1177 843 Deum
1207 785 1407 843 habere
1449 786 1673 858 gloriam
1696 826 1711 853 ,
1748 785 1823 841 ait
1843 784 2072 855 Aposto-

482 880 570 936 lus
598 898 613 935 :
643 880 801 935 Certe
825 888 1010 934 notum
1030 885 1116 934 est
1137 878 1293 934 nobis
1306 887 1360 935 et
1376 875 1735 946 manifestum,
1763 878 1886 948 quia
1901 876 2071 931 Abra-

483 970 608 1026 ham
635 971 898 1028 adFDenm
927 970 1086 1027 habet
1109 971 1335 1043 gloriam
1366 989 1378 1025 :
1411 979 1468 1027 at
1491 971 1536 1026 si
1564 985 1629 1026 ex
1648 968 1902 1040 operibus
1917 966 2072 1039 justi-

460 1064 671 1120 ‘licatus
686 1070 771 1120 est
785 1062 1076 1132 Abraham,
1092 1065 1252 1121 habet
1267 1064 1513 1134 gloriam,
1532 1062 1758 1119 sed‘non
1777 1061 1843 1116 ad
1869 1062 2033 1116 Deum
2053 1076 2067 1114 :

482 1154 552 1210 ad
580 1155 747 1211 Deum
773 1163 952 1211 autem
985 1154 1145 1210 habet
1162 1156 1415 1226 gloriam;
1447 1169 1553 1209 non
1583 1168 1711 1223 ergo
1729 1168 1795 1209 ex
1822 1150 2072 1222 operibus

464 1248 801 1320 justiﬁeatus
845 1256 947 1307 est.
978 1248 1035 1304 Si
1076 1262 1204 1319 ergo
1234 1263 1339 1303 non
1382 1262 1450 1303 ex
1477 1246 1729 1317 operibus
1750 1243 2072 1317 justiﬁeatus

480 1350 568 1400 est
593 1341 882 1406 Abraham,
905 1341 1045 1397 unde
1064 1338 1385 1412 justiﬁeatus
1407 1339 1532 1396 est?
1558 1338 1828 1409 Sequitur,
1863 1346 1918 1393 et
1943 1335 2073 1391 dicit

459 1432 624 1489 tunde
652 1450 666 1487 :
699 1431 838 1498 Quid
868 1432 1002 1486 enim
1048 1431 1318 1502 Scriptura
1345 1430 1510 1492 dicit?
1535 1428 1587 1484 id
1613 1436 1728 1493 est,
1759 1427 1914 1484 Unde
1942 1426 2071 1482 dicit

456 1522 751 1595 Scriptura
778 1522 1122 1594 iustiﬁcam
1145 1522 1415 1577 Abraham
1435 1520 1707 1576 ?-Credidit
1724 1528 1893 1575 autem
1910 1517 2071 1574 Abra-

454 1616 602 1671 ulurm
624 1613 756 1684 Deo,
775 1624 1133 1685 attrequ
1161 1623 1234 1668 est
1256 1613 1332 1668 illi
1360 1612 1429 1667 ad
1448 1612 1704 1685 justitiam
1725 1610 1902 1681 (Rom.
1920 1610 2068 1676 tv,-5;

456 1708 727 1776 *Genuxv,
756 1708 832 1779 6).
857 1709 998 1780 Ergo
1023 1723 1091 1764 ex
1118 1708 1221 1763 ﬁde
1246 1707 1567 1778 justiﬁestus
1589 1714 1675 1761 est
1704 1704 1995 1760 Abraham.

552 1804 607 1859 5.
637 1801 755 1857 lam
780 1801 870 1871 qui
896 1799 1047 1855 audit
1071 1842 1087 1867 ,
1124 1814 1237 1854 non
1262 1813 1328 1854 ex
1366 1798 1649 1868 operibus,
1681 1795 1775 1852 sed
1810 1810 1881 1852 ex
1924 1795 2065 1863 ﬁde;

462 1896 728 1953 ebservet
749 1892 893 1951 illam
910 1894 1248 1965 voraginem,
1280 1893 1349 1949 de
1365 1908 1468 1964 qua
1496 1893 1705 1949 loeutus
1730 1906 1849 1947 sum
1870 1909 1884 1945 :
1904 1890 2069 1947 Vides

466 2000 607 2059 ergo
627 2029 641 2053 ,
692 1988 814 2059 quia
843 2002 908 2043 ex
952 1986 1091 2055 ﬁde,
1122 2001 1227 2041 non
1252 2001 1325 2040 ex
1350 1984 1602 2055 operibus
1628 1983 1946 2056 justiﬁeatus
1986 1990 2071 2039 est

457 2079 749 2136 Abraham
771 2076 1009 2145 ;!faeiam
1036 2093 1166 2150 ergo
1186 2076 1446 2149 quidquid
1475 2077 1619 2142 volo,
1653 2076 1777 2148 quia
1796 2075 1900 2132 etsi
1930 2074 2069 2131 bona

466 2185 640 2245 ψει-ε
670 2185 777 2227 non
808 2170 1070 2239 habuero,
1102 2179 1156 2227 et
1186 2179 1393 2226 tantum
1441 2168 1721 2225 credidero
1764 2170 1817 2224 in
1863 2168 2064 2237 Deum,

472 2264 770 2336 deputatur
794 2264 923 2322 mihi
953 2264 1021 2321 ad
1037 2262 1405 2336 justitiam.'Si
1440 2262 1583 2318 dixit
1618 2271 1673 2318 et
1699 2261 2066 2330 decrevit,‘la-

477 2371 611 2430 psus
636 2356 919 2415 demersus
945 2365 1030 2413 est
1060 2375 1074 2412 :
1099 2358 1143 2413 si
1164 2355 1347 2412 adhuc
1365 2357 1562 2428 cogitat
1587 2363 1643 2413 et
1658 2352 1896 2423 fluctuat,
1925 2354 2069 2425 peri-

468 2449 712 2507 clitatur.
748 2448 1040 2520 ‘Scriptura
1088 2457 1267 2505 autem
1309 2449 1403 2505 Dei
1456 2463 1721 2520 verasque
1742 2447 2064 2516 intellectus,

475 2557 586 2601 non
603 2544 775 2599 solum
804 2542 1198 2615 periclitantem
1214 2558 1245 2598 a
1268 2543 1506 2614 periculo
1534 2543 1741 2608 liberat,
1772 2541 1867 2598 sed
1896 2549 1950 2598 et
1967 2541 2065 2597 de-

477 2646 715 2692 mersum
732 2649 764 2689 a
788 2633 1059 2706 profundo
1086 2634 1280 2691 elevat.
1312 2635 1631 2706 ReSpondeo
1659 2649 1788 2706 ergo
1813 2644 2064 2704 tanquam

400 2746 405 2747 ί
466 2727 1028 2799 contra-Apostolum,
1073 2736 1130 2785 et
1173 2728 1296 2785 dico
1330 2728 1397 2785 de
1438 2728 1554 2799 ipso
1590 2726 1893 2793 Abraham,
1921 2723 2063 2796 quod

452 2819 780 2877 invenimus
794 2820 1039 2876 etiamin
1063 2819 1301 2891 Epistula
1326 2820 1544 2876 alterius
1580 2818 1827 2890 apostoli,
1851 2818 1945 2889 qui
1971 2832 2065 2873 vo-

460 2910 620 2969 lebat
638 2912 907 2985 corrigere
926 2910 1196 2979 hemines,
1229 2912 1320 2983 qui
1335 2912 1476 2967 male
1502 2911 2063 2978 inteilex'erantistum

400 3038 405 3043 -
468 3004 801 3075 apostolum.
832 3004 1065 3061 Jacobus
1092 3005 1235 3061 enim
1270 3005 1324 3059 in
1352 3005 1589 3075 Epistola
1618 3018 1735 3073 sua,
1762 3011 1947 3061 contra
1968 3018 2064 3060 eos

460 3098 565 3169 ‘qui
588 3098 843 3154 nolebant
872 3097 1007 3154 bene
1030 3097 1247 3169 operari
1269 3096 1337 3153 de
1371 3097 1484 3153 sola
1513 3097 1619 3154 ﬁde
1645 3105 2059 3169 praesumentes,

458 3191 642 3262 lipsius
684 3190 920 3248 ‘Ahra’hac
975 3206 1141 3262 opera
1193 3191 1611 3257 commendavit,
1659 3191 1811 3261 cujus
1867 3190 2062 3246 Paulus

454 3281 635 3339 {idem
666 3299 679 3337 :
702 3290 760 3338 et
792 3296 904 3338 non
930 3291 1054 3337 sunt
1082 3282 1182 3337 sibi
1212 3282 1418 3339 adversi
1442 3281 1702 3352 Aposteli.
1727 3280 2060 3337 Dicittautem

458 3374 880 3445 «opus-omnibus
927 3382 1112 3429 notum
1132 3414 1146 3439 ,
1175 3373 1443 3430 Abraham
1474 3373 1641 3429 ﬁlium
1680 3389 1834 3429 suum
1863 3373 2059 3430 immo—

454 3465 692 3522 llandum
720 3466 853 3522 "Deo
895 3466 1088 3523 obtulit
1121 3465 1329 3537 (Jacobi
1374 3482 1430 3534 ιι,
1459 3466 1581 3538 2t).
1613 3466 1858 3537 Magnum
1887 3480 2056 3537 opus,

476 3559 576 3616 sed
634 3574 699 3615 ex
778 3559 901 3615 title.
970 3559 1152 3614 Laudo
1211 3559 1783 3631 superaediﬁcationem
1842 3560 2055 3630 operis,

396 3684 401 3689 α
453 3652 566 3709 λεεά
606 3652 932 3708 'videoﬁdei
981 3650 1385 3708 fundamentum
1420 3669 1434 3706 :
1467 3651 1625 3707 laudo
1670 3651 1900 3707 fructum
1931 3652 2058 3708 boni

470 3742 682 3813 operis,
711 3742 803 3797 sed
835 3744 886 3796 in
932 3742 1036 3798 ﬁde
1060 3757 1290 3813 agnosco
1321 3742 1578 3797 radicem.
1632 3740 1689 3798 Si
1729 3751 1907 3798 autem
1954 3742 2059 3800 hoc

448 3831 841 3903 Tprteterﬁdem
870 3844 1069 3887 rectam
1097 3834 1293 3888 faceret
1316 3832 1606 3897 Abraham,
1638 3833 1767 3888 nihil
1796 3832 1872 3888 illi
1899 3833 2059 3905 prod-

440 3931 617 3977 ‘tesset
643 3922 1027 3992 qualecumque
1070 3921 1201 3977 illud
1241 3938 1375 3994 Opus
1402 3932 1566 3979 esset.
1592 3924 1844 4001 ’Rursum.
1882 3925 1929 3981 si
1980 3927 2058 3983 sic

444 4020 677 4068 ~teneret
704 4013 861 4068 ﬁdem
898 4012 1292 4080 Abraham-nt
1335 4030 1457 4071 cum
1492 4016 1543 4071 ei
1585 4015 1725 4072 Deus
1770 4017 2057 4088 imperaret

454 4104 662 4168 offerre
688 4106 791 4160 sibi
828 4106 1225 4162 immolandum
1267 4107 1432 4162 ﬁlium
1468 4123 1621 4164 suum
1642 4151 1657 4177 ,
1688 4110 1889 4165 diceret
1913 4110 2055 4182 apud

446 4199 849 4268 memetipsum,
881 4199 1013 4255 'Non
1058 4199 1231 4268 facio,
1277 4208 1333 4257 et
1375 4211 1551 4269 tamen
1600 4203 1765 4260 credo
1791 4205 1915 4275 quia
1965 4220 2055 4261 me

456 4290 631 4346 etiam
683 4300 1113 4347 contemnentem
1165 4293 1314 4363 jussa
1358 4308 1453 4350 sua
1483 4294 1677 4351 liberat
1716 4296 1888 4364 Deus;
1921 4296 2055 4354 ﬁdes

466 4381 587 4439 sine
608 4384 863 4454 operibus
907 4392 1117 4439 mortua
1156 4394 1333 4452 esset,
1365 4394 1419 4440 et
1462 4395 1715 4457 tanquam
1747 4387 1900 4444 radix
1937 4390 2053 4444 sine

450 4476 641 4533 'fructu
667 4478 864 4533 sterilis
891 4486 1050 4548 atque
1075 4478 1222 4533 arida
1251 4489 1573 4535 remaneret.

538 4572 593 4625 4.
621 4570 757 4638 Quid
798 4570 979 4642 ergo?
1029 4572 1295 4627 Debemus
1348 4574 1490 4628 nulla
1530 4586 1693 4644 opera
1737 4588 2051 4646 praeponere

442 4661 612 4729 'ﬂdei,
645 4661 700 4716 id
740 4670 823 4717 est
859 4672 917 4716 ut
944 4671 1068 4718 ante
1118 4663 1274 4718 ﬁdem
1307 4703 1321 4728 ,
1353 4664 1632 4734 quisquam
1659 4665 1868 4722 dicatur
1914 4667 2049 4725 bene

448 4753 763 4822 operatus?
803 4753 877 4808 Ea
927 4754 1070 4810 enim
1126 4755 1237 4825 ipsa
1265 4769 1426 4828 opera
1475 4772 1595 4828 quae
1638 4758 1888 4816 dicuntur
1925 4771 2049 4818 ante

454 4845 647 4912 iﬁdem,
674 4847 919 4918 quamvis
946 4847 1226 4903 videantur
1249 4848 1557 4905 hominibus
1592 4850 1895 4921 laudabilia,
1930 4854 2043 4908 ina-

462 4939 550 4996 nia
579 4948 724 4996 sunt.
753 4938 828 4995 Ita
854 4940 984 4995 mihi
1027 4941 1273 4997 videntur
1297 4957 1437 5010 esse,
1474 4953 1533 4998 ut
1584 4958 1789 5016 magnae
1818 4946 1957 5000 vires
1994 4955 2049 5002 et

436 5047 653 5089 auersus
677 5033 1204 5105 eelerrimusprmter
1228 5037 1389 5091 viam.
1415 5036 1584 5092 Nemo
1608 5053 1735 5108 ergo
1773 5048 2049 5109 computet

438 5124 615 5181 ’bona-
638 5134 1073 5196 opera-sua‘ante
1100 5125 1310 5197 ﬁdem;
1338 5127 1427 5181 ubi
1452 5122 1718 5183 ﬁdesinon
1763 5138 1914 5195 erat,
1947 5130 2046 5185 ho-

436 5230 589 5272 mum
614 5230 750 5286 opus
771 5230 875 5270 non
903 5226 1036 5272 erat.
1069 5216 1274 5272 Bomun
1302 5220 1443 5273 enim
1469 5232 1605 5286 opus
1643 5219 1865 5275 intentio
1893 5221 2042 5292 facit,

432 5307 807 5364 :sintentiouem
847 5307 980 5364 ﬁdes
1027 5308 1227 5380 dirigit.
1271 5308 1384 5363 Non
1436 5308 1591 5364 valde
1614 5309 1878 5369 lattendas
1919 5316 2044 5385 quid

436 5401 625 5457 ξιποαιο
643 5400 817 5468 faciat,
848 5401 1087 5472 sedun
1112 5416 1236 5456 cum
1266 5401 1390 5456 facit
1412 5402 1656 5472 aspiciat,
1679 5418 1786 5475 quo
1815 5404 2044 5464 lacertos

432 5495 669 5565 ιοριίιιιω
720 5494 1121 5565 gubernationis
1150 5493 1384 5564 dirigat.
1414 5493 1536 5551 uFac
1588 5497 1732 5552 enim
1770 5497 2043 5556 hominem

435 5589 655 5659 ~eptime
686 5586 1195 5661 gubernare.va
1219 5627 1236 5653 ,
1258 5586 1663 5658 retsperdidisse
1698 5605 1818 5663 quo
1841 5592 2038 5661 tendit;

430 5681 1465 5753 lquidtvaletiquiakarteutouemtptime
1484 5690 1631 5740 tenet
1648 5725 1664 5751 ,
1692 5685 1894 5757 optime
1918 5702 2037 5744 mo-

412 5773 932 5845 πυκινοάίιιμονιω
973 5770 1245 5839 fluetibus.
1293 5783 1449 5833 cavet
1472 5789 1546 5834 ne
1565 5775 1733 5835 latera
1755 5778 1774 5813 ί
1795 5778 2039 5853 inuigan-

512 5927 533 5961 ι
555 5925 778 5993 Plerique
799 5934 928 5992 vss,
946 5924 1106 5983 lateri.

2156 511 2296 574 tur;
2315 507 2487 562 itantis
2510 515 2596 565 est
2619 500 2852 577 uiri“,
2872 502 3288 585 mixtim
3311 512 3493 574 mini
3530 532 3641 590 quo
3668 537 3758 579 vce

2177 597 2267 666 lit,
2302 609 2460 670 atque
2505 598 2644 657 unde
2673 601 2840 659 velit:
2872 611 2927 660 et
2962 603 3265 673 dicaturci,
3286 606 3679 681 Usquequols;
3710 618 3764 670 ct

2174 690 2339 757 dicat,
2358 691 2558 749 Nescio
2589 711 2602 747 :
2630 702 2723 750 aut
2752 709 2876 752 .non
2906 694 3305 765 dicat,.Nesuio
3325 702 3464 768 ;:sed
3482 702 3650 773 dicat,
3681 705 3764 761 Ad

2176 782 2327 839 illum
2352 794 2564 855 portum
2592 801 2681 853 eo,
2705 803 2805 847 nec
2824 788 2877 844 in
2905 792 3258 860 portum,-sed
3276 794 3331 849 in
3355 810 3482 851 saxa
3507 795 3763 855 festinet?

2174 875 2363 934 Nonne
2413 880 2515 934 iste
2554 890 2754 950 quanto
2802 882 2906 938 sibi
2938 883 3147 941 videtur
3185 886 3244 942 in
3274 889 3394 944 navi
3417 890 3763 961 gubernanda

2176 969 2365 1040 agilior
2390 980 2447 1026 et
2472 972 2780 1042 efﬁcacior,
2814 982 2962 1031 tanto
2999 977 3348 1047 periculosius
3399 997 3518 1037 eam
3553 983 3629 1038 sic
3666 998 3766 1054 gu-

2172 1061 2385 1129 bernat,
2410 1072 2468 1119 ut
2496 1065 3276 1142 admaufragiumproperando
3292 1075 3597 1146 perducat?
3621 1078 3764 1137 Talis

2177 1164 2259 1209 est
2281 1165 2332 1211 et
2358 1157 2446 1228 qui
2472 1159 2671 1229 optime
2692 1163 2858 1218 currit
2883 1176 3079 1234 praeter
3099 1167 3260 1223 viam.
3289 1168 3475 1226 Nonne
3495 1186 3627 1243 ergo
3645 1182 3765 1229 erat

2176 1249 2369 1305 melius
2398 1260 2452 1306 et
2478 1252 2843 1324 tolerabilius,
2875 1265 2934 1312 ut
2983 1268 3127 1315 esset
3152 1262 3479 1333 gubernator
3528 1267 3618 1323 ille
3659 1266 3763 1322 ali-

2176 1353 2376 1414 quanto
2402 1345 2700 1416 invalidior,
2728 1360 2785 1405 ut
2809 1366 2928 1407 cum
2953 1353 3137 1411 labere
3161 1364 3218 1411 et
3240 1358 3416 1428 aliqua
3438 1359 3759 1420 difﬁcultate

2172 1436 2528 1506 gubernacula
2552 1451 2791 1511 regeret,
2841 1454 2896 1500 et
2946 1454 3122 1502 tamen
3157 1458 3364 1506 rectum
3410 1452 3760 1527 debitumque

2176 1542 2389 1585 cursum
2419 1539 2663 1600 teneret;
2696 1540 3144 1608 rursumque-ille
3160 1542 3546 1613 pigriusetiam
3574 1555 3629 1603 et
3654 1548 3759 1603 im-

2177 1619 2439 1689 becillius,
2464 1632 2659 1682 mea.
2676 1626 2728 1681 in
2767 1628 2851 1683 via
2872 1629 3191 1700 ambularet,
3218 1650 3377 1705 quam
3396 1647 3592 1709 praeter
3619 1640 3759 1697 viam

2176 1711 2384 1770 fortiter
2407 1719 2683 1773 curreret?
2709 1720 2952 1791 Optimus
2969 1739 3096 1796 ergo
3123 1725 3209 1782 ille
3229 1728 3398 1797 qui-et
3424 1731 3758 1799 viam‘tenet,

2162 1806 2394 1864 et=hene
2438 1809 2511 1864 lbi
2542 1810 2786 1868 ambulat
2817 1832 2828 1866 :
2862 1818 3135 1888 sequentis
3169 1828 3345 1879 auitam
3372 1824 3511 1895 spei,
3534 1825 3628 1896 qui
3657 1828 3762 1885 etsi

2166 1900 2499 1972 aliquantum
2544 1904 2839 1973 claudicat,
2891 1924 2996 1965 non
3027 1913 3246 1968 omnino
3268 1922 3325 1969 ut
3352 1919 3512 1983 erret,
3546 1922 3759 1976 adtre-

2168 1998 2453 2063 maneat‘,
2503 1998 2598 2053 sed
2645 2002 2980 2073 progreditur
3026 2007 3127 2062 etsi
3181 2008 3457 2079 paulatim.
3498 2010 3761 2072 “Fortasse

2171 2087 2315 2141 enim
2344 2090 2665 2159 sperandum
2717 2103 2820 2160 est,
2849 2110 2973 2151 cum
3013 2111 3118 2169 quo
3162 2100 3333 2157 tendit
3356 2103 3518 2159 etiam
3548 2105 3753 2165 tardius

2172 2189 2572 2249 perventurum.

2245 2269 2296 2325 5.
2328 2271 2486 2342 Ergo,
2512 2272 2730 2340 fratres,
2759 2276 2956 2337 cxﬁde
2990 2279 3311 2350 justiﬁeatus
3337 2294 3418 2342 est
3445 2286 3713 2347 Abraham
3739 2309 3752 2347 :

2170 2362 2267 2417 sed
2294 2363 2339 2418 si
2370 2362 2526 2419 ﬁdem
2555 2381 2718 2437 opera
2750 2384 2857 2424 non
2894 2383 3316 2442 prmcesserunt,
3350 2385 3530 2434 tamen
3572 2392 3757 2440 secuta

2171 2462 2316 2510 sunt.
2349 2454 2611 2529 Numquid
2642 2459 2784 2515 enim
2808 2460 2943 2518 ﬁdes
2976 2471 3063 2519 tua
3090 2466 3289 2523 sterilis
3324 2469 3461 2525 erit?
3484 2470 3540 2527 Si
3563 2474 3759 2532 sterilis

2170 2560 2277 2603 non
2305 2561 2383 2614 es,
2402 2550 2605 2605 sterilis
2634 2566 2738 2607 non
2768 2561 2852 2608 est
2876 2554 3011 2624 ipsa.
3051 2556 3263 2628 Aliquid
3286 2560 3411 2616 mali
3453 2563 3749 2636 credidisti,

2158 2649 2231 2697 'et
2247 2641 2368 2713 igne
2393 2643 2608 2699 malitia:
2638 2652 2743 2701 tuae
2789 2648 3026 2704 radicem
3067 2660 3169 2706 tuae
3210 2651 3333 2708 ﬁdei
3377 2661 3754 2716 concremasti.

2168 2730 2319 2789 Tene
2344 2748 2474 2805 ergo
2499 2734 2655 2793 ﬁdem
2684 2747 3022 2809 operaturus.
3052 2741 3157 2798 Sed
3185 2743 3319 2800 dicis
3342 2788 3358 2813 ,
3406 2745 3520 2803 Non
3551 2747 3656 2806 hoc
3678 2752 3759 2809 ait

2158 2826 2440 2896 apostolus
2457 2827 2667 2884 Paulus.
2690 2829 2800 2885 lino
2821 2831 2923 2887 hoc
2938 2833 3011 2888 ait
3029 2833 3223 2892 Paulus
3238 2839 3511 2909 apostolus
3536 2839 3755 2911 :’Fidcs,

2147 2918 2376 2991 inquit,
2429 2936 2542 2993 quae
2586 2924 3034 2993 per'dilectiouem
3063 2940 3304 3001 operatur
3333 2931 3473 3004 (Gal.
3502 2950 3558 3003 v,
3574 2934 3659 3009 6);
3704 2947 3761 2995 et

2164 3014 2275 3069 alio
2310 3014 2431 3072 loco
2458 3016 2781 3074 :‘Plenztudo
2830 3036 2951 3094 ergo
2983 3022 3126 3094 legis,
3175 3025 3399 3081 charitas
3432 3022 3605 3100 (Rom.
3636 3044 3759 3101 xm,

2148 3104 2283 3177 '10);
2316 3114 2372 3161 et
2393 3106 2497 3162 alio
2529 3109 2646 3165 loco
2680 3128 2692 3164 :
2723 3108 2902 3166 Omnis
2921 3114 3053 3169 enim
3088 3116 3171 3171 lea:
3201 3117 3252 3171 in
3280 3132 3384 3174 uno
3409 3134 3637 3178 sermone
3658 3124 3763 3178 im-

2166 3195 2350 3268 pletur,
2373 3198 2427 3252 in
2450 3214 2507 3253 eo
2530 3201 2665 3271 quod
2683 3204 2927 3273 scriptum
2951 3214 3024 3260 est
3042 3221 3062 3262 :
3086 3202 3282 3281 Diales
3300 3212 3587 3282 proximum
3613 3222 3762 3272 tuum

2164 3295 2412 3360 tanquam
2432 3292 2644 3389 teipsum
2671 3292 2887 3365 (ϐαίη,
2917 3297 3028 3365 ll).
3059 3298 3193 3355 Vide
3216 3302 3261 3356 si
3289 3316 3393 3358 non
3424 3304 3533 3360 vult
3551 3313 3605 3363 te
3622 3321 3761 3389 ope-

2165 3384 2272 3437 rari
2300 3384 2390 3453 qui
2417 3384 2547 3440 dicit
2578 3403 2593 3440 :
2629 3385 2751 3441 Non
2797 3389 3130 3460 adulterabis,
3165 3391 3286 3448 Non
3314 3384 3759 3470 homicidium-fa-

2164 3473 2285 3541 cies,
2316 3472 2436 3530 Non
2461 3479 2856 3548 concupisces,et
2872 3482 2918 3534 si
2941 3482 3077 3551 quod
3101 3486 3335 3539 estaliud
3359 3489 3675 3560 mandatum,
3698 3492 3759 3548 in

2164 3564 2260 3620 Itoc
2282 3583 2510 3623 rerumne
2522 3572 2887 3642 recapitulatur
2910 3591 2923 3628 :
2946 3572 3141 3648 Diliges
3169 3579 3455 3649 proximum
3475 3591 3614 3638 tuum
3637 3591 3763 3641 tau-

2162 3671 2315 3727 quam
2345 3659 2559 3731 teipsum
2590 3662 2831 3717 :dilectia
2856 3665 3075 3736 proximi
3101 3669 3292 3724 malum
3318 3687 3420 3727 non
3461 3685 3702 3743 operatur
3738 3696 3761 3734 .-

2163 3747 2440 3807 Plenitudo
2489 3762 2657 3809 autem
2697 3756 2855 3827 legis,
2907 3758 3129 3815 clmritas
3161 3761 3351 3833 (Rom.
3381 3779 3496 3834 xm,
3528 3764 3586 3832 ‘9,
3616 3767 3685 3825 £0
3707 3769 3754 3840 ).

2162 3842 2429 3915 Numquid
2459 3846 2691 3901 charitas
2721 3849 2985 3918 permittit
3012 3852 3213 3922 aliquid
3253 3855 3377 3910 mali
3411 3864 3462 3913 te
3494 3855 3671 3916 facere
3696 3862 3757 3919 ei

2161 3950 2319 4006 quem
2343 3938 2552 4009 diligis?
2578 3938 2682 3995 Sed
2704 3940 2854 3997 forte
2880 3944 3251 4000 tantummodo
3278 3948 3402 4002 mali
3433 3948 3565 4005 nihil
3584 3949 3754 4022 fauis,

2140 4044 2270 4085 'non
2299 4030 2454 4085 etiam
2489 4032 2687 4102 aliquid
2715 4033 2862 4090 boni.
2890 4033 3122 4107 'Ergone
3150 4038 3173 4069 ³
3213 4037 3444 4095 Charitas
3485 4043 3759 4113 permittit

2158 4130 2218 4177 te
2264 4138 2370 4177 non
2424 4132 2676 4193 prarstare
2727 4126 2981 4197 quidquid
3019 4137 3168 4198 potes
3218 4131 3264 4185 ei
3315 4148 3472 4203 quem
3518 4134 3694 4206 diligis
3727 4137 3758 4193 ?

2159 4211 2344 4269 Nonne
2368 4214 2451 4269 illa
2492 4224 2574 4271 est
2597 4217 2825 4272 charitas
2847 4218 2964 4289 qua:
2990 4230 3110 4277 orat
3149 4223 3309 4278 etiam
3337 4238 3440 4295 pro
3467 4225 3697 4285 inimicis
3727 4229 3757 4286 ?

2150 4304 2299 4376 Ergo
2324 4305 2520 4361 deserit
2546 4309 2775 4364 amicum
2796 4352 2811 4376 ,
2843 4312 2931 4382 qui
2954 4310 3090 4367 bene
3115 4321 3262 4384 Optat
3282 4314 3535 4372 inimico?
3564 4316 3755 4390 Itaque

2157 4396 2204 4451 si
2230 4395 2360 4452 ﬁdes
2381 4398 2497 4454 sine
2522 4399 2803 4456 dilectione
2831 4402 2937 4469 sit,
2970 4403 3086 4459 sine
3114 4418 3275 4475 opere
3301 4406 3422 4462 erit.
3448 4406 3528 4464 Ne
3560 4418 3750 4468 autem

2156 4488 2321 4543 multa
2353 4489 2554 4560 cogites
2575 4490 2639 4545 de
2667 4506 2830 4562 opere
2874 4493 3027 4562 ﬁdei,
3057 4494 3193 4552 adde
3216 4495 3289 4552 illi
3319 4511 3469 4569 spem
3512 4510 3567 4556 et
3603 4499 3752 4558 dile-

2159 4582 2413 4647 ctionem,
2441 4590 2496 4636 et
2525 4582 2630 4638 noli
2669 4586 2903 4655 cogitare
2930 4588 3054 4658 quid
3081 4590 3342 4660 opereris.
3379 4590 3496 4663 Ipsa
3524 4591 3752 4653 dilectio

2158 4679 2348 4720 vacare
2374 4682 2479 4720 non
2516 4677 2709 4737 potest.
2758 4669 2899 4738 Quid
2944 4674 3084 4728 enim
3122 4674 3196 4730 de
3224 4691 3492 4748 quoquam
3522 4677 3751 4738 homine

2155 4757 2315 4812 etiam
2348 4758 2487 4815 male
2513 4772 2785 4830 (speratur,
2822 4765 2920 4819 nisi
2969 4766 3162 4821 amor?
3202 4768 3276 4823 Da
3310 4769 3438 4825 mihi
3464 4781 3752 4832 vacantem

2153 4842 2390 4904 amorem
2420 4860 2473 4905 et
2514 4852 2644 4907 nihil
2670 4866 3007 4924 operantem.
3038 4856 3257 4929 Flagitia
3280 4902 3294 4924 ,
3328 4862 3584 4919 adulteria
3606 4906 3622 4933 ,
3652 4864 3748 4921 fa-

2154 4939 2357 5007 cinora,
2388 4941 2711 5011 homicidia,
2732 4946 2965 5002 luxurias
2993 4964 3202 5019 omnes,
3233 4969 3412 5011 nonne
3430 4971 3583 5013 amor
3603 4971 3745 5029 ope-

2154 5033 2328 5086 ratur?
2353 5032 2520 5105 Purga
2549 5051 2677 5107 ergo
2702 5052 2938 5093 amorem
2970 5049 3116 5096 tuum
3148 5062 3163 5097 :
3190 5059 3382 5116 aquam
3408 5048 3657 5105 ﬂuentem
3686 5052 3745 5108 in

2152 5124 2410 5191 cloacam,
2433 5137 2683 5184 converte
2719 5129 2785 5183 ad
2818 5129 3028 5187 hortum
3060 5151 3072 5185 ε
3099 5137 3540 5210 quales-impetus
3573 5141 3745 5199 habe-

2152 5215 2245 5271 bat
2268 5217 2335 5291 ad
2359 5220 2634 5285 mundum,
2661 5222 2791 5277 tales
2810 5221 3074 5280 habeatad
3095 5228 3575 5288 artiﬁcem‘mundi.
3601 5230 3736 5290 Nutr

2149 5310 2302 5366 vobis
2330 5311 2522 5366 dicitur
2546 5312 2723 5367 :‘Nihil
2752 5315 2976 5371 ametis?
3001 5318 3361 5393 Absit.‘Pigri,
3393 5324 3741 5392 mortui,ode-

2132 5403 2402 5471 ttestandi,
2451 5403 2630 5459 miseri
2675 5405 2823 5461 eritis
2846 5447 2861 5473 ,
2892 5407 2936 5462 si
2983 5409 3115 5465 nihil
3158 5416 3371 5469 ametis.
3404 5415 3612 5481 Amate,
3642 5416 3740 5473 sed

2151 5493 2278 5565 quid
2298 5496 2489 5550 ametis
2510 5496 2704 5551 videte.
2738 5498 2917 5554 Arnor-
2934 5500 3047 5570 Dei,
3072 5517 3223 5560 amor
3244 5506 3474 5576 proximi
3498 5549 3513 5573 ,
3555 5508 3737 5564 chari-

2148 5595 2234 5643 tas
2253 5587 2452 5643 dicitur
2481 5606 2496 5642 :
2516 5603 2671 5649 amor
2693 5589 2900 5662 mu'ndi,
2924 5607 3076 5652 amor
3096 5596 3256 5668 hujus
3282 5600 3462 5655 saeculi
3482 5641 3497 5666 ,
3527 5602 3740 5672 cupidi-

2147 5689 2230 5736 tas
2257 5679 2466 5761 dicitur.
2514 5678 2787 5754 Cupiditas
2824 5685 3150 5757 refrenetur,
3191 5690 3425 5751 charitas
3451 5694 3738 5756 excitetur.

2209 5813 2533 5894 f‘sie‘aliquot:
2686 5818 2774 5894 alii
2796 5834 2932 5886 vero,
2958 5822 3149 5878 οηιπὶηο
3167 5831 3221 5880 ut
3248 5826 3457 5883 luerent.
3472 5827 3611 5894 εδει,
3628 5843 3740 5889 em-

2140 5873 2257 5929 rtino
2275 5873 2533 5939 matiam
2554 5889 2785 5933 remanet.

2210 5941 2442 5993 1|nausa.
2468 5948 2525 5993 Αι
2546 5943 2945 6010 εειᾱηιεενθθιικ.
