4032 6466
264 416 373 481 361

1376 400 1775 478 tantum
1811 402 1880 477 tu
1907 412 2245 485 .PSALMUM
2284 414 2481 478 χχχι.

3442 425 3556 487 262

276 482 390 608 ipsa
404 534 837 619 ,etiim,chpritas
860 534 1002 599 bene
1047 533 1320 607 operantis
1344 534 1437 591 dat
1451 534 1502 591 ei
1527 549 1680 606 spem
1707 532 1861 591 bona:
1973 532 2245 603 accepisse
2289 532 2412 591 ﬁdei
2450 533 2713 606 gratiam.
2761 533 2882 597 Noli
2918 550 3060 615 ergo
3104 551 3440 612 praeualere
3474 542 3557 600 ,αθ

278 631 643 693 conscientiae.
676 630 836 703 Spem
859 630 1001 687 enim
1025 630 1162 701 gerit
1180 629 1318 685 bona
1338 628 1663 684 conscientia
1692 643 1706 683 :
1737 640 1871 697 quo-

278 724 438 781 modo
482 725 626 779 mala
666 723 994 785 conscientia
1048 731 1158 778 tota
1210 722 1266 778 in
1315 720 1687 793 desperatione
1743 726 1865 786 est,

278 818 352 873 sic
383 815 525 872 bona
564 816 892 873 conscientia
931 824 1041 872 tota
1072 815 1124 871 in
1155 830 1272 885 spe.
1318 814 1385 870 Et
1404 822 1561 871 erunt
1601 812 1699 868 tria
1729 810 1865 877 haec,

1972 624 2224 696 operibus
2241 634 2368 683 ante
2394 626 2572 683 ﬁdem.
2596 626 2817 684 Noveris
2843 629 2965 701 quia
2978 638 3325 705 ,peccatorem
3350 641 3404 703 te
3424 633 3560 692 ﬁdes

1974 716 2197 784 invenit,
2229 719 2330 776 etsi
2361 729 2411 775 te
2438 718 2570 775 ﬁdes
2594 718 2712 776 data
2741 718 2865 777 fecit
2893 720 3119 792 justum,
3150 723 3369 796 impium
3405 725 3558 783 inve-

1972 812 2047 867 nit
2071 828 2226 883 quem
2258 812 2459 871 faceret
2493 814 2717 886 justum.
2749 815 2998 887 credenti,
3024 818 3212 891 inquit,
3239 819 3293 874 in
3321 835 3436 875 eum
3473 821 3561 891 qui

277 907 342 963 de
371 907 570 978 quibus
601 906 731 964 dicit
757 906 1082 978 Apostolus,
1137 903 1318 973 Fides,
1348 905 1500 977 Spes,
1531 904 1765 961 Charitas
1805 901 1824 974 (
1848 902 1868 958 l
1958 904 2747 980 justificatimpium,deputatur
2765 907 2893 977 ﬁdes
2912 910 3020 984 ejus
3040 911 3108 975 ad
3110 911 3366 982 justitiam
3382 912 3558 985 (Rom.

276 996 396 1056 Cor.
426 1015 558 1066 xnt,
588 999 798 1069 l5)..Et
823 1000 929 1056 alio
952 999 1070 1055 loco
1098 999 1214 1071 ipsa
1238 998 1372 1064 tria,
1402 996 1496 1054 sed
1520 1013 1618 1069 pro
1644 1011 1740 1067 spe
1768 996 1870 1052 bo-

276 1106 400 1147 nam
443 1092 829 1148 conscientiam
858 1091 1038 1162 posuit
1079 1110 1094 1147 :
1140 1089 1291 1146 Finis
1318 1090 1449 1145 enim
1480 1087 1717 1161 pracepti
1747 1097 1820 1142 est
1851 1127 1867 1153 ,

276 1183 430 1241 dixit.
458 1183 599 1253 Quid
624 1192 708 1240 est
752 1183 872 1239 ﬁnis
895 1184 1189 1255 praecepti?
1217 1183 1334 1252 Quo
1362 1182 1709 1255 perﬁciuntur
1736 1196 1873 1254 prae-

276 1285 453 1347 cepta,
486 1291 597 1333 non
623 1291 732 1348 quo
768 1285 1178 1333 consumuntur.
1219 1276 1389 1331 Aliter
1430 1274 1573 1332 enim
1604 1273 1829 1330 dicimus
1852 1315 1869 1341 ,

278 1368 490 1426 Finitus
539 1378 624 1427 est
665 1369 846 1435 cibus;
894 1370 1050 1426 aliter
1074 1369 1330 1436 dicimus,
1368 1368 1542 1424 Finita
1570 1376 1654 1424 est
1693 1368 1872 1424 tunica

278 1477 396 1534 quae
437 1462 768 1519 texebatur:
799 1461 982 1519 ﬁnitur
1019 1463 1171 1520 cibus
1200 1472 1393 1520 utnon
1415 1463 1524 1530 sit;
1565 1462 1747 1518 ﬁnitur
1790 1471 1873 1518 tu-

277 1556 394 1611 nica
428 1563 489 1610 ut
506 1554 748 1626 perfecta
787 1555 860 1611 sit
889 1573 903 1612 :
931 1562 986 1612 et
1011 1554 1099 1611 hic
1136 1554 1258 1612 ﬁnis
1301 1554 1515 1623 dicitur,
1547 1560 1603 1611 et
1631 1554 1725 1611 ibi.
1754 1552 1872 1609 Non

276 1660 405 1718 ergo
428 1645 517 1702 hic
539 1645 704 1704 ﬁnem
724 1647 976 1718 praecepti
1002 1646 1155 1715 dixit,
1181 1661 1291 1719 quo
1314 1646 1468 1718 quasi
1489 1655 1711 1717 pereant
1736 1660 1872 1717 prm-

276 1747 469 1809 ecpta;
503 1737 603 1794 sed
642 1753 749 1810 quo
775 1739 1140 1809 perﬁciantur,
1190 1748 1246 1795 et
1272 1747 1730 1804 consummentur,
1765 1752 1870 1793 non

276 1838 689 1885 consumantur.
717 1829 867 1887 Finis
901 1845 1028 1902 ergo
1055 1839 1272 1902 propter
1293 1830 1369 1902 (a)
1402 1831 1499 1886 tria
1529 1830 1618 1885 illa
1653 1847 1667 1885 :
1704 1829 1869 1897 Finis,

277 1920 472 1993 inquit,
505 1922 750 1994 praecepti
776 1931 850 1979 est
871 1922 1097 1978 charitas
1115 1923 1179 1978 de
1197 1924 1347 1978 corde
1369 1940 1517 1995 pura,
1550 1932 1596 1979 et
1615 1926 1873 1980 conscien-

277 2015 347 2069 tia
386 2014 558 2080 bona,
610 2023 658 2069 et
682 2014 787 2085 ﬁde
826 2032 929 2069 non
958 2015 1083 2086 ﬁcta
1112 2015 1157 2086 (l
1182 2013 1314 2071 Tim.
1349 2030 1388 2082 ι,
1419 2014 1502 2087 5).
1530 2015 1634 2072 Pro
1658 2031 1755 2086 spe
1774 2016 1872 2072 bo-

277 2119 399 2161 nam
418 2106 809 2161 conscientiam
838 2106 1035 2177 posuit.
1058 2105 1152 2161 Ille
1174 2107 1315 2163 enim
1339 2116 1537 2177 sperat,
1561 2108 1652 2179 qui
1677 2108 1869 2164 bonam

278 2196 668 2253 conscientiam
691 2196 851 2270 gerit.
883 2198 1052 2265 Quem
1085 2212 1213 2253 vero
1230 2199 1417 2269 pungit
1440 2199 1577 2254 mala
1595 2199 1873 2256 conscien-

278 2288 371 2356 tia,
399 2290 630 2346 retrahit
675 2305 734 2346 se
756 2305 787 2346 a
817 2305 934 2363 spe.
962 2301 1017 2347 et
1045 2306 1153 2347 non
1185 2291 1284 2348 sibi
1314 2300 1494 2361 sperat
1516 2292 1617 2348 nisi
1644 2292 1869 2348 damna-

277 2379 503 2436 tionem.
552 2379 622 2438 Ut
646 2396 774 2453 ergo
797 2391 978 2454 speret
1006 2398 1261 2455 regnum,
1293 2382 1491 2439 habeat
1515 2382 1707 2439 bonam
1738 2398 1870 2440 con»

275 2472 559 2529 scientiam
585 2491 601 2541 ;
635 2483 690 2531 et
715 2482 771 2530 ut
798 2473 993 2531 habeat
1010 2475 1205 2531 bonam
1235 2475 1638 2544 conscientiam,
1665 2476 1870 2545 credat,

275 2574 334 2621 et
359 2577 638 2636 operetur.
666 2567 819 2637 Quod
834 2567 1004 2625 credit
1026 2568 1155 2631 ﬁdei
1176 2578 1278 2633 est,
1301 2569 1443 2640 quod
1468 2577 1721 2642 operatur
1744 2568 1874 2627 cha-

274 2655 453 2713 ritatis
482 2667 584 2713 est.
612 2657 708 2713 Illo
736 2674 865 2730 ergo
904 2660 1023 2715 loco
1054 2676 1085 2715 a
1119 2659 1223 2715 ﬁde
1242 2660 1406 2731 erepit
1434 2660 1750 2732 Apostolus,
1779 2659 1874 2715 Fi-

275 2746 388 2817 des,
408 2746 562 2821 Spes,
588 2748 865 2806 Charitas:
893 2750 1001 2806 alio
1026 2750 1144 2807 loco
1168 2751 1238 2806 ab
1263 2752 1378 2821 ipsa
1397 2751 1658 2809 eharitate
1683 2751 1867 2823 coepit,

276 2837 519 2894 Charitas
538 2839 602 2894 de
624 2839 779 2895 corde
804 2857 950 2912 puro,
984 2850 1032 2895 et
1056 2842 1359 2897 conscientia
1386 2841 1538 2910 bona,
1569 2852 1616 2898 et
1646 2842 1749 2910 ﬁde
1761 2859 1865 2899 non

274 2928 419 3000 ﬁcta.
449 2928 609 2986 Modo
635 2945 733 2985 nos
759 2946 788 2984 a
816 2930 993 2986 medio
1019 2931 1301 3003 carpimus,
1329 2931 1398 2987 ab
1432 2931 1547 3004 ipsa
1583 2932 1866 2989 eonseien~

274 3018 351 3074 tia
377 3028 432 3075 et
477 3032 595 3090 Spe.
640 3020 743 3090 Qui
768 3020 914 3084 vult,
945 3022 1161 3093 inquam
1181 3064 1194 3088 ,
1226 3021 1422 3078 habere
1461 3022 1654 3078 bonam
1684 3037 1867 3094 spem,

277 3109 480 3166 habeat
502 3112 699 3167 bonam
720 3113 1135 3181 conscientiam;
1162 3122 1222 3168 ut
1246 3121 1425 3169 autem
1455 3113 1651 3171 habeat
1672 3114 1868 3172 bonam

272 3202 666 3259 conscientiam
690 3246 705 3271 ,
736 3205 939 3273 credat,
967 3216 1023 3276 ει
1066 3216 1337 3276 operetur.
1362 3207 1405 3262 A
1435 3206 1610 3263 medio
1635 3208 1774 3265 imus
1801 3208 1871 3266 ad

273 3292 490 3349 initium
520 3304 575 3350 et
605 3294 765 3351 ﬁnem
794 3315 808 3351 :
838 3272 1023 3352 credit
1045 3338 1061 3365 ,
1089 3272 1143 3354 dt
1170 3305 1443 3368 operetur.
1475 3297 1631 3367 Quod
1658 3300 1866 3370 credit,

272 3384 403 3442 ﬁdei
443 3395 525 3441 est
556 3404 569 3440 :
597 3386 738 3457 quod
767 3398 1039 3459 operatur,
1069 3387 1341 3444 charitatis
1369 3396 1473 3445 est.

348 3478 403 3532 6.
430 3476 712 3546 Quomodo
762 3494 889 3550 ergo
927 3480 1054 3535 dicit
1080 3481 1366 3549 Apostolus
1388 3480 1666 3551 iustiﬁcari
1693 3482 1869 3539 homi-

272 3582 423 3635 nem,
465 3568 583 3624 sine
629 3570 884 3639 Operibus
929 3587 992 3626 ex
1022 3570 1127 3626 ﬁde
1146 3570 1322 3644 (Rom.
1346 3588 1428 3641 ιιι,
1454 3572 1722 3644 28);cum
1762 3574 1870 3629 alio

266 3659 398 3715 loco
417 3659 560 3715 dicat
594 3680 606 3714 :
641 3659 796 3715 Fides
835 3678 949 3731 qua:
979 3678 1067 3732 per
1107 3663 1425 3717 dilectionem
1470 3675 1708 3735 operatur
1725 3663 1865 3734 (Gal.

256 3763 330 3816 'v,
366 3750 458 3819 6)?
481 3750 598 3805 Non
622 3767 749 3821 ergo
769 3750 1023 3808 JaCobum
1047 3753 1343 3824 apostolum
1366 3753 1550 3824 Paulo,
1580 3755 1672 3811 sed
1691 3755 1867 3828 ipsum

269 3839 500 3897 Paulum
549 3840 651 3913 ipsi
686 3841 852 3897 Paulo
897 3858 1248 3916 apponamus,
1278 3857 1333 3902 et
1360 3846 1602 3903 dicamus
1630 3849 1680 3904 ei
1712 3866 1725 3903 :
1760 3848 1870 3905 Hac

271 3947 376 3989 nos
418 3934 817 4004 quodammodo
872 3939 1133 4006 permittis
1178 3940 1391 4009 impune
1442 3955 1697 4010 peccare,
1746 3956 1869 3997 cum

271 4024 429 4093 dicis,
467 4027 791 4081 Arbitramur
822 4028 1104 4098 justi/icari
1138 4029 1393 4085 hominem
1434 4048 1523 4103 per
1570 4031 1723 4101 [idem
1751 4033 1867 4089 sine

270 4117 509 4187 Operibus
532 4134 553 4172 :
577 4129 631 4174 et
656 4119 756 4174 hac
780 4119 932 4187 dicis,
965 4118 1121 4175 Fides
1148 4137 1260 4193 qua;
1279 4139 1368 4194 per
1391 4122 1707 4178 dilectionem
1747 4141 1871 4195 ope-

278 4220 446 4263 ratur.
488 4210 767 4278 Quomodo
816 4216 916 4268 hac
958 4213 1109 4283 quasi
1151 4227 1370 4270 securus
1413 4214 1502 4282 ﬁo,
1531 4216 1574 4270 si
1614 4226 1865 4288 operatus

272 4315 380 4356 non
408 4300 565 4357 fuero
598 4321 610 4356 :
643 4304 742 4361 hac
779 4313 954 4360 autem
1000 4321 1098 4362 nec
1144 4322 1314 4378 spem,
1349 4324 1447 4365 uec
1495 4310 1661 4382 ipsam
1707 4311 1866 4368 ﬁdem

272 4395 459 4449 videor
503 4396 700 4451 habere
746 4397 962 4462 bonam,
990 4399 1088 4454 nisi
1119 4411 1370 4470 operatus
1407 4401 1561 4459 fuero
1597 4419 1690 4475 per
1736 4405 1871 4461 dile-

272 4487 542 4542 ctionent?
571 4486 822 4558 Teipsum
853 4490 1031 4559 audio,
1055 4492 1330 4562 Apostole.
1364 4495 1521 4550 Certe
1546 4495 1702 4551 fidem
1737 4497 1867 4552 mihi

273 4577 360 4633 hic
387 4582 506 4636 siue
535 4584 790 4652 operibus
823 4584 900 4639 vis
928 4587 1307 4642 commendare
1338 4605 1350 4641 :
1379 4603 1513 4657 opus
1534 4599 1711 4644 autem
1742 4589 1865 4645 ﬁdei

273 4670 493 4728 dilectio
515 4683 634 4741 est;
665 4691 782 4746 qum
820 4676 1036 4733 dilectio
1064 4694 1255 4733 vacare
1282 4695 1387 4735 non
1435 4690 1627 4751 potest,
1660 4682 1762 4738 nisi
1809 4692 1865 4739 et

272 4766 401 4820 mali
426 4767 556 4822 nihil
582 4779 852 4837 operetur,
872 4779 924 4826 et
951 4771 1205 4843 quidquid
1235 4782 1408 4845 potest
1440 4774 1562 4829 boni
1588 4784 1861 4846 aperetur.

273 4856 410 4923 Quid
437 4861 584 4914 enim
617 4860 740 4915 facit
765 4862 1013 4918 dilectio?
1042 4864 1297 4921 Declinaa
1316 4868 1469 4933 malo,
1493 4877 1539 4922 et
1575 4872 1659 4942 {ac
1682 4869 1870 4926 bonum

276 4946 460 5017 (Psat.
505 4966 687 5018 xxxvi,
722 4953 835 5022 57).
890 4954 1035 5010 lianc
1081 4972 1207 5026 ergo
1250 4957 1409 5013 ﬁdem
1459 4959 1574 5014 sine
1613 4963 1865 5031 Operibus

272 5042 652 5110 commendas;
678 5054 732 5099 et
767 5046 871 5100 alio
915 5048 1031 5102 loco
1072 5047 1249 5105 dicis:
1280 5048 1390 5105 Etsi
1424 5052 1578 5121 ﬁdem
1625 5053 1864 5124 habeam,

272 5133 344 5187 ita
364 5146 419 5187 ut
439 5147 633 5192 montes
657 5140 978 5208 transferam,
996 5141 1289 5199 charitatem
1315 5156 1483 5201 autent
1508 5164 1607 5203 non
1629 5149 1863 5221 habeam,

274 5228 406 5281 nihil
432 5229 557 5283 mihi
610 5232 812 5301 prodest
833 5233 884 5305 (l
912 5233 1029 5290 Cor.
1046 5252 1159 5306 xm,
1184 5237 1278 5311 2).
1308 5239 1448 5312 Ergo
1471 5242 1516 5296 si
1543 5242 1671 5298 nihil
1700 5245 1865 5315 prod-

271 5329 356 5376 est
394 5322 527 5378 ﬁdes
569 5322 686 5380 sine
724 5324 1020 5393 charitate,
1067 5328 1299 5386 charilas
1350 5341 1528 5388 autem
1576 5334 1665 5391 ubi
1711 5336 1868 5394 fuerit

271 5402 495 5467 necesse
522 5421 603 5468 est
631 5422 689 5469 ut
730 5428 1002 5487 operetur,
1041 5419 1175 5477 ﬁdes
1223 5422 1332 5492 ipsa
1382 5438 1479 5493 per
1525 5424 1864 5484 dilectionem

270 5512 548 5571 operatur.
581 5503 863 5572 Quomodo
904 5524 1033 5582 ergo
1065 5512 1443 5583 justiﬁcabitur
1488 5517 1648 5575 homo
1673 5536 1768 5590 per
1796 5521 1864 5575 ﬁ-

271 5592 395 5649 dem
419 5596 536 5651 sine
566 5598 853 5668 Operibus‘!
881 5602 1183 5674 Respondet
1205 5608 1319 5678 ipse
1343 5609 1629 5680 Apostolus
1670 5631 1685 5669 :
1734 5613 1865 5670 Pro«

272 5692 457 5756 pterea
486 5686 591 5743 hoc
618 5688 712 5745 tibi
730 5689 861 5758 dixi,
884 5708 917 5749 o
932 5693 1115 5763 homo,
1132 5713 1198 5753 ne
1214 5702 1362 5771 quasi
1391 5701 1457 5757 de
1473 5703 1726 5773 operibus
1755 5708 1860 5764 tuis

272 5789 601 5848 praesumere
648 5782 919 5855 videreris,
944 5797 999 5844 et
1046 5790 1239 5849 merito
1280 5806 1503 5865 operum
1548 5804 1762 5856 tuorum
1809 5807 1863 5858 te

331 5933 410 6000 (ιι)
433 5940 596 6001 Forte,
620 5940 872 6005 precanti.

1971 1012 2045 1065 tv,
2079 997 2158 1069 5).
2186 998 2243 1054 Si
2274 997 2597 1069 justiﬁeatur
2639 1000 2856 1072 impius,
2887 1017 2952 1058 ex
2983 1002 3147 1074 impio
3173 1004 3232 1059 ﬁt
3262 994 3447 1076 'justus
3474 1024 3491 1061 :
3514 1006 3563 1063 si

1972 1102 2040 1143 ex
2067 1089 2234 1160 impio
2259 1090 2435 1162 justus
2465 1091 2544 1160 ﬁt,
2569 1109 2686 1164 quin
2718 1104 2841 1150 sunt
2867 1109 3029 1167 opera
3055 1096 3372 1167 impiorum?
3392 1096 3564 1155 Jactet

1974 1181 2134 1237 etiam
2184 1182 2377 1254 impius
2422 1199 2585 1257 Opera
2633 1200 2750 1255 sua,
2796 1197 2852 1243 et
2899 1187 3078 1245 dicat:
3112 1188 3192 1245 Do
3217 1191 3559 1263 pauperibus,

1966 1270 2104 1326 nihil
2129 1272 2284 1329 alicui
2314 1273 2520 1341 aufero,
2546 1291 2653 1333 non
2681 1292 2904 1334 uxorem
2933 1278 3163 1335 alienam
3213 1280 3559 1353 concupisco,

1975 1377 2081 1418 non
2108 1380 2424 1436 quemquam
2474 1367 2679 1435 occido,
2710 1369 2837 1424 nulli
2877 1369 3115 1428 fraudem
3159 1370 3316 1443 facio,
3344 1373 3562 1446 deposi-

1974 1462 2086 1509 tum
2127 1456 2266 1526 apud
2316 1473 2400 1514 me
2445 1458 2591 1513 nullo
2646 1468 2779 1515 teste
2820 1473 3175 1534 repraesento;
3220 1463 3335 1520 hare
3383 1467 3564 1524 omnia

1975 1544 2117 1602 dicat
2148 1566 2163 1603 τ
2191 1564 2373 1619 quzuro
2403 1560 2577 1606 utrum
2607 1551 2725 1622 pius
2751 1552 2839 1620 sit,
2864 1569 2930 1609 an
2958 1554 3167 1627 impius.
3202 1556 3269 1612 Et
3295 1558 3565 1630 quomodo

1972 1651 2091 1693 sum
2137 1638 2352 1710 impius,
2403 1640 2593 1713 inquit,
2647 1645 2743 1698 ista
2794 1643 3030 1702 faciens?
3056 1647 3335 1717 Quomodo
3371 1650 3469 1716 illi,
3495 1650 3564 1707 de

1974 1727 2167 1799 quibus
2193 1729 2392 1785 dictum
2421 1742 2502 1787 est
2536 1751 2549 1787 :
2582 1731 2651 1787 Et
2682 1735 2957 1790 servierunt
2987 1747 3230 1793 creatum
3249 1740 3564 1812 potiusquam

1972 1816 2220 1885 Creatori,
2251 1823 2336 1892 qui
2361 1832 2433 1877 est
2462 1822 2748 1878 benedictus
2784 1824 2837 1878 in
2861 1826 3048 1882 alecula
3074 1826 3181 1898 (Id.
3214 1844 3253 1897 ι,
3416 1830 3564 1900 Quo-

1972 1909 2136 1965 modo
2161 1927 2219 1966 es
2244 1911 2472 1984 impius?
2499 1913 2635 1982 Quid
2666 1915 2709 1969 si
2737 1914 2803 1969 de
2828 1914 2909 1970 his
2934 1906 3217 1973 omn‘ibus‘
3247 1918 3402 1977 bonis
3430 1935 3563 1993 ope-

1974 2001 2141 2068 ribus,
2170 2012 2263 2058 aut
2302 2003 2427 2058 illud
2458 2019 2641 2074 speras
2666 2006 2807 2076 quod
2850 2008 3170 2078 sperandum
3201 2019 3305 2078 est,
3332 2011 3426 2067 sed
3455 2027 3563 2070 non

1954 2091 2041 2147 'ab
2072 2091 2161 2147 illo
2187 2107 2216 2146 a
2248 2108 2352 2164 quo
2402 2094 2723 2165 sperandum
2769 2105 2880 2166 est;
2906 2108 3001 2154 aut
3042 2099 3146 2156 hoc
3188 2115 3390 2172 speras,
3421 2103 3565 2175 quod

1973 2182 2294 2251 sperandum
2339 2199 2446 2240 non
2497 2194 2597 2252 est,
2652 2187 2811 2242 etiam
2856 2187 2923 2244 ab
2972 2188 3064 2245 illo
3101 2205 3130 2244 a
3186 2205 3292 2263 quo
3364 2203 3564 2252 aeterna

1971 2272 2081 2329 vita
2127 2274 2386 2344 Speranda
2436 2276 2551 2331 εειῖ
2583 2276 2685 2331 Pro
2724 2277 2877 2334 bonis
2915 2281 3165 2351 Operibus
3195 2284 3420 2354 sperasti
3454 2294 3566 2341 ter—

1972 2378 2157 2420 renam
2202 2365 2484 2436 quamdam
2516 2365 2845 2430 felicitatem,
2878 2370 3071 2442 impius
3099 2387 3175 2428 es.
3210 2373 3328 2430 Non
3352 2383 3435 2432 est
3460 2375 3565 2436 ista

1976 2468 2188 2511 merces
2226 2455 2370 2512 ﬁdei.
2429 2456 2564 2512 Cara
2610 2474 2698 2514 res
2752 2470 2834 2515 est
2892 2462 3045 2530 ﬁdes,
3086 2464 3174 2519 vili
3224 2465 3368 2522 illam
3408 2466 3565 2525 addi-

1973 2547 2151 2603 xisti'.
2176 2547 2374 2618 Impius
2398 2565 2525 2620 ergo
2552 2566 2632 2621 es,
2657 2560 2711 2608 et
2762 2554 2907 2609 nulla
2958 2564 3083 2611 sunt
3120 2557 3219 2612 ista
3247 2574 3409 2630 opera
3453 2569 3563 2618 tua.

1956 2636 2190 2696 ‘Moveas
2232 2640 2357 2695 licet
2391 2641 2440 2695 in
2485 2642 2638 2698 bonis
2683 2644 2932 2714 operibus
2967 2645 3219 2718 lacertos,
3252 2658 3307 2705 et
3334 2651 3566 2711 videaris

1974 2728 2153 2785 navim
2200 2731 2400 2801 optime
2446 2734 2766 2803 gubernare,
2800 2736 2853 2791 in
2901 2751 3028 2793 saxa
3076 2738 3316 2797 festinas.
3342 2740 3480 2812 Quid
3518 2743 3567 2802 si

1914 2826 1917 2831 ‘
1976 2819 2120 2892 quod
2143 2822 2464 2892 sperandum
2514 2833 2598 2880 est
2621 2839 2828 2896 speras,
2858 2827 2910 2882 id
2958 2837 3042 2884 est
3081 2831 3242 2886 vitam
3286 2842 3565 2906 aeternam,

1976 2913 2073 2970 scd
2122 2929 2228 2971 non
2258 2931 2290 2972 a
2321 2916 2545 2973 Domino
2598 2919 2710 2976 Deo
2761 2934 2859 2991 per
2894 2921 3079 2979 Jesu‘m
3131 2924 3424 2995 Christum,
3468 2945 3566 3001 per

1973 3021 2132 3078 quem
2162 3008 2334 3065 solum
2358 3008 2516 3066 datur
2541 3012 2646 3067 vita
2671 3021 2902 3083 aeterna;
2926 3017 3020 3072 sed
3042 3028 3197 3090 putas
3218 3028 3270 3077 te
3298 3021 3365 3077 ad
3392 3023 3558 3081 vitam

1970 3104 2226 3155 aeternam
2268 3112 2425 3171 posse
2462 3104 2741 3173 pervenire
2784 3120 2879 3176 per
2906 3107 3151 3165 militiam
3180 3112 3323 3181 coeli,
3354 3128 3452 3185 per
3476 3129 3568 3174 so-

1972 3188 2078 3247 lent
2107 3198 2162 3248 et
2188 3192 2390 3264 lunam,
2409 3208 2505 3266 per
2533 3205 2824 3267 potestates
2844 3200 3070 3269 aeris,et
3102 3205 3286 3275 maris,
3310 3212 3565 3281 et‘terraa,

1972 3292 2028 3339 et
2052 3283 2552 3359 siderum‘llmpius
2600 3303 2678 3345 es.
2711 3288 2883 3348 Crede
2921 3293 2972 3348 in
3020 3310 3141 3351 cum
3184 3292 3273 3369 qui
3313 3299 3567 3370 justiﬁeat

1972 3373 2217 3447 impium,
2272 3385 2330 3433 ut
2373 3380 2580 3449 possint
2624 3388 2679 3436 et
2710 3382 2848 3437 bona
2894 3398 3059 3453 opera
3106 3394 3192 3442 tua
3241 3403 3361 3446 esse
3401 3406 3566 3463 opera

1971 3465 2132 3522 bona.
2153 3467 2285 3524 Nam
2317 3485 2416 3525 nec
2450 3470 2584 3525 bona
2616 3471 2701 3526 illa
2732 3474 3130 3543 appellaverim,
3162 3479 3419 3550 quamdiu
3457 3500 3563 3540 non

1971 3560 2043 3616 de
2084 3560 2263 3618 radice
2305 3562 2444 3619 bona
2489 3566 2799 3634 procedunt.
2828 3566 2973 3634 Quid
3000 3579 3081 3625 est
3112 3570 3245 3627 hoc?
3271 3574 3377 3629 Aut
3400 3574 3562 3632 vitam

1975 3653 2325 3723 temporalem
2352 3654 2419 3710 ab
2444 3662 2645 3712 aeterno
2687 3657 2796 3713 Deo
2841 3672 3049 3728 speras,
3073 3671 3164 3717 aut
3206 3663 3369 3720 vitam
3409 3674 3567 3723 aeter-

1972 3758 2095 3799 nam
2113 3759 2144 3799 a
2166 3744 2500 3803 daemonibus
2519 3761 2707 3817 speras
2732 3766 2745 3804 :
2771 3749 2823 3805 in
2844 3751 3077 3822 qualibet
3096 3762 3245 3823 parte
3270 3755 3461 3827 impius
3482 3774 3561 3815 es.

1972 3834 2192 3908 Corrige
2214 3836 2395 3901 ﬁdem,
2412 3838 2578 3910 dirige
2604 3838 2818 3907 ﬁdem‘,
2841 3841 3011 3914 dirige
3040 3845 3180 3901 viam
3214 3866 3228 3902 :
3260 3857 3313 3904 et
3330 3849 3375 3904 si
3400 3849 3565 3908 habes

1971 3926 2145 3983 bonos
2173 3929 2355 4000 pedes,
2383 3930 2592 3985 ambula
2608 3931 2721 4001 jam
2747 3947 2986 4003 securus,
3010 3940 3186 4006 eurre,
3209 3940 3347 3994 viam
3377 3950 3524 3999 tenes
3548 3962 3564 4000 :

1972 4029 2172 4090 quanto
2216 4023 2406 4077 melius
2454 4026 2772 4091 cucurreris,
2804 4034 2952 4084 tanto
2994 4029 3198 4087 facilius
3245 4036 3551 4105 pervenies.

1970 4110 2079 4169 Sed
2130 4114 2266 4172 forte
2307 4116 2573 4173 claudicas
2621 4119 2973 4191 aliquantum.
3023 4124 3223 4181 Saltem
3256 4144 3286 4183 a
3315 4129 3399 4185 via
3445 4133 3554 4187 noli

1972 4206 2257 4274 recedere;
2283 4210 2383 4264 etsi
2433 4211 2655 4276 tardius,
2707 4223 3058 4283 perventurus
3098 4233 3158 4274 es
3189 4238 3200 4271 :
3231 4220 3341 4277 noli
3387 4239 3566 4281 rema-

1975 4313 2130 4366 nere,
2163 4300 2274 4355 noli
2303 4310 2449 4357 retro
2475 4304 2737 4372 converti,
2768 4306 2874 4363 noli
2902 4308 3138 4365 deviare.

2047 4390 2100 4445 7.
2133 4390 2271 4458 Quid
2305 4395 2467 4463 ergo?
2495 4394 2593 4462 Qui
2634 4405 2756 4450 sunt
2786 4397 2959 4452 beati?
2989 4399 3104 4455 Non
3134 4401 3185 4456 in
3215 4403 3409 4473 quibus
3454 4422 3562 4465 non

1972 4482 2235 4538 invenerit
2275 4484 2416 4540 Deus
2461 4497 2733 4555 peccatum
2759 4505 2773 4543 :
2797 4505 2920 4544 nam
2960 4491 3010 4545 in
3057 4494 3305 4551 omnibus
3336 4496 3560 4557 invenit.

1972 4572 2171 4629 Omnes
2197 4575 2338 4630 enim
2368 4589 2745 4647 peccaverunt,
2773 4590 2826 4635 et
2852 4591 3009 4652 egent
3032 4584 3200 4654 gloria
3232 4586 3324 4642 Dei
3355 4587 3464 4662 (Id.
3483 4607 3562 4660 ιιι,

1970 4662 2089 4730 25).
2121 4664 2176 4721 Si
2206 4680 2336 4738 ergo
2380 4668 2432 4723 in
2463 4670 2710 4726 omnibus
2761 4683 2973 4742 peccata
3000 4675 3360 4746 inveniuntur,
3389 4698 3565 4739 renn-
3598 4711 3607 4719 -

1972 4767 2064 4814 net
2091 4768 2148 4816 ut
2174 4776 2279 4815 non
2310 4763 2416 4818 sint
2443 4764 2605 4833 beati,
2639 4766 2741 4821 nisi
2769 4783 2995 4839 quorum
3038 4773 3259 4828 remissa
3290 4786 3413 4851 sunt
3436 4794 3562 4848 pec-

1973 4859 2112 4907 cata.
2146 4853 2258 4909 Hoc
2287 4869 2413 4927 ergo
2440 4858 2727 4928 Apostolus
2758 4862 2834 4915 sic
2860 4864 3255 4921 commendavit
3283 4885 3298 4923 :
3331 4868 3559 4929 Credidit

1969 4943 2228 5000 Abraham
2272 4945 2403 5014 Deo,
2435 4958 2485 5003 ‘et
2531 4959 2819 5019 reputatum
2848 4961 2919 5007 est
2944 4954 2993 5007 ei
3015 4956 3083 5008 ad
3118 4958 3398 5027 justitiam.
3428 4963 3495 5019 Et
3517 4967 3564 5020 ei

1969 5037 2058 5108 qui
2087 5048 2325 5108 operatur
2363 5037 2436 5112 (id
2468 5049 2569 5106 est,
2604 5040 2670 5096 de
2698 5042 2950 5111 operibus
2977 5052 3271 5118 praesumit,
3294 5060 3349 5107 et
3377 5070 3560 5112 eorum

1967 5129 2160 5184 merito
2176 5130 2275 5185 sibi
2300 5129 2428 5185 dicit
2451 5130 2628 5186 datam
2655 5146 2776 5188 esse
2799 5136 3024 5205 gratiam
3053 5137 3221 5210 ﬁdei),
3254 5160 3444 5219 merces
3461 5162 3563 5202 non

1968 5219 2254 5290 imputatur
2295 5222 2571 5276 secundum
2617 5226 2855 5295 gratiam,
2885 5229 2975 5283 sed
3019 5232 3295 5288 secundum
3341 5238 3564 5295 debitum

1969 5310 2080 5382 (Id.
2110 5327 2183 5380 iv,
2216 5313 2271 5380 '5,
2292 5312 2372 5382 4).
2392 5312 2532 5379 Quid
2562 5326 2643 5370 est
2672 5315 2794 5385 hoc,
2824 5320 3125 5392 nisi'qnod‘
3153 5340 3360 5383 merces
3382 5339 3563 5389 nostra

1966 5404 2135 5475 gratia
2192 5406 2450 5462 vocatur?
2476 5406 2533 5463 Si
2562 5410 2729 5480 gratia
2760 5422 2861 5478 est,
2890 5416 3054 5484 gratis
3078 5416 3251 5473 datur.
3288 5420 3424 5487 Quid
3454 5434 3557 5492 est,

1972 5497 2139 5567 gratis
2184 5495 2373 5553 datur?
2408 5497 2588 5555 Gratis
2643 5512 2872 5559 constat.
2910 5505 3058 5561 ‘Nihil
3113 5509 3235 5564 boni
3266 5507 3473 5581 fecisti,
3502 5526 3556 5571 et

2032 5586 2207 5661 {adds
2232 5595 2353 5661 Ecce
2374 5591 3440 5661 quornodoesimps'ns.‘ltbest,seoce,'atllss.
3465 5607 3560 5659 sed

1965 5660 2055 5761 2:8
2058 5648 2131 5759 iis;
2133 5648 2246 5760 1’(ἐιιο
2268 5648 2453 5703 habent
2478 5654 2554 5704 sic
2578 5669 2589 5703 :
2616 5648 2857 5717 Modo
2876 5670 2929 5709 es
2950 5648 3077 5723 pius,
3219 5648 3563 5720 ἀείΙάῗόιῆιῖιῖ

2057 5747 2071 5771 ,
2101 5746 2197 5760 νυνι

2030 5774 2050 5838 ξ
2075 5771 2299 5838 Plerique
2312 5782 2441 5838 uss,

2031 5833 2054 5905 ξ
2074 5840 2127 5905 in
2144 5833 2250 5886 ηεξ.
2272 5833 2438 5905 deest,
2463 5837 2799 5905 dirige'ﬁdm.

2028 5896 2051 5985 ς
2074 5896 2584 5985 Ιὲἓξειὶίὶὲιξεὲᾃεῖ
2596 5896 2748 5966 οδω,
2773 5901 2896 5966 quid
2913 5911 2985 5959 est
3016 5905 3108 5961 hoc
3123 5906 3144 5962 Ι
3162 5916 3351 5968 Mm
3370 5923 3560 5985 nam,

1944 5965 2588 6028 ~etc.,omisso,uisiquoa.
