4032 6474
524 436 634 505 263

525 556 685 613 datur
728 554 824 612 tibi
870 552 1119 612 remissio
1148 542 1493 626 peccatorum
1512 592 1527 609 .
1560 552 1924 610 Attenduntur
1947 566 2111 624 opera

528 659 638 720 tua,
662 658 718 707 et
741 649 1090 707 inveniuntur
1117 649 1296 704 omnia
1326 649 1486 704 mala.
1519 646 1576 704 Si
1607 647 1749 719 quod
1770 646 1995 703 debetur
2011 644 2118 702 illis

526 746 799 818 Operibus,
832 744 973 801 Deus
1014 743 1286 812 redderet,
1314 745 1496 814 utique
1543 741 1823 797 damnaret
1856 757 1869 795 :
1900 739 2118 811 Stipen-

527 839 674 896 dium
698 840 842 895 enim
882 839 1085 911 peccati
1129 852 1275 894 mors
1303 834 1478 911 (Rom.
1508 851 1585 903 vr,
1610 835 1727 907 23).
1760 834 1909 890 Malis
1934 832 2118 904 operi-

528 931 628 989 bus
653 932 781 1004 quid
809 931 1056 1000 debetur,
1072 931 1176 988 nisi
1194 930 1506 986 damnatio?
1532 929 1695 984 Bonis
1710 926 1836 998 quid
1863 926 2122 981 debetur?

528 1029 773 1103 Regnum
819 1030 1100 1087 caelorum.
1128 1028 1207 1084 Tu
1254 1036 1430 1083 autem
1472 1026 1524 1080 in
1555 1024 1711 1079 malis
1752 1021 2004 1093 operibus
2031 1020 2117 1075 in-

452 1119 454 1123 ’
530 1134 718 1180 ventus
743 1139 802 1180 es
830 1142 843 1178 :
877 1124 923 1179 si
961 1122 1213 1179 reddatur
1243 1119 1336 1176 tibi
1362 1118 1502 1191 quod
1548 1117 1790 1180 debetur,
1822 1113 2120 1186 puniendus

441 1196 451 1254 ἶ
531 1230 612 1271 εε.
662 1214 801 1284 Quid
849 1230 977 1286 ergo
1023 1214 1114 1268 lit?
1167 1212 1282 1268 Non
1334 1210 1427 1265 tibi
1478 1209 1618 1264 Deus
1666 1206 1841 1262 reddit
1887 1205 2120 1260 debitam

532 1323 780 1378 pmnam,
835 1307 931 1362 sed
1002 1305 1168 1360 donat
1235 1301 1524 1357 indebitam
1575 1297 1832 1370 gratiam.
1884 1295 2123 1350 Debebat

530 1401 839 1465 vindictam,
885 1400 976 1454 dat
1018 1395 1421 1469 indulgentiam.
1468 1393 1664 1480 Incipis
1720 1406 1851 1462 ergo
1896 1405 2019 1447 esse
2066 1389 2120 1443 in

530 1491 634 1549 ﬁde
666 1509 759 1564 per
789 1491 1198 1563 indulgentiam;
1226 1490 1336 1560 jam
1364 1488 1495 1544 ﬁdes
1520 1487 1611 1542 illa
1638 1493 1912 1555 assumpta
1946 1499 2041 1555 spe
2067 1490 2123 1538 et

527 1583 814 1641 dilectione
860 1583 1045 1653 incipit
1091 1582 1229 1637 bene
1270 1579 1482 1651 operari
1516 1597 1529 1632 :
1558 1577 1653 1633 sed
1691 1592 1792 1633 nec
1841 1585 1968 1631 tunc
2003 1574 2122 1647 glo-

528 1677 702 1744 rieris,
735 1685 788 1732 et
841 1675 1068 1731 extollas
1094 1683 1145 1730 te
1172 1691 1184 1727 :
1211 1680 1481 1728 memento
1509 1685 1539 1725 a
1567 1685 1673 1740 quo
1701 1669 1752 1724 in
1779 1669 1865 1723 via
1913 1665 2119 1737 positus

530 1772 633 1833 sis;
669 1779 936 1824 memento
966 1766 1089 1838 quia
1134 1773 1189 1821 et
1212 1764 1356 1820 sanis
1383 1763 1606 1834 pedibus
1628 1772 1684 1817 et
1727 1759 1996 1816 velocibus
2029 1774 2119 1814 er-

528 1863 717 1929 rabas;
746 1869 1016 1917 memento
1059 1858 1180 1929 quia
1208 1857 1311 1914 etsi
1336 1856 1645 1927 languebas,
1677 1862 1733 1910 et
1758 1854 1810 1908 in
1847 1853 1930 1907 via
1961 1851 2123 1908 senii-

526 1953 676 2008 vivus
719 1952 955 2023 jacebas,
987 1952 1194 2008 levatus
1220 1965 1281 2005 es
1312 1949 1364 2004 in
1403 1948 1722 2019 iumentum,
1754 1954 1808 2001 et
1835 1944 2121 2015 perductus

524 2044 579 2100 in
606 2045 870 2101 stabulum
895 2043 1045 2116 (Luc.
1070 2059 1126 2111 ι,
1156 2042 1272 2113 50).
1297 2040 1362 2095 Ei
1382 2050 1573 2106 autem,
1604 2037 1794 2109 inquit,
1817 2036 1906 2109 qui
1929 2050 2117 2106 apera-

527 2145 628 2204 tur,
657 2153 843 2193 merces
877 2153 977 2191 non
1021 2136 1298 2206 imputatur
1335 2131 1611 2187 secundum
1651 2129 1889 2201 gratiam,
1920 2126 2009 2181 sed
2036 2142 2119 2181 se-

522 2228 747 2282 cundum
789 2226 1028 2281 debitum.
1068 2225 1125 2279 Si
1174 2224 1254 2278 vis
1299 2238 1419 2278 esse
1457 2221 1664 2276 alienus
1691 2235 1722 2273 a
1747 2218 1936 2290 gratia,
1974 2218 2117 2288 jacta

522 2319 713 2375 merita
758 2328 866 2373 tua.
901 2318 994 2374 Ille
1038 2325 1215 2372 autem
1252 2313 1399 2369 videt
1440 2311 1565 2384 quid
1598 2312 1666 2366 sit
1709 2311 1764 2365 in
1790 2319 1862 2376 te,
1891 2317 1946 2364 et
1972 2308 2118 2363 novit

521 2409 649 2481 quid
675 2410 759 2465 cui
781 2410 797 2440 ¹
813 2408 1023 2464 debeat.
1044 2405 1110 2461 Ei
1138 2423 1251 2461 vero
1279 2404 1364 2477 qui
1393 2420 1493 2458 non
1522 2411 1779 2473 aperatur,
1802 2398 1960 2471 quid?
1979 2398 2117 2453 Ecce

524 2514 666 2570 pone
720 2498 951 2570 aliquem
1004 2498 1223 2569 impium
1276 2504 1634 2566 peccatorem,
1687 2509 1793 2547 non
1835 2500 2112 2561 operatur.

520 2592 657 2661 Quid
686 2592 899 2649 autem?
922 2592 1105 2649 Credit
1134 2600 1312 2646 autem
1331 2591 1351 2622 ²
1383 2589 1435 2645 in
1465 2604 1587 2645 eum
1610 2584 1975 2659 quijustilicat
2007 2583 2112 2638 im-

519 2686 686 2757 pium.
722 2687 799 2742 Ex
823 2702 889 2742 eo
933 2686 1076 2741 enim
1105 2685 1227 2755 quia
1276 2699 1386 2739 non
1431 2691 1679 2753 operatur
1716 2682 1873 2745 bene,
1920 2677 2115 2748 impius

521 2788 606 2837 est
633 2798 647 2835 :
675 2780 776 2837 etsi
818 2780 957 2836 bona
986 2778 1227 2834 videatur
1247 2776 1444 2844 facere,
1466 2785 1664 2841 tamen,
1694 2774 1817 2845 quia
1842 2775 1957 2829 sine
1984 2771 2109 2841 (ide,

518 2887 622 2928 nec
650 2872 787 2927 bona
810 2871 1048 2927 vocanda
1074 2880 1216 2925 sunt.
1233 2867 1464 2923 Credenti
1490 2876 1661 2922 autem
1685 2867 1738 2920 in
1765 2882 1879 2919 eum
1903 2866 1989 2937 qui
2013 2863 2115 2934 ju-

518 2961 704 3031 stiﬁcat
728 2964 960 3032 impium,
991 2962 1263 3031 deputatur
1299 2960 1424 3029 ﬁdes
1449 2960 1559 3029 ejus
1585 2958 1654 3011 ad
1672 2955 2115 3028 justitiam;sicut

512 3048 563 3108 et
591 3052 759 3107 David
784 3053 927 3117 dicit,
960 3050 1318 3106 beatitudinem
1337 3049 1574 3115 hominis,
1606 3048 1689 3102 cui
1731 3046 1870 3101 Deus
1908 3054 2112 3116 accepto

516 3144 613 3216 fert
643 3143 897 3216 justitiam
935 3143 1045 3197 sine
1085 3143 1317 3215 operibus
1343 3140 1521 3211 (Rom.
1549 3156 1623 3208 tv,
1652 3140 1708 3207 5,
1738 3139 1819 3209 6).
1841 3138 2112 3193 Justitiam

518 3243 701 3290 autem
746 3234 946 3305 quam?
979 3232 1148 3300 Fidei,
1177 3247 1336 3303 quam
1381 3232 1518 3286 bona
1549 3246 1710 3303 opera
1743 3246 1851 3286 non
1878 3243 2109 3300 praeces-

515 3332 720 3391 serunt,
745 3325 838 3381 sed
858 3341 1015 3396 quam
1046 3326 1183 3380 bona
1211 3339 1373 3395 opera
1398 3331 1820 3394 consequuntur.

587 3416 643 3473 8.
673 3415 936 3472 lntendite
963 3432 1091 3487 ergo
1132 3431 1229 3471 vos
1258 3431 1273 3471 :
1304 3415 1541 3486 alioquin
1587 3413 1727 3469 male
1769 3413 2110 3485 intelligendo

518 3512 778 3584 projicitis
805 3526 901 3568 vos
947 3513 1001 3566 in
1029 3511 1174 3566 illam
1216 3511 1524 3582 voraginem
1553 3510 1769 3580 impune
1803 3507 2058 3580 peccandi
2091 3526 2106 3565 :

515 3614 570 3662 et
614 3621 714 3677 ego
748 3604 884 3661 liber
908 3609 1049 3672 sdm,
1079 3605 1215 3660 sicut
1253 3604 1368 3675 ipse
1417 3603 1705 3674 Apostolus
1743 3602 1812 3658 ab
1854 3602 2104 3659 omnibus

518 3695 660 3753 male
698 3696 1115 3767 intelligentibus
1165 3695 1301 3751 liber
1328 3693 1445 3749 fuit.
1475 3695 1729 3749 Libenter
1775 3693 1917 3748 enim
1962 3693 2105 3750 male

516 3787 915 3854 intellexerunt,
940 3803 1010 3843 ne
1035 3787 1173 3843 bona
1211 3802 1373 3858 opera
1395 3795 1764 3856 sequerentur.
1794 3784 1967 3841 Nolite
1988 3800 2109 3843 esse

515 3877 584 3935 de
611 3894 835 3934 numero
862 3879 1065 3944 talium,
1098 3879 1306 3934 fratres.
1326 3878 1526 3932 Dicitur
1553 3877 1606 3932 in
1625 3876 1855 3948 quodam
1874 3878 2104 3948 psalmo,

522 3969 592 4027 de
618 3969 1098 4041 quodamliomine
1130 3970 1239 4037 tali,
1276 3969 1327 4024 id
1352 3978 1436 4025 est
1462 3969 1531 4025 de
1558 3970 1646 4024 tali
1695 3985 1911 4041 genere,
1956 3972 2108 4043 quasi

522 4062 593 4119 de
621 4078 726 4118 uno
750 4081 764 4117 :
791 4061 992 4128 Noluit,
1014 4062 1203 4133 inquit,
1234 4063 1508 4133 intelligere
1528 4071 1583 4116 ut
1604 4062 1725 4117 bene
1742 4073 1909 4135 ageret
1934 4062 2103 4137 (Psul.

518 4172 685 4224 xxxv,
708 4157 787 4229 ι).
812 4157 927 4213 Non
960 4156 1159 4213 dictum
1188 4165 1287 4222 est,
1312 4155 1427 4211 Non
1471 4159 1641 4228 potuit
1660 4157 1973 4231 intelligere.
2002 4159 2107 4216 Vos

412 4290 415 4291 ν
515 4265 643 4322 ergo
664 4260 872 4321 Oportet
895 4259 951 4307 ut
972 4250 1144 4306 velitis
1167 4249 1480 4321 intelligere,
1498 4260 1553 4306 ut
1574 4252 1711 4307 bene
1729 4252 1916 4324 agatis.
1940 4251 2106 4310 Intel-

517 4342 686 4399 lectus
705 4343 850 4398 enim
878 4342 1030 4399 vobis
1059 4358 1164 4398 non
1190 4341 1362 4398 deerit
1382 4342 1715 4400 manifestus.
1732 4343 1860 4414 Quis
1886 4353 1970 4401 est
1988 4361 2105 4401 ma-

517 4436 739 4492 nifestus
770 4435 1105 4492 intellectus?
1127 4434 1298 4492 Nemo
1318 4436 1485 4508 jactet
1516 4436 1653 4493 bona
1681 4451 1844 4508 opera
1866 4453 1961 4494 sua
1981 4446 2106 4495 ante

518 4527 702 4595 tidem,
731 4544 890 4584 nemo
918 4529 987 4584 sit
1009 4529 1158 4599 piger
1185 4530 1235 4583 iu
1261 4529 1413 4585 bonis
1446 4531 1696 4600 operibus
1724 4541 1940 4604 accepta
1969 4532 2101 4589 (ide.

524 4619 622 4675 Dat
668 4620 808 4674 Deus
845 4634 972 4690 ergo
1001 4619 1380 4691 indulgentiam
1411 4622 1659 4678 omnibus
1685 4622 1883 4694 impiis,
1909 4634 1961 4680 et
1986 4640 2081 4682 eos

515 4709 774 4782 justiticat
794 4726 862 4765 ex
888 4710 1010 4766 lide.

586 4801 640 4858 9.
671 4800 828 4875 [aers.
859 4802 910 4869 1,
932 4801 1027 4876 2.]
1052 4800 1196 4857 Beati
1229 4802 1249 4834 ³
1280 4819 1492 4873 quorum
1528 4805 1752 4862 remissa:
1777 4817 1891 4862 sunt
1915 4808 2103 4880 iniqui-

515 4904 661 4964 tates,
701 4904 748 4950 et
772 4912 989 4966 quorum
1030 4906 1157 4951 tecta
1183 4904 1301 4951 sunt
1325 4905 1551 4965 peccata.
1576 4896 1765 4953 Beatus
1789 4899 1865 4954 vir
1891 4902 1974 4954 cui
2000 4917 2105 4957 non

512 4987 773 5058 imputavit
815 4985 1063 5043 Dominus
1088 4998 1369 5059 peccatum,
1393 5006 1483 5044 nec
1503 4999 1575 5045 est
1598 4989 1651 5045 in
1687 5008 1774 5047 ore
1801 4993 1909 5064 ejus
1932 4992 2100 5050 dolus.

512 5078 632 5137 lam
658 5079 904 5135 Psaltnus
934 5081 1136 5151 incipit,
1159 5089 1213 5137 et
1236 5082 1424 5153 incipit
1449 5083 1764 5141 intellectus.
1794 5084 2103 5142 Intellectus

514 5186 645 5243 ergo
675 5170 755 5227 vel
784 5171 1126 5243 intelligentia
1151 5172 1264 5243 ipsa
1294 5182 1407 5243 est,
1442 5181 1500 5230 ut
1524 5176 1738 5232 noveris
1762 5191 1863 5235 nec
1897 5176 2103 5248 jactare

516 5277 569 5324 te
593 5266 790 5324 debere
827 5266 894 5323 de
921 5267 1125 5324 meritis
1153 5268 1276 5337 tuis,
1306 5284 1405 5325 nec
1430 5284 1755 5340 pratsumere
1777 5270 1844 5327 de
1870 5273 2103 5343 impuni-

520 5369 629 5419 tate
659 5364 882 5433 peccati.
913 5360 1111 5416 Psalmi
1137 5361 1281 5418 enim
1309 5361 1494 5419 titulus
1522 5363 1592 5419 ita
1624 5372 1743 5419 est:
1777 5362 1914 5419 Huic
1935 5363 2104 5421 David

509 5456 813 5511 intellectus.
832 5452 1230 5527 Intelligentiat‘
1254 5464 1474 5512 vocatur
1502 5457 1743 5529 psalmus
1769 5457 1890 5514 iste.
1919 5458 2100 5515 Prima

573 5571 591 5634 ξ
617 5576 775 5631 Forte,
797 5573 845 5620 et
864 5567 964 5630 cui,
981 5568 1082 5629 vel,
1101 5570 1296 5634 cuique.
1352 5576 1411 5620 It.

571 5632 592 5695 ξ
615 5629 881 5695 Ρριιεριοο,
903 5629 1080 5693 autem,
1100 5629 1386 5695 legendum,
1410 5637 1589 5683 tamen.
1654 5639 1710 5682 Μ.

573 5693 595 5727 ³
720 5692 909 5766 ξειπιεξ-
944 5692 1184 5766 super.“
1232 5694 1499 5766 vastationi
1531 5696 2102 5766 Praxime..9°nitmsiwr

506 5754 665 5819 altera
862 5754 1031 5819 Psalmi
1044 5755 1100 5819 51
1124 5754 1383 5818 expositio.
1406 5764 1464 5807 At
1480 5754 1687 5819 in'prius
1708 5757 1852 5807 editis
1867 5754 1929 5807 ab
1951 5754 2025 5809 E'r.
2051 5765 2105 5807 et

507 5824 618 5870 ιον.
643 5815 910 5884 fuerathoc
926 5817 1032 5870 loco
1064 5815 1352 5882 interposita
1385 5815 1638 5881 Euarrfi,
1660 5832 1805 5884 quam
1830 5820 1986 5870 habes
2015 5832 2101 5871 su-

505 5875 731 5994 "'2'..ch
755 5878 934 6007 ﬁt...
974 5943 1101 5997 Huic
1139 5943 1300 5998 David
1334 5946 1618 6009 ιιιιειιεαω,
1650 5944 1763 5997 edd.
1796 5958 1970 5999 omnes
2008 5944 2097 5999 ba-

1734 439 1793 502 S.
1831 428 2202 498 AUGUSTINI
2236 428 2542 496 EPISCOPI

2225 566 2354 623 ergo
2402 551 2770 623 intelligentia,
2802 559 2860 608 ut
2885 559 2937 610 te
2965 552 3179 612 noveris
3205 563 3566 628 peccatorem.
3598 557 3810 618 Conse-

3707 438 3819 504 ΞΜ

2223 659 2393 719 quens
2418 646 2761 717 intelligentia
2778 655 2881 713 est,
2909 658 2968 703 ut
2992 664 3113 704 cum
3134 665 3199 705 ex
3227 649 3330 707 [ide
3349 666 3446 721 per
3467 650 3817 709 dilectionem

2225 740 2362 796 bene
2390 740 2617 810 coeperis
2645 741 2876 811 operari,
2904 757 2972 798 ne
3002 741 3105 799 hoc
3126 742 3329 799 viribus
3356 744 3477 810 tuis,
3511 744 3607 801 sed
3632 746 3819 817 gratia:

2225 833 2321 889 Dei
2345 833 2706 904 deputaveris.
2739 835 2813 891 Ita
2855 851 2960 891 non
2991 837 3093 892 erit
3116 836 3270 892 dolus
3303 839 3352 892 in
3380 839 3544 894 corde
3575 849 3688 905 tuo,
3719 843 3818 896 hoc

2224 927 2381 983 estin
2406 942 2503 983 ore
2536 929 2791 984 interiore
2842 939 2968 995 tuo;
3001 946 3100 986 nec
3128 930 3271 985 aliud
3306 931 3357 985 in
3385 931 3538 988 labiis
3567 933 3811 995 habebis,

2224 1019 2364 1072 aliud
2395 1020 2446 1073 in
2489 1020 2829 1089 cogitatione.
2866 1020 2981 1075 Non
3023 1025 3131 1078 eris
3153 1021 3221 1079 de
3266 1023 3368 1078 illis
3412 1024 3720 1090 Pliarismis,
3752 1026 3819 1080 de

2224 1111 2421 1181 quibus
2433 1111 2631 1167 dictum
2647 1120 2727 1167 est
2738 1128 2757 1167 :
2773 1111 2977 1167 Similes
2990 1114 3106 1167 estis
3132 1116 3466 1170 monumentis
3479 1117 3758 1180 deatbutis;
3790 1132 3820 1169 a

2227 1202 2351 1271 {oris
2374 1202 2577 1273 quidem
2599 1206 2855 1275 apparatis
2876 1206 3160 1260 hominibus
3174 1208 3321 1276 justi,
3335 1208 3471 1261 intus
3491 1218 3658 1261 autent
3684 1207 3822 1277 pleni

2225 1296 2344 1348 estis
2362 1295 2479 1349 dolo
2508 1305 2554 1350 et
2576 1296 2840 1367 iniquitate
2869 1295 3078 1367 (Matth.
3101 1312 3257 1361 χχιιι,
3280 1297 3396 1370 27).
3420 1298 3517 1366 Qui
3541 1314 3672 1370 ergo
3697 1313 3821 1355 cum

2225 1387 2293 1440 sit
2324 1386 2532 1456 iniqnns
2570 1387 2772 1457 justum
2805 1403 2863 1442 se
2891 1389 3194 1459 praetendit,
3221 1405 3395 1444 nonne
3432 1388 3649 1444 dolosus
3701 1385 3821 1446 est?

2222 1475 2339 1532 Non
2371 1478 2463 1532 ille
2486 1476 2781 1533 Nathanael
2825 1490 2906 1534 est
2929 1522 2942 1546 ,
2975 1479 3041 1535 de
3068 1495 3175 1550 quo
3199 1480 3454 1535 Dominus
3477 1481 3606 1536 dicit
3640 1500 3653 1535 :
3688 1480 3823 1537 Ecce

2223 1583 2337 1624 vere
2357 1567 2595 1625 Israelita
2615 1571 2670 1624 in
2697 1587 2796 1641 quo
2816 1571 2968 1626 dolus
2996 1589 3097 1626 non
3127 1572 3236 1627 est?
3256 1571 3409 1628 Unde
3438 1584 3615 1629 autem
3650 1575 3701 1629 in
3725 1574 3821 1630 illo

2223 1660 2550 1717 Natbannele
2587 1661 2742 1717 dolus
2786 1677 2889 1716 non
2937 1664 3086 1718 erat?
3129 1662 3257 1718 Cum
3300 1681 3448 1729 esses,
3488 1666 3678 1735 inquit,
3723 1665 3817 1720 sub

2224 1754 2401 1807 arbore
2422 1753 2527 1821 ﬁci,
2543 1753 2646 1807 o'di
2665 1764 2712 1807 te
2731 1751 2908 1825 (Joan.
2930 1770 2968 1821 t,
2989 1755 3078 1820 47,
3094 1754 3206 1826 48).
3224 1754 3336 1809 Sub
3360 1756 3549 1811 arbore
3568 1757 3650 1811 lici
3677 1767 3819 1822 erat,

2223 1843 2323 1899 sub
2333 1843 2636 1900 conditione
2646 1846 2821 1901 carnis
2841 1855 2974 1900 erat.
2991 1845 3046 1900 Si
3060 1847 3161 1901 sub
3173 1847 3474 1902 conditione
3486 1848 3660 1902 carnis
3679 1858 3822 1916 erat,

2206 1937 2344 2006 .quia
2366 1936 2635 2004 impietate
2660 1936 2961 2007 propaginis
2985 1937 3292 2003 tenebatur;
3317 1939 3417 1995 sub
3437 1938 3523 1992 illa
3546 1940 3740 1995 arbore
3753 1940 3822 1994 li-

2222 2025 2269 2080 ci
2313 2036 2445 2088 erat,
2472 2027 2531 2080 in
2559 2042 2663 2095 qua
2690 2029 2922 2096 gemitur
2954 2028 3003 2082 in
3027 2028 3131 2082 alio
3174 2031 3416 2099 psalmo:
3444 2031 3572 2086 Ecce
3609 2033 3741 2087 enim
3765 2034 3825 2089 in

2220 2117 2483 2189 iniquitate
2518 2128 2788 2189 conceptus
2824 2120 3280 2194 sum(Psal.t.,7).
3303 2123 3406 2179 Sed
3436 2126 3702 2182 viditeum
3732 2128 3826 2186 ille

2221 2208 2313 2279 qui
2351 2211 2495 2263 venit
2528 2225 2649 2264 cum
2685 2211 2875 2280 gratia.
2903 2212 3040 2280 Quid
3084 2223 3183 2277 est,
3222 2214 3360 2269 Vidit
3385 2216 3544 2271 eum?
3575 2218 3827 2276 Misertns

2221 2309 2304 2355 est
2346 2301 2483 2371 ejus.
2517 2301 2659 2373 Ergo
2682 2302 2950 2359 hominem
2997 2305 3112 2361 sine
3153 2305 3277 2361 dolo
3324 2308 3401 2363 sic
3439 2311 3821 2379 commendat,

2220 2402 2281 2448 ut
2326 2394 2549 2464 gratiam
2586 2411 2735 2450 suam
2767 2397 2817 2450 in
2844 2397 2934 2451 illo
2977 2400 3337 2455 commendet.
3391 2400 3520 2456 Cum
3553 2419 3685 2459 esses
3724 2406 3825 2460 sub

2219 2483 2397 2539 arbore
2422 2485 2525 2554 ﬁci,
2555 2487 2658 2540 vidi
2687 2497 2750 2540 te.
2775 2486 2891 2541 Vidi
2906 2497 2969 2553 te,
2994 2489 3119 2559 quid
3135 2505 3382 2562 magnum
3406 2502 3507 2561 est,
3531 2495 3632 2551 nisi
3663 2498 3828 2553 intel-

2217 2575 2353 2646 ligas
2379 2576 2557 2648 aliquo
2599 2577 2760 2633 modo
2779 2577 3015 2634 dictum?
3054 2580 3190 2649 Quid
3235 2597 3482 2655 magnum
3523 2595 3606 2641 est
3634 2588 3827 2646 videre

2219 2666 2489 2724 hominem
2535 2670 2635 2725 sub
2662 2671 2854 2726 arbore
2874 2671 3062 2728 lici?Si
3086 2689 3190 2729 non
3212 2675 3433 2732 vidisset
3456 2678 3555 2733 sub
3585 2679 3681 2734 ista
3711 2678 3826 2737 licu

2216 2773 2384 2830 genus
2423 2762 2714 2817 humanum
2752 2762 3019 2832 Christus,
3050 2776 3138 2821 aut
3175 2782 3541 2824 aresceremus
3571 2772 3822 2837 omnino,

2216 2862 2329 2921 aut,
2365 2856 2634 2926 quomodo
2682 2856 2956 2925 Pharisaei,
3013 2858 3064 2912 in
3104 2858 3295 2929 quibus
3359 2859 3515 2915 dolus
3567 2870 3699 2927 erat,
3762 2862 3825 2920 id

2216 2956 2319 3016 est,
2360 2947 2715 3019 justiﬁeabant
2754 2965 2814 3007 se
2841 2951 3039 3019 verbis,
3085 2950 3238 3007 factis
3266 2962 3444 3008 autem
3474 2955 3597 3009 ntali
3637 2965 3819 3025 erant,

2216 3038 2337 3095 folia
2354 3041 2466 3095 sola
2490 3041 2854 3097 invenirentur
2871 3043 2924 3097 in
2940 3043 3113 3111 nobis,
3131 3059 3236 3098 non
3260 3043 3482 3099 fructus.
3501 3044 3630 3100 Nam
3652 3047 3820 3104 talem

2214 3132 2462 3188 arborem
2490 3134 2574 3187 lici
2610 3135 2822 3204 quando
2841 3136 3245 3206 vidithristus,
3275 3138 3565 3207 maledixit,
3580 3141 3817 3197 etaruit.

2216 3221 2403 3291 Video,
2427 3223 2618 3295 inquit,
2634 3225 2748 3281 sola
2778 3224 2924 3294 folia,
2943 3228 2992 3282 id
3008 3238 3090 3284 est
3118 3230 3230 3285 sola
3251 3231 3430 3296 verba,
3462 3231 3662 3302 absque
3701 3233 3818 3289 fru-

2213 3326 2306 3374 ctu
2327 3318 2562 3374 :Arescat
2578 3319 3025 3395 (Matth.xx1,i9),
3045 3325 3236 3395 inquit,
3251 3335 3309 3380 ut
3334 3342 3433 3382 nec
3457 3326 3576 3381 folia
3596 3327 3817 3384 habeat.

2216 3410 2410 3481 thuid
2453 3422 2507 3469 et
2547 3413 2708 3470 verba
2748 3416 2916 3471 tollit?
2941 3416 3120 3473 Arbor
3165 3419 3313 3474 arida
3356 3420 3499 3475 enim
3543 3435 3641 3475 nec
3683 3419 3821 3479 folia

2213 3514 2390 3575 potest
2420 3505 2633 3562 habere.
2663 3507 2751 3563 Sic
2778 3523 2906 3579 ergo
2930 3518 3085 3564 erant
3124 3509 3317 3580 Judaei,
3347 3511 3603 3568 Pharisaei
3650 3514 3819 3570 arbor

2213 3596 2301 3652 illa
2340 3606 2490 3652 crant
2517 3614 2537 3654 :
2567 3598 2730 3655 verba
2760 3600 3046 3667 habebant,
3078 3601 3216 3657 facta
3255 3619 3360 3658 non
3386 3602 3662 3660 habebant
3697 3623 3712 3659 :
3746 3621 3819 3664 ex

2212 3689 2477 3745 sententia
2529 3689 2740 3746 Domini
2770 3691 3069 3747 ariditatcm
3103 3704 3434 3750 meruerunt.
3458 3694 3648 3752 Videat
3679 3711 3818 3769 ergo

2211 3793 2311 3835 nos
2342 3779 2587 3836 Christus
2627 3781 2726 3837 sub
2750 3782 2944 3838 arbore
2966 3784 3052 3840 lici
3083 3803 3098 3839 :
3130 3785 3309 3840 videat
3330 3787 3379 3841 in
3423 3801 3584 3843 carne
3618 3798 3809 3846 nostra

2212 3871 2370 3926 etiam
2389 3872 2615 3928 fructum
2645 3874 2768 3928 boni
2788 3876 2985 3945 operis,
3031 3892 3099 3933 ne
3133 3878 3248 3948 ejus
3274 3879 3647 3937 ntaledictione
3661 3895 3819 3938 ares-

2212 3965 2492 4021 camus.Et
2512 3967 2634 4036 quia
2653 3975 2819 4021 totum
2838 3969 3019 4039 gratia:
3035 3970 3151 4040 ejus
3168 3971 3587 4042 imputatnrmon
3602 3974 3816 4032 meritis

2210 4060 2428 4119 nostris,
2456 4054 2597 4112 Beati
2621 4074 2836 4127 quorum
2862 4061 3083 4116 remissa:
3121 4073 3239 4117 sunt
3268 4064 3572 4134 iniquitates,
3605 4074 3652 4119 et
3672 4082 3811 4137 quo-

2210 4163 2326 4202 rum
2367 4158 2495 4203 tecta
2536 4160 2651 4204 sunt
2699 4163 2940 4222 peccata.
2976 4170 3081 4209 non
3115 4155 3166 4210 in
3198 4156 3393 4227 quibus
3434 4172 3541 4212 non
3570 4166 3693 4213 sunt
3723 4160 3814 4214 in-

2213 4248 2368 4295 venta
2387 4253 2621 4312 peccata,
2641 4244 2735 4301 sed
2751 4261 2974 4315 quorum
2992 4257 3126 4303 tecta
3148 4258 3267 4303 sunt
3290 4261 3525 4320 peccata.
3542 4252 3815 4322 Cooperta

2210 4343 2334 4389 sunt
2362 4345 2597 4405 peccata,
2628 4344 2768 4392 tecta
2792 4350 2933 4404 sunt,
2967 4340 3160 4394 abolita
3193 4351 3334 4395 sunt.
3359 4341 3414 4397 Si
3439 4342 3569 4397 texit
3591 4352 3815 4414 peccata

2214 4426 2384 4494 Deus,
2430 4428 2599 4485 noluit
2638 4429 2945 4498 advertere;
2985 4434 3028 4489 si
3072 4434 3238 4489 noluit
3282 4435 3585 4502 advertere,
3637 4436 3817 4495 noluit

2210 4520 2667 4589 animadvertere;
2690 4524 2734 4580 si
2755 4524 2921 4580 noluit
2936 4527 3381 4595 animadvertere,
3407 4528 3574 4584 noluit
3593 4530 3811 4600 punire;

2209 4611 2256 4667 si
2285 4613 2457 4668 noluit
2486 4615 2695 4684 punire,
2728 4617 2896 4671 noluit
2934 4632 3244 4688 agnoscere,
3271 4619 3459 4675 maluit
3498 4621 3806 4692 ignoscere.

2209 4702 2356 4759 Beati
2394 4723 2607 4778 quorum
2632 4710 2854 4765 remissa:
2878 4720 2995 4765 sunt
3019 4711 3329 4782 iniquitates,
3358 4724 3402 4769 et
3426 4732 3639 4786 quarunt
3667 4728 3809 4771 tecta

2208 4808 2327 4853 sunt
2373 4810 2597 4871 peccata.
2626 4801 2736 4857 Nec
2774 4803 2852 4857 sic
2885 4802 3189 4874 intelligatis
3236 4806 3378 4877 quod
3406 4806 3560 4875 dixit,
3586 4817 3812 4878 peccata

2208 4901 2458 4962 cooperta
2505 4904 2648 4961 sunt,
2673 4894 2821 4964 quasi
2865 4895 2934 4950 ibi
2982 4897 3090 4951 sint
3135 4907 3189 4954 et
3225 4899 3421 4955 vivant.
3469 4900 3632 4956 Tecta
3673 4916 3812 4973 ergo

2209 4992 2426 5055 peccata
2471 5001 2637 5056 quare
2681 4986 2850 5042 dixit?
2874 4986 2944 5043 Ut
2972 5004 3075 5044 non
3127 4990 3453 5047 viderentur.
3484 4991 3619 5059 Quid
3657 4992 3810 5050 enim

2209 5084 2324 5131 erat
2355 5076 2448 5132 Dei
2484 5077 2664 5133 videre
2707 5089 2945 5149 peccata,
2971 5081 3073 5134 nisi
3101 5082 3287 5151 punire
3324 5083 3579 5155 peccata?
3605 5082 3673 5140 Ut
3701 5099 3811 5139 no-

2208 5167 2348 5224 veris
2376 5171 2499 5239 quia
2544 5169 2645 5225 boc
2688 5183 2771 5226 est
2806 5172 2895 5227 Dei
2935 5171 3119 5227 videre
3166 5184 3401 5243 peccata,
3439 5175 3580 5247 quod
3610 5176 3812 5247 punire

2208 5270 2444 5329 peccata,
2473 5260 2598 5331 quid
2621 5263 2667 5317 ei
2697 5262 2926 5316 dicitur?
2956 5264 3134 5318 Averte
3157 5265 3336 5333 [aciem
3361 5277 3499 5321 tuam
3526 5283 3556 5320 a
3580 5269 3808 5340 peccatis

2208 5355 2330 5410 meis
2357 5353 2525 5429 (Paul.
2552 5372 2599 5421 ι,
2624 5355 2733 5427 11).
2760 5356 2978 5411 Peccata
3019 5373 3144 5427 ergo
3174 5367 3260 5414 tua
3290 5376 3396 5416 non
3422 5360 3619 5430 videat,
3664 5371 3719 5417 ut
3753 5371 3812 5419 te
3864 5402 3869 5411 μ
3904 5362 3909 5363 “

2209 5447 2403 5504 videat.
2434 5447 2714 5516 Quomodo
2761 5458 2810 5504 te
2839 5448 3051 5504 videat?
3078 5452 3358 5518 Quomodo
3387 5454 3803 5524 Nathanaelem,

2209 5542 2335 5598 Cum
2360 5560 2489 5597 esses
2513 5543 2605 5597 sub
2631 5542 2809 5599 arbore
2830 5543 2933 5614 ﬁci,
2953 5544 3056 5599 vidi
3078 5556 3141 5601 te.
3159 5545 3361 5604 Umbra
3388 5548 3474 5605 lici
3506 5566 3609 5606 non
3638 5550 3806 5620 impc-

2208 5633 2339 5690 divit
2368 5634 2552 5690 oculos
2582 5635 2964 5691 misericordia:
2996 5636 3109 5691 Dei.

2279 5727 2366 5782 10.
2410 5725 2521 5782 Nec
2550 5736 2622 5783 est
2650 5727 2704 5782 in
2745 5744 2832 5783 ore
2875 5728 2985 5800 ejus
3012 5729 3180 5787 dolus.
3219 5731 3289 5787 At
3326 5748 3454 5789 vero
3496 5733 3586 5806 qui
3608 5732 3806 5793 nolunt

2207 5885 2357 5958 ben_t_;
2385 5894 2844 5958 etprosequtmtur,
2870 5885 3188 5958 Intelligentia
3209 5896 3419 5958 pacatur,
3455 5902 3552 5944 etc.
3575 5899 3632 5945 At
3665 5900 3803 5958 Mss,

2208 5950 2373 6003 verbis
2732 5951 2917 6016 ferunt,
2939 5948 3267 6017 tntelligentite
3286 5948 3498 6006 vocatur.
