4032 6464
539 438 638 492 9.67

543 568 596 606 tn
623 549 881 615 Domino,
932 549 1051 619 quia
1099 548 1421 606 inveniretur
1469 550 1520 603 in
1566 563 1624 604 se
1655 548 1916 602 inlirmus.
1962 545 2118 600 Modo

545 653 720 695 autem
747 644 868 712 quia
899 643 950 696 in
980 658 1039 698 se
1063 643 1224 698 voluit
1249 658 1368 697 esse
1411 645 1594 696 lirmus
1620 684 1634 706 ,
1667 642 1834 695 factus
1861 648 1945 695 est
1969 639 2118 693 infir-

548 749 687 796 mus,
710 743 763 788 et
793 735 1219 789 inveteraverunt
1247 750 1365 791 ossa
1411 734 1545 805 ejus.
1589 734 1860 789 Remansit
1891 733 1942 787 in
1967 739 2122 785 vetu-

545 834 718 884 state,
760 826 848 894 qui
894 825 1060 880 noluit
1101 826 1404 881 confitendo
1449 842 1627 880 amare
1676 826 1981 880 novitatem.
2021 822 2120 890 Qui

545 919 688 969 enim
722 916 852 970 tiuut
877 915 1021 982 novi,
1053 916 1222 972 nostis
1242 958 1256 984 ,
1284 917 1478 970 fratres
1509 935 1521 968 :
1547 917 1708 985 quia,
1740 909 1883 968 Beati
1908 929 2123 984 quorum

544 1008 766 1061 remissa:
785 1015 904 1061 sunt
927 1007 1212 1076 iniquitates
1230 1049 1245 1073 ,
1292 1017 1341 1062 et
1367 1025 1581 1079 quorum
1609 1019 1736 1060 tecta
1763 1016 1877 1059 sunt
1902 1013 2120 1074 peccata.

547 1098 725 1155 Noluit
757 1101 855 1152 iste
880 1101 979 1154 sibi
1007 1100 1200 1155 dimitti
1229 1100 1530 1170 iniquitates
1549 1139 1562 1162 ,
1592 1099 1930 1168 exaggeravit
1954 1138 1968 1159 ,
2014 1095 2111 1148 de-

548 1189 715 1243 fendit
742 1189 879 1254 illas,
901 1189 1120 1258 iactavit
1150 1190 1336 1244 merita
1368 1204 1482 1241 sua.
1519 1185 1661 1258 Ergo
1686 1196 1932 1256 quamam
1958 1185 2126 1238 tacuit

549 1295 576 1330 τι
607 1280 962 1347 confessione,
983 1282 1414 1346 inveteraverunt
1444 1293 1565 1332 ossa
1612 1279 1749 1346 ejus.
1791 1276 1836 1329 Α
1858 1273 2126 1329 clamando

549 1388 629 1426 me
657 1382 760 1427 tota
783 1373 886 1428 die.
907 1372 1042 1440 Quid
1071 1381 1174 1437 est,
1201 1372 1248 1425 Α
1272 1371 1540 1426 clamando
1562 1387 1641 1424 me
1665 1379 1770 1424 tota
1790 1369 1908 1423 die?
1937 1369 2123 1422 Perse-

548 1463 785 1520 verando
813 1465 866 1518 in
895 1463 1204 1519 defensione
1221 1472 1558 1534 peccatorum
1584 1478 1822 1517 suorum.
1856 1461 1921 1516 Et
1951 1471 2126 1514 tamen

554 1557 729 1612 videte
754 1557 927 1628 qualis
969 1557 1056 1623 sit,
1083 1561 1202 1627 quia
1232 1557 1473 1626 agnoscit
1501 1570 1581 1610 se.
1644 1555 1756 1610 Erit
1799 1553 1940 1608 enim
1973 1551 2129 1606 tundo

554 1647 900 1718 intelligentia
935 1665 948 1700 :
980 1647 1110 1701 nilnil
1144 1656 1334 1715 pra-ter
1359 1662 1417 1700 se
1443 1645 1714 1714 respiciet,
1747 1652 1803 1698 et
1829 1643 2130 1712 displicebit

553 1739 684 1804 sibi,
716 1739 839 1810 quia
865 1739 1101 1809 agnoscit
1123 1753 1202 1792 se.
1233 1736 1390 1792 Modo
1417 1738 1643 1792 audietis
1663 1777 1678 1802 ,
1727 1747 1783 1790 ut
1808 1735 2087 1790 sanemini.

623 1833 710 1888 M.
751 1831 936 1887 Beatus
961 1833 1035 1886 vir
1049 1831 1133 1886 cui
1155 1848 1256 1886 non
1276 1831 1540 1902 imputavit
1569 1830 1816 1884 Dominus
1847 1841 2125 1900 peccatum,

551 1939 642 1977 nec
671 1932 740 1978 est
765 1924 814 1976 in
845 1940 932 1977 ore
951 1924 1058 1994 ejus
1080 1923 1244 1977 dolus.
1269 1922 1518 1988 Quoniam
1544 1921 1698 1988 tacui,
1740 1923 2132 1974 inveteraverunt

554 2031 666 2068 ossa
691 2031 822 2081 utea,
846 2031 876 2068 a
905 2014 1173 2069 clamando
1195 2028 1274 2069 me
1293 2025 1396 2068 tota
1417 2015 1518 2068 die.
1544 2012 1895 2078 Quoniam‘die
1913 2029 1971 2065 ac
1993 2023 2133 2066 nocte

551 2115 761 2175 gravata
783 2116 852 2158 est
881 2121 1034 2176 super
1053 2121 1130 2158 me
1159 2121 1338 2159 manus
1359 2115 1466 2157 tua.
1506 2099 1646 2172 Quid
1693 2113 1794 2170 cst,
1829 2113 2036 2175 gravata
2061 2111 2133 2156 est

554 2213 703 2266 super
733 2213 812 2250 me
837 2214 1015 2251 manus
1052 2197 1182 2252 tua?
1229 2198 1411 2264 Magna
1453 2214 1570 2264 res,
1625 2197 1836 2252 fratres.
1868 2196 2134 2266 Respicite

557 2286 698 2340 illam
729 2289 1043 2342 sententiam
1071 2297 1270 2344 rectam
1300 2289 1315 2319 ¹
1345 2289 1482 2344 inter
1503 2289 1676 2354 duos,
1705 2288 2030 2342 Pltarismtun
2081 2295 2136 2341 et

558 2377 922 2433 Publicanum.
953 2380 1089 2448 Quid
1117 2381 1314 2434 dictum
1338 2391 1418 2436 cst
1440 2381 1506 2436 de
1530 2378 1840 2436 Pharisaei»?
1865 2381 2130 2448 Quoniam

559 2469 882 2525 humiliatur.
912 2471 1048 2538 Quid
1076 2471 1277 2526 dictum
1329 2482 1413 2527 est
1435 2473 1503 2527 de
1525 2471 1848 2527 ‘Pttblicmto?
1873 2472 2133 2538 Quoniam
2175 2495 2188 2501 ν

557 2563 839 2618 cxaltatur.
871 2564 1046 2630 Quare
1077 2565 1168 2620 ille
1208 2564 1554 2619 lmmiliatur?
1601 2565 1732 2630 Quia
1759 2564 2011 2618 exultavit
2053 2579 2134 2618 se.

559 2637 738 2722 Quare
783 2656 883 2710 iste
923 2656 1228 2711 exaltatur?
1273 2655 1406 2724 Quia
1440 2655 1734 2710 lmmiliavit
1776 2667 1853 2712 se.
1904 2656 2046 2725 Ergo
2082 2664 2139 2709 ot

563 2747 886 2802 exultantem
911 2762 971 2803 se
998 2747 1238 2803 lmmiliet
1269 2747 1440 2813 Deus,
1470 2757 1828 2817 gravatsuper
1855 2747 1998 2800 illum
2027 2761 2138 2799 ma-

559 2854 708 2893 num.
738 2839 918 2894 Noluit
955 2840 1217 2895 humiliari
1265 2841 1599 2896 confessione
1647 2840 1937 2909 iniquitatis
1986 2845 2137 2906 sine,

562 2930 870 2987 humiliatus
897 2939 982 2987 est
1007 2932 1241 3000 pondere
1266 2947 1453 2986 manus
1483 2933 1594 2986 Dei.
1641 2931 1866 2999 Quando
1902 2932 1989 2987 ille
2017 2948 2141 3001 per-

557 3018 721 3076 ferret
748 3037 959 3076 manum
1003 3037 1219 3092 gravem
1267 3023 1628 3076 ltumiliantis?
1681 3023 1850 3090 Quam
1896 3023 2023 3077 levis
2047 3023 2142 3077 fuit

561 3127 750 3165 manus
793 3112 1117 3166 sublevantis
1146 3109 1242 3182 (a)!
1298 3113 1362 3166 Et
1401 3112 1450 3166 in
1483 3113 1570 3167 illo
1621 3114 1790 3179 fortis,
1843 3121 1898 3168 et
1944 3113 1994 3166 in
2050 3112 2142 3166 illo

560 3203 750 3258 fortis:
783 3203 935 3258 fortis;
959 3205 1024 3257 ad
1066 3205 1209 3258 illum
1265 3204 1643 3273 premendum,
1706 3206 1854 3259 fortis
1882 3204 1948 3259 ad
1990 3205 2138 3259 illum

559 3294 965 3351 sublevandam.

632 3388 721 3444 15.
763 3388 922 3458 Ergo,
957 3388 1209 3453 Quoniam
1251 3387 1332 3441 die
1373 3403 1432 3441 ac
1475 3395 1619 3441 nocte
1657 3397 1864 3457 gravata
1893 3389 1961 3440 est
1989 3395 2141 3452 super

559 3495 638 3534 me
657 3495 837 3534 manus
863 3488 950 3534 tua
971 3496 991 3534 .'
1017 3495 1281 3533 conversus
1307 3495 1418 3531 sunt
1456 3479 1509 3532 in
1549 3493 1778 3533 wrnmna
1827 3493 1936 3530 utea
1955 3519 1969 3541 ,
2021 3477 2140 3530 dum

558 3571 894 3642 conﬁgeretur
919 3572 1086 3638 spina.
1117 3569 1196 3624 Ex
1226 3569 1338 3639 ipsa
1383 3569 1756 3640 aggravatione
1784 3584 1972 3624 manus
2003 3578 2104 3622 tum
2124 3609 2139 3634 ,

559 3680 625 3720 ex
658 3665 768 3734 ipsa
799 3663 1164 3721 humiliatione
1189 3673 1480 3718 conversus
1508 3679 1625 3717 sum
1657 3662 1709 3717 in
1732 3678 1966 3718 aerumna
1997 3675 2139 3728 mea,

561 3757 732 3813 factus
755 3774 874 3813 sum
898 3758 1078 3818 miser,
1101 3757 1308 3811 confixa
1339 3765 1422 3811 est
1452 3755 1580 3809 mihi
1611 3755 1784 3823 spina,
1818 3763 2140 3824 compuncta

563 3860 646 3907 est
670 3852 991 3907 conscientia
1023 3865 1161 3904 mea.
1193 3849 1328 3916 Quid
1357 3848 1550 3903 factum
1583 3857 1664 3902 est
1691 3863 1811 3902 cum
1849 3849 2145 3924 contigere-

565 3951 654 3997 tnr
681 3941 869 4010 spina?
899 3941 1061 3994 Datus
1090 3950 1172 3994 est
1199 3941 1244 3994 ei
1274 3955 1463 3994 sensus
1484 3937 1716 4005 doloris,
1760 3937 1961 3993 invenit
1994 3937 2144 3992 inlir-

563 4033 801 4086 mitatem
831 4046 1002 4084 suam.
1032 4030 1096 4083 Et
1123 4029 1211 4084 ille
1231 4031 1318 4098 qui
1342 4037 1581 4084 tacuerat
1599 4028 1984 4083 confessionem
2016 4044 2140 4098 pcc-

563 4123 667 4178 cati
695 4124 774 4177 sui
797 4163 814 4188 ,
843 4130 898 4176 ut
922 4119 1202 4176 clamando
1233 4119 1284 4172 in
1315 4118 1628 4174 defensione
1653 4119 1853 4188 peccati
1887 4118 1969 4172 sui
1989 4118 2140 4174 inve-

565 4211 1036 4269 terasceretvirtus
1053 4212 1188 4278 ejus,
1216 4210 1265 4264 id
1289 4219 1390 4274 est,
1409 4225 1530 4264 ossa
1559 4210 1676 4277 ejus
1705 4219 2146 4266 converterentur

563 4307 616 4362 in
645 4313 980 4369 vetustatem,
1011 4303 1170 4358 modo
1195 4303 1316 4373 quid
1351 4301 1476 4358 fecit
1501 4303 1706 4382 confixa
1734 4302 1925 4371 spina?
1954 4300 2144 4355 Pecca-

563 4410 670 4452 tum
697 4413 860 4451 meum
884 4398 1113 4467 cognovi.
1147 4397 1283 4465 Ergo
1301 4395 1409 4465 jam
1441 4397 1730 4465 cognoscit.
1752 4395 1806 4450 Si
1837 4395 1923 4450 ille
1949 4410 2146 4465 cogno-

571 4493 692 4556 scit,
717 4491 804 4544 ille
826 4489 1072 4559 ignoscit.
1104 4489 1294 4544 Audite
1321 4489 1445 4559 quid
1469 4489 1706 4558 sequitur
1731 4506 1745 4542 :
1776 4488 1946 4542 videte
1966 4489 2009 4541 si
2039 4503 2142 4543 non

565 4581 680 4649 ipse
706 4581 864 4644 dicit,
925 4575 1198 4634 Peccatum
1245 4596 1410 4632 nteant
1455 4579 1663 4650 cognovi
1687 4620 1702 4645 ,
1746 4588 1794 4632 et
1844 4579 2146 4649 injustitiam

565 4688 730 4726 nteant
758 4687 857 4724 non
903 4671 1101 4741 operui.
1149 4670 1257 4723 lioc
1282 4669 1392 4738 jam
1443 4669 1640 4723 dudum
1691 4668 1976 4723 dicebam:
2027 4667 2144 4722 Noli

571 4762 782 4831 operire
813 4771 899 4823 ιιι,
930 4769 982 4814 et
1005 4758 1178 4829 operit
1204 4759 1361 4812 Deus.
1391 4758 1534 4811 Beati
1559 4773 1772 4825 quorum
1792 4760 2016 4812 remissa:
2031 4767 2147 4812 sunt

568 4853 876 4920 iniquitates,
907 4860 952 4904 et
995 4867 1208 4920 quorum
1233 4856 1360 4903 tecta
1386 4857 1503 4902 sunt
1547 4859 1771 4918 peccata.
1824 4848 1922 4914 Qui
1966 4857 2150 4918 tegunt

570 4954 788 5015 peccata
816 4986 829 5006 .
864 4944 1130 4998 nudantur
1162 4961 1176 5000 :
1209 4943 1308 4997 iste
1337 4951 1512 4996 autem
1541 4941 1778 5001 mulavit.
1813 4948 1871 4994 ut
1896 4943 2146 5013 cooperi-

569 5046 734 5091 retur.
767 5035 1087 5105 lniquitutem
1130 5051 1290 5087 nteant
1326 5049 1424 5086 non
1468 5032 1664 5099 aperui.
1707 5031 1841 5100 Quid
1872 5040 1991 5101 est,
2045 5049 2146 5087 non

567 5128 780 5197 operui?
831 5126 946 5180 .Iam
1001 5124 1198 5179 dudum
1246 5134 1558 5178 tacueram:
1600 5123 1758 5177 modo
1795 5123 1958 5193 quid?
2001 5123 2144 5178 Dixi.

568 5217 833 5285 Quiddam
870 5215 1196 5271 contrarium
1227 5214 1300 5268 illi
1329 5215 1692 5269 taciturnitati.
1724 5213 1859 5267 Dixi.
1901 5214 2036 5282 Quid
2061 5215 2146 5268 di-

569 5309 731 5365 xisti?
755 5303 1102 5362 Pronuntiabo
1127 5305 1388 5360 adversum
1410 5323 1487 5359 me
1513 5306 1809 5376 injustitiam
1846 5322 2008 5358 meam
2037 5304 2145 5359 Do-

571 5400 737 5463 mino;
766 5407 812 5452 et
828 5409 880 5451 tu
903 5397 1137 5450 dimisisti
1161 5398 1471 5465 impietatem
1492 5397 1659 5449 cordis
1687 5396 1802 5448 mei.
1837 5390 1980 5448 Diri.
2009 5395 2146 5462 Quid

568 5489 787 5546 dixisti?
816 5489 932 5543 Non
955 5489 1064 5557 jam
1089 5489 1426 5559 pronuntiat,
1451 5487 1710 5556 promittit
1739 5500 1797 5539 se
1830 5487 2144 5554 pronuntia-

571 5590 862 5649 turum;et
886 5582 974 5636 ille
995 5583 1105 5651 jam
1127 5581 1363 5634 dimittit.
1412 5579 1715 5642 Attendite,
1765 5576 1991 5640 fratres;
2028 5592 2143 5631 ma.

567 5685 670 5741 (na
695 5687 783 5727 res
807 5691 822 5728 :
849 5672 1016 5734 dixit,
1048 5669 1390 5724 Pronuntiabo
1407 5682 1426 5721 :
1458 5682 1560 5721 non
1586 5665 1750 5732 dixit,
1774 5666 2140 5730 Pronuntiari,

631 5762 1163 5832 flj‘ortelequictam.
1210 5822 1220 5832 _
1273 5821 1353 5832 ..Α
1572 5819 1583 5832 ι
1803 5819 1832 5832 Δ.
1916 5828 1925 5832 _
2035 5820 2045 5832 l
2109 5821 2118 5830 ι

566 5885 596 5944 Ι
629 5825 700 5898 tu)
724 5819 1061 5886 Fortefdumu
1084 5822 1241 5888 gravis
1264 5821 1353 5884 fuit
1378 5833 1546 5872 manus
1565 5819 1882 5882 Ituntt'fiantis,
1909 5828 2004 5870 tant
2029 5820 2143 5871 tetris

588 5895 673 5944 uti,
697 5895 791 5935 t'tc.
1055 5918 1062 5924 -

657 5925 673 5948 )
697 5918 791 5935 ιιυι
1055 5918 1062 5924 ·

1772 433 1827 488 S.
1871 431 2124 489 AUCLS']
2143 431 2226 485 iNl
2271 431 2563 487 H‘fSCtiPi

3693 446 3789 503 ‘268

2228 554 2282 599 et
2313 555 2364 598 tu
2385 545 2660 610 dimisisti;
2689 546 2841 611 dixit,
2869 547 3216 603 Pronuntitbo
3240 561 3282 603 ct
3302 562 3353 604 tu
3381 554 3609 615 dimisisti
3635 576 3652 611 :
3677 563 3788 628 quia

2227 648 2292 688 eo
2317 637 2431 705 ipso
2460 637 2598 706 quod
2623 637 2792 701 dixit,
2822 637 3188 705 Prouuutiabo,
3246 645 3613 716 ostenditquia
3662 665 3787 704 tton-

2229 724 2353 779 dum
2383 741 2477 781 ore
2521 729 2989 797 pronuntiaverat,
3019 731 3111 785 sed
3143 732 3304 786 corde
3352 738 3790 802 pronuntiaverat.

2231 815 2342 870 iloc
2409 817 2578 885 ipsum
2631 818 2810 872 dicere
2860 818 3242 888 Pronuntiabo,
3290 829 3626 892 pronuntiare
3676 842 3790 884 est:

2231 905 2350 961 idco
2378 918 2423 960 et
2443 917 2494 959 tu
2529 907 2764 961 dimisisti
2806 910 3113 978 impietatem
3166 914 3333 966 cordis
3371 916 3486 970 mei.
3531 914 3794 973 Confessio

2230 1011 2357 1064 ergo
2382 1012 2495 1050 mea
2528 997 2593 1050 ad
2646 1014 2706 1050 os
2753 999 2989 1054 nondum
3041 1013 3294 1067 venerat;
3347 1004 3586 1061 dixeram
3628 1011 3794 1072 enim,

2228 1086 2580 1142 Pronuntiabo
2610 1090 2870 1144 (adversum
2907 1108 2984 1145 me
3005 1109 3024 1146 :
3055 1105 3420 1151 verumtamen
3444 1099 3582 1154 Deus
3609 1103 3797 1157 audivit

2234 1181 2621 1234 vocetn‘cordis
2654 1183 2777 1236 mei.
2811 1182 2923 1238 Vox
2952 1200 3068 1238 mea
3096 1186 3260 1242 inore
3287 1190 3516 1243 nondttm
3547 1205 3678 1260 erat,
3711 1194 3798 1248 sed

2231 1272 2495 1343 aurisDei
2519 1273 2626 1341 jam
2658 1273 2708 1326 in
2737 1274 2898 1328 corde
2937 1278 3073 1330 erat.
3105 1263 3192 1331 “Tu
3233 1280 3467 1336 dimisisti
3508 1283 3798 1354 impietasent

2233 1363 2398 1416 cordis
2418 1364 2544 1427 mei;
2572 1364 2692 1433 quia
2721 1365 2845 1429 dixi,
2874 1365 3244 1423 Pronuntiabo.

2303 1454 2390 1508 16.
2423 1455 2521 1510 Sed
2552 1472 2654 1511 non
2694 1458 2974 1513 suffecerat
3021 1480 3034 1516 :
3067 1476 3170 1516 non
3204 1464 3221 1494 ⁸
3259 1463 3424 1533 dixit,
3470 1465 3800 1522 Pronuntiubo

2204 1626 2207 1627 ν
2233 1548 2531 1620 injustiliam
2552 1567 2712 1604 meam
2739 1551 2958 1606 Domino
2988 1570 3006 1608 .'
3038 1572 3139 1609 nou
3171 1557 3288 1611 sine
3307 1569 3464 1612 causa
3491 1560 3642 1624 dixit,
3675 1561 3796 1613 Pro-

2234 1641 2473 1695 nuntiabo
2506 1643 2768 1696 adversum
2796 1661 2873 1699 me
2911 1662 2930 1700 .'
2954 1656 3007 1700 et
3053 1647 3152 1702 hoc
3187 1649 3436 1705 τίμιοι-εει.
3481 1652 3622 1706 Multi
3667 1655 3801 1708 en'm

2237 1733 2578 1800 pronuntiant
2616 1733 2946 1804 iniquitatem
2991 1751 3173 1803 suam,
3215 1740 3306 1793 sed
3349 1740 3604 1796 adversus
3642 1745 3801 1813 iisuu‘t

2239 1824 2518 1878 Dominum
2552 1827 2716 1882 Deum
2749 1847 2760 1880 :
2788 1828 2998 1897 quando
3028 1829 3368 1889 inveniuntur
3397 1835 3450 1888 in
3482 1838 3704 1904 peccatis
3725 1837 3799 1889 di-

2225 1924 2383 1981 cunt,
2416 1918 2555 1972 Deus
2584 1919 2682 1974 hoc
2709 1921 2894 1974 voluit.
2923 1921 2977 1975 Si
3007 1923 3148 1977 enim
3172 1924 3336 1978 homo
3363 1925 3526 1991 dicat,
3552 1927 3662 1981 Non
3691 1929 3800 1986 fori:

2237 2017 2347 2071 aut,
2380 1999 2488 2060 Hoc
2511 2007 2701 2062 factum
2742 2009 2881 2077 quod
2911 2013 3087 2080 arguis
3118 2029 3220 2066 nou
3252 2025 3334 2068 est
3362 2026 3633 2084 peccatum
3667 2033 3802 2072 :nou

2239 2099 2541 2164 pronuntiat
2569 2117 2663 2152 nec
2686 2101 2969 2155 adversum
2999 2112 3110 2169 'se,‘
3130 2119 3230 2158 nec
3265 2105 3522 2162 adversus
3552 2109 3729 2162 Deum.
3754 2110 3804 2162 Si

2237 2186 2398 2250 die..t,
2429 2189 2650 2244 Prorsus
2677 2192 2793 2256 feci,
2821 2201 2876 2246 et
2902 2204 3170 2261 peccatum
3194 2207 3294 2262 est,
3312 2197 3412 2251 "sed
3447 2199 3582 2254 Dous
3608 2199 3703 2254 hoc
3724 2217 3807 2252 vo.

2241 2276 2373 2344 iuit,
2405 2279 2530 2348 quid
2568 2296 2664 2350 ego
2713 2283 2850 2337 feci?
2896 2283 3006 2338 Hoc
3051 2294 3132 2339 est
3179 2290 3527 2356 pronuntiare
3568 2291 3808 2346 adversm

2243 2369 2427 2423 Deum.
2470 2371 2630 2427 Forte
2655 2373 2843 2429 dicatis
2867 2416 2882 2440 ,
2914 2375 3078 2430 Nemo
3107 2377 3208 2432 hoc
3244 2379 3372 2435 dicit
3415 2399 3429 2434 :
3457 2384 3573 2450 quis
3612 2394 3691 2437 est
3727 2385 3807 2453 qui

2239 2460 2376 2515 dicat
2405 2503 2418 2526 ,
2453 2463 2591 2517 Deus
2619 2465 2717 2518 hoc
2743 2466 2945 2520 voluit?
2973 2467 3119 2522 Multi
3167 2480 3218 2523 et
3247 2471 3349 2526 hoc
3378 2474 3566 2528 dicunt
3605 2493 3618 2528 :
3649 2477 3734 2529 sed
3763 2485 3810 2529 ct

2241 2555 2327 2622 qui
2357 2553 2456 2608 hoc
2485 2565 2588 2609 nun
2621 2557 2836 2624 dicunt,
2869 2559 2992 2629 quid
3024 2562 3163 2613 aliud
3201 2561 3419 2630 dicunt,
3466 2567 3553 2636 qui
3600 2568 3774 2621 dicunt
3795 2609 3807 2632 ,

2242 2642 2429 2699 Fatum
2463 2647 2590 2700 milii
2634 2649 2756 2703 fecit
2781 2692 2794 2714 ,
2827 2650 2996 2704 stella:
3023 2667 3154 2706 mea:
3188 2653 3466 2709 fecerunt?
3491 2658 3559 2711 Ita
3585 2659 3689 2727 jam
3727 2673 3812 2728 per

2243 2735 2520 2790 circuitum
2548 2739 2612 2790 ad
2641 2739 2806 2794 Deum
2844 2737 3032 2795 volunt
3077 2745 3372 2810 pervenire.
3409 2748 3514 2802 Ptr
3551 2751 3812 2803 rircuinnu

2242 2825 2428 2880 volunt
2470 2830 2745 2896 pervenire
2773 2831 2837 2883 ad
2881 2832 3046 2886 Deum
3079 2837 3438 2891 aCClIS.tlttillllt
3464 2880 3479 2906 ,
3512 2841 3596 2909 qui
3645 2842 3814 2895 nolunt

2243 2913 2311 2970 de
2335 2919 2650 2986 compendio
2672 2921 2855 2975 venire
2884 2923 2949 2977 ad
2976 2925 3136 2978 Deum
3171 2927 3512 2996 placandum,
3537 2943 3586 2985 et
3610 2932 3776 2987 dicunt
3795 2967 3813 3000 ,

2245 3007 2432 3063 Fatum
2459 3011 2589 3065 mihi
2633 3011 2774 3067 fecit.
2807 3014 2940 3082 Quid
2971 3027 3053 3070 est
3092 3019 3293 3073 fatum?
3315 3022 3500 3076 Stella:
3542 3041 3667 3076 mea:
3697 3025 3816 3078 fere.

2246 3110 2388 3154 runt.
2421 3101 2555 3169 Quid
2584 3115 2705 3158 sunt
2731 3107 2938 3160 stellm?
2961 3107 3120 3162 Certe
3149 3110 3263 3166 ista:
3291 3127 3431 3182 quas
3459 3115 3508 3167 in
3537 3116 3670 3169 coelo
3695 3130 3721 3168 c
3758 3133 3815 3168 u-

2245 3190 2517 3260 spicimus.
2551 3196 2613 3248 Et
2639 3198 2756 3264 quis
2777 3213 2868 3252 eas
2895 3198 3059 3254 fecit?
3082 3202 3238 3256 Deus.
3268 3203 3396 3271 Quis
3430 3223 3520 3261 eas
3543 3206 3818 3261 ordinavit?

2248 3282 2409 3338 Deus.
2442 3284 2583 3356 Ergo
2612 3289 2761 3341 vides
2790 3290 2930 3359 quod
2960 3291 3166 3348 voluisti
3198 3294 3411 3365 dicere,
3461 3299 3595 3354 Deus
3624 3298 3742 3354 fecit
3769 3308 3821 3354 at

2247 3385 2542 3444 pc'ccarem.
2593 3378 2666 3433 ita
2699 3381 2787 3435 ille
2815 3382 3077 3452 injustas,
3111 3395 3166 3440 tu
3201 3388 3377 3456 justus
3413 3409 3431 3445 :
3459 3392 3578 3461 quia
3618 3391 3713 3445 nisi
3742 3391 3820 3444 ille

2247 3465 2480 3534 fecisset,
2511 3475 2566 3522 tu
2597 3483 2700 3524 tt0u
2727 3483 3021 3541 peccasses.
3055 3467 3205 3531 Tolle
3228 3479 3354 3532 istas
3379 3484 3747 3536 excusationes
3776 3483 3820 3536 ἰι

2247 3560 2478 3628 peceatis
2523 3578 2535 3612 :
2585 3573 2856 3619 memento
2899 3566 3039 3622 illius
3090 3569 3274 3637 psalmi
3309 3591 3322 3626 :
3353 3572 3444 3627 Ne
3488 3577 3697 3631 declines
3743 3591 3821 3627 car

2246 3666 2411 3706 meum
2435 3653 2489 3706 in
2525 3650 2672 3709 verba
2711 3656 2933 3729 maligna
2961 3661 3028 3713 ad
3065 3665 3378 3720 excusandas
3406 3669 3749 3722 excusafiones
3774 3668 3821 3720 in

2249 3745 2463 3811 peccatis
2485 3785 2500 3811 ,
2548 3762 2660 3800 cum
2708 3747 2989 3804 hominibus
3032 3757 3352 3821 operantibus
3390 3757 3720 3824 iniquitatem.
3760 3761 3822 3812 At

2248 3833 2388 3888 enim
2437 3838 2608 3905 magni
2655 3838 2752 3892 viri
2795 3850 2950 3907 sunt,
2995 3845 3082 3912 qui
3121 3844 3412 3902 defendunt
3456 3861 3666 3920 peccata
3701 3857 3820 3913 Sua;

2250 3926 2424 3994 magni
2469 3936 2588 3981 sunt
2634 3937 2687 3983 et
2729 3931 2817 3999 qui
2857 3945 3135 3989 numerant
3171 3935 3380 4003 sidera,
3419 3949 3475 3995 et
3501 3942 3586 4013 qui
3615 3955 3821 4010 compu‘

2249 4023 2361 4068 tant
2401 4017 2581 4071 stellas
2618 4027 2672 4072 et
2710 4029 2983 4090 tempora,
3025 4033 3080 4078 et
3120 4025 3300 4080 dicunt
3344 4032 3471 4098 quis
3514 4025 3719 4102 quando
3747 4027 3823 4082 vel

2248 4113 2434 4176 peccet
2463 4107 2545 4161 vel
2571 4107 2705 4164 bene
2733 4111 2904 4175 vivat,
2933 4123 2986 4166 et
3015 4117 3230 4184 quando
3257 4117 3393 4171 Mars
3431 4122 3586 4174 faciat
3617 4119 3824 4174 homici-

2249 4196 2391 4261 dam,
2419 4207 2472 4252 ct
2500 4198 2679 4254 Venus
2702 4201 2993 4257 adulteram
3027 4224 3039 4258 :
3074 4209 3246 4275 magni
3273 4250 3287 4272 ,
3311 4209 3458 4264 docti
3491 4212 3621 4276 viri,
3651 4221 3701 4263 et
3725 4209 3822 4263 ele-

2249 4291 2318 4344 cti
2352 4291 2596 4349 videntur
2623 4291 2676 4346 in
2713 4294 2814 4348 hoc
2853 4298 3066 4350 seculo.
3094 4298 3197 4353 Sed
3229 4301 3350 4368 quid
3382 4303 3462 4356 ait
3501 4303 3551 4356 in
3598 4298 3825 4372 psalmo?

2252 4383 2335 4438 Ne
2379 4383 2598 4438 declines
2626 4401 2712 4438 cor
2755 4404 2918 4441 meum
2944 4389 2996 4442 in
3032 4387 3176 4444 verba
3207 4393 3340 4446 "mla
3360 4436 3373 4457 ,
3405 4411 3524 4448 cum
3555 4395 3825 4448 hominibus

2250 4478 2574 4546 operantibus
2603 4479 2943 4548 iniquitatem,
2977 4492 3022 4535 et
3045 4500 3143 4536 non
3179 4488 3558 4540 communicabo
3587 4503 3699 4540 cum
3736 4485 3827 4540 ele-

2251 4570 2343 4622 ctis
2375 4587 2545 4624 eorum
2574 4567 2744 4638 (Psal.
2775 4586 2877 4626 CXL
2900 4614 2914 4638 ,
2948 4575 2978 4627 4
3082 4575 3264 4629 Dieant
3295 4577 3366 4630 illi
3399 4579 3602 4632 eiectos
3641 4586 3695 4632 et
3733 4575 3826 4630 do-

2251 4667 2366 4713 ctos
2394 4671 2761 4715 numeratorcs
2790 4661 3022 4716 siderum
3045 4705 3060 4728 ,
3100 4664 3278 4718 dicant
3316 4667 3388 4720 illi
3432 4669 3701 4736 sapientes
3738 4680 3825 4720 eos

2252 4753 2341 4822 qui
2379 4755 2526 4822 quasi
2569 4753 2814 4822 digerunt
2842 4755 2893 4808 in
2934 4756 3111 4826 digitis
3137 4758 3239 4811 fata
3281 4761 3302 4791 ²
3331 4759 3562 4816 humana
3589 4804 3603 4826 ,
3646 4770 3698 4815 et
3734 4759 3823 4813 de-

2253 4846 2487 4898 scribunt
2515 4845 2580 4899 de
2604 4846 2772 4900 stellis
2795 4863 2968 4901 mores
3001 4850 3277 4904 humanos.
3323 4852 3456 4906 Cum
3491 4852 3660 4908 libero
3697 4849 3831 4905 arbi-

2257 4938 2356 4988 trio
2383 4952 2467 4992 me
2492 4938 2690 4992 creavit
2720 4938 2861 4994 Deus
2893 4957 2904 4991 :
2934 4941 2976 4993 si
3025 4944 3278 5009 peccavi,
3321 4959 3420 5014 ego
3465 4962 3679 5014 peccavi
3723 4962 3736 4998 :
3777 4953 3828 4996 ut

2255 5043 2359 5080 non
2389 5028 2560 5082 soluat
2604 5031 2941 5098 pronuntiem
2975 5032 3304 5101 iniquitatem
3353 5051 3526 5089 meam
3575 5036 3827 5098 Domino,

2255 5118 2345 5172 sed
2367 5118 2646 5173 adversum
2676 5136 2759 5174 me
2779 5162 2791 5182 ,
2823 5137 2927 5175 non
2958 5113 3214 5177 adversus
3243 5141 3384 5178 eum.
3418 5125 3529 5196 Ego
3559 5128 3693 5188 dixi,
3731 5125 3830 5177 Do-

2255 5210 2418 5271 mine,
2457 5210 2688 5264 misercre
2724 5212 2820 5264 ntei
2850 5228 2867 5265 :
2896 5213 3087 5266 clamat
3116 5230 3257 5283 aeger
3283 5215 3348 5269 ad
3377 5217 3644 5272 medicum
3669 5259 3682 5282 ,
3730 5215 3832 5285 Ego

2255 5303 2382 5356 disi.
2413 5303 2608 5370 Quare,
2641 5303 2747 5375 Ego
2769 5306 2918 5360 dixi?
2943 5306 3244 5372 Sufticeret,
3277 5311 3384 5364 dixi
3410 5326 3427 5364 :
3453 5310 3562 5382 Ego
3587 5327 3706 5366 cum
3727 5325 3834 5363 cm-

2255 5390 2402 5461 phasi
2429 5393 2626 5448 dictum
2654 5405 2772 5459 est;
2805 5395 2942 5467 Ego,
2971 5413 3091 5468 ego,
3121 5416 3224 5454 non
3258 5401 3440 5468 fatum,
3467 5417 3576 5457 non
3603 5399 3831 5464 fortuna,

2253 5498 2358 5537 non
2389 5485 2664 5550 diabolus;
2702 5487 2819 5554 quia
2849 5503 2946 5544 nec
2977 5489 3083 5560 ipsv
3116 5492 3292 5564 coegit
3313 5535 3329 5558 ,
3361 5493 3454 5547 sed
3490 5509 3591 5564 ego
3618 5507 3835 5562 persua-

2250 5574 2397 5631 denti
2423 5579 2667 5631 consensi
2697 5595 2709 5630 :
2740 5578 2850 5649 Ego
2881 5581 3009 5646 dixi,
3041 5584 3275 5647 Domine.
3305 5587 3542 5640 miserere
3576 5587 3692 5650 mei,
3715 5597 3835 5638 sana

2250 5668 2473 5721 animam
2498 5684 2676 5734 meam,
2709 5673 2946 5741 quoniam
2972 5676 3172 5746 peccavi
3203 5677 3290 5730 tibi
3323 5674 3493 5746 (I’sni.
3525 5691 3620 5742 xc,
3652 5675 3726 5746 5).
3753 5673 3836 5730 Sic

2321 5823 2344 5895 ξ
2357 5829 2493 5895 [forte
2513 5822 2635 5895 legs
2659 5825 2750 5895 Sed
2768 5839 2861 5876 non
2875 5829 3126 5891 sumi-erat
3147 5831 3276 5895 quod
3291 5829 3432 5882 dixit.

2322 5885 2539 5950 'Aliquot
2565 5893 2686 5947 t:ss.,
2706 5888 2852 5948 ﬂictu.
