4032 6476
300 533 352 581 et
374 522 460 579 hic
476 523 695 592 statuit,
724 528 777 581 et
803 525 1104 596 proposuit,
1136 521 1259 582 Dect
1279 542 1299 582 :
1327 524 1673 582 Pronuntiabo
1700 527 1878 581 aduer-

295 631 406 670 sum
430 630 512 669 me
535 614 850 685 iniquitatem
889 632 1048 670 nteant
1078 615 1293 673 Domino
1309 659 1325 686 ,
1361 626 1410 672 et
1436 627 1490 673 tu
1518 618 1749 674 remisisti
1775 619 1874 672 im-

300 705 530 776 pietatem
551 706 724 761 cordis
747 707 863 761 mei.

362 797 449 852 i7.
485 795 640 869 [eers.
668 795 749 870 6.]
781 791 885 852 Pro
926 798 1020 852 hac
1043 795 1206 854 orabit
1247 798 1316 854 uti
1356 808 1403 854 te
1430 800 1593 854 onmis
1633 802 1870 863 sanctus,

292 892 339 945 in
374 901 602 961 tempore
642 899 945 961 opportuno.
985 889 1101 958 Quo
1140 882 1420 959 tempore?
1462 889 1571 945 Pro
1606 890 1721 946 hac.
1772 893 1872 946 i'ro

290 995 390 1049 qua
411 978 550 1035 hac?
579 980 681 1034 Pro
707 980 994 1051 impietate.
1021 981 1124 1036 Pro
1147 980 1285 1052 qua?
1308 981 1410 1037 Pro
1439 982 1550 1052 ipsa
1577 983 1727 1037 venia
1750 998 1873 1051 pec-

288 1079 551 1129 catorum.
583 1068 808 1124 Probae
835 1070 995 1124 orabit
1022 1070 1090 1124 ad
1122 1079 1171 1125 te
1193 1071 1355 1139 omnis
1378 1080 1612 1139 sanctus,
1652 1072 1704 1126 in
1741 1081 1869 1125 tem-

286 1171 406 1230 pore
423 1169 731 1232 opportuno.
756 1159 883 1214 Inde
909 1160 1084 1216 orabit
1108 1160 1176 1215 ad
1200 1171 1250 1217 te
1277 1162 1449 1216 omnis
1476 1172 1721 1230 sanctus,
1744 1163 1866 1233 quia

285 1252 534 1308 dimisisti
566 1262 799 1324 peccata.
824 1252 955 1308 Nam
981 1253 1025 1308 si
1052 1268 1157 1308 non
1182 1252 1478 1310 dimitteres
1500 1262 1737 1323 peccata,
1760 1269 1866 1309 nou

283 1346 425 1402 esset
463 1350 682 1403 satietas
718 1346 807 1417 qiii
842 1346 908 1402 ad
953 1343 1005 1402 te
1038 1349 1245 1412 oraret,
1294 1345 1397 1400 Pro
1424 1347 1520 1400 hac
1543 1338 1702 1401 orabit
1729 1338 1798 1400 ad
1821 1356 1869 1402 te

282 1436 445 1490 omnis
468 1446 676 1491 sanctus
694 1477 711 1503 ,
739 1438 791 1491 in
816 1446 1037 1506 tempore
1066 1444 1348 1507 opportuno
1372 1452 1389 1489 :
1412 1435 1623 1508 quando
1646 1438 1867 1493 manife-

283 1527 511 1582 stabit‘ur
534 1526 742 1583 Novum
781 1528 1179 1584 Testamentum
1201 1568 1217 1594 ,
1244 1526 1456 1598 quando
1499 1527 1863 1608 manifestabi-

282 1627 365 1673 tur
382 1617 557 1688 gratia
582 1616 800 1685 Christi,
821 1617 962 1689 quod
992 1626 1074 1673 est
1097 1618 1304 1690 tempus
1331 1627 1706 1689 oppertunum.
1733 1616 1860 1673 Cum

282 1720 452 1765 autem
500 1710 636 1764 venit
688 1708 945 1781 plenitudo
994 1709 1231 1779 temporis
1249 1748 1266 1776 ,
1312 1709 1445 1764 misit
1486 1707 1626 1763 Deus
1671 1706 1864 1763 Filium

280 1806 424 1857 suum
444 1842 462 1867 ,
495 1803 691 1873 factum
712 1803 773 1856 es
797 1800 1033 1867 muliere,
1056 1799 1108 1855 id
1131 1810 1299 1857 estex
1322 1798 1515 1854 femina
1536 1815 1551 1862 ;
1580 1798 1863 1856 indiscrete

279 1894 418 1949 enim
462 1893 730 1950 vocabant
758 1892 859 1948 hoc
882 1892 1130 1964 Antiqui,
1161 1894 1351 1963 factum
1373 1890 1465 1947 sub
1498 1890 1633 1964 Lege
1654 1931 1670 1959 ,
1701 1901 1755 1947 ut
1778 1907 1863 1947 eos

276 1989 363 2058 qui
386 1989 484 2045 sub
513 1987 647 2060 Lege
665 1985 828 2053 erant,
856 1981 1119 2041 redimeret
1145 1976 1283 2054 (Gal.
1316 1999 1387 2051 tv,
1411 1985 1466 2053 4,
1495 1982 1569 2057 5).
1597 1970 1749 2041 ilnde
1771 2000 1861 2040 re-

276 2082 543 2139 dimeret?
572 2085 616 2138 Α
641 2082 875 2150 diabolo,
900 2097 929 2137 a
960 2080 1285 2164 perditione,
1310 2096 1340 2136 a
1365 2082 1597 2153 peccatis
1621 2082 1760 2148 suis,
1791 2083 1860 2138 ab

277 2191 340 2229 eo
364 2176 452 2231 cui
482 2188 545 2231 se
571 2175 938 2233 vendiderant.
964 2168 1033 2231 Ut
1054 2190 1138 2230 eos
1172 2175 1258 2245 qui
1283 2175 1376 2230 sub
1401 2173 1533 2246 Lege
1553 2177 1693 2230 erant
1721 2173 1859 2230 redi-

276 2275 449 2321 meret.
482 2267 596 2323 Sub
617 2267 755 2338 Lege
780 2268 921 2322 enim
948 2275 1138 2335 erant,
1165 2267 1286 2338 quia
1313 2266 1588 2338 premebat
1611 2282 1702 2323 eos
1723 2266 1853 2323 Lex.

275 2356 522 2414 Conditio
558 2362 651 2414 eos
683 2358 988 2428 premebat,
1034 2358 1396 2414 convincendo
1423 2357 1491 2414 de
1517 2366 1701 2424 reatu,
1749 2368 1855 2415 ιιοιι

274 2448 550 2506 salvando.
579 2450 646 2505 Et
669 2449 882 2521 quidem
924 2448 1063 2504 mala
1109 2448 1424 2520 prohibebat
1451 2468 1465 2505 :
1494 2449 1587 2505 sed
1625 2448 1746 2521 quia
1781 2449 1857 2506 illi

272 2543 417 2598 vires
459 2549 571 2598 non
596 2541 862 2598 habebant
902 2544 999 2613 per
1025 2543 1229 2612 seipsos
1249 2540 1573 2613 justilicandi
1615 2558 1709 2611 se,
1739 2543 1855 2599 cla-

273 2634 526 2689 mandum
555 2642 671 2690 erat
694 2633 763 2689 ad
788 2634 932 2690 iiinm
954 2675 969 2699 ,
996 2633 1264 2705 quomodo
1288 2633 1548 2689 clamabat
1571 2634 1660 2706 qui
1686 2635 1855 2705 capti-

272 2729 371 2780 ηε
406 2723 703 2781 ducebatur
742 2724 842 2781 sub
885 2725 1000 2794 iege
1033 2725 1234 2796 peccati
1276 2741 1291 2780 :
1337 2724 1496 2781 Miser
1530 2740 1620 2797 ego
1666 2725 1815 2782 homo
1835 2766 1853 2794 ,

271 2820 385 2889 ﬁnis
420 2835 502 2874 me
524 2808 751 2873 iibeiobit
773 2819 836 2872 de
875 2829 1085 2888 corpore
1122 2818 1298 2873 mortis
1330 2819 1482 2890 hujus
1526 2802 1815 2891 (Romam
1836 2860 1851 2886 ,

270 2911 375 2975 ‘33,
400 2911 535 2982 ειν
570 2911 735 2966 Erant
771 2918 958 2966 omnes
1000 2908 1242 2965 homines
1284 2908 1385 2966 sub
1425 2908 1600 2981 Lege,
1649 2925 1757 2965 non
1798 2911 1853 2967 in

272 2988 414 3072 Lege
440 3018 455 3054 :
482 3001 592 3071 jam
619 3001 706 3056 illa
728 3000 1078 3072 deprimente,
1107 2999 1195 3054 illa
1215 2998 1283 3055 de
1308 3008 1456 3055 reatu
1480 2999 1849 3057 convin‘eente.

274 3091 668 3147 Demonstravit
691 3092 832 3146 enim
865 3100 1135 3161 peccatum
1156 3090 1264 3146 Lex
1295 3107 1310 3146 :
1350 3090 1436 3146 illa
1465 3078 1581 3145 iixit
1605 3092 1848 3163 spinam,

270 3183 364 3237 illa
400 3181 529 3237 fecit
563 3197 658 3237 cor
685 3182 1000 3252 compungi;
1045 3181 1157 3251 ipsa
1197 3180 1471 3237 admonuit
1506 3189 1563 3237 ut
1598 3197 1749 3238 reum
1790 3197 1854 3240 se

268 3275 497 3345 quisque
523 3282 887 3345 cognttseeret,
914 3280 970 3328 et
992 3284 1088 3343 pro
1116 3273 1268 3329 venia
1295 3273 1553 3331 clamaret
1571 3264 1639 3329 ad
1661 3274 1849 3331 Deum.

273 3364 383 3420 Pfo
405 3365 502 3420 hac
522 3362 686 3420 orabit
707 3354 777 3418 ad
801 3375 848 3419 te
873 3364 1034 3419 omnis
1059 3372 1262 3419 sanctus
1281 3405 1296 3430 ,
1333 3364 1389 3418 in
1417 3371 1639 3435 tempore
1666 3375 1854 3437 oppor-

269 3464 416 3511 tuno.
439 3457 582 3528 Ergo
604 3455 842 3512 dicebam
871 3453 940 3510 de
971 3467 1207 3525 tempore
1243 3464 1542 3525 opportuno
1571 3472 1585 3510 :
1616 3455 1742 3512 Cum
1770 3472 1851 3512 eeo

268 3550 345 3602 nit
379 3547 640 3617 plenitudo
668 3547 936 3619 temporis,
963 3546 1095 3602 misit
1130 3544 1270 3601 Deus
1294 3542 1488 3601 Filium
1514 3563 1680 3603 suum.
1722 3548 1851 3602 item

268 3639 403 3694 dicit
427 3637 713 3710 Apostolus
738 3654 756 3692 :
783 3636 1034 3709 Tempore
1064 3632 1357 3709 acceptabiti
1395 3646 1444 3693 et
1484 3638 1669 3710 placito
1697 3654 1854 3694 exau-

268 3726 378 3784 diui
405 3739 472 3796 te,
497 3742 546 3782 et
570 3728 624 3783 in
647 3727 729 3782 die
744 3728 923 3783 salutis
941 3728 1113 3799 adjutii
1142 3735 1209 3782 te.
1233 3727 1297 3783 Et
1316 3726 1435 3798 quia
1458 3727 1559 3783 hoc
1587 3727 1655 3784 de
1679 3729 1854 3785 omni-

269 3820 373 3874 bus
397 3816 715 3874 Christianis
744 3816 819 3890 (α)
852 3817 1158 3888 praedictum
1185 3825 1301 3873 erat
1328 3833 1355 3872 a
1388 3816 1649 3890 Propheta
1669 3860 1684 3883 ,
1728 3821 1856 3876 subi-

265 3908 402 3981 ]ccit
441 3909 729 3981 Apostolus
757 3925 771 3962 :
801 3896 934 3964 Ecce
975 3925 1109 3963 nunc
1144 3918 1337 3979 tempus
1376 3907 1708 3979 acceptabile,
1740 3923 1852 3965 ecce

270 4018 407 4057 nunc
436 4002 546 4057 dies
581 4000 761 4056 salutis
791 4000 856 4074 (il
880 3999 998 4055 Cor.
1023 4016 1114 4065 vt,
1141 4000 1221 4072 2).
1257 3998 1359 4054 Pro
1389 4000 1484 4055 hac
1522 4001 1684 4056 orabit
1710 4002 1778 4056 ad
1803 4010 1854 4058 te

271 4096 438 4150 omnis
466 4103 691 4157 sanctus,
721 4094 775 4147 in
799 4100 1023 4165 tempore
1045 4101 1350 4163 Opportuna.

345 4183 433 4240 18.
470 4182 825 4240 Verumtamen
849 4182 900 4237 in
939 4182 1128 4238 diluuia
1162 4194 1406 4253 aquarum
1446 4181 1717 4238 multorum
1738 4226 1753 4251 ,
1783 4184 1852 4238 ad

272 4290 388 4329 eum
424 4290 526 4328 non
567 4272 1064 4344 appropinquabant.
1107 4270 1188 4325 Ad
1214 4288 1327 4326 eum
1367 4287 1385 4326 :
1426 4271 1493 4327 ad
1531 4272 1728 4344 quem?
1768 4272 1851 4328 Ad

276 4360 465 4420 Deum.
492 4364 637 4420 Solet
663 4364 805 4419 etaim
840 4370 1121 4435 personam
1151 4368 1393 4417 mutare:
1424 4362 1691 4433 quomodo
1731 4371 1848 4429 est,

275 4453 481 4511 Domini
517 4465 591 4511 est
624 4455 793 4522 salus,
833 4463 880 4509 et
923 4471 1077 4526 super
1112 4455 1353 4525 populant
1393 4465 1533 4509 tuum
1576 4455 1851 4512 benedictio

274 4556 360 4600 tua
391 4545 560 4618 (Psat.
582 4560 665 4613 ιιι,
691 4544 771 4618 9).
801 4544 917 4601 Non
943 4544 1108 4611 dixit,
1136 4544 1339 4600 Domini
1366 4550 1453 4600 est
1479 4546 1623 4601 salus
1645 4588 1657 4610 ,
1679 4554 1736 4601 et
1760 4562 1852 4601 su-

273 4651 370 4708 per
395 4637 645 4708 populum
668 4636 785 4709 ejus
808 4636 1104 4692 benedictio
1130 4636 1245 4705 ejtls
1273 4651 1288 4689 :
1318 4644 1428 4701 aut,
1458 4635 1682 4691 Domine
1714 4677 1729 4702 ,
1760 4645 1849 4693 tua

271 4738 354 4783 est
378 4722 555 4794 salus,
596 4733 655 4782 et
692 4741 856 4796 super
895 4727 1145 4796 populum
1186 4734 1332 4781 tuum
1372 4724 1670 4781 benedictio
1711 4735 1797 4780 tua
1830 4743 1846 4781 :

272 4818 364 4872 sed
390 4833 511 4872 cum
556 4817 847 4887 inciperet,
876 4815 1084 4872 Domini
1107 4825 1181 4871 est
1217 4817 1389 4882 salus,
1420 4830 1525 4871 non
1554 4814 1620 4871 ad
1658 4816 1805 4872 illum
1828 4859 1845 4886 ,

273 4910 365 4965 sed
384 4910 454 4965 de
484 4908 578 4964 illo
602 4910 810 4976 dicens;
835 4909 904 4965 ibi
933 4916 1332 4964 eonversusest
1359 4907 1426 4962 ad
1455 4908 1632 4975 illum,
1660 4918 1716 4963 et
1737 4908 1847 4975 ait,

272 5000 339 5055 Et
362 5005 513 5071 super
541 4994 786 5070 populum
818 5008 959 5053 tuum
984 4987 1258 5053 benedictio
1286 4997 1392 5051 tua.
1420 4997 1508 5052 Sic
1533 5006 1587 5052 et
1614 4999 1698 5053 hic
1725 5013 1845 5053 eum

270 5093 421 5148 audis
459 5091 631 5162 primo
658 5091 727 5146 ad
753 5100 829 5157 te,
857 5089 1051 5146 deinde
1090 5089 1160 5143 ad
1202 5106 1350 5156 eum,
1399 5103 1467 5144 ne
1508 5096 1664 5160 putes
1687 5087 1847 5144 alium

270 5190 425 5247 esse;
456 5180 568 5237 Pro
606 5182 702 5235 hac
731 5181 893 5236 orabit
918 5180 989 5234 ad
1016 5188 1065 5234 te
1090 5180 1252 5234 omnis
1278 5187 1482 5233 sanctus
1501 5220 1517 5245 ,
1546 5179 1602 5232 in
1626 5187 1850 5248 tempore

271 5280 574 5342 Opportuna.
606 5268 956 5325 Verumtamen
982 5268 1035 5323 in
1059 5268 1245 5322 diluvio
1269 5274 1514 5340 aquarum
1537 5267 1812 5322 multarunt
1828 5297 1847 5336 ς

270 5363 335 5416 ιιι
376 5378 490 5416 eum
533 5370 636 5415 tum
682 5357 1179 5432 appropinquabunt.
1226 5357 1364 5425 Quid
1399 5367 1520 5423 est,-
1564 5356 1619 5411 in
1661 5356 1849 5411 diluvio

269 5470 512 5522 equarum
556 5451 880 5507 multorum?
919 5451 1020 5517 Qui
1059 5458 1243 5507 natant
1269 5448 1322 5505 in
1361 5447 1562 5504 diluvio
1590 5462 1846 5518 aquarum

271 5548 579 5611 multarum,
607 5557 713 5598 non
741 5542 1166 5613 appropinquant
1184 5538 1252 5595 ad
1282 5540 1467 5595 Deum.
1498 5538 1634 5607 Quid
1661 5547 1744 5594 est
1766 5538 1852 5594 di-

272 5639 468 5694 luvium
513 5650 773 5707 aquarum
817 5631 1140 5689 multarum?
1185 5629 1539 5700 Multiplicitas
1580 5630 1847 5685 variarunt

270 5732 651 5793 doctrinarum.
682 5724 969 5790 intendzte,
1003 5722 1209 5779 fratres.
1238 5720 1411 5775 Multae
1436 5734 1584 5790 aqua:
1607 5729 1731 5777 sunt
1754 5734 1848 5774 va~

334 5843 408 5905 (α)
431 5848 596 5900 Forte,
618 5835 928 5898 teniporibus.

1390 408 1782 467 ENARRATIO
1818 405 1884 463 ΙΝ
1925 401 2239 468 ιιειιιιυιι
2282 412 2470 471 XXXI.

3455 424 3562 487 270

1982 525 2375 586 riaLdoctrinae.
2403 530 2648 588 Doctrina
2687 534 2780 592 Dei
2812 542 2916 593 tina
2941 538 3025 595 est
3043 581 3059 606 ,
3087 556 3191 597 non
3220 552 3344 599 sunt
3373 548 3568 613 multat,

1977 631 2130 704 aqua:
2148 660 2163 685 ,
2209 619 2304 675 sed
2330 638 2434 677 una
2472 639 2633 694 aqua,
2662 626 2774 682 sive
2798 633 3113 686 sacramenti
3140 633 3415 704 baptismi.
3443 640 3559 696 sive

1976 702 2233 798 doctrinae
2274 712 2549 770 salutaris.
2595 714 2668 771 De
2710 716 2822 787 ipsa
2865 719 3106 777 doctrina
3148 702 3250 795 qua
3277 726 3560 798 irrigamu‘r

1976 802 2071 867 per
2099 795 2353 868 Spiritum
2393 812 2635 859 sanctum
2656 845 2671 870 ,
2714 806 2910 863 dicitur
2940 827 2955 864 :
2982 808 3106 865 Bibe
3140 828 3323 883 aquam
3360 795 3424 871 de
3459 820 3559 875 tuis

1977 890 2140 981 uasis,
2181 892 2319 981 etfte
2342 904 2607 964 puteorum
2630 907 2834 953 tuorum
2862 903 3086 973 fontibus
3111 903 3294 978 (Prov.
3331 923 3397 975 νδ
3438 911 3551 981 15).

1972 978 2055 1035 Ad
2085 980 2214 1037 istos
2237 976 2408 1041 fontes
2438 1002 2544 1042 non
2568 988 2828 1056 accedunt
2855 991 3042 1063 impii,
3071 976 3165 1049 sed
3189 994 3469 1059 credentes
3499 976 3553 1054 in

1971 1074 2095 1126 eum
2113 1072 2202 1142 qui
2224 1073 2481 1146 justiiicat
2506 1078 2725 1149 impium
2748 1076 2925 1152 (Rom.
2950 1098 3022 1149 tv,
3046 1084 3127 1151 5),
3146 1085 3255 1155 jam
3276 1086 3552 1157 iustiﬁcati

1969 1161 2248 1218 accedunt.
2279 1164 2410 1220 Alia:
2444 1181 2596 1237 aqua:
2632 1168 2848 1236 multm,
2876 1171 3053 1227 multa:
3089 1172 3345 1231 doctrina:
3373 1177 3549 1250 inqui-

1968 1259 2101 1305 nant
2137 1253 2342 1309 animas
2385 1254 2656 1313 hominum
2681 1298 2698 1326 ,
2742 1261 2883 1331 quod
2927 1264 3086 1331 paulo
3121 1274 3245 1322 ante
3282 1267 3549 1326 dicebam.

1969 1339 2086 1397 Alia
2116 1343 2351 1401 doctrina
2378 1356 2494 1411 est,
2534 1348 2722 1405 Fatum
2750 1352 2881 1407 mihi
2923 1352 3066 1409 fecit.
3107 1354 3225 1413 Alia
3266 1357 3507 1417 doctrina
3528 1403 3547 1429 ,

1968 1429 2137 1524 Casus
2164 1434 2291 1490 mihi
2319 1435 2479 1503 fecit,
2508 1439 2714 1495 fortuna
2757 1441 2900 1498 fecit.
2943 1442 3000 1500 Si
3038 1448 3249 1504 casibus
3292 1459 3552 1524 teguntur

1968 1522 2246 1616 homines,
2287 1529 2429 1584 nulla
2474 1531 2804 1610 providentia
2843 1536 3039 1606 aliquid
3080 1539 3285 1609 geritur
3312 1560 3327 1597 :
3353 1522 3408 1600 et
3431 1543 3547 1616 ipsa

1966 1612 2204 1671 doetrina
2225 1626 2325 1673 est.
2356 1619 2506 1696 Alius
2528 1622 2699 1689 dixit,
2731 1625 2821 1679 Est
2842 1638 2976 1696 gens
3004 1632 3266 1685 contraria
3295 1612 3548 1693 tenebra-

1964 1716 2081 1759 rum
2099 1745 2125 1797 ,Α
2146 1722 2263 1776 quae
2300 1694 2580 1767 rebellavit
2601 1694 2867 1772 adversus
2897 1717 3061 1774 Deum
3084 1761 3101 1788 ,
3127 1720 3241 1793 ipsa
3266 1723 3390 1781 facit
3415 1741 3547 1797 pec-

1961 1809 2090 1851 care
2115 1795 2377 1855 homines.
2405 1799 2460 1856 in
2492 1802 2595 1859 hoe
2621 1804 2821 1861 dilui'io
2864 1816 3120 1878 aquantm
3159 1795 3441 1873 multarum
3474 1819 3544 1875 ad

1965 1883 2134 1943 Deum
2171 1901 2277 1945 non
2305 1894 2823 1964 appropinquabuut.
2852 1898 2981 1968 Quae
3005 1909 3090 1958 est
3125 1900 3213 1960 ilia
3238 1921 3414 1978 aqua,
3454 1910 3543 1966 illa

1962 1991 2086 2033 vera
2107 1995 2226 2049 qua:
2254 1992 2433 2037 manat
2455 1984 2523 2040 de
2551 1985 2734 2043 intimo
2763 1987 2911 2046 fante
2939 2007 3086 2063 purae
3110 2010 3259 2052 veme
3281 1998 3543 2057 veritatis?

1960 2065 2090 2135 Qua:
2118 2068 2204 2124 illa
2229 2086 2364 2143 aqua
2389 2082 2504 2139 est,
2538 2074 2762 2153 fratres,
2808 2079 2907 2135 nisi
2945 2096 3064 2153 qua:
3101 2084 3257 2142 docnt
3298 2089 3542 2146 conliteri

1962 2157 2228 2217 Domino?
2250 2165 2379 2229 Quae
2407 2175 2489 2220 est
2518 2165 2603 2222 illa
2636 2183 2772 2239 aqua
2790 2211 2808 2236 ,
2838 2172 2939 2227 nisi
2977 2190 3096 2243 qua:
3122 2174 3309 2246 docet,
3338 2179 3541 2237 Bonum

1957 2247 2030 2343 est
2047 2252 2279 2343 conﬁteri
2302 2251 2522 2311 Domino
2544 2255 2713 2331 (Psat.
2745 2274 2853 2325 xui,
2883 2259 2967 2336 2)?
2994 2264 3123 2332 Quae
3142 2276 3225 2323 est
3248 2267 3334 2323 illa
3362 2285 3498 2343 aqua
3520 2314 3537 2339 ,

1958 2341 2061 2397 uisi
2079 2357 2199 2414 qua:
2225 2343 2382 2402 docet
2408 2346 2545 2404 hanc
2566 2364 2772 2417 vocem,
2803 2352 2953 2424 Dixi,
2986 2356 3334 2415 Pronuntiabo
3359 2341 3540 2419 aduer-

1955 2447 2069 2487 sum
2093 2450 2171 2490 me
2192 2436 2489 2507 injustitiam
2516 2457 2677 2495 meam
2703 2430 2923 2501 Domino
2952 2461 2973 2502 :
2999 2456 3088 2515 et,
3120 2442 3231 2522 Ego
3259 2452 3369 2508 dixi
3386 2495 3402 2522 ,
3432 2453 3540 2511 Do-

1956 2525 2093 2580 mine
2110 2567 2126 2595 ,
2154 2526 2387 2585 miserere
2411 2531 2510 2585 mei
2526 2573 2541 2599 ,
2570 2548 2697 2587 sana
2723 2536 2946 2593 animum
2971 2556 3152 2609 meum,
3173 2544 3408 2612 quoniam
3431 2564 3543 2617 prc-

1954 2618 2066 2672 caui
2113 2618 2244 2675 tibi?
2278 2620 2403 2677 time
2441 2638 2576 2696 aqua
2617 2626 2967 2685 confessionis
3008 2644 3345 2702 peccatorum
3368 2676 3381 2701 ,
3423 2638 3539 2695 haec

1955 2723 2090 2780 aqua
2112 2709 2491 2769 humiliationis
2515 2715 2728 2786 curdis,
2762 2717 2875 2775 haec
2894 2736 3030 2792 aqua
3062 2725 3183 2779 vitae
3215 2726 3230 2757 ¹
3253 2727 3499 2784 salutaris
3516 2770 3533 2796 ,
3612 2772 3615 2773 γ

1954 2798 2251 2868 abjicicntis
2277 2814 2356 2866 se,
2388 2804 2520 2858 nihil
2549 2805 2615 2860 de
2643 2822 2702 2861 se
2733 2812 3121 2877 prmsutncntis,
3154 2814 3286 2870 nihil
3314 2831 3424 2872 sua:
3447 2833 3536 2889 po-

1956 2891 2136 2947 tentia:
2180 2894 2409 2962 superbe
2436 2895 2736 2953 tribuentis;
2766 2898 2890 2956 llaec
2916 2917 3052 2972 aqua
3079 2903 3134 2958 in
3161 2906 3317 2963 nullis
3342 2909 3534 2964 alieni-

1953 2996 2214 3054 genarum
2242 2985 2392 3042 libris
2413 2997 2496 3043 est
2519 3029 2533 3054 ,
2566 3005 2670 3046 non
2703 2992 2754 3046 in
2776 2993 3070 3063 epicureis,
3099 3012 3203 3052 non
3233 2998 3285 3055 in
3316 3001 3533 3066 stoicis,

1955 3086 2063 3132 non
2086 3075 2138 3132 in
2160 3080 2490 3149 manicineis,
2508 3099 2613 3138 non
2632 3072 2682 3139 in
2701 3086 2998 3155 platonicis.
3023 3088 3353 3164 Ubicumque
3372 3095 3533 3153 etiam

1952 3167 2299 3226 inveniuntur
2340 3174 2538 3243 optima
2570 3188 2833 3247 prarcepta
2864 3186 3069 3235 morttm
3113 3190 3167 3238 et
3202 3182 3529 3255 disciplinae;

1955 3258 2227 3318 humilitas
2263 3271 2440 3340 tamen
2485 3264 2586 3321 ista
2615 3276 2721 3322 non
2766 3269 3053 3326 invenitur.
3101 3272 3193 3328 Via
3224 3276 3535 3332 humilitatis

1954 3353 2113 3426 hujus
2137 3355 2349 3412 aliunde
2376 3358 2397 3389 '
2436 3367 2615 3414 manat
2644 3378 2656 3414 :
2687 3376 2716 3413 a
2755 3360 2972 3418 Christo
3008 3366 3172 3421 venit.
3204 3367 3327 3424 Haec
3356 3371 3435 3427 via
3465 3373 3534 3426 ab

1954 3446 2047 3501 illo
2069 3456 2171 3514 est,
2198 3448 2287 3517 qui
2316 3462 2436 3503 cum
2461 3458 2606 3504 esset
2621 3450 2779 3515 altus,
2805 3451 3021 3510 humilis
3041 3457 3203 3512 venit.
3227 3457 3364 3526 Quid
3388 3462 3530 3516 enim

1952 3536 2094 3591 aliud
2114 3536 2297 3594 docuit
2323 3526 2652 3595 humiiiando
2675 3555 2764 3609 se,
2792 3541 2959 3599 factus
2993 3545 3250 3604 obediens
3277 3564 3443 3620 usque
3464 3552 3531 3606 ad

1954 3637 2211 3697 mortem,
2234 3639 2460 3685 mortem
2486 3639 2662 3685 autem
2696 3632 2871 3688 crucis
2893 3631 3150 3707 (Philipp.
3179 3652 3237 3703 ιι,
3269 3638 3369 3711 8)?
3392 3640 3530 3709 Quid

1951 3721 2107 3783 aliud.
2124 3720 2305 3777 docuit
2330 3719 2585 3778 solvendo
2608 3722 2747 3793 quod
2773 3739 2877 3778 non
2893 3720 3125 3783 debebat
3141 3770 3155 3793 ,
3179 3739 3239 3785 ut
3272 3746 3368 3787 nos
3393 3746 3423 3789 a
3446 3734 3533 3790 de-

1953 3813 2064 3869 hilo
2086 3813 2375 3871 liberaret?
2394 3813 2530 3882 Quid
2556 3815 2699 3871 aliud
2722 3816 3212 3888 docuitbaptizatus
3237 3824 3323 3891 qui
3355 3840 3534 3893 pecca-

1955 3914 2064 3961 tum
2095 3914 2201 3960 nOn
2228 3904 2388 3972 fecit,
2427 3905 2710 3962 crucifixus
2751 3908 2841 3978 qui
2884 3916 3091 3965 reatum
3130 3927 3234 3966 non
3264 3908 3533 3971 habebat?

1952 3998 2088 4067 Quid
2123 3995 2266 4052 aliud
2303 3996 2515 4065 docuit,
2551 3998 2653 4053 nisi
2680 3997 2817 4055 hanc
2860 3999 3254 4059 humilitatem?
3279 4002 3397 4061 Non
3425 4006 3527 4063 im-

1955 4089 2144 4145 merito
2180 4090 2253 4145 ait
2286 4105 2301 4143 :
2329 4089 2439 4161 Ego
2463 4106 2578 4146 sum
2616 4091 2696 4146 uia
2718 4102 2765 4145 et
2790 4093 2970 4148 veritas
2996 4104 3044 4149 et
3071 4097 3173 4150 vita
3213 4096 3390 4169 (Joan.
3417 4110 3528 4167 xw,

1951 4173 2029 4253 li).
2075 4181 2131 4236 in
2179 4181 2277 4237 hac
2302 4190 2432 4252 ergo
2472 4178 2767 4238 humilitate
2805 4185 3189 4254 prapinqnatur
3224 4187 3290 4243 ad
3323 4189 3487 4245 Dettnt
3512 4233 3527 4255 ,

1950 4272 2073 4343 quia
2094 4286 2259 4342 prope
2286 4282 2369 4329 est
2392 4274 2646 4328 Dominus
2663 4274 2749 4329 bis
2775 4276 2863 4345 qui
2888 4277 3221 4333 ohtriverunt
3238 4295 3332 4335 eor
3355 4279 3526 4353 (Psat.

1953 4367 2118 4417 sum
2141 4402 2155 4426 .
2186 4361 2298 4433 i9).
2338 4362 2392 4416 in
2423 4361 2621 4417 diluvio
2641 4361 2814 4418 autem
2841 4379 3094 4435 aquarum
3121 4369 3405 4425 multarum
3432 4374 3527 4426 ct-

1952 4452 2251 4508 tdilentium
2275 4466 2334 4507 se
2355 4451 2612 4507 adversus
2642 4453 2808 4508 Deum
2832 4496 2846 4518 ,
2870 4464 2924 4510 et
2943 4455 3244 4513 docentium
3273 4463 3528 4531 superbas

1952 4540 2270 4612 impietates.
2295 4541 2362 4595 ad
2388 4541 2551 4596 Deum
2575 4550 2677 4597 non
2703 4545 3218 4615 appropinqllabtttti.

2024 4630 2112 4687 19.
2137 4629 2287 4704 [rem
2310 4629 2388 4695 ’⁷.Ῑ
2417 4628 2497 4686 'l‘u
2525 4642 2700 4687 autem
2722 4635 2846 4705 quid
2871 4677 2885 4701 ,
2914 4638 3000 4705 qui
3029 4638 3188 4694 etiam
3207 4639 3528 4710 justiti'cattis

1952 4736 2029 4790 es,
2054 4724 2191 4779 inter
2217 4722 2418 4779 medias
2446 4723 2561 4778 illas
2583 4738 2747 4795 aquas
2771 4728 2863 4781 es?
2890 4727 3152 4801 Undique,
3180 4729 3371 4789 fratres
3400 4739 3525 4804 mei,

1951 4815 2110 4871 etiam
2135 4816 2256 4870 eum
2282 4813 2599 4870 conﬁtemur
2627 4825 2837 4884 peccata
2863 4859 2876 4876 .
2906 4821 3241 4891 perstrepunt
3268 4825 3408 4881 circa
3434 4843 3534 4884 nus

1953 4892 2103 4976 aqua;
2124 4904 2226 4959 illae
2254 4904 2456 4960 diluvii.
2486 4904 2601 4959 Non
2627 4898 2809 4961 sumus
2838 4907 2887 4961 in
2919 4908 3034 4977 ipso
3057 4910 3276 4975 diluvio.
3299 4915 3392 4972 Sed
3421 4921 3531 4973 cir-

1953 4995 2266 5052 cumdamur
2289 4994 2356 5050 ab
2381 4994 2495 5065 ipso
2513 4994 2730 5071 diluvio.
2765 4996 3017 5054 Premunt
3034 5015 3131 5055 nos
3150 5044 3166 5069 ,
3190 5004 3285 5059 sed
3309 5018 3412 5062 non
3433 5024 3534 5078 op-

1954 5085 2226 5157 primunt,
2249 5094 2435 5153 urgent
2464 5099 2561 5139 nos
2582 5126 2597 5147 ,
2624 5084 2716 5139 sed
2741 5096 2844 5139 non
2866 5086 3197 5160 demergunt.
3228 5093 3362 5163 Quid
3402 5106 3531 5169 ergo

1955 5184 2008 5232 tu
2033 5176 2194 5232 facies
2216 5216 2232 5241 ,
2255 5176 2377 5246 quia
2400 5175 2453 5229 in
2479 5175 2652 5231 medio
2679 5176 2877 5234 diluvio
2905 5196 2993 5246 es,
3022 5184 3303 5243 ambulans
3328 5187 3383 5243 in
3427 5188 3527 5246 ιιο,

1955 5266 2191 5322 saeculo?
2213 5263 2347 5319 Num
2368 5264 2509 5319 enim
2537 5270 2642 5321 no‘n
2670 5267 2813 5322 audit
2844 5270 2973 5326 tales
2997 5270 3266 5343 doctores,
3297 5292 3403 5333 non
3431 5285 3509 5335 tiu

1954 5357 2032 5411 dit
2058 5357 2186 5411 tnlcs
2210 5355 2487 5425 superbos,
2513 5365 2604 5411 aut
2633 5370 2738 5412 non
2764 5374 2829 5414 ex
2861 5361 3034 5417 verbis
3061 5372 3243 5420 eorum
3269 5364 3532 5436 quotidia-

1957 5452 2053 5501 nas
2080 5445 2274 5516 patitur
2299 5444 2351 5499 in
2377 5444 2537 5500 corde
2556 5461 2652 5501 suo
2674 5449 3111 5518 persecutiones?
3133 5454 3268 5521 Quid
3290 5470 3417 5527 ergo
3439 5454 3526 5513 di-

1953 5541 2042 5592 eat
2067 5537 2165 5591 iste
2196 5533 2304 5605 jam
2340 5535 2656 5607 justllicatus
2687 5548 2742 5595 et
2780 5550 3109 5611 prmsumens
3144 5544 3211 5600 de
3251 5546 3395 5615 Deo,
3439 5551 3530 5619 qui

2351 5652 2364 5665 Ρ

2022 5711 2039 5774 t
2068 5716 2116 5774 tn
2138 5711 2361 5761 omnibus
2376 5725 2528 5774 pr0pe
2550 5720 2677 5774 Mss,
2702 5713 2806 5766 vite.

2023 5725 2039 5744 ι
2069 5725 2116 5759 ιιι
2138 5725 2361 5761 omntnus
2376 5725 2464 5773 pro
2550 5725 2677 5774 ωδε..
2702 5727 2806 5766 me.

1954 5773 2139 5882 main
2174 5780 2278 5822 uss.
2306 5781 2359 5822 At
2381 5725 2641 5825 laureum
2674 5784 2886 5839 negante
2922 5777 3183 5843 pprticula,
3207 5781 3404 5837 nliwtde
3440 5792 3530 5837 no.1
