4032 6464
476 391 568 448 ru
1707 375 1761 432 S-

474 497 830 557 circumdatur
856 494 1056 551 diluvio
1082 493 1219 549 isto?
1248 492 1329 548 Tu
1350 491 1476 546 mihi
1510 507 1564 545 es
1589 490 1840 562 refugium
1863 504 1895 541 a
1921 504 2053 558 pres-

474 608 595 647 sum
618 604 731 661 quae
757 586 1082 643 circumdedit
1125 601 1223 639 me.
1251 583 1529 654 Refugiant
1568 581 1642 635 illi
1666 621 1681 646 ,
1712 579 1796 635 vel
1831 579 1897 633 ad
1925 578 2057 633 deos

474 699 621 749 suos,
654 683 822 738 \'el.ad
844 682 1115 747 tlaanones
1137 692 1293 740 suos,
1323 678 1405 731 vel
1431 675 1496 730 ad
1528 677 1666 730 vires
1695 689 1818 729 suas
1840 716 1856 737 ,
1884 673 1966 729 vel
1989 672 2054 727 ad

475 778 835 837 delensiouem
867 782 1199 842 peccatorum
1239 785 1457 824 suorqu
1491 767 1657 822 :mibi
1699 768 1750 822 iu
1794 764 2066 838 istodilu:

477 872 563 925 νίς)
584 884 689 924 non
712 874 796 921 est
819 864 1079 934 refugium
1114 861 1214 916 nisi
1239 869 1292 916 tu
1311 901 1328 929 ,
1356 876 1387 915 a
1413 873 1659 931 pressura
1687 874 1806 928 qua:
1830 859 2060 913 circnm-

476 962 620 1018 dedit
648 974 753 1014 me.

494 1084 505 1087 -
547 1052 636 1106 20.
670 1048 965 1105 Exsultatio
1002 1062 1131 1110 mea,
1178 1045 1365 1099 redime
1398 1060 1496 1098 me.
1543 1042 1598 1098 Si
1643 1043 1750 1113 jam
1794 1041 2054 1107 exsultas,

476 1146 602 1218 quid
630 1146 708 1200 vis
751 1142 982 1198 redimi?
1030 1138 1315 1194 Exsultatio
1349 1154 1478 1198 mea,
1521 1136 1710 1190 redime
1755 1150 1853 1189 uie.
1885 1133 2058 1189 Audio

477 1252 662 1293 vocem
673 1233 871 1304 gaudii,
896 1231 1179 1286 Exsultatio
1198 1245 1341 1300 mea:
1367 1228 1526 1282 audio
1549 1227 1824 1297 gemitum,
1851 1224 2060 1279 Redime

478 1347 574 1386 me.
599 1327 830 1393 Gaudes,
855 1338 907 1381 et
930 1325 1115 1394 gemis.
1145 1323 1240 1389 Ita,
1269 1323 1456 1392 inquit,
1479 1329 1531 1374 et
1550 1319 1774 1391 gaudeo,
1796 1327 1853 1373 et
1869 1331 2052 1387 gemo:

476 1421 682 1494 gaudeo
711 1421 763 1474 in
793 1434 906 1489 spe,
934 1431 1089 1487 gemo
1114 1414 1285 1469 adhuc
1316 1414 1368 1467 in
1397 1429 1473 1467 re.
1506 1409 1793 1465 Exsultatio
1821 1426 1952 1474 utea,
1980 1425 2059 1462 re-

476 1517 609 1571 dime
642 1530 738 1567 me.
772 1511 878 1583 Spe
902 1509 1175 1580 gaudentes
1196 1548 1212 1572 ,
1241 1505 1314 1558 ait
1357 1502 1663 1573 Apostolus.
1695 1502 1833 1570 Ergo
1872 1508 2016 1554 recte
2038 1537 2055 1565 ,

476 1609 766 1667 Exsultatio
795 1623 905 1660 mea
929 1647 945 1671 ,
972 1603 1161 1658 redime
1202 1616 1297 1653 me.
1326 1597 1475 1654 Unde
1505 1595 1695 1651 redime
1723 1595 1841 1649 me?
1867 1594 2024 1662 Sequi
2041 1625 2057 1634 -

476 1713 597 1768 Iur,
630 1700 695 1753 lu
726 1696 1043 1755 tribulatione
1068 1693 1307 1764 patientes
1334 1689 1508 1761 (ιιυυι.
1542 1703 1610 1741 xu
1632 1729 1647 1752 ,
1676 1687 1786 1755 12).
1821 1684 2061 1741 Exsulta-

476 1795 545 1848 tio
565 1808 697 1858 mea,
721 1791 908 1844 redime
928 1803 1024 1840 uie.
1051 1784 1167 1838 .lam
1185 1781 1502 1851 justilicatus
1524 1787 1640 1833 erat
1664 1786 1717 1831 et
1740 1775 2056 1846 Apostolus:

475 1897 526 1940 et
554 1884 677 1954 quid
707 1881 815 1936 ait?
849 1878 968 1934 Non
998 1878 1180 1941 solum,
1211 1873 1399 1943 inquit,
1426 1871 1513 1926 sed
1536 1871 1685 1924 etiant
1709 1885 1800 1922 nos
1827 1867 2058 1937 ipsi-pri-

476 1978 643 2031 mitias
682 1974 915 2028 habentes
946 1969 1168 2040 Spiritus
1187 2007 1203 2029 ,
1233 1974 1277 2019 et
1305 1963 1404 2033 ipsi
1430 1964 1483 2016 in
1513 1959 1880 2027 nobismetipsis
1922 1959 2063 2029 inge-

476 2068 752 2122 miscimus.
797 2061 949 2119 Unde
978 2059 1166 2113 redime
1190 2055 1309 2110 me?
1334 2054 1464 2120 Quia
1486 2053 1586 2118 ipsi
1608 2053 1660 2106 in
1695 2050 2061 2119 nobismetipsis

476 2157 847 2231 ingemiscimus
867 2197 880 2219 ,
922 2153 1242 2223 adeptionem
1265 2155 1604 2217 exspectantes
1627 2184 1642 2209 ,
1671 2145 2061 2215 redemptionem

476 2250 702 2321 corporis
728 2246 906 2301 nostri.
926 2245 1059 2299 Ecce
1084 2257 1211 2313 ergo
1228 2240 1369 2295 unde
1396 2238 1584 2292 redime
1606 2253 1720 2302 me;
1741 2237 1862 2307 quia
1888 2236 2061 2292 adhuc

476 2349 847 2410 exspectamus
887 2337 937 2389 in
989 2333 1141 2387 nobis
1189 2330 1593 2401 ingemiscenles
1639 2329 2061 2397 redemptionem

476 2429 719 2502 corporis
748 2427 935 2484 nostri.
968 2424 1119 2481 Unde
1147 2438 1275 2493 ergo
1310 2420 1578 2477 exsultatio
1604 2421 1754 2474 meo?
1783 2420 1853 2474 lbi
1886 2419 2081 2488 sequir

478 2535 565 2578 tur
612 2522 750 2576 idem
798 2518 1088 2589 apostolus,
1132 2524 1187 2569 et
1229 2513 1390 2578 dicit,
1442 2510 1548 2582 Spe
1590 2511 1721 2564 enim
1771 2509 1897 2564 salvi
1942 2510 2065 2582 facti

477 2634 649 2673 sumus
674 2629 822 2684 :spes
841 2621 1007 2665 autem
1026 2624 1138 2676 qua:
1161 2607 1371 2670 videtur,
1398 2612 1588 2659 nonest
1612 2620 1743 2673 spes.
1767 2603 1914 2670 Quod
1933 2603 2063 2656 enim

478 2711 610 2765 videt
632 2709 762 2779 quis,
809 2705 930 2776 quid
957 2702 1171 2772 sperat?
1219 2699 1281 2755 Si
1316 2706 1484 2753 autem
1526 2696 1661 2767 quod
1699 2713 1797 2750 non
1842 2696 2064 2749 videmus

477 2816 759 2867 speramus,
784 2812 871 2867 per
897 2788 1187 2864 patientituu
1207 2798 1552 2860 exspectamus
1575 2785 1683 2858 (Id.
1713 2801 1822 2850 ιἰιι,
1847 2785 2059 2857 23-25).

479 2858 536 2947 έί
564 2858 1022 2961 ερειτιειξέίιιιιιθες
1049 2882 1092 2940 si
1123 2895 1217 2952 per
1242 2858 1544 2950 patientiam
1567 2886 1864 2944 exspectas,
1892 2876 2066 2931 adlmc

479 2985 689 3055 gemis:
731 2995 836 3034 non
870 2978 1009 3032 enim
1052 2988 1188 3044 opus
1213 2981 1296 3029 est
1327 2971 1601 3051 patientia,
1652 2969 1736 3024 ubi
1772 2969 1899 3023 nihil
1941 2969 2063 3023 mali

480 3050 795 3145 perpeteris.
828 3065 1128 3122 'l‘olcrautia
1159 3078 1276 3133 qua:
1308 3050 1533 3125 dicitur,
1556 3060 1809 3129 patientia
1839 3075 1957 3127 qua:
1983 3058 2080 3112 ιιι--

481 3166 640 3231 citur,
667 3158 976 3215 sustinentia
1006 3171 1123 3225 qua:
1148 3153 1359 3215 dicitur,
1389 3149 1761 3219 longanimitas
1788 3164 1905 3218 qua:
1930 3148 2066 3202 dici-

483 3266 587 3319 tur,
618 3268 722 3308 nou
747 3260 829 3306 est
852 3249 950 3304 nisi
975 3249 1025 3301 iu
1049 3245 1220 3300 malis.
1254 3243 1350 3299 Ubi
1382 3241 1659 3312 premeris,
1685 3241 1755 3311 ibj
1784 3241 1799 3271 ¹
1826 3240 2066 3310 angustia

482 3354 585 3401 est.
615 3343 756 3413 Ergo
785 3339 829 3395 si
855 3355 950 3412 per
977 3336 1282 3409 patientiam
1310 3343 1701 3401 exspectamus,
1730 3329 1905 3419 adhuc
1931 3330 2065 3385 diei-

485 3452 624 3499 mus,
652 3433 877 3490 Redime
919 3444 1005 3485 me
1048 3444 1076 3480 a
1118 3441 1365 3497 pressura
1404 3438 1525 3495 qua:
1565 3420 1913 3478 circumdedit
1938 3437 2063 3478 me:

483 3531 605 3602 quia
637 3543 765 3582 vero
789 3541 882 3596 spe
907 3520 1034 3578 salvi
1063 3521 1183 3576 l'aeti
1209 3534 1414 3582 sumus,
1442 3517 1598 3573 simul
1628 3527 1911 3589 utrumque
1935 3516 2068 3573 dici-

485 3637 624 3686 mus,
655 3615 943 3672 Exsultatio
971 3629 1103 3676 utea,
1133 3611 1320 3665 redime
1347 3625 1442 3664 me.

553 3711 643 3766 2|.
686 3709 856 3782 [verm
890 3704 970 3779 8.]
1007 3701 1419 3773 Respondetur:
1450 3698 1767 3755 Intellectum
1801 3699 1930 3753 dabo
1957 3698 2064 3754 tibi.

487 3804 604 3872 Ipse
631 3809 712 3856 e-t
737 3797 973 3870 psalmus
994 3793 1369 3864 intelligentiae.
1398 3790 1712 3846 Intellectum
1732 3790 1860 3845 dabo
1889 3791 1995 3853 tibi,
2022 3799 2069 3844 et

485 3903 700 3950 statuam
729 3900 776 3944 te
802 3889 857 3943 in
881 3888 961 3942 via
980 3887 1105 3952 hac,
1134 3902 1231 3955 qua
1259 3883 1525 3956 gradieris.
1555 3883 1689 3949 Quid
1720 3890 1817 3944 est,
1851 3890 2069 3935 statuam

487 3996 537 4040 te
558 3985 610 4038 in
634 3983 715 4037 via
743 3981 857 4047 liae,
879 3995 976 4051 qua
1004 3976 1292 4050 gradieris?
1320 3974 1431 4030 Non
1459 3986 1517 4030 ut
1544 3974 1747 4028 ltasreas
1777 3974 1867 4039 ibi,
1894 3972 1985 4027 sed
2013 3980 2071 4027 ut

485 4076 555 4131 ab
581 4091 643 4129 ea
670 4088 776 4128 non
803 4072 1039 4126 oberres.
1071 4066 1215 4122 Dabo
1241 4065 1588 4130 intellectum,
1619 4071 1676 4118 ut
1697 4078 1987 4131 cognoscas
2018 4070 2070 4117 te

492 4180 718 4235 semper,
741 4174 793 4218 et
809 4175 1021 4231 semper
1045 4158 1273 4228 gaudeas
1294 4157 1346 4211 in
1371 4172 1466 4225 spe
1491 4156 1555 4209 ad
1582 4155 1782 4220 Deum;
1812 4154 1982 4209 donec
2003 4153 2069 4208 ad

493 4257 631 4315 illam
677 4253 899 4324 patriam
947 4250 1244 4320 pervenias,
1276 4247 1489 4317 ltbijum
1520 4261 1623 4299 nou
1667 4260 1809 4315 spes,
1853 4245 1944 4300 sed
1985 4259 2071 4299 res

491 4349 607 4405 t-rit.
643 4343 931 4417 Obﬁrtuabo
958 4358 1108 4413 super
1138 4351 1184 4394 te
1211 4339 1384 4394 oculos
1427 4354 1563 4392 meos
1587 4353 1604 4390 :
1636 4352 1739 4389 non
1766 4351 1795 4390 a
1823 4349 1874 4390 te
1919 4334 2070 4395 aufer

490 4458 599 4497 miti
627 4438 809 4492 oculos
839 4450 1006 4499 meos,
1035 4433 1156 4503 quia
1186 4440 1240 4486 et
1266 4440 1319 4484 tu
1353 4445 1457 4483 non
1486 4429 1694 4482 auferes
1719 4443 1749 4481 a
1780 4443 1865 4482 me
1889 4428 2071 4482 oculos

490 4543 626 4586 tuos.
656 4528 771 4583 .lam
794 4526 1130 4595 justilicatus,
1154 4522 1261 4591 jam
1290 4528 1407 4588 post
1432 4518 1797 4572 remissionem
1825 4527 2070 4589 peccato-

488 4638 606 4678 rum
650 4621 764 4673 leva
802 4616 985 4672 oculos
1017 4623 1133 4667 tuos
1160 4611 1225 4666 ad
1272 4611 1460 4665 Deum.
1490 4605 1765 4664 Putrucrul
1796 4612 1939 4664 enim
1979 4625 2072 4664 cor

491 4721 636 4767 tuum
669 4723 790 4763 eum
819 4713 961 4760 esset
990 4704 1041 4757 in
1075 4712 1233 4756 terra.
1279 4699 1392 4753 Non
1438 4700 1601 4766 gratis
1630 4698 1803 4764 audis,
1848 4700 2071 4755 Sursum

487 4816 614 4864 cor,
664 4812 732 4853 ne
775 4802 1002 4865 putreat.
1048 4792 1197 4860 Ergo
1228 4801 1281 4846 et
1326 4799 1382 4844 tu
1425 4791 1536 4844 leva
1573 4790 1682 4859 jam
1727 4790 1910 4846 oculos
1953 4800 2072 4845 tuos

489 4906 703 4962 semper
732 4890 782 4943 in
816 4887 1001 4950 Deum,
1033 4894 1088 4940 ut
1119 4884 1291 4939 ﬁrmet
1317 4898 1477 4952 super
1505 4891 1558 4938 te
1582 4884 1766 4938 oculos
1793 4898 1937 4938 suos.
1967 4884 2073 4945 Sed

488 4982 615 5053 quid
645 4981 797 5035 times
824 4994 890 5033 ne
916 4993 1037 5031 cum
1070 4975 1236 5030 habes
1260 4974 1443 5030 oculos
1471 4974 1534 5030 ad
1568 4976 1729 5030 Deum
1755 5018 1768 5041 ,
1798 4976 2036 5033 oﬂ‘endas
2054 5019 2070 5044 ,

492 5090 561 5128 ne
587 5088 688 5125 non
713 5069 964 5138 respicias
987 5077 1110 5120 ante
1130 5074 1201 5131 te,
1224 5077 1278 5121 et
1303 5065 1435 5120 forte
1458 5066 1695 5122 incurras
1717 5067 1768 5121 in
1792 5067 2074 5139 laqueum?

490 5163 608 5219 Noli
636 5162 825 5216 timere
842 5158 864 5213 ἐ
892 5158 960 5213 ibi
990 5159 1132 5213 enim
1154 5168 1273 5213 sunt
1300 5157 1437 5212 oculi
1466 5159 1649 5229 ipsius,
1672 5175 1805 5229 quos
1828 5162 2074 5217 obﬂrmat

491 5269 653 5326 super
683 5262 773 5319 te;
807 5250 1002 5318 Nolite,
1028 5250 1448 5320 iuquit,'solliciti
1473 5268 1580 5307 esse
1611 5248 1819 5324 (Matth.
1852 5270 1927 5320 γι,
1957 5254 2070 5328 ’51);

491 5358 545 5403 rt
571 5347 842 5419 apostolus
879 5344 1111 5400 Petrus:
1162 5344 1375 5399 Omnem
1422 5345 1812 5400 sollicitudinem
1862 5358 2074 5401 vestram

490 5455 644 5508 super
671 5438 814 5492 illum
840 5436 1035 5501 mittite,
1065 5436 1182 5515 quia
1223 5436 1299 5489 illi
1338 5452 1460 5489 cura
1496 5446 1567 5489 est
1594 5436 1656 5490 de
1682 5437 1818 5491 vobis
1846 5436 1884 5507 (Ι
1931 5436 2071 5492 I’etr.

493 5548 556 5594 ν,
585 5532 663 5601 7).
711 5530 850 5598 l-Jrgo
883 5529 1157 5591 obﬁrmnbo
1189 5545 1349 5597 super
1374 5540 1421 5582 te
1459 5530 1629 5584 oculos
1666 5546 1812 5585 meos.
1846 5529 1923 5585 Tu
1951 5547 2076 5603 ergo

493 5622 679 5677 oculos
709 5629 827 5675 tuos
852 5620 903 5674 in
935 5620 1082 5673 ἰΙΙιιιιι
1113 5635 1277 5689 erige,
1304 5628 1357 5674 et
1382 5634 1485 5673 non
1510 5619 1739 5699 timebis,
1768 5631 1824 5676 ut
1852 5620 1980 5683 disi,
2013 5640 2079 5678 uo

561 5774 578 5842 ξ
608 5779 723 5835 uog.
748 5781 804 5853 et
828 5774 972 5853 vatio.
995 5764 1122 5833 um,
1146 5784 1238 5823 non
1259 5781 1331 5824 est
1350 5782 1443 5824 rust
1468 5770 1516 5823 in
1539 5771 1699 5837 malis,
1722 5773 1803 5827 ubt
1823 5756 2078 5853 premeris,

497 5832 578 5884 ubi
595 5832 812 5898 angustia
832 5842 917 5885 est.

1807 378 1846 431 Λ
1856 372 2169 431 υουδτιΝι
2211 372 2514 430 EPISCOPI

2162 484 2216 540 iu
2238 485 2480 556 laqueum
2509 492 2765 546 iucurras.
2799 494 2931 548 Audi
2954 493 3112 551 alium
3143 497 3402 566 psalmum
3429 502 3624 557 {Oculi
3651 508 3742 558 mei

2159 591 2356 644 semper
2381 578 2449 631 ad
2474 578 2766 635 Dominum.
2794 583 2859 638 Et
2879 586 3026 654 quasi
3048 587 3315 643 diceretur
3339 591 3410 645 illi
3439 609 3451 645 :
3474 593 3610 658 Quid
3636 599 3745 665 agis

2160 664 2228 719 de
2268 667 2487 735 pedibus
2510 672 2631 734 tuis,
2668 687 2787 727 cum
2828 690 2931 729 non
2954 687 3077 732 ante
3115 686 3166 733 te
3208 682 3469 736 attendis?
3498 682 3743 748 Quoniam

2160 757 2286 828 ipse,
2314 760 2512 831 inquit,
2536 764 2705 818 evellet
2751 764 2814 820 de
2842 767 3015 834 laqueo
3041 770 3192 839 pedes
3222 787 3355 827 meos
3381 770 3552 846 (Psol.
3585 791 3707 831 xxiv
3726 818 3742 841 .

2163 852 2270 907 itii.
2300 854 2589 919 (ib/innuba
2618 874 2767 923 super
2790 872 2837 913 te
2861 862 3032 917 oculos
3063 881 3216 919 meos.

2232 942 2303 996 2ft
2365 942 2382 1018 [
2411 962 2535 1000 vers.
2563 948 2643 1020 9.]
2682 948 2928 1005 Promisit
2958 951 3081 1009 buic
3104 964 3156 1009 et
3187 955 3509 1014 intellectum
3539 970 3593 1016 ct
3618 978 3747 1031 pro.

2161 1038 2443 1090 lectionem
2472 1054 2620 1092 suam
2645 1056 2658 1093 :
2704 1044 2964 1097 Convertit
2987 1058 3045 1097 so
3076 1045 3140 1099 ad
3169 1049 3426 1116 superbos
3450 1051 3747 1109 defenden-

2163 1137 2243 1180 tes
2273 1140 2481 1196 peccata
2509 1144 2625 1195 Stla,
2655 1138 2710 1187 et
2733 1134 2961 1187 ostendit
2991 1135 3144 1189 nobis
3169 1139 3294 1206 quid
3319 1141 3387 1194 sit
3419 1140 3742 1210 intellectus,

2164 1218 2339 1274 Nolite
2366 1238 2471 1275 esse
2492 1223 2619 1275 sicut
2650 1239 2805 1287 equus
2847 1235 2893 1279 et
2918 1229 3103 1292 multis,
3139 1229 3315 1298 quibus
3351 1248 3450 1286 non
3481 1244 3553 1287 est
3594 1235 3746 1289 intel-

2160 1309 2334 1365 lectus.
2367 1312 2543 1381 Equus
2566 1323 2618 1367 et
2647 1318 2819 1373 mulus
2855 1327 3029 1371 erecta
3060 1319 3265 1375 cervice
3302 1333 3444 1377 sunt.
3479 1324 3592 1378 Non
3623 1335 3749 1382 sunt

2159 1415 2328 1471 equus
2353 1413 2406 1457 et
2437 1405 2642 1466 mulus,
2675 1405 2812 1461 sicut
2841 1408 2928 1462 ille
2967 1407 3062 1464 bos
3086 1411 3176 1478 qui
3223 1414 3434 1480 agnovit
3475 1430 3749 1483 possesso-

2160 1508 2274 1548 rem
2300 1510 2451 1549 suum
2471 1532 2487 1560 ,
2516 1506 2571 1551 et
2591 1497 2775 1553 asimts
2800 1515 3039 1570 praesepe
3070 1502 3270 1557 domini
3301 1505 3554 1575 solusat.
3582 1525 3631 1572 ι,
3663 1510 3744 1580 ⁸5).

2162 1583 2337 1640 Nolite
2349 1602 2457 1641 esse
2469 1587 2595 1641 sicut
2610 1605 2764 1653 equus
2783 1599 2828 1644 et
2843 1593 3029 1655 mulus,
3046 1594 3223 1661 quibus
3239 1611 3337 1649 non
3354 1611 3423 1651 est
3444 1598 3743 1656 intellectus.

2159 1677 2297 1746 Quid
2324 1679 2463 1733 enim
2497 1681 2764 1748 patiuntur
2792 1684 2956 1737 tales?
2979 1682 3044 1737 In
3070 1689 3213 1756 freno
3242 1696 3289 1740 et
3321 1705 3464 1743 camo
3506 1691 3751 1748 maxillas

2158 1784 2329 1822 eorum
2354 1772 2667 1841 constringe,
2693 1772 2779 1841 qui
2802 1789 2905 1828 non
2927 1777 3334 1846 appropinquant
3360 1780 3431 1832 ad
3456 1789 3523 1835 te.
3564 1782 3751 1852 Equus

2159 1866 2214 1913 et
2233 1860 2407 1913 mulus
2434 1860 2511 1914 vis
2530 1876 2671 1928 esse,
2701 1863 2779 1918 vis
2799 1879 2901 1917 non
2920 1862 3122 1921 habere
3143 1881 3407 1923 sessorem
3428 1871 3452 1923 ζ’
3470 1871 3755 1927 (ὶοιιδῑι-ἰιιοη

2159 1959 2312 2020 getur
2331 1966 2391 2004 os
2412 1961 2557 2006 tuum
2579 1962 2633 2007 et
2658 1955 2881 2009 maxilla:
2906 1963 3008 2010 tua:
3035 1956 3086 2010 iu
3108 1957 3256 2012 freno
3281 1968 3334 2014 et
3359 1955 3513 2016 canto
3535 1979 3550 2017 :
3574 1963 3747 2033 ipsum

2160 2057 2221 2095 os
2249 2048 2392 2095 tuum
2420 2044 2829 2114 constringetur,
2856 2061 2962 2116 quo
2980 2046 3149 2115 jactas
3179 2050 3364 2104 merita
3392 2061 3499 2112 tua.
3524 2065 3575 2108 et
3604 2064 3750 2111 lares

2160 2144 2374 2203 peccata
2404 2144 2512 2189 tua.
2538 2134 2780 2193 Maxillas
2804 2155 2973 2193 eormn
2997 2143 3299 2214 constringe,
3320 2144 3407 2213 qui
3430 2161 3530 2200 non
3553 2162 3748 2218 appro-

2163 2229 2407 2296 pinquant
2433 2228 2502 2280 ad
2526 2238 2574 2282 te
2598 2228 2921 2286 humilianth
2947 2246 3026 2288 se.

2232 2316 2320 2373 25.
2364 2317 2531 2391 locis.
2568 2320 2680 2392 10.]
2722 2319 2887 2376 Multa
2929 2324 3135 2394 ﬂagella
3177 2328 3470 2396 peccatoris.
3523 2328 3639 2385 Non
3667 2337 3751 2389 est

2163 2407 2354 2461 mirum
2381 2409 2425 2461 si
2463 2408 2701 2475 adhibito
2746 2409 2895 2465 freno
2926 2423 3225 2483 sequuntur
3253 2417 3480 2487 ﬂagella.
3515 2419 3749 2476 ludenti.-

2165 2507 2275 2553 tum
2322 2499 2462 2554 enim
2509 2500 2702 2555 animal
2737 2517 2859 2558 esse
2899 2505 3163 2574 cupiebat,
3209 2506 3454 2564 domatur
3500 2509 3653 2569 freno
3697 2524 3752 2570 et

2162 2587 2409 2658 ﬂagello:
2456 2602 2614 2659 atque
2654 2592 2854 2647 utinam
2886 2594 3263 2663 perdomesur!
3314 2600 3614 2659 Vereudum
3671 2614 3754 2661 est

2163 2680 2305 2753 enim
2352 2696 2418 2735 ue
2461 2682 2681 2736 nimium
2730 2685 3049 2754 resistendo,
3099 2688 3412 2746 indomitum
3462 2695 3478 2726 ί
3524 2696 3752 2766 relinqui

2165 2785 2451 2841 mercatur,
2484 2786 2537 2830 et
2563 2778 2637 2832 ire
2668 2781 2719 2832 in
2747 2793 2897 2833 suam
2925 2796 3108 2852 vagam
3144 2782 3431 2846 licentiam.
3461 2795 3518 2841 ut
3544 2786 3754 2843 dicatur

2165 2866 2231 2922 de
2280 2867 2404 2922 illo:
2459 2867 2664 2923 Prodiet
2702 2881 2947 2943 tanquam
2997 2889 3059 2928 ea:
3100 2875 3253 2943 adipe
3295 2878 3532 2947 iniquitas
3576 2897 3753 2936 eorum

2167 2955 2335 3026 (Psal.
2366 2975 2505 3014 uxu
2526 3000 2542 3025 ,
2570 2961 2627 3031 7)
2654 2980 2665 3015 :
2695 2963 2830 3017 sicut
2854 2963 2921 3020 de
2949 2964 3070 3030 illis,
3101 2966 3292 3035 quibus
3320 2969 3479 3022 modo
3505 2981 3629 3025 sunt
3658 2972 3758 3027 im-

2167 3049 2344 3117 punita
2373 3061 2603 3119 peccata.
2636 3053 2773 3124 Ergo
2798 3069 2918 3108 cum
2944 3053 3274 3123 ﬂagellatur,
3306 3060 3621 3129 corrigatur,
3651 3063 3755 3118 do-

2166 3152 2367 3205 metur;
2413 3144 2535 3213 quia
2566 3153 2621 3201 et
2666 3147 2767 3203 iste
2808 3148 2885 3202 sic
2928 3164 2987 3204 se
3023 3150 3155 3205 dixit
3198 3152 3510 3208 edomitum.
3545 3153 3755 3222 Equum

2167 3241 2223 3288 et
2244 3235 2443 3289 mulum
2472 3251 2531 3291 se
2549 3236 2775 3299 dixerat.
2800 3230 3050 3310 quoniam
3077 3242 3239 3297 tacuit
3263 3261 3276 3298 :
3305 3244 3399 3300 sed
3421 3244 3558 3300 unde
3581 3245 3757 3302 domi-

2170 3334 2255 3380 tus
2279 3327 2398 3381 est?
2425 3326 2690 3398 Flagellis.
2722 3328 2998 3386 Conversus
3022 3350 3137 3388 sum
3156 3375 3171 3399 ,
3203 3335 3371 3405 inquit
3394 3377 3410 3400 ,
3442 3336 3495 3389 in
3524 3353 3757 3393 a'rumua

2167 3433 2298 3481 mea,
2324 3418 2445 3472 dum
2472 3420 2807 3491 conﬁgeretur
2834 3422 2998 3493 spina.
3030 3423 3152 3480 Sive
3180 3424 3388 3493 ﬂagella
3425 3426 3571 3481 dicas
3593 3469 3608 3493 ,
3641 3429 3759 3483 sive

2168 3508 2414 3564 stimulos
2458 3511 2624 3575 dicas,
2663 3511 2840 3589 domat
2888 3513 3026 3571 Deus
3055 3514 3354 3584 jumenlunt
3397 3517 3480 3572 cui
3521 3518 3755 3574 ithidet:

2169 3599 2289 3670 quia
2314 3599 2552 3669 iumento
2580 3602 2793 3671 expedit
2818 3613 2874 3656 ut
2903 3604 3213 3660 insideatur.
3238 3604 3361 3661 Non
3388 3607 3530 3665 enini
3548 3608 3758 3673 ..ἀρτηιὶ-

2167 3702 2318 3761 gntus
2346 3693 2484 3747 Deus
2506 3693 2829 3749 ambulando
2857 3695 3081 3766 pedibus
3100 3738 3114 3762 ,
3145 3697 3337 3752 insidet
3358 3698 3619 3766 iumento.
3653 3703 3760 3756 Aut

2167 3798 2297 3841 vero
2326 3798 2431 3838 non
2457 3784 2670 3854 plenum
2701 3786 2938 3857 mysterii
2966 3795 3068 3853 est,
3103 3788 3245 3857 quod
3275 3789 3471 3843 aSoIIus
3496 3791 3759 3847 adductus

2168 3886 2253 3932 est
2296 3877 2521 3932 Domino
2559 3877 2770 3949 (Matth.
2805 3894 2927 3945 XXI,
2957 3880 3046 3950 7)?
3077 3881 3307 3950 Populus
3336 3883 3476 3937 mitis
3516 3893 3570 3939 et
3601 3900 3759 3940 uran-

2170 3977 2349 4023 suetus
2390 3980 2608 4039 portans
2638 3969 2773 4024 bene
2803 3970 3080 4025 Dominum
3100 4014 3115 4036 ,
3142 3975 3339 4029 asellus
3376 3984 3568 4040 csl,~ut
3590 3978 3761 4033 tendit

2170 4061 2221 4116 in
2250 4060 2563 4116 Jerusalem.
2595 4061 2788 4133 Diriget
2816 4064 2947 4117 enim
2976 4066 3120 4119 mites
3144 4068 3197 4119 in
3213 4068 3441 4137 judicio,
3471 4069 3607 4124 sicut
3628 4071 3763 4125 dicit

2170 4153 2305 4207 alius
2346 4152 2618 4221 psalmus,
2671 4154 2863 4208 docebit
2907 4169 3193 4211 mansuetos
3237 4159 3343 4213 vias
3395 4177 3517 4214 suas
3562 4161 3757 4230 (Psal.

2170 4258 2320 4307 xxiv,
2350 4243 2430 4310 9).
2459 4244 2605 4311 Quos
2632 4245 2984 4300 mansuetos?
3015 4246 3131 4300 Non
3175 4250 3444 4320 erigentes
3491 4254 3760 4307 cervican

2169 4332 2423 4388 adversus
2448 4334 2761 4391 domitorem
2806 4353 2982 4405 suum,
3029 4339 3290 4407 patientes
3333 4343 3537 4412 ﬂagella
3565 4352 3618 4397 et
3648 4343 3758 4398 free

2172 4439 2298 4479 num
2322 4440 2336 4487 ;
2372 4435 2548 4493 postea
2579 4426 2656 4480 sic
2681 4426 2886 4489 domiti,
2922 4437 2979 4482 ut
3006 4430 3122 4486 siue
3150 4431 3355 4501 ﬂagello
3388 4434 3684 4497 ambulent,
3707 4444 3761 4491 et

2171 4517 2287 4572 sine
2312 4517 2467 4572 freno
2492 4528 2546 4573 et
2573 4533 2726 4573 canto
2752 4521 2887 4573 viam
2918 4532 3150 4576 teneant.
3177 4523 3233 4578 Si
3259 4527 3494 4578 carueris
3524 4526 3625 4581 isto
3646 4542 3763 4582 ses-
3852 4552 3857 4557 ·

2172 4623 2314 4675 sure,
2365 4619 2419 4664 tu
2463 4609 2642 4673 cades,
2675 4627 2777 4665 Illlﬂ
2820 4612 2930 4667 ille.
2971 4611 3141 4666 Multa
3187 4616 3391 4685 ﬂagella
3440 4621 3759 4686 peccaturis:

2170 4710 2452 4769 sperantem
2475 4709 2642 4754 autem
2685 4702 2740 4756 its
2773 4700 2992 4756 Domino
3021 4704 3362 4758 misericordia
3405 4707 3760 4763 circumdabit.

2172 4791 2450 4858 Quomodo
2475 4802 2557 4846 est
2585 4793 2843 4864 refugium
2872 4811 2901 4849 a
2933 4798 3220 4865 pressura?
3244 4800 3413 4865 Quem
3446 4801 3615 4868 primo
3654 4807 3761 4856 cir-

2173 4884 2387 4941 cumdat
2439 4901 2681 4953 pressura
2712 4928 2726 4948 ,
2777 4897 2959 4956 postea
3002 4890 3296 4945 circumdat
3348 4892 3755 4949 misericordia:

2174 4977 2420 5047 quoniam
2450 4978 2860 5032 misericordiam
2882 4980 3027 5034 dabit
3051 5022 3065 5047 ,
3098 4983 3187 5051 qui
3218 4983 3389 5054 legem
3413 4984 3555 5039 dedit
3587 4985 3760 5056 (Psal.

2176 5085 2368 5124 Lxxxm
2390 5111 2404 5133 ,
2431 5070 2486 5141 8)
2512 5084 2526 5133 ;
2556 5071 2722 5139 legem
2747 5071 2797 5125 in
2823 5070 3047 5142 ﬂagellis
3070 5115 3082 5137 ,
3113 5074 3529 5131 misericordiam
3560 5077 3610 5132 in
3631 5093 3666 5133 c
3689 5099 3766 5129 m-

2175 5159 2542 5214 solatiouilms.
2569 5161 2871 5231 Sperantem
2899 5172 3067 5216 autem
3093 5165 3147 5218 in
3172 5163 3392 5222 Domino
3420 5169 3764 5224 misericordia

2176 5252 2309 5304 circa
2317 5251 2523 5305 ntdabit.
3414 5294 3417 5295 ν
3756 5290 3761 5295 —

2246 5343 2336 5397 24.
2379 5341 2549 5415 [vers.
2595 5342 2708 5415 11.]
2750 5344 2886 5413 Ergo
2919 5345 3045 5414 quid
3088 5347 3458 5405 concluditur?
3492 5350 3765 5405 Lartamiui

2177 5434 2229 5488 in
2259 5433 2492 5499 Domino,
2524 5443 2568 5486 et
2594 5436 2836 5491 exsultate
2853 5436 3004 5505 justi.
3031 5435 3076 5491 Ο
3099 5439 3185 5506 qui
3218 5439 3466 5496 Ianamiui
3496 5443 3546 5496 in
3576 5444 3761 5498 vobis!

2178 5539 2212 5578 ο
2241 5523 2425 5594 impii,
2452 5523 2724 5590 osuperbi
2745 5566 2759 5586 ,
2790 5526 2876 5594 qui
2910 5525 3160 5581 laatamini
3194 5528 3246 5582 in
3282 5531 3466 5584 vobis:
3495 5533 3604 5600 iam
3641 5548 3764 5587 ere-

2180 5612 2367 5673 dentes
2398 5616 2448 5669 in
2479 5630 2599 5671 eum
2624 5617 2712 5685 qui
2750 5616 3005 5686 justiﬂcat
3034 5620 3252 5690 impium
3273 5663 3288 5686 ,
3320 5621 3604 5691 deputetur
3635 5627 3765 5679 lides

2180 5719 2356 5764 vestra
2384 5707 2449 5761 ad
2469 5708 2725 5777 justitiam
2748 5708 2926 5779 (Rom.
2958 5726 3028 5777 tv,
3058 5712 3134 5781 5).
3167 5711 3432 5768 Lcetmuiui
3453 5717 3502 5770 in
3528 5715 3764 5781 Domino;

2246 5845 2260 5875 ί
2283 5847 2334 5891 ιιι
2355 5838 2516 5890 multis
2543 5847 2667 5902 uss,
2689 5839 2956 5893 resislcndo
2976 5840 3215 5895 donatori.

3406 5957 3457 5966 ...ρ
