4032 6496
246 437 355 501 ξπ,

244 572 290 616 (ι
329 558 577 615 crs-illata
609 557 758 630 justi.
806 555 870 612 Et
899 556 1168 622 exsultatc,
1210 556 1461 635 subaudi,
1491 559 1543 612 in
1592 556 1834 611 Omnino.

242 653 462 719 Quare?
490 652 626 720 Quia
661 651 772 720 jant
812 650 961 718 juttli.
993 648 1144 706 Unde
1177 649 1344 716 justi?
1366 648 1481 704 Non
1514 648 1717 703 meritis
1754 662 1840 702 vc-

241 744 369 798 ιιι-ἲς
390 784 407 807 ,
433 742 530 797 sed
556 742 724 811 gratia
747 740 907 795 illius.
939 738 1089 796 Unde
1113 740 1282 808 justi?
1309 739 1438 807 Quia
1459 738 1754 809 justilie..ti.

312 835 404 890 εδ.
452 834 518 888 Et
546 832 838 906 gloriamini
861 849 1032 895 omnes
1060 828 1181 885 mu
1204 832 1372 885 corde.
1402 832 1537 897 Quid
1568 841 1649 886 t‘Sl
1668 873 1682 891 ,
1725 831 1845 885 recti

238 928 392 981 corde
408 927 436 981 ?
460 926 576 981 Non
608 926 919 982 resistentes
943 925 1071 987 Deo.
1098 923 1333 979 Iutendat
1359 924 1604 978 Charitas
1628 924 1840 990 Vestra,

238 1028 295 1073 et
335 1018 621 1087 intelligitc
651 1024 854 1072 rectum
898 1030 1011 1069 cor.
1061 1015 1302 1069 Breviter
1336 1014 1479 1079 dico,
1521 1015 1614 1069 sed
1664 1022 1841 1068 tamen

241 1109 478 1166 maxime
516 1108 1031 1164 commendandum:
1068 1106 1177 1160 Deo
1218 1115 1394 1160 autem
1438 1104 1669 1174 gratias,
1698 1105 1840 1173 quod

244 1199 295 1256 in
338 1200 444 1255 line
468 1208 574 1267 est,
622 1199 881 1254 inluureat
925 1199 1170 1255 sensibus
1220 1196 1431 1251 vestris.
1469 1195 1611 1250 Inter
1636 1205 1840 1251 rectum

240 1306 357 1353 cor,
386 1300 442 1346 et
471 1307 694 1358 pravum
721 1305 813 1344 cor
834 1289 935 1344 ltoc
960 1289 1213 1343 interest:
1241 1287 1479 1358 quisquis
1506 1287 1665 1341 botuo
1690 1286 1843 1356 quid-

239 1385 367 1456 quid
413 1384 612 1453 patitur
642 1393 834 1451 pra-ter
861 1382 1188 1436 voluntatem
1213 1421 1229 1446 ,
1259 1379 1574 1441 afﬂictiones
1597 1422 1611 1445 ,
1640 1395 1840 1435 aluero-

243 1492 349 1539 res,
380 1477 615 1540 labores,
647 1474 1071 1538 ltutniliationes,
1106 1487 1208 1527 non
1245 1471 1423 1526 tribuit
1452 1471 1552 1526 nisi
1584 1470 1840 1526 voluntati

242 1573 335 1628 Dei
374 1572 558 1641 justas,
609 1585 714 1625 non
761 1569 832 1623 illi
879 1568 1015 1623 dans
1055 1567 1446 1636 insipientiam,
1501 1563 1641 1635 quod
1688 1564 1839 1634 quasi

242 1664 445 1719 nesciat
472 1661 598 1732 quid
625 1668 764 1731 agat.
792 1659 915 1729 quia
941 1659 1096 1713 tale-in
1124 1656 1351 1727 ﬂagellat
1371 1700 1386 1718 ,
1415 1664 1468 1712 ct
1494 1656 1686 1712 talibus
1713 1671 1839 1726 par-

240 1754 312 1808 cit
330 1734 489 1824 ;ipse
512 1761 595 1807 est
616 1761 793 1806 rectus
816 1749 976 1804 corde
1001 1766 1014 1801 :
1046 1749 1279 1818 perversi
1307 1756 1484 1802 autem
1508 1746 1671 1803 corde
1691 1755 1835 1814 sunt,

184 1836 191 1841 ’
241 1855 295 1900 ει
326 1845 476 1914 pravi
506 1853 562 1900 et
588 1842 826 1906 distorti,
860 1841 948 1911 qui
991 1841 1169 1895 omnia
1216 1856 1333 1906 qua:
1360 1842 1630 1909 patiuntur
1660 1839 1793 1892 mala
1819 1880 1834 1902 ,

243 1939 423 2005 inique
467 1951 528 1991 se
572 1936 677 2005 pati
730 1934 934 1998 dicunt,
984 1933 1171 1987 dantes
1215 1932 1291 1986 illi
1344 1932 1695 2001 iniquitatem,
1743 1946 1839 2000 per

241 2028 395 2097 cujus
431 2028 757 2081 voluntatem
799 2024 1099 2094 patiuntur;
1128 2035 1220 2078 aut
1246 2024 1366 2092 quia
1408 2038 1511 2078 non
1550 2024 1601 2078 ei
1639 2022 1840 2077 audent

241 2119 373 2173 dare
414 2117 768 2187 iniquitatem,
815 2114 1060 2170 auferunt
1104 2115 1151 2170 ei
1194 2113 1653 2184 gubernationem.
1703 2113 1837 2181 Quia

242 2211 593 2281 ipse;iuqnit,
618 2225 722 2265 non
741 2218 911 2278 potest
941 2208 1112 2262 facere
1128 2206 1384 2275 iniquum.
1408 2204 1641 2275 iniquum
1658 2212 1835 2259 autem

240 2312 323 2357 est
345 2312 402 2355 ut
422 2316 523 2371 ego
552 2300 740 2370 patiar,
761 2308 814 2354 et
840 2298 929 2353 ille
953 2312 1057 2352 non
1075 2297 1329 2367 patiatur;
1352 2295 1587 2350 concedo
1609 2295 1749 2350 enim
1780 2303 1838 2351 ut

242 2397 343 2451 sim
369 2402 618 2466 peccator
635 2435 651 2459 ,
676 2399 823 2447 certe
849 2398 972 2446 sunt
999 2389 1208 2460 pejores
1236 2389 1323 2460 qui
1353 2389 1598 2443 liniantur
1615 2430 1629 2452 ,
1657 2396 1711 2443 et
1738 2403 1837 2458 ego

244 2487 476 2543 tribulor
495 2504 510 2541 :
531 2484 655 2555 quia
674 2497 804 2554 ergo
830 2482 932 2538 hoc
968 2482 1203 2552 iniquum
1228 2490 1330 2546 est,
1359 2488 1416 2534 ut
1441 2481 1598 2534 etiam
1630 2479 1837 2548 pejores

242 2596 333 2635 me
357 2580 627 2641 leuentur,
653 2585 708 2632 et
739 2590 839 2647 ego
868 2575 1107 2639 tribuler,
1141 2574 1229 2645 qui
1257 2582 1348 2627 aut
1383 2572 1588 2642 justus,
1617 2580 1708 2625 aut
1733 2572 1836 2626 mi—

243 2684 348 2723 nus
377 2676 627 2738 peccator
653 2682 811 2736 quam
841 2665 913 2719 illi
940 2680 1080 2730 sum,
1110 2673 1165 2720 ct
1202 2673 1407 2718 certum
1446 2672 1529 2717 est
1570 2661 1708 2733 apud
1752 2676 1839 2716 me

245 2764 349 2817 hoc
377 2776 497 2816 esse
528 2761 780 2830 iujustum
801 2800 815 2822 ,
845 2768 898 2812 et
918 2767 1122 2812 certum
1151 2764 1232 2811 est
1269 2756 1406 2825 apud
1433 2770 1518 2810 me
1545 2755 1665 2824 quia
1698 2754 1839 2808 Deus

234 2854 511 2913 ruon'l'aeit
538 2853 793 2923 injustam
812 2860 834 2917 ‘;
867 2851 1004 2905 Deus
1034 2865 1139 2904 non
1160 2848 1418 2919 gubernat
1442 2863 1528 2903 res
1558 2847 1835 2912 humanas,

244 2962 347 3001 nec
375 2961 502 3001 cura
532 2954 615 3001 est
654 2945 726 3000 illi
758 2945 828 3000 de
865 2944 1037 2998 nobis.
1069 2943 1208 3012 Ergo
1233 2942 1381 3011 pravi
1421 2941 1603 3005 corde,
1652 2940 1702 2994 id
1755 2949 1841 2995 est

244 3038 458 3094 distorti
489 3036 674 3102 corde,
714 3043 821 3090 tres
861 3034 1057 3089 habent
1097 3033 1408 3087 sententias.
1442 3033 1575 3096 Aut,‘
1605 3031 1725 3086 Non
1756 3039 1839 3086 est

245 3129 427 3196 Deus:
456 3129 594 3184 dixit
622 3129 763 3183 enim
795 3127 987 3182 stultus
1015 3126 1068 3180 in
1102 3125 1263 3181 corde
1291 3141 1409 3189 suo,
1436 3124 1550 3179 Non
1591 3133 1674 3180 est
1702 3125 1839 3181 Deus

247 3219 424 3293 (Psal.
468 3218 705 3290 xnt,i).
759 3218 826 3273 Et
872 3218 967 3272 fuit
1012 3216 1320 3277 dictumde
1362 3216 1560 3271 diluvio
1608 3215 1699 3270 illo
1719 3214 1835 3289 (o):

245 3320 356 3365 non
392 3308 563 3363 defuit
589 3309 709 3371 talis
745 3307 984 3362 doctrina
1016 3306 1472 3376 philosophorum,
1516 3322 1620 3361 non
1657 3306 1840 3362 delue-

246 3411 381 3458 runt
422 3401 517 3472 qui
562 3401 804 3457 dicerent
848 3415 950 3454 non
1003 3414 1138 3455 esse.
1178 3396 1383 3464 Deum,
1437 3398 1528 3467 qui
1580 3399 1841 3469 gubernat

247 3495 427 3552 omnia
438 3503 503 3550 et
522 3492 761 3549 condidit
774 3492 972 3553 omnia;
986 3490 1079 3545 sed
1092 3505 1211 3545 esse
1229 3492 1422 3544 multos
1442 3491 1573 3546 deos
1592 3500 1840 3547 vacantes

250 3587 352 3642 sibi
380 3594 577 3655 prmter
599 3583 875 3648 mundum,
898 3596 1003 3638 non
1021 3589 1265 3636 curantes
1289 3581 1409 3636 ista.
1439 3580 1699 3651 Ergoant,
1724 3582 1838 3635 Non

251 3688 333 3737 est
362 3681 539 3734 Deus:
571 3678 676 3734 hoc
700 3676 831 3732 dicit
855 3675 1068 3745 impius,
1098 3675 1180 3728 cui
1209 3672 1450 3743 displicet
1482 3672 1732 3742 quidquid
1765 3673 1839 3727 illi

250 3771 438 3828 accidit
469 3779 666 3840 praeter
692 3768 1039 3832 voluntatem,
1068 3775 1124 3821 et
1150 3766 1305 3820 alteri
1326 3779 1431 3820 non
1459 3765 1651 3820 accidit
1670 3765 1755 3820 cui
1782 3780 1841 3822 se

251 3863 516 3933 pmponit
540 3878 553 3910 :
585 3868 694 3925 aut,
725 3857 957 3929 lujustns
986 3858 1123 3912 Deus
1142 3865 1245 3923 est,
1274 3842 1488 3911 cui‘ista
1521 3857 1758 3925 placent,
1787 3865 1843 3912 et

250 3956 339 4023 qui
368 3954 483 4009 bare
512 3950 637 4008 facit
660 3970 675 4005 :
702 3960 793 4006 aut
811 3994 825 4017 ,
854 3950 970 4006 Non
994 3951 1257 4021 gubernat
1284 3951 1424 4005 Deus
1447 3965 1535 4005 res
1561 3951 1838 4020 humanas,

251 4057 353 4099 nec
374 4058 501 4098 cura
523 4052 607 4098 est
630 4041 713 4097 illi
727 4042 794 4096 de
817 4042 1064 4096 omnibus
1095 4041 1133 4093 ί.
1156 4040 1217 4095 ln
1243 4041 1358 4095 istis
1378 4041 1545 4096 tribus
1564 4045 1842 4099 sententiis

252 4150 445 4206 magna
490 4135 758 4203 impietas,
802 4142 890 4187 aut
938 4130 1132 4202 negare
1175 4133 1359 4198 Deum,
1397 4140 1489 4187 aut
1528 4133 1708 4190 dicere
1760 4136 1843 4190 in-

251 4226 474 4298 iustum,
502 4234 597 4280 aut
622 4225 834 4281 auferre
862 4225 935 4279 illi
959 4223 1396 4296 gubernationem
1428 4240 1626 4281 rerum.
1667 4227 1844 4294 Quare

255 4320 397 4374 hoc?
420 4319 558 4388 Quia
585 4319 855 4374 distortus
895 4328 978 4373 est
1020 4316 1209 4374 co'rde.’
1248 4317 1446 4373 Rectus
1488 4328 1571 4373 est
1601 4305 1759 4387 Deus,
1790 4329 1844 4376 et

254 4411 377 4479 ideo
402 4410 689 4466 distortum
719 4424 815 4464 cor
838 4410 858 4441 ’
888 4409 962 4464 illi
992 4424 1097 4463 non
1131 4400 1436 4480 acquiescit.
1469 4400 1621 4478 Quod
1644 4398 1712 4464 ‘in
1738 4413 1844 4467 alio

258 4503 466 4572 psalmo
492 4511 599 4569 est,
632 4500 811 4569 Quam
830 4501 989 4556 bonus
1004 4498 1154 4554 TDeus
1180 4498 1369 4565 Israel,
1397 4503 1545 4555 rectis
1568 4501 1757 4558 corde!
1779 4504 1845 4559 Et

254 4595 376 4663 quia
402 4594 566 4649 talem
598 4591 828 4648 habebat
847 4592 961 4662 ipse
984 4591 1266 4661 aliquando
1290 4592 1606 4647 sententiam
1633 4591 1843 4658 ’,οιτο-

254 4686 411 4740 modo
436 4686 582 4740 scivit
607 4683 767 4750 Deus,
795 4693 883 4737 aut
906 4684 950 4737 si
974 4693 1046 4737 est
1073 4682 1281 4737 scientia
1298 4682 1562 4737 ‘Altissimo
1579 4684 1607 4737 1’
1631 4684 1750 4739 ideo
1773 4682 1844 4740 ibi

253 4776 484 4845 subjecit
510 4792 525 4830 :
556 4773 661 4829 Mei
680 4785 849 4828 autem
868 4759 996 4846 pene
1018 4775 1141 4827 moti
1161 4783 1278 4827 sunt
1299 4774 1450 4845 pedes
1470 4773 1641 4848 (Psal.
1675 4791 1840 4844 Lxxu,

254 4869 313 4937 Ι,
346 4869 435 4935 ll,
462 4866 543 4937 2).
570 4865 850 4934 Quomodo
887 4866 1166 4921 distortum
1194 4866 1432 4936 lignum,
1471 4867 1570 4920 etsi
1598 4882 1764 4937 ponas
1792 4869 1842 4922 in

254 4960 559 5028 pavitnento
583 4956 792 5026 aequali,
825 4956 1272 5018 noncollbcatur,
1292 4944 1401 5009 non
1423 4948 1841 5027 compaginatur,

255 5065 357 5105 nec
392 5049 722 5120 adjungitnr,
751 5063 963 5118 semper
1004 5047 1232 5117 agitatur
1258 5050 1530 5113 'et'nutat;
1572 5065 1679 5104 non
1723 5053 1842 5121 quia

254 5141 519 5211 ina-quale
539 5148 626 5195 est
646 5140 733 5194 ubi
761 5139 1001 5210 posuisti,
1028 5137 1123 5192 sed
1152 5139 1274 5208 quia
1295 5138 1573 5193 distortum
1598 5140 1843 5210 estquod

564 5230 636 5284 ita
680 5238 734 5284 et
777 5244 873 5283 cor
911 5238 1058 5283 tuum
1104 5228 1354 5298 quamdiu
1401 5243 1616 5298 pravum
1665 5240 1747 5285 est
1791 5239 1845 5285 ct

251 5322 558 5387 distortum,
584 5336 688 5375 non
715 5328 890 5391 potest
914 5320 1172 5375 colliniari
1201 5321 1499 5376 rectitudini
1525 5321 1635 5384 Dei,
1662 5329 1713 5376 et
1735 5336 1841 5376 non

253 5424 430 5487 potest
481 5414 535 5468 in
583 5411 676 5468 illo
709 5411 960 5468 collocari
1007 5420 1063 5467 ut
1107 5408 1304 5465 luerent
1332 5402 1448 5477 illi,
1492 5423 1546 5467 et
1585 5412 1667 5466 ttat
1695 5409 1715 5443 ⁵
1743 5411 1843 5478 Qui

316 5569 331 5599 ί
358 5569 507 5623 vatio.
524 5574 630 5628 Its,
653 5566 715 5619 de
730 5563 1012 5619 horninibus.

314 5630 336 5700 ξ
358 5636 464 5700 ttss.
491 5627 841 5700 omittunttcor
862 5642 879 5679 :
899 5636 961 5700 et_
970 5627 1198 5700 plerique
1215 5628 1415 5700 habent,
1440 5627 1642 5700 distorto
1655 5628 1744 5680 illi.

317 5692 431 5762 {sic
472 5700 578 5741 uss.
632 5699 688 5741 At
730 5691 872 5752 add,
913 5689 1176 5754 aliquando
1228 5689 1291 5740 de
1345 5703 1405 5740 se.
1443 5689 1733 5743 sententiam.
1765 5690 1837 5742 iu-

514 5821 561 5865 et
580 5811 665 5876 ﬁat
691 5820 888 5867 rectum.
919 5814 1078 5875 Abest,
1103 5820 1302 5874 rectum,
1326 5820 1462 5865 ante:

316 5876 391 5940 (ει)
415 5887 585 5939 supra,
611 5889 656 5924 ιι.
690 5877 763 5924 18.

1378 434 1775 494 manante
1814 435 1876 489 IN
1920 395 2253 491 natura
2279 438 2467 493 χχχι.

3426 444 3531 502 274

1947 556 2173 612 adliwret
2206 557 2444 624 Domino,
2474 577 2602 616 unus
2628 563 2833 632 spiritus
2855 574 2928 618 est
2958 564 2994 637 (l
3018 565 3134 621 Cor.
3167 583 3240 632 vi,
3278 568 3382 637 l7).
3411 567 3535 624 Ideo

1947 648 2067 702 recti
2091 649 2242 703 corde
2263 650 2553 720 gloriamini
2579 652 2732 709 dixit.
2760 656 3036 722 Quomodo
3069 658 3196 712 recti
3226 658 3388 713 corde
3411 660 3528 728 glo-

1947 739 2187 794 riantur?
2221 742 2412 797 Audite
2460 743 2830 814 gloriationem
2881 746 2961 813 ips
2985 763 3149 800 trum:
3202 746 3322 801 Non
3365 749 3529 805 solum

1945 842 2132 895 autem,
2158 832 2285 888 dicit
2310 836 2616 904 Apostolus,
2642 836 2731 890 sed
2755 846 2803 890 et
2821 837 3098 906 gloriantur
3121 838 3170 890 in
3193 839 3533 894 tribulationi»

1946 920 2055 977 bus.
2083 922 2214 977 Nam
2244 940 2347 979 non
2370 936 2718 995 estmagnum
2743 926 2956 996 gloriari
2986 927 3038 982 in
3065 927 3286 998 gaudiis,
3311 928 3530 999 gloriari

1947 1015 1998 1070 in
2027 1017 2220 1072 laetitiis
2246 1036 2259 1074 :
2292 1028 2467 1077 rectus
2490 1014 2652 1075 corde
2683 1023 2841 1076 etiam
2875 1021 2927 1075 in
2960 1020 3300 1105 tribulatione
3326 1021 3527 1093 gloria-

1946 1117 2049 1164 tur.
2084 1110 2147 1164 Et
2187 1111 2309 1166 andi
2337 1111 2604 1181 quomodo
2626 1113 2882 1183 gloriatur
2908 1114 2957 1167 in
2996 1113 3371 1181 tribulatione;
3402 1116 3528 1185 quia

1946 1215 2050 1255 non
2081 1200 2270 1256 frustra
2310 1203 2619 1273 quisquam,
2658 1219 2763 1258 non
2795 1220 3158 1272 supervacue:
3191 1204 3309 1262 vide
3325 1214 3528 1262 rectum

1944 1306 2058 1354 cor,
2093 1292 2337 1358 Scientes,
2369 1294 2566 1364 inquit,
2596 1295 2717 1363 quia
2743 1295 2998 1350 tribulatio
3028 1297 3323 1363 patientiam
3348 1312 3529 1367 apera-

1944 1390 2046 1443 tur,
2076 1384 2314 1454 patientia
2342 1398 2509 1437 autem
2545 1386 2904 1454 probationem,
2953 1386 3182 1458 probatio
3209 1403 3323 1442 vero
3338 1402 3481 1456 spent
3509 1428 3526 1453 ,

1944 1490 2057 1545 spes
2084 1486 2246 1528 autent
2275 1493 2373 1530 non
2405 1476 2687 1549 confundit,
2717 1478 2835 1547 quia
2860 1478 3082 1533 Charitas
3116 1477 3208 1534 Dei
3235 1478 3426 1547 ili/fusa
3455 1488 3531 1534 est

1942 1566 1994 1620 iu
2022 1566 2254 1620 cordibus
2281 1568 2465 1644 nostris
2506 1586 2594 1638 per
2622 1567 2870 1640 Spiritum
2908 1580 3138 1625 sanctum
3166 1571 3252 1640 qui
3281 1570 3431 1626 datus
3456 1578 3531 1626 est

1944 1657 2085 1712 nobis
2108 1657 2280 1732 (Rom.
2304 1676 2365 1723 v,
2389 1660 2528 1731 ὗσε).

2011 1749 2102 1804 26.
2143 1750 2229 1805 Sic
2256 1760 2365 1807 ,est‘
2388 1766 2516 1819 ergo
2555 1759 2757 1807 rectum
2783 1767 2877 1807 cor
2897 1794 2912 1816 ,
2945 1751 3153 1807 fratres.
3185 1753 3518 1824 Cuicumque

1942 1842 2136 1914 aliquid
2174 1842 2386 1909 accidit,
2415 1843 2558 1898 dicat
2585 1864 2596 1899 :
2644 1845 2898 1899 Dominus
2923 1845 3088 1911 dedit,
3112 1846 3366 1900 Dominus
3403 1846 3529 1900 abs¢

1944 1934 2081 1987 tulit.
2117 1934 2254 1989 Ecce
2296 1942 2498 1989 rectum
2532 1950 2626 1989 cor
2671 1952 2685 1989 :
2726 1934 2875 1991 Sicut
2916 1936 3143 1990 Domino
3189 1936 3401 2004 placuit,
3450 1937 3525 1989 ita

1943 2023 2136 2079 factum
2184 2031 2268 2078 est
2310 2040 2324 2078 :
2365 2024 2434 2079 sit
2484 2040 2678 2081 nomen
2726 2026 2930 2080 Domini
2988 2025 3328 2080 benedictum
3376 2024 3524 2098 (Job

1942 2132 1987 2181 t,
2033 2115 2141 2188 2|).
2198 2116 2329 2185 Quis
2376 2116 2631 2171 abstuEit?
2678 2117 2800 2186 quid
2849 2117 3099 2172 abstulit?
3140 2117 3223 2171 cui
3268 2117 3526 2170 abstulit?

1941 2207 2152 2278 quando
2209 2206 2469 2263 abstulit?
2527 2208 2605 2263 Sit
2649 2224 2842 2262 nomen
2901 2207 3109 2262 Domini
3166 2207 3526 2262 benedictum.

1932 2300 2011 2356 Et
2063 2317 2165 2356 non
2217 2301 2393 2365 dixit,
2453 2301 2706 2356 Dominus
2757 2299 2937 2366 dedit,
2990 2298 3238 2354 diabolus
3290 2299 3526 2354 abstulit.

1943 2392 2335 2462 lntendatergo
2365 2390 2611 2447 Charitas
2636 2390 2848 2456 Vestra,
2882 2406 2947 2444 ne
2978 2388 3112 2445 forte
3141 2389 3370 2444 dicatis:
3405 2388 3530 2444 llzec

1941 2483 2072 2540 mihi
2098 2483 2342 2539 diabolus
2366 2481 2511 2538 fecit.
2544 2482 2774 2537 Prorsus
2798 2482 2864 2535 ad
2892 2481 3058 2537 Deum
3089 2486 3235 2536 tuum
3264 2477 3404 2535 refer
3429 2478 3528 2533 ﬂa-

1941 2577 2137 2647 gellum
2165 2584 2333 2641 tuum,
2357 2575 2479 2645 quia
2503 2589 2601 2631 nec
2625 2574 2871 2629 diabolus
2903 2574 2997 2628 tibi
3025 2573 3226 2639 aliquid
3254 2572 3396 2639 facit,
3424 2572 3528 2627 nisi

1942 2668 2034 2724 ille
2078 2668 2346 2737 permittat
2383 2666 2474 2736 qui
2500 2666 2730 2736 desuper
2752 2665 2914 2720 habet
2941 2670 3298 2735 potestatem,
3343 2672 3435 2719 aut
3461 2664 3532 2719 ad

1941 2774 2177 2830 poenam,
2205 2768 2295 2814 aut
2319 2758 2386 2813 ad
2410 2758 2744 2826 disciplinam
2776 2776 2788 2810 :
2817 2757 2883 2813 ad
2915 2772 3124 2828 plenam
3147 2758 3315 2824 impii,
3348 2757 3414 2812 ad
3441 2757 3529 2812 di-

1941 2849 2218 2919 sciplinam
2252 2848 2364 2903 filii.
2410 2847 2665 2919 Flagellat
2705 2859 2883 2903 autem
2914 2854 3129 2903 omnem
3175 2847 3337 2901 lilium
3365 2862 3527 2918 quem

1944 2939 2131 3009 recipit
2161 2937 2316 3011 (Heb.
2346 2954 2443 3005 xu,
2475 2937 2551 3009 6).
2575 2937 2685 2993 Nec
2713 2949 2763 2993 te
2786 2938 2902 2992 sine
2933 2938 3145 3006 ﬂagello
3172 2953 3357 3010 speres
3385 2936 3493 2992 futn
3512 2969 3528 2980 -

1942 3047 2080 3098 rum,
2114 3030 2213 3086 nisi
2249 3033 2383 3086 [orte
2409 3032 2612 3101 cogitas
2639 3029 2990 3085 exha‘redari.
3039 3027 3526 3100 Flagellatomuem

1943 3123 2107 3179 tilium
2147 3138 2307 3195 quem
2359 3124 2566 3193 recipit.
2610 3123 2755 3178 Itane
2792 3120 3045 3177 omnem?
3083 3120 3185 3178 Ubi
3231 3130 3281 3175 te
3311 3120 3530 3177 volebas

1942 3215 2306 3271 abscondere?
2337 3214 2561 3270 Omnem
2591 3232 2605 3270 :
2637 3223 2692 3270 et
2718 3213 2896 3268 nullus
2916 3220 3191 3283 exceptus,
3219 3213 3394 3268 nullus
3415 3213 3533 3267 sine

1943 3306 2154 3377 ﬂagello
2198 3307 2318 3362 erit.
2366 3306 2543 3374 Quid?
2585 3304 2652 3360 ad
2695 3305 2951 3361 omnem?
3008 3304 3097 3360 Vis
3138 3304 3325 3360 audire
3370 3319 3529 3375 quam

1944 3397 2196 3452 ommm?
2228 3398 2399 3453 Etiam
2429 3397 2622 3453 Unicus
2646 3397 2763 3452 sine
2793 3404 3029 3466 peccato,
3058 3411 3163 3451 non
3205 3405 3383 3451 tamen
3411 3395 3530 3450 sine

1944 3492 2171 3563 ﬂagello.
2196 3491 2349 3548 Unde
2376 3493 2489 3562 ipse
2513 3491 2712 3548 Unicus
2730 3490 2945 3559 pertans
2967 3486 3331 3545 inﬁrmitatem
3361 3500 3528 3553 tuam,

1944 3591 2000 3639 et
2030 3582 2369 3653 pra-ﬁgurans
2397 3583 2450 3637 in
2479 3597 2538 3637 se
2574 3596 2857 3652 personam
2890 3590 3031 3636 tuam
3050 3621 3067 3649 ,
3098 3589 3346 3651 tanquam
3371 3589 3532 3650 caput

1943 3686 2160 3745 gestans
2185 3689 2463 3745 personam
2489 3674 2648 3729 etiam
2677 3672 2917 3744 corporis
2953 3674 3055 3738 sui,
3087 3689 3208 3729 cum
3239 3658 3532 3744 appropin-

1945 3776 2134 3839 quaret
2157 3767 2406 3836 passioui,
2435 3783 2506 3822 ex.
2526 3766 2742 3823 bomine
2763 3781 2919 3836 quem
2945 3765 3166 3836 gerebat
3181 3765 3531 3821 contriSIatus

1946 3868 2047 3923 est,
2078 3866 2135 3912 ut
2165 3868 2215 3913 te
2241 3856 2568 3922 laetiﬁcaret;
2599 3857 2945 3913 contristatae
2968 3866 3081 3924 est,
3109 3866 3162 3911 ul
3196 3867 3249 3914 te
3282 3858 3532 3931 consola-

1947 3956 2112 4004 retur.
2147 3948 2323 4003 Potuit
2346 3948 2487 4003 enim
2512 3950 2693 4018 utique
2718 3948 2834 4004 sine
2865 3942 3077 4003 tristitia
3106 3961 3227 4004 esse
3251 3948 3529 4012 Dominus,

1946 4043 2117 4098 iturus
2134 4042 2201 4096 ad
2226 4042 2548 4112 passionem.
2577 4042 2632 4099 Si
2673 4043 2845 4114 potuit
2888 4043 3061 4107 miles,
3097 4058 3206 4099 non
3232 4044 3399 4114 potuit
3429 4045 3533 4098 im-

1946 4133 2198 4205 perator?
2216 4134 2502 4203 Quomodo
2523 4136 2692 4206 potuit
2714 4138 2865 4191 miles
2880 4136 2918 4191 ’ἓν
2941 4124 3170 4191 Attende
3191 4136 3409 4191 Paulum
3435 4152 3534 4192 cx-

1945 4229 2253 4293 sultautem,
2282 4229 2724 4299 propinquantem
2754 4228 2983 4298 passioni
3016 4245 3030 4281 :
3064 4227 3176 4299 Ego
3202 4237 3370 4283 autem
3388 4230 3529 4299 jam,

1947 4320 2137 4389 inquit,
2158 4318 2412 4387 immolor,
2439 4329 2489 4373 et
2513 4328 2710 4389 tempus
2737 4319 3054 4373 resolutionis
3084 4334 3206 4374 inec
3223 4319 3398 4372 instat.
3421 4316 3531 4372 Bo-

1946 4427 2070 4464 num
2093 4419 2342 4464 certamen
2368 4409 2573 4477 certaoi,
2606 4425 2811 4463 cursum
2852 4409 3212 4474 consummavi,
3246 4410 3399 4483 ﬁdem
3427 4419 3538 4464 scr-

1947 4503 2058 4556 mi
2074 4518 2093 4556 :
2116 4500 2180 4556 ds
2200 4512 2377 4556 caetero
2401 4511 2626 4569 superest
2643 4501 2767 4554 mihi
2785 4517 2969 4555 corona
2979 4501 3214 4573 justitiar,
3240 4517 3389 4570 quam
3410 4501 3536 4557 mihi

1947 4593 2199 4649 Dominus
2214 4593 2384 4647 reddat
2400 4594 2449 4647 in
2466 4593 2557 4647 illa
2573 4593 2654 4647 die
2658 4593 2830 4665 justus
2837 4592 3020 4664 iudex.
3047 4592 3168 4647 Non
3184 4593 3347 4649 solum
3365 4605 3536 4651 autent

1949 4684 2092 4744 mihi.
2117 4682 2203 4738 sed
2220 4692 2263 4736 et
2283 4684 2511 4737 omnibus
2534 4685 2617 4755 qui
2644 4684 2859 4756 diligunt
2885 4682 3150 4738 adventum
3172 4685 3281 4756 ejus
3310 4684 3374 4758 (ll
3400 4684 3534 4741 Tim.

1950 4793 2021 4845 tv,
2049 4780 2082 4832 6
2113 4777 2190 4846 8).
2230 4777 2414 4832 Videte
2435 4770 2878 4849 quemadmodum
2900 4777 3158 4844 exsultat,
3190 4788 3443 4836 venturus
3467 4779 3537 4836 ad

1949 4870 2287 4941 passionem.-
2324 4868 2463 4939 Ergo
2503 4868 2697 4940 gaudet
2738 4868 3074 4922 coronandus
3125 4886 3138 4922 :
3194 4870 3539 4926 contristatur

1948 4969 2317 5016 coronatnrns.
2355 4959 2492 5028 Quid
2532 4960 2688 5029 igitur
2713 4957 2989 5028 portabat?
3012 4958 3373 5017 Inﬁrmitatem
3399 4976 3535 5031 quo-

1950 5055 2216 5120 rumdam,
2252 5054 2344 5125 qui
2386 5053 2630 5108 veniente
2658 5052 3000 5109 tribulatione
3031 5053 3110 5109 vel
3138 5067 3311 5113 morte
3338 5056 3537 5111 contri-

1950 5154 2177 5199 stantur.
2212 5144 2317 5199 Sed
2342 5143 2458 5199 vide
2482 5143 2753 5214 quomodo
2775 5158 2870 5199 eos
2889 5143 3035 5201 ducit
3065 5136 3119 5200 in
3145 5146 3490 5203 directionem
3515 5148 3535 5180 ⁸

1949 5237 2144 5291 cordis.
2175 5236 2311 5290 Ecce
2341 5243 2395 5290 tu
2436 5226 2652 5290 volebas
2677 5221 3023 5303 vivere,'non
3053 5238 3268 5293 volebas
3308 5239 3402 5295 tibi
3434 5236 3536 5293 sli-

1948 5328 2073 5399 quid
2104 5326 2377 5390 accidere;
2402 5325 2495 5382 sed
2519 5327 2661 5382 Deus
2689 5327 2834 5383 aliud
2860 5323 3028 5385 voluit
3052 5347 3065 5383 :
3094 5328 3215 5384 dum
3234 5329 3536 5384 voluntates

1949 5430 2072 5479 sunt
2095 5436 2110 5485 ;
2138 5418 2233 5474 sed
2262 5417 2507 5471 voluntas
2531 5425 2617 5472 tua
2642 5420 2938 5490 corrigatur
2964 5418 3029 5474 ad
3054 5416 3381 5473 voluntatem
3412 5417 3531 5485 Dei,

1951 5526 2054 5564 non
2085 5509 2328 5563 voluntas
2367 5508 2462 5562 Dei
2496 5508 2882 5581 detorquentur
2926 5509 2993 5565 ad
3038 5521 3200 5564 tttam.
3242 5509 3407 5563 Prava
3452 5516 3537 5563 est

1947 5602 2087 5656 enim
2117 5609 2226 5666 tua,
2254 5600 2431 5670 regula
2460 5608 2541 5654 est
2569 5600 2653 5654 illa
2680 5618 2693 5652 :
2720 5609 2823 5656 stet
2852 5601 3050 5670 regula,
3076 5610 3129 5654 nt
3150 5598 3290 5670 quod
3315 5613 3533 5668 pravum

1946 5704 2049 5761 est,
2080 5692 2148 5747 ad
2176 5691 2414 5762 regulam
2441 5692 2754 5763 corrigatur.
2789 5689 2977 5748 Videte
3003 5688 3270 5761 quomodo
3307 5688 3410 5746 boc
3438 5689 3538 5746 do-

2016 5876 2031 5907 ί
2057 5873 2220 5924 I‘lurcs
2242 5878 2370 5934 διες»,
2394 5872 2671 5924 directione.
